4144 6438
500 374 561 428 9|

580 502 688 547 rate
714 493 888 547 sectati
916 503 1050 555 sum.
1080 492 1144 545 Et
1173 495 1305 563 quod
1335 496 1377 549 si
1403 511 1573 566 segnes
1604 496 1868 565 fuerimus,
1901 496 2094 549 nullam

582 585 964 647 excusationem
982 586 1200 647 habituri
1219 587 1397 640 simus.

584 695 638 748 l.
669 692 793 748 Scio
836 708 922 750 me
961 695 1325 764 superioribus
1364 695 1552 751 diebus
1591 706 1824 752 mentem
1869 706 2099 753 vestram

508 784 943 845 prntnndioribus
998 787 1277 842 sententiis
1323 788 1627 843 exercuisse
1656 805 1668 841 :
1695 802 1812 842 eam
1868 788 1938 842 ob
1984 804 2098 844 rem

513 872 669 928 hodie
698 875 909 930 animus
951 883 1036 930 est
1075 875 1369 933 faciliorem
1396 875 1418 907 ‘
1452 891 1751 948 proponere
1779 876 2099 934 doctrinam.

509 962 642 1019 Nam
674 967 811 1020 sicut
838 980 1034 1036 corpus
1053 966 1261 1040 jejunio
1284 980 1610 1026 maceratum
1632 1012 1646 1033 ,
1680 969 1934 1025 nonnulla
1960 969 2102 1025 indi-

507 1063 599 1124 get
646 1054 1069 1124 refocillatione,
1114 1066 1175 1113 ut
1214 1074 1427 1116 rursum
1473 1059 1672 1130 ingenti
1716 1059 1993 1116 alacritate
2035 1060 2103 1119 ad

512 1145 763 1202 ferendos
799 1145 987 1217 jejunii
1031 1147 1242 1205 labores
1282 1149 1469 1206 redeat
1497 1168 1510 1204 :
1538 1150 1611 1204 ita
1639 1159 1695 1205 et
1721 1150 1897 1205 anima
1928 1160 2105 1207 vestra

512 1236 830 1295 remissione
850 1238 1052 1312 indiget
1071 1249 1128 1296 et
1155 1241 1352 1311 quiete.
1402 1241 1584 1315 Neque
1607 1241 1751 1297 enim
1776 1255 1994 1312 semper
2019 1242 2105 1298 in-

514 1328 734 1386 tendere
752 1371 767 1397 ,
809 1346 984 1401 neque
1009 1347 1224 1404 semper
1248 1336 1523 1391 remittere
1546 1342 1792 1406 oportet;
1839 1334 1935 1392 sed
1964 1351 2106 1393 nunc

513 1419 618 1477 hoc
638 1460 656 1487 ,
688 1438 832 1479 nunc
859 1424 989 1480 illud
1033 1425 1376 1494 faciendum;
1423 1436 1482 1487 et
1510 1430 1590 1483 sic
1614 1427 1884 1499 regendus
1912 1428 2107 1485 animo:

510 1521 704 1581 status,
732 1523 787 1571 et
810 1516 1076 1574 domanda
1101 1519 1279 1575 carnis
1309 1521 1620 1590 petulantia.
1646 1520 1779 1576 Nam
1805 1521 1944 1577 sicut
1967 1535 2107 1577 sem-

516 1621 616 1676 per
641 1606 904 1671 intentum
930 1623 1050 1665 esse
1078 1610 1349 1667 laboribus
1369 1652 1383 1677 ,
1416 1612 1469 1668 id
1511 1612 1726 1668 taedium
1753 1612 1908 1669 affert
1933 1622 1989 1669 et
2010 1614 2107 1671 dc-

516 1696 671 1766 jieit:
702 1698 773 1753 ita
818 1707 1077 1769 perpetuo
1120 1702 1428 1768 remittere,
1475 1702 1542 1757 ad
1572 1703 1837 1775 ignaviam
1882 1704 2104 1769 inducit.

518 1787 573 1841 ld
604 1796 660 1843 et
687 1788 741 1843 in
768 1789 946 1845 anima
975 1798 1031 1846 et
1059 1791 1113 1847 in
1142 1808 1370 1863 corpore
1401 1810 1497 1850 usu
1542 1795 1728 1851 venire
1770 1795 1951 1851 videre
1991 1797 2110 1867 quis

1217 381 1274 437 S.
1316 380 1594 439 JOANNIS
1632 378 2109 438 CIIRYSOSTOMI
2139 383 2460 455 ARCIIIEP.
2487 389 3018 450 CDNSTANTINOP.

514 1893 713 1953 potest.
741 1887 1029 1958 Propterea
1056 1888 1246 1945 modus
1266 1890 1461 1960 ubique
1487 1890 1660 1949 bonus
1685 1900 1785 1947 est.
1818 1891 1970 1959 Quod
2012 1907 2110 1947 nos
2150 1922 2156 1928 ι

518 1976 886 2033 universorum
918 1979 1058 2034 Deus
1086 1981 1243 2036 docet
1281 1982 1441 2037 etiam
1484 1997 1582 2052 per
1624 1992 1930 2046 creaturas,
1979 1999 2110 2053 quas

514 2066 581 2121 ad
611 2069 777 2124 nostri
805 2072 1243 2127 constitutionem
1285 2072 1556 2144 produxit.
1604 2075 1780 2145 Atque
1808 2082 1867 2130 ut
1895 2073 1998 2131 hoc
2026 2077 2110 2131 in-

516 2158 786 2229 telligatis,
813 2159 881 2215 de
901 2160 989 2216 die
1011 2176 1075 2217 ac
1102 2172 1282 2229 nocte,
1304 2163 1405 2219 hoc
1429 2164 1592 2221 estde
1615 2165 1735 2220 luce
1763 2179 1827 2220 ac
1849 2166 2108 2236 tenebris,

515 2265 821 2313 sermonem
869 2255 1228 2311 instituamus.
1283 2255 1726 2328 Quandoquidem
1778 2258 1923 2313 enim
1966 2258 2111 2315 diem

517 2343 823 2417 segregavit
867 2344 920 2399 in
964 2359 1101 2415 opus
1148 2346 1396 2403 humana:
1446 2356 1689 2413 naturae,
1737 2356 1793 2405 et
1819 2358 2030 2405 noctem
2059 2350 2111 2404 in

516 2436 759 2507 requiem
795 2446 850 2493 et
891 2440 1264 2498 remissionem
1302 2441 1541 2498 laborum
1562 2485 1577 2510 ,
1617 2458 1899 2501 mensuras
1923 2453 1977 2500 et
2006 2453 2113 2501 ter—

520 2529 695 2584 minos
721 2531 959 2602 utrisque
984 2533 1249 2602 praefixit,
1284 2534 1424 2589 unde
1454 2535 1607 2591 nobis
1632 2536 1883 2592 omnibus
1910 2536 2114 2594 benefi-

520 2619 603 2672 cia
646 2620 890 2690 qumdam
937 2625 1302 2693 provenirent.
1354 2625 1485 2681 Nam
1532 2626 1675 2698 quod
1724 2628 1851 2695 lux,
1903 2629 2112 2685 diurna:

519 2713 847 2782 operationis
870 2715 941 2771 sit
968 2724 1212 2788 tempus,
1263 2717 1388 2775 audi
1418 2719 1585 2775 David
1610 2720 1877 2778 dicentem
1908 2738 1922 2776 :
1952 2721 2115 2793 Egre-

519 2802 688 2857 dietur
715 2804 865 2859 hante
900 2807 969 2860 ad
997 2824 1124 2879 Opus
1152 2825 1302 2863 suum
1325 2850 1341 2876 ,
1393 2820 1443 2865 et
1481 2810 1549 2864 ad
1589 2812 1931 2881 operationem
1967 2829 2113 2867 suam

522 2910 678 2965 usque
717 2897 785 2951 ad
822 2912 1079 2969 vesperam
1108 2899 1280 2971 (Psat.
1312 2900 1435 2956 103.
1467 2901 1584 2973 2'5).
1644 2902 1714 2958 Et
1741 2903 1879 2959 bene
1915 2903 2109 2974 inquit,

527 2983 698 3057 Usque
732 2988 800 3045 ad
826 3004 1082 3059 vesperam
1116 3009 1129 3044 :
1160 3008 1280 3046 nam
1324 2994 1604 3064 ingruente
1639 2988 2109 3059 Vespereluxabs-

518 3076 703 3137 cedit,
780 3088 835 3134 et
876 3081 1227 3137 succedentes
1258 3084 1494 3139 tenebrae
1538 3085 1824 3141 humanam
1869 3094 2112 3142 naturam

518 3168 770 3238 sopiunt,
798 3180 853 3226 et
877 3185 1073 3243 corpus
1099 3174 1241 3244 quod
1266 3174 1635 3245 laboraverat,
1664 3178 1827 3249 quieti
1873 3178 2110 3247 tradunt,

519 3273 712 3315 sensus
757 3276 947 3319 omnes
993 3265 1305 3332 remittunt,
1355 3276 1411 3323 ct
1457 3270 1609 3338 quasi
1662 3271 1839 3327 nutrix
1888 3272 2110 3342 Optima,

520 3365 772 3409 sensuum
798 3356 1013 3427 organis
1033 3359 1281 3416 omnibus
1305 3361 1537 3431 quietem
1564 3377 1596 3417 a
1625 3362 1893 3421 laboribus
1928 3365 2115 3436 fatiga-

514 3444 862 3518 tionibusque
908 3450 1231 3507 concedunt.
1280 3451 1415 3511 Cum
1463 3470 1592 3509 vero
1636 3470 1884 3513 mensura
1938 3459 2113 3512 noctis

522 3535 745 3605 impleta
772 3537 965 3606 fuerit,
994 3543 1431 3613 appropinquans
1467 3545 1600 3601 lucis
1627 3546 1893 3603 adventus
1915 3548 2116 3604 excitat

521 3635 577 3680 et
609 3627 660 3681 id
682 3629 791 3698 agit
816 3637 874 3687 ut
902 3632 1141 3700 vigentes
1170 3633 1462 3705 refectique
1481 3651 1672 3693 sensus
1701 3639 1909 3694 solares
1935 3638 2114 3701 radios

522 3716 751 3783 adeant,
782 3728 837 3773 et
864 3731 923 3775 ut
951 3722 1113 3777 homo
1138 3739 1274 3781 nova
1304 3726 1531 3797 quadam
1576 3738 1631 3783 et
1668 3728 1894 3785 ferventi
1925 3731 2117 3786 alacri-

520 3816 633 3867 tate
659 3811 930 3867 consuetis
959 3814 1208 3882 operibus
1233 3828 1449 3872 manum
1471 3817 1772 3877 admoveat.
1801 3821 1931 3877 illud
1952 3823 2113 3879 etiam

521 3900 579 3956 in
617 3905 739 3957 anni
770 3905 1213 3961 conversionibus
1244 3906 1358 3963 fieri
1383 3909 1672 3967 cernimus.
1705 3912 1945 3969 Hiemem
1970 3915 2112 3969 enim

521 3994 722 4066 excipit
751 4011 846 4053 ver
868 4039 883 4064 ,
924 4007 979 4055 et
1002 4011 1206 4056 exacta:
1234 4003 1406 4059 aestati
1436 4006 1675 4061 succedit
1699 4018 1986 4064 autumnus
2015 4028 2029 4065 :
2056 4018 2116 4064 ut

519 4100 617 4157 per
653 4088 1074 4149 vicissitudinem
1123 4102 1422 4167 temporum
1450 4106 1505 4153 et
1546 4101 1731 4155 mutati
1778 4102 1919 4157 aeris
1959 4103 2114 4173 quie-

521 4188 675 4234 scant
697 4195 922 4251 corpora
965 4194 1182 4251 nostra,
1229 4203 1403 4260 neque
1427 4189 1625 4260 frigore
1656 4192 1877 4249 nimium
1916 4209 2114 4265 conge—

520 4270 629 4326 lata
654 4284 1083 4344 corrumpantur,
1112 4293 1288 4349 neque
1308 4282 1503 4338 caloris
1525 4284 1861 4342 vehementia
1885 4288 2111 4345 nimium

410 4348 420 4361 ’
520 4360 777 4450 calefacta
806 4364 1166 4422 dissolvantur
1196 4348 1213 4424 ξ
1239 4378 1294 4425 et
1324 4380 1381 4426 ut
1420 4373 1488 4427 ad
1534 4374 1634 4430 hoc
1676 4392 1774 4431 nos
1818 4389 2108 4450 praeparet,

524 4449 689 4508 hiemi
714 4456 988 4525 praemittit
1015 4467 1329 4519 autumnum
1351 4501 1369 4530 ,
1414 4471 1470 4519 et
1505 4468 1677 4522 testati
1708 4449 1833 4523 ver.
1874 4449 2028 4538 Quod
2065 4472 2111 4527 si

525 4544 645 4615 quis
684 4546 978 4617 prudenter
1020 4550 1137 4608 hate
1166 4555 1345 4610 omnia
1375 4570 1557 4616 secum
1584 4561 1929 4631 expenderit,
1962 4565 2113 4621 inve-

520 4636 632 4692 niet
660 4637 714 4694 in
736 4641 986 4698 omnibus
1005 4646 1264 4702 creaturis
1288 4648 1528 4706 ordinem
1557 4660 1613 4705 et
1636 4654 1897 4710 rationem
1924 4673 2111 4729 quam-

515 4728 675 4798 dam,
720 4739 777 4787 et
804 4733 932 4789 nihil
968 4743 1170 4794 temere
1191 4745 1246 4793 et
1269 4738 1470 4813 absque
1497 4744 1703 4801 ratione
1729 4745 1945 4803 factum.
1995 4749 2110 4806 lloc

516 4831 575 4877 et
594 4821 652 4879 iu
674 4825 988 4892 seminibus,
1017 4844 1136 4899 qua:
1160 4846 1225 4895 ex
1249 4839 1388 4888 terra
1418 4846 1736 4905 nascuntur,
1778 4840 1895 4909 quis
1922 4841 2109 4907 videre

520 4922 716 4984 potest.
769 4915 955 4987 Neque
1004 4921 1146 4975 enim
1195 4924 1373 4980 omnia
1425 4926 1616 4989 eodem
1662 4936 1900 4999 tempore
1950 4933 2107 5001 tellus

518 5004 741 5075 profert,
775 5024 947 5081 neque
980 5026 1137 5073 omrne
1166 5020 1375 5085 tempus
1404 5016 1472 5077 ad
1492 5020 1783 5079 excolenda
1812 5031 1966 5078 terrae
1986 5039 2109 5096 ger-

518 5097 662 5153 mina
714 5099 966 5157 idoneum
1016 5112 1125 5169 est;
1185 5105 1281 5162 sed
1334 5109 1485 5169 novit
1532 5112 1764 5185 agricola
1812 5129 2106 5186 congruum

524 5196 735 5261 tempus
760 5234 776 5260 ,
802 5193 947 5263 quod
981 5210 1073 5265 per
1101 5198 1413 5269 sapientiam
1440 5202 1541 5258 sibi
1568 5218 1599 5256 a
1630 5204 1739 5260 Deo
1766 5204 1944 5262 datam
1973 5209 2109 5273 didi-

516 5279 623 5341 cit,
670 5286 883 5352 quando
938 5304 1130 5361 nempe
1177 5293 1496 5361 serendum.
1550 5298 1762 5367 quando
1808 5300 2107 5369 plantanda:

519 5371 775 5438 arbores,
822 5382 1036 5448 quando
1071 5383 1206 5441 vites
1248 5394 1406 5443 terra:
1451 5387 1655 5444 sinibus
1694 5391 2103 5463 concredendzn,

518 5464 734 5556 quando
763 5468 829 5522 ad
873 5486 1103 5531 messem
1133 5480 1387 5535 acuenda
1426 5482 1588 5538 falces
1613 5524 1628 5550 ,
1671 5486 1887 5556 quando
1916 5485 2108 5545 decer-

520 5553 678 5647 pcndi
710 5556 983 5613 vinearum
1017 5563 1217 5622 fructus
1242 5610 1258 5635 ,
1288 5579 1343 5624 et
1386 5571 1523 5628 botri
1570 5553 1821 5631 demendi
1842 5618 1857 5642 ,
1890 5578 2105 5647 quando

518 5653 572 5696 et
601 5645 860 5737 olivarum
903 5652 1075 5708 bacca:
1119 5660 1447 5730 colligeudm.
1490 5666 1557 5721 Et
1585 5668 1861 5737 invenies,
1902 5645 1945 5725 si
1990 5670 2106 5727 hare

523 5736 701 5789 omnia
733 5736 1013 5832 diligenter
1037 5746 1269 5804 volneris
1299 5752 1566 5825 inquirere
1586 5801 1600 5826 ,
1630 5774 1817 5830 magna
1844 5762 2104 5832 sapientia

582 5827 604 5860 ⁸
636 5825 839 5886 (itidem
863 5839 985 5899 διεδ..
1012 5836 1288 5890 elatiorem.

2153 5637 2165 5681 ί

3732 398 3803 459 9ὶ

2213 503 2372 556 etiam
2412 505 2672 573 agricolas
2719 521 2840 563 esse
2880 508 3151 578 prmditos.
3202 508 3318 566 Jam
3369 527 3477 571 non
3526 515 3699 581 solum
3746 533 3797 574 tu

2210 601 2351 651 terra
2392 595 2494 649 hoc
2519 596 2701 652 videre
2733 598 2891 665 licet,
2922 599 3017 655 sed
3044 602 3205 658 etiam
3250 606 3302 656 ln
3330 604 3488 659 mari.
3543 605 3683 662 Ecce
3715 607 3804 662 hic

2210 683 2367 738 aliam
2412 686 2778 743 admirabilem
2822 691 3135 763 sapientiam
3180 704 3428 763 spectare
3468 708 3640 765 potes.
3686 696 3804 763 Scit

2209 774 2351 829 enim
2384 778 2665 835 nauclerus
2693 780 2906 852 quando
2931 782 3245 839 deducenda
3272 786 3342 840 sit
3370 786 3521 843 navis
3542 830 3557 852 ,
3585 789 3803 857 quando

2208 882 2236 920 a
2261 878 2417 938 portu
2445 869 2776 936 solvendum,
2802 871 3016 942 quando
3046 875 3365 939 transeunda
3389 878 3555 941 maria
3580 894 3595 943 ;
3624 881 3799 934 maxi-

2212 974 2404 1029 meque
2456 959 2507 1015 in
2556 962 2731 1018 nautis
2780 963 3201 1034 deprehenditur
3247 966 3590 1036 intellectus,
3639 986 3801 1043 quem

2209 1049 2388 1115 divina
2417 1052 2673 1123 sapientia
2702 1053 2946 1113 humana:
2977 1066 3179 1113 natura:
3207 1057 3416 1113 indidit.
3443 1059 3629 1130 Neque
3654 1061 3801 1116 enim

2210 1143 2299 1213 qui
2342 1159 2439 1214 per
2464 1145 2577 1201 vias
2607 1145 2846 1215 publicas
2874 1158 3119 1215 currunt,
3154 1151 3222 1204 ita
3250 1149 3565 1221 diverticula
3602 1154 3803 1217 Sciunt.

2211 1246 2269 1291 ut
2298 1237 2333 1291 ii
2362 1238 2450 1307 qui
2480 1238 2532 1293 in
2559 1238 2711 1308 aquis
2733 1248 2937 1295 certum
2965 1241 3067 1297 iter
3096 1241 3314 1297 faciunt.
3367 1242 3591 1315 Propter
3620 1245 3722 1301 hoc
3748 1254 3810 1305 et

2210 1326 2483 1399 Scriptum
2514 1329 2902 1401 obstupesccns
2947 1333 3273 1395 eminentem
3317 1334 3632 1407 sapientiam
3680 1336 3805 1411 Dei,

2212 1420 2344 1481 dicit
2376 1440 2388 1474 :
2424 1423 2521 1490 Qui
2545 1422 2681 1481 dedit
2706 1424 2759 1479 in
2790 1425 2919 1479 mari
2964 1425 3095 1483 uiam
3117 1468 3133 1491 ,
3179 1435 3228 1481 et
3265 1426 3318 1480 in
3359 1443 3491 1496 aqua
3530 1426 3805 1487 uehementi

2214 1515 2443 1575 smitam
2470 1515 2623 1587 (Sap.
2654 1516 2741 1572 l4.
2773 1514 2849 1590 5).
2900 1516 3030 1584 Qua:
3058 1516 3289 1576 humana
3317 1517 3454 1575 ratio
3484 1527 3660 1593 potest
3686 1519 3804 1577 haec

2214 1608 2578 1679 pernoscere?
2632 1608 2888 1665 Eamdem
2938 1610 3201 1667 rationem
3252 1611 3487 1666 inveniet
3540 1611 3805 1683 quispiam

2216 1699 2376 1759 etiam
2422 1699 2473 1755 in
2501 1700 2637 1756 cibis
2660 1714 2792 1769 quos
2830 1702 3110 1761 sumimus.
3143 1701 3274 1757 Nam
3296 1703 3521 1774 singulis
3546 1703 3806 1777 tempori-

2215 1792 2315 1847 bus
2341 1801 2395 1848 et
2421 1794 2543 1851 anni
2591 1795 2831 1863 partibus
2860 1795 3006 1850 varia
3032 1804 3088 1851 et
3114 1795 3326 1852 diversa
3368 1797 3520 1853 nobis
3547 1798 3803 1854 alimenta

2219 1880 2479 1938 Duminus
2534 1885 2755 1956 largitur
2799 1904 2812 1941 :
2863 1895 3005 1942 terra
3055 1889 3199 1943 enim
3250 1889 3401 1959 quasi
3449 1888 3649 1959 optima
3701 1904 3808 1945 nu-

2216 1976 2321 2030 trix
2348 1976 2489 2033 dona
2509 1991 2606 2033 sua
2636 1978 2790 2033 nobis
2817 1978 3055 2051 profert,
3088 1990 3355 2051 princepto
3383 1979 3652 2039 Creatoris
3692 1995 3811 2045 ser-

2221 2068 2392 2124 vietis.

2287 2158 2341 2213 2.
2371 2158 2570 2216 Verum
2597 2176 2667 2218 ne
2702 2162 2960 2233 prolixius
2991 2176 3293 2219 sermonem
3320 2162 3604 2217 extendam
3624 2203 3641 2223 .
3680 2161 3812 2229 lice-

2218 2250 2294 2306 bit
2318 2253 2467 2309 vobis
2506 2269 2603 2325 pro
2631 2262 2807 2310 vestra
2838 2255 3117 2327 prudentia
3150 2271 3435 2314 recensere
3462 2256 3566 2310 alia
3602 2256 3808 2325 omnia.

2219 2343 2300 2398 Da
2326 2345 2466 2399 enim
2492 2387 2507 2411 ,
2554 2346 2760 2416 inquit,
2802 2346 3019 2417 sapienti
3049 2347 3361 2401 occasionem
3385 2388 3400 2415 ,
3442 2356 3489 2399 et
3531 2347 3811 2418 sapientior

2219 2439 2310 2491 erit
2354 2435 2536 2505 (Prov.
2566 2438 2619 2495 9.
2650 2438 2729 2510 9).
2785 2437 2969 2508 Neque
3017 2440 3070 2493 in
3114 2437 3312 2493 nostris
3358 2437 3635 2506 dumtaxat
3672 2438 3811 2493 cibis

2221 2528 2321 2583 hoc
2350 2528 2529 2584 videre
2554 2538 2676 2596 est,
2723 2528 2818 2585 sed
2847 2538 2901 2584 et
2940 2530 2992 2584 in
3024 2530 3090 2585 iis
3114 2544 3234 2599 qua:
3261 2530 3536 2584 brutorum
3564 2537 3706 2585 sunt.
3745 2526 3811 2583 Et

2219 2620 2480 2688 poteritis,
2507 2621 2551 2675 si
2574 2621 2753 2687 vultis,
2785 2621 2946 2676 etiam
2974 2622 3025 2677 in
3054 2621 3234 2676 multis
3260 2621 3381 2675 aliis
3410 2621 3682 2692 inquirere
3704 2662 3720 2687 ,
3754 2629 3811 2674 et

2217 2713 2494 2769 addiscere
2530 2714 2719 2785 optimi
2764 2715 2988 2771 artificis
3016 2714 3109 2771 Dei
3139 2714 3461 2770 ineffabilem
3492 2715 3809 2784 sapientiam

2217 2819 2271 2864 et
2297 2808 2620 2863 eminentem
2651 2808 2945 2865 bonitatem
2966 2850 2981 2874 ,
3009 2806 3281 2880 quomodo
3302 2816 3565 2869 creatura:
3585 2807 3815 2878 singulm

2221 2901 2429 2957 ratione
2452 2900 2679 2971 quadam
2710 2900 2941 2956 conditae
2959 2898 3067 2955 sint
3100 2900 3140 2954 ¹.
3168 2898 3424 2956 Similiter
3439 2899 3598 2972 igitur
3620 2901 3678 2953 et
3707 2897 3815 2955 hu-

2212 2991 2300 3061 jus
2329 3006 2495 3047 sacrm
2525 2991 2957 3064 Quadragesimae
2988 3001 3231 3062 tempore
3259 2993 3607 3049 constitutum
3654 2993 3817 3050 nobis

2217 3083 2568 3139 inveniemus.
2598 3082 2731 3139 Nam
2760 3083 3205 3153 quemadmodum
3238 3085 3289 3139 in
3314 3085 3414 3140 viis
3438 3085 3664 3156 publicis
3683 3097 3819 3142 sunt
3918 3158 3921 3161 ν

2217 3177 2476 3232 stationes
2521 3184 2576 3231 et
2612 3175 2963 3243 diverticula,
3014 3177 3067 3232 in
3106 3176 3300 3248 quibus
3346 3175 3473 3232 fessi
3502 3177 3817 3235 viatoresct

2218 3267 2484 3337 respirant
2520 3276 2575 3323 et
2612 3268 2913 3339 quiescunt,
2966 3276 3028 3323 ut
3071 3278 3256 3341 postea
3301 3269 3403 3324 iter
3454 3284 3607 3325 suum
3639 3271 3819 3327 contis-

2218 3359 2365 3414 ciant
2393 3376 2405 3412 :
2432 3366 2487 3413 et
2516 3359 2655 3415 sicut
2682 3360 2733 3414 iu
2767 3359 2904 3417 mari
2932 3359 3108 3415 littora
3136 3370 3295 3427 sunt,
3324 3369 3378 3415 et
3405 3370 3624 3432 portus,
3653 3371 3713 3416 ut
3739 3361 3820 3419 ibi

2218 3458 2395 3503 nauta:
2433 3459 2713 3520 postquam
2750 3450 2948 3506 multos
2980 3448 3175 3505 fluctus
3202 3453 3565 3522 trajecerunt,
3598 3460 3653 3507 et
3681 3467 3819 3507 ven-

2219 3549 2397 3595 turum
2424 3540 2642 3610 impetui
2670 3542 3004 3609 restiterunt,
3035 3543 3295 3613 tantisper
3318 3545 3614 3614 quiescant,
3649 3553 3706 3599 ct
3732 3544 3819 3600 sic

2220 3632 2413 3688 iterum
2442 3633 2695 3703 navigare
2726 3633 2982 3703 incipiant
3008 3650 3022 3689 :
3052 3634 3123 3689 ita
3149 3645 3204 3690 et
3223 3650 3364 3691 nunc
3392 3636 3459 3697 iis
3477 3637 3566 3707 qui
3593 3636 3643 3691 in
3670 3636 3818 3704 Qua-

2219 3723 2518 3795 dragesima
2545 3724 2731 3795 jejunii
2755 3740 2970 3782 cursum
3002 3742 3288 3798 suscepere
3313 3771 3327 3794 ,
3368 3731 3519 3799 quasi
3549 3730 3817 3788 stationes

2219 3822 2275 3869 et
2294 3813 2589 3871 diversoria
2614 3856 2628 3881 ,
2655 3824 2710 3872 et
2737 3817 2916 3872 littora
2946 3826 2999 3874 et
3022 3827 3226 3888 portus,
3257 3820 3422 3875 hosce
3448 3819 3584 3877 duos
3607 3821 3817 3878 hebdo-

2218 3904 2391 3961 madas
2414 3905 2527 3963 dies
2548 3906 2628 3978 (a)
2661 3908 2920 3964 Dominus
2948 3909 3181 3980 quietem
3227 3909 3447 3981 largitus
3492 3922 3607 3980 est,
3652 3922 3709 3969 ut
3756 3922 3817 3970 et

2218 3997 2431 4067 corpori
2453 3998 2836 4070 aliquantulum
2872 4000 3061 4070 jejunii
3092 4002 3327 4057 laborem
3356 4004 3688 4060 remittentes
3709 4047 3724 4072 ,
3755 4016 3818 4061 et

2217 4089 2450 4145 animam
2482 4100 2809 4159 recreantes,
2849 4093 3053 4148 exactis
3082 4093 3291 4150 duobus
3338 4094 3443 4149 illis
3483 4094 3707 4161 diebus,
3752 4098 3814 4154 in

2218 4179 2445 4252 pulchre
2485 4193 2663 4253 coepto
2699 4182 2891 4239 itinere
2933 4184 3181 4239 alacriter
3224 4194 3449 4257 pergant
3478 4187 3511 4241 ii
3538 4187 3628 4257 qui
3674 4185 3815 4244 illud

2217 4283 2587 4345 susceperunt.
2634 4275 2747 4347 Age
2774 4275 2935 4347 igitur
2958 4318 2975 4344 ,
3001 4277 3123 4353 quia
3147 4276 3305 4332 hodie
3343 4278 3673 4334 remissionis
3691 4280 3819 4336 dies

2215 4375 2338 4435 est,
2377 4367 2776 4425 obsecrabimus
2804 4378 3035 4425 vestram
3061 4371 3361 4438 caritatem,
3390 4382 3449 4426 ut
3473 4388 3661 4444 magna
3682 4373 3815 4430 dili-

2215 4459 2391 4531 gentia
2418 4460 2621 4514 lucrum
2645 4475 2710 4516 ex
2732 4461 2940 4530 jejunio
2960 4461 3241 4517 collectum
3267 4462 3579 4521 custodiatis
3603 4480 3616 4515 :
3640 4473 3697 4518 et
3712 4479 3813 4522 re»-

2216 4559 2429 4623 sumpto
2456 4567 2739 4623 parumper
2777 4552 2969 4623 spiritu
2990 4593 3007 4620 ,
3053 4567 3177 4607 mox
3222 4552 3413 4607 iterum
3448 4554 3624 4623 priora
3649 4555 3812 4613 novis

2216 4645 2563 4701 incrementis
2608 4645 2928 4714 cumuletis,
2969 4654 3026 4702 et
3050 4645 3129 4701 sic
3167 4645 3419 4717 paulatim
3451 4646 3518 4702 ad
3546 4646 3812 4716 majorem

2216 4739 2628 4811 negotiationem
2672 4740 2915 4795 instructi
2936 4782 2951 4806 ,
2998 4740 3051 4795 in
3084 4739 3417 4794 Dominicum
3448 4740 3589 4805 diem
3615 4756 3823 4796 occur~

2214 4831 2366 4897 ratis,
2394 4840 2449 4886 et
2476 4832 2809 4901 spiritualem
2837 4840 3067 4891 vestram
3088 4832 3263 4886 navim
3289 4832 3341 4886 in
3369 4842 3580 4903 portum
3605 4843 3813 4888 sancta:

2216 4923 2516 4979 festivitatis
2552 4924 2764 4994 plenam
2803 4923 3100 4980 adducatis.
3152 4921 3283 4979 Nam
3311 4923 3449 4978 sicut
3478 4923 3654 4978 omnia
3681 4940 3811 4992 qua:

2213 5030 2245 5070 a
2288 5014 2516 5070 Domino
2556 5024 2681 5070 sunt
2722 5014 2898 5082 facta,
2940 5014 3078 5071 sicut
3104 5023 3159 5071 et
3196 5030 3447 5071 sermone
3478 5015 3810 5072 declaratum

2212 5114 2299 5162 est
2321 5114 2375 5162 et
2399 5121 2488 5162 res
2514 5107 2643 5178 ipsa:
2668 5115 2947 5173 testantur,
2971 5106 3176 5167 ratione
3204 5115 3258 5160 et
3285 5106 3542 5175 sapientia
3573 5106 3807 5177 quadam

2214 5196 2352 5255 facta
2382 5207 2529 5265 sunt,
2557 5214 2714 5261 usum
2740 5201 3105 5263 necessarium
3128 5199 3435 5256 exltibentia
3467 5219 3480 5254 :
3516 5201 3586 5255 ita
3608 5211 3662 5255 et
3682 5217 3811 5273 qua:

2213 5305 2244 5345 a
2270 5290 2425 5361 nobis
2450 5290 2583 5348 fiunt
2605 5331 2621 5359 ,
2664 5307 2732 5347 ne
2763 5292 2968 5367 absque
2991 5306 3153 5355 causa
3180 5300 3237 5353 et
3261 5289 3458 5355 frustra
3490 5290 3617 5348 fiant
3644 5307 3801 5364 opor-

2279 5426 2296 5488 Ξ
2331 5423 2544 5488 enisum,
2564 5437 2660 5474 uno
2676 5423 2817 5488 verbo
2838 5431 2883 5475 et
2896 5424 3058 5487 jussu,
3081 5436 3187 5488 pro.
3212 5423 3396 5488 ratione
3412 5425 3644 5487 quadam.

2278 5484 2351 5552 (α)
2394 5504 2415 5532 α
2437 5488 2692 5552 sabbatum
2713 5484 2909 5552 scilicet
2936 5484 3169 5552 diemque
3208 5484 3517 5552 Dmninicam,
3542 5487 3701 5552 inquit
3719 5492 3807 5536 Sa.

2212 5547 2382 5612 vilius;
2408 5550 2644 5612 Dominica
2675 5550 2903 5612 jejunare
2926 5547 3204 5612 numquam,
3221 5550 3528 5612 permissum.
3554 5547 3804 5598 ln'Orien-

2219 5608 2296 5684 te“
2316 5604 2805 5684 xéwﬁodesia'olir
2841 5619 2937 5659 tam
2972 5604 3110 5682 ηεεξε
3138 5604 3342 5684 sema
3372 5604 3617 5684 terra".
3652 5623 3803 5684 usus

2214 5672 2293 5741 die
2316 5672 2574 5743 pqminica.
2621 5675 2850 5743 Ignatius,
2885 5685 2977 5721 seu
2998 5672 3219 5743 quisquis
3255 5671 3438 5743 estqui
3472 5671 3583 5743 illas
3608 5671 3801 5743 scripsit

2214 5732 2460 5797 epistolas,
2484 5746 2595 5797 quas
2621 5732 2729 5797 ejus
2765 5734 2987 5791 feruntur
3010 5732 3204 5797 nomine
3229 5747 3242 5785 :
3280 5732 3333 5797 si
3498 5735 3801 5797 pauimenta

2247 5788 2343 5843 iem
2366 5788 2733 5859 autsabbattim,
2755 5807 2847 5844 uno
2861 5788 3063 5859 excepto
3072 5794 3329 5859 Ματιανὰ,
3349 5788 3393 5850 s's
3412 5792 3595 5851 Christi
3615 5790 3803 5846 miser

2213 5863 2301 5916 est,
2326 5858 2467 5919 Epist.
2493 5857 2525 5908 8
2546 5856 2606 5907 ad
2629 5856 2991 5921 Philippenses;
3006 5872 3055 5919 ιν
