4144 6420
370 383 432 440 9|
1629 383 1696 439 IN
1742 381 1896 439 CAP.
1937 376 1958 432 ἰ
1997 373 2242 439 GENES.
2290 373 2519 433 IIOMIL.
2567 374 2654 429 XI.
3766 375 3836 434 υς

377 500 534 555 τοῦτο
582 497 850 570 βούλομαι
913 499 1148 570 σήμερον
1200 499 1566 572 ἀφελεστέραν
1619 501 1751 572 ὑμῖν
1800 516 1826 547 ι
1877 517 2056 570 παρα-

384 586 554 639 θεῖναι
598 581 973 636 διδασκαλίαν.
1030 581 1298 655 Καθάπερ
1350 583 1460 654 γάρ
1505 585 1566 637 τὸ
1615 585 1775 656 σῶμα
1821 583 1928 638 ὑπὸ
1956 582 2060 651 τῆς

383 673 637 743 νηστείας
667 669 1042 739 κατεσκληκὸς
1075 669 1243 722 δεῖται
1277 671 1479 740 μικρᾶς
1516 670 1775 734 ἀνέσεως,
1821 670 1886 722 ἵν’
1918 667 2060 721 οὕτω

388 760 555 814 πάλιν
575 755 900 828 ἀκμαζούσῃ
945 759 1011 827 τῇ
1041 755 1320 828 προθυμίᾳ
1349 756 1485 827 πρὸς
1521 755 1646 818 τοὺς
1679 759 1777 826 τῆς
1807 755 2058 825 νηστείας

388 848 608 916 ἀγῶνας
641 844 1072 914 ἑπαποδύσηται·
1113 844 1254 898 οὕτω
1279 845 1371 897 καὶ
1410 844 1443 914 ἡ
1475 842 1620 914 ψυχή
1647 843 1837 914 χρῄζει
1877 843 2060 896 διανα-

389 931 662 985 παύεσθαι
691 929 788 982 καὶ
837 926 1099 982 ἀνίεσθαι.
1133 926 1270 980 Οῦτε
1310 926 1419 997 γὰρ
1446 927 1534 980 ἀεὶ
1566 926 1902 980 κατατείνειν
1928 923 2057 996 χρὴ,

384 1018 513 1072 οὔτε
547 1016 604 1070 δὲ
646 1015 876 1076 ἀνιέναι,
908 1013 1042 1067 ἀλλά
1068 1015 1197 1067 ποτὲ
1232 1013 1331 1083 μὲν
1390 1013 1570 1077 τοῦτο,
1627 1013 1754 1067 ποτὲ
1788 1013 1844 1066 δὲ
1886 1013 2061 1064 ἐκεῖνο

386 1107 588 1163 ποιεῖν,
619 1103 713 1156 καὶ
732 1101 905 1164 οὕτως
946 1103 1180 1172 ἠνιοχεῖν
1203 1101 1294 1154 καὶ
1320 1104 1419 1172 τῆς
1447 1099 1626 1171 ψυχῆς
1656 1099 1754 1172 τὴν
1786 1098 2060 1153 κατάστα-

385 1209 496 1254 σιν,
532 1191 746 1260 καὶτῆς
773 1189 972 1258 σαρκὸς
985 1188 1054 1241 τά
1080 1189 1108 1228 ι»
1137 1189 1498 1259 σκιρτήματα.
1533 1188 1745 1257 ’Ὠσπερ
1775 1187 1882 1258 γάρ
1901 1185 1960 1239 τὸ
1975 1187 2062 1260 ἀεί

385 1275 728 1330 κατατείνειν
757 1275 867 1335 τοῖς
897 1271 1078 1335 πόνοις
1101 1272 1417 1326 ἀποκναίειν
1433 1274 1578 1325 ποιεῖ
1600 1273 1694 1326 καὶ
1715 1271 2058 1326 ἀναπίπτειν·

385 1358 534 1414 οὕτω
561 1357 620 1410 τὸ
648 1355 909 1426 διηνεκῶς
952 1354 1157 1408 ἀνιέναι
1185 1356 1264 1418 είς
1295 1355 1566 1426 ρᾳθυμίαν
1589 1356 1731 1423 ἀγει.
1765 1355 1936 1408 Τοῦτο
1966 1354 2062 1408 καὶ

387 1443 486 1495 ἐπὶ
510 1442 609 1511 τῆς
636 1439 833 1509 ψυχῆς,
865 1440 958 1492 καὶ
986 1439 1078 1490 ἐπὶ
1108 1439 1204 1492 τοῦ
1231 1437 1481 1510 σώματος
1510 1442 1806 1508 συμϐαῖνον
1838 1439 1934 1492 ῖδοι
1976 1455 2060 1502 τις

385 1524 478 1580 ἄν.
518 1520 787 1575 Διάτοῦτο
809 1519 1084 1590 πανταχοῦ
1129 1520 1162 1589 ἡ
1202 1521 1509 1590 συμμετρία
1555 1520 1737 1574 καλόν.
1774 1520 1882 1573 Καὶ
1905 1519 2062 1573 τοῦτο

385 1606 523 1661 αὐτὸ
545 1603 783 1658 διδάσκει
809 1604 956 1672 ἡμᾶς
994 1610 1014 1638 ε
1067 1603 1094 1655 6
1121 1601 1226 1654 τῶν
1258 1601 1394 1654 ὅλων
1442 1602 1596 1666 Θεὸς,
1627 1601 1722 1656 καὶ
1769 1601 1835 1656 δι’
1883 1601 2062 1654 αὐτῶν

385 1687 502 1742 τῶν
539 1683 1055 1756 δημιουργημάτων,
1109 1682 1146 1736 ἀ
1175 1683 1311 1754 πρὸς
1338 1682 1436 1753 τὴν
1484 1684 1756 1756 ἡμετέραν
1802 1683 2062 1735 σύστασιν

387 1772 703 1842 παρήγαγε.
761 1769 868 1820 Καὶ
901 1768 986 1821 ἵνα
1022 1766 1250 1838 μάθητε,
1287 1767 1380 1820 ἐπὶ
1434 1767 1532 1838 τῆς
1586 1767 1802 1837 ἡμέρας
1832 1767 1926 1819 καὶ
1963 1766 2063 1836 τῆς

389 1854 605 1918 νυκτὸς,
633 1850 726 1903 τοῦ
755 1849 931 1918 φωτὸς
954 1847 1098 1916 λέγω
1130 1848 1221 1901 καὶ
1246 1847 1340 1900 τοῦ
1366 1848 1612 1912 σκότους,
1643 1847 1736 1901 τὸν
1765 1847 1924 1916 λόγον
1970 1863 2062 1915 γυ-

394 1932 710 2004 μνάσωμεν.
747 1927 961 1995 Ἐπειδὴ
992 1927 1098 1996 γάρ
1129 1926 1228 1996 τὴν
1272 1926 1370 1996 μὲν
1392 1927 1604 1998 ἡμέραν
1641 1924 1916 1997 ἀφώρισεν
1973 1924 2062 1978 ἐπ’

390 2013 630 2084 ἐργασία
665 2012 732 2080 τῇ
767 2009 876 2062 τῶν
909 2007 1210 2080 ἀνθρώπων
1232 2007 1409 2076 φύσει,
1439 2009 1500 2062 τὸ
1521 2008 1576 2062 δὲ
1599 2008 1698 2079 τῆς
1730 2008 1922 2073 νυκτὸς
1947 2008 2064 2062 σκό-

390 2115 488 2160 τος
518 2097 594 2158 είς
640 2095 822 2148 άνεσιν
866 2092 959 2144 καὶ
1005 2090 1293 2163 ἀνακωχὴν
1343 2090 1451 2146 τῶν
1482 2092 1688 2157 πόνων,
1737 2091 1912 2162 μέτρα
1966 2092 2062 2145 καὶ

389 2181 552 2251 δρους
583 2176 860 2246 ἑκατέροις
907 2172 1124 2245 ἔπηξεν,
1165 2173 1304 2226 ὥστε
1353 2173 1448 2226 καὶ
1487 2174 1733 2236 ἅπαντας
1778 2175 1926 2244 ἡμᾶς
1963 2173 2062 2242 τῆς

392 2258 603 2312 ἐκεῖθεν
662 2253 979 2324 εὐεργεσίας
1020 2253 1335 2310 ἀπολαύειν.
1391 2252 1514 2305 Ὀτι
1551 2252 1661 2322 7&9
1710 2251 1771 2305 :6
1805 2254 1921 2321 φῶς
1965 2253 2062 2324 τῆς

392 2339 660 2408 ἡμερινῆς
686 2332 942 2404 ἐργασίας
979 2332 1096 2385 ἐστὶ
1142 2331 1350 2405 καιρὸς,
1408 2332 1573 2387 ἄκουε
1625 2332 1719 2385 τοῦ
1769 2334 1934 2387 Δαυῒδ
1970 2334 2062 2388 λέ-

391 2437 602 2491 γοντος,
620 2417 1032 2481 Ἑξελεύσεται
1061 2413 1369 2484 ἅνθρωπος
1421 2415 1521 2469 ἐπὶ
1557 2417 1622 2469 τὸ
1651 2415 1828 2486 ἔργον
1853 2416 2061 2482 αὐτοῦ,

393 2505 494 2558 καὶ
526 2501 623 2554 ἐπὶ
654 2499 769 2566 τὴν
799 2498 1088 2568 ἐργασίαν
1114 2498 1322 2562 αὐτοῦ,
1360 2497 1469 2564 ἕως
1496 2497 1776 2567 ἑσπέρας.
1806 2499 1918 2552 Καὶ
1963 2517 2065 2554 κα-

394 2585 504 2648 λῶς
532 2579 702 2647 εἶπεν,
726 2581 880 2647 Ἕως
902 2579 1183 2648 ἑσπέρας·
1219 2580 1628 2652 καταλαϐούσης
1655 2582 1762 2653 γάρ
1787 2582 1884 2652 τῆς
1911 2583 2067 2636 ἐσπέ-

396 2685 520 2739 ρας,
547 2665 606 2718 τὸ
636 2663 750 2734 φῶς
775 2664 1066 2734 ὑποχωρεῖ,
1093 2663 1188 2716 καὶ
1211 2662 1433 2716 ἐπελθὸν
1455 2662 1515 2716 τὸ
1538 2663 1724 2726 σκότος
1743 2663 2066 2734 κατακοιμίε

394 2751 484 2816 ζει
507 2749 605 2817 τὴν
637 2745 986 2816 ἀνθρωπίνην
1017 2744 1194 2814 φύσιν,
1228 2745 1321 2799 καὶ
1363 2745 1424 2797 τὸ
1446 2744 1605 2815 σῶμα
1625 2745 1928 2814 πεπονηκὸς
1949 2746 2066 2801 δια-

393 2828 649 2889 ναπαύει,
685 2827 901 2889 καὶτὰς
950 2827 1230 2897 αἰσθήσεις
1271 2826 1487 2890 ἁπάσας
1514 2826 1716 2895 ἀνίησι,
1763 2827 1858 2882 καὶ
1895 2827 2068 2883 καθά-

394 2930 506 2984 περ
520 2909 714 2982 τροφὸς
733 2909 925 2979 ἀρίστη
947 2907 1016 2962 τά
1039 2908 1367 2980 αἰσθητήρια
1387 2909 1602 2963 ἅπαντα
1619 2912 1684 2981 τῇ
1717 2911 1846 2981 παρ’
1867 2911 2066 2983 ἑαυτῆς

396 2994 686 3066 ἐπιμελείᾳ
729 2995 836 3048 τῶν
887 2993 1064 3046 πόνων
1103 2991 1220 3064 [85]
1266 2992 1500 3046 καὶτῶν
1542 2993 1804 3063 καμάτων
1833 2995 2062 3050 ἀνιεῖσα.

409 3076 664 3132 Ἐπειδὰν
685 3077 739 3130 δὲ
766 3075 1026 3147 πληρωθῇ
1056 3077 1154 3146 τῆς
1186 3076 1379 3139 νυκτὸς
1412 3075 1473 3130 τὸ
1506 3077 1722 3148 μέτρον,
1765 3078 2067 3150 ἐπιστάσης

395 3161 496 3233 τῆς
517 3159 610 3214 τοῦ
643 3160 816 3230 φωτὸς
846 3159 1145 3231 παρουσίας
1181 3159 1275 3213 καὶ
1311 3159 1676 3232 διεγειράσης,
1715 3162 2068 3232 παρασκευά-

397 3245 485 3309 ζει
519 3241 894 3314 ἀκμαζούσαις
921 3245 1038 3306 ταῖς
1070 3242 1355 3313 αἰσθήσεσι
1415 3243 1738 3314 προσϐαλεῖν
1766 3247 1885 3307 ταῖς
1913 3245 2068 3316 ἡλια-

395 3329 525 3391 καῖς
568 3328 766 3391 ἀκτῖσι,
810 3326 906 3379 καί¹
930 3324 1036 3379 τῶν
1073 3326 1318 3395 συνήθων
1375 3327 1552 3399 ἔργων
1581 3328 1846 3382 ἅπτεσθαι
1897 3331 2068 3401 νεαρᾷ

392 3412 495 3465 καὶ
522 3408 716 3480 ζεούσῃ
745 3411 810 3480 τῇ
839 3407 1318 3480 προθυμίᾳ.’1ὀῦτο
1351 3412 1444 3463 καὶ
1473 3411 1564 3463 ἐπὶ
1596 3411 1702 3464 τῶν
1730 3414 1949 3484 τροπῶν
1972 3415 2065 3467 τοῦ

394 3491 646 3548 ἐνιαυτοῦ
673 3491 818 3544 ἐστιν
850 3491 974 3544 ίδεῖν
997 3492 1384 3560 γεγενημένον.
1417 3493 1520 3546 Τὸν
1551 3492 1660 3564 γὰρ
1689 3495 1930 3566 χειμῶνα
1957 3495 2070 3548 δια-

392 3577 612 3646 δέχεται
651 3576 766 3646 ἔαρ,
801 3575 895 3628 καὶ
943 3573 1114 3637 οὓτως
1148 3575 1468 3654 ἑπισῖάντος
1495 3575 1520 3614 δ
1545 3576 1640 3630 τοῦ
1671 3577 1863 3650 θέρους
1896 3595 2068 3632 κατα-

393 3659 664 3730 λαμϐάνει
693 3659 753 3712 τὸ
777 3658 1108 3730 μετόπωρον,
1137 3659 1223 3711 ἵνα
1241 3661 1306 3729 τῇ
1343 3659 1609 3731 ἐναλλαγῇ
1639 3661 1738 3731 τῆς
1761 3661 1870 3714 τῶν
1890 3662 2068 3734 ἀέρων

397 3744 651 3814 κράσεως
678 3740 1071 3812 διαναπαύηται
1101 3742 1257 3812 ἡμῶν
1278 3741 1344 3795 τά
1377 3742 1626 3814 σώματα,
1665 3745 1758 3797 καὶ
1799 3745 1935 3816 μήτε
1978 3745 2070 3799 ἐπὶ

397 3827 566 3880 πλέον
592 3827 668 3896 τῷ
692 3825 887 3898 κρυμῷ
909 3825 1226 3896 πηγνύμενα
1239 3825 1636 3897 διαφθείρηται,
1667 3828 1806 3898 μήτε
1836 3827 1940 3880 ὑπὸ
1967 3829 2070 3898 τῆς

396 3909 500 3964 τοῦ
534 3909 720 3980 θέρους
752 3908 1108 3980 σφοδῴτητος
1137 3909 1230 3961 ἐπὶ
1259 3908 1394 3962 πολὺ
1427 3908 1828 3980 θερμαινόμενα
1855 3909 2072 3981 διαλύη-

395 4007 530 4046 ται·
582 3993 670 4046 διά
709 3993 867 4046 τοῦτο
915 3991 1348 4064 ἐγγυμνάζεσθαι
1394 3991 1800 4062 παρασκευάζει
1831 3993 1938 4064 πρὸ
1973 3994 2071 4064 μὲν

394 4073 498 4128 τοῦ
528 4074 791 4144 χειμῶνος
820 4073 898 4143 τῷ
925 4072 1244 4144 μετοπώρῳ,
1273 4071 1378 4144 πρὸ
1406 4072 1461 4125 δὲ
1483 4071 1573 4124 τοῦ
1604 4071 1792 4144 θέρους
1818 4074 1896 4144 τῷ
1922 4072 2067 4146 ἔαρι.

396 4158 516 4211 Καὶ
549 4158 600 4210 εί
626 4174 707 4219 τις
736 4156 1092 4227 εὐγνωμόνως
1120 4157 1336 4211 ἅπαντα
1366 4157 1585 4210 σκοπεῖν
1612 4154 1875 4225 βούλοιτο,
1911 4158 2073 4228 εὐρή-

399 4257 489 4294 σει
523 4243 580 4292 ἐν
609 4240 779 4294 ἀπασι
811 4242 921 4302 τοῖς
947 4239 1393 4310 δημιουργηθεῖσι
1426 4239 1578 4305 τάξιν
1616 4238 1737 4293 τινά
1765 4239 1861 4294 καὶ
1889 4238 2068 4307 λόγον,

399 4321 499 4373 καὶ
528 4321 679 4375 οὐδὲν
723 4321 909 4384 ἀπλῶς
954 4322 1048 4375 καὶ
1093 4322 1217 4391 εἰκῆ
1244 4322 1627 4393 γεγενημένον.
1661 4321 1831 4376 Τοῦτο
1859 4325 1952 4377 καὶ
1978 4325 2074 4378 ἐπὶ

398 4404 512 4457 τῶν
543 4406 871 4476 σπερμάτων
900 4404 1009 4458 τῶν
1045 4405 1110 4457 ἐκ
1140 4404 1239 4474 τῆς
1283 4404 1389 4474 γῆς
1435 4403 1830 4476 ἀναδιδομένων
1876 4407 1942 4461 ἀν
1989 4425 2073 4472 τις

400 4485 630 4540 κατίδοι.
665 4486 801 4540 υῦτε
826 4487 935 4559 γάρ
963 4486 1106 4542 κατά
1147 4488 1239 4540 τὸν
1280 4487 1445 4541 αὐτὸν
1469 4488 1662 4558 καιρὸν
1689 4488 1906 4543 ᾶπαντα
1929 4490 2074 4544 ἐκδίο

400 4570 568 4622 δωσιν
614 4572 647 4640 ἡ
693 4572 784 4640 γῆ,
815 4569 936 4624 οὐτε
965 4573 993 4626 6
1025 4571 1187 4635 αὐτὸς
1231 4571 1421 4642 καιρὸς
1453 4571 1755 4642 ἐπιτήδειος
1790 4572 1927 4644 πρὸς
1974 4574 2074 4644 τὴν

402 4653 720 4723 ἐπιμέλειαν
751 4653 858 4707 τῶν
885 4653 940 4721 ἐξ
969 4654 1138 4724 αὐτῆς
1169 4654 1604 4724 βλαστανόντων·
1637 4655 1750 4708 ἀλλ’
1777 4666 1800 4694 θ
1829 4653 1937 4708 οἶδε
1984 4656 2076 4708 τὸν

403 4737 712 4807 ἁρμόζοντα
747 4738 936 4808 καιρὸν
967 4740 995 4790 6
1022 4739 1279 4808 γηπόνος,
1309 4738 1459 4808 παρά
1489 4738 1589 4808 τῆς
1619 4736 1712 4791 τοῦ
1743 4737 1879 4791 Θεοῦ
1908 4737 2079 4790 δοθεί-

404 4837 510 4889 σης
541 4819 726 4887 σοφίας
757 4819 912 4872 τοῦτο
957 4819 1311 4890 μεμαθηκὼς,
1342 4819 1436 4873 καὶ
1465 4820 1752 4874 ἐπίσταται
1800 4819 1927 4872 πότε
1980 4820 2078 4890 μὲν

399 4901 488 4953 δεῖ
530 4900 598 4953 τά
644 4901 933 4971 σπέρματα
979 4901 1329 4965 καταϐαλεῖν,
1361 4901 1491 4954 πότε
1520 4901 1575 4954 δὲ
1607 4901 1714 4953 τῶν
1743 4900 1973 4972 δένδρων
2010 4900 2076 4953 τά

404 4982 553 5052 φυτά
578 4983 670 5034 καὶ
705 4983 803 5050 τῆς
834 4982 1080 5052 ἀμπέλου
1109 4985 1220 5046 τοῖς
1245 4982 1464 5046 κόλποις
1492 4983 1592 5053 τῆς
1622 4980 1726 5051 γῆς
1755 4997 2078 5052 παρακατα-

403 5064 620 5130 θέσθαι,
659 5067 754 5118 καὶ
801 5065 930 5119 πότε
966 5065 1066 5134 μὲν
1113 5065 1300 5136 θήγειν
1341 5065 1441 5136 τὴν
1483 5064 1756 5136 δρεπάνην
1806 5062 1942 5134 πρὸς
1985 5063 2079 5116 τὸν

401 5149 641 5220 ἀμητόν,
681 5149 810 5201 πότε
856 5149 913 5202 δὲ
952 5151 1044 5202 τὸν
1089 5150 1302 5220 καρπόν
1349 5149 1452 5220 τῆς
1486 5148 1735 5220 ἀμπέλου
1761 5147 2076 5218 δρέπεσθαι,

403 5231 503 5285 καὶ
534 5233 662 5294 τοὺς
695 5231 925 5302 βότρυας
949 5233 1254 5304 ἐκτέμνειν,
1282 5233 1377 5287 καὶ
1404 5233 1546 5287 κατὰ
1574 5235 1725 5284 ποῖον
1763 5232 1954 5300 καιρὸν
1982 5233 2075 5282 ἑκ-

403 5314 586 5384 λέγειν
637 5316 734 5386 τῆς
779 5315 961 5379 ἐλαίας
994 5315 1012 5355 ί
1052 5316 1141 5370 τὸν
1170 5317 1397 5388 καρπόν.
1426 5317 1536 5371 Καὶ
1561 5316 1834 5386 εὑρήσεις,
1875 5316 1923 5366 εί
1959 5314 2080 5384 βού-

473 5517 500 5581 _'
525 5513 731 5581 Quidam
756 5530 865 5566 mss.
897 5518 1103 5581 σήμερον
1126 5519 1418 5581 σαφεστέραν
1435 5519 1560 5581 ὐμῖν.

474 5577 501 5616 δ
522 5578 725 5627 Coislin.
764 5581 844 5625 καί
876 5581 962 5640 τοῦ
1006 5577 1228 5640 σώματος
1265 5577 1346 5627 τάξ
1371 5577 1478 5629 Mai
1509 5579 1799 5636 ἀποκναίειν,
1822 5591 1913 5627 vox
1941 5585 2084 5628 certe

402 5640 504 5692 hoc
529 5653 617 5686 usu
645 5640 842 5686 Insolila
867 5639 1112 5687 ἀποκναίει
1134 5642 1216 5688 καὶ
1237 5641 1362 5688 ποιεῖ
1383 5642 1670 5689 ἀναπίπτειν.

475 5704 497 5730 ε
522 5699 732 5766 (Ζοίςιὶῐιζ
752 5704 804 5746 et
827 5701 907 5748 alii
929 5702 1009 5766 καὶ
1031 5699 1173 5766 τοῦτο
1190 5702 1305 5766 αύτρ
1325 5705 1560 5751 παιδεύων
1582 5707 1720 5766 ἡμᾶς.
1749 5701 1855 5751 Μοι
1881 5699 2083 5750 Coislin.

405 5762 472 5813 δι’
487 5761 650 5823 ᾐτῶν
673 5760 769 5823 τῶν
799 5762 1088 5823 πραγμάτων
1119 5763 1346 5823 ἀκριϐῶς.

472 5821 502 5862 ἆ
526 5821 658 5870 Fort.
680 5821 986 5876 ἀποστάντος.

477 5885 503 5914 ο
531 5884 685 5939 Αὐτῆς
701 5881 1063 5941 ἀναδιδομένων,
1087 5883 1208 5937 ἀλλ’,
1234 5884 1306 5930 sic
1333 5881 1533 5933 Cuisliu.

476 5947 497 5988 I
528 5945 728 5995 Coislin.
752 5946 804 5991 et
829 5940 954 5990 alius
973 5947 1056 5999 τῆς
1077 5942 1307 6004 ἀμπέλου.

844 6061 1114 6121 ΡΑτιιοι.
1147 6059 1265 6118 Gn.
1311 6055 1465 6118 LIII.

2170 492 2287 544 λοιο
2340 491 2480 545 κατά
2536 491 2702 561 μέρος
2728 488 3104 560 διερευνᾶσθαι
3146 494 3318 544 ταῦτα
3369 489 3604 554 ἅπαντα,
3637 488 3838 562 πολλὴν

2168 571 2358 639 σοφίαν
2386 569 2480 624 καὶ
2505 568 2657 640 παρά
2689 570 2804 632 τοῖς
2851 567 2950 638 τὴν
2987 568 3092 638 γῆν
3119 567 3506 639 ἐργαζομένοις
3553 569 3826 623 ἐναποκειι

2168 648 2357 718 μένην.
2402 649 2512 701 Καὶ
2559 649 2656 700 οὐκ
2693 647 2784 700 ἐπὶ
2827 647 2930 716 τῆς
2964 648 3067 718 γῆς
3099 645 3257 699 τοῦτο
3288 646 3433 699 ἐστιν
3484 647 3609 700 ίδεῖν
3654 648 3837 718 μόνον,

2167 724 2318 778 ἀλλά-
2349 727 2444 778 καὶ
2487 726 2579 778 ἐπὶ
2611 725 2708 796 τῆς
2737 725 3031 796 θαλάσσης.
3080 726 3189 780 Καὶ
3237 725 3347 797 γὰρ
3393 725 3629 778 ἐνταῦθα
3674 726 3840 782 πάλιν

2166 804 2361 875 ἑτέραν
2400 804 2720 876 θαυμαστὴν
2744 805 2935 874 σοφίαν
2961 806 3107 858 ἔστιν
3133 805 3280 859 ίδεῖν.
3312 803 3432 859 υἱδε
3458 805 3566 876 γὰρ
3597 807 3625 859 6
3650 807 3840 879 κυϐερ-

2165 885 2354 956 νήτης,
2384 885 2514 938 πότε
2540 885 2621 938 δεῖ
2649 884 2978 939 καθελκύσαι
3020 885 3082 939 τὸ
3125 885 3326 952 πλοῖον,
3357 887 3448 938 καὶ
3481 886 3544 938 ἑκ
3569 885 3665 938 τοῦ
3694 885 3840 957 λιμέ-

2164 980 2254 1026 νος
2283 963 2552 1027 ἑκϐαλεῖν,
2583 967 2678 1018 καὶ
2709 965 2776 1018 τά
2807 965 3016 1036 πελάγη
3049 966 3460 1037 περαιώσασθαι
3481 968 3528 1020 ⁸.
3571 966 3680 1019 Καὶ
3709 966 3841 1020 πολ-

2165 1040 2264 1110 λὴν
2296 1041 2532 1110 μάλιστα
2566 1041 2718 1114 παρά
2745 1043 2952 1106 τούτοις
2984 1043 3130 1097 ἔστιν
3162 1044 3288 1097 ίδεῖν
3313 1045 3412 1114 τὴν
3443 1041 3677 1108 σύνεσιν,
3716 1045 3784 1115 ἢν
3803 1041 3839 1107 ἡ

2167 1119 2257 1173 τοῦ
2289 1120 2421 1173 Θεοῦ
2456 1121 2617 1192 σοφία
2659 1121 2952 1176 ἐναπέθετο
3003 1125 3070 1194 τῇ
3125 1122 3442 1194 ἀνθρωπίνῃ
3492 1122 3672 1180 φύσει.
3705 1121 3841 1175 Οὐδὲ

2166 1199 2276 1269 7&9
2325 1198 2496 1263 οὕτως
2541 1202 2588 1253 οί
2635 1200 2734 1264 τάς
2766 1200 3074 1272 λεωφόρους
3119 1201 3492 1272 διατρέχοντες
3525 1199 3670 1254 ἴσασι
3704 1200 3844 1269 μετά

2168 1277 2449 1348 ἀκριϐείας
2494 1278 2594 1344 τὰς
2641 1281 2983 1350 ἀτραπούςὶι,
3017 1281 3093 1344 ώς
3138 1276 3284 1334 οὗτοι
3332 1281 3381 1333 οῖ
3431 1281 3487 1332 ἑν
3536 1281 3646 1341 τοῖς
3677 1278 3837 1331 ῦδασι

2172 1356 2310 1425 μετά
2335 1357 2633 1426 ἀσφαλείας
2664 1361 2762 1429 τὴν
2793 1359 3015 1428 πορείαν
3040 1359 3335 1412 ποιοῦνται.
3359 1357 3450 1409 Διὸ
3473 1357 3618 1427 καὶὴ
3643 1356 3837 1427 Γραφὴ

2169 1434 2578 1506 ἑκπληττομένη
2608 1437 2706 1507 τὴν
2739 1437 3181 1506 ὑπερϐάλλουσαν
3214 1435 3308 1488 τοῦ
3337 1435 3471 1488 Θεοῦ
3507 1437 3694 1503 σοφίαν
3717 1435 3837 1487 ἕλε-

2168 1530 2263 1582 γεν
2283 1530 2298 1544 ·
2346 1515 2407 1567 '0
2439 1515 2583 1581 δοὺς
2603 1516 2674 1568 ἐν
2697 1515 2976 1585 θαλάσσῃ
3007 1517 3169 1581 ὁδὸν,
3201 1516 3300 1570 καί
3323 1517 3392 1569 ἐν
3413 1515 3585 1569 ὕδατι
3611 1514 3841 1584 ἰσχυρῷ

2169 1593 2388 1658 τρίϐον.
2429 1594 2586 1657 Ποῖος
2613 1592 2948 1665 ἀνθρώπινος
2979 1595 3235 1665 λογισμὸς
3257 1594 3480 1648 δύναται
3511 1593 3685 1648 ταῦτα
3711 1610 3838 1648 κατ-

2171 1670 2336 1737 ιδεῖν;
2373 1671 2529 1724 Κατά
2577 1671 2668 1724 τὸν
2713 1672 2872 1725 αὐτὸν
2901 1673 3055 1741 λόγον
3088 1672 3238 1744 εῦροι
3283 1691 3367 1736 τις
3412 1673 3478 1726 ἂν
3530 1671 3624 1726 καὶ
3670 1673 3725 1724 ἐν
3773 1671 3840 1740 τῇ

2173 1749 2470 1820 μεταλήψει
2497 1751 2595 1820 τῆς
2627 1751 2833 1822 τροφῆς
2883 1751 2980 1821 τῆς
3027 1749 3374 1822 ἀνθρωπίνης
3401 1749 3570 1804 ταῦτα
3597 1750 3840 1802 διατετα-

2167 1827 2363 1898 γμένα.
2400 1829 2510 1881 Καὶ
2541 1828 2650 1900 γάρ
2679 1829 2800 1882 καθ’
2824 1829 3054 1882 ἕκαστον
3089 1828 3298 1899 καιρὸν,
3333 1827 3429 1881 καὶ
3460 1828 3580 1881 καθ’
3606 1827 3843 1896 ἑκάστην

2168 1907 2374 1978 τροπὴν
2399 1909 2492 1962 τοῦ
2525 1908 2790 1968 ἐνιαυτοῦ,
2813 1909 3099 1980 διαφόρους
3125 1911 3258 1978 ἡμῖν
3278 1905 3483 1979 τροφάς
3508 1907 3536 1958 6
3558 1906 3840 1974 Δεσπότης

2169 1985 2494 2058 κεχάρισται
2517 2002 2532 2018 ·
2576 1986 2670 2040 καὶ
2701 1987 2952 2057 καθάπερ
2998 1987 3193 2058 ἀρίστη
3245 1986 3461 2056 τροφὸς,
3497 1982 3670 2048 οὕτως
3702 1986 3734 2056 ἡ
3767 1983 3842 2054 γῆ

2167 2065 2236 2119 τά
2261 2063 2390 2135 παρ’
2413 2065 2612 2135 ἑαυτῆς
2645 2066 2776 2136 ἡμῖν
2809 2066 3126 2137 δωροφορεῖ,
3154 2064 3234 2135 τῷ
3259 2063 3594 2134 ἑπιτάγματι
3619 2062 3714 2116 τοῦ
3747 2063 3844 2134 δη-

2175 2161 2297 2216 μιου
2307 2143 2435 2215 ργοῦ
2473 2145 2582 2214 ὐπη
2591 2161 2743 2216 ρετου
2751 2145 2882 2217 μένη
2893 2184 2906 2199 .

2244 2223 2308 2292 β’.
2329 2222 2468 2275 Ἀλλ’
2503 2224 2590 2276 ἵνα
2617 2222 2691 2294 μὴ
2713 2224 2804 2275 ἐπὶ
2838 2220 2998 2276 πλέον
3028 2221 3214 2276 τοῦτον
3245 2220 3474 2276 ἑκτείνω
3503 2222 3519 2263 ί
3550 2220 3642 2276 τὸν
3660 2221 3840 2290 λόγον,

2169 2300 2376 2366 ἔξεστιν
2429 2301 2558 2371 ὑμῖν
2608 2303 2848 2364 συνετοῖς
2889 2295 3105 2353 οὖσιτά
3136 2300 3297 2354 λοιπά
3329 2300 3544 2354 ἅπαντα
3586 2300 3844 2368 ἀναλέγε-

2172 2379 2314 2434 σθαι.
2345 2378 2460 2452 [84]
2494 2381 2669 2434 Δίδου
2698 2379 2828 2451 γάρ,
2870 2380 3021 2450 φησὶ,
3049 2379 3219 2449 σοφῷ
3257 2379 3556 2450 ἀφορμὴν,
3595 2379 3693 2448 καί
3737 2393 3841 2432 σου

2170 2456 2430 2526 φώτερος
2472 2459 2664 2512 ἔσται.
2695 2458 2829 2511 Οὐδὲ
2875 2457 2984 2527 γὰρ
3030 2457 3122 2510 ἐπὶ
3167 2457 3268 2528 τῆς
3313 2458 3588 2528 ἡμετέρας
3637 2456 3846 2528 τροφῆς

2170 2535 2328 2588 τοῦτο
2363 2535 2522 2605 μόνον
2551 2535 2695 2591 ἔστιν
2725 2535 2872 2600 ίδεῖν,
2898 2534 3034 2589 ἀλλά
3065 2535 3157 2590 καὶ
3197 2537 3292 2590 ἐπὶ
3335 2536 3435 2607 τῆς
3475 2537 3582 2589 τῶν
3610 2535 3840 2603 ἀλόγων.

2171 2615 2283 2668 Καὶ
2337 2613 2648 2684 δυνήσεσθε,
2691 2616 2738 2668 εί
2777 2613 3164 2686 βουληθείητε,
3205 2615 3300 2668 καὶ
3353 2617 3419 2668 ἑκ
3467 2614 3678 2668 πολλῶν
3730 2613 3847 2667 ἑτέ-

2174 2709 2282 2764 ρων
2319 2693 2733 2764 διερευνώμενοι
2770 2693 3107 2764 καταμαθεῖν
3145 2692 3239 2746 τοῦ
3279 2692 3664 2763 ἀριποτέχνου
3705 2691 3843 2746 Θεοῦ

2171 2771 2270 2842 τήν
2305 2772 2508 2841 ἄφατον
2548 2773 2736 2842 σοφίαν
2758 2814 2774 2838 ,
2815 2773 2908 2826 καὶ
2944 2773 3043 2844 τὴν
3082 2772 3526 2844 ὑπερϐάλλουσαν
3564 2773 3838 2843 ἀγαθότη-

2172 2867 2274 2914 τα,
2316 2851 2408 2904 καὶ
2443 2849 2519 2914 ὡς
2555 2851 2783 2904 ἕκαστον
2820 2851 2928 2905 τῶν
2967 2853 3346 2923 γεγενημένων
3383 2851 3526 2920 λόγῳ
3561 2851 3668 2904 τινὶ
3706 2869 3844 2922 παρ-

2173 2928 2312 3000 ήχθη
2332 2927 2345 2977 i
2365 2968 2378 2980 .
2403 2928 2558 2982 Κατά
2577 2929 2637 2982 τὸ
2657 2929 2788 2982 αὐτὸ
2808 2930 2985 2984 τοίνυν
3010 2932 3103 2983 καὶ
3120 2931 3211 2982 ἐπὶ
3226 2928 3320 2982 τοῦ
3342 2929 3536 3000 καιροῦ
3560 2929 3657 3000 τῆς
3678 2929 3843 2997 ἁγίας

2173 3007 2623 3078 Τεσσαρακοστῆς
2673 3008 2977 3079 εὑρήσομεν
3033 3009 3128 3062 νῦν
3168 3009 3298 3079 ἡμῖν
3349 3007 3843 3076 διατετυπωμένον.

2173 3085 2442 3157 Καθάπερ
2473 3086 2580 3157 γάρ
2611 3087 2668 3138 ἐν
2698 3089 2817 3149 ταῖς
2834 3087 3126 3159 λεωφόροις
3153 3087 3260 3140 είσὶ
3290 3086 3522 3156 σταθμοὶ
3583 3085 3678 3139 καὶ
3709 3102 3848 3138 κατ-

2174 3162 2408 3232 αγώγια,
2435 3162 2575 3216 ὥστε
2612 3164 2737 3228 τοὺς
2769 3165 2947 3229 ὁδίτας
2996 3165 3344 3236 κεκμηκότας
3392 3163 3845 3228 διαναπαύεσθαι,

2175 3241 2269 3294 καὶ
2313 3241 2423 3294 τῶν
2478 3241 2656 3294 πόνων
2705 3243 3002 3313 λήγοντας,
3049 3240 3191 3296 οὔτω
3247 3242 3410 3296 πάλιν
3447 3241 3714 3295 ἅπτεσθαι
3748 3241 3847 3309 τῆς

2173 3319 2509 3392 ὁδοιπορίας,
2552 3321 2647 3374 καὶ
2681 3321 2738 3372 ἐν
2783 3324 2847 3392 τῇ
2889 3321 3132 3392 θαλάσσῃ
3173 3321 3230 3374 δὲ
3269 3321 3434 3374 ἀκταὶ
3481 3319 3578 3374 καὶ
3609 3320 3850 3387 αίγιαλοὶ

2173 3397 2270 3453 καὶ
2296 3399 2514 3470 λιμένες
2545 3398 2703 3462 είσὶν,
2726 3398 2866 3451 ὥστε
2891 3400 3052 3452 κάκεῖ
3076 3400 3202 3460 τοὺς
3229 3398 3676 3468 ναυτιλλομένους
3709 3395 3850 3466 μετά

2172 3475 2234 3530 τὺ
2275 3477 2441 3530 πολλά
2467 3475 2686 3547 κύματα
2713 3477 3051 3549 διαδραμεῖν,
3074 3477 3168 3530 καὶ
3202 3476 3338 3547 πρὸς
3365 3476 3464 3538 τὰς
3499 3475 3608 3528 τῶν
3629 3476 3850 3545 ἀνέμων

2175 3554 2412 3626 ἐμϐολὰς
2449 3556 2782 3625 ἀντιστῆναι,
2811 3556 3005 3627 μικρὸν
3031 3555 3344 3618 ἀνεθέντας,
3385 3554 3529 3608 οῦτω
3559 3553 3722 3608 πάλιν
3751 3554 3849 3622 τῆς

2176 3632 2448 3696 ναυτιλίας
2477 3633 2772 3687 ἅπτεσθαι·
2808 3635 2898 3688 τὸν
2943 3633 3108 3688 αὐτὸν
3137 3634 3199 3704 δὴ
3232 3634 3432 3706 τρόπον
3473 3633 3569 3687 καὶ
3609 3632 3727 3697 νῦν,
3756 3632 3852 3686 ἐπὶ

2175 3712 2275 3781 τῆς
2305 3711 2465 3780 ἀγίας
2505 3712 2964 3784 Τεσσαρακοστῆς
2991 3713 3040 3774 Ιί,
3081 3714 3195 3776 τοῖς
3237 3713 3329 3766 τὸν
3371 3711 3568 3783 δρόμον
3611 3712 3710 3782 τῆς
3752 3728 3851 3782 νη-

2179 3791 2361 3852 στείας
2423 3789 2903 3861 καταδεξαμένοις,
2928 3791 3179 3861 καθάπερ
3223 3789 3529 3860 σταθμοὺς,
3575 3791 3670 3844 καὶ
3721 3806 3854 3843 κατ-

2178 3869 2417 3936 αγώγια,
2449 3871 2543 3921 καὶ
2563 3869 2755 3933 ἀκτὰς,
2781 3871 2874 3924 καὶ
2913 3868 3215 3936 αἰγιαλοὺς,
3240 3869 3336 3921 καὶ
3365 3867 3609 3938 λιμένας,
3635 3867 3735 3930 τὰς
3758 3866 3856 3921 δύο

2177 3947 2378 4011 ταύτας
2409 3947 2624 4018 ἡμέρας
2657 3948 2758 4017 τῆς
2796 3947 3089 4018 ἑϐδομάδος
3127 3947 3300 4017 βραχύ
3339 3963 3392 3999 τι
3421 3946 3852 4001 διαναπαύεσθαι

2178 4025 2497 4096 κεχάρισται
2532 4028 2561 4078 6
2593 4025 2890 4095 Δεσπότης,
2929 4026 3014 4078 ἵνα
3052 4027 3145 4078 καὶ
3176 4025 3237 4078 τὸ
3277 4025 3436 4094 σῶμα
3480 4027 3674 4097 μικρὸν
3704 4026 3853 4079 ἀνέν-

2177 4122 2268 4168 τες
2296 4103 2404 4158 ἀπδ
2430 4105 2536 4156 τῶν
2570 4104 2745 4157 πόνων
2777 4105 2876 4174 τῆς
2912 4103 3185 4174 νηστείας,
3226 4104 3319 4156 καὶ
3341 4103 3442 4174 τὴν
3466 4104 3646 4175 ψυχὴν
3681 4121 3854 4174 παρα-

2181 4182 2578 4252 μυθησάμενοι,
2611 4181 2772 4234 πάλιν
2810 4180 3194 4254 παρελθουσῶν
3225 4181 3333 4233 τῶν
3370 4181 3463 4234 δύο
3491 4182 3695 4238 τούτων
3721 4185 3851 4253 ήμε-

2181 4260 2310 4332 ρῶν,
2337 4260 2436 4332 τῆς
2474 4261 2642 4332 αὐτῆς
2678 4260 2798 4316 όδοῦ
2843 4260 2981 4332 μετά
3014 4259 3322 4332 προθυμίας
3366 4261 3644 4316 ἅπτωνται
3676 4263 3726 4314 οί
3754 4262 3855 4333 τὴν

2180 4341 2350 4412 καλὴν
2396 4339 2598 4410 ταύτην
2654 4341 2750 4392 καὶ
2815 4339 3071 4409 ἐπωφελῆ
3136 4338 3445 4409 ὁδοιπορίαν
3500 4339 3844 4410 ποιούμενοι.

2177 4419 2314 4490 Φέρε
2351 4415 2444 4472 οὖν
2472 4419 2569 4471 καὶ
2598 4420 2780 4488 ἡμεῖς,
2813 4417 3000 4489 ἐπειδὴ
3043 4416 3144 4487 τῆς
3191 4416 3431 4481 ἀνέσεώς
3475 4418 3623 4470 ἐστιν
3670 4418 3856 4492 ἡμέρα

2182 4498 2439 4568 σήμερον,
2469 4496 2936 4567 παρακαλέσωμεν
2963 4493 3116 4566 ὑμῶν
3145 4492 3241 4564 τὴν
3270 4493 3510 4565 ἀγάπην,
3529 4494 3598 4548 τά
3622 4495 3729 4548 ἀπὸ
3755 4497 3856 4564 τῆς

2180 4575 2437 4646 νηστείας
2472 4573 2796 4642 συλλεγέντα
2834 4571 3003 4642 κέρδη
3049 4571 3188 4641 μετὰ
3215 4571 3515 4640 ἀσφαλείας
3545 4572 3855 4641 φυλάττειν,

2182 4655 2270 4708 ἶνα
2325 4654 2522 4724 μικρὸν
2558 4651 3106 4722 διαναπαυσάμενοι,
3145 4648 3308 4702 πάλιν
3340 4649 3659 4721 προσθήκην
3691 4650 3859 4720 ἑργάο

2184 4731 2350 4802 σησθε
2410 4733 2522 4794 τοῖς
2572 4729 2939 4803 προλαϐοῦσι,
2986 4728 3082 4782 καὶ
3129 4726 3273 4780 οῦτω
3323 4725 3468 4781 κατὰ
3519 4727 3715 4798 μικρὸν
3755 4743 3854 4796 με-

2183 4811 2354 4880 γάλην
2395 4811 2496 4880 τὴν
2528 4811 2801 4879 ἐμπορίαν
2845 4808 3058 4869 ἑαυτοῖς
3095 4805 3640 4868 κατασκευάσαντες,
3683 4804 3856 4868 οὕτως

2183 4890 2262 4952 είς
2289 4889 2388 4958 τὴν
2417 4887 2610 4958 κυρίαν
2653 4885 2864 4957 ἡμέραν
2904 4884 3255 4955 ἀπαντήσητε
3286 4881 3330 4949 ι,
3363 4882 3457 4935 καὶ
3493 4882 3857 4952 πεπληρωμέο

2183 4985 2281 5038 νην
2322 4965 2476 5036 ὑμῶν
2503 4965 2602 5034 τὴν
2644 4964 2844 5018 ὁλκάδα
2883 4963 2983 5034 τὴν
3015 4963 3393 5033 πνευματικὴν
3430 4963 3509 5024 εἰς
3540 4960 3634 5014 τὸν
3662 4961 3860 5031 λιμένα

2182 5045 2283 5112 τῆς
2331 5044 2491 5110 ἀγίας
2536 5043 2730 5113 ἑορτῆς
2784 5040 3138 5111 είσαγάγητε.
3182 5041 3392 5110 ’Ὥσπερ
3437 5038 3546 5109 γὰρ
3597 5039 3666 5091 τά
3707 5041 3860 5109 παρά

2185 5124 2279 5176 τοῦ
2328 5124 2598 5176 Δεσπότου
2652 5121 3002 5191 γεγενημένα
3047 5121 3297 5183 ἅπαντα,
3345 5119 3597 5188 καθάπερ
3643 5122 3672 5173 6
3701 5119 3861 5186 λόγος

2185 5202 2456 5274 ἀπέδειξε.
2503 5202 2597 5256 καὶ
2631 5203 2664 5274 ή
2703 5201 2811 5255 τῶν
2868 5201 3208 5271 πραγμάτων
3258 5199 3498 5253 διδάσκει
3551 5200 3858 5270 μαρτυρία,

2186 5273 2330 5350 λόγω
2359 5281 2464 5333 τινὶ
2503 5273 2992 5352 δεδημιούργηται,
3041 5278 3226 5350 χρείαν
3265 5278 3572 5345 ἀναγκαίαν
3609 5279 3860 5350 ἀποπλη-

2189 5359 2386 5430 ροῦντα
2405 5371 2421 5388 ⁸
2448 5358 2590 5412 οῦτω
2621 5361 2715 5413 καὶ
2744 5360 2812 5412 τά
2839 5361 2965 5428 παρ’
2996 5358 3151 5428 ήμῶν
3186 5358 3445 5426 γινόμενα
3479 5359 3746 5428 προσήκει
3787 5360 3866 5430 μὴ

2190 5439 2412 5504 ἁπλῶς,
2452 5439 2586 5510 μηδὲ
2639 5440 2816 5510 μάτην
2866 5437 3138 5507 γίνεσθαι,
3188 5437 3302 5490 ἀλλ’
3343 5438 3429 5492 ἐπ’
3481 5437 3717 5510 ὠφελείᾳ
3767 5441 3865 5493 καὶ

2255 5581 2281 5641 ε
2305 5577 2458 5628 Iidem
2479 5580 2720 5641 διαπερᾷν.

2255 5640 2279 5708 Ι)
2306 5641 2578 5708 ῌςεμιιιιξε
2599 5637 2682 5694 τὰς
2701 5638 2938 5708 ἀτραποὺς
2959 5637 3112 5694 ὁδούς.

2262 5702 2275 5740 ί
2306 5701 2398 5748 Alii
2425 5701 2721 5760 ἐκτείνωμεν.
2883 5704 2887 5709 ’

2263 5774 2276 5812 ι
2309 5762 2508 5812 Coislin.
2533 5769 2587 5808 et
2605 5762 2730 5822 alius
2760 5761 2849 5807 τινὶ
2880 5760 2960 5808 καὶ
2983 5760 3264 5821 ἐπιτάγματι
3290 5775 3402 5822 παρ.

2260 5825 2286 5859 ιι
2313 5823 2434 5883 Βιιε.
2473 5835 2600 5883 unus
2621 5821 2696 5868 ἐπὶ
2720 5827 2803 5878 τῆς
2822 5821 2966 5878 αὐτῆς
3002 5837 3158 5875 nam.
3189 5829 3242 5883 (ξι
3271 5820 3342 5868 sic
3364 5820 3576 5882 'lcgerﬂ
3597 5820 3858 5878 ὶοιετρτθς.

2197 5885 2324 5944 Infra
2347 5881 2431 5938 τάς
2451 5882 2535 5929 δύο
2553 5883 2727 5937 ταύτας
2748 5883 2927 5944 ἡμέρας
2951 5887 3035 5940 τῆς
3057 5883 3177 5943 ἑϐδ.,
3203 5881 3352 5930 Ξεινίιο

2265 5946 2282 5984 ι
2312 5942 2453 5994 Tres.
2478 5956 2592 5993 mss.
2617 5942 2959 6002 καταντήσητε.

3440 6040 3474 6101 6
