4144 6424
449 387 523 448 93
670 346 676 352 ’
1601 388 1668 446 IN
1706 388 1858 448 car.
1898 387 1941 445 ι.
1974 384 2224 446 certes.
2264 389 2492 455 ιιοιιιι.
2535 398 2629 457 ιι.
3675 404 3748 463 es

453 513 550 573 ιιι,
587 502 687 560 sed
718 503 775 563 in
802 502 1089 564 utilitatem
1114 512 1171 562 et
1191 502 1399 565 lucrum
1426 512 1626 566 nostra:
1651 504 1859 562 salutis.
1907 502 2042 561 Nam

454 596 498 663 si
524 596 560 651 ii
590 596 680 667 qui
711 596 1065 652 sa:cularibus
1091 595 1319 667 negotiis
1343 594 1507 653 dediti
1532 603 1693 660 sunt,
1732 595 1922 667 adduci
1949 608 2047 653 ne-

452 695 689 758 queant.
731 696 794 742 ut
830 702 944 742 rem
974 685 1204 756 aliquam
1229 686 1507 756 incipiant,
1536 686 1640 743 nisi
1664 685 1819 757 prius
1843 682 2045 757 aliquid

457 782 588 837 lucri
616 779 865 836 suboleat
892 795 905 833 :
933 779 1102 833 multo
1132 778 1300 848 magis
1337 778 1544 849 justum
1578 786 1696 843 est,
1728 787 1787 833 ut
1815 791 1916 833 nos
1945 778 2048 833 hoc

458 873 750 939 faciamus,
795 885 970 942 neque
1014 870 1086 927 ita
1131 866 1443 940 simpliciter
1465 870 1791 941 jejuniorum
1834 868 2044 925 hebdo-

453 963 624 1020 madze
649 970 970 1034 praetereant
999 1001 1014 1026 ,
1054 960 1148 1016 sed
1175 969 1477 1016 scrutemur
1502 975 1656 1016 suam
1682 960 1879 1032 quique
1915 973 2048 1016 cou-

451 1053 730 1108 scientiam
756 1093 771 1117 ,
819 1059 874 1106 ct
903 1050 1164 1105 rationem
1194 1050 1589 1115 exntninotnus,
1617 1050 2046 1105 consideremus-

451 1159 560 1215 que
578 1185 594 1210 ,
621 1140 872 1214 quidnam
903 1141 954 1196 in
986 1134 1085 1197 hac
1110 1134 1444 1197 ltebdomada
1485 1141 1653 1212 probe
1678 1150 1855 1197 actum
1876 1182 1892 1207 ,
1916 1140 2043 1212 quid

452 1235 506 1289 in
536 1234 660 1302 alia,
687 1245 738 1289 et
761 1231 920 1303 quale
934 1241 1278 1303 augmentum
1304 1234 1672 1303 acceperimus
1700 1234 1751 1288 in
1775 1233 2040 1304 sequenti,

452 1342 587 1397 quas
625 1328 677 1382 in
718 1324 873 1381 nobis
910 1322 1223 1382 affectiones
1262 1325 1613 1381 correximus.
1664 1324 1776 1380 Nisi
1802 1324 1946 1381 eriim
1972 1323 2044 1378 ita

451 1418 616 1471 vitam
672 1423 909 1470 nostram
966 1413 1395 1482 instituerimus,
1450 1428 1807 1485 magnamque
1850 1414 2046 1469 animai

453 1518 655 1564 nostrre
685 1520 868 1562 curam
900 1507 1245 1578 gesserimus,
1292 1499 1424 1562 nihil
1453 1506 1608 1562 nobis
1632 1505 1749 1560 usui
1777 1505 1880 1561 erit
1905 1505 2048 1576 jeju-

451 1600 625 1666 nium,
654 1597 737 1653 vel
765 1597 939 1654 inedia
964 1614 1122 1670 quam
1148 1598 1463 1663 toleramus,
1495 1598 1791 1670 prmsertim
1820 1597 1865 1652 si
1894 1612 2045 1653 eom-

451 1690 593 1764 perti
649 1690 905 1747 fuerimus
955 1690 1235 1747 inferiores
1287 1690 1353 1747 iis
1403 1692 1494 1763 qui
1549 1700 1753 1746 tantum
1808 1690 2044 1746 studium

452 1780 769 1853 colligendis
797 1780 991 1853 Opibus
1028 1780 1346 1852 impendunt
1384 1800 1398 1837 :
1439 1774 1643 1851 nullum
1681 1783 1824 1838 enim
1854 1781 2045 1837 horum

453 1874 717 1942 invenies,
747 1868 837 1944 qui
860 1888 967 1929 non
994 1888 1201 1929 summa
1219 1873 1488 1944 vigilantia
1513 1873 1740 1941 laboret,
1770 1889 1878 1946 quo
1900 1875 2045 1945 prio-

452 1965 603 2022 ribus
616 1964 851 2036 quotidie
874 1963 1073 2036 aliquid
1095 1964 1329 2036 adjiciat,
1349 1966 1504 2037 etqui
1522 1981 1773 2036 umquam
1790 1966 2012 2041 satietur
2031 1985 2044 2024 :

452 2057 549 2114 sed
584 2065 785 2129 quanto
824 2054 1131 2113 facultatum
1176 2058 1348 2129 major
1373 2068 1458 2115 est
1486 2060 1761 2125 accessio,
1806 2068 1957 2115 tanto
1993 2069 2047 2116 et

452 2163 642 2205 cuiam
672 2156 727 2202 et
767 2146 1004 2203 studium
1035 2163 1189 2203 suum
1231 2149 1459 2218 amplius
1502 2148 1751 2205 intendit.
1808 2149 1961 2218 Quod
2001 2150 2045 2207 si

453 2237 545 2294 ubi
574 2237 807 2293 studium
834 2248 916 2293 est
942 2235 1129 2294 inutile
1148 2280 1165 2307 ,
1197 2249 1251 2295 et
1276 2237 1476 2295 divitiae
1505 2254 1905 2313 nonnumquam
1932 2257 2045 2296 ma-

450 2344 615 2401 gnam
646 2329 833 2383 salutis
857 2328 1051 2384 anima:
1084 2328 1347 2401 jacturam
1386 2320 1649 2397 aﬁ‘er‘unt,
1696 2339 1844 2386 tanta
1870 2340 2045 2387 tamen

452 2421 724 2494 vigilantia
756 2436 844 2477 res
886 2430 1146 2493 aguntur,
1201 2421 1470 2492 quomodo
1518 2437 1623 2477 non
1670 2423 1839 2478 multo
1879 2424 2048 2494 magis

453 2515 597 2570 istud
640 2523 727 2571 est
773 2515 1111 2582 faciendum,
1159 2514 1247 2570 ubi
1290 2514 1581 2587 diligentia:
1619 2516 1782 2573 multa
1808 2516 2049 2573 suCCedit

453 2607 657 2662 utilitas
682 2650 697 2673 ,
725 2604 1113 2678 ineliabilisque
1136 2621 1346 2663 merces
1371 2621 1434 2663 ac
1458 2606 1662 2663 lucrum
1692 2609 2049 2664 immensum?

452 2697 589 2755 Nam
615 2698 725 2754 illic
762 2698 978 2770 quidem
1005 2708 1201 2771 printer
1231 2699 1345 2756 ha-c
1368 2699 1550 2755 omnia
1579 2698 1736 2755 ﬂuxa:
1760 2699 2047 2756 admodum

452 2801 509 2845 ct
538 2788 757 2845 incerta:
780 2786 983 2844 divitiae
1002 2830 1019 2856 ,
1067 2787 1332 2845 instabilis
1367 2787 1711 2867 pecuniarum
1741 2791 2044 2860 possessio:

453 2896 563 2936 non
592 2880 765 2935 solum
794 2877 957 2950 quod,
988 2879 1302 2935 imminente
1328 2887 1521 2946 morte,
1555 2880 1683 2951 ipsa:
1709 2879 1798 2936 hic
1827 2895 2051 2938 manen-

456 2978 561 3039 tes,
587 2969 790 3027 nullam
812 2972 891 3028 eis
912 2972 1000 3043 qui
1021 2972 1138 3027 illas
1154 2964 1420 3043 collegere
1440 2972 1718 3028 utilitatem
1740 2972 2046 3029 conferant:

453 3062 551 3118 sed
580 3063 736 3118 etiam
766 3058 907 3132 quod
937 3062 1278 3117 manentibus
1309 3062 1395 3116 hic
1417 3062 1655 3135 pecuariis
1679 3104 1694 3130 ,
1726 3078 1918 3134 magna
1959 3080 2045 3121 se-

455 3153 682 3210 veritate
731 3161 991 3225 cogentur
1030 3152 1098 3210 de
1146 3154 1275 3225 ipsis
1318 3153 1443 3211 alibi
1489 3154 1755 3210 rationem
1798 3155 2044 3213 reddere.

454 3242 616 3315 Savpe
654 3260 866 3317 quoque
904 3244 1097 3301 accidit
1146 3253 1204 3300 ut
1248 3254 1374 3300 ante
1418 3253 1645 3301 mortem
1687 3254 1809 3316 post
1853 3247 2051 3303 multos

456 3335 669 3392 labores
691 3378 707 3404 ,
764 3345 820 3392 et
847 3335 1100 3401 sudores,
1146 3347 1306 3407 atque
1327 3350 1617 3403 mrumnas,
1644 3338 1794 3406 quasi
1822 3336 2051 3407 procella

454 3426 688 3499 quadam
728 3427 1006 3499 ingruente
1049 3426 1384 3499 negotiorum
1428 3421 1785 3497 difﬁcultate,
1829 3438 2052 3501 repente

456 3522 553 3592 qui
601 3519 855 3591 plurimas
898 3519 1211 3591 possidebat
1265 3518 1511 3587 divitias,
1568 3521 1650 3576 vel
1697 3522 2051 3592 pauperrimis

457 3615 629 3669 factus
672 3613 743 3668 sit
787 3613 1090 3684 pauperior.
1140 3612 1327 3681 Qualia
1372 3612 1592 3682 singulis
1636 3612 1824 3668 diebus
1870 3613 2053 3671 videre

456 3705 735 3777 contingit.
792 3705 952 3773 Atqui
1000 3705 1052 3760 iu
1093 3705 1353 3776 spirituali
1386 3703 1748 3776 negotiatione
1775 3705 1907 3759 nihil
1949 3706 2053 3762 tale

459 3798 855 3855 formidandum
884 3813 1133 3869 umquam
1166 3815 1180 3852 :
1208 3796 1418 3853 stabilis
1452 3797 1595 3853 enim
1639 3797 1725 3851 illa
1751 3807 1806 3855 et
1832 3798 2051 3855 immota

460 3900 677 3959 manet,
718 3899 774 3948 et
801 3889 890 3947 ubi
916 3904 981 3946 ea
1008 3890 1234 3946 multum
1279 3904 1540 3960 egemus,
1584 3888 1653 3944 ibi
1702 3889 1771 3945 ab
1817 3889 1906 3944 illa
1937 3891 2053 3962 ipsa

461 3982 687 4037 multum
716 3980 1095 4038 consolationis
1121 3979 1428 4052 accipimus.

536 4073 590 4128 5.
625 4071 772 4127 Nihil
805 4072 1008 4144 prodest
1041 4070 1336 4143 jejunium,
1370 4087 1528 4141 neque
1564 4071 1738 4127 concio
1775 4072 1885 4128 sine
1914 4073 2056 4129 bonis

462 4167 715 4238 opt-ribus.
746 4195 818 4207 ——
845 4165 1007 4237 Igitur
1035 4163 1161 4219 dum
1204 4171 1417 4233 tempus
1462 4154 1755 4231 habemus,
1800 4163 2052 4232 obsecro,

466 4259 552 4314 vel
575 4258 765 4314 saltem
790 4256 842 4313 id
871 4255 1028 4312 studii
1059 4253 1429 4326 impendamus
1455 4252 1817 4326 spiritualibus
1861 4257 2055 4319 merci-

465 4352 568 4407 bus
594 4349 1005 4422 conquirendis,
1048 4347 1191 4420 quod
1221 4346 1309 4403 alii
1353 4349 1405 4403 in
1455 4347 1721 4419 perituras
1747 4347 2052 4415 collocant;

468 4426 642 4516 neque
666 4442 733 4497 ab
777 4441 879 4497 hac
923 4439 1278 4497 sollicitudine
1319 4452 1626 4506 cessemus,
1666 4439 1712 4494 si
1754 4447 1899 4496 recte
1928 4439 2056 4511 quid

466 4542 646 4590 actum
690 4531 885 4597 fuerit,
918 4532 1002 4587 vel
1049 4529 1093 4585 si
1135 4529 1364 4601 aliquam
1393 4528 1735 4585 all'ectiouum
1762 4530 1916 4586 nobis
1941 4545 2059 4585 mo-

469 4626 726 4681 lestarum
757 4639 945 4695 magna
973 4623 1240 4694 vigilantia
1279 4612 1738 4693 profligaverimus
1762 4662 1776 4687 ,
1821 4630 1881 4678 ut
1925 4636 2058 4677 con-

468 4718 706 4774 scientiae
735 4717 877 4772 bono
907 4716 1148 4772 instructi
1189 4714 1494 4770 testimonio
1517 4756 1532 4781 ,
1566 4713 1874 4785 multiplicis
1912 4714 2062 4770 volu-

471 4813 633 4887 ptatis
659 4802 886 4868 fructum
915 4810 1293 4883 percipianius.
1344 4806 1527 4879 Neque
1555 4808 1699 4863 enim
1737 4806 1840 4863 hoc
1884 4807 2059 4863 solum

470 4904 731 4978 qumritur
748 4946 764 4971 ,
790 4912 846 4959 ut
873 4903 977 4959 huc
1000 4901 1237 4974 quotidie
1256 4900 1666 4965 conveniamus,
1694 4910 1748 4956 et
1774 4900 1842 4957 de
1872 4900 2061 4956 iisdem

471 5000 729 5055 continuo
776 4996 1088 5063 audiamus,
1133 5003 1190 5051 et
1233 5010 1329 5065 per
1373 5002 1538 5049 totam
1585 4992 2059 5065 Quadragesimatn

466 5092 793 5171 jejunemus.
843 5087 1283 5159 Quandoquidem
1315 5088 1360 5144 si
1387 5087 1520 5171 nihil
1545 5103 1608 5142 cx
1640 5084 1904 5158 frequenti
1930 5101 2063 5142 cou-

473 5190 637 5237 ventu
689 5188 744 5236 et
797 5178 1196 5246 admonitione,
1252 5187 1412 5250 atque
1463 5192 1532 5234 ex
1577 5175 1765 5247 jejunii
1825 5186 2065 5247 tempore

474 5274 670 5328 animat
696 5281 893 5328 nostrae
916 5271 1106 5327 lucrati
1140 5269 1416 5337 fuerimus,
1454 5277 1581 5324 tunc
1605 5285 1711 5324 non
1734 5267 1904 5325 solum
1933 5268 2066 5326 nihil

476 5363 721 5418 utilitatis
746 5360 970 5418 afferent
993 5360 1131 5426 haec,
1160 5359 1255 5415 sed
1285 5368 1339 5416 et
1363 5359 1583 5431 majoris
1607 5357 2068 5415 condemnationis

476 5453 690 5510 occasio
715 5461 911 5519 erunt,
937 5453 981 5508 si
1007 5451 1222 5524 quidem
1254 5459 1395 5506 tanta
1417 5450 1586 5506 curati
1609 5449 1878 5522 diligentia
1906 5449 2066 5507 iidem

475 5557 890 5618 per-maneamus
910 5582 930 5612 ,
960 5554 1011 5599 et
1039 5544 1085 5600 si
1116 5557 1290 5613 neque
1319 5540 1607 5598 iracundus
1634 5541 1727 5596 ﬁat
1750 5541 1894 5599 mitis
1917 5583 1934 5611 ,
1964 5557 2066 5599 ne-

478 5649 586 5707 que
612 5631 1037 5705 indignabundus
1062 5632 1115 5688 in
1134 5633 1593 5689 mansuetudinem
1612 5646 1670 5689 se
1684 5640 1878 5700 vertat,
1896 5647 2071 5703 neque

482 5725 696 5784 invidus
720 5724 774 5779 in
804 5723 1228 5780 benevolentiam
1258 5738 1318 5779 se
1343 5723 1648 5793 transferat,
1666 5739 1853 5799 neque
1878 5724 2071 5782 insano

480 5816 788 5874 divitiarum
829 5831 1012 5874 amore
1057 5827 1336 5889 correptus
1380 5815 1603 5877 desistat
1650 5815 1719 5874 ab
1762 5814 1989 5883 aﬁ'ectu,
2016 5825 2072 5891 et

2158 505 2518 585 eleemosynis
2535 514 2913 588 dispertiendis
2925 527 2983 583 et
3005 516 3213 579 alendis
3232 520 3552 594 pauperibus
3567 533 3742 590 vacet.

2150 614 2328 672 neque
2350 604 2715 677 intemperans
2740 619 2925 667 castus
2947 609 3158 679 evadat,
3183 628 3357 684 neque
3378 628 3528 669 vana:
3553 614 3742 685 gloriae

2150 692 2423 750 studiosus
2446 695 2592 753 illam
2632 706 3012 767 conmanere,
3057 711 3115 757 et
3140 717 3320 758 veram
3344 704 3568 775 gloriam
3593 708 3742 762 dest-

2149 782 2343 843 durare
2368 785 2559 855 discat,
2587 804 2761 862 neque
2783 793 3025 850 caritatis
3051 794 3106 851 in
3127 795 3427 866 proximum
3446 799 3742 871 negligens,

2151 877 2387 946 seipsum
2411 880 2653 936 excitans
2676 883 2770 938 det
2793 897 3046 953 operam,
3079 897 3139 941 ut
3168 901 3274 942 non
3308 888 3483 944 solum
3518 905 3623 946 non
3654 890 3742 946 in~

2152 965 2315 1022 fet.or
2332 968 2404 1023 sit
2428 969 2723 1039 publicanis
2753 973 2919 1043 (Nam
2943 976 2989 1030 si
3019 975 3230 1047 diligitis
3249 993 3333 1034 eos
3353 1013 3368 1044 ,
3392 980 3482 1050 qui
3505 996 3592 1036 vos
3614 983 3740 1037 dili-

2149 1067 2274 1126 gunt
2296 1096 2310 1120 ,
2341 1057 2546 1128 inquit,
2577 1062 2702 1129 quid
2725 1066 2947 1135 amplius
2968 1067 3135 1137 facilis
3158 1067 3183 1120 ?
3227 1084 3394 1125 nonne
3416 1080 3463 1125 et
3486 1073 3743 1142 publicani

2151 1146 2245 1201 hoc
2273 1149 2467 1218 faciunt
2490 1149 2703 1223 [ΜιιιιΙι.
2722 1154 2776 1209 5.
2800 1154 2891 1227 46]
2913 1155 2935 1209 ?
2958 1157 3012 1223 ),'
3039 1156 3135 1213 sed
3161 1166 3215 1213 et
3239 1168 3297 1213 ut
3322 1159 3560 1215 animum
3586 1173 3741 1217 suum

2154 1237 2223 1292 ita
2267 1240 2546 1309 instituat,
2593 1253 2648 1297 ut
2676 1253 2732 1299 et
2778 1245 3025 1302 inimicos
3074 1247 3384 1307 humaniter
3427 1252 3650 1322 aspiciat
3687 1264 3745 1310 et

2150 1344 2396 1401 magnam
2421 1332 2549 1402 ipsis
2575 1335 2851 1392 caritatem
2879 1338 3149 1395 exhibeat.
3197 1340 3351 1407 Quod
3379 1343 3425 1399 si
3445 1344 3742 1402 affectioni-

2150 1421 2250 1477 bus
2280 1423 2416 1490 istis,
2444 1435 2502 1482 et
2526 1426 2646 1482 aliis
2666 1443 2785 1499 qure
2807 1430 2862 1486 in
2890 1431 3043 1487 nobis
3073 1445 3403 1503 nascuntur,
3433 1438 3741 1508 superiores

2151 1528 2259 1568 non
2290 1514 2567 1586 fuerimus,
2596 1518 2721 1577 licet
2745 1521 2985 1592 quotidie
3012 1523 3101 1579 hic
3122 1527 3523 1594 eonveniamus,
3555 1539 3610 1584 et
3637 1530 3743 1585 fre.

2152 1607 2439 1678 quentibus
2467 1611 2815 1668 concionibus
2842 1624 3004 1685 atque
3030 1616 3273 1672 doctrina
3314 1627 3460 1675 tanta
3496 1620 3744 1678 instituao

2152 1714 2307 1765 mur,
2357 1704 2950 1775 tantumqueajejunio
2990 1707 3376 1765 adminiculum
3421 1710 3739 1780 habeamus,

2152 1792 2323 1861 qualis
2362 1793 2468 1849 erit
2493 1794 2649 1852 nobis
2672 1797 2866 1851 venia?
2913 1797 3087 1868 qualis
3131 1798 3413 1856 defensio?
3459 1801 3556 1857 Dio
3598 1803 3742 1861 enim

2153 1884 2282 1938 mihi
2304 1924 2325 1951 ,
2370 1885 2595 1943 obsecro
2616 1927 2634 1956 ,
2666 1888 2712 1943 si
2756 1903 2981 1960 puerum
3011 1900 3158 1946 tuum
3182 1892 3420 1961 quotidie
3444 1894 3659 1950 videres
3681 1896 3765 1959 in,

2152 1974 2335 2032 ludum
2362 1977 2464 2044 ire,
2495 1986 2551 2034 et
2569 1979 2740 2034 multo
2763 1980 2947 2051 elapso
2965 1989 3207 2052 tempore
3229 1982 3361 2039 nihil
3386 1984 3516 2040 lucri
3545 1987 3740 2051 facere,

2150 2066 2487 2138 patienteme
2512 2070 2726 2126 ferres?
2773 2086 2953 2128 nonne
2976 2082 3030 2128 et
3051 2088 3274 2143 puerum
3306 2075 3624 2133 verberares
3641 2116 3656 2142 ,
3675 2089 3744 2135 et

2151 2161 2464 2231 stragistrum
2494 2162 2789 2233 argueres?
2815 2173 2871 2219 et
2890 2165 2933 2220 si
2951 2165 3147 2221 deinde
3170 2166 3408 2223 disceres
3424 2169 3739 2240 magistrum

2150 2267 2314 2309 ornne
2336 2252 2479 2324 quod
2504 2253 2667 2310 ofﬁcii
2693 2256 2776 2311 sui
2804 2266 2920 2313 erat
2947 2257 3173 2326 fecisse,
3204 2270 3261 2315 et
3297 2260 3454 2330 plane
3496 2261 3741 2318 intermi-

2152 2346 2287 2401 sisse
2306 2344 2458 2414 nihil,
2476 2347 2626 2418 pueri
2646 2356 2823 2404 autem
2843 2349 3103 2419 ignaviam
3115 2365 3329 2406 causam
3344 2366 3468 2409 esse
3479 2354 3740 2410 omnium:

2155 2452 2333 2494 nontte
2360 2437 2781 2511 indignationem
2809 2456 3023 2497 omnem
3054 2441 3109 2496 in
3146 2456 3369 2512 puerum
3400 2444 3744 2522 transferres.

2155 2546 2262 2585 non
2302 2530 2414 2602 jam
2461 2547 2720 2590 accusans
2762 2535 3120 2607 magistrum?
3166 2535 3400 2606 ldipsum
3426 2547 3482 2594 et
3511 2537 3598 2594 hic
3617 2539 3743 2610 jure

2155 2622 2454 2679 faciendum
2486 2633 2588 2680 est.
2635 2623 2746 2682 Nos
2779 2627 2923 2682 enim
2942 2667 2958 2694 ,
2984 2627 3106 2698 quia
3134 2642 3231 2697 per
3253 2628 3481 2699 gratiam
3507 2628 3744 2687 divinam

2153 2714 2220 2770 ad
2255 2714 2358 2770 hoc
2399 2715 2650 2771 destinati
2678 2730 2897 2785 sumus,
2939 2719 3090 2789 quasi
3139 2720 3448 2790 spirituales
3475 2724 3491 2755 ³
3522 2723 3662 2778 ﬁlios
3692 2724 3746 2778 in

2157 2805 2319 2862 hasce
2344 2805 2558 2861 scholas
2584 2821 2680 2863 vos
2700 2807 2939 2877 quotidie
2967 2820 3242 2877 vocantes,
3273 2812 3565 2869 salutarem
3587 2813 3744 2871 vobis

2154 2897 2450 2953 doctrinam
2503 2898 2849 2969 proponimus
2892 2916 2906 2954 :
2952 2914 3127 2969 neque
3166 2916 3228 2955 ea
3279 2918 3401 2972 qua:
3445 2920 3512 2959 ex
3558 2915 3745 2960 nostra

2157 2997 2338 3045 mente
2367 2989 2784 3061 exeogitavimus
2806 3031 2822 3056 ,
2868 2991 2963 3046 sed
2991 3007 3054 3048 ea
3082 3007 3200 3062 qua:
3229 3009 3258 3048 a
3290 2993 3516 3049 Domino
3544 3009 3640 3066 per
3663 2996 3748 3051 di-

2158 3082 2309 3138 vinas
2330 3081 2634 3152 Scripturas
2664 3082 2818 3138 nobis
2852 3083 3045 3139 donata
3073 3094 3228 3150 stult,
3275 3086 3327 3141 in
3357 3086 3589 3142 medium
3615 3088 3747 3144 affe-

2155 3174 2324 3230 rimus
2362 3170 2558 3246 illaque
2583 3173 2734 3229 vobis
2767 3173 3075 3245 frequenter
3102 3176 3451 3232 inculcamus.
3506 3178 3562 3234 Si
3591 3194 3745 3248 ergo,

2155 3281 2276 3321 eum
2323 3280 2422 3321 nos
2463 3280 2678 3321 omnem
2720 3266 3071 3324 adhibeamus
3106 3268 3433 3338 vigilantiam
3476 3284 3746 3341 omneque

2156 3356 2417 3422 studium,
2449 3364 2506 3412 et
2533 3371 2628 3413 vos
2656 3357 2895 3427 quotidie
2934 3357 2987 3412 in
3018 3356 3160 3413 viam
3197 3359 3438 3414 veritatis
3463 3358 3745 3426 ducamus,

2156 3464 2253 3504 vos
2279 3449 2329 3504 in
2353 3448 2539 3505 iisdem
2569 3451 2923 3520 perseveretis
2952 3450 3105 3506 malis
3130 3469 3144 3504 :
3172 3451 3404 3521 cogitate
3432 3461 3662 3523 quantus
3690 3464 3747 3509 et

2158 3546 2338 3595 noster
2357 3540 2427 3596 sit
2446 3539 2652 3596 futurus
2667 3540 2840 3607 dolor,
2862 3550 2916 3597 et
2939 3550 3135 3613 quanta
3151 3552 3323 3598 vestra
3345 3542 3747 3614 condemnatio,

2157 3645 2228 3688 ne
2271 3629 2396 3701 quid
2435 3630 2608 3686 dicam
2647 3632 2911 3689 acerbius.
2958 3632 3212 3700 Quamvis
3236 3634 3380 3690 enim
3411 3649 3509 3691 nos
3535 3636 3747 3703 crimini

2159 3734 2266 3777 non
2295 3721 2463 3777 simus
2482 3722 2720 3789 obnoxii,
2749 3731 2806 3778 ut
2833 3723 2921 3795 qui
2948 3723 3078 3779 nihil
3101 3726 3588 3795 praztermittamus,
3607 3726 3750 3798 quod

2158 3811 2224 3867 ad
2254 3822 2486 3868 vestram
2517 3813 2780 3884 pertineat
2805 3813 3248 3882 :ediﬁcationem;
3297 3824 3475 3873 tamen
3502 3818 3625 3889 quia
3655 3834 3750 3874 ve-

2159 3914 2286 3960 strue
2314 3904 2497 3960 salutis
2522 3919 2709 3960 curam
2750 3905 2984 3974 gerimus
3006 3945 3025 3974 ,
3074 3904 3194 3961 ideo
3234 3920 3340 3961 non
3380 3922 3663 3976 possumus
3696 3908 3750 3963 il

2161 4013 2268 4053 non
2298 3996 2530 4068 graviter
2566 3995 2730 4052 ferre.
2780 3996 2913 4064 Quia
2960 4004 3016 4053 et
3050 3995 3241 4052 doctor
3262 4011 3383 4052 cum
3413 3998 3561 4055 videt
3586 3997 3753 4055 disci-

2162 4088 2344 4160 pulum
2368 4087 2575 4143 nullum
2596 4101 2662 4143 ex
2687 4100 2816 4142 cura
2853 4102 2949 4142 sua
2988 4087 3217 4149 fructum
3247 4087 3424 4145 facere
3443 4131 3458 4157 ,
3491 4104 3598 4146 non
3630 4091 3750 4147 vul-

2162 4183 2357 4253 gariter
2381 4180 2526 4237 dolet
2557 4189 2611 4237 et
2638 4180 2837 4253 gemit,
2883 4180 3073 4236 videns
3100 4196 3161 4237 se
3188 4196 3404 4238 omnem
3432 4182 3672 4240 laborem
3697 4192 3754 4250 ct

2162 4288 2381 4345 operam
2411 4273 2656 4343 perdere.

2234 4368 2289 4423 4.
2330 4366 2455 4425 Haec
2478 4381 2623 4423 nunc
2640 4366 2763 4423 dico
2779 4369 2822 4435 ',
2852 4381 2958 4423 non
2981 4375 3040 4423 ut
3061 4367 3338 4425 caritatem
3360 4376 3591 4426 vestram
3619 4384 3758 4427 mo:-

2164 4475 2287 4517 rorc
2315 4459 2567 4526 afﬁciam,
2596 4459 2689 4516 sed
2737 4469 2797 4515 ut
2820 4462 3056 4521 excitem,
3095 4470 3149 4516 et
3179 4460 3440 4518 instruam
3459 4503 3476 4529 ,
3517 4476 3623 4534 quo
3652 4479 3758 4521 non

2167 4552 2362 4609 frustra
2386 4552 2604 4624 jt-juniis
2629 4568 2823 4623 corpus
2847 4553 3141 4625 castigetis,
3172 4568 3348 4625 neque
3381 4563 3585 4614 temere
3625 4565 3681 4613 et
3706 4556 3761 4610 in

2166 4659 2361 4699 vanum
2410 4643 2523 4700 dies
2568 4643 3001 4714 Quadragesimze
3048 4654 3249 4700 sancta:
3298 4645 3622 4716 transigatis.
3694 4646 3765 4704 Et

2167 4734 2293 4805 quid
2321 4733 2442 4790 dico
2484 4733 2601 4789 dies
2641 4733 3076 4805 Quadragesima:
3114 4745 3350 4803 sanctm,
3388 4751 3508 4790 cum
3541 4750 3764 4808 prorsus

2169 4827 2369 4882 nullam
2417 4841 2516 4883 nos
2536 4825 2678 4881 diem
2730 4840 2985 4896 umquam
3032 4825 3334 4897 transigere
3381 4833 3663 4897 oporteat,
3716 4828 3764 4882 si

2169 4918 2422 4990 possibile
2448 4924 2549 4983 est,
2579 4930 2675 4987 per
2706 4924 2875 4971 totum
2909 4915 3035 4971 vitae
3057 4916 3383 4974 curriculum
3404 4957 3420 4985 ,
3446 4916 3497 4971 in
3524 4931 3628 4986 qua
3655 4932 3764 4973 non

2169 5010 2376 5065 lucrum
2414 5008 2628 5081 aliquod
2666 5007 2947 5079 spirituale
2992 5008 3046 5065 in
3090 5007 3245 5065 nobis
3283 5021 3641 5078 reponamus,
3678 5007 3766 5064 vel

2169 5117 2266 5172 per
2292 5115 2503 5172 preces,
2533 5100 2618 5156 vel
2645 5115 2743 5170 per
2765 5100 3155 5156 confessionem
3178 5141 3195 5165 ,
3235 5099 3318 5154 vel
3349 5114 3443 5169 per
3461 5099 3767 5176 eleemosy-

2170 5208 2267 5249 nas
2284 5234 2301 5260 ,
2333 5193 2416 5248 vel
2445 5206 2542 5263 per
2565 5191 2741 5262 aliqua
2767 5193 2873 5247 alia
2908 5191 3202 5263 spiritualia
3229 5191 3371 5247 bona
3399 5192 3602 5262 opera?
3631 5191 3770 5248 Nam

2172 5284 2218 5341 si
2240 5284 2438 5340 Paulus
2467 5292 2645 5338 tantus
2672 5290 2728 5338 et
2752 5283 2895 5349 talis,
2917 5282 3006 5353 qui
3028 5296 3223 5337 arcana
3252 5281 3343 5337 illa
3363 5281 3525 5339 verba
3545 5283 3769 5354 audivit,

2173 5392 2293 5448 qua:
2323 5390 2493 5447 usque
2520 5375 2573 5430 in
2601 5373 2918 5431 hodiernum
2957 5373 3099 5430 diem
3141 5374 3318 5431 nullus
3357 5376 3624 5447 cognovit,
3651 5374 3771 5433 ela-

2175 5466 2357 5523 mabat
2381 5467 2566 5523 dicens
2592 5482 2606 5520 :
2642 5465 2883 5534 Quotidie
2899 5466 3110 5533 morior,
3143 5482 3234 5537 per
3260 5475 3479 5522 vestram
3504 5466 3773 5539 gloriatio-

2176 5573 2288 5611 nem
2309 5555 2384 5629 (l.
2414 5555 2641 5613 Coi-.15.
2669 5554 2797 5628 5t):
2841 5554 3042 5611 docens
3070 5569 3190 5624 nos,
3223 5570 3284 5612 se
3309 5555 3389 5613 sic
3414 5555 3654 5628 seipsum
3676 5572 3777 5627 pro

2178 5647 2373 5717 pietate
2400 5646 2651 5718 periculis
2675 5644 3010 5718 exposuisse,
3037 5655 3098 5702 ιιι
3115 5647 3355 5718 quotidie
3373 5646 3535 5705 morti
3561 5644 3775 5707 vicinus

2244 5763 2261 5829 ξ
2292 5769 2391 5829 se:
2416 5767 2545 5820 “se.
2572 5758 2921 5829 di_l_eclos,‘pro,
2939 5758 3239 5829 spirituales.

2242 5827 2263 5858 ²
2284 5827 2412 5888 lteg.
2438 5839 2582 5889 uitus,
2608 5826 2775 5881 Porro
2794 5820 2898 5875 Ila’c
2916 5820 3047 5873 dico.
