4144 6444
471 409 552 466 .95
1224 403 1282 461 S.
1323 402 1602 461 JOANNIS
1637 395 2114 457 CIIRYSOSTOMI
2155 397 2473 457 ARClllEP.
2515 400 3057 464 CONSTANTINOP.
3673 415 3750 471 '96

477 528 658 585 esset:
684 529 744 576 et
776 516 915 588 quod
956 524 1142 570 natura
1173 530 1279 570 non
1312 515 1415 570 fert
1443 515 1556 584 (uni
1595 515 1737 570 enim
1777 511 1936 567 morti
1965 510 2069 564 ob-

480 612 622 668 noxii
651 626 838 666 sumus
864 611 1098 676 omnes),
1133 608 1233 662 hoc
1270 608 1386 678 ipse
1418 607 1673 677 pertinaci
1704 620 1802 660 suo
1829 605 2070 658 instituto

480 704 689 773 agebat,
723 702 932 756 tametsi
965 701 1224 770 benignus
1249 700 1392 754 Dens
1417 699 1564 753 illum
1595 697 1830 768 quotidie
1857 697 1908 751 in
1937 696 2070 751 alio-

480 812 596 852 rum
657 795 886 849 salutem
934 803 1280 850 conservaret
1310 791 1586 862 :«proinde
1631 791 1676 846 si
1725 790 1814 844 ille
1857 790 1947 859 qui
1991 796 2070 843 tot

476 887 746 957 praeclaris
786 887 1040 957 Operibus
1068 887 1313 941 excelsus
1333 893 1466 940 erat
1491 925 1506 949 ,
1554 893 1608 939 et
1655 882 1804 953 quasi
1847 881 2068 950 angelus

474 994 640 1048 super
683 989 879 1034 terram
911 979 1252 1049 apparebat,
1300 975 1540 1046 quotidie
1578 975 1826 1030 studebat
1871 972 2067 1042 aliquid

473 1073 612 1126 lucri
641 1071 912 1136 facere,-'et
943 1087 1040 1141 pro
1061 1070 1280 1126 veritate
1307 1078 1449 1123 stare
1487 1067 1540 1125 in
1569 1067 1685 1120 acie
1713 1072 1900 1120 contra
1929 1065 2070 1134 peri-

463 1167 598 1220 acula
621 1206 636 1230 ,
682 1164 1089 1234 spiritualesque
1125 1161 1224 1216 sibi
1265 1161 1515 1230 colligere
1543 1171 1783 1223 merces,
1814 1173 1879 1212 ac
1907 1172 2070 1211 num-

473 1272 637 1327 quam
663 1256 1101 1327 gradum-sistere
1133 1270 1146 1307 :
1179 1254 1391 1325 qualem
1416 1252 1732 1308 habebimus
1751 1265 1851 1306 nos
1878 1249 2068 1305 defen-

477 1348 809 1417 sionem,qui
827 1362 942 1401 non
955 1347 1129 1401 solum
1158 1345 1312 1400 bonis
1340 1344 1600 1414 Operibus-
1613 1342 1871 1398 omnibus
1898 1341 2068 1396 desti-

476 1439 572 1492 tuti
600 1453 818 1504 sumus,
852 1438 944 1493 sed
975 1447 1030 1492 et
1077 1446 1154 1492 tet
1192 1435 1347 1491 malis
1381 1435 1590 1506 gravati
1634 1447 1860 1504 quorum
1903 1445 2069 1487 unum

477 1533 756 1589 dumtaxat
780 1533 834 1588 in
878 1533 1050 1602 ipsum
1082 1529 1394 1600 perditionis
1441 1527 1760 1598 profundum
1786 1525 2071 1581 detrudere

477 1640 579 1681 nos
607 1626 818 1696 possit,
863 1625 1461 1694 nullumque'prteterea
1492 1619 1724 1676 studium
1767 1619 1920 1674 nobis
1963 1628 2067 1685 est,

479 1729 538 1775 ut
559 1721 642 1776 vel
667 1720 857 1775 saltem
881 1721 995 1774 lucc
1021 1716 1406 1773 emendemus?
1433 1731 1554 1770 cum
1583 1723 1760 1768 autem
1789 1713 1927 1767 idem
1955 1713 2070 1782 ipse

479 1827 623 1880 saepe
651 1811 950 1882 reperiatur
980 1825 1084 1864 non
1116 1807 1204 1862 uni
1247 1807 1467 1877 ﬂagitio,
1513 1804 1876 1875 sed~pluribns
1897 1803 2070 1858 obuo-

480 1906 619 1970 xius,
651 1919 772 1959 cum
802 1919 995 1973 nempe
1019 1913 1072 1958 et
1095 1901 1378 1956 iracundus
1404 1900 1473 1954 sit
1507 1909 1560 1954 et
1585 1899 1969 1968 intemperans,
2015 1904 2070 1950 et

474 2011 690 2061 avarus,
713 2004 768 2050 et
797 1994 1026 2055 invidus.
1055 2002 1109 2048 et
1131 1992 1277 2046 ferox
1299 2032 1314 2058 ,
1346 1999 1399 2046 et
1424 2004 1598 2060 neque
1629 1989 1741 2042 bzec
1774 1987 2066 2057 corrigere,

475 2101 652 2156 neque
674 2086 884 2140 virtutis
909 2099 1070 2154 opera
1098 2084 1361 2153 attingere
1387 2081 1533 2147 velit,
1561 2079 1734 2150 qualis
1765 2088 1948 2148 postea
1966 2078 2070 2133 erit

475 2193 600 2249 spes
625 2177 850 2232 salutis?
896 2177 1020 2232 llmc
1046 2177 1202 2242 dico,
1235 2183 1289 2230 et
1335 2173 1515 2228 dicere
1546 2188 1652 2227 non
1693 2171 1958 2238 desinam,
2011 2179 2071 2226 ut

476 2271 750 2325 auditores
777 2284 934 2324 suum
979 2268 1176 2339 quique
1201 2266 1494 2322 remedium
1523 2264 1790 2334 accipiant
1819 2279 1884 2318 cx
1913 2263 2068 2319 dictis

474 2361 713 2424 nostris,
778 2369 835 2414 et
889 2357 1180 2423 studeant,
1239 2364 1299 2410 ut
1346 2355 1528 2411 statim
1584 2357 1652 2410 ab
1699 2354 2068 2410 affectionibus

476 2461 712 2506 mentem
757 2449 1091 2504 turbantibus
1149 2448 1481 2512 liberentur,
1530 2445 2069 2514 convalescentesque

475 2544 730 2597 virtutum
761 2543 949 2596 studiis
974 2540 1197 2613 posthac
1225 2555 1284 2596 se
1307 2538 1734 2596 accommodent.
1760 2537 1972 2593 Etenim
2006 2538 2069 2592 iis

474 2635 566 2705 qui
607 2633 873 2704 corporali
914 2632 1103 2688 morbo
1155 2632 1431 2698 laborant,
1486 2630 1726 2700 quamvis
1767 2629 2069 2684 sexcenties

475 2727 715 2782 medicus
750 2725 984 2781 remedia
1011 2731 1276 2794 apponat,
1321 2723 1365 2777 si
1405 2737 1550 2792 (eger
1574 2729 1757 2775 autem
1786 2719 2068 2775 medicinae

473 2818 838 2888 operationem
868 2832 972 2872 non
999 2816 1264 2877 admittat,
1295 2821 1352 2868 et
1377 2828 1520 2882 smpe
1548 2825 1894 2878 succensens,
1923 2819 2068 2881 post-

474 2926 637 2983 quam
688 2909 930 2965 medicus
979 2907 1292 2978 imposuerit
1345 2904 1689 2975 pharmacum
1719 2944 1734 2970 ,
1787 2902 2068 2972 impatiens

475 3004 682 3060 doloris
711 3001 841 3058 illud
870 3001 1111 3071 rejiciat,
1163 2999 1306 3054 nulla
1351 2998 1478 3053 inde
1522 2998 1752 3053 utilitate
1797 3005 2063 3065 suscepta,

480 3109 640 3150 nemo
690 3093 926 3164 prudens
970 3093 1236 3147 medicum
1285 3089 1558 3161 arguerit,
1605 3088 1747 3160 quod
1778 3103 1884 3142 non
1913 3102 2068 3142 suum

475 3189 646 3260 egerit
671 3187 905 3243 officium
936 3201 951 3240 :
983 3185 1171 3241 eodem
1204 3184 1363 3240 modo
1388 3191 1442 3238 ct
1463 3182 1548 3238 hic
1572 3197 1671 3237 nos
1699 3181 2034 3237 medicamen
2052 3211 2068 3223 ο

476 3291 590 3337 tum
642 3295 706 3336 ex
759 3279 1020 3352 spirituali
1070 3277 1312 3333 doctrina
1355 3276 1652 3332 confectum
1702 3274 2064 3346 impellimus;

475 3383 712 3429 vestrum
744 3381 920 3426 autem
945 3370 1169 3438 posthac
1198 3368 1356 3424 fuerit
1376 3367 1521 3422 ferre
1546 3366 1780 3432 dolores,
1807 3375 1860 3421 et
1885 3379 2068 3420 curam

472 3479 596 3520 cum
623 3465 850 3519 utilitate
877 3462 1179 3528 admittere,
1206 3469 1317 3516 uta
1343 3459 1530 3515 morbo
1552 3457 1862 3526 liberati,ad
1885 3474 2068 3513 veram

475 3556 852 3627 regrediamini
898 3555 1203 3609 sanitatem.
1257 3552 1347 3607 Sic
1387 3553 1530 3607 enim
1577 3559 1634 3606 et
1681 3551 1780 3620 ipsi
1823 3565 2068 3621 magnam

472 3646 778 3718 percipietis
807 3646 1109 3711 utilitatem,
1140 3652 1194 3698 et
1222 3658 1319 3697 nos
1342 3657 1446 3697 non
1476 3641 1684 3697 modica
1716 3643 1839 3697 hinc
1865 3657 2069 3697 conso-

479 3736 1008 3801 latioueafticiemur,
1039 3736 1082 3789 si
1107 3733 1402 3788 viderimus
1430 3747 1542 3798 eos,
1574 3733 1662 3803 qui
1688 3732 1833 3802 prius
1859 3733 2070 3789 labora.

476 3828 625 3894 bant,
657 3837 765 3882 tam
794 3828 1118 3881 cito’bonam
1146 3823 1502 3879 valetudinem
1533 3839 1900 3894 recuperasse.

547 3919 702 3974 Ratio
725 3918 952 3972 humana
982 3926 1142 3987 potest
1169 3915 1339 3970 omnia
1384 3915 1506 3970 vitia
1549 3915 1816 3984 etfomare;
1847 3913 2070 3970 Paulum

475 4011 740 4084 prtedicat.
763 4041 834 4051 —
851 4009 1226 4081 Unusquisque
1247 4023 1374 4081 ergo
1411 4015 1651 4064 vestrum
1669 4049 1684 4074 ,
1717 4007 1942 4063 obsecro
1961 4047 1976 4072 ,
2020 4008 2068 4064 si

475 4120 583 4158 non
612 4112 788 4169 antea,
811 4102 998 4157 saltem
1028 4116 1171 4157 nunc
1195 4115 1415 4172 operam
1441 4099 1570 4166 det,
1608 4107 1670 4155 ut
1709 4098 1895 4155 vitium
1924 4098 2068 4169 quod

474 4197 576 4252 sibi
617 4196 788 4265 magis
826 4209 985 4264 quam
1032 4202 1226 4249 caetera
1268 4192 1517 4248 infestum
1566 4192 1730 4247 sentit
1778 4206 1843 4247 ex
1887 4191 2065 4246 anima

475 4296 712 4352 exsecet,
756 4293 812 4340 et
848 4286 933 4356 pia
976 4284 1297 4354 cogitatione
1338 4285 1488 4354 quasi
1533 4283 1794 4354 spirituali
1836 4283 2067 4354 quodam

474 4379 654 4449 gladio
677 4387 856 4443 utens,
885 4375 1210 4446 seipsum-ab
1233 4389 1300 4430 eo
1320 4375 1532 4430 liberet.
1565 4375 1882 4431 Deditenim
1911 4375 2068 4432 nobis

477 4471 620 4527 Deus
649 4469 908 4524 rationem
959 4483 1078 4538 quae
1126 4465 1352 4522 sufﬁciat
1396 4474 1451 4522 et
1488 4468 1695 4536 possit,
1747 4466 1790 4522 si
1841 4468 2067 4522 velimus

477 4577 664 4633 parum
694 4561 984 4630 respicere,
1005 4559 1182 4612 omnia
1207 4573 1327 4628 qua:
1362 4557 1412 4612 in
1436 4557 1589 4613 nobis
1617 4566 1909 4612 nascuntur
1928 4558 2063 4612 vitia

473 4653 716 4709 domare.
768 4651 1053 4720 PrOpterea
1080 4650 1240 4705 etiam
1281 4659 1583 4704 sanctorum
1628 4649 1866 4703 omnium
1903 4650 2065 4704 vitam

473 4755 528 4800 et
572 4744 817 4799 instituta
854 4743 907 4797 in
945 4741 1136 4796 divinis
1161 4740 1450 4812 Scripturis
1487 4739 1751 4810 descripta
1775 4780 1790 4806 ,
1837 4740 2067 4811 Spiritus

475 4835 644 4892 sancti
689 4836 857 4906 gratia
893 4835 1136 4904 reliquit,
1180 4843 1239 4888 ut
1280 4833 1549 4889 discentes
1591 4847 1722 4899 eos,
1769 4833 1892 4888 licet
1920 4833 2066 4904 ejus-

474 4929 598 4984 dem
646 4929 842 4983 fuerint
877 4938 1083 4981 natura:
1111 4966 1127 4992 ,
1167 4926 1416 4980 virtutem
1453 4934 1649 4980 “tamen
1703 4927 2065 4982 omnimodam

478 5021 819 5086 exhibuisse,
869 5034 937 5074 ne
983 5019 1150 5074 simus
1191 5031 1304 5072 nos
1346 5017 1519 5088 ignavi
1561 5025 1618 5073 et
1662 5017 1875 5075 desides
1919 5019 1970 5074 in
2004 5020 2066 5076 iis

481 5113 817 5168 exercendis.

546 5204 602 5256 5.
642 5205 834 5259 Annon
867 5211 1080 5258 natura:
1125 5210 1323 5256 nostra;
1351 5199 1450 5256 fuit
1490 5209 1546 5256 et
1590 5200 1778 5256 beatus
1822 5201 2067 5258 Paulus?

477 5294 667 5362 Flagro
687 5297 830 5349 enim
853 5295 1224 5366 amore-hujus
1252 5294 1385 5360 viri,
1428 5301 1486 5348 et
1509 5302 1789 5364 propterea
1811 5296 2066 5350 continuo

478 5393 726 5439 versatur
750 5387 864 5456 ipse
907 5387 958 5439 in
1003 5400 1098 5440 ore
1141 5400 1293 5451 meo,
1335 5394 1390 5440 et
1430 5385 1580 5455 quasi
1607 5385 1672 5440 ‘in
1717 5386 2064 5457 archetypum

476 5473 696 5541 aliquod
723 5476 1018 5545 exemplar,
1043 5477 1113 5530 ita
1127 5486 1193 5532 et
1220 5478 1272 5532 in
1305 5478 1447 5532 illius
1473 5475 1706 5531 animam
1745 5478 2062 5547 respiciens,

475 5567 799 5636 obstupeseo
825 5567 876 5620 in
906 5569 1132 5622 hoeviro
1147 5571 1334 5624 mirum
1363 5569 1648 5626 affectuum
1675 5581 2062 5642 contemptum,

478 5655 806 5712 fortitudinis
830 5657 1222 5725 excellentiam,
1248 5660 1447 5715 amoris
1475 5661 1526 5716 in
1557 5662 1723 5716 Deum
1753 5660 2018 5717 fervorem
2048 5681 2062 5718 :

480 5754 539 5799 et
578 5758 788 5800 mecum
832 5756 1057 5816 reputo.
1104 5763 1264 5803 unum
1302 5751 1572 5806 hominem
1613 5768 1804 5809 onmes
1841 5755 2066 5812 virtutes

461 5834 664 5889 mutuo
689 5849 787 5890 suo
815 5836 868 5891 in
889 5851 950 5894 se
977 5838 1252 5910 collegisse
1289 5848 1344 5897 ct
1368 5841 1706 5915 exhibuisse;
1752 5861 1955 5918 nosque
1997 5863 2064 5906 ne

2173 512 2460 568 minimum
2491 516 2704 585 quidem
2735 517 2932 574 bonum
2961 533 3096 590 opus
3127 529 3390 590 praestare
3435 525 3587 584 velle.
3631 528 3755 598 Quis

2178 604 2336 674 igitur
2361 622 2459 661 nos
2483 608 2672 678 eripiet
2717 624 2748 664 a
2793 611 3054 681 supplicio
3100 613 3436 669 inevitabili?
3479 619 3608 674 Nam
3637 638 3753 678 eum

2171 697 2418 766 ejusdem
2465 699 2554 754 ille
2599 701 2877 757 nobiscum
2928 703 3086 758 fuerit
3110 717 3334 774 naturae,
3365 717 3419 762 et
3442 708 3623 765 iisdem
3667 713 3760 768 ob-

2178 789 2368 843 noxius
2395 789 2784 858 affectionibus,
2829 803 2988 864 atque
3017 795 3068 849 in
3101 804 3574 868 tanta'temporum
3618 803 3756 858 (11Πί-

2176 881 2391 946 cultate,
2421 883 2691 954 quotidie,
2720 895 2778 940 ut
2807 887 2878 940 ita
2907 886 3084 942 dicam
3108 931 3124 956 ,
3156 892 3675 957 traetus,‘laceratus
3708 908 3759 952 et

2175 973 2388 1041 publice
2431 985 2670 1044 raptatus
2695 977 2856 1032 abiis
2894 979 2984 1049 qui
3009 980 3444 1050 praedicationem
3487 1001 3758 1057 oppugna-

2176 1063 2341 1126 bant,
2373 1065 2462 1134 qui
2505 1074 2560 1120 et
2597 1082 2740 1138 saepe
2769 1069 2941 1138 ipsum
2981 1081 3230 1126 enectum
3257 1075 3666 1143 existimarunt,
3707 1095 3760 1134 et

2174 1155 2324 1223 quasi
2353 1154 2672 1212 destinatam
2697 1159 2877 1214 animo
2901 1160 3104 1217 caedem
3137 1175 3560 1234 perpetrassent,
3592 1169 3756 1237 ipsum

2177 1245 2509 1314 reliquerunt
2547 1263 2562 1302 :
2603 1249 2939 1308 inveniturue
2978 1253 3170 1324 aliquis
3206 1266 3448 1314 nostrum
3470 1297 3484 1323 ,
3511 1258 3754 1327 desidiae,

2176 1337 2526 1408 segnitieique
2554 1339 2880 1409 deditorum,
2926 1344 3018 1413 qui
3056 1354 3255 1401 tantam
3283 1350 3532 1404 virtutum
3561 1353 3758 1422 magni-

2178 1431 2413 1487 tudinem
2460 1449 2569 1504 prm
2613 1448 2672 1490 se
2711 1434 2890 1491 ferat?
2923 1436 3136 1492 Verum
3184 1451 3384 1509 quanta
3433 1441 3620 1499 beatus
3671 1447 3758 1502 ille

2175 1525 2428 1594 praeclara
2471 1542 2632 1598 opera
2677 1527 2881 1596 fecerit,
2914 1539 2966 1585 et
3005 1530 3402 1601 fortitudinem,
3457 1525 3615 1606 quam
3649 1554 3758 1607 ,pro

2175 1616 2448 1687 religionis
2478 1619 2875 1688 praedicatione
2920 1622 3160 1692 quotidie
3207 1624 3544 1694 exhibuerit,
3588 1644 3688 1682 non
3723 1647 3756 1685 a

2177 1717 2358 1762 nostra
2379 1709 2586 1780 lingua,
2631 1711 2726 1766 sed
2768 1711 2837 1766 ab
2886 1713 3003 1784 ipso
3045 1725 3258 1785 oportet
3301 1717 3488 1774 audire
3531 1721 3756 1778 dicente.

2175 1796 2401 1866 Quando
2427 1801 2569 1855 enim
2597 1801 2648 1855 in
2676 1817 2795 1858 eam
2820 1803 3035 1860 devenit
3060 1808 3452 1875 necessitatem,
3475 1819 3530 1864 ut
3552 1823 3759 1883 propter

2176 1888 2746 1959 pscudoapostolorum
2795 1892 3059 1950 fallaciam
3100 1911 3188 1952 res
3216 1912 3342 1952 suas
3369 1915 3624 1958 enarrare
3667 1919 3759 1959 oo-

2172 1988 2392 2049 gcretur
2419 1997 2434 2033 :
2468 1992 2572 2036 tam
2595 1997 2756 2052 grave
2783 1985 2925 2040 enim
2953 1986 3093 2042 istud
3115 1996 3170 2043 et
3195 1989 3479 2046 molestum
3510 1993 3756 2062 ipsierat,

2176 2080 2232 2124 ut
2262 2072 2646 2142 reluctaretur,
2683 2084 2746 2131 et
2787 2092 3076 2148 numquam
3117 2080 3171 2134 in
3199 2082 3431 2137 medium
3473 2099 3538 2141 ea
3575 2085 3760 2143 all'erre

2175 2161 2354 2229 vellet,
2387 2164 2494 2218 imo
2519 2165 3004 2235 seipsum'auderet
3032 2186 3227 2228 vocare
3256 2173 3626 2245 blasphemum
3649 2217 3667 2244 ,
3709 2189 3761 2235 et

2175 2263 2613 2324 persequutorem
2639 2276 2654 2314 :
2681 2260 2931 2329 quoniam
2956 2271 3135 2318 autem
3164 2270 3620 2334 pernecessarium
3646 2285 3760 2326 esse

2177 2343 2406 2413 videret,
2439 2354 2496 2401 ut
2528 2346 2880 2417 impostorum
2911 2367 3004 2406 ora
3032 2353 3372 2423 Obstrueret,
3404 2366 3459 2413 et
3493 2358 3761 2430 discipulis

2175 2451 2390 2506 parvam
2433 2438 2586 2495 daret
2625 2442 3045 2499 consolationem
3092 2462 3108 2500 :
3163 2447 3240 2502 sic
3284 2447 3395 2503 fere
3438 2451 3604 2520 coepit
3631 2461 3762 2521 post

2176 2531 2338 2585 multa
2369 2531 2470 2586 alia
2491 2532 2671 2590 dicere
2696 2552 2708 2588 :
2733 2533 2802 2589 In
2824 2551 2924 2605 quo
2948 2537 3060 2607 quis
3089 2539 3276 2606 audet,
3307 2557 3396 2611 per
3425 2542 3759 2612 insipientiam

2173 2621 2372 2693 loquor,
2405 2623 2568 2678 audeo
2589 2635 2640 2679 et
2669 2642 2762 2696 ego
2793 2626 2869 2696 (2.
2900 2626 3018 2682 Cor.
3047 2630 3132 2684 il.
3161 2628 3275 2700 21).
3306 2631 3758 2703 Considerapiam

2165 2713 2440 2779 animam,
2488 2730 2596 2770 non
2635 2717 2808 2772 solum
2838 2717 3150 2787 audaciam,
3183 2723 3276 2777 sed
3317 2733 3370 2778 et
3409 2725 3759 2795 insipientiam

2174 2820 2287 2860 rem
2315 2817 2650 2864 eam'vocat:
2676 2809 2879 2866 'docens
2921 2826 3020 2867 nos
3048 2828 3116 2868 ne
3143 2830 3392 2886 umquam
3422 2818 3558 2873 citra
3586 2833 3760 2874 neces-

2175 2895 2388 2952 Sitatem
2413 2939 2430 2962 ,
2475 2907 2531 2954 et
2571 2899 2722 2955 nullo
2766 2911 3008 2972 urgente,
3033 2919 3152 2974 qua:
3177 2907 3388 2961 anubis
3425 2907 3564 2962 facta
3601 2921 3757 2972 sunt,

2173 2999 2524 3060 ostentcmus,
2554 2994 2598 3048 si
2626 2994 2840 3064 quidem
2859 2996 3018 3066 aliqui
3040 3011 3105 3052 ex
3130 2998 3286 3053 nobis
3310 3001 3650 3056 inveniantur
3673 3001 3759 3072 qui

2173 3083 2372 3138 bonum
2400 3084 2616 3155 aliquod
2630 3097 2752 3140 sunt
2777 3088 3206 3158 operati.‘1nquo
3229 3091 3362 3161 quis,
3383 3091 3578 3162 inquit,
3595 3093 3758 3158 audet,

2173 3192 2264 3246 per
2275 3177 2632 3246 insipientiam
2646 3179 2856 3249 'loquor,
2887 3182 3050 3236 audeo
3065 3193 3111 3236 et
3127 3200 3252 3254 ego:
3277 3183 3377 3239 hoc
3393 3195 3494 3252 est,
3516 3186 3760 3257 quoniam

2173 3284 2272 3338 ego
2303 3271 2524 3324 multam
2550 3271 2704 3325 video
2732 3273 3127 3341 necessitatem,
3153 3274 3351 3330 audere
3371 3277 3512 3340 volo,
3549 3289 3602 3333 et
3641 3277 3763 3332 insi-

2174 3359 2386 3429 pientia:
2418 3375 2552 3430 opus
2580 3361 2856 3418 exhibere.
2893 3363 3095 3419 llebrtei
3118 3375 3256 3433 sunt,
3290 3377 3347 3421 et
3367 3385 3490 3438 ego;
3519 3367 3762 3423 Israelita:

2173 3461 2310 3515 sunt,
2343 3460 2389 3505 et
2414 3467 2541 3524 ego;
2570 3469 2738 3508 semen
2763 3454 2981 3510 Abrahae
3003 3466 3119 3511 sunt
3138 3497 3155 3525 ,
3203 3467 3250 3512 et
3294 3475 3386 3530 ego
3432 3459 3546 3530 (Ib.
3575 3477 3619 3515 υ.
3648 3460 3757 3528 2⁸2).

2178 3541 2251 3596 De
2282 3541 2401 3604 hoc,
2436 3543 2646 3612 inquit,
2699 3545 2942 3600 sublime
2973 3548 3186 3616 sapiunt
3224 3556 3278 3601 et
3319 3549 3651 3619 gloriantur;
3697 3565 3760 3605 ne

2176 3641 2360 3701 putent
2390 3648 2451 3688 ea
2481 3634 2634 3688 nobis
2658 3635 2883 3702 deesse;
2909 3638 3069 3692 etiam
3116 3653 3214 3692 nos
3254 3640 3567 3696 eorumde
3606 3642 3760 3712 parti-

2172 3723 2320 3792 cipes
2345 3738 2552 3779 sumus.
2600 3725 2802 3782 Deinde
2841 3727 3068 3797 subjecit
3102 3746 3116 3783 :
3148 3727 3374 3783 Hinislri
3402 3730 3593 3788 Christi
3629 3744 3758 3801 sunt,

2173 3827 2227 3869 ttt
2253 3816 2419 3870 minus
2447 3817 2648 3886 sapiens
2675 3819 2807 3886 dico,
2843 3819 2958 3889 plus
2983 3838 3075 3892 ego
3118 3820 3226 3892 (Ib.
3256 3839 3302 3876 υ.
3333 3822 3448 3895 25).

2245 3908 2300 3965 6.
2347 3909 2476 3965 Vide
2503 3910 2607 3979 hic,
2635 3911 2855 3977 dilecte,
2897 3912 3066 3968 beata:
3095 3914 3248 3985 hujus
3272 3917 3463 3971 anima:
3490 3917 3759 3975 virtutem.

2171 4001 2304 4058 Nam
2329 4013 2614 4074 postquam
2645 4020 2756 4061 rem
2794 4020 2824 4060 a
2871 4021 2930 4061 se
2977 4007 3190 4074 factam,
3237 4009 3512 4064 audaciam
3551 4021 3604 4066 ct
3633 4011 3758 4065 insi-

2174 4093 2426 4164 pientiam
2453 4097 2679 4162 vocavit,
2711 4099 2955 4167 quamvis
2985 4097 3042 4152 in
3077 4107 3221 4154 tanta
3258 4109 3402 4155 esset
3443 4103 3760 4156 necessitate

2172 4187 2529 4254 constitutus,
2563 4203 2736 4257 neque
2775 4188 2856 4242 sic
2887 4197 3062 4244 tamen
3108 4189 3265 4244 dictis
3306 4201 3592 4247 contentus
3611 4192 3712 4246 fuit
3743 4205 3756 4245 :

2173 4278 2268 4334 sed
2296 4293 2416 4333 cum
2447 4279 2915 4337 demonstraturus
2938 4290 3083 4338 esset
3112 4297 3170 4338 se
3200 4283 3322 4338 illos
3347 4299 3542 4355 magno
3558 4301 3759 4355 prince-

2171 4372 2303 4428 dere
2331 4373 2634 4440 intervallo,
2665 4381 2719 4428 ut
2749 4389 2816 4430 ne
2836 4376 2953 4445 quis
2982 4391 3103 4430 eum
3137 4385 3285 4446 putet
3313 4393 3408 4446 per
3445 4377 3759 4434 ostentatio-

2173 4479 2295 4519 nem
2327 4463 2441 4519 haec
2465 4464 2662 4529 dicere,
2695 4465 2884 4521 iterum
2917 4467 3273 4536 insipientiam
3292 4478 3456 4523 vocat
3480 4469 3623 4540 quod
3647 4484 3675 4522 a
3703 4483 3759 4523 se

2172 4557 2465 4622 dicebatur,
2497 4557 2645 4627 quasi
2685 4557 2886 4612 diceret
2931 4575 2945 4612 :
2982 4558 3106 4613 Non
3136 4573 3254 4612 sum
3286 4559 3498 4614 nescius
3527 4577 3612 4616 me
3639 4575 3749 4614 rem

2173 4647 2352 4704 facere
2375 4663 2495 4719 qua:
2524 4648 2722 4703 multos
2746 4648 3001 4716 offendat,
3020 4659 3076 4704 et
3091 4665 3208 4720 qua:
3235 4666 3408 4720 neque
3436 4667 3522 4706 me
3541 4651 3755 4706 deceat:

2173 4739 2267 4793 sed
2300 4754 2386 4794 me
2427 4739 2702 4809 compellit
2747 4755 2937 4810 magna
2969 4742 3293 4807 necessitas;
3343 4742 3464 4796 ideo
3509 4743 3760 4813 ignoscite

2173 4831 2304 4886 milii
2335 4831 2653 4900 insipientize
2683 4831 2840 4887 verba
2872 4833 3141 4903 "loquenti.
3187 4833 3354 4902 Hujus
3383 4835 3475 4890 vel
3520 4835 3756 4890 umbram

2173 4923 2443 4979 imitemur
2466 4939 2583 4991 nos,
2613 4927 2699 4994 qui
2734 4926 2894 4980 tantis
2926 4927 3219 4995 premimur
3244 4926 3495 4995 peccatis,
3541 4938 3596 4982 et
3621 4942 3759 4996 szepe

2173 5018 2216 5072 si
2262 5032 2484 5086 parvum
2523 5003 2774 5086 quiddam
2809 5026 2966 5072 recte
2993 5016 3258 5081 'faeimus,
3306 5033 3479 5088 neque
3507 5017 3676 5088 ipsum
3710 5021 3759 5072 in

2174 5109 2538 5180 promptuario
2563 5109 2757 5164 mentis
2802 5118 3001 5162 nostra:
3041 5109 3334 5179 repositum
3379 5126 3596 5164 manere
3627 5110 3758 5180 pati-

2173 5219 2316 5266 tnur,
2345 5201 2438 5256 sed
2466 5211 2523 5256 ttt
2545 5201 2824 5271 giorio’lam
2863 5201 3096 5270 aliquam
3141 5201 3210 5256 ab
3255 5200 3567 5257 hominibus
3594 5219 3758 5256 vene-

2173 5309 2313 5357 mur,
2345 5293 2709 5363 divu’lgamus,
2750 5301 2812 5349 et
2839 5293 2907 5348 ab
2951 5293 3377 5364 intempestivam
3410 5294 3758 5364 nugacitatem

2173 5384 2351 5439 divina
2377 5385 2728 5440 retributione
2765 5387 3123 5455 nosmetipsos
3149 5385 3478 5440 fraudamus.
3529 5387 3596 5440 At
3632 5384 3760 5438 nihil

2176 5475 2282 5530 tale
2310 5474 2464 5530 beato
2487 5475 2650 5530 Paulo
2677 5475 2972 5530 accidebat.
3025 5475 3130 5531 Sed
3169 5475 3338 5545 quid?
3369 5476 3592 5530 dlim'stri
3620 5474 3758 5529 Clu-i-

2174 5567 2239 5620 sti
2262 5576 2399 5634 snnt,
2431 5576 2482 5619 ut
2508 5567 2672 5621 minus
2701 5567 2900 5636 sapiens
2917 5568 3051 5633 dico,
3087 5569 3199 5637 plus
3225 5583 3356 5636 ego;
3398 5568 3522 5623 deitt
3549 5565 3761 5621 adducit

2174 5659 2228 5712 in
2275 5659 2509 5714 medium
2555 5675 2618 5714 ea
2670 5675 2790 5728 qua:
2823 5657 3256 5728 pseudoapostoli
3287 5675 3390 5712 non
3422 5657 3758 5714 exhibebant.

2174 5749 2458 5816 Quomodo
2491 5750 2633 5805 enim
2661 5749 3031 5803 exbibuisscnt
3071 5748 3157 5818 qui
3187 5748 3464 5803 veritatem
3495 5761 3761 5816 oppugna-

2175 5847 2341 5915 bant,
2385 5851 2439 5902 ct
2465 5842 2596 5900 nihil
2619 5857 2724 5900 non
2755 5841 2980 5913 agebant
3005 5849 3062 5896 ut
3089 5840 3447 5912 praedicationi
3496 5836 3761 5909 religionis
