4144 6424
468 418 559 479 07"
1230 416 1237 423 ⁷
1606 414 1675 475 ΙΝ
1709 410 1863 482 CAP.
1894 417 1956 476 ll.
1984 417 2230 478 GENES.
2270 414 2499 480 llOMlL.
2542 420 2659 483 XII.
3687 439 3757 495 93

475 533 853 602 obsisterent,
876 547 940 591 ac
987 540 1198 591 mentes
1242 532 1632 604 simpllciorum
1660 533 2076 591 subverterent?

474 628 644 698 Igitur
668 636 731 683 ut
756 627 911 694 dixit,
939 624 1068 681 Plus
1095 642 1208 698 ego,
1236 635 1517 682 enumerat
1536 633 1720 697 postea
1745 625 2077 682 fortitudinis

478 735 593 776 suae
623 720 881 789 praeclara
907 728 1095 790 opera,
1124 728 1180 774 et
1199 718 1372 788 inquit
1397 732 1412 770 :
1441 716 1510 772 In
1533 717 1792 772 laboribus
1819 718 2075 790 plurimis,

478 812 536 865 in
567 810 733 880 plagis
756 824 919 879 supra
954 809 1161 864 modum
1182 849 1198 874 ,
1247 808 1302 862 ill
1328 808 1572 863 mortibus
1594 807 1899 879 fl'equenter.
1940 806 2078 876 Quid

479 902 655 958 dicis?
680 900 1019 972 Stupendum
1045 907 1102 956 et
1118 890 1434 956 admirabile
1462 908 1546 956 est
1569 899 1711 971 quod
1736 910 1765 953 tt
1788 908 1840 955 te
1864 900 2075 955 dicitur.

486 994 652 1048 Estne
679 992 824 1048 enim
854 991 1128 1062 possibile,
1162 999 1221 1047 ut
1247 991 1367 1062 quis
1391 1004 1537 1061 sape
1564 990 1856 1046 moriatur?
1880 989 2077 1055 Etiam,

483 1084 703 1154 inquit,
750 1082 999 1154 quamvis
1036 1095 1144 1137 non
1187 1082 1379 1138 mortis
1419 1081 1751 1152 experientia
1777 1115 1795 1148 ς
1840 1086 2077 1136 attamen

483 1173 751 1230 moriendi
789 1172 1106 1244 proposito:
1136 1172 1337 1229 docens
1364 1182 1487 1240 nos,
1514 1171 1743 1228 subinde
1765 1181 1825 1226 se
1847 1171 1919 1227 ob
1943 1183 2081 1240 pra:-

488 1267 812 1322 dicationem
840 1264 1031 1321 mortis
1059 1263 1293 1336 pericula
1317 1260 1515 1320 adiisse
1533 1263 1666 1330 ,sed
1706 1263 1799 1318 Dei
1825 1263 1992 1333 gratia
2023 1261 2081 1319 in

488 1358 685 1414 mediis
711 1357 963 1428 periculis
992 1356 1252 1411 athletam
1293 1362 1569 1411 senatum
1590 1390 1621 1422 ,.
1649 1367 1759 1425 quo
1800 1353 2077 1424 discipulis

486 1450 658 1520 magis
682 1447 982 1519 prodesset.
1025 1445 1092 1501 In
1129 1445 1370 1501 mortibus
1389 1485 1406 1513 ,
1448 1444 1659 1516 inquit;
1689 1444 1976 1514 frequenter
1997 1459 2017 1499 :
2045 1461 2079 1499 a

484 1540 690 1597 ludatis
713 1539 978 1611 quinquies
998 1539 1336 1610 quadraginta
1356 1538 1538 1609 plagas
1558 1548 1664 1592 una
1687 1537 1854 1591 minus
1879 1537 2074 1607 accepi,

486 1643 564 1687 ter
589 1633 741 1703 uirgis
777 1645 938 1686 cursus
960 1638 1101 1697 sunt,
1121 1629 1280 1684 semel
1318 1625 1611 1698 lapidatus,
1649 1636 1730 1681 ter,
1751 1627 2079 1698 naufragium

488 1728 812 1797 [admouent
825 1740 886 1779 ac
913 1724 1123 1779 tumin
1141 1723 1397 1795 proﬂads
1419 1723 1537 1794 egi;
1560 1724 1615 1777 in
1630 1723 1892 1778 itineribus
1918 1730 2073 1793 saepe,

490 1816 750 1888 periculis.
772 1815 1102 1886 (tantillum,
1127 1813 1364 1883 periculis
1412 1814 1666 1868 latronum
1689 1855 1704 1881 ,
1753 1812 1990 1883 periculis
2018 1828 2082 1867 ea:

489 1924 691 1978 genere,
721 1904 961 1977 periculis
988 1921 1054 1960 ea:
1079 1903 1329 1976 gentibus,
1360 1904 1598 1973 periculis
1632 1916 1696 1958 ea
1725 1904 1871 1973 falsis
1905 1905 2082 1976 fratri-

491 2001 585 2054 ltus
609 2039 625 2064 ,
669 1997 914 2069 periculis.
935 1997 994 2051 in
1032 1994 1314 2050 ciuitatibus
1340 2035 1358 2063 ,
1407 1995 1647 2065 periculis
1683 1995 1739 2050 in
1770 1996 2082 2061 solitudine,
2148 2015 2153 2019 ·

493 2090 811 2161 μετίωίίιεη
837 2088 970 2143 mari
997 2088 1074 2162 (εδ
1103 2089 1227 2143 Cor.
1263 2089 1350 2144 tt.
1381 2087 1635 2158 24.46)-
1660 2087 1740 2143 Nc
1767 2087 2081 2158 sitnpliciter

494 2192 877 2254 unctoremnus
926 2179 1045 2238 Itale
1094 2180 1235 2236 dicta
1262 2208 1293 2248 φ
1334 2177 1517 2235 dilecti
1570 2198 1586 2233 :
1635 2193 1759 2235 nam
1806 2179 2082 2251 quodlibet

493 2275 684 2330 horum
731 2288 830 2344 per.
872 2287 932 2328 se
978 2271 1152 2327 solum
1196 2270 1420 2341 pelagus
1464 2268 1687 2340 aliquod
1730 2269 2081 2326 tentationum

493 2366 652 2422 nobis
669 2364 939 2421 ostendit.
956 2363 1076 2420 Non
1102 2363 1244 2418 enim
1264 2361 1580 2433 simpliciter
1602 2362 1704 2417 iter
1722 2373 1885 2417 unum
1909 2360 2046 2418 dixit
2064 2378 2081 2417 :

493 2457 619 2527 sed,
643 2457 709 2513 lu
733 2458 996 2513 itineribus
1040 2470 1177 2528 saepe
1223 2471 1243 2511 :
1289 2469 1462 2529 neque
1500 2468 1664 2511 unum
1692 2455 1986 2527 perieulum
2028 2456 2083 2511 in

495 2549 692 2615 ﬂuviis,
722 2548 826 2605 sed
861 2548 1027 2603 multa
1055 2558 1110 2604 et
1131 2548 1305 2613 varia;
1331 2558 1391 2604 et
1422 2548 1602 2603 omnia
1644 2548 1843 2619 ingenti
1872 2546 2087 2604 fortitu-

493 2643 620 2697 dine
662 2641 801 2696 tulit.
851 2639 918 2696 Et
948 2649 1073 2712 post
1092 2640 1207 2696 huic
1234 2641 1413 2697 omnia
1449 2641 1640 2697 iterum
1668 2642 1840 2712 inquit
1868 2656 1882 2695 :
1916 2640 1984 2696 In
2008 2642 2088 2696 la-

495 2736 613 2789 bore
632 2743 679 2788 et
702 2748 955 2803 rerum,
981 2734 1034 2788 in
1059 2734 1244 2806 uigiliis
1257 2749 1413 2805 stupe,
1437 2735 1491 2789 in
1511 2735 1650 2805 [ante
1671 2746 1717 2790 et
1745 2735 1851 2804 siti,
1874 2735 1927 2790 in
1943 2737 2088 2807 jeju-

495 2828 597 2882 uit's
616 2842 770 2897 stupe,
790 2828 844 2882 in
871 2828 1060 2900 [ligare
1077 2837 1125 2882 et
1151 2827 1399 2896 nuditate,
1422 2837 1606 2899 prater
1629 2828 1724 2884 illa
1740 2843 1856 2901 quae
1882 2830 2083 2885 extrin-

493 2932 635 2972 secus
662 2926 795 2984 sunt.
813 2917 925 2987 (Ib.
954 2932 1004 2971 υ.
1028 2918 1119 2972 ΞῚ.
1145 2917 1267 2990 ‘28);
2021 2988 2029 2994 θ

565 3010 622 3064 7.
657 3008 814 3064 Pauli
835 3022 1078 3065 eruimus
1102 3011 1276 3065 uarice.
1306 3032 1378 3051 -ι
1402 3009 1536 3067 Vide
1576 3012 1768 3067 iterum
1807 3010 1948 3067 aliud
1987 3026 2085 3084 pe-

495 3104 648 3174 lagus
675 3103 1027 3158 tentationum
1058 3101 1216 3158 nobis
1241 3103 1456 3172 aperiri.
1489 3101 1559 3159 Ut
1582 3104 1730 3160 enim
1752 3104 1907 3172 dixit,
1937 3104 2088 3160 Prte-

496 3202 573 3247 κν
597 3193 689 3248 illa
723 3208 839 3263 quat
872 3193 1185 3248 extrinsecus
1216 3203 1357 3261 sunt,
1395 3195 1685 3251 insinvit
1726 3197 2088 3267 praetenuissa

498 3288 646 3357 plura
675 3301 821 3350 esse,
850 3298 1008 3357 quam
1050 3301 1169 3357 quae
1193 3286 1335 3342 dicta
1360 3296 1509 3343 sunt.
1538 3287 1724 3358 Neque
1748 3288 1833 3343 bis
1866 3298 2092 3345 conten-

496 3389 583 3433 tus
613 3377 731 3446 fuit,
757 3392 941 3434 verum
968 3392 1068 3433 nos
1096 3377 1253 3435 docet
1283 3387 1636 3449 pressuraset
1657 3380 2090 3452 conspirationes

496 3484 629 3540 quas
653 3469 927 3535 sustinuit,
958 3471 1039 3525 sic
1059 3469 1246 3525 dicens
1277 3487 1292 3524 :
1321 3469 1579 3525 Instantis
1622 3484 1733 3526 mea
1769 3473 2086 3542 quotidiana,

496 3561 786 3615 sollicitudo
804 3561 1027 3615 omnium
1054 3559 1422 3617 Ecclesiarum.
1447 3561 1586 3617 Ecce
1609 3560 1717 3618 hoc
1734 3563 2089 3634 bonuttwpus

500 3654 583 3708 vel
603 3653 816 3708 unicum
832 3652 1105 3708 sufﬁciens
1121 3662 1223 3720 est,
1238 3663 1296 3708 ut
1311 3666 1554 3709 summus
1570 3654 1674 3726 ipsi
1687 3655 1938 3710 virtutum
1953 3670 2090 3726 apex

498 3744 804 3798 tribuatur:
849 3742 1184 3812 Sollicitudo,
1226 3743 1418 3814 inquit,
1459 3746 1685 3800 omnium
1719 3743 2090 3816 Ecclesiarttm,

500 3834 806 3901 nouuuius,
827 3834 915 3890 rel
935 3833 1189 3902 duarum,
1214 3836 1297 3891 vel
1322 3836 1506 3903 trium,
1561 3837 1657 3893 sed
1690 3838 1930 3894 omnium
1972 3854 2091 3910 quae

500 3927 553 3981 in
607 3936 719 3982 toto
762 3926 915 3982 orbe.
959 3925 1097 3982 Nam
1136 3936 1391 3997 quantum
1431 3935 1628 3983 terram
1662 3929 1745 3983 sol
1785 3929 1947 3985 radiis
1980 3930 2094 3986 suis

503 4019 755 4087 illustrat,
785 4027 986 4074 tantam
1016 4000 1201 4074 curam
1228 4029 1283 4074 et
1310 4019 1724 4077 sollicitudinem
1747 4020 1931 4077 habuit
1953 4023 2090 4079 Pau-

502 4109 604 4165 lus.
632 4109 827 4164 Vidisti
847 4110 1180 4166 latitudinem
1210 4111 1417 4166 animi?
1447 4111 1625 4167 vidisti
1651 4113 1848 4168 mentis
1888 4115 2093 4185 magni-

502 4199 784 4256 tudinem?
812 4200 930 4257 lam
972 4202 1113 4271 quod
1148 4202 1525 4272 subsequitur,
1557 4203 1736 4257 Omnia
1776 4206 2091 4275 superiora,

501 4306 558 4349 ut
583 4294 654 4349 ita
692 4294 904 4362 dicam,
926 4296 1183 4366 contegit.
1238 4294 1366 4360 Quis
1390 4296 1533 4351 enim
1560 4297 1873 4365 inﬁrmatur,
1898 4299 2088 4370 inquit,

498 4398 546 4442 et
569 4404 660 4458 ego
687 4404 804 4443 nm
828 4388 1108 4457 inﬁrmor.’
1160 4388 1279 4456 quis
1316 4388 1723 4455 scandalizatur,-
1764 4399 1812 4444 et
1854 4406 1946 4461 ego
1987 4407 2089 4446 non

498 4495 620 4533 uror
642 4477 662 4551 (
686 4480 742 4533 ‘2.
767 4478 889 4534 Con.
919 4481 1005 4534 li.
1030 4478 1102 4535 29
1148 4477 1220 4550 )t?
1249 4479 1435 4550 Papus,
1454 4491 1688 4551 quatuus
1706 4481 1807 4537 viri
1830 4482 1990 4552 huius
2034 4483 2092 4538 in

500 4571 640 4625 ﬁlios
667 4587 820 4626 amor
847 4581 902 4627 et
930 4571 1260 4642 indulgentia
1292 4572 1308 4627 ε
1339 4584 1534 4643 quanta
1575 4575 1845 4645 vigilantia
1870 4576 1885 4630 ε
1915 4593 2087 4647 quan-

500 4671 695 4717 tacura
729 4665 744 4716 l
778 4661 908 4729 ρυω
946 4670 1115 4717 utatur
1138 4663 1217 4717 sic
1259 4663 1533 4718 cruciatur
1553 4663 1690 4718 intra
1722 4666 1929 4721 viscera
1976 4665 2091 4722 tilio

501 4751 652 4809 febre
678 4752 975 4820 laborante,
1020 4761 1087 4809 ett
1121 4754 1173 4808 in
1209 4753 1351 4810 lecto
1393 4754 1770 4823 deoumbente,
1803 4766 1862 4811 ut
1901 4757 2090 4814 beatus

497 4845 596 4901 ille
633 4861 741 4915 pro
767 4847 958 4916 quovis
1002 4847 1236 4913 infirmo,
1280 4860 1621 4918 quocumque
1650 4848 1738 4904 ille
1758 4851 1878 4905 loco
1919 4860 2085 4919 esset,

497 4938 899 5003 iulimtabatltr,
921 4946 978 4994 et
1006 4954 1107 5009 pro
1144 4939 1517 4995 seedlinlizatis
1554 4941 1858 4996 urebatur?
1893 4942 2086 4998 Consi-

494 5029 625 5085 dera
646 5030 808 5094 enim,
835 5030 1348 5100 quasonerhorum'
1368 5032 1621 5087 latentem
1648 5034 1754 5087 vim
1787 5042 1843 5089 et
1865 5035 2087 5104 empha-

492 5123 600 5176 sin.
632 5120 749 5175 Nun
772 5120 941 5187 dixit,
964 5120 1611 5188 Quiescandalisatuﬁet
1634 5137 1737 5193 ego
1760 5130 1866 5178 non
1889 5123 2088 5181 doleo?

492 5212 612 5279 sed,
656 5211 815 5277 Uror,
870 5212 1394 5281 Masinissensium
1432 5212 1591 5268 nobis
1629 5213 1870 5270 dolorem
1908 5214 2088 5270 decla-

494 5320 641 5370 rans,
665 5306 820 5375 quasi
835 5305 1238 5361 demonstraret
1253 5319 1313 5359 sc
1338 5304 1661 5362 intrinsecus
1689 5307 1901 5364 incendi
1929 5317 1985 5363 et
2003 5315 2085 5364 url

491 5412 593 5467 pro
616 5397 791 5467 iisqui
815 5396 1241 5453 oﬂ'endeba‘ntur.
1268 5396 1397 5453 Seio
1420 5410 1511 5453 me
1544 5398 1601 5453 in
1628 5413 1874 5471 magnam
1923 5403 2088 5471 proli-

495 5491 730 5544 xitstem-
772 5489 1082 5546 extendisse
1132 5490 1452 5557 doctrinam,
1498 5492 1749 5562 quamvis
1797 5501 2084 5550 statueram

494 5579 660 5635 hodie
686 5580 903 5636 brevior
928 5594 1072 5648 esse,
1112 5590 1172 5635 ut
1196 5580 1465 5650 paululum
1495 5597 1526 5635 a
1549 5582 1734 5652 jejunii
1757 5583 1939 5639 labore
1959 5599 2086 5655 pos-

484 5669 608 5726 sitis
636 5669 905 5739 respirare
927 5687 943 5725 :
967 5670 1063 5728 sed
1077 5670 1261 5726 nescio
1278 5670 1568 5740 quomodo,
1591 5682 1647 5726 ut
1675 5673 1728 5727 in
1758 5672 1970 5730 divitias
1990 5675 2086 5730 bo-

479 5770 683 5821 norum
726 5776 949 5833 operum
1005 5760 1160 5833 hujus
1205 5761 1385 5818 sancti»
1420 5761 1606 5833 incidi,
1660 5763 1894 5835 linguam
1946 5766 2080 5825 mihi

2172 539 2324 610 quasi
2351 542 2521 611 rapidi
2550 542 2785 600 ﬂuminis
2814 542 2895 599 vis
2919 544 3112 616 rapuit.
3144 546 3434 618 Propterea
3464 548 3550 606 hic
3594 550 3756 609 finem

2173 629 2382 686 dicendi
2423 631 2644 701 faciens,
2666 647 2765 688 oro
2797 636 3079 691 caritatem
3117 647 3369 706 vestram,
3416 640 3473 696 ut
3514 644 3767 702 continue

2172 719 2323 779 illuin
2355 724 2409 779 itt
2446 733 2630 782 mente
2676 726 3083 794 circumferatis,
3126 740 3181 787 et
3224 732 3451 791 subinde
3497 738 3764 808 cogitetis,
3845 728 3851 733 ’

2171 826 2294 872 cum
2351 815 2595 887 ejusdem
2643 819 2922 876 nobiscum
2959 831 3164 878 natura}
3195 836 3523 896 consortem,
3573 829 3762 887 iisdem

2171 906 2545 965 affectionibus
2585 910 2897 981 obnoxium,
2938 914 3208 984 opiﬁcium
3247 915 3354 973 vile
3414 934 3478 975 ac
3523 932 3766 977 contem-

2171 1005 2319 1072 ptu‘tn
2347 1012 2686 1060 exercentem
2717 1005 2932 1076 pellium
2953 1017 3214 1075 sutorem,
3245 1018 3299 1064 et
3320 1010 3371 1065 in
3401 1004 3630 1068 ofllcinis
3654 1014 3764 1069 fre-

2169 1098 2443 1162 quentem,
2476 1096 2598 1166 quia
2620 1098 2867 1154 voluitet
2908 1097 3163 1156 dcererit»
3188 1101 3443 1158 virtutum
3484 1102 3660 1159 Studio
3704 1121 3767 1162 se

2169 1184 2569 1256 mancipare,et
2606 1187 2852 1244 idoneum
2896 1200 2956 1245 se
3000 1193 3326 1249 constituere
3371 1197 3766 1264 receptaculum

2168 1274 2397 1346 Spiritus
2436 1277 2628 1343 sancti,
2684 1280 2881 1352 largius
2917 1296 3130 1354 quoque
3172 1298 3403 1354 superna
3450 1286 3771 1346 liberalitate

2168 1371 2394 1441 potitum
2422 1382 2561 1428 esse.
2601 1373 2667 1429 Et
2697 1385 2798 1430 nos
2838 1376 2986 1443 item,
3028 1377 3073 1432 si
3111 1376 3441 1435 Volucrimus
3476 1381 3619 1450 quod
3663 1397 3764 1435 no-

2168 1472 2337 1518 strum
2385 1474 2468 1520 est
2510 1463 2707 1534 facere,
2753 1468 2889 1523 nillil
2928 1464 3232 1539 prohibebit
3272 1472 3461 1528 eadem
3490 1487 3589 1528 nos
3623 1474 3763 1531 bona

2168 1555 2446 1625 conseqdi.
2484 1555 2746 1612 Liberalis
2774 1558 2916 1613 enim
2943 1567 3026 1615 est
3056 1558 3332 1625 Dominus,
3373 1570 3429 1617 et
3481 1562 3596 1617 Vult
3645 1570 3757 1619 om-

2168 1663 2257 1702 ncs
2284 1646 2510 1702 homines
2548 1649 2712 1703 salvos
2749 1649 2881 1718 ﬁeri,
2912 1659 3063 1721 atque
3103 1651 3171 1705 ad
3198 1653 3503 1723 agnitionem
3545 1657 3765 1712 ueritatis

2168 1741 2437 1814 uenire“.
2472 1740 2607 1796 Tim.
2630 1743 2684 1798 2.
2717 1742 2751 1798 4
2773 1743 2817 1814 ).
2848 1744 3043 1814 Dignos
3073 1744 3230 1816 igitur
3276 1755 3374 1803 nos
3418 1746 3563 1818 ipsos
3607 1749 3761 1803 exhi'

2170 1835 2418 1903 beamus,
2447 1851 2510 1890 ac
2536 1835 2760 1892 ferventi
2783 1836 3056 1892 alacritate
3081 1837 3330 1895 virtutem
3362 1839 3443 1895 vel
3468 1855 3591 1896 sero
3639 1850 3761 1897 tam-

2170 1925 2292 1981 de‘m‘
2320 1926 2806 1997 apprehendamus,
2832 1937 2887 1984 et
2913 1927 3221 1986 all'cctiones
3247 1940 3459 1986 nostras
3487 1932 3763 2004 corrigetu-

2171 2024 2273 2085 tes,
2297 2019 2519 2076 idoneos
2544 2036 2643 2075 nos
2672 2019 2957 2076 reddamus
2982 2020 3047 2075 ad
3076 2022 3332 2093 Spiritum
3382 2030 3626 2080 sanctum
3670 2040 3756 2080 rc-

2170 2111 2474 2189 cipicndtlm
2504 2129 2519 2167 :
2551 2112 2691 2183 quod
2714 2119 2772 2167 ut
2809 2129 3132 2180 mereamur,
3179 2114 3441 2170 concedat
3481 2117 3651 2187 gratia
3704 2125 3777 2172 ct’

2171 2204 2468 2273 benignitas
2510 2204 2720 2259 Domini
2764 2204 2929 2259 nostri
2958 2204 3082 2259 Jesu
3108 2204 3326 2273 Christi,
3349 2207 3563 2276 quicum
3622 2206 3776 2265 Patri

2171 2293 2354 2361 simul,
2383 2294 2667 2364 etSpiritit
2708 2303 2896 2349 sancto
2915 2294 2984 2350 sit
3003 2290 3196 2365 gloria,
3220 2296 3503 2365 imperium
3554 2304 3610 2352 et
3656 2296 3761 2352 lto-

2172 2399 2298 2456 nor,
2324 2400 2469 2442 nunc
2494 2398 2548 2442 et
2565 2392 2803 2457 semper,
2827 2394 2882 2443 et
2903 2387 2956 2442 in
2982 2386 3177 2443 saecula
3204 2386 3542 2445 salcnlorum.
3566 2390 3762 2444 Amen.

2742 2538 3020 2600 HOMILIA
3077 2542 3190 2599 ΧΗ.

2176 2648 2335 2715 Deiis
2354 2670 2473 2728 qute
2496 2660 2797 2726 sequuntur
2825 2655 3153 2711 creationem
3181 2673 3194 2710 :
3230 2652 3333 2710 l‘ﬁc
3360 2656 3432 2711 est
3456 2656 3584 2711 liber
3610 2670 3770 2727 gene-

2245 2749 2460 2803 rationis
2481 2748 2594 2803 carli
2619 2756 2669 2802 el
2708 2757 2857 2802 terra;
2883 2789 2899 2812 ,
2946 2746 3150 2818 quando
3170 2747 3307 2818 facta
3356 2757 3473 2802 stml
3500 2763 3520 2804 :
3547 2758 3649 2819 quo
3677 2750 3764 2804 die

2248 2841 2363 2911 fecit
2393 2840 2529 2895 Deus
2555 2839 2734 2895 cteluttt
2754 2849 2801 2893 et
2829 2849 3019 2893 terram
3052 2837 3202 2910 (Gen.
3235 2839 3291 2894 2.
3324 2837 3403 2912 4).

2249 2973 2304 3029 l.
2332 2972 2447 3043 Age
2491 2970 2813 3042 promissum
2857 2978 3099 3025 nostrum
3130 2966 3292 3026 hodie
3317 2968 3632 3040 impleamus
3656 3012 3671 3036 ,
3714 2980 3771 3028 et

2176 3073 2487 3121 consuetam
2505 3063 2804 3118 doctrinam
2823 3069 3133 3127 tractantes,
3151 3060 3375 3117 dicenda
3401 3076 3545 3117 nunc
3565 3062 3633 3117 iis
3650 3078 3772 3132 qua:

2176 3170 2341 3229 supra
2367 3155 2508 3212 dicta
2538 3163 2665 3211 sunt
2683 3162 3060 3211 coulexamus.
3096 3154 3259 3210 Scitis
3274 3154 3445 3223 enim,
3477 3170 3577 3211 nos
3604 3157 3773 3212 semel

2177 3257 2342 3320 atque
2371 3247 2563 3302 iterum
2592 3246 2695 3302 hoc
2712 3247 2885 3301 facere
2908 3245 3231 3313 decrevis~e,
3252 3256 3307 3301 et
3327 3246 3395 3301 ad
3435 3247 3536 3303 hoc
3560 3255 3775 3318 paratos

2178 3339 2366 3407 fuisse,
2395 3340 2489 3396 scd
2525 3353 2707 3395 curam
2736 3338 2978 3403 fratrum,
3011 3354 3169 3409 quam
3191 3340 3444 3409 gerimus,
3484 3339 3536 3394 in
3558 3340 3772 3396 illorum

2177 3430 2597 3486 admonitionem
2630 3428 2862 3498 linguam
2896 3435 3132 3483 nostram
3163 3427 3270 3483 alio
3294 3429 3556 3499 rapuisse.
3585 3430 3771 3497 Quan-

2177 3520 2465 3590 doquidem
2514 3516 2785 3573 interdum
2844 3517 3068 3572 inﬁrmis
3105 3516 3390 3585 fratribus,
3421 3519 3614 3590 quibus
3642 3536 3773 3577 con-

2179 3620 2389 3667 suetum
2407 3619 2523 3666 erat
2540 3598 2880 3680 sequ'cstrare
2899 3623 2958 3664 se
2978 3608 3045 3663 ab
3071 3608 3173 3663 hoc
3201 3608 3461 3679 spirituali
3483 3621 3774 3679 conventu,

2181 3714 2239 3763 et
2262 3706 2516 3762 mutilare
2561 3704 2715 3759 nobis
2741 3711 2941 3758 sancta:
2973 3702 2989 3734 ί
3018 3702 3316 3757 festivitatis
3341 3703 3556 3774 gaudia,
3595 3704 3770 3760 suasi-

2182 3812 2302 3854 mus
2325 3793 2657 3853 cousulcndo
2696 3802 2752 3849 et
2779 3793 3157 3862 exhortando,
3190 3808 3258 3849 ne
3286 3793 3488 3850 diutius
3536 3796 3606 3852 ab
3642 3795 3771 3852 ovili

2183 3891 2380 3948 Christi
2405 3890 2602 3956 absint,
2630 3896 2685 3944 et
2710 3895 2860 3943 extra
2883 3887 3088 3942 caulam
3113 3888 3249 3942 hanc
3267 3888 3594 3958 spiritualem
3611 3888 3773 3944 aber-

2181 3993 2303 4039 rent
2337 3981 2595 4036 :nomine
2622 3977 2836 4049 quidem
2872 3985 2927 4033 et
2962 3978 3325 4046 appellatione
3369 3977 3523 4034 nobis
3563 3978 3771 4048 juncti,

2180 4090 2370 4132 revera
2396 4084 2573 4130 autent
2597 4074 2811 4129 Judaeos
2828 4081 3114 4140 sectantes,
3133 4073 3223 4144 qui
3244 4071 3428 4128 adhuc
3454 4074 3659 4130 umbrae
3681 4088 3769 4129 as-

2181 4167 2378 4234 sident,
2405 4165 2747 4235 lucernteque
2783 4164 2980 4220 addicti
3025 4173 3171 4231 sunt,
3204 4172 3484 4235 postquam
3508 4165 3591 4219 sol
3608 4165 3773 4235 justi-

2185 4258 2271 4314 tire
2301 4256 2512 4323 illuxit;
2543 4256 2810 4312 interdum
2839 4256 2999 4311 etiam
3022 4255 3257 4310 nondum
3288 4255 3523 4313 initiatos
3543 4256 3645 4325 (a),
3677 4257 3769 4325 qui

2183 4350 2237 4405 in
2278 4358 2422 4406 coetu
2465 4347 2725 4413 aderant,
2756 4347 2953 4403 hortati
2993 4362 3181 4403 sumus
3204 4387 3220 4415 ,
3260 4355 3320 4401 ttt
3342 4346 3411 4402 ad
3438 4347 3771 4416 spiritualem

2182 4440 2520 4496 vocationem
2587 4445 2901 4503 accurrunt,
2952 4451 3288 4508 excussoque
3339 4437 3487 4493 omni
3548 4436 3774 4509 ignavia:

2181 4548 2394 4601 somno,
2424 4533 2651 4589 ferventi
2678 4531 2967 4599 desiderio,
2992 4542 3047 4588 et
3075 4531 3275 4604 ingenti
3314 4532 3590 4588 alacritate
3616 4547 3775 4604 para-

2183 4636 2268 4682 tos
2308 4640 2368 4683 se
2407 4625 2474 4681 ad
2508 4624 2847 4696 suscipienda
2890 4625 3041 4695 regia
3087 4639 3317 4680 munera
3365 4632 3665 4695 praestent,-
3715 4633 3772 4680 et

2180 4726 2469 4787 preperent
2493 4716 2561 4771 ad
2581 4730 2705 4772 eum
2725 4715 2825 4786 qui
2836 4714 3205 4771 remissionem
3225 4714 3390 4770 donat
3409 4722 3772 4784 peccatorum,

2180 4820 2236 4865 et
2256 4810 2548 4865 liberaliter
2574 4810 2852 4865 innumera
2879 4808 3019 4863 bona
3059 4807 3383 4885 suppeditat.
3415 4807 3600 4875 Itaque
3622 4814 3772 4876 post-

2180 4915 2339 4972 quam
2369 4914 2557 4956 eorum
2584 4899 2675 4970 qui
2701 4899 2844 4954 circa
2870 4897 3090 4953 Pascha:
3109 4897 3302 4952 festum
3330 4896 3610 4963 errabant,
3648 4896 3768 4968 qui-
3816 4942 3821 4949 .

2179 5007 2284 5062 que
2304 5006 2399 5062 per
2418 4993 2557 5045 hanc
2579 4989 2808 5056 minimi,
2837 4998 2897 5045 ut
2925 4990 3212 5060 putabant,
3242 4987 3499 5043 momenti
3521 4987 3773 5043 observa.

2181 5083 2404 5147 tionem,
2433 5095 2682 5151 magnum
2703 5079 2804 5136 sibi
2829 5080 3084 5136 damnum
3114 5078 3436 5146 inferebant,
3467 5092 3767 5149 congruen-

2182 5180 2289 5226 tem
2335 5185 2518 5226 curam
2560 5170 2825 5241 gessimus
2870 5170 2971 5241 (tt),
3017 5168 3213 5224 idoneo
3256 5167 3501 5223 adhibito
3562 5168 3771 5224 vulneri

2177 5262 2595 5331 medicamento,
2623 5270 2679 5317 et
2729 5277 2837 5317 non
2876 5260 3096 5316 initiatis
3119 5275 3182 5316 ea
3235 5261 3305 5316 de
3349 5275 3409 5314 re
3447 5260 3774 5329 probecom-

2180 5354 2434 5423 monitis,
2489 5361 2657 5409 restat
2694 5360 2751 5409 ut
2790 5351 3040 5408 omnibus
3092 5348 3245 5406 vobis
3290 5349 3453 5406 hodie
3493 5349 3772 5421 spirituale

2243 5532 2260 5593 ξ
2298 5537 2415 5593 Reg.
2440 5543 2591 5593 unus,
2609 5525 2894 5593 spiritantia,
2917 5540 3024 5593 pro,
3047 5532 3247 5593 sanctis.

2240 5592 2315 5655 (α)
2350 5586 2434 5641 llic
2468 5586 2678 5654 loquitur
2709 5591 2774 5655 de
2812 5586 3179 5655 catechumenis-
3209 5588 3565 5655 quo§__initiare_
3596 5592 3648 5655 et
3691 5590 3773 5640 ba-

2178 5649 2360 5715 ptizare
2384 5649 2603 5715 exeunte
2621 5652 3020 5715 Quadragesima,
3036 5658 3143 5701 mos
3162 5649 3288 5701 erat.
3311 5649 3441 5701 Vide
3482 5652 3773 5703 catecheses

2178 5714 2216 5767 ἰ.
2241 5715 2291 5773 2,
2316 5720 2420 5763 ett.
2447 5714 2506 5763 t3
2527 5714 2592 5763 de
2614 5714 2994 5764 catechMenis.

2243 5774 2317 5839 (ὸ)
2347 5775 2710 5839 chrysostomus
2730 5775 2856 5828 circa
2876 5773 3007 5825 diem
3028 5774 3219 5838 paschae
3240 5774 3548 5827 contionatus
3575 5777 3700 5824 erat.
