4144 6422
485 403 557 460 99
1073 341 1088 360 ι
1235 396 1292 454 S.
1335 394 1614 462 JOANNIS
1649 389 2123 452 CIIRYSOSTOMI
2165 389 2479 449 ARCIIIEP.
2521 393 3056 454 CONSTANTINOP.

487 521 701 584 paretur
733 509 1059 567 convivium.
1087 507 1222 565 Nam
1262 507 1716 580 quemadmodum
1763 508 1810 564 si
1857 506 2079 562 fratrum

489 613 796 659 nostrorum
838 603 1080 674 neglecta
1121 617 1251 657 cura
1273 643 1289 668 ,
1339 599 1806 672 praztermissaque
1867 599 2078 652 illorum

485 696 875 761 admonitione,
906 702 1099 764 erepta:
1137 694 1295 750 seriei
1327 693 1618 756 haerentes,
1649 691 1900 762 ipsosque
1925 687 2078 746 infir-

487 795 694 840 mantes
724 785 1256 856 contempsissemus,
1306 783 1430 854 jure
1478 782 1740 853 quispiam
1773 795 1871 835 nos
1896 793 2080 850 repre-

487 877 780 942 hendisset,
809 885 997 947 utpote
1019 885 1378 946 opportunum
1401 882 1610 943 tempus
1655 879 2077 943 praetercurren-

486 979 567 1024 tes
594 987 606 1023 :
638 969 708 1023 ita
735 984 898 1032 nunc,
929 968 1052 1038 quia
1075 967 1207 1022 nihil
1237 965 1654 1037 prsetermissutn
1684 971 1787 1029 est,
1820 970 2077 1031 quantum

485 1071 686 1116 nostra:
707 1061 847 1116 vires
867 1061 1066 1124 sinunt,
1091 1060 1185 1115 sed
1208 1060 1428 1115 verbum
1441 1058 1695 1114 doctrina:
1714 1055 2076 1121 adhibuimus,

489 1153 767 1220 pecuniam
811 1151 1267 1206 dinumeravimus
1291 1191 1308 1217 ,
1358 1150 1672 1218 seminaque
1711 1147 1933 1202 interra
1977 1145 2078 1200 hac

484 1243 749 1310 spirituali
808 1242 1070 1311 jecimus,
1099 1248 1514 1295 consentaneum
1544 1247 1647 1305 est,
1691 1247 1748 1294 ut
1785 1238 1976 1292 iterum
2022 1236 2075 1290 in

485 1333 716 1387 medium
740 1332 1051 1398 all‘erantur,
1077 1347 1196 1401 qua:
1222 1346 1288 1386 ex
1319 1332 1476 1387 beato
1497 1331 1644 1386 Mose
1669 1341 1794 1387 sunt
1817 1331 1952 1386 lecta
1973 1370 1989 1398 ,
2019 1339 2078 1385 ut

483 1427 656 1479 fructu
711 1423 836 1478 inde
873 1423 1100 1479 collecto
1124 1466 1140 1492 ,
1166 1424 1382 1478 domum
1414 1423 1592 1478 redire
1619 1423 1792 1478 liceat.
1818 1421 2073 1489 Quasnam

484 1515 644 1584 igitur
689 1514 804 1569 hanc
841 1515 970 1580 sint,
1029 1515 1328 1570 audiamus.
1359 1514 1415 1568 4.
1456 1512 1560 1567 Hic
1605 1522 1678 1568 est
1707 1514 1848 1579 liber,
1880 1512 2071 1583 inquit,

483 1605 820 1674 generationis
843 1605 954 1660 αειὶ
973 1614 1020 1660 et
1045 1615 1193 1659 terra:
1214 1604 1417 1676 quando
1443 1609 1580 1676 facta
1597 1613 1713 1659 sunt
1735 1621 1755 1658 :
1773 1620 1871 1674 quo
1897 1604 1980 1659 die
1999 1604 2074 1674 [e-

483 1697 551 1748 rit
577 1693 713 1748 Deus
740 1695 920 1749 caalum
948 1703 994 1748 et
1020 1705 1229 1760 terram,
1257 1695 1310 1750 5.
1341 1704 1387 1748 et
1416 1710 1564 1748 omne
1591 1693 1864 1765 virgultum
1907 1693 2021 1765 agri
2051 1734 2070 1762 ,

480 1795 750 1855 antequam
771 1786 991 1840 oriretur
1010 1801 1162 1855 super
1179 1795 1387 1853 terram,
1408 1801 1702 1855 omnemque
1718 1785 1922 1840 herbam
1937 1784 2066 1856 agri,

480 1879 781 1946 priusquam
806 1877 1044 1930 oriretur.
1074 1875 1197 1930 Non
1224 1877 1358 1930 enim
1385 1877 1584 1946 pluerat
1615 1875 1753 1930 Deus
1790 1892 1945 1946 super
1970 1886 2071 1929 ter-

480 1984 615 2033 ram,
645 1977 692 2021 et
717 1969 867 2022 homo
906 1984 1005 2022 non
1035 1977 1142 2022 erat
1165 1968 1254 2038 qui
1286 1968 1469 2022 coleret
1499 1978 1703 2022 terram.
1730 1967 1783 2022 6.
1808 1966 1951 2022 Fons
1973 1983 2070 2021 au-

474 2069 571 2112 tem
598 2058 896 2113 ascendebat
928 2059 992 2113 de
1020 2070 1171 2124 terra,
1202 2070 1249 2113 et
1298 2059 1542 2131 irrigabat
1566 2062 1851 2114 universam
1877 2060 2063 2132 faciem

471 2159 618 2204 terra!
653 2147 802 2218 (Gen.
830 2148 908 2220 2).
936 2148 1225 2204 Considera
1259 2149 1386 2203 mihi
1437 2165 1646 2216 rursus,
1672 2151 1919 2215 obsecro,
1964 2150 2062 2205 ad-

471 2239 730 2295 mirabilis
759 2239 914 2310 hujus
947 2240 1218 2310 propinata:
1241 2241 1580 2310 sapicntiam,
1608 2241 1715 2296 imo
1735 2242 1905 2297 sancti
1938 2240 2062 2312 Spi-

469 2333 605 2388 ritus
653 2332 973 2387 doctrinam.
1031 2331 1163 2386 Natn
1203 2343 1481 2402 postquam
1534 2333 1689 2387 nobis
1734 2347 1830 2403 per
1880 2344 2064 2404 partes

383 2433 385 2436 ‘
469 2425 740 2478 enarraxit
768 2433 1042 2479 creaturas
1071 2439 1281 2488 omnes,
1313 2432 1368 2479 et
1398 2439 1493 2479 sex
1536 2423 1741 2480 dierum
1769 2433 2064 2495 pertracto-

472 2519 548 2572 vit
585 2533 768 2587 opera,
820 2527 874 2574 ct
912 2517 1285 2572 formationem
1327 2517 1596 2584 hominis,
1643 2527 2066 2589 potestatemque

470 2610 759 2665 visibilium
782 2611 1021 2666 omnium
1049 2611 1124 2664 illi
1150 2624 1488 2676 concessam,
1519 2625 1660 2666 nunc
1695 2611 1885 2666 iterum
1912 2625 2064 2665 sum-

471 2700 656 2754 matim
707 2701 886 2754 omnia
915 2709 1186 2770 repetens,
1217 2701 1388 2771 inquit
1416 2717 1430 2754 :
1461 2699 1563 2754 Hic
1602 2710 1674 2756 est
1701 2703 1826 2756 liber
1850 2719 2064 2774 genera-

467 2792 620 2846 tionis
645 2791 756 2864 ca'li
779 2802 828 2847 et
854 2802 1017 2856 terrae,
1042 2793 1246 2863 quando
1272 2796 1409 2864 facta
1432 2802 1567 2847 sunt.
1600 2794 1791 2864 Opera:
1833 2794 2059 2863 pretium

467 2884 556 2938 hic
582 2885 738 2938 fuerit
766 2884 1054 2954 inquirere,
1082 2898 1248 2954 quare
1278 2883 1552 2954 Scriptura
1580 2883 1774 2939 librum
1802 2884 1944 2941 hunc
1960 2899 2059 2939 vo-

469 2975 671 3030 caverit
691 2975 806 3030 οωιὶ
835 2983 892 3030 et
921 2983 1097 3041 terrae,
1127 2975 1369 3044 quamvis
1395 2975 1559 3030 multa
1586 2975 1686 3030 alia
1717 2975 1770 3030 in
1798 2989 1857 3031 se
1881 2977 2058 3031 conti-

465 3075 589 3127 neat
607 3109 623 3136 ,
650 3076 704 3122 et
723 3067 913 3122 doceat
939 3082 1036 3123 nos
1059 3067 1158 3121 alia
1184 3065 1438 3138 plurima,
1480 3082 1679 3136 nempe
1705 3067 1772 3122 de
1788 3067 2055 3137 justorum

463 3159 748 3213 virtutibus
784 3167 1038 3223 tractans,
1067 3157 1136 3213 de
1165 3157 1488 3228 benignitate
1519 3157 1634 3222 Dei,
1664 3157 1840 3226 deque
1882 3157 2058 3212 indul—

459 3249 658 3320 gentia,
689 3264 846 3320 quam
868 3263 994 3318 erga
1017 3248 1244 3318 primum
1259 3255 1496 3302 creatum
1523 3248 1793 3302 hominem
1814 3256 1869 3304 et
1894 3263 2054 3304 omne

464 3341 753 3396 lmmanum
779 3356 948 3412 genus
977 3341 1225 3396 exhibuit
1271 3351 1364 3396 :et
1389 3340 1457 3396 de
1505 3341 1624 3396 aliis
1664 3343 1878 3409 nmltis,
1933 3359 2053 3413 qua:

463 3432 619 3501 bnjus
650 3433 908 3503 temporis
937 3447 1042 3488 non
1087 3431 1247 3487 fuerit
1273 3432 1567 3488 declarare.
1601 3432 1680 3488 Ne
1708 3434 1939 3502 mireris,
1967 3434 2051 3490 di-

455 3527 595 3582 lecte
617 3543 630 3581 :
655 3541 769 3581 tuos
797 3527 944 3582 enim
971 3526 1058 3581 hic
1081 3535 1162 3581 est
1185 3541 1352 3582 sacrae
1379 3527 1691 3596 Scriptum,
1719 3536 1902 3583 utnon
1929 3527 2050 3583 ubi-

457 3633 563 3687 que
609 3619 789 3672 omnia
837 3617 1193 3687 particulatim
1245 3627 1494 3683 enarret;
1527 3619 1620 3674 sed
1647 3634 1769 3674 cmn
1817 3636 1904 3688 ea,
1931 3635 2050 3690 qua:

459 3707 686 3778 plurima
709 3707 1159 3776 complectuntur,
1178 3707 1362 3764 dicere
1386 3709 1633 3777 coeperit,
1663 3709 2049 3766 consideranda

465 3799 734 3868 relinquat
759 3797 1034 3866 sequentia
1085 3797 1169 3864 iis,
1215 3799 1304 3869 qui
1333 3799 1589 3854 studiosis
1628 3801 1852 3856 auribus
1893 3803 2047 3858 exci-

460 3889 612 3957 piunt
636 3902 699 3943 ea
738 3903 857 3958 qua:
885 3887 1151 3944 dicuntur.
1176 3890 1240 3944 Et
1271 3900 1328 3944 ut
1353 3889 1530 3945 discas
1552 3906 1666 3946 rem
1695 3891 1766 3946 ita
1808 3908 1929 3948 esse
1952 3933 1968 3960 ,
1995 3892 2046 3949 id

455 3982 631 4051 palam
651 3980 843 4037 faciam
869 3997 935 4036 ex
965 3980 1050 4036 his
1077 3997 1199 4053 quae
1227 3998 1366 4038 nunc
1397 3991 1524 4038 sunt
1552 3985 1708 4039 lecta.
1738 3985 1874 4042 Ecce
1901 3987 2045 4043 enim

455 4071 510 4126 in
538 4073 928 4142 superioribus,
963 4081 1245 4144 postquam
1293 4088 1393 4129 nos
1414 4075 1591 4130 divina
1613 4075 1886 4147 Scriptura
1930 4076 2045 4134 for-

452 4165 745 4218 mationem
775 4164 1013 4218 omnium
1044 4165 1345 4219 minutatim
1370 4165 1575 4234 docuit,
1609 4182 1753 4222 nunc
1791 4183 1897 4222 non
1927 4183 2045 4223 om-

453 4255 601 4308 nium
634 4255 896 4321 meminit,
929 4254 1025 4309 sed
1057 4255 1258 4325 inquit:
1288 4255 1388 4310 Hic
1433 4265 1506 4311 est
1541 4258 1667 4312 liber
1708 4257 2044 4330 generationis

452 4347 564 4400 creti
585 4355 631 4399 et
662 4355 842 4410 teme,
888 4346 1092 4414 quando
1118 4346 1254 4416 facta
1296 4357 1414 4402 sunt
1445 4363 1587 4419 :quo
1617 4349 1699 4405 die
1745 4353 1865 4422 fecit
1906 4351 2044 4408 Deus

455 4435 636 4489 cretum
659 4444 705 4488 et
731 4444 938 4501 terram,
963 4443 1016 4490 et
1041 4445 1252 4492 cattera.

527 4526 585 4578 2.
616 4524 807 4580 Viden’
833 4527 1106 4595 quomodo
1132 4538 1303 4582 totum
1335 4542 1640 4585 sermonem
1677 4532 1745 4587 ad
1771 4533 1962 4588 caelum
1988 4543 2042 4591 et

455 4625 654 4671 terram
686 4617 975 4684 convertit,
999 4631 1064 4672 ex
1091 4618 1196 4672 illis
1220 4619 1323 4673 alia
1355 4621 1533 4675 omnia
1560 4621 1716 4678 nobis
1742 4627 2039 4681 contuenda

456 4708 810 4780 relinquens?
836 4708 970 4764 Cum
1000 4724 1130 4781 ergo
1158 4710 1288 4766 dicit
1308 4712 1498 4767 caelum
1527 4722 1582 4769 et
1611 4724 1827 4782 terram,
1851 4732 2042 4775 omnes

455 4809 730 4857 creaturas
758 4800 920 4856 simul
945 4801 1372 4871 comprehendit,
1401 4812 1506 4859 tam
1528 4819 1621 4860 eas
1641 4822 1760 4877 quae
1787 4808 1838 4862 in
1865 4809 2000 4864 caelo
2021 4851 2038 4878 ,

451 4907 612 4960 quam
637 4906 757 4962 quae
783 4891 836 4945 in
871 4902 1032 4947 terra.
1084 4892 1237 4948 Sicut
1260 4894 1417 4964 igitur
1442 4895 1494 4950 in
1524 4899 1863 4955 enarratione
1886 4914 2040 4956 crea-

453 4991 692 5036 turarum
715 4998 821 5038 non
845 4984 1026 5038 omnia
1046 4983 1301 5054 deinceps
1320 4985 1471 5052 dicit,
1493 4987 1589 5043 sed
1624 4990 1858 5045 maxime
1877 5006 2042 5061 gene-

449 5075 582 5129 ralia
614 5083 816 5130 tantum
868 5086 1287 5143 commemorat,
1336 5092 1435 5133 nec
1475 5081 1744 5151 sigillatim
1775 5095 1992 5139 enarrat
2026 5107 2038 5142 :

451 5166 523 5219 ita
547 5175 604 5221 et
621 5166 814 5222 librum
843 5177 1036 5234 totum,
1059 5169 1160 5223 etsi
1189 5170 1354 5224 multa
1381 5170 1481 5225 alia
1504 5173 1797 5239 contineat,
1842 5174 2037 5229 librum

450 5259 810 5325 generationis
847 5261 963 5315 caeli
989 5270 1040 5316 et
1071 5269 1229 5319 terrae
1246 5263 1548 5333 appellavit,
1577 5266 1730 5322 nobis
1755 5282 1820 5322 ex
1846 5252 2038 5323 horum

451 5352 959 5406 commemoratione
1000 5354 1143 5422 quod
1193 5356 1456 5425 reliquum
1499 5366 1580 5413 est
1622 5360 2036 5428 computandum

460 5439 792 5508 relinquens,
823 5455 1045 5497 necesse
1072 5459 1192 5500 esse
1229 5446 1408 5501 omnia
1437 5447 1491 5502 in
1519 5448 1622 5504 hoc
1652 5449 1784 5504 libro
1811 5449 2038 5506 visibilia

457 5528 741 5595 contineri,
773 5539 879 5583 tam
918 5545 980 5585 ea
1006 5546 1124 5600 quae
1163 5535 1218 5588 in
1247 5537 1400 5604 carlo,
1428 5551 1587 5606 quam
1616 5553 1736 5610 quae
1781 5539 1832 5596 in
1875 5549 2034 5595 terra.

458 5621 577 5685 Quo
619 5618 718 5683 die,
744 5620 930 5689 inquit,
955 5620 1072 5690 fecit
1092 5623 1229 5680 Deus
1257 5629 1437 5682 cretum
1457 5640 1503 5682 et
1534 5639 1754 5698 terram,
1802 5641 1849 5685 et
1894 5649 2041 5687 omne

453 5707 734 5789 virgultum
751 5711 882 5779 agri,
909 5721 1176 5781 antequam
1204 5716 1343 5784 ﬁeret
1368 5735 1519 5789 super
1546 5730 1748 5788 terram,
1778 5735 1821 5776 et
1843 5740 2040 5780 onmem

456 5796 661 5854 herbam
703 5787 849 5871 a'gri,
878 5811 1145 5876 antequam
1197 5806 1431 5862 oriretur.
1483 5809 1604 5867 Non
1669 5815 1798 5868 enim
1843 5815 2038 5884 pluerat

3674 409 3772 466 £00

2197 501 2336 559 Deus
2363 523 2514 576 super
2540 517 2744 576 terram,
2775 526 2931 580 neque
2956 513 3105 566 homo
3129 523 3240 568 erat
3282 516 3370 584 qui
3403 517 3588 575 coleret
3610 521 3768 581 illam.

2187 595 2295 650 Sed
2314 600 2430 668 fons
2457 599 2755 655 ascendebat
2779 619 2807 657 e
2833 612 2988 670 terra,
3014 615 3060 659 et
3087 606 3335 678 irrigabat
3373 611 3656 666 uniuersam
3685 619 3763 683 {a-

2185 688 2312 742 ciem
2339 699 2510 744 terra.
2531 690 2764 748 Grandis
2809 694 3091 752 thesaurus
3121 696 3174 751 in
3206 700 3444 769 pauculis
3467 703 3644 759 verbis
3670 707 3769 762 illis

2184 780 2494 838 reconditus
2519 793 2600 839 est
2624 799 2638 838 :
2664 783 2805 841 unde
2822 801 3012 857 magna
3039 788 3342 859 prudentia,
3362 809 3480 862 qua:
3503 794 3766 866 dicuntur,

2179 871 2401 942 juvante
2447 890 2545 930 nos
2601 876 2698 931 Dei
2718 878 2888 947 gratia
2917 920 2934 945 ,
2965 883 3212 952 congruit
3257 886 3545 955 explicare,
3572 905 3768 961 vosque

2183 964 2538 1034 spiritualium
2564 967 2748 1024 harum
2770 969 3080 1030 divitiarum
3111 987 3390 1034 consortes
3415 979 3614 1038 facere.
3654 983 3767 1055 Spi-

2183 1056 2316 1111 ritus
2339 1057 2484 1112 enim
2509 1069 2726 1118 sanctus
2745 1061 3043 1120 futurorum
3071 1067 3348 1136 praescius,
3379 1080 3436 1124 ut
3466 1073 3597 1128 nulli
3624 1085 3766 1144 post-

2183 1145 2284 1201 hac
2333 1149 2696 1216 contendere,
2744 1162 2800 1208 et
2841 1154 3222 1214 ecclesiasticis
3281 1159 3657 1231 dogmatibus,
3699 1181 3762 1223 ex

2182 1237 2415 1306 propriis
2455 1240 2752 1297 ratiociniis
2770 1283 2786 1309 ,
2809 1243 3034 1300 adversa
3063 1246 3258 1304 divinis
3284 1249 3573 1321 Scripturis
3599 1253 3764 1309 immi-

2179 1341 2330 1383 scere
2345 1329 2522 1397 liceat,
2544 1331 2706 1387 etiam
2729 1348 2872 1390 nunc
2893 1335 3090 1403 denuo,
3110 1348 3390 1410 postquam
3402 1355 3760 1400 creaturarum

2178 1418 2424 1476 ordinem
2463 1420 2685 1490 docuit,
2734 1432 2791 1480 et
2842 1427 2969 1496 quid
3002 1429 3267 1498 primum,
3317 1433 3444 1503 quid
3473 1437 3760 1493 secundum

2180 1510 2493 1578 productum
2515 1513 2603 1580 sil,
2635 1523 2687 1570 et
2718 1516 2860 1586 quod
2891 1519 3095 1574 semina
3116 1535 3212 1576 sua
3237 1522 3399 1579 tellus
3421 1526 3586 1581 verbo
3615 1543 3762 1582 man-

2176 1601 2408 1673 dataque
2440 1605 2649 1663 Domini
2693 1609 3004 1666 ministrans
3053 1612 3303 1682 ediderit,
3346 1631 3410 1672 ac
3439 1618 3759 1688 producendi

2177 1697 2284 1751 vim
2311 1699 2600 1768 acceperit,
2629 1715 2751 1756 cum
2782 1717 2958 1772 neque
2985 1705 3114 1760 solis
3137 1710 3519 1777 eooperatione
3537 1721 3714 1782 egeret
3739 1755 3756 1780 ,

2175 1789 2266 1858 qui
2296 1791 2530 1847 nondum
2559 1802 2674 1848 erat
2697 1835 2712 1859 ,
2746 1811 2922 1866 neque
2950 1797 3246 1867 pluviarum
3296 1800 3632 1870 humiditate,
3666 1821 3758 1860 ne-

2174 1896 2280 1951 que
2304 1881 2537 1938 hominis
2559 1887 2765 1942 cultura
2790 1903 2806 1954 ;
2835 1903 2958 1942 nam
2988 1898 3044 1945 et
3067 1890 3158 1947 ille
3186 1893 3422 1948 nondum
3453 1895 3505 1950 in
3533 1897 3758 1954 medium

2175 1973 2482 2042 prodierat:
2511 1975 2631 2032 ideo
2658 1977 2849 2032 iterum
2873 1981 3065 2050 repetit
3092 1983 3448 2052 particulatim
3478 1989 3679 2056 omnia,
3705 1999 3759 2044 ut

2174 2065 2449 2121 indomita:
2495 2067 2834 2137 impudenter
2868 2070 3242 2128 blaterantium
3296 2076 3496 2147 lingua:
3545 2094 3756 2149 compe-

2172 2165 2410 2212 scantur.
2431 2157 2568 2226 Quid
2599 2160 2742 2215 enim
2767 2160 2886 2216 ait?
2921 2161 3016 2217 Die
3038 2181 3138 2235 quo
3163 2167 3281 2236 fecit
3328 2166 3470 2222 Deus
3495 2171 3671 2224 cwlunt
3710 2183 3757 2226 et

2172 2259 2377 2317 terram,
2405 2259 2452 2304 et
2481 2268 2631 2305 onme
2653 2253 2922 2323 virgultum
2950 2255 3084 2326 agri,
3117 2256 3411 2327 priusquam
3455 2261 3595 2327 ﬁeret
3611 2278 3758 2332 super

2171 2349 2386 2408 terram,
2431 2358 2724 2414 omnemque
2751 2343 2957 2398 herbam
2986 2346 3133 2413 agri,
3184 2348 3482 2418 priusquam
3523 2352 3749 2405 oriretur.

2172 2428 2292 2484 Non
2318 2430 2452 2484 enim
2497 2431 2697 2501 pluerat
2727 2431 2863 2488 Deus
2887 2451 3038 2506 super
3067 2445 3289 2505 terram,
3345 2456 3440 2494 nec
3465 2451 3568 2495 erat
3612 2442 3754 2496 homo

2173 2521 2258 2591 qui
2287 2524 2468 2578 coleret
2493 2523 2657 2579 illam.
2687 2524 2828 2580 Fons
2857 2536 3025 2580 autem
3050 2531 3348 2585 ascendebat
3393 2533 3465 2587 de
3505 2545 3657 2600 terra,
3709 2547 3752 2589 et

2167 2613 2364 2685 rigabat
2406 2616 2691 2671 universam
2716 2619 2897 2689 faciem
2935 2629 3098 2674 terra.
3131 2622 3242 2677 lloc
3273 2623 3383 2679 vult
3411 2625 3616 2694 dicere,
3640 2643 3752 2682 ser-

2167 2722 2326 2763 mone
2347 2718 2400 2762 et
2421 2720 2690 2780 praecepto
2739 2711 2902 2778 illius,
2926 2727 3046 2782 quae
3074 2714 3219 2784 prius
3265 2730 3372 2771 non
3398 2729 3556 2773 erant
3574 2760 3588 2785 ,
3629 2734 3748 2788 pro.

2164 2797 2322 2853 ducta
2353 2799 2538 2866 fuisse,
2564 2810 2619 2856 et
2663 2817 2781 2872 qua:
2808 2817 2913 2858 non
2959 2805 3308 2872 exsistebant,
3337 2809 3517 2864 subito
3538 2825 3742 2880 compa-

2164 2890 2354 2945 ruisse.
2390 2889 2565 2945 Herba
2613 2901 2714 2958 est,
2747 2908 2868 2963 quae
2893 2908 2958 2948 ex
2986 2905 3127 2950 terra
3156 2898 3400 2965 provenit
3430 2917 3442 2951 :
3469 2899 3554 2955 hic
3577 2911 3751 2955 autem-

2163 2981 2384 3037 herbam
2407 2982 2611 3051 dicens,
2640 2985 2842 3038 semina
2874 2987 3051 3040 omnia
3075 2987 3220 3042 dicit.
3251 2988 3319 3043 Et
3341 2989 3414 3046 de
3442 2991 3630 3062 pluviis
3657 2992 3746 3046 do-

2160 3089 2290 3130 cens
2323 3089 2421 3130 nos
2457 3075 2646 3130 iterum
2685 3076 2864 3132 divina
2892 3077 3163 3149 Scriptura
3201 3080 3425 3137 subdit:
3459 3082 3580 3137 Non
3616 3087 3742 3138 enim

2160 3171 2357 3239 pluerat
2385 3167 2524 3224 Deus
2561 3185 2716 3239 super
2752 3180 2938 3224 terram
2965 3187 2985 3226 :
3015 3172 3116 3227 hoc
3145 3182 3246 3239 est,
3279 3175 3518 3231 nondum
3563 3177 3743 3246 pluvia:

2156 3261 2387 3331 desuper
2411 3261 2710 3326 cadebant;
2735 3261 3034 3333 deindeque
3061 3265 3324 3330 ostendit,
3367 3282 3544 3339 neque
3574 3268 3740 3323 homi-

2157 3355 2238 3409 nis
2280 3354 2592 3424 operatione
2635 3354 2886 3411 habuisse
2909 3371 3089 3426 opus:
3123 3357 3242 3412 Non
3281 3360 3450 3428 enim,
3495 3363 3600 3426 ait,
3638 3371 3740 3416 erat

2155 3449 2305 3502 homo
2329 3449 2414 3520 qui
2439 3458 2734 3518 operaretur
2775 3457 2961 3502 terram
2990 3465 3010 3504 :
3033 3451 3183 3521 quasi
3209 3452 3452 3510 clamans
3475 3463 3529 3510 et
3563 3455 3740 3510 dicens

2157 3539 2384 3609 posteris
2415 3539 2701 3595 omnibus:
2746 3539 2941 3596 Audite
2970 3539 3106 3608 lure,
3149 3551 3204 3597 et
3226 3541 3451 3609 discite,
3481 3543 3740 3616 quomodo

2153 3633 2221 3686 ab
2245 3631 2394 3687 initio
2420 3647 2612 3688 omnes
2633 3642 2788 3687 terra:
2832 3642 3121 3702 proventus
3146 3633 3252 3688 sint
3295 3635 3560 3704 producti,
3598 3645 3652 3691 et
3676 3651 3738 3691 ne

2154 3733 2348 3778 terram
2379 3724 2666 3780 colentium
2692 3725 2978 3796 diligentia:
3001 3725 3181 3781 omnia
3208 3726 3444 3794 tribuite,
3470 3744 3638 3800 neque
3663 3727 3736 3783 eis

2154 3817 2252 3872 hos
2285 3817 2402 3887 ejus
2430 3826 2614 3887 partus
2653 3817 2942 3874 adscribite
2969 3837 2983 3874 :
3015 3819 3110 3874 sed
3137 3819 3304 3875 verbo
3343 3830 3400 3876 et
3439 3832 3732 3893 prmcepto,

2150 3911 2290 3981 quod
2320 3926 2350 3965 a
2378 3909 2666 3968 Conditore
2689 3926 2789 3968 suo
2815 3912 2883 3968 ad
2911 3927 3030 3968 eam
3060 3913 3323 3984 prolatum
3353 3925 3459 3970 est.
3497 3915 3619 3970 lla-e
3643 3930 3733 3968 an-

2151 4013 2257 4059 tem
2297 4005 2475 4059 omnia
2516 4005 2667 4073 fiunt,
2698 4014 2758 4062 ut
2781 4005 3050 4061 discamus
3077 4014 3274 4062 terram
3302 4007 3370 4063 ad
3413 4008 3616 4065 edenda
3653 4023 3733 4063 se.

2149 4098 2292 4152 mina
2339 4112 2436 4154 sua
2483 4098 2707 4154 aliorum
2757 4099 3144 4156 elementorum
3204 4104 3584 4172 cooperatione
3631 4118 3730 4157 non

2147 4205 2338 4261 egere,
2370 4190 2464 4247 sed
2493 4191 2796 4247 Conditoris
2821 4191 3072 4248 mandato
3111 4202 3418 4250 contentam
3459 4195 3640 4250 fuisse.
3670 4193 3732 4246 Et

2147 4283 2287 4352 quod
2332 4284 2630 4340 mirandum
2660 4285 3094 4356 stupendumque
3122 4297 3225 4352 est,
3255 4287 3302 4342 is
3341 4289 3432 4359 qui
3463 4304 3598 4343 nunc
3627 4296 3728 4342 ter-

2147 4390 2262 4428 ram
2291 4374 2454 4429 verbo
2479 4374 2546 4429 ad
2570 4383 2646 4429 tot
2669 4375 2872 4430 semina
2902 4377 3238 4447 producenda
3262 4381 3534 4446 excitavit,
3565 4389 3616 4434 et
3641 4392 3730 4448 po-

2148 4471 2367 4521 tentiam
2408 4483 2560 4523 suam
2604 4467 2848 4524 humana:
2870 4469 3092 4525 rationis
3138 4483 3351 4541 captum
3399 4480 3728 4542 superantem

2145 4560 2402 4626 exhibuit,
2436 4560 2574 4615 hanc
2602 4561 2770 4631 ipsam
2800 4570 2905 4615 tam
2931 4577 3146 4632 gravem
3171 4573 3226 4618 et
3253 4573 3454 4619 tantum
3481 4564 3725 4619 mundum

2145 4668 2304 4720 supra
2330 4651 2548 4709 dorsum
2575 4668 2730 4709 suum
2780 4653 3037 4710 ferentem
3068 4671 3229 4725 super
3263 4672 3432 4728 aquas
3473 4656 3726 4723 fundavit,

2144 4746 2282 4800 sicut
2323 4755 2378 4800 et
2415 4745 2672 4815 prOpheta
2712 4746 2844 4802 dicit
2877 4765 2889 4798 :
2927 4747 3027 4815 Qui
3077 4749 3308 4820 fundavit
3353 4759 3540 4805 terram
3582 4764 3726 4819 super

2145 4853 2300 4904 aquas
2331 4835 2502 4908 (Psal.
2529 4838 2653 4893 I35.
2676 4837 2752 4907 6).
2785 4838 2916 4903 Quae
2953 4838 3182 4895 humana
3210 4840 3344 4895 ratio
3367 4841 3435 4896 ad
3464 4842 3579 4896 lucc
3607 4855 3725 4910 per-

2147 4929 2352 4998 tingere
2389 4927 2592 4997 possit?
2615 4927 2749 4983 Nam
2777 4942 2899 4984 cum
2930 4927 3176 4987 homines
3210 4930 3404 4987 domus
3429 4931 3689 4987 aediﬁcant
3707 4972 3722 4993 ,

2143 5028 2198 5074 et
2219 5017 2560 5073 fundamenta
2577 5019 2758 5088 jacere
2785 5019 2991 5086 volunt,
3016 5021 3168 5090 prius
3194 5021 3436 5088 fodiunt;
3465 5032 3520 5078 et
3545 5022 3631 5077 ubi
3659 5019 3724 5074 ad

2144 5107 2403 5176 profunda
2429 5111 2791 5179 pervenerint,
2819 5111 2864 5166 si
2888 5111 2973 5166 vel
3001 5127 3221 5182 parvum
3262 5113 3539 5171 humorem
3577 5115 3724 5170 vide-

2144 5200 2274 5266 rint,
2303 5199 2434 5254 nihil
2469 5214 2576 5255 non
2601 5210 2759 5272 agunt
2793 5210 2850 5255 ut
2885 5209 3054 5258 totum
3100 5202 3273 5274 ipsum
3297 5206 3630 5274 exhauriant,
3671 5215 3725 5261 et

2143 5290 2222 5343 sic
2268 5289 2608 5347 fundamenta
2655 5291 2834 5348 locent
2873 5309 2886 5346 :
2938 5303 3219 5365 prapterea
3261 5297 3501 5352 omnium
3543 5296 3722 5366 Opifex

2142 5381 2320 5436 omnia
2347 5396 2502 5437 secus
2545 5397 2703 5452 quam
2734 5382 2977 5442 homines
3018 5385 3164 5453 facit,
3209 5395 3269 5442 ut
3304 5402 3371 5443 ex
3412 5387 3512 5442 hoc
3555 5387 3725 5442 discas

2144 5472 2466 5528 ineffabilem
2495 5474 2611 5543 ejus
2637 5477 2954 5544 potentiam,
2985 5480 3059 5546 et,
3091 5479 3303 5548 quando
3329 5480 3440 5550 ipse
3467 5480 3718 5541 voluerit,

2143 5565 2406 5619 elementa
2435 5565 2551 5620 inec
2579 5567 2734 5635 plane
2761 5569 3109 5637 contrarium,
3137 5585 3295 5640 quam
3352 5571 3548 5639 solent,
3595 5571 3712 5628 elle-

2144 5664 2286 5708 ctum
2314 5670 2380 5709 ex
2407 5652 2708 5711 Conditoris
2730 5666 2997 5728 prmerpto
3022 5660 3324 5717 ostendere.

2218 5744 2488 5800 Elementa
2520 5746 2626 5802 Deo
2655 5749 2860 5803 omnino
2897 5749 3098 5804 subdita
3136 5762 3289 5818 sunt;
3318 5767 3485 5807 seruos
3511 5750 3606 5806 Dei
3641 5765 3718 5803 re-

2152 5849 2492 5895 rerentur.—
2513 5841 2564 5898 5.
2601 5842 2665 5899 Et
2690 5852 2746 5900 ut
2774 5842 2825 5900 id
2852 5844 2994 5917 quod
3023 5845 3235 5919 dicitur,
3268 5845 3543 5905 dilucidius
3576 5841 3720 5900 vobis
