4110 6470
323 410 423 471 ιω

324 530 436 594 Eat,
460 526 570 599 iam
591 524 662 581 de
678 522 787 580 hoc
809 529 1128 595 argumento
1144 517 1343 590 aliquid
1367 519 1713 585 disseramus,
1735 525 1921 588 postea

319 621 391 677 ad
418 619 562 676 aliud
607 615 908 673 transituri.
940 613 1056 669 lloc
1075 611 1216 667 enim
1244 619 1431 667 contra
1467 624 1727 681 aquarum
1772 621 1927 667 natu-

328 729 445 770 ram
472 719 577 778 est,
608 710 753 765 ferre
781 720 979 776 corpus
1021 714 1129 759 tam
1171 719 1331 774 grave
1366 720 1383 758 :
1412 712 1467 759 et
1505 704 1697 759 iterum
1739 714 1926 761 contra

329 815 577 863 naturam
606 812 784 867 terrm,
817 799 1000 856 sedem
1050 812 1200 853 suam
1244 797 1296 852 in
1329 796 1420 852 tali
1445 796 1790 854 fundamento
1829 799 1926 854 lia-

331 901 483 955 bcre.
518 899 586 953 Et
609 895 737 966 quid
767 893 1022 949 miraris?
1046 892 1104 947 in
1132 905 1469 962 quacumque
1502 906 1682 947 rerum
1725 902 1931 948 creata—

326 1004 456 1045 rum
495 987 723 1043 scrutari
751 983 1017 1050 volueris,
1063 982 1308 1038 invenies
1355 983 1671 1038 immensam
1714 983 1932 1054 Opificis

334 1080 653 1153 potentiam,
703 1091 935 1147 eumque
975 1089 1073 1130 sua
1115 1075 1392 1130 voluntate
1428 1075 1726 1144 gubernare
1754 1076 1932 1130 omnia

333 1170 735 1241 deprehendes.
756 1169 949 1225 Videre
966 1168 1113 1224 enim
1140 1167 1242 1222 boc
1271 1166 1398 1222 licet
1423 1166 1475 1221 in
1505 1167 1647 1238 igne,
1669 1167 1754 1222 cui
1775 1167 1936 1222 absu-

335 1265 523 1321 mendi
546 1273 731 1319 natura
751 1270 834 1316 est
855 1277 871 1316 :
897 1260 1076 1315 omnia
1096 1260 1240 1315 enim
1257 1257 1413 1313 facile
1432 1257 1635 1326 domat,
1657 1259 1934 1314 materiam

334 1354 632 1421 lignorum,
664 1351 920 1422 lapidum,
950 1364 1257 1421 corporum,
1291 1357 1346 1403 et
1375 1349 1501 1405 ferri
1530 1367 1544 1403 :
1573 1359 1629 1405 at
1656 1360 1934 1419 postquam

342 1443 630 1514 imperavit
669 1442 951 1508 Dominus,
994 1454 1217 1510 corpora
1262 1448 1443 1495 tenera
1482 1447 1539 1495 et
1572 1441 1936 1511 corruptibilia

341 1551 457 1592 non
488 1534 677 1604 tetigit,
713 1532 810 1589 sed
839 1532 1039 1588 illzesos
1064 1544 1261 1602 pueros
1285 1532 1518 1585 servavit
1558 1532 1611 1586 in
1637 1531 1816 1587 medio
1843 1547 1938 1587 ca-

342 1628 498 1682 mino
527 1625 689 1697 (Dan.
720 1625 801 1695 ὃ).
835 1625 900 1680 Et
925 1640 994 1680 ne
1022 1625 1232 1680 mireris
1256 1625 1301 1679 si
1331 1639 1557 1695 corpora
1589 1625 1801 1680 illorum
1832 1641 1939 1681 non

342 1721 546 1790 tetigit,
572 1718 670 1775 sed
698 1717 1007 1775 irrationale
1033 1718 1358 1773 elementum
1401 1726 1545 1771 tanta
1575 1717 1943 1776 moderatione

347 1811 711 1880 obsequntem
749 1816 852 1875 est,
866 1818 1139 1879 quantum
1180 1807 1358 1864 mlius
1394 1818 1554 1878 queat
1593 1808 1765 1864 effari.
1810 1808 1943 1864 Nam

347 1916 424 1957 ne
451 1900 658 1970 capillis
701 1900 919 1971 quidem
951 1899 1162 1985 illorum
1200 1900 1447 1966 nocebat,
1492 1898 1589 1955 sed
1630 1899 1949 1955 circumibat

354 1990 498 2058 illos,
531 2000 584 2046 et
625 1992 765 2047 intra
807 2004 869 2049 sc
901 1990 1244 2048 continebat:
1270 1991 1411 2062 ignis
1444 2001 1621 2046 autem
1651 1991 1947 2047 substantia

353 2093 629 2154 tamquam
657 2082 1021 2138 obedientiam
1051 2082 1334 2148 exhibens,
1360 2093 1416 2138 et
1447 2083 1655 2139 Domini
1698 2085 1949 2140 mandato

352 2175 619 2241 serviens,
674 2174 872 2230 illaesos
917 2182 974 2231 et
1019 2174 1247 2229 intactos
1305 2173 1549 2230 servabat
1610 2174 1950 2232 adndrabiles
1994 2169 1999 2173 ’

355 2267 478 2323 illos
507 2280 728 2338 pueros,
751 2265 844 2337 qui
868 2267 1018 2336 quasi
1048 2267 1101 2323 in
1131 2275 1284 2336 prato
1310 2275 1365 2323 et
1393 2267 1551 2321 horto
1575 2266 1909 2322 ambulantes
1931 2308 1947 2335 ,

357 2370 506 2416 tanta
552 2360 837 2415 securitate
878 2359 932 2414 in
974 2359 1186 2415 camino
1224 2357 1588 2416 versabantur.
1620 2357 1691 2413 Et
1729 2373 1797 2413 ne
1832 2358 1953 2430 quis
2029 2382 2038 2391 ~

357 2458 578 2520 putaret
603 2448 866 2505 visibilem
895 2450 1045 2505 illum
1074 2450 1249 2520 ignem
1279 2449 1595 2519 operatione
1614 2464 1802 2505 carere
1824 2490 1840 2516 ,
1867 2449 1953 2504 id-

357 2543 508 2597 eirco
535 2540 793 2612 benignus
834 2540 1092 2596 Dominus
1118 2540 1256 2599 illius
1276 2539 1568 2596 etiieaciam
1593 2554 1705 2594 non
1726 2538 1954 2610 impedi-

359 2634 440 2688 vit
465 2650 480 2688 :
511 2631 606 2689 sed
633 2633 741 2687 vim
762 2633 911 2688 illam
938 2631 1131 2689 urendi
1157 2632 1377 2687 illzesatn
1407 2633 1663 2697 servavit,
1687 2640 1743 2688 et
1769 2646 1956 2687 serrae

360 2738 495 2780 suos
522 2723 610 2779 illa
651 2726 957 2794 superiores
981 2722 1126 2788 fecit,
1150 2730 1208 2779 ut
1236 2722 1385 2776 nullo
1406 2721 1567 2777 modo
1611 2721 1954 2779 lmderentur.

360 2816 630 2871 ceterum
658 2827 716 2870 ut
742 2815 946 2871 scirent
966 2814 1055 2885 qui
1085 2829 1278 2884 pueros
1306 2812 1621 2884 iniecerant,
1648 2822 1845 2884 quanta
1865 2828 1954 2868 es-

362 2918 449 2965 set
474 2908 713 2964 omnium
740 2908 834 2964 Dei
881 2908 1135 2979 potentia,
1166 2907 1221 2962 in
1246 2907 1367 2963 illos
1410 2907 1546 2978 ignis
1571 2922 1722 2962 suam
1763 2921 1957 2977 opera-

365 2999 567 3056 tionem
607 2999 880 3065 exercuit,
911 3000 982 3055 ita
1017 2998 1185 3055 utille
1214 2998 1328 3067 ipse
1372 2997 1510 3069 ignis
1540 3011 1640 3053 eos
1677 2998 1825 3052 intus
1857 2997 1963 3052 cir-

365 3090 744 3157 cummuniret,
772 3104 868 3146 eos
896 3099 1077 3146 autem
1093 3088 1182 3160 qui
1213 3087 1344 3143 loris
1368 3096 1525 3145 erant
1546 3097 1730 3145 ureret
1750 3098 1806 3145 et
1833 3103 1964 3144 eon-

366 3191 627 3240 sumeret.
680 3182 873 3238 Vidisti
910 3197 1019 3253 quo
1063 3188 1218 3252 pacto
1261 3181 1523 3237 Dominus
1565 3179 1780 3250 quando
1825 3182 1960 3246 vult,

368 3276 633 3332 elementa
659 3275 836 3332 omnia
866 3274 921 3330 in
945 3275 1270 3331 contrariam
1292 3284 1460 3330 mutet
1484 3275 1775 3330 essentiam
1792 3274 1817 3329 ἲ
1837 3275 1964 3346 Opi-

372 3366 461 3423 fex
491 3367 634 3425 enim
658 3377 743 3424 est
764 3376 819 3423 et
847 3367 1124 3434 Dominus,
1149 3376 1200 3423 et
1229 3381 1331 3437 pro
1355 3380 1457 3422 sua
1478 3366 1758 3422 voluntate
1785 3366 1962 3421 omnia

370 3459 667 3530 dispensat.
694 3458 866 3514 Vultis
891 3467 947 3515 et
984 3459 1036 3514 in
1064 3459 1218 3530 aquis
1244 3458 1473 3528 idipsum
1502 3457 1686 3513 videre
1726 3457 1966 3513 factum?

375 3549 509 3606 Nam
529 3551 667 3607 sicut
689 3551 827 3623 ignis
852 3549 940 3608 hic
967 3550 1040 3605 iis
1060 3551 1153 3621 qui
1170 3550 1312 3607 intus
1337 3560 1490 3605 erant
1530 3548 1665 3604 nihil
1704 3548 1963 3616 nocebat,

372 3642 472 3698 sed
493 3642 596 3698 illis
618 3643 892 3714 parcebat,
918 3642 1115 3699 oblitus
1137 3657 1251 3698 sua:
1279 3642 1640 3712 operationis;
1669 3642 1723 3697 in
1749 3657 1845 3698 eos
1869 3658 1966 3698 att-

378 3746 487 3794 tem
511 3738 605 3807 qui
629 3735 761 3791 foris
785 3746 941 3792 erant
964 3734 1222 3793 smviebat
1260 3749 1417 3791 more
1439 3748 1539 3791 suo
1561 3750 1575 3788 :
1603 3734 1684 3792 sic
1720 3743 1777 3791 et
1802 3749 1970 3806 aquas

374 3827 676 3885 videbimus
702 3827 841 3883 alios
860 3826 1076 3898 quidem
1111 3826 1479 3897 submergere,
1506 3825 1636 3880 aliis
1655 3833 1834 3881 autem
1875 3840 1970 3880 ce-

376 3920 526 3987 dere,
549 3920 619 3977 ita
639 3928 700 3975 ut
722 3919 924 3990 absque
941 3918 1138 3975 datum
1165 3925 1458 3975 transeant.
1485 3916 1867 3973 Beccrdamini
1884 3918 1972 3973 hic

379 4012 679 4068 Pharaonis
700 4020 758 4068 et
781 4011 1176 4085 Egyptiorum,
1200 4021 1367 4083 autem
1390 4011 1569 4082 populi
1597 4010 1966 4079 iiehrteorum,

377 4103 650 4175 quomodo
674 4103 729 4159 bi
748 4103 816 4159 ad
836 4102 1143 4160 mandatum
1169 4102 1407 4169 Domini,
1427 4116 1625 4173 magno
1639 4101 1789 4157 Meae
1811 4099 1969 4169 duce,

380 4211 480 4266 per
527 4211 677 4252 mare
732 4195 979 4251 Rubrum
1020 4194 1179 4266 quasi
1230 4209 1327 4265 per
1383 4192 1597 4249 aridam
1649 4192 1976 4249 transieram

381 4286 580 4356 (Esod.
626 4285 1004 4359 14).:Egyptii
1042 4286 1364 4356 autcm,.qui
1393 4284 1647 4342 eundem.
1685 4284 1826 4340 viam
1852 4298 1974 4341 cum

382 4377 664 4434 Pharaone
688 4378 768 4433 ire
802 4378 1072 4445 volebant,
1102 4376 1261 4448 aquis
1298 4375 1474 4432 obruti
1517 4374 1781 4432 submersi
1829 4382 1975 4431 sunt.

383 4470 461 4525 lta
487 4471 661 4525 solent
688 4470 954 4525 elementa
994 4468 1229 4525 revereri
1251 4481 1438 4524 servos
1479 4467 1712 4535 Domini,
1739 4477 1797 4523 et
1820 4481 1853 4522 a
1879 4481 1980 4523 suo

380 4575 444 4616 se
467 4560 749 4619 continere
771 4559 993 4631 impetu.
1019 4560 1319 4616 Audiamus.
1339 4572 1457 4625 nos,
1485 4566 1752 4629 quotquot
1774 4558 1980 4614 ieroces

380 4663 440 4709 et
468 4654 727 4716 iracundi,
753 4663 808 4709 et
830 4654 953 4709 aliis
971 4652 1343 4710 all’ectionibus
1363 4651 1435 4708 ob
1456 4661 1695 4707 nostram
1714 4652 1978 4723 ignaviam

385 4746 625 4816 impliciti
654 4756 890 4801 nostram
915 4745 1149 4803 saltuem-
1171 4733 1600 4814 pessnmdattuts,
1631 4752 1691 4800 et
1713 4745 1982 4801 imitemur

385 4848 589 4893 tantam
633 4838 831 4894 horum
855 4839 1243 4895 elementorum
1286 4840 1495 4894 ratione
1530 4839 1831 4896 carentium
1854 4840 1984 4896 οδε·-

382 4928 663 4996 dientiam,
716 4946 814 4987 nos
854 4932 945 5001 qui
982 4932 1193 4987 ratione
1237 4930 1475 5002 insigniti
1502 4946 1707 4987 sumus.
1756 4931 1887 4987 Nam
1937 4932 1983 4988 si

388 5020 547 5091 ignis,
577 5021 665 5091 qui
688 5021 764 5075 ita
785 5020 944 5088 edax,
984 5021 1058 5077 ita
1087 5020 1414 5085 vehemens,
1440 5021 1756 5092 corporibus
1799 5036 1987 5077 corru-

385 5111 661 5182 ptibilibus
687 5121 745 5168 et
786 5120 892 5167 tam
922 5112 1121 5169 teneris
1147 5112 1409 5185 pepercit,
1448 5127 1606 5183 quam
1633 5125 1873 5169 meretur
1897 5128 1990 5168 ve-

386 5204 532 5260 niam
562 5202 745 5270 bomo,
769 5217 924 5260 suum
948 5204 1221 5261 refrenare
1247 5202 1484 5259 aurorem
1527 5214 1749 5274 propter
1771 5205 1993 5260 manda-

388 5307 504 5351 tum
538 5296 765 5362 Domini,
799 5307 855 5353 et
875 5297 1007 5352 iram
1035 5311 1162 5368 erga
1204 5296 1513 5367 proximum.
1549 5312 1582 5353 e
1630 5306 1848 5368 pectore
1889 5312 1988 5353 suo

386 5387 671 5445 eliminare
709 5388 936 5445 nolens?
962 5389 1034 5445 Et
1056 5388 1199 5459 quod
1233 5387 1405 5458 majus
1449 5396 1581 5457 est,
1617 5389 1764 5459 ignis
1784 5398 1987 5445 tantam

392 5477 578 5533 urendi
605 5478 711 5533 vim
737 5478 970 5544 habens,
1001 5493 1153 5533 suam
1182 5478 1548 5548 operationem
1580 5493 1688 5534 non
1714 5477 1985 5547 ostendit;

394 5571 555 5627 homo
577 5578 779 5633 autem.
811 5581 1149 5627 mansuetum
1194 5571 1415 5637 animal,
1447 5572 1711 5628 rationale
1752 5580 1809 5629 et
1833 5572 1989 5631 benis-

390 5677 580 5733 gnum,
593 5662 866 5718 contraria
881 5677 996 5719 sum
1021 5661 1386 5731 naturarfacit,
1410 5663 1794 5735 etnegligentia
1813 5678 1993 5720 mores

390 5743 543 5809 suos
564 5753 619 5809 in
663 5753 866 5809 ferinos
913 5754 1093 5809 vertit.
1145 5752 1351 5810 idcirco
1377 5762 1434 5810 et
1474 5753 1661 5810 divina
1694 5753 1990 5825 Scriptura,

391 5852 612 5918 propter
622 5843 934 5905 all'cctioncs
954 5845 1069 5903 illas
1087 5843 1522 5913 intertusbtmtesq
1545 5842 1987 5903 imtionabiliuut

1447 403 1515 461 IN
1550 398 1793 461 CAPJI.
1835 396 2083 458 GENBS.
2123 394 2350 456 ΙῘΟΜΙΙ..
2393 392 2514 455 XII.

3515 409 3625 467 102

2029 519 2086 566 et
2111 511 2343 566 ferarum
2385 512 2600 567 numina
2631 512 2697 569 iis
2736 514 2828 585 qui
2855 514 3059 572 ratione
3085 516 3317 591 insigniti
3361 531 3486 577 sunt
3514 527 3613 577 im-

2018 604 2218 675 point;
2261 604 2525 661 interdum
2554 620 2715 663 canes
2737 609 2810 664 ob
2848 609 3228 681 impudentiam
3268 625 3321 670 et
3362 618 3616 687 impetum

2031 707 2205 755 «ut.
2235 698 2459 753 dicens:
2486 699 2652 756 Canes
2675 694 2819 767 ntuli,
2854 720 2957 758 non
2993 706 3214 761 valentes
3255 708 3443 764 latrare
3466 710 3620 783 (lsni.

2032 787 2122 844 liti.
2155 789 2276 860 l0);
2315 790 2582 846 interdum
2634 793 2706 848 ob
2748 792 3020 851 iibidinem
3068 814 3272 868 equos:
3329 800 3470 855 Nam
3511 804 3623 871 equi

2032 878 2281 933 smissorii
2304 881 2429 949 facti
2447 890 2585 947 sunt,
2613 884 2951 955 unusquisque
2974 886 3045 940 ad
3064 903 3277 943 uxorem
3303 893 3521 960 proximi
3545 894 3625 947 sui

2033 967 2290 1023 hinniebal
2337 970 2474 1040 (Jer.
2505 972 2557 1027 5.
2599 973 2690 1044 8);
2724 974 2992 1032 interdum
3017 994 3144 1035 vero
3171 983 3372 1050 asinos,
3404 985 3474 1040 ob
3516 995 3627 1040 sitt-

2038 1058 2310 1127 piditatem
2354 1071 2409 1116 et
2438 1063 2725 1121 ruditatem
2750 1082 2764 1120 :
2792 1068 3129 1139 Comporatus
3149 1083 3222 1126 est
3250 1074 3393 1129 enim
3416 1116 3431 1140 ,
3462 1077 3629 1148 inquit

2036 1149 2330 1241 Scriptura,
2364 1156 2612 1226 jumentis
2649 1159 3018 1231 insipientibus,
3050 1173 3098 1219 et
3136 1166 3318 1222 similis
3356 1171 3521 1241 factus
3562 1180 3633 1227 est

2037 1240 2142 1295 illis
2167 1241 2341 1311 (Psal.
2372 1246 2463 1302 68.
2498 1248 2624 1320 l3);
2651 1249 2940 1322 aliquando
2964 1256 3126 1310 etiam
3151 1257 3334 1314 leones
3357 1240 3419 1315 iet
3441 1263 3636 1326 pardus

2039 1344 2214 1400 vocat,
2246 1336 2317 1393 ob
2340 1341 2682 1408 rapacitatem
2707 1354 2762 1399 et
2788 1347 3130 1417 aviditatem;
3174 1352 3462 1424 aliquando
3511 1358 3636 1413 item

2041 1426 2272 1519 aspicies,
2302 1428 2800 1491 obfrandulentiam
2826 1455 2840 1493 :
2873 1438 3148 1509 Venenum,
3174 1444 3362 1516 inquit,
3401 1450 3640 1519 aspiciunt

2042 1516 2134 1571 sub
2159 1516 2303 1574 labiis
2328 1535 2501 1609 eorum
2521 1522 2694 1594 (Psal.
2724 1528 2842 1584 l59.
2874 1530 2929 1601 4)
2952 1547 2966 1596 ;
2991 1547 3391 1607 nonnumquam
3417 1516 3638 1610 serpen-

2049 1617 2129 1665 tes
2147 1620 2202 1665 et
2221 1611 2456 1683 viperas,
2479 1614 2551 1670 ob
2577 1616 2750 1673 latens
2770 1635 3032 1676 venenum
3054 1633 3112 1679 et
3132 1627 3408 1695 malitiam,
3432 1631 3570 1686 sicut
3587 1642 3643 1688 et

2048 1699 2236 1794 beatus
2259 1700 2493 1760 Joannes
2507 1705 2792 1777 clamabat,
2820 1711 3004 1770 dicens
3028 1732 3040 1768 :
3069 1715 3358 1787 Serpentes,
3382 1724 3644 1794 progenies

2048 1790 2357 1859 viperarum,
2387 1796 2502 1864 quis
2527 1797 2668 1853 vobis
2693 1799 3054 1858 demonstravit
3079 1810 3252 1879 fugere
3273 1825 3306 1863 α
3331 1790 3540 1867 ventura
3569 1817 3647 1870 ira

2052 1880 2265 1954 (Matth.
2294 1887 2351 1942 5.
2379 1887 2473 1958 7)?
2493 1889 2712 1960 insuper
2730 1904 2785 1947 et
2803 1894 2907 1948 alia
2927 1896 3296 1957 affectionibus
3319 1906 3650 1974 responden-

2054 1976 2125 2030 tia
2152 1977 2370 2033 uomina
2392 1980 2638 2050 imponit,
2662 1993 2722 2039 ut
2739 1986 2818 2041 sic
2839 1988 2922 2042 vel
2945 1990 3157 2045 tandem
3179 1994 3384 2050 confusi
3402 1998 3467 2052 ad
3495 2014 3647 2057 suam

2052 2067 2340 2137 aliquando
2381 2071 2606 2128 redeant
2636 2076 2988 2145 nobilitatem,
3017 2092 3072 2136 et
3101 2098 3200 2138 suo
3224 2089 3405 2155 generi
3447 2094 3651 2147 contm-

2058 2158 2339 2252 derentttr,
2384 2161 2862 2239 ali'eetionihusque
2899 2172 3013 2226 suis
3052 2172 3260 2231 divinas
3289 2179 3431 2249 leges
3459 2184 3653 2252 pra-le-

2055 2260 2201 2316 rant,
2223 2251 2418 2322 quibus
2438 2268 2562 2311 sese
2585 2256 2949 2328 deliuqnendo
2979 2265 3360 2331 permiserunt.

2127 2342 2189 2398 4.
2224 2343 2331 2399 Sed
2373 2346 2559 2401 nescio
2590 2351 2861 2418 quomodo
2884 2367 2915 2407 a
2943 2356 3208 2413 sermonis
3250 2358 3452 2431 impetu
3490 2362 3654 2420 abre-

2060 2442 2182 2504 ptus
2217 2435 2288 2491 ad
2318 2435 2435 2493 bare
2461 2438 2688 2510 digressi
2717 2442 2905 2499 simus.
2935 2446 3048 2516 Age
3070 2464 3211 2505 nunc
3246 2452 3314 2507 ad
3358 2454 3655 2514 institutum

2060 2526 2379 2595 redeannts;
2409 2540 2467 2586 et
2489 2531 2767 2589 videamus
2787 2535 3043 2607 quidnam
3064 2541 3225 2596 etiam
3254 2544 3403 2600 aliud
3427 2562 3524 2602 nos
3552 2549 3652 2605 do-

2060 2632 2189 2675 cere
2232 2620 2359 2677 velit
2389 2622 2574 2679 beatus
2599 2624 2690 2681 ille
2718 2628 2998 2697 propheta.
3027 2630 3161 2688 Nam
3192 2644 3248 2690 nt
3276 2636 3430 2705 dixit,
3455 2639 3557 2695 Hic
3585 2653 3659 2698 est

2062 2711 2191 2765 liber
2221 2715 2563 2783 generationis
2584 2716 2697 2771 rati
2724 2728 2773 2772 et
2802 2728 2971 2788 terra,
3000 2736 3314 2794 progressus
3344 2728 3503 2798 ultra,
3532 2747 3659 2787 nar-

2063 2811 2147 2857 rat
2189 2802 2386 2858 iterum
2409 2805 2722 2875 diligentius
2758 2808 2991 2867 hominis
3019 2813 3415 2874 formationem.
3446 2820 3510 2876 Et
3537 2824 3659 2893 quia

2063 2896 2313 2964 sumius
2331 2896 2569 2952 breviter
2586 2898 2796 2956 dixerat
2822 2918 2841 2957 :
2864 2901 2935 2958 Et
2967 2907 3085 2975 [erit
3129 2906 3267 2963 Dens
3296 2911 3567 2980 hominem,
3593 2917 3663 2969 ad

2065 2987 2338 3058 imaginem
2364 2988 2464 3044 Dei
2488 2994 2610 3063 fecit
2648 2992 2827 3061 illum,
2869 3011 3012 3052 nunc
3054 2998 3186 3055 dicit
3209 3019 3224 3057 :
3252 3003 3305 3056 7.
3332 3003 3402 3057 Ft
3425 3004 3664 3074 formavit

2070 3078 2208 3135 Deus
2231 3081 2483 3137 hominem
2503 3124 2523 3148 ,
2544 3083 2805 3155 pulverem
2826 3087 2897 3141 de
2919 3097 3054 3143 terra
3067 3079 3088 3158 i,
3120 3100 3170 3145 el
3208 3093 3478 3165 inspiravit
3503 3097 3556 3152 in
3584 3101 3666 3169 fa-

2069 3172 2194 3225 cient
2223 3173 2339 3236 eius
2371 3174 2693 3242 spiraculum
2731 3178 2877 3244 vitaz,
2908 3190 2965 3234 et
2986 3181 3157 3250 factus
3183 3194 3259 3239 est
3285 3186 3435 3242 homo
3463 3188 3517 3242 in
3549 3190 3666 3243 ani-

2061 3280 2209 3325 mum
2237 3266 2505 3322 niveum.
2531 3268 2777 3340 Magium
2803 3280 2886 3327 est
2909 3274 3051 3342 quod
3082 3276 3169 3331 hic
3197 3277 3346 3343 dicit,
3370 3288 3424 3334 et
3447 3290 3669 3350 stupore

2071 3355 2286 3425 plenum
2315 3355 2713 3430 humanamque
2749 3364 3130 3420 transcenderis
3155 3377 3388 3423 mentem
3418 3386 3432 3423 :
3463 3369 3535 3424 Et
3556 3376 3667 3441 for-

2070 3447 2224 3500 marit
2244 3488 2264 3515 ,
2288 3448 2493 3518 inquit,
2517 3448 2661 3505 Deus
2692 3451 2976 3520 Mutinam,
3007 3455 3263 3525 pulverem
3302 3461 3571 3530 accipiens
3592 3465 3670 3536 (η)

2071 3540 2137 3594 de
2164 3549 2320 3596 terra.
2354 3541 2511 3598 Sicut
2533 3541 2605 3600 de
2636 3544 2889 3601 omnibus
2908 3548 3170 3603 creaturis
3196 3551 3492 3608 visibilibus
3517 3555 3668 3611 dice-

2073 3633 2204 3690 bant
2245 3634 2617 3691 universorum
2661 3636 2918 3708 Opiﬁcem
2957 3642 3138 3696 omnia
3180 3652 3381 3711 praeter
3422 3646 3671 3703 humanm

2075 3734 2284 3783 namrte
2324 3743 2529 3784 morem
2574 3744 2734 3801 agere
2755 3772 2771 3799 ,
2802 3738 2861 3786 ut
2912 3747 3008 3802 per
3039 3734 3143 3790 hoc
3178 3735 3460 3794 ineliabilis
3505 3740 3674 3811 ipsius

2076 3828 2408 3876 monstretur
2434 3821 2602 3877 virtus
2624 3838 2645 3873 ε
2672 3824 2743 3878 ita
2785 3832 2840 3880 et
2879 3824 2933 3880 in
2972 3826 3203 3885 hominis
3232 3828 3550 3890 formatione
3585 3833 3672 3889 in-

2078 3910 2357 3967 veniemus
2402 3927 2545 3969 nunc
2590 3913 2811 3972 factum.
2842 3914 2979 3972 Vide
3012 3919 3158 3973 enim
3200 3922 3469 3991 quomodo
3513 3938 3677 3996 super

2078 4015 2249 4072 aquas
2278 4011 2479 4058 terram
2518 4004 2791 4072 iumlavit,
2819 4005 2879 4062 id
2899 4008 3041 4076 quod
3069 4010 3201 4065 citra
3240 4010 3400 4068 ﬁdem
3442 4014 3673 4072 humana

2081 4094 2219 4149 ratio
2243 4109 2356 4150 non
2368 4097 2514 4165 capit
2538 4114 2559 4151 :
2579 4106 2634 4152 et
2663 4098 2935 4168 quomodo
2959 4100 3405 4174 quandocumque
3427 4105 3675 4175 voluerit,

2080 4185 2223 4242 sicut
2245 4187 2596 4252 ostendimus,
2620 4196 2685 4242 ut
2702 4203 2891 4243 omnes
2914 4189 3226 4247 substantia:
3249 4197 3513 4250 contraria
3537 4197 3680 4267 ipsa-

2083 4291 2202 4331 rum
2232 4284 2438 4332 natura
2469 4287 2637 4348 agant
2665 4278 2847 4335 efﬁcit.
2878 4280 3054 4336 Simili
3091 4284 3251 4339 modo
3288 4295 3343 4341 et
3367 4287 3419 4342 in
3449 4287 3682 4347 hominis

2085 4368 2406 4426 formatione
2447 4384 2591 4426 nunc
2632 4371 2787 4428 nobis
2823 4374 2949 4443 quid
2978 4374 3180 4430 factum
3211 4378 3283 4433 sit
3315 4379 3492 4436 divina
3537 4382 3680 4439 Scri-

2086 4470 2243 4532 pura
2267 4462 2523 4519 declarat.
2553 4463 2825 4520 Pertimuit
2847 4465 3008 4535 Dens,
3041 4468 3229 4539 inquit,
3259 4473 3533 4539 hominem,
3567 4475 3685 4545 pul-

2086 4569 2250 4608 verem
2296 4554 2566 4625 accipiens
2605 4556 2671 4611 de
2708 4567 2862 4612 terra.
2890 4559 3026 4627 Quid
3066 4559 3200 4615 dicis
3218 4561 3249 4615 ἴ
3272 4563 3578 4634 Acceptone
3617 4567 3687 4624 de

2086 4654 2229 4702 terra
2271 4647 2492 4717 pulvere
2535 4649 2782 4704 formavit
2819 4650 3131 4707 hominem?
3161 4653 3368 4723 Etiam,
3398 4656 3603 4727 inquit,
3637 4670 3690 4715 et

2089 4752 2203 4792 non
2222 4739 2573 4809 simpliciter;
2604 4755 2704 4797 nec
2731 4742 3023 4811 qutmtlibet
3060 4742 3278 4800 fortuito
3317 4755 3514 4802 terram
3538 4748 3687 4817 dicit,

2087 4832 2185 4889 sed
2211 4830 2480 4889 Palam
2502 4849 2523 4888 :
2543 4833 2693 4905 quasi
2721 4834 2765 4890 si
2787 4835 2905 4906 quis
2935 4835 3096 4902 dicat,
3128 4839 3497 4894 tenuissimum
3526 4848 3588 4895 et:
3608 4842 3688 4896 vi-

2090 4923 2352 4979 lissimum
2373 4924 2621 4995 quod-est
2645 4925 2701 4979 in
2722 4932 2884 4981 terra.
2910 4926 3154 4997 Magnum
3179 4928 3271 4984 tibi
3291 4939 3348 4985 et
3374 4930 3690 4988 admirabile

2090 5017 2300 5073 videtur
2319 5017 2471 5088 quod
2487 5017 2686 5073 dictum
2707 5027 2791 5074 est
2811 5037 2825 5074 :
2849 5034 3039 5075 verum
3056 5021 3101 5076 si
3118 5022 3329 5092 cogites
3345 5023 3464 5093 quis
3487 5024 3689 5093 opifex,

2095 5108 2404 5179 neutiquam
2433 5108 2595 5164 fidem
2619 5108 2827 5167 habere
2847 5109 2986 5167 laeto
3012 5112 3308 5181 recusabis,
3332 5114 3425 5170 sed
3454 5117 3689 5173 mirabe-

2092 5199 2168 5254 ris
2192 5208 2247 5254 et
2270 5199 2519 5256 adorabis
2542 5199 2847 5257 Conditoris
2890 5204 3201 5272 potentiam.
3229 5203 3391 5270 Quod
3402 5206 3445 5260 si
3465 5204 3581 5261 lucc
3604 5223 3692 5262 se-

2092 5290 2323 5347 cundum
2363 5292 2747 5362 cogitationum
2781 5303 2995 5348 tunrum-
3021 5293 3437 5351 imbecillitatem
3479 5299 3690 5355 cmetiri

2092 5383 2349 5451 volneris,
2381 5391 2440 5438 et
2482 5383 2749 5439 curiosius
2789 5384 3070 5453 explorare
3093 5426 3111 5452 ,
3159 5400 3254 5456 par
3287 5396 3370 5443 est
3411 5397 3469 5442 ut
3498 5388 3590 5444 tibi
3637 5389 3693 5445 in

2095 5486 2330 5530 mentem
2373 5474 2588 5540 veniat,
2620 5489 2687 5529 ex
2738 5484 2883 5530 terra
2924 5488 3118 5545 corpus
3144 5476 3507 5555 lliumanum)
3535 5496 3693 5536 num-

2092 5579 2257 5637 quam
2301 5564 2415 5620 fieri
2436 5606 2455 5632 ,
2481 5564 2581 5621 sed
2603 5565 2688 5620 vel
2719 5566 2943 5622 laterem
2959 5608 2977 5633 ,
3004 5567 3093 5623 vel
3120 5578 3310 5624 testam
3331 5612 3348 5633 ,
3369 5580 3424 5627 et
3449 5587 3554 5626 non
3586 5573 3695 5629 tale

2095 5671 2315 5730 corpus.
2347 5656 2534 5715 Viden?
2559 5672 2679 5727 nos,
2716 5660 2823 5715 nisi
2847 5661 3147 5730 potentiam
3162 5662 3467 5720 Cenditoris
3488 5673 3691 5721 attenta

2166 5854 2243 5921 (α)
2267 5859 2333 5906 lla
2357 5854 2495 5919 Regii
2517 5861 2624 5908 Mss.
2650 5863 2705 5909 et
2725 5855 2880 5921 Colb.,
2897 5864 3044 5921 atque
3059 5860 3130 5912 sic
3152 5858 3331 5922 legitur
3354 5855 3405 5907 in
3420 5855 3602 5908 Bibliis.
