4110 6484
472 416 577 474 1θό

460 542 643 589 metite.
660 528 1003 588 enttsidcrarc
1016 522 1433 585 voluerimus,et
1449 524 1658 572 nostras
1679 515 1914 570 rationes
1937 519 2048 565 tam

459 622 758 682 imbecilles
803 619 1178 688 reprimamus,
1220 627 1326 668 non
1375 624 1532 681 posse
1571 607 1832 662 dictorum
1858 617 2051 674 capere

460 711 887 772 sublimitatem?
911 710 1041 765 Nam
1084 722 1204 778 qua:
1244 705 1530 768 dicuntur,
1562 699 1681 754 fidei
1717 697 1886 751 oculis
1915 694 2052 750 indi-

460 815 610 876 gent,
640 814 871 872 suntque
897 801 979 856 ob.
995 809 1230 854 nostram
1265 794 1626 850 inﬁrmitatem
1659 785 2050 876 multa-verbof

462 875 578 952 rum
629 891 1071 962 attemperatione
1108 885 1394 956 descripta.
1425 878 1862 951 Quandoquidem
1911 875 2049 930 istud

461 990 636 1058 ipsum
657 985 800 1058 quod
831 983 1001 1054 inquit
1031 999 1045 1036 :
1079 977 1334 1034 Fornmvit
1362 973 1501 1029 Deus
1529 973 1802 1034 hominem,
1825 979 1871 1022 et
1899 969 2054 1036 inspi-

461 1080 614 1145 ravlt,
645 1075 918 1145 indignum
949 1075 1056 1128 Deo
1088 1069 1287 1125 fuerit:
1313 1067 1406 1122 sed
1442 1073 1660 1134 propter
1689 1075 1788 1116 nos
1807 1067 1902 1124 ,et:
1932 1074 2054 1128 pro-

465 1178 582 1238 pter
611 1167 972 1222 infinnitatem
1003 1172 1237 1218 nostram
1265 1158 1382 1212 htec
1417 1156 1494 1211 sic
1532 1162 1713 1210 narrat
1742 1151 2014 1219 Scriptura
2033 1189 2050 1214 ,

463 1259 532 1315 ad
559 1269 794 1314 nostram
824 1274 883 1314 se
913 1257 1221 1313 tenuitatem
1247 1250 1555 1313 demittens,
1579 1256 1647 1302 ut
1665 1255 1809 1302 tanta
1829 1245 2053 1299 familia:-

465 1352 624 1405 ritate
647 1349 866 1420 dignati,
898 1347 964 1401 ad
990 1346 1256 1415 fastigium
1283 1341 1410 1396 illud
1446 1338 1737 1395 ascendere
1765 1340 2053 1407 possimus.

469 1441 532 1495 Et
558 1441 813 1511 formavit,
835 1439 994 1507 ittquit
1007 1480 1031 1504 ,.
1045 1436 1196 1490 Deus-
1209 1435 1482 1497 hontinem,
1510 1430 1775 1503 pulverem-
1786 1428 2055 1498 accipiens

461 1532 526 1584 de
549 1542 698 1584 terra.
725 1531 858 1586 llinc
879 1529 926 1584 si
950 1543 1140 1597 sapere
1161 1527 1428 1588 volumus,
1458 1539 1562 1577 non
1590 1536 1752 1593 parva
1784 1519 1936 1574 nobis
1958 1517 2057 1572 ltu-

463 1623 705 1677 tnilitatis
749 1623 920 1675 oritur
958 1619 1221 1674 doctrina.
1269 1616 1400 1672 Nam
1444 1613 2058 1685 cumcogitaverimus,

465 1713 608 1768 unde
631 1713 1024 1768 constitutionis
1051 1726 1162 1764 sua:
1191 1710 1400 1764 initium
1445 1716 1629 1762 natura
1659 1714 1838 1760 nostra
1867 1718 2056 1758 susce-

468 1805 634 1875 perit,
657 1804 867 1860 etiamsi
913 1802 1226 1858 sexcenties
1253 1798 1538 1870 supercilia
1588 1798 1946 1868 surrigamus,
1967 1810 2055 1850 re-

469 1896 771 1967 prituimur,
797 1895 1158 1959 humiliamur,
1179 1901 1232 1949 et
1252 1891 1560 1947 substantia:
1583 1899 1778 1945 nostra:
1795 1889 2061 1944 rationem

469 1987 858 2058 perpendentes
883 2029 898 2052 ,
925 1985 1250 2040 modestiam
1267 1985 1540 2040 discimus.
1571 1983 1694 2038 ldeo
1720 1982 1863 2038 enim
1893 1982 2054 2048 Deus,

466 2081 552 2134 eui
585 2089 726 2133 tanta
755 2078 946 2132 salutis
991 2089 1186 2131 nostra:
1211 2091 1362 2141 cura,
1391 2075 1458 2130 ad
1501 2074 1669 2130 nostri
1699 2073 2055 2128 eruditionem

467 2169 742 2240 propheta:
782 2169 1016 2237 linguam
1042 2171 1119 2222 sic
1166 2167 1392 2222 direxit.
1411 2165 1626 2236 Quippe
1645 2181 1766 2220 eum
1809 2163 2058 2234 superius

463 2264 687 2318 dixisset
710 2262 892 2317 divina
922 2261 1220 2330 Scriptura,
1252 2259 1318 2314 Et
1347 2261 1463 2328 fecit
1492 2259 1631 2315 Deus
1671 2259 1957 2322 hominem,
1978 2273 2060 2311 se-

463 2355 688 2410 cundum
714 2355 988 2425 imaginem
1008 2351 1105 2406 Dei
1136 2352 1252 2423 fecit
1273 2367 1408 2414 sunt,
1437 2349 1586 2405 dedit
1612 2349 1688 2404 illi
1713 2350 1954 2404 omnium
1981 2349 2062 2403 vi-

463 2445 700 2501 sibilium
731 2453 1073 2514 potestatem,
1093 2453 1151 2496 ut
1178 2458 1245 2497 ne
1264 2457 1330 2497 ex
1357 2457 1468 2496 sua:
1493 2440 1888 2494 constitutionis
1916 2438 2060 2509 igno-

464 2536 635 2593 rantia
657 2536 793 2590 altos
813 2536 1029 2605 spiritus
1051 2531 1833 2602 assumeret,praescriptosque
1859 2531 2058 2586 limites

474 2629 720 2690 transiret
753 2645 765 2682 :
794 2628 1067 2698 superiora
1097 2637 1344 2696 repetens
1369 2625 1641 2695 Scriptura
1669 2625 1830 2680 docet
1854 2622 2060 2679 forma-

472 2725 626 2778 :ionis
665 2723 780 2792 ejus
821 2722 1101 2792 originem,
1133 2731 1189 2776 et
1237 2719 1379 2776 unde
1421 2735 1485 2774 ac
1533 2719 1804 2789 quomodo
1854 2717 2058 2788 primus

467 2816 629 2870 homo
651 2814 940 2884 productus
964 2815 1056 2870 sit.
1079 2813 1219 2869 Nan?
1233 2813 1285 2868 si
1306 2821 1426 2882 post
1451 2811 1590 2867 hanc
1611 2811 1929 2877 doctrinam,
1953 2827 2058 2882 qua

463 2906 679 2975 agnovit
702 2921 761 2960 se
787 2914 976 2961 eterra
998 2905 1200 2960 habere
1221 2904 1502 2974 originem,
1528 2919 1594 2959 ex
1623 2918 1727 2972 qua
1754 2903 1980 2968 semina,
2003 2911 2061 2958 et

463 3006 656 3052 ctetera
681 2996 960 3064 animalia,
993 2995 1235 3067 quamvis
1275 2994 1562 3060 formatio,
1586 2995 1883 3064 animmque
1926 2994 2058 3048 sub-

465 3091 659 3144 stantia
690 3088 1043 3160 incorporalis
1070 3089 1238 3142 multo
1261 3088 1609 3143 excellentior
1639 3103 1732 3157 per
1755 3087 2059 3158 benignita-

468 3195 574 3238 tem
609 3183 702 3237 Dei
745 3196 998 3237 concessa
1039 3180 1112 3236 sit
1139 3197 1154 3234 :
1183 3196 1281 3251 per
1307 3181 1444 3234 hanc
1477 3179 1620 3234 enim
1667 3179 1874 3249 accepit
1915 3177 2058 3248 quod

469 3274 745 3330 rationalis
773 3273 860 3337 sit,
889 3281 945 3328 et
966 3272 1213 3328 omnibus
1239 3271 1360 3326 aliis
1398 3271 1662 3341 imperet:
1694 3270 1774 3337 si,
1804 3271 2018 3340 inquam
2038 3311 2055 3340 ,

467 3367 593 3422 licet
624 3365 740 3420 lure
754 3364 964 3430 doctus,
988 3365 1254 3433 serpentis
1276 3363 1590 3432 deceptione
1617 3378 1799 3432 parem
1826 3363 2056 3433 aliquam

461 3474 585 3512 cum
623 3457 732 3512 Deo
759 3455 1118 3526 aequalitatem
1164 3454 1480 3524 imaginatus
1507 3460 1591 3508 est
1632 3454 1678 3507 is
1702 3452 1792 3523 qui
1819 3452 1887 3508 de
1917 3461 2056 3506 terra

465 3554 761 3606 formatus:
790 3549 835 3604 si
862 3548 1029 3618 priori
1057 3548 1359 3602 narratione
1396 3555 1679 3602 contentus
1703 3545 1896 3601 fuisset
1933 3547 2059 3602 bea-

465 3653 550 3696 tus
579 3642 664 3695 hic
693 3639 972 3709 preplteta,
1003 3648 1056 3692 et
1085 3638 1185 3692 nisi
1216 3637 1458 3706 repetitis
1495 3637 1744 3692 omnibus
1779 3637 2061 3708 diligenter

466 3749 566 3788 nos
591 3733 883 3798 docuisset,
915 3733 966 3785 in
989 3746 1148 3798 quam
1179 3747 1285 3784 non
1313 3729 1689 3784 incidissemus
1710 3730 1972 3785 insaniam
1998 3731 2025 3783 ἲ

538 3825 591 3880 5.
635 3822 818 3892 Itaque
845 3821 1130 3890 plurimum
1172 3819 1240 3875 ad
1279 3820 1634 3876 erudiendum
1675 3837 1774 3876 nos
1808 3821 2058 3877 conducit

465 3931 509 3971 Si
529 3916 605 3969 ire
633 3913 775 3968 unde
811 3912 1104 3968 substantia
1132 3921 1311 3965 nostra
1341 3911 1569 3980 primum
1605 3911 1864 3982 originem
1906 3927 2059 3967 acce—

470 4005 628 4076 perit.
655 4003 719 4057 Et
741 4003 1002 4076 formavit,
1027 4001 1212 4071 inquit,
1238 4000 1377 4055 Deus
1403 4000 1678 4067 hominem,
1704 4001 1955 4070 pulverem
1977 4017 2060 4056 ac-

465 4097 669 4168 cipiens
697 4095 760 4149 de
789 4105 922 4149 terra
945 4135 962 4159 ,
989 4103 1036 4148 et
1074 4093 1344 4164 insuﬂlavit
1371 4093 1426 4146 in
1459 4093 1640 4164 faciem
1673 4095 1784 4162 ejus
1823 4093 2059 4164 spiracu-

467 4191 572 4244 lum
594 4190 724 4242 vitaz.
749 4186 1009 4255 Quoniam
1034 4185 1336 4240 hominibus
1362 4183 1698 4252 loquebatur,
1717 4185 1874 4240 aliter
1898 4201 2058 4254 quam

382 4281 390 4286 '
469 4294 619 4334 more
667 4287 852 4332 nostro
894 4275 1082 4330 audire
1128 4289 1234 4328 non
1262 4274 1603 4340 valentibus,
1633 4273 1733 4329 hac
1773 4275 2058 4331 verborum

467 4370 809 4441 simplicitate
829 4377 884 4422 et
909 4366 1265 4422 crassitudine
1285 4381 1414 4420 usus
1441 4374 1524 4420 est
1546 4381 1562 4430 ;
1591 4375 1719 4420 etut
1746 4365 1937 4422 doceat
1961 4381 2060 4423 nos

468 4478 576 4530 quo
608 4468 762 4530 pacto
789 4459 1075 4512 formatum
1102 4456 1252 4511 illum
1278 4456 1346 4510 de
1382 4466 1523 4511 terra
1547 4496 1564 4522 ,
1610 4457 1910 4526 benignitas
1956 4459 2060 4513 Do-

471 4553 600 4609 mini
632 4551 948 4606 rationalem
977 4547 1171 4603 anima:
1213 4547 1500 4602 essentiam
1551 4546 1752 4602 habere
1792 4549 2057 4619 voluerit,

470 4665 560 4719 per
588 4661 751 4718 qttam
777 4642 973 4698 animal
1000 4642 1103 4697 hoc
1123 4640 1426 4696 absolutum
1463 4648 1520 4696 et
1548 4641 1838 4710 perfectum
1885 4642 2058 4698 ﬁeret.

473 4743 537 4798 Et
576 4739 877 4810 inspiravit,
909 4737 1113 4807 inquit,
1159 4735 1210 4788 in
1239 4735 1419 4806 faciem
1447 4735 1556 4802 eius
1581 4735 1892 4804 spiraculum
1924 4737 2058 4791 vitaz.

474 4833 702 4889 Vitalem
729 4832 804 4885 ait
846 4827 1101 4900 operandi
1129 4825 1425 4882 efficaciam
1455 4825 1503 4880 ei
1523 4865 1539 4893 ,
1561 4828 1650 4896 qui
1677 4825 1744 4882 de
1774 4835 1914 4882 terra
1957 4828 2064 4884 for-

473 4935 647 4982 matus
672 4933 776 4988 est,
806 4918 1130 4991 spiraculum
1156 4917 1335 4972 datum
1357 4931 1498 4984 esse,
1527 4926 1582 4972 et
1606 4917 1722 4973 haec
1748 4917 1844 4973 fuit
1863 4923 2064 4976 consti-

473 5021 608 5074 tutio
655 5015 966 5072 substantiae
1002 5013 1218 5067 animm.
1251 5009 1405 5066 Unde
1451 5011 1633 5066 subdit
1660 5027 1674 5065 :
1707 5011 1774 5065 Et
1802 5016 1968 5083 factus
1994 5024 2065 5067 est

473 5111 623 5164 homo
649 5109 702 5162 in
728 5109 950 5160 animant
974 5105 1236 5158 viventem.
1268 5102 1362 5158 Ille
1388 5101 1664 5168 formatus,
1696 5103 1884 5174 inquit,
1914 5114 1970 5159 et
1995 5105 2063 5160 de

471 5201 689 5271 pulvere
733 5207 1034 5268 susceptus,
1075 5195 1363 5265 inspiratus
1400 5194 1668 5262 spiraculo
1696 5196 1839 5262 vitm,
1873 5196 2063 5251 Factus

471 5303 544 5347 est
574 5294 626 5345 in
652 5294 872 5346 animam
897 5286 1307 5354 viventem.Quid
1328 5293 1432 5352 est,
1454 5285 1521 5339 In
1541 5287 1764 5340 animam
1787 5289 2064 5343 viventem?

475 5384 590 5439 lloc
634 5393 746 5446 est,
775 5384 1062 5437 efficaciter
1109 5389 1418 5450 Operantem
1446 5419 1462 5445 ,
1492 5377 1775 5434 habentem
1821 5383 2064 5450 corporis

479 5473 718 5531 membra
747 5473 912 5542 ipsius
941 5471 1338 5543 operationibus
1364 5471 1648 5526 servientis
1677 5471 1945 5540 ipsiusque
1965 5487 2062 5527 vo-

475 5563 667 5621 lnntati
703 5564 1140 5633 obtemperantia.
1172 5562 1436 5618 Caeterum
1465 5561 1648 5616 nescio
1673 5562 1940 5630 quomodo
1967 5578 2065 5618 nos

476 5668 604 5709 eum
631 5652 1045 5708 subverterimus
1078 5653 1342 5720 ordinem,
1367 5660 1592 5708 ettanta
1620 5651 1780 5708 fuerit
1813 5655 2065 5723 nequitia:

477 5745 762 5811 accessio,
806 5754 865 5799 ut
909 5755 1078 5814 Ipsam
1113 5759 1364 5813 cogamus
1401 5745 1578 5800 carnis
1625 5746 2066 5815 concupiscentiis

479 5831 736 5902 obsequi,
753 5847 805 5892 et
830 5851 968 5903 eam,
993 5849 1111 5906 quae
1150 5843 1330 5904 utpote
1353 5835 1566 5892 domina
1603 5836 1723 5894 aliis
1749 5849 1981 5909 prtecsse
2004 5848 2060 5895 et

1197 403 1259 461 8.
1295 385 2075 461 ιθΛΝΝιε-οηιηεοετοηι
2111 384 2432 444 ARCHIEP.
2471 384 3009 442 CONSTANTINOP.

3653 390 3754 448 σοι

2165 502 2430 574 imperare
2451 502 2700 571 debebat,
2721 518 2752 558 e
2780 503 2916 558 solio
2933 502 3284 563 deturbatam.
3306 507 3483 562 carnis
3504 505 3753 576 volupta-

2160 595 2300 650 tibus
2333 610 2523 665 parerc
2547 611 2822 666 cogamus,
2857 597 3160 666 ignorantes
3201 597 3366 666 ipsius
3391 600 3754 664 nobilitatem,

2159 693 2218 740 et
2241 696 2492 756 quantam
2521 702 2631 756 prie
2662 687 2759 742 ista
2789 688 3132 743 eminentiam
3164 691 3467 744 sortita-sit.
3501 690 3638 745 Nom
3662 708 3756 744 eo—

2157 778 2263 847 gita
2286 818 2304 844 ,
2328 779 2554 833 obsecro
2573 820 2588 842 .
2618 777 3231 836 formationis-ordincm
3262 792 3359 836 :.et
3397 784 3639 851 expende
3673 793 3757 836 te-

2159 884 2305 934 cnnt,
2337 870 2456 938 quis
2482 879 2625 924 esset
2656 870 2747 924 ille
2768 881 3052 941 antequam
3085 873 3435 943 inspiraretur
3462 890 3491 927 a
3525 875 3755 928 Domino

2157 960 2482 1029 spiraculum
2509 961 2745 1028 vitae..et
2777 963 2928 1020 ﬁeret
2970 965 3020 1020 in
3052 965 3280 1020 animant
3312 967 3597 1022 viventem.
3634 967 3756 1020 lna-

2160 1051 2318 1106 nitais
2347 1069 2542 1124 nempe
2583 1055 2788 1126 imago,
2825 1059 3138 1127 operatione
3181 1074 3400 1125 carens,
3426 1070 3482 1114 et
3512 1058 3580 1113 ad
3616 1058 3752 1114 nihil

2160 1143 2301 1197 utilis
2321 1144 2439 1209 ;.ita
2487 1153 2554 1200 ut.
2583 1154 2748 1200 totum
2788 1147 2918 1203 illud
2959 1149 3105 1219 quod.
3147 1151 3198 1204 in
3241 1159 3444 1204 tantum
3489 1150 3754 1205 honorem

2162 1233 2332 1302 ipsum
2366 1237 2627 1304 provexit.
2653 1237 2784 1293 nihil
2806 1239 3238 1311 aliud-sit,quam
3264 1241 3589 1311 spiraculum
3620 1241 3755 1297 illud

2161 1342 2191 1380 a
2225 1328 2698 1399 Deoinspiratum.
2727 1331 2994 1386 Cteterum
3023 1343 3079 1387 ut
3106 1333 3208 1388 hoc
3231 1351 3336 1388 non
3375 1334 3546 1389 solum
3575 1350 3646 1388 es
3687 1335 3757 1387 iis

2159 1434 2278 1488 qua:
2307 1428 2432 1474 tunc
2462 1422 2596 1476 facta
2625 1432 2769 1490 sunt,
2799 1423 2894 1479 sed
2919 1434 2974 1480 et
3005 1441 3074 1480 ex
3103 1425 3175 1480 iis
3191 1441 3312 1496 quae
3351 1442 3492 1481 nunc
3515 1427 3757 1496 quotidie

2160 1511 2476 1582 contingunt
2499 1513 2704 1581 videas,
2730 1517 2902 1585 cogita
2933 1527 3106 1572 tecum
3127 1519 3395 1588 quomodo
3421 1529 3537 1589 post
3557 1520 3758 1574 animat

2161 1605 2600 1674 entigrationemt,
2633 1623 2828 1677 corpus
2856 1608 2960 1664 hoc
3009 1611 3365 1666 taminsuave
3410 1621 3465 1666 et
3508 1611 3756 1680 injucun-

2161 1694 2286 1749 dtnn
2315 1709 2540 1768 apparet
2565 1709 2662 1753 :‘et
2683 1699 2810 1769 quid
2831 1701 2974 1768 dico,
3017 1701 3234 1756 insuave
3261 1712 3334 1758 et:
3367 1703 3758 1773 iniucundum?

2161 1802 2320 1856 quam
2349 1787 2695 1859 horrendum,
2717 1809 2882 1863 quam
2906 1796 3172 1866 faetidam,
3201 1801 3616 1860 et'deformitate
3639 1807 3764 1876 ple-

2163 1881 2477 1951 num,quod
2498 1893 2654 1939 antea
2669 1901 2804 1940 cum
2829 1889 2899 1943 ab
2922 1890 3100 1946 anima
3122 1903 3414 1963 regeretur,
3431 1897 3754 1967 jucundum,

2160 1980 2392 2040 gratum,
2419 1973 2816 2048 admodumqe
2841 1979 3134 2036 formosum
3161 1993 3280 2038 erat
3298 2026 3314 2047 ,
3344 1988 3504 2041 multa
3536 1990 3782 2058 plenum-

2164 2063 2444 2132 prudt-ntia
2470 2107 2486 2133 ,
2518 2077 2572 2122 et
2600 2068 2666 2123 ad
2699 2070 2834 2126 bona
2861 2088 3022 2142 opera
3050 2090 3238 2145 magna
3265 2078 3579 2135 dexteritate
3610 2098 3778 2150 pne-

2162 2155 2350 2210 ditum.
2398 2157 2526 2216 Haec
2570 2162 2751 2233 utique
2779 2167 2958 2227 omnia
3002 2168 3332 2238 cogitantes,
3367 2187 3430 2226 ac
3471 2174 3784 2229 nobiscum-

2163 2258 2471 2316 reputautes
2519 2265 2714 2322 quanta
2763 2256 2835 2310 sit
2878 2258 3072 2314 animae
3122 2272 3318 2316 nostrte
3360 2264 3630 2332 nobilitas,
3685 2284 3758 2322 ne

2162 2339 2288 2408 quid
2331 2357 2392 2396 ea
2441 2343 2714 2414 indignum
2742 2361 3061 2416 Operemur,
3095 2367 3161 2406 ne
3187 2354 3592 2424 coinquinemus
3630 2376 3754 2414 eam

2162 2431 2364 2488 illicitis
2391 2437 2759 2504 operibus,-ne
2787 2441 2887 2495 sub
2923 2441 3103 2498 carnis
3129 2447 3440 2502 servitutem
3468 2465 3584 2503 eam
3621 2452 3755 2505 sub.

2156 2525 2408 2595 jugemus
2428 2568 2444 2592 ,
2476 2544 2543 2584 ne
2569 2538 2674 2584 tam
2707 2533 2939 2588 nobilem
2960 2575 2978 2602 ,
3015 2545 3263 2607 tantaque
3289 2539 3544 2610 dignitate
3571 2545 3754 2598 subli;

2163 2635 2342 2686 mem,
2373 2621 2452 2676 sic
2488 2622 2778 2679 crudeliter
2807 2634 2864 2680 et
2908 2627 3398 2687 immisericorditer
3439 2643 3753 2691 tractemus.

2161 2708 2296 2764 Nam
2341 2721 2558 2781 propter
2585 2714 2730 2769 illius
2759 2715 3112 2772 substantiam
3155 2736 3250 2775 nos
3292 2723 3381 2792 qui
3410 2738 3632 2794 corpore
3672 2727 3770 2780 in--

2161 2801 2325 2856 voluti
2352 2818 2558 2870 sumus,
2589 2806 2634 2860 si
2662 2807 2921 2876 velimus,
2953 2825 3231 2878 possumus
3258 2829 3378 2868 cum
3424 2815 3754 2886 incorporeis

2161 2894 2467 2962 virtutibus,
2493 2898 2778 2968 adjuvante
2807 2918 2902 2957 nos
2929 2903 3106 2958 divina
3136 2907 3324 2976 gratia,
3358 2919 3584 2976 certare,
3615 2922 3669 2965 et
3699 2912 3778 2966 in-

2163 2994 2308 3041 terra
2333 2990 2691 3060 ambulantes,
2723 2997 2873 3064 quasi
2923 2997 2974 3051 itt
3006 2999 3140 3052 czelo
3173 3001 3374 3065 vivere,
3399 3003 3770 3060 et‘niltil'nti-~

2161 3095 2268 3134 nus
2309 3096 2468 3150 quam
2508 3084 2611 3139 illa;
2651 3085 2885 3154 habere;
2928 3090 3038 3144 imo
3077 3091 3209 3147 forte
3248 3094 3444 3164 aliquid
3473 3098 3701 3167 amplius
3734 3116 3754 3153 :

2161 3173 2430 3240 quomodo
2456 3184 2656 3241 autem,
2676 3193 2775 3248 ego
2801 3179 2994 3235 dicam.
3015 3181 3239 3248 Quando
3259 3187 3401 3240 enim
3427 3188 3544 3257 quis
3567 3190 3757 3245 inven-

2163 3273 2248 3320 tus
2291 3265 2447 3322 fuerit
2484 3273 2814 3340 corruptibili
2861 3275 2962 3330 hoc
3003 3290 3227 3346 corpore
3253 3281 3646 3350 circumdatus,
3679 3285 3754 3339 ita

2161 3356 2323 3410 vitam
2350 3373 2515 3428 agens
2542 3370 2600 3414 ut
2634 3377 2882 3431 superum
2930 3364 3032 3418 illa:
3060 3367 3281 3423 virtutes
3300 3411 3314 3433 ,
3344 3373 3612 3440 quomodo
3643 3389 3761 3430 non

2163 3451 2564 3519 propensiorem
2593 3453 2686 3508 Dei
2707 3457 2929 3524 gratiam
2957 3459 3227 3524 sortietur,
3251 3461 3632 3532 quia'corporis
3659 3482 3758 3520 ne-

2161 3543 2500 3600 cessitatibus
2535 3545 2797 3604 obnoxius
2822 3588 2838 3616 ,
2871 3550 3229 3623 incorruptam
3268 3555 3475 3611 anitme-
3500 3558 3771 3615 nobilita--

2163 3640 2270 3687 tem
2303 3635 2320 3665 ¹
2349 3637 2580 3691 servavit
2600 3637 2626 3690 ‘t

2246 3723 2417 3780 Virtus
2464 3728 2750 3796 possibifis;
2795 3747 3060 3801 possumus
3097 3734 3349 3791 Joannem
3389 3738 3672 3809 Baptistam
3705 3751 3776 3795 et‘

2163 3813 2389 3870 Paulum
2407 3818 2893 3893 imitari.—Ecquis
2913 3840 3186 3896 umquam,
3202 3828 3368 3894 dices,
3394 3832 3588 3900 poterit
3607 3833 3755 3886 inve-

2164 3907 2266 3960 niri
2294 3908 2453 3962 talis?
2489 3910 2675 3966 Merito
2701 3913 3046 3983 impossibilis
3075 3919 3227 3975 nobis
3263 3920 3383 3976 lucc
3407 3937 3492 3976 res
3521 3923 3751 3984 videtur.

2163 4012 2386 4065 quorum
2417 4000 2582 4056 virtus
2605 4005 2892 4059 admodum
2916 4007 3126 4078 exigua.
3155 4010 3219 4064 At
3247 4011 3292 4065 si
3321 4013 3400 4067 vis
3419 4012 3623 4068 discere
3646 4031 3774 4068 nona

2163 4104 2282 4145 esse
2310 4091 2409 4146 hoc
2437 4091 2763 4162 impossibile
2784 4137 2798 4161 ,
2827 4097 3000 4168 cogita
3021 4140 3038 4165 ,
3064 4115 3160 4155 oro
3179 4141 3194 4164 ,
3223 4117 3411 4158 omnes
3427 4103 3600 4172 justos
3619 4146 3633 4165 ,
3661 4105 3764 4174 qui

2164 4181 2388 4236 Domino
2419 4183 2485 4238 ab
2525 4185 2674 4240 initio
2713 4202 2881 4258 usque
2909 4189 2976 4243 ad
3023 4205 3265 4259 praesens
3297 4201 3504 4262 tempus
3542 4194 3757 4264 placue-

2163 4281 2288 4326 runt
2313 4289 2560 4343 magnum
2584 4276 2756 4341 illum,
2784 4287 2841 4332 et
2865 4279 3164 4336 infecundae
3192 4283 3378 4349 filium,
3402 4293 3456 4338 et
3483 4286 3646 4339 erctui
3677 4285 3754 4340 ci-

2163 4379 2282 4420 vctn
2309 4364 2568 4420 Joannem
2600 4369 2643 4434 ³,
2674 4368 2897 4425 Paulum
2925 4373 3480 4444 quoque-magistrum
3506 4375 3669 4441 orbis,
3698 4384 3757 4430 et

2161 4471 2377 4512 omnem
2407 4468 2709 4514 sanctorum
2745 4477 3050 4531 numerum,
3080 4465 3443 4534 qui'eatndem
3470 4482 3624 4536 quant
3655 4482 3758 4521 nos

2164 4557 2406 4603 naturam
2437 4549 2694 4616 habuere,
2722 4551 2908 4608 iisdem
2938 4557 3179 4624 corporis
3209 4557 3614 4610 necessitatibus
3650 4557 3752 4609 oti-

2163 4641 2329 4706 noxii,
2350 4650 2404 4695 et
2434 4656 2501 4696 ne
2519 4643 2655 4697 ultra
2679 4645 3005 4713 impossibile
3033 4661 3152 4701 esse
3177 4663 3309 4715 opus
3335 4648 3628 4712 existimes,
3661 4663 3756 4702 nes

2164 4747 2267 4801 que
2305 4733 2518 4803 segnior
2559 4735 2636 4789 sis
2671 4734 2738 4790 ad
2779 4737 3049 4802 virtutem,
3079 4737 3145 4792 ad
3172 4753 3328 4807 quam
3371 4739 3521 4792 facile
3553 4739 3756 4807 autpch

2165 4824 2411 4880 ctendam
2435 4834 2607 4881 tantas
2624 4843 2651 4881 a
2679 4829 2902 4884 Domino
2923 4840 3114 4884 nactus
3133 4846 3192 4886 es
3217 4831 3544 4886 occasiones.
3564 4831 3755 4886 Sciens

2164 4915 2306 4970 enim
2339 4915 2598 4988 benignus
2626 4919 2880 4973 Dominus
2917 4930 3115 4975 nostra:
3145 4921 3384 4975 voluntat
3405 4937 3432 4976 s
3475 4922 3755 4975 inlirmita»

2167 5016 2295 5073 tetn,
2327 5016 2383 5062 et
2409 5006 2477 5062 ad
2510 5008 2792 5064 labendnm
2823 5003 3229 5077 proclivitatetn,
3250 5027 3437 5082 magna
3461 5012 3611 5066 nobis
3638 5027 3757 5066 me-

2167 5099 2430 5154 dicamina
2460 5102 2511 5155 in
2539 5116 2813 5157 sacrarum
2840 5103 3235 5174 Scripturarum
3267 5105 3500 5159 lectione
3519 5105 3757 5173 reliquit,

2169 5201 2226 5244 ut
2250 5208 2314 5246 ea
2338 5194 2563 5249 subinde
2583 5196 2890 5251 vulneribus
2917 5199 3115 5251 nostris
3142 5198 3494 5266 imponentes,
3518 5207 3572 5251 et
3592 5197 3762 5251 vitam

2169 5285 2379 5342 illorum
2421 5287 2697 5342 beatorum
2726 5289 2960 5343 virorum
2993 5299 3119 5344 ante
3145 5290 3332 5344 oculos
3358 5299 3717 5359 proponentes
3742 5331 3764 5355 ,

2168 5377 2237 5433 ad
2257 5379 2612 5434 aemulandum
2635 5394 3007 5450 provocemur,
3029 5389 3084 5436 et
3105 5382 3354 5435 virtutem
3386 5395 3493 5434 non
3521 5380 3763 5450 negliga-

2170 5517 2380 5631 ινξρεῑὶ
2405 5518 2558 5631 ἳενὶι.
2603 5523 2657 5568 et
2693 5517 2896 5571 Coisiin.
2934 5519 3109 5571 Morel.
3145 5526 3200 5571 et
3230 5521 3336 5584 alii,
3366 5524 3615 5590 energiam
3645 5529 3760 5590 (τήν

2223 5597 2244 5629 ε
2274 5597 2345 5631 γει
2382 5600 2405 5628 ν
2435 5618 2446 5628 .

2223 5582 2531 5713 ἱρὲῗὲαέξνὶι.
2555 5647 2610 5691 et
2630 5643 2732 5713 duo
2756 5642 2871 5694 Mss.
2895 5644 3014 5713 Alii,
3043 5643 3217 5713 Eliam,
3244 5649 3642 5713 pro,_J_oannem.
3674 5650 3758 5697 ln-

2170 5707 2367 5765 terpres
2393 5709 2660 5765 utrumque
2691 5707 2905 5765 legerat,
2927 5707 2996 5755 ita
3030 5714 3087 5755 ut
3125 5707 3340 5755 Joannes
3373 5709 3450 5756 hic
3493 5719 3757 5760 vocaretur

2169 5742 2359 5830 iiefias.
2394 5742 2500 5830 Sic
2543 5742 3004 5830 etiamfamuli-stt:
3024 5742 3458 5830 :UH'eéiTuiibillluii’t

2172 5825 2367 5890 (Ἠλίαν
2388 5827 2564 5876 ἐκεῖνον
2596 5823 2858 5890 Ἰωάννην).
