4110 6426
146 483 247 538 καὶ
266 480 447 539 ταῦτα
478 481 618 556 μετά
648 482 855 556 πολλῆς
882 482 982 556 τῆς
1006 483 1469 550 συγκαταϐἀσεως
1491 487 1588 541 zeal
1626 487 1716 541 διά
1737 488 1839 560 τὴν

142 571 441 630 ἀσθένειαν
466 572 569 643 τὴν
596 572 874 644 ἡμετέραν
894 570 1041 626 οὕτω
1062 573 1315 646 ρηθέντα.
1343 575 1454 628 Καὶ
1479 575 1614 629 αὐτὸ
1637 574 1749 647 γὰρ
1774 577 1837 629 τὸ

142 659 328 712 είπείν
354 678 368 690 ·
408 660 716 713 Ἔπλασθν
756 662 791 713 ὀ
835 660 981 725 Θεὸς
1009 660 1120 714 τὸν
1158 660 1495 730 ἄνθρωπον,
1508 662 1610 716 καί
1626 662 1841 733 ἐνεφύσ-

142 759 374 814 σησεν,
403 744 624 810 ἀνάξιον
655 745 823 799 Θεοῦο
854 746 989 800 ἀλλά
1014 746 1082 801 δι’
1102 750 1252 820 ἡμᾶς
1293 749 1391 802 zeal
1422 748 1483 802 16
1518 748 1743 814 ἀσθενὲς
1774 749 1839 805 16

140 834 468 905 ήμέτερονι
517 833 661 887 οὐτω
692 834 864 889 ταῦτα
893 835 1160 906 διηγεῖται
1210 839 1245 907 ή
1294 835 1416 890 θεία
1452 837 1663 909 Γραφὴ,
1706 838 1840 910 ἡμῖν

145 920 690 991 συγκαταϐαίνουσα,
740 922 829 976 ἵνα
855 922 1057 993 ταύτης
1086 923 1410 988 ἀξιωθέντες
1435 924 1536 997 τῆς
1561 942 1838 993 συγκατα-

144 1008 389 1073 ϐάσεως,
418 1008 664 1063 ἀνελθεῖν
694 1010 832 1080 πρὸς
873 1010 936 1064 τὸ
983 1009 1117 1080 ὕψος
1144 1011 1339 1065 ἐκεῖνο
1373 1011 1699 1083 ἰσχύσωμεν.
1724 1012 1839 1067 Kal

145 1097 413 1163 ἔπλασε,
460 1096 646 1167 φησὶν,
693 1099 727 1150 d
777 1097 921 1164 Θεὸς
959 1097 1066 1151 τὸν
1096 1083 1437 1166 ἄνθρωπον,
1471 1099 1626 1168 χοῦν
1657 1098 1838 1155 λαϐὼν

148 1182 266 1239 1πύ
285 1183 403 1253 τῆς
424 1184 719 1254 τῆς.Τέως
740 1185 801 1238 οὐ
829 1185 1003 1258 μικρά
1030 1187 1163 1258 ἡμῖν
1180 1186 1430 1241 ἐντεῦθεν
1454 1188 1719 1253 τίκτεται,
1740 1187 1838 1241 ἐάν

147 1273 344 1343 νήφειν
379 1271 723 1343 βουλώμεθα,
762 1274 1262 1346 ταπεινοφροσύνης
1304 1274 1640 1330 διδασκαλία.
1665 1276 1838 1331 Ὅταν

147 1361 260 1431 γὰρ
303 1362 682 1432 ἐννοήσωμεν,
720 1361 883 1416 πόθεν
909 1361 1037 1433 ἔσχε
1065 1363 1166 1433 τὴν
1192 1361 1369 1434 ἀρχὴν
1392 1362 1493 1433 τῆς
1525 1363 1838 1428 συστάσεως

149 1452 185 1521 ἡ
210 1448 379 1518 φύσις
402 1451 437 1521 ἡ
469 1449 736 1520 ἡμετέρα,
768 1448 875 1504 κάν
905 1449 1165 1522 μυριάκις
1188 1453 1288 1514 τὰς
1316 1451 1488 1523 ὀφρῦς
1509 1450 1840 1506 ἀνασπάσω-

162 1554 271 1607 μεν,
320 1538 799 1609 συστελλόμεθαδ,
830 1537 1255 1609 ταπεινούμεθα,
1288 1539 1389 1612 τὴν
1417 1539 1603 1594 οὐσίαν
1629 1539 1839 1593 ἑαυτῶν

158 1622 620 1695 ἀναλογιζόμενοι,
659 1627 972 1697 μετριάζειν
1000 1625 1388 1697 παιδευόμεθα.
1417 1629 1517 1682 Διά
1548 1627 1706 1681 τοῦτο
1728 1627 1839 1700 γάρ

156 1714 242 1767 καὶ
275 1716 306 1766 6
337 1712 497 1777 Θεὸς,
532 1712 830 1784 κηδόμενος
860 1715 1017 1786 ἡμῶν
1041 1715 1140 1786 τῆς
1171 1715 1466 1786 σωτηρίας.
1499 1714 1674 1780 οὓτως
1702 1716 1840 1787 ὼδή-

152 1817 287 1870 γησε
310 1799 410 1852 τοῦ
435 1801 715 1871 προφήτου
753 1801 853 1873 τὴν
883 1801 1129 1870 γλῶτταν
1169 1803 1307 1874 πρὸς
1336 1802 1434 1875 τὴν
1459 1803 1732 1875 ἡμετέραν
1754 1802 1838 1856 διο

150 1888 474 1942 δασκαλίαν.
490 1889 709 1960 Ἐπειδὴ
745 1891 854 1961 γάρ
879 1885 1002 1943 εἷπε
1023 1890 1374 1961 προλαϐοῦσα
1402 1894 1435 1963 ἡ
1466 1890 1586 1945 θεία
1606 1891 1798 1961 Γραφὴ
1822 1905 1840 1923 ⁸

154 1976 258 2030 Kal
272 1976 576 2043 ἐποίησεν
593 1980 627 2030 ό
648 1976 794 2043 Θεὸς
814 1977 920 2031 τὸν
932 1977 1274 2046 ἄνθρωπον,
1304 1979 1431 2033 κατ’
1452 1979 1658 2033 εἰκόνα
1686 1977 1837 2034 Θεοῦ

156 2064 446 2132 ἐποίησεν
478 2064 685 2130 αὐτὸν,
711 2067 806 2119 zeal
828 2066 927 2137 τὴν
959 2067 1133 2137 ἀρχὴν
1160 2066 1312 2138 αὐτῷ
1334 2068 1515 2120 πᾶσαν
1548 2067 1836 2139 παρέδωκε

154 2153 262 2205 τῶν
306 2152 622 2224 ὁρωμένων,
663 2152 739 2225 μὴ
771 2154 982 2222 ἀγνοῶν
1008 2156 1107 2226 τῆς
1138 2156 1345 2217 οἰκείας
1376 2155 1566 2219 οὐσίας
1609 2156 1709 2224 τὴν
1737 2154 1836 2209 σύ-

152 2258 346 2294 στασιν
397 2241 610 2310 μεγάλα
661 2242 941 2313 φαντασθῇ
963 2284 978 2307 ,
1026 2244 1122 2296 καὶ
1166 2243 1379 2315 ὑπερϐῇ
1425 2244 1552 2307 τούς
1601 2243 1837 2308 οἰκείους

156 2330 351 2399 ὄρους·
402 2328 493 2382 διά
534 2328 692 2381 τοῦτο
737 2330 1269 2400 ἐπαναλαμϐάνουσα
1301 2329 1416 2403 [97]
1449 2330 1693 2399 διδάσκει
1740 2331 1836 2384 zeal

154 2417 242 2471 τὸν
288 2416 494 2489 τρόπον
519 2416 619 2487 τῆς
654 2416 986 2482 συστάσεως,
1024 2419 1119 2472 zeal
1161 2418 1266 2488 τῆς
1292 2420 1560 2487 γενέσεως
1585 2420 1686 2492 τὴν
1735 2419 1836 2490 ἀρ-

151 2504 272 2577 χὴν,
313 2506 411 2558 zeal
458 2505 582 2559 ὅθεν
625 2507 655 2559 6
706 2506 924 2577 πρῶτος
951 2506 1236 2578 ἄνθρωπος
1262 2507 1542 2579 παρήχθη.
1589 2508 1687 2562 zeal
1719 2507 1837 2572 πῶς

152 2591 431 2664 παρήχθη.
470 2593 531 2646 Εἰ
560 2593 669 2664 γὰρ
696 2595 791 2647 καὶ
823 2593 962 2661 μετά
991 2595 1197 2666 ταύτην
1218 2595 1316 2667 τὴν
1340 2595 1712 2660 διδασκαλίαν,
1739 2597 1836 2650 zeal

151 2681 293 2751 μετά
328 2682 388 2733 16
431 2680 657 2749 γνῶναι,
685 2681 769 2734 ὅτι
816 2681 927 2736 ἀπὸ
969 2682 1070 2753 τῆς
1097 2683 1200 2755 γῆς
1243 2683 1356 2753 ἔχει
1393 2684 1493 2747 τὴν
1532 2684 1711 2755 ἀρχὴν
1735 2685 1837 2756 τῆς

151 2771 490 2833 συστάσεως,
521 2768 579 2837 ἐξ
604 2764 672 2841 ἦς
701 2769 771 2823 τά
797 2769 1109 2840 σπέρματα,
1142 2769 1201 2835 ἐξ
1224 2767 1294 2842 ἦς
1320 2771 1391 2825 τά
1414 2771 1582 2840 ἄλογα
1608 2772 1744 2836 ζῶα.
1785 2776 1835 2829 εἰ

150 2858 245 2910 καὶ
284 2859 322 2927 ἡ
351 2856 663 2920 διάπλασις,
711 2857 805 2910 zeal
842 2857 942 2926 τῆς
983 2856 1162 2926 ψυχῆς
1187 2859 1220 2930 ἡ
1248 2859 1408 2913 οὐσία
1455 2861 1487 2930 ἡ
1542 2858 1836 2932 ἀσώματος

149 2944 354 3015 πολλὴν
396 2944 547 3015 αὐτῷ
586 2943 684 3015 τὴν
714 2944 1040 3015 προεδρίανσ
1082 2945 1168 2998 διά
1203 2946 1303 3017 τὴν
1333 2947 1427 3000 τοῦ
1461 2947 1597 3001 Θεοῦ
1648 2949 1841 3017 φιλαν-

150 3032 402 3106 θρωπίαν
430 3033 751 3103 κεχάρισται
774 3048 788 3062 ο
819 3032 905 3085 διὰ
936 3033 1045 3106 γὰρ
1084 3033 1287 3105 ταύτην
1313 3034 1410 3088 zeal
1436 3035 1496 3089 16
1520 3036 1736 3105 λογικὸς
1760 3031 1836 3090 εί-

150 3138 260 3183 ναι,
294 3123 395 3175 zeal
424 3120 526 3190 τὴν
552 3118 695 3173 κατὰ
724 3119 941 3173 πάντων
965 3120 1140 3192 ἀρχὴν
1166 3120 1382 3187 ἐδέξατο
1401 3138 1414 3152 ·
1457 3125 1506 3177 εί
1536 3122 1715 3176 τοίνυν
1742 3125 1836 3177 zeal

147 3209 327 3263 ταῦτα
358 3207 568 3278 μαθὼν,
593 3207 680 3261 διὰ
708 3207 806 3280 τὴν
837 3207 988 3276 παρά
1015 3207 1109 3260 τοῦ
1140 3207 1317 3277 ὄφεως
1343 3209 1565 3281 ἀπάτην
1599 3212 1836 3266 ίσοθεῒαν

152 3298 469 3369 ἐφαντάσθη
513 3298 544 3348 6
574 3298 638 3350 ἐκ
670 3296 774 3366 γῆς
810 3295 1101 3360 πλασθείς·
1152 3298 1199 3349 εἰ
1236 3299 1304 3368 τῇ
1353 3296 1543 3369 πρώτῃ
1586 3298 1836 3371 διηγήσει

154 3386 398 3457 ἠρκέσθη
433 3387 464 3438 ὁ
492 3385 760 3456 μακάριος
802 3375 957 3447 οὗτος
991 3384 1298 3456 προφήτης,
1331 3386 1425 3439 καὶ
1460 3387 1535 3458 μὴ
1564 3388 1837 3442 ἐπαναλα-

151 3477 265 3529 ϐὼν
296 3475 479 3528 πάντα
515 3473 652 3544 μετά
683 3472 970 3543 ἀκριϐείας
997 3474 1146 3545 ἡμᾶς
1191 3472 1419 3541 ἐδίδαξε,
1468 3473 1572 3529 ποῦ
1622 3477 1724 3531 οὐκ
1768 3476 1836 3532 ἂν

154 3558 362 3628 μανίας
392 3555 794 3626 ὲξωκείλαμενς

222 3644 462 3701 ε’.⁸Ὠστε
498 3643 753 3714 μέγιστον
787 3642 920 3714 ἡμῖν
946 3642 1095 3696 ἐστιν
1126 3643 1206 3707 είς
1238 3643 1588 3698 διδασκαλίαν
1621 3644 1839 3714 φιλοσο-

156 3732 286 3802 φίας
320 3733 382 3785 16
414 3731 605 3802 μαθεῖν
630 3731 795 3786 πόθεν
824 3731 885 3796 ἐξ
912 3730 1090 3804 ἀρχῆς
1116 3731 1215 3803 τὴν
1250 3731 1509 3786 σύστασιν
1529 3735 1628 3803 τῆς
1649 3735 1839 3801 οὐσίας

157 3824 497 3892 ἐσχήκαμεν.
516 3820 624 3875 Kal
650 3820 906 3882 ἔπλασε,
933 3820 1118 3890 φησὶν,
1148 3822 1179 3873 ὀ
1204 3820 1349 3886 Θεὸς
1366 3821 1474 3874 τὸν
1503 3820 1837 3890 ἄνθρωπον,

158 3909 314 3978 χοῦν
366 3906 547 3962 λαϐὼν
582 3906 703 3963 ἀπὸ
745 3904 855 3976 τῆς
894 3905 1026 3977 γῆς,
1073 3906 1174 3961 καί
1215 3907 1603 3977 ἐνεφύσησεν
1646 3913 1734 3977 εἰς
1773 3909 1841 3964 τὸ

156 3997 490 4064 πρόσωπον
531 3995 717 4050 αὐτοῦ
748 3994 951 4064 πνοὴν
989 3994 1156 4064 ζωῆς.
1174 3995 1396 4069 Ἐπειδὴ
1426 3996 1733 4067 ἀνθρώποις
1762 3998 1841 4052 δι·-

157 4087 381 4156 ελέγετο
419 4085 480 4138 οὐ
523 4084 839 4157 δυναμένοις
886 4083 1090 4156 ἑτέρως
1135 4085 1450 4158 ἀκοῦσαι,ή
1494 4086 1570 4151 ὼς
1610 4086 1840 4142 ἀκοῦσαι

158 4176 308 4246 ἡμᾶς
336 4171 562 4227 δυνατὸν
591 4167 678 4244 ἦν,
719 4171 863 4226 οὕτω
898 4175 966 4244 τῇ
1001 4171 1273 4243 παχύτητι
1301 4173 1410 4227 τῶν
1442 4174 1614 4244 λόγων
1634 4176 1831 4247 κέχρη-

159 4280 270 4326 ται,
303 4263 401 4316 καὶ
452 4262 539 4316 ἵνα
585 4260 771 4333 διδάξῃ
819 4261 988 4332 ἡμᾶς,
1017 4262 1101 4315 ὄτι
1125 4261 1311 4315 τοῦτον
1356 4262 1448 4315 16v
1487 4263 1552 4316 ἐκ
1599 4263 1700 4334 τῆς
1737 4262 1840 4334 γῆς

164 4351 476 4407 πλασθέντα
518 4352 552 4422 ή
600 4350 979 4422 φιλανθρωπία
1002 4351 1096 4405 τοῦ
1123 4351 1395 4404 Δεσπότου
1439 4351 1703 4424 ἐϐουλήθη
1748 4353 1842 4407 zeal

160 4441 343 4513 ψυχῆς
366 4438 555 4493 οὐσίαν
578 4440 720 4511 ἐχειν
745 4439 990 4513 λογικὴν,
1022 4440 1089 4494 δι’
1116 4435 1185 4513 ἧς
1214 4439 1277 4493 16
1302 4438 1442 4505 ζῶον
1474 4439 1633 4495 τοῦτο
1655 4440 1843 4513 ἀρτιον

162 4529 259 4583 zeal
311 4527 521 4582 τέλειον
573 4527 944 4583 ἀπεδείκνυτο.
976 4527 1087 4584 Kal
1124 4528 1492 4596 ἐνεφύσησε,
1527 4528 1710 4600 φησὶν,
1756 4530 1845 4596 είς

163 4617 231 4671 t6
273 4616 602 4684 πρόσωπον
641 4615 829 4670 αὐτοῦ
870 4613 1075 4683 πνοὴν
1112 4613 1283 4685 ζωῆς.
1328 4615 1574 4688 Ζωτικὴν
1597 4656 1613 4681 ,
1655 4616 1841 4687 φησὶν,

163 4706 453 4778 ἐνέργειαν
477 4704 539 4758 τὸ
561 4705 862 4776 ἐμφύσημα
891 4705 1184 4774 ἐχαρίσατο
1205 4703 1284 4777 τῷ
1311 4707 1375 4759 ἐκ
1398 4705 1502 4777 γῆς
1530 4706 1840 4770 πλασθέντι,

164 4795 265 4848 zeal
318 4792 478 4845 τοῦτο
522 4791 741 4860 ἐγένετο
787 4792 1046 4856 σύστασις
1097 4793 1197 4863 τῆς
1238 4792 1472 4855 οὐσίαςά
1510 4793 1612 4863 τῆς
1641 4791 1841 4864 ψυχῆς.

176 4882 462 4954 Ἐπήγαγε
493 4879 643 4948 γοῦν,
676 4879 786 4935 Kal
815 4879 1051 4950 ἐγένετο
1084 4882 1119 4934 ό
1148 4879 1457 4949 ἅνθρωπος
1501 4882 1588 4948 είς
1632 4879 1847 4950 ψυχὴν

168 4968 389 5031 ζῶσαν.
424 4968 664 5031 Ἐκεῖνος
687 4967 717 5021 6
744 4967 1021 5033 πλασθεὶς,
1049 4967 1078 5020 6
1116 4967 1226 5021 ἀπὸ
1255 4967 1349 5021 τοῦ
1376 4967 1521 5039 χοὸς,
1552 4967 1847 5041 δεξάμενος

166 5058 230 5110 16
256 5054 562 5126 ἐμφύσημα
589 5055 689 5129 τὴν
720 5054 889 5127 πνοήν
911 5055 1009 5126 τῆς
1039 5051 1205 5124 ζωῆς,
1222 5055 1507 5124 Ἐγένετο,
1538 5056 1723 5126 φησὶν,
1758 5057 1847 5123 είς

171 5143 387 5214 ψυχὴν
432 5142 647 5204 ζῶσαν.
676 5143 742 5195 Τί
786 5142 954 5207 ἐστιν,
999 5144 1101 5209 Εἰς
1130 5140 1348 5213 ψυχήν
1391 5140 1621 5208 ζῶσανς
1664 5145 1848 5217 Ἔνερ-

170 5230 397 5301 γοῦσαν,
442 5230 672 5302 ἔχουσαν
721 5229 1140 5303 ὐπηρετούμενα
1168 5231 1239 5284 τά
1283 5230 1419 5303 μέλη
1462 5231 1558 5284 τοῦ
1596 5230 1846 5302 σώματος

173 5322 292 5382 ταῖς
309 5317 482 5389 αὐτῆς
500 5318 820 5389 ἐνεργείαις,
850 5317 944 5371 zeal
964 5317 1042 5389 τῷ
1065 5317 1364 5388 βουλήματι
1384 5318 1555 5391 αὐτῆς
1581 5318 1842 5391 ἐπόμενα.

183 5406 328 5460 Ἀλλ’
346 5406 450 5459 οὐκ
476 5400 573 5459 οἷδ’
593 5406 740 5471 ὅπως
768 5406 929 5477 ἡμεῖς
957 5404 1403 5477 ἀντεστρέψαμεν
1429 5406 1529 5478 τήν
1555 5404 1727 5471 τάξιν,
1752 5405 1849 5460 zeal

168 5492 409 5563 τοσαύτη
453 5493 674 5562 γέγονεν
716 5495 751 5563 ή
803 5491 901 5562 τῆς
956 5492 1155 5556 κακίας
1202 5492 1473 5561 ἐπίτασις,
1520 5493 1598 5557 ὡς
1643 5493 1847 5566 ταύτην

174 5581 507 5653 ἀναγκάζειν
550 5583 663 5646 τοῖς
701 5580 801 5653 τῆς
852 5579 1051 5652 σαρκὸς
1082 5578 1419 5652 βουλήμασιν
1450 5580 1846 5649 ἐξακολουθεῖν,

236 5759 262 5822 ο
294 5757 482 5822 μοι-ει,
526 5757 609 5806 καὶ
643 5757 700 5807 τὸ
728 5757 917 5816 ἀσθενὲς
946 5759 1004 5808 τὸ
1020 5759 1252 5822 ἡμέτερον
1273 5756 1419 5808 τοῦτο
1442 5759 1690 5822 διτγεῖται.

233 5819 263 5860 ι
287 5819 441 5883 Sayil,
467 5824 722 5883 el‘nqvem
758 5833 881 5883 mss.
902 5819 1338 5883 καταστελλόμεθα.
1403 5823 1439 5883 ⁸-
1458 5819 1632 5883 Morel.
1668 5836 1849 5883 προσε-

179 5879 476 5946 ερίαν.1ηΐιό
521 5879 702 5946 Cdzislin
747 5882 842 5934 ὐπὸ
881 5887 966 5946 τῆς
1004 5899 1050 5933 τ.
1073 5882 1119 5935 6.
1146 5879 1350 5942 ἀπάτης.
1415 5881 1443 5925 ἀ
1476 5879 1850 5935 Colberl.'unus

179 5941 410 6005 οὗστασις
447 5947 511 6008 τῇ
536 5943 697 6014 οὐσίᾳ.

1358 367 1435 431 1N
1470 369 1624 428 CAP.
1669 370 1713 429 11
1751 370 1998 431 GENES.
2040 371 2278 433 nom.
2320 374 2435 433 χιι.

3504 386 3609 441 104

1943 490 2039 544 zeal
2064 490 2165 562 τὴν
2192 492 2254 545 ἐν
2278 492 2429 559 τάξει
2454 491 2742 565 δεσποίνης
2755 492 3083 564 ὀφείλουσαν
3111 497 3492 570 προκαθῆσθαι
3522 501 3619 556 zeal

1938 576 2250 633 ἐπιτάττειν
2295 579 2759 645 καταϐιϐάσαντες
2786 582 2895 635 ἀπὸ
2935 582 3032 636 τοῦ
3072 583 3284 655 θρόνου,
3321 587 3619 642 ὑπακούειν

1936 665 2060 728 ταῖς
2104 665 2208 735 τῆς
2257 667 2460 738 σαρκὸς
2504 669 2718 739 ἡδοναῖς
2765 670 3272 743 καταναγκάζομεν,
3297 674 3619 742 ἀγνοοῦντες

1938 750 2113 822 αὐτῆς
2141 752 2243 823 τὴν
2277 755 2578 823 εὐγένειαν,
2612 756 2708 809 zeal
2740 757 2839 827 ὅση
2888 756 3092 828 ταύτης
3124 761 3160 830 ή
3191 760 3452 833 προεδρία
3487 779 3618 829 τυγ-

1939 838 2118 909 χάνει.
2136 840 2416 913 Ἐννόησον
2441 841 2552 914 γάρ
2588 860 2678 913 μοι
2702 843 2800 916 τὴν
2828 844 2982 910 τάξιν
3010 846 3110 919 τῆς
3134 847 3491 913 διαπλάσεως,
3521 850 3619 903 καὶ

1938 923 2155 993 λογίζου
2182 926 2290 998 πρὸ
2314 927 2410 980 τοῦ
2435 930 2831 1000 ἐμφυσήματος
2854 929 2949 984 τοῦ
2985 932 3278 999 Δεσπότου,
3305 934 3442 1004 ὅπερ
3469 934 3619 1006 αὐτῷ

1938 1012 2163 1082 γέγονεν
2201 1016 2283 1080 είς
2310 1018 2484 1088 πνοὴν
2511 1018 2678 1088 ζωῆς,
2705 1020 2801 1072 zeal
2827 1019 3044 1088 ἐγένετο
3066 1021 3144 1084 είς
3167 1020 3344 1094 ψυχὴν
3370 1022 3550 1087 ζῶσαν
3569 1033 3619 1086 ο,

1937 1101 1992 1154 τί
2033 1097 2103 1173 ἦν
2138 1104 2167 1156 6
2197 1102 2711 1170 πλασθείς.⁰Απλῶς
2742 1107 2907 1162 είκὼν
2940 1108 3169 1180 ἄψυχος,
3195 1110 3292 1162 zeal
3319 1109 3619 1181 άνενέργη-

1937 1205 2052 1255 τος,
2081 1191 2178 1244 καὶ
2228 1192 2308 1255 είς
2351 1192 2503 1246 οὐδὲν
2549 1194 2840 1265 χρήσιμος,
2881 1193 3025 1248 ὥστε
3060 1196 3122 1250 τὸ
3154 1198 3263 1250 πᾶν
3292 1198 3388 1252 καὶ
3431 1198 3493 1251 16
3539 1199 3621 1261 εἰς

1936 1275 2208 1348 τοσαύτην
2238 1278 2401 1332 αὐτὸν
2435 1278 2596 1351 τιμὴν
2623 1280 2850 1350 ἀγαγὸν,
2884 1282 3061 1335 ἐκεῖνό
3088 1283 3207 1336 ἐστι
3248 1283 3309 1337 τὸ
3341 1283 3492 1353 παρὰ
3521 1282 3618 1336 τοῦ

1937 1361 2073 1416 Θεοῦ
2097 1364 2322 1433 γεγονὸς
2348 1367 2429 1429 είς
2452 1366 2612 1419 αὐτὸν
2644 1366 2970 1439 ἐμφύσημα.
3001 1369 3111 1422 Kal
3141 1369 3229 1422 ἵνα
3260 1369 3416 1423 τοῦτο
3447 1370 3522 1440 μὴ
3552 1373 3619 1424 ἐκ

1935 1449 2046 1504 τῶν
2069 1451 2193 1505 τότε
2218 1453 2619 1525 γεγενημένων,
2632 1455 2769 1508 ἀλλά
2790 1456 2886 1510 zeal
2910 1458 2974 1510 ἐκ
2988 1456 3094 1511 τῶν
3122 1456 3217 1512 νῦν
3236 1456 3358 1511 καθ’
3378 1458 3617 1527 ἑκάστην

1937 1537 2152 1609 ἡμέραν
2181 1539 2588 1610 συμϐαινόντων
2619 1543 2879 1610 κατίδοις,
2902 1545 3073 1599 ἐννόει
3110 1563 3200 1616 μοι
3233 1545 3372 1614 μετὰ
3395 1546 3495 1617 τὴν
3516 1544 3617 1615 τῆς

1937 1624 2119 1695 ψυχῆς
2153 1625 2332 1694 ἔξοδον
2380 1627 2441 1681 16
2495 1628 2655 1699 σῶμα
2691 1628 2847 1685 τοῦτο
2876 1631 2994 1696 πῶς
3033 1633 3197 1702 ἀηδὲς
3240 1634 3336 1687 zeal
3381 1633 3617 1703 ἀτερπὲς

1938 1710 2221 1779 φαίνεται·
2273 1714 2371 1768 zeal
2414 1714 2467 1768 τί
2499 1715 2645 1785 λέγω
2679 1716 2796 1789 [98]
2825 1718 2990 1789 ἀηδὲς
3031 1719 3127 1773 zeal
3173 1720 3449 1791 ἀτερπέςς
3499 1721 3618 1784 πῶς

1939 1799 2192 1867 φευκτὸν,
2228 1800 2490 1867 δυσωδίας
2518 1804 3014 1876 ἐμπεπλησμένον,
3058 1807 3239 1878 πάσης
3282 1808 3556 1879 ἀμορφίας
3593 1807 3613 1847 ί

1937 1888 2405 1959 πεπληρωμένον,
2442 1891 2504 1945 τὸ
2534 1892 2642 1965 πρὸ
2688 1893 2900 1960 τούτου,
2932 1895 3096 1965 ἡνίκα
3127 1895 3224 1967 τὴν
3255 1896 3432 1966 ψυχὴν
3472 1891 3618 1966 εἶχεν

1936 1973 2280 2044 ἡνιοχοῦσαν,
2307 1977 2550 2049 φαιδρὸν,
2586 1981 2797 2052 χαρίεν,
2831 1982 3032 2052 πολλῆς
3066 1984 3165 2054 τῆς
3189 1983 3495 2053 εὐμορφίας
3520 1985 3619 2052 ἐμ-

1936 2063 2341 2134 πεπλησμένον,
2366 2065 2570 2137 πολλῆς
2596 2067 2698 2138 τῆς
2724 2069 2992 2133 συνέσεως
3014 2070 3465 2140 πεπληρωμένον,
3492 2071 3619 2122 πολ-

1935 2150 2034 2222 λὴν
2062 2153 2474 2227 ἐπιτηδειότητα
2513 2156 2634 2227 ἔχον
2665 2158 2801 2230 πρὸς
2830 2157 2929 2230 τήν
2968 2159 3077 2213 τῶν
3110 2160 3330 2228 ἀγαθῶν
3364 2159 3616 2231 πράξεων

1934 2239 2233 2310 ἐνέργειαν.
2264 2242 2450 2297 Ταῦτα
2479 2244 2543 2316 δὴ
2571 2245 2748 2300 πάντα
2791 2246 3119 2315 ἐννοοῦντες,
3150 2249 3247 2301 zeal
3274 2248 3614 2318 λογιζόμενοι

1933 2327 2035 2398 τὴν
2075 2330 2404 2398 εὐγένειανε
2452 2333 2553 2403 τῆς
2600 2333 2879 2405 ἡμετέρας
2929 2335 3130 2406 ψυχῆς,
3186 2335 3353 2406 μηδὲν
3396 2335 3615 2400 ἀνάξιον

1935 2415 2107 2486 αὐτῆς
2149 2417 2632 2491 διαπράττωμεθα,
2680 2422 2817 2492 μηδὲ
2865 2424 3396 2495 καταρῤυπαίνωμεν
3445 2424 3615 2492 αὐτὴν

1935 2505 2055 2567 ταῖς
2099 2505 2322 2571 ἀτόποις
2367 2508 2622 2581 πράξεσι,
2658 2510 3016 2574 καθέλκοντες
3048 2512 3218 2582 αὐτὴν
3251 2512 3330 2575 είς
3373 2510 3470 2583 τὴν
3514 2512 3615 2583 τῆς

1937 2591 2140 2660 σαρκὸς
2162 2594 2463 2665 ὑποταγὴν,
2480 2597 2577 2650 zeal
2595 2598 2723 2668 περὶ
2744 2598 2844 2669 τὴν
2860 2596 3034 2661 οὕτως
3054 2599 3274 2667 εὐγενῆ,
3300 2598 3394 2651 καὶ
3418 2598 3617 2652 τοσαύ-

1933 2693 2033 2748 της
2061 2679 2371 2753 ἠξιωμένην
2400 2683 2710 2755 προεδρίας,
2736 2683 2909 2749 οὕτως
2938 2686 3287 2756 ἀσυμπαθεῖς
3313 2686 3610 2757 γινόμενοι,

1936 2769 2030 2822 zeal
2076 2769 2408 2841 ἀγνώμονες.
2448 2772 2548 2826 Διά
2596 2772 2708 2844 γάρ
2756 2773 2856 2845 τὴν
2901 2774 3108 2845 ταύτης
3149 2775 3340 2829 οὐσίαν
3373 2776 3534 2846 ἡμεῖς
3562 2775 3613 2829 ol

1938 2854 2150 2926 σώματι
2183 2859 2690 2930 συμπεπλεγμένοι,
2719 2859 2817 2914 ἐὰν
2850 2860 3221 2932 βουληθῶμεν,
3246 2862 3611 2934 δυνησόμεθα,

1934 2944 2034 3014 τῆς
2064 2945 2215 3016 παρά
2240 2943 2335 2998 τοῦ
2367 2945 2504 2999 Θεοῦ
2550 2946 2725 3017 ῥοπῆς
2767 2950 2901 3018 ἡμῖν
2951 2948 3458 3020 συνεφαπτομένης,
3491 2952 3616 3014 ταῖς

1935 3033 2252 3102 ἀσωμάτοις
2294 3033 2628 3104 ἁμιλλᾶσθαι
2668 3035 2954 3106 δυνάμεσι,
2988 3037 3083 3089 zeal
3116 3038 3174 3089 ἐν
3199 3040 3270 3109 γῇ
3309 3036 3616 3108 βαδίζοντες

1937 3118 2013 3182 ὼς
2050 3110 2108 3172 ἐν
2135 3119 2350 3190 οὐρανῷ
2376 3119 2674 3189 διάγοντες,
2705 3121 2848 3175 οὐτω
2888 3121 3280 3189 πολιτεύεσθαι,
3313 3124 3410 3178 zeal
3446 3124 3616 3196 μηδὲν

1939 3205 2162 3259 ἐκείνων
2206 3206 2427 3267 ἔλαττον
2476 3209 2642 3278 ἔχειν,
2686 3208 2824 3262 ἀλλά
2852 3209 2993 3280 τάχα
3038 3212 3180 3264 κατά
3206 3228 3259 3264 τι
3290 3211 3384 3265 zeal
3412 3212 3573 3265 πλέον
3595 3229 3612 3244 ·

1938 3295 2031 3347 zeal
2062 3294 2202 3359 πῶς,
2231 3294 2345 3364 ἐγὼ
2367 3296 2707 3366 λέγω.”οταν
2732 3298 2840 3369 γὰρ
2869 3298 3067 3370 εὑρεθῇ
3097 3316 3182 3363 τις
3212 3300 3350 3369 μετὰ
3380 3301 3440 3353 16
3459 3301 3487 3340 h
3512 3299 3619 3354 σώ-

1941 3398 2070 3451 ματι
2099 3381 2323 3454 φθαρτῷ
2347 3382 2780 3455 συμπεπλέχθαι,
2812 3384 2881 3436 τά
2908 3385 3050 3437 αὐτά
3072 3387 3192 3448 ταῖς
3217 3386 3330 3440 ἀνω
3354 3385 3617 3455 δυνάμεσι

1940 3469 2373 3541 πολιτευόμενος,
2402 3472 2519 3534 πῶς
2556 3471 2618 3524 οὐ
2656 3470 2896 3534 πλείονος
2941 3470 3302 3541 ἀξιωθήσεται
3328 3472 3427 3543 τῆς
3465 3473 3618 3543 παρὰ

1936 3557 2031 3611 τοῦ
2062 3557 2198 3612 Θεοῦ
2249 3557 2445 3630 ῥοπῆς,
2488 3560 2570 3612 ὅτι
2620 3559 2715 3614 zeal
2751 3561 2872 3623 ταῖς
2924 3558 3191 3627 ἀνάγκαις
3224 3557 3318 3613 τοῦ
3364 3559 3616 3632 σώματος

1938 3646 2297 3719 ὑποκείμενος
2337 3646 2596 3718 ἀκέραιον
2632 3648 2733 3717 τῆς
2775 3646 2956 3721 ψυχῆς
2987 3646 3084 3705 τὴν
3116 3648 3396 3718 εὐγένειαν
3436 3648 3617 3722 διετὴο

1941 3752 2111 3807 ρησε;
2904 3784 2913 3789 -

1986 3825 2120 3878 Καὶ
2163 3824 2249 3889 τίς
2293 3823 2360 3879 ἂν
2395 3824 2676 3897 δυνηθείη,
2708 3823 2872 3896 φησὶ,
2902 3823 3144 3889 τοιοῦτος
3189 3824 3480 3896 εὑρεθῆναί
3522 3843 3622 3878 πο-

1938 3926 2028 3979 τε;
2058 3912 2301 3976 Εἰκότως
2343 3913 2604 3969 ἀδύνατον
2650 3915 2782 3983 ἡμῖν
2814 3912 2876 3966 τὸ
2902 3913 3138 3984 πρᾶγμα
3181 3913 3492 3982 νενόμισται
3529 3912 3620 3966 διὰ

1938 4000 2030 4053 τὸν
2054 4000 2227 4055 πολὺν
2255 4001 2359 4070 τῆς
2392 4001 2593 4072 ἀρετῆς
2622 4000 2850 4069 αὐχμόν.
2898 4000 2959 4052 Εί
2997 3999 3053 4051 δέ
3081 3998 3260 4068 βούλει
3296 3997 3508 4068 μαθεῖν,
3533 3999 3618 4052 ὅτι

1934 4087 2040 4140 οὐκ
2087 4087 2201 4141 ἐστι
2232 4086 2393 4140 τοῦτο
2419 4087 2529 4140 τῶν
2557 4086 2855 4149 ἀδυνάτων,
2896 4085 3151 4156 ἐννόησον
3199 4101 3290 4156 μοι
3335 4083 3393 4150 ἐξ
3439 4086 3617 4157 ἀρχῆς

1944 4175 2105 4247 μέχρι
2132 4174 2228 4229 τοῦ
2263 4175 2532 4246 παρόντος
2559 4174 2686 4237 τούς
2714 4173 3193 4245 εὐαρεστήσαντας
3233 4171 3312 4244 τῷ
3347 4174 3615 4247 Δεσπότῃ,

1939 4263 2031 4316 16v
2078 4261 2252 4333 μέγαν
2291 4263 2545 4333 Ἰωάννην
2593 4263 2821 4328 ἐκεῖνον,
2855 4261 2946 4315 16v
2980 4261 3079 4332 τῆς
3108 4259 3331 4332 στείρας
3358 4260 3495 4326 υίὸν,
3524 4264 3618 4313 τὸν

1940 4349 2042 4420 τῆς
2075 4352 2282 4421 ἐρήμου
2308 4350 2555 4422 πολίτην,
2591 4348 2803 4404 Παῦλον
2834 4349 2926 4403 16v
2974 4349 3074 4421 τῆς
3120 4348 3444 4421 οἰκουμένης
3474 4349 3620 4403 διδά-

1943 4438 2161 4500 σκαλον,
2187 4439 2282 4491 zeal
2310 4437 2489 4492 πάντα
2513 4438 2622 4491 τῶν
2648 4437 2821 4508 ἁγίων
2847 4437 2939 4492 16v
2967 4436 3225 4509 όρμαθδν,
3248 4435 3298 4491 οἳ
3322 4437 3424 4507 τῆς
3449 4436 3620 4508 αὐτῆς

1942 4527 2075 4597 ἡμῖν
2103 4527 2320 4597 φύσεως
2360 4526 2678 4597 ἐτύγχανον,
2709 4526 2829 4590 ταῖς
2870 4526 3063 4588 αὐταῖς
3088 4525 3356 4594 ἀνάγκαις
3384 4523 3479 4577 τοῦ
3510 4525 3619 4577 σὼ·

1946 4630 2115 4685 ματος
2143 4613 2517 4684 ὐποκείμενοι,
2549 4614 2647 4668 zeal
2678 4613 2878 4686 μηκέτι
2898 4613 3087 4667 λοιπὸν
3111 4612 3372 4668 ἀδύνατον
3396 4607 3536 4666 εἶναι
3557 4611 3622 4666 16

1943 4704 2177 4773 πρᾶγμα
2200 4700 2408 4772 νόμιζε,
2440 4702 2574 4773 μηδὲ
2597 4702 2958 4774 ὀκνηρότερος
2986 4701 3138 4771 γίνου
3171 4701 3300 4773 περὶ
3346 4700 3447 4772 τὴν
3488 4701 3621 4773 ἀρε-

1942 4789 2062 4861 τὴν,
2088 4790 2356 4853 τοσαύτας
2387 4788 2566 4842 λαϐὼν
2594 4790 2693 4852 τὰς
2736 4788 2993 4860 ἀφορμὰς
3040 4788 3194 4859 παρά
3220 4786 3312 4841 τοῦ
3345 4788 3617 4843 Δεσπὸτου

1946 4879 2084 4952 πρὸς
2129 4881 2191 4935 16
2234 4881 2352 4951 μετ’
2383 4878 2633 4942 εὐκολίας
2678 4877 2849 4951 αὐτὴν
2895 4877 3245 4932 ἀσπάσασθαι
3270 4878 3317 4930 ί.
3356 4877 3466 4930 Kal
3507 4875 3618 4947 7&9

1946 4967 2100 5032 είδὼς
2130 4970 2160 5022 6
2192 4967 2571 5038 φιλάνθρωπος
2600 4965 2757 5037 ἡμῶν
2781 4965 3059 5035 Δεσπότης
3098 4964 3160 5017 16
3195 4962 3419 5025 ἀσθενὲς
3459 4963 3620 5033 ἡμῶν

1944 5056 2046 5126 τῆς
2090 5056 2481 5128 προαιρέσεως,
2529 5055 2625 5108 zeal
2663 5053 2727 5105 16
2762 5050 3070 5117 εὐόλισθον,
3109 5051 3320 5121 μεγάλα
3352 5049 3622 5121 φάρμακα

1947 5145 2079 5216 ἡμῖν
2100 5144 2377 5208 κατέλιπε,
2394 5143 2494 5214 τὴν
2514 5143 2579 5195 ἐκ
2597 5139 2707 5195 τῶν
2727 5139 2960 5211 Γραφῶν
2982 5139 3306 5207 ἀνάγνωσιν,
3339 5138 3429 5191 Eva
3445 5137 3621 5192 ταῦτα

1947 5232 2257 5296 ἐπιθέντεςί
2302 5232 2513 5295 ἐαυτοῖς
2540 5228 2797 5299 συνεχῶς,
2830 5226 2926 5281 zeal
2955 5226 3082 5290 τούς
3116 5224 3265 5295 βίους
3304 5224 3622 5294 ἀναλογιζό-

1951 5337 2102 5392 μενοι
2128 5318 2238 5374 τῶν
2264 5318 2595 5389 θαυμαστῶν
2625 5315 2850 5369 ἐκείνων
2882 5314 2975 5368 zeal
3003 5311 3254 5383 μεγάλων
3279 5311 3511 5384 ἀνδρῶν,
3541 5316 3620 5378 είς

1949 5408 2109 5481 ζῆλον
2135 5406 2481 5479 ἐναγὼμεθα,
2512 5405 2606 5460 zeal
2651 5403 2728 5477 μὴ
2775 5401 3070 5475 ἀμλῶμεν
3099 5399 3203 5471 τῆς
3230 5400 3453 5472 ἀρετῆς,
3484 5401 3618 5455 ἀλλά

2015 5573 2040 5605 ο
2066 5570 2213 5630 mm],
2236 5568 2318 5617 καὶ
2344 5567 2528 5630 ἐγένετο
2567 5564 2797 5630 είςᾼπνοήν
2822 5559 2916 5630 (εἷο
2938 5563 3073 5630 quin)
3102 5561 3340 5630 vagatur)
3371 5562 3546 5625 ζῶσιν,
3569 5565 3618 5615 in

1948 5624 2241 5696 quibusdam
2273 5624 2436 5696 deest,
2470 5625 2785 5696 Aligs‘lzapgl
2823 5624 2890 5696 εει
2941 5625 3098 5696 ψυχήν
3146 5624 3323 5685 ζῶσαν,
3383 5637 3497 5686 quae
3536 5624 3624 5674 εει

1952 5687 2124 5756 ﬁlique
2164 5705 2282 5744 vera
2319 5692 2489 5741 lectio.
2560 5687 2581 5727 ί
2623 5688 2822 5737 Coislin.
2847 5687 3098 5753 ἁμαρτίας.
3280 5741 3306 5755 η
3582 5720 3586 5723 γ

1962 5819 1971 5821 _
2015 5758 2042 5796 Β
2085 5754 2277 5821 “pl-el,
2307 5755 2395 5810 τήν
2418 5811 2429 5821 .
2458 5752 2706 5821 ἐνέργειαν..
2771 5744 2825 5821 ι-
2840 5746 3192 5821 μεστοί-’μετὰ
3211 5761 3330 5821 πῖον.
3447 5743 3621 5821 Myl-el.

1956 5805 2337 5867 ἐπισπάσασθαι.
2356 5805 2366 5810 ’
2413 5811 2429 5863 i
2505 5805 2604 5862 ΧΙίὶ
2679 5809 2974 5863 ἐπιτιθέντες.
3025 5805 3136 5857 lfox
3211 5807 3338 5867 Reg.
3398 5805 3623 5867 ἀναλογι-

1955 5866 2142 5950 ζόμενοι
2162 5875 2387 5950 ρυνεχῶς.
2414 5872 2617 5949 Opislin;
2636 5869 3078 5950 761329906557??le
3212 5866 3422 5950 ῼοίειὶιι.
3441 5866 3623 5929 b1076-

1960 5931 2080 6005 μὲθα
2097 5931 2338 5994 sellula;
2357 5931 2662 6001 θεοπρεποῦς.
2686 5931 2768 5993 Μὴ
2788 5931 2944 5985 τοίνυν
2966 5931 3237 5997 ἀμελῶμεν.
