4110 6426
200 348 325 405 105.

201 480 329 521 mus
359 465 375 497 ¹
400 504 419 535 ,
458 464 557 523 sed
587 465 856 538 fugiamus
885 474 1191 539 peccatum,
1219 476 1274 524 et
1300 470 1485 524 omnia
1509 468 1804 537 faciamus,

204 571 279 612 ne
305 555 559 625 indignos
588 571 689 615 nos
718 557 1074 617 ineffabilihus
1100 558 1204 613 illis
1230 558 1384 614 bonis
1414 558 1764 616 exhibeamus
1792 577 1807 614 :

201 647 352 718 quod
383 647 539 702 nobis
561 648 813 706 omnibus
838 648 1182 715 concedatur,
1208 649 1379 718 gratia
1403 658 1458 704 et
1486 650 1812 722 benignitate

207 738 429 795 Domini
458 738 586 797 Jesu
614 738 837 805 Christi,
860 755 981 795 cum
1001 755 1110 811 quo
1132 741 1274 799 Patri
1300 749 1355 795 et
1378 739 1598 813 Spiritui
1623 750 1810 801 sartae

201 830 272 884 sit
309 828 510 901 gloria,
535 828 843 902 imperium,
875 837 931 891 et
950 829 1130 889 honor
1152 828 1207 890 in
1231 830 1427 891 saecula
1459 831 1808 891 stimulorum.

203 925 412 979 Amen.

781 1036 1069 1095 HOMILIA
1107 1038 1248 1094 XIII.

207 1151 274 1207 Et
325 1150 579 1222 plantavit
618 1150 867 1206 Dominus
914 1151 1051 1207 Deus
1094 1153 1390 1224 paradisum
1431 1154 1487 1209 in
1532 1152 1696 1210 Edent
1740 1159 1812 1212 ad

275 1249 567 1311 orientem,
608 1254 658 1299 et
699 1245 868 1316 ponit
915 1245 1022 1301 illic
1073 1246 1324 1301 hominem
1366 1263 1517 1318 quem
1569 1251 1810 1321 [armauit

276 1336 444 1407 (Gen.
472 1336 528 1391 ξ.
549 1335 631 1408 8).

272 1474 332 1528 Ι.
383 1475 582 1533 Videas
602 1486 837 1533 vestrum
863 1476 1184 1548 inexplebile
1208 1477 1551 1542 desiderium,
1585 1482 1641 1533 et
1664 1475 1808 1530 mulo

203 1574 314 1620 tam
338 1567 671 1635 aviditatem,
695 1577 1034 1641 mentemque
1054 1577 1336 1635 attentam,
1358 1583 1459 1626 nec
1482 1582 1584 1623 non
1614 1579 1806 1621 omnes

200 1656 265 1711 ad
293 1658 634 1727 spiritualem
664 1657 801 1715 hanc
835 1659 1131 1716 doctrinam
1168 1659 1517 1723 advolantes;
1562 1657 1806 1731 quamvis

202 1749 371 1805 valde
397 1750 502 1805 sim
522 1765 662 1806 meae
687 1750 880 1821 inopiae
910 1751 1039 1806 mihi
1069 1753 1350 1818 conscius;
1381 1752 1690 1822 frequenter
1721 1758 1805 1807 ta-

199 1856 331 1896 men
362 1850 418 1896 et
437 1841 673 1910 quotidie
703 1842 916 1912 inopem
935 1850 990 1900 et
1015 1850 1229 1919 tenuem
1275 1842 1413 1897 hanc
1442 1856 1682 1899 mensam
1708 1856 1801 1896 vo-

202 1931 289 1986 bis
312 1946 618 2002 proponere
640 1933 851 1998 studeo,
876 1932 1152 1991 conlidens
1177 1947 1272 1986 vos
1289 1931 1560 1987 desiderio
1584 1931 1805 2004 flagran-

201 2029 307 2087 tes,
338 2021 529 2090 majori
555 2021 831 2079 alacritate
855 2038 977 2093 qua:
999 2023 1255 2081 dicuntur
1275 2032 1618 2097 suscepturos
1646 2038 1765 2078 esse
1780 2064 1801 2091 ,

201 2113 637 2185 quandoquidem
664 2123 720 2169 et
748 2113 800 2169 in
829 2115 1173 2175 sensibilibus
1196 2114 1388 2172 eduliis
1418 2114 1598 2175 videre
1628 2122 1805 2185 potest

197 2208 378 2277 quivis
427 2207 531 2263 hoc
568 2207 1158 2280 contingere.Urgente
1188 2223 1416 2281 namque
1458 2207 1801 2264 convivarum

201 2298 486 2368 appetitu,
515 2298 723 2355 etiamsi
760 2298 1073 2369 paupercula
1117 2314 1301 2357 mensa
1345 2299 1449 2365 sit,
1477 2308 1534 2353 et
1569 2298 1725 2367 in0ps
1757 2298 1803 2352 is

201 2393 292 2462 qui
319 2391 571 2447 convivio
610 2391 807 2462 excipit
827 2431 845 2459 ,
880 2406 1068 2463 magna
1093 2399 1274 2447 tamen
1303 2405 1426 2446 cum
1471 2390 1741 2462 voluptate
1767 2390 1800 2447 ii

200 2483 448 2552 apposita
479 2481 800 2548 absumunt;
831 2491 1016 2541 contra
1042 2482 1087 2537 si
1128 2483 1303 2538 minor
1324 2482 1650 2553 epulantium
1683 2480 1801 2541 fue-

200 2575 271 2628 rit
298 2574 592 2643 appetitus,
620 2574 827 2631 etiamsi
873 2582 1243 2645 sumptuosum
1271 2573 1432 2633 fuerit
1467 2574 1682 2644 epulum
1706 2615 1725 2641 ,
1748 2583 1804 2630 et

201 2668 351 2721 varia
372 2667 696 2737 copiosaque
707 2665 907 2733 edulia,
932 2666 1133 2725 nullum
1152 2666 1275 2722 inde
1292 2666 1657 2733 commodum,
1676 2681 1799 2721 eum

201 2774 368 2816 nemo
394 2760 467 2814 sit
484 2760 575 2830 qui
600 2760 856 2830 appositis
886 2758 961 2815 uti
986 2768 1164 2830 queat.
1203 2760 1297 2815 llic
1323 2767 1520 2822 autem.
1540 2759 1661 2829 quia
1682 2774 1804 2830 gra-

202 2855 272 2907 tia
304 2853 398 2907 Dei
425 2851 628 2908 alacres
653 2859 709 2911 et
739 2851 967 2910 famelici
994 2851 1059 2909 ad
1086 2851 1417 2925 spiritualcm
1446 2866 1687 2909 mensam
1712 2865 1803 2907 ac-

202 2945 420 3011 ceditis,
448 2953 501 3000 et
526 2944 622 3015 ipsi
649 2959 841 3014 magno
865 2942 1133 2999 desiderio
1155 2942 1402 3007 dicimus,
1426 2943 1679 3007 scientes,
1701 2957 1802 2999 nos

201 3035 400 3090 sobriis
442 3035 659 3089 auribus
685 3033 892 3091 divinas
930 3033 1089 3089 hasce
1128 3033 1464 3089 narrationes
1502 3048 1797 3105 apponere.

201 3126 471 3195 Quoniam
499 3134 556 3180 et
582 3124 815 3199 agricola
836 3166 850 3191 ,
881 3124 973 3195 qui
1000 3125 1251 3199 pinguem
1278 3132 1334 3180 et
1371 3124 1594 3181 fertilem
1615 3140 1801 3196 agrum

202 3216 431 3280 invenit,
463 3212 738 3287 postquam
766 3217 946 3271 omnia
970 3231 1089 3286 qua:
1114 3215 1195 3271 sui
1220 3214 1379 3270 ofticii
1409 3224 1562 3271 erant
1590 3215 1800 3286 praesti-

203 3313 303 3379 tit,
347 3326 411 3366 ac
455 3319 651 3366 terram
680 3310 938 3377 suleavit,
989 3318 1224 3364 aratrum
1278 3307 1474 3374 duxit,
1515 3309 1803 3379 spinasque

201 3402 426 3468 etluxit,
473 3408 597 3457 tunc
624 3399 843 3471 largiter
878 3400 1145 3465 seminat,
1175 3399 1419 3471 bonaque
1460 3415 1556 3469 spe
1595 3398 1801 3469 fultus,

198 3492 446 3563 quotidie
484 3506 703 3562 germen
746 3498 1024 3562 exspectat
1060 3489 1320 3556 seminis,
1350 3488 1492 3561 quod
1520 3498 1675 3545 terrae
1718 3488 1797 3545 Ωιι

199 3585 463 3644 cunditati
501 3584 802 3652 commisit,
831 3583 897 3638 ad
930 3592 1086 3639 terra:
1116 3582 1445 3639 feracitatem
1485 3583 1800 3649 attendens,

201 3679 269 3734 ad
298 3679 469 3734 multo
494 3677 751 3748 majorem
773 3676 919 3749 jacto
947 3676 1153 3733 semine
1174 3692 1401 3734 messem
1432 3678 1801 3749 excipiendam

205 3780 446 3841 paratus.
473 3767 727 3825 Similiter
754 3776 810 3825 et
851 3784 950 3824 nos
972 3809 989 3833 ,
1028 3784 1150 3825 cum
1187 3768 1429 3827 videmus
1472 3770 1800 3827 alacritatem

202 3872 444 3919 vestram
469 3859 706 3932 quotidie
735 3859 1038 3918 increscere
1056 3901 1073 3926 ,
1101 3859 1427 3917 desiderium
1458 3860 1660 3931 vigere,
1686 3870 1802 3917 stu-

203 3953 353 4007 dium
380 3952 708 4007 incrementa
729 3966 960 4014 sumere,
988 3949 1182 4006 bonam
1205 3965 1356 4022 spem
1382 3950 1663 4016 habemus,
1686 3968 1803 4007 ma-

200 4043 421 4114 jor-ique
462 4042 639 4097 studio
679 4049 733 4098 et
769 4040 1041 4099 alacritate
1064 4083 1081 4109 ,
1115 4050 1374 4112 quantum
1422 4042 1563 4098 vires
1605 4053 1805 4101 nostrae

205 4142 523 4204 suppetunt,
555 4133 607 4188 in
634 4131 1040 4191 :cdilicationem
1069 4142 1260 4189 vestrm
1287 4133 1526 4189 caritatis
1548 4175 1562 4198 ,
1596 4134 1647 4190 in
1685 4135 1804 4205 glo-

206 4229 345 4282 riam
377 4226 503 4292 Dei,
534 4227 586 4280 in
617 4224 875 4282 Ecclesiae
912 4224 1004 4280 Dei
1034 4223 1201 4283 decus
1227 4224 1424 4295 aliquid
1457 4226 1597 4281 ferre
1634 4226 1804 4281 atthe-

209 4320 405 4374 lamns.
432 4318 545 4387 Age
582 4316 777 4387 igitur,
814 4315 859 4371 si
898 4315 1065 4385 placet
1089 4356 1106 4382 ,
1131 4316 1372 4385 repetitis
1402 4316 1465 4372 iis
1493 4333 1611 4387 qua:
1636 4333 1806 4387 nuper

206 4411 352 4465 dicta
380 4417 527 4475 sunt,
554 4416 946 4478 consequenter
970 4407 1039 4462 de
1064 4408 1321 4463 hodierna
1347 4408 1577 4464 lectione
1604 4418 1806 4465 tracte-

208 4516 353 4556 mus.
386 4499 526 4570 Quid
551 4508 728 4555 autem
760 4500 830 4554 sit
857 4498 999 4570 quod
1027 4514 1199 4569 nuper
1229 4500 1574 4567 tractabatur,
1607 4517 1808 4570 quous-

206 4612 317 4666 que
367 4606 673 4649 sermonem
699 4590 1133 4652 extenderimus.
1170 4601 1225 4644 et
1256 4591 1346 4646 ubi
1385 4591 1544 4648 tinem
1592 4591 1806 4649 dicendi

208 4684 534 4748 fecerimus,
576 4682 934 4738 necessarium
964 4690 1047 4737 est
1083 4681 1283 4738 dicere.
1312 4681 1378 4735 Et
1410 4685 1641 4755 [armauit
1670 4683 1809 4740 Deus

211 4776 490 4838 hominem,
519 4774 776 4845 pulverem
798 4772 1066 4844 accipiens
1095 4771 1158 4825 de
1187 4780 1339 4826 terra.
1368 4772 1432 4826 Et
1460 4773 1726 4844 inspiravit
1753 4777 1807 4830 in

212 4870 400 4938 [aciem
428 4868 538 4938 ejus
562 4865 871 4937 spiraculum
892 4866 1025 4933 vitae,
1057 4867 1320 4938 factusque
1346 4874 1417 4920 est
1446 4867 1596 4920 homo
1622 4867 1673 4920 in
1695 4868 1809 4921 ani-

213 4978 354 5014 mmn
393 4960 635 5014 uiuentem
666 4956 818 5030 (Cen.
844 4957 901 5013 2.
933 4958 1011 5030 7).
1047 4957 1199 5027 Quod
1231 4969 1355 5014 tunc
1380 4959 1645 5028 dicebam,
1675 4960 1727 5016 id
1754 4970 1807 5017 el

215 5069 359 5110 nunc
387 5052 585 5119 dicam,
617 5060 671 5108 et
695 5052 923 5107 subinde
950 5066 1251 5107 memorare
1281 5066 1387 5105 non
1418 5053 1662 5119 cessabo,
1691 5069 1809 5108 ma-

216 5161 377 5218 gnam
433 5155 488 5201 et
534 5143 852 5199 ineffabilem
905 5158 1027 5198 esse
1077 5142 1453 5214 benignitatem
1508 5145 1811 5200 COIIIIDDIIIS

220 5240 461 5295 omnium
483 5237 691 5293 Domini
713 5252 835 5308 erga
856 5250 1027 5307 genus
1046 5244 1306 5292 nostrum.
1323 5235 1597 5306 Siquidem
1621 5251 1809 5308 magna

218 5329 665 5401 attemperatione
690 5328 760 5384 ob
787 5328 1013 5383 salutem
1040 5336 1275 5381 nostram
1308 5342 1437 5382 usus
1461 5337 1563 5393 est,
1593 5344 1812 5399 magno-

216 5438 325 5495 quc
349 5422 546 5479 animal
588 5421 723 5489 hoc,
746 5421 1019 5476 hominem
1041 5419 1183 5486 dico,
1222 5419 1424 5476 honore
1455 5434 1812 5493 proscquutus

218 5526 341 5580 est;
374 5531 584 5573 necnon
625 5512 804 5570 verbis
829 5521 884 5567 et
907 5512 1067 5567 rebus
1090 5510 1413 5579 declaravit,
1451 5528 1509 5567 se
1554 5529 1809 5584 majorem

220 5610 330 5680 ejus
348 5651 365 5677 ,
392 5624 554 5680 quam
582 5605 874 5662 visibilium
895 5603 1134 5660 omnium
1159 5618 1340 5659 curam
1373 5603 1643 5662 habuisse.
1671 5604 1812 5663 Nihil

273 5769 286 5798 ι
318 5764 485 5829 (ζοῖει,
502 5770 827 5829 promerem
841 5758 906 5809 ad
924 5756 1278 5829 «reuelationem
1295 5758 1474 5823 agendi
1497 5757 1696 5812 rationis
1714 5768 1815 5816 Deo

206 5825 378 5899 dignm.
412 5820 670 5883 Virtutem
694 5820 842 5886 igitur
866 5832 956 5870 non
970 5820 1283 5885 negligemus.

1314 351 1384 423 1N
1420 350 1654 415 CAPJI.
1679 349 1931 417 GENES.
1972 352 2204 413 HOMIL.
2237 356 2375 427 XIII.

1924 469 2070 565 enim
2091 472 2342 541 prohibet
2366 475 2527 531 etiam
2553 476 2714 537 hodie
2736 481 2927 541 eadem
2951 487 3233 559 explorare
3257 498 3396 565 apud
3422 515 3514 555 ea-

1918 559 2130 660 nitatem
2165 573 2419 623 vestram.
2448 566 2581 625 Nam
2621 570 2761 628 sicut
2800 587 3040 636 aromata
3063 620 3079 648 ,
3110 559 3310 653 quanto
3345 593 3516 660 magis

1917 652 2098 753 digitis
2125 664 2444 753 atteruntur,
2476 669 2626 719 tanto
2646 665 2903 737 majorem
2931 652 3238 733 naturaisua
3267 652 3513 753 fragran-

1914 746 2319 843 tiamureddunt
2346 768 2361 808 :
2390 753 2462 810 ita
2500 764 2556 811 et
2601 756 2653 813 in
2682 756 2974 832 Scripturis
3003 770 3284 839 usuvenit,
3312 746 3514 843 quanto

1915 840 2036 938 quis
2060 841 2178 897 illas
2214 845 2446 938 amplius
2476 856 2706 912 tractare
2743 855 3030 925 studuerit,
3063 869 3210 920 tanto
3236 840 3404 938 magis
3431 873 3514 926 vi-

1915 930 2046 988 dere
2081 936 2565 1029 poteritluteutem
2594 941 2648 998 in
2694 944 2825 1016 ipsis
2851 947 3157 1010 thesaurum
3182 997 3199 1022 ,
3225 930 3387 1029 atque
3415 962 3517 1021 im-

1914 1035 2145 1117 mensos
2160 1027 2442 1096 percipere
2464 1030 2773 1091 divitiarum
2801 1037 3025 1096 fructus.
3054 1042 3122 1097 Et
3148 1027 3406 1117 forntavit,
3431 1053 3513 1108 in.

1912 1111 2064 1204 quit,
2106 1112 2246 1171 Deus
2285 1117 2575 1193 hominem,
2624 1125 2883 1194 pulverem
2929 1111 3198 1204 accipiens
3240 1139 3305 1194 de
3353 1111 3509 1201 terra.
3560 1142 3583 1149 ”

1916 1202 2295 1301 animadverte
2315 1251 2333 1279 ,
2364 1211 2590 1271 obsecro
2607 1257 2623 1283 ,
2651 1228 2848 1287 quanta
2872 1202 3103 1281 varietas
3144 1243 3210 1287 ex
3252 1230 3370 1301 ipso
3391 1249 3517 1292 ver-

1914 1295 2104 1355 borum
2129 1303 2413 1373 prommio.
2446 1305 2503 1363 In
2529 1309 2780 1368 omnibus
2806 1313 2952 1369 enim
2976 1317 3096 1375 aliis
3116 1295 3378 1381 creaturis
3407 1327 3509 1383 do-

1913 1390 2022 1450 cuit
2050 1407 2150 1447 nos
2174 1394 2360 1451 beatus
2387 1397 2563 1456 Moses
2592 1403 2807 1460 modum
2837 1409 3144 1477 creatiouis,
3177 1413 3260 1470 his
3285 1418 3463 1477 verbis
3490 1438 3507 1475 :

1913 1480 2059 1538 Dixit
2084 1483 2248 1554 Deus,
2277 1486 2400 1543 Fiat
2420 1490 2532 1560 lux,
2559 1503 2606 1547 et
2631 1498 2769 1565 facta
2815 1510 2890 1553 est
2918 1498 3040 1567 lux;
3063 1502 3184 1559 Fiat
3212 1507 3505 1575 ﬁrmamenc
3603 1510 3611 1516 ’

1913 1582 2057 1641 tum;
2102 1575 2444 1653 Congregetur
2484 1600 2659 1654 aqua;
2686 1585 2843 1645 Fiant
2889 1591 3205 1664 luminaria;
3252 1599 3507 1660 Germinet

1911 1676 2047 1722 terra
2073 1668 2278 1726 herbam
2305 1672 2429 1743 [teni
2449 1690 2471 1738 ,'
2496 1673 2796 1735 Producant
2822 1697 2968 1751 aqua'
2992 1686 3195 1751 reptilia
3220 1691 3508 1751 animarum

1911 1759 2199 1827 viventium,
2228 1770 2303 1826 et,
2328 1761 2590 1821 Producat
2616 1776 2750 1824 terra
2779 1772 3002 1827 animum
3031 1775 3296 1833 uiuentem.
3317 1780 3507 1840 Vidisti

1909 1852 2178 1922 quomodo
2218 1855 2385 1912 verbo
2428 1860 2607 1917 omnia
2652 1861 2877 1920 formata
2907 1866 3053 1923 sint?
3087 1868 3193 1926 Sed
3233 1862 3509 1933 videamus

1910 1949 2094 2035 postea
2122 1943 2246 2035 quid
2283 1944 2338 2002 in
2376 1950 2651 2006 creatione
2687 1951 2922 2011 hominis
2961 1956 3126 2015 dicat.
3159 1958 3229 2014 Et
3270 1966 3510 2035 forntat't'l

1913 2029 2047 2124 Deus
2072 2033 2347 2091 hominem.
2384 2035 2515 2093 \‘ide
2541 2042 2813 2110 quomodo
2852 2045 3139 2103 verborum
3179 2029 3507 2124 attempera-

1910 2122 2076 2190 tione,
2102 2124 2255 2195 queis
2279 2124 2349 2183 ob
2376 2137 2615 2185 nostram
2658 2131 3025 2195 inﬁrmitatem
3053 2154 3182 2196 usus
3206 2152 3310 2208 est,
3343 2122 3504 2201 simul

1907 2222 1963 2268 et
1983 2215 2201 2273 modum
2226 2218 2523 2276 creationis
2549 2220 2758 2290 doceat,
2789 2234 2845 2281 et
2869 2227 3259 2299 diversitatem,
3287 2251 3414 2305 qua,
3448 2249 3507 2295 ut

1909 2305 2147 2363 humano
2178 2323 2329 2365 more
2357 2310 2580 2382 loquar,
2611 2315 2772 2373 veluti
2810 2317 2902 2374 Dei
2932 2322 3179 2381 manibus
3215 2325 3503 2385 fortunatum

1908 2395 2082 2466 ipsum
2111 2397 2345 2467 indicat,
2373 2402 2514 2458 sicut
2536 2413 2592 2459 et
2633 2406 2771 2462 alius
2800 2409 3061 2481 propheta
3106 2413 3237 2472 dicit
3268 2434 3282 2470 :
3317 2417 3505 2477 Manus

1908 2489 2251 2582 tuwfecerunt
2279 2508 2377 2559 me,
2403 2503 2451 2550 et
2469 2496 2845 2567 plasmauertmt
2874 2519 2954 2558 me
2977 2503 3121 2575 (Job.
3147 2508 3233 2563 Io.
3262 2509 3342 2582 8).
3373 2511 3505 2569 Nam

1906 2579 1955 2635 si
1981 2580 2297 2653 simpliciter
2325 2584 2659 2659 imperasset,
2689 2606 2890 2662 quaeso,
2920 2604 2978 2650 ut
3002 2613 3070 2652 cx
3100 2607 3242 2655 terra
3273 2579 3508 2661 oriretur

1910 2670 2093 2741 homo,
2116 2688 2297 2731 annon
2326 2677 2377 2732 id
2406 2680 2549 2750 quod
2574 2680 2783 2753 jussum
2805 2694 2922 2741 erat
2941 2687 3255 2757 productum
3282 2692 3507 2751 fuisset?

1906 2761 2013 2817 Sed
2046 2774 2103 2819 ut
2128 2780 2224 2837 per
2255 2769 2544 2827 creationis
2586 2773 2803 2829 modum
2835 2776 3134 2835 doctrinam
3184 2783 3340 2839 nobis
3380 2801 3507 2855 per-

1906 2865 2119 2927 petuam
2168 2860 2439 2932 traderet,
2487 2873 2546 2921 ut
2582 2882 2650 2921 ne
2692 2867 2895 2938 majora
2943 2886 3102 2941 quam
3146 2890 3266 2944 qua:
3313 2888 3505 2935 natura

1907 2960 2088 3009 nostra
2137 2950 2306 3010 ferret
2349 2957 2706 3027 sentiremus,
2735 2960 2855 3019 ideo
2916 2963 2995 3020 sic
3045 2976 3293 3025 accurate
3322 2972 3503 3027 omnia

1907 3052 2160 3110 enarrat,
2191 3054 2247 3103 et
2278 3048 2355 3105 ait
2383 3066 2409 3126 ε
2431 3047 2694 3106 Formavit
2742 3052 2878 3111 Deus
2925 3056 3216 3126 hominem,
3249 3064 3505 3133 pulverem

1905 3135 2174 3204 accipiens
2202 3138 2219 3169 ί
2246 3139 2309 3193 de
2330 3149 2483 3199 terra.

1976 3226 2033 3280 2.
2058 3227 2194 3285 Vide
2222 3239 2275 3286 et
2302 3231 2357 3287 in
2379 3233 2479 3290 hac
2507 3250 2567 3290 re
2615 3234 2896 3294 honorem.
2945 3240 3062 3297 Non
3111 3245 3255 3301 enim
3305 3256 3502 3307 terram

1906 3321 2200 3389 quamlibet
2222 3325 2434 3395 accipit,
2465 3327 2558 3384 sed
2594 3329 2890 3399 pulverem,
2921 3335 3292 3395 tenuissimum
3323 3351 3498 3409 terra}.

1907 3418 1965 3465 ut
2003 3411 2074 3465 ita
2124 3413 2244 3482 quis
2266 3413 2483 3483 dixerit,
2509 3418 2725 3474 ethunc
2751 3420 2923 3490 ipsum
2969 3424 3239 3494 pulverem
3267 3428 3334 3484 de
3361 3439 3503 3486 terra

1906 3511 2176 3575 praecepto
2202 3517 2300 3559 suo
2345 3505 2398 3562 in
2432 3510 2676 3579 corporis
2702 3521 2945 3569 naturam
2978 3517 3267 3573 transtulit.
3298 3520 3502 3588 Quem-

1908 3592 2195 3650 admodum
2243 3595 2384 3653 enim
2430 3598 2601 3669 ipsam
2642 3612 2800 3658 terra:
2828 3603 3178 3662 substantiam
3222 3625 3329 3664 non
3358 3613 3502 3666 exsi-

1907 3693 2137 3741 stentem
2169 3687 2441 3757 produxit,
2487 3690 2558 3746 ita
2605 3708 2768 3759 nunc,
2821 3708 2945 3751 cum
2995 3697 3181 3765 voluit,
3228 3700 3502 3771 pulverem

1907 3775 1976 3832 de
2002 3786 2143 3833 terra
2169 3778 2221 3834 in
2248 3795 2446 3851 corpus
2464 3785 2746 3840 convertit.
2777 3785 2874 3842 Hic
2908 3789 3213 3847 exclamare
3249 3792 3403 3862 juvat
3451 3796 3504 3855 id

1908 3869 2051 3939 quod
2080 3885 2110 3925 a
2141 3871 2302 3929 beato
2335 3873 2533 3931 Davide
2557 3876 2755 3932 dictum
2801 3886 2928 3936 est:
2965 3879 3091 3945 Quis
3135 3882 3368 3953 loquetur
3406 3902 3502 3954 po-

1910 3962 2091 4017 tentias
2141 3960 2353 4020 Domini
2374 4005 2393 4031 ,
2459 3965 2662 4021 auditas
2719 3968 2873 4039 faciet
2936 3985 3110 4026 omnes
3164 3973 3343 4028 laudes
3393 3976 3506 4046 ejus

1912 4051 2095 4122 (Psal.
2125 4053 2248 4109 105.
2274 4053 2391 4125 ‘2)?
2435 4056 2578 4126 quod
2607 4072 2672 4112 ex
2732 4059 2949 4128 pulvere
2992 4062 3099 4116 tale
3140 4064 3337 4119 animal
3380 4082 3505 4137 pro-

1907 4144 2139 4211 duxerit,
2163 4156 2219 4203 et
2244 4147 2299 4203 in
2322 4157 2527 4203 tantum
2554 4148 2813 4206 honorem
2842 4153 3103 4222 everterit,
3133 4162 3313 4225 totque
3339 4158 3504 4215 benc-

1900 4236 2029 4293 ‘Iicia
2055 4238 2108 4294 in
2129 4254 2251 4295 eum
2276 4240 2459 4296 statim
2483 4241 2553 4297 ab
2579 4241 2732 4297 initio
2755 4245 3059 4310 contulerit,
3083 4252 3241 4307 suam
3257 4251 3502 4322 benigni-

1912 4337 2074 4383 tatem
2108 4346 2204 4400 per
2227 4332 2405 4386 omnia
2456 4334 2768 4389 ostendens.
2800 4335 2868 4388 Et
2907 4337 3191 4407 inspiravit,
3226 4341 3417 4413 inquit,
3449 4346 3503 4400 iu

1910 4422 2093 4492 faciem
2117 4423 2227 4493 ejus
2254 4424 2568 4493 spiraculum
2587 4425 2721 4495 vitae,
2747 4436 2792 4481 et
2820 4426 2991 4498 [actus
3014 4440 3093 4484 est
3116 4431 3265 4487 homo
3294 4434 3347 4489 in
3393 4437 3507 4491 ani-

1910 4528 2044 4567 mam
2083 4515 2342 4569 viventem.

1983 4605 2171 4662 Contra
2221 4623 2306 4662 eos
2340 4607 2428 4678 qui
2474 4608 2708 4666 dicebant
2734 4611 2959 4667 animam
2984 4631 3049 4670 ea:
3085 4617 3369 4675 substantia
3412 4618 3510 4675 Dei

1912 4713 2037 4752 esse.
2073 4697 2207 4752 Deus
2235 4698 2474 4769 simplex,
2501 4701 2893 4773 incompositus,
2922 4713 2968 4760 et
3005 4706 3175 4778 ﬁgura
3224 4725 3510 4764 carens.—

1913 4791 2011 4846 llic
2057 4792 2270 4862 quidam
2322 4793 2461 4848 male
2490 4793 2690 4861 feriati,
2745 4796 2971 4865 propriis
3001 4799 3131 4854 moti
3171 4800 3504 4871 ratiociniis,

1913 4883 2152 4954 nihilque
2202 4884 2312 4940 Deo
2361 4884 2581 4955 dignum
2632 4887 2946 4956 cogitantes,
2996 4904 3173 4960 neque
3216 4892 3504 4946 verborum

1912 4978 2411 5048 attemperationem
2460 4992 2645 5034 secum
2699 4987 3031 5049 reputantes,
3078 4981 3257 5037 dicere
3286 4983 3505 5048 audent,

1911 5070 2143 5124 animam
2170 5086 2233 5125 ex
2266 5071 2356 5126 Dei
2384 5070 2677 5127 substantia
2703 5088 2843 5128 esse.
2870 5073 2916 5128 Ο
2944 5074 3233 5131 insaniam!
3264 5091 3298 5131 o
3317 5092 3506 5132 amen-

1915 5162 2076 5215 tiam!
2107 5171 2239 5232 quot
2275 5162 2529 5233 perniciei
2574 5164 2688 5218 vias
2711 5164 2959 5221 diabolus
2986 5167 3188 5236 paravit
3214 5168 3508 5226 cultoribus

1913 5253 2060 5307 suis!
2107 5253 2159 5307 ld
2193 5263 2252 5308 ut
2292 5255 2488 5320 discas,
2515 5255 2788 5324 perpende
2811 5271 2969 5326 quam
3000 5257 3230 5313 diversis
3258 5258 3507 5318 incedant

1916 5344 2033 5399 viis.
2055 5344 2186 5400 Nam
2212 5346 2302 5400 alii
2329 5361 2393 5402 ex
2416 5345 2521 5401 hoc
2550 5347 2711 5403 verbo
2740 5363 2924 5402 ansam
2948 5349 3297 5419 arripientes,
3333 5351 3508 5425 Inspio

1914 5441 2066 5505 rasit,
2118 5440 2307 5494 dicunt
2346 5439 2555 5495 animas
2603 5455 2671 5495 ex
2720 5440 3011 5496 substantia
3064 5442 3157 5497 Dei
3204 5460 3360 5510 esse;
3418 5448 3508 5503 alii

1916 5544 2126 5585 rursum
2155 5529 2358 5597 dicunt,
2386 5530 2438 5584 in
2457 5529 2835 5585 vilissimorum
2858 5530 3133 5587 brutorum
3155 5535 3509 5592 substantiam

1919 5621 2061 5697 ipsas
2084 5622 2311 5676 transire
2333 5637 2346 5674 :
2371 5635 2477 5690 qua
2497 5621 2730 5677 amentia
2751 5621 2877 5691 quid
2902 5620 3141 5681 deterius
3159 5640 3279 5680 esse
3299 5638 3467 5696 possu
3482 5629 3508 5682 t

1985 5824 2001 5856 ί
2038 5829 2089 5873 In
2104 5828 2220 5887 Reg.
2244 5834 2342 5877 uno
2365 5828 2419 5874 et
2438 5820 2568 5893 Colb.
2589 5834 2686 5872 uno
2703 5822 2848 5876 deest
2871 5837 2983 5888 vox,
3006 5820 3269 5888 accipiens.
