4110 6422
577 392 677 448 ΜἸ

572 511 706 578 Quia
733 508 874 560 enim
922 500 1267 558 obtenebrata
1306 505 1394 553 est
1441 499 1578 552 ratio
1621 510 1827 556 eorum.
1883 502 1937 548 et
1973 503 2158 544 verum

573 600 861 667 Scriptura:
911 610 1125 651 sensum
1171 594 1436 663 ignorant,
1469 591 1617 660 quasi
1663 587 1915 643 exetecali
1969 583 2164 639 mentis

571 689 741 743 oculis
763 689 814 742 in
841 687 1052 740 diversa
1087 685 1327 739 feruntur
1353 681 1671 753 przccipitia,
1697 679 1822 733 dum
1873 677 1962 730 alii
2017 675 2162 729 illam

569 796 728 851 supra
755 781 1063 850 dignitatem
1089 777 1336 840 ell-‘crunt,
1371 773 1463 828 alii
1489 782 1664 827 autem
1694 770 1824 824 infra
1851 768 2162 840 dignitatem

571 873 894 944 deprimunt.
918 872 1049 927 Nam
1077 872 1121 926 si
1151 884 1217 924 eo
1236 867 1379 939 quod
1415 867 1685 936 Scriptura
1724 862 1886 927 dicat,
1931 859 2165 930 Inspira-

573 970 638 1022 vit
663 969 719 1021 in
749 967 929 1034 faciem
971 966 1100 1035 ejus,
1129 979 1190 1018 os
1239 963 1348 1017 Deo
1399 959 1655 1030 afﬁugere
1696 956 1883 1022 velint,
1939 968 2164 1009 necesse

570 1060 677 1114 erit
702 1059 862 1114 etiam
892 1071 1081 1111 manus
1102 1054 1200 1124 ipsi
1233 1053 1468 1107 tribuere
1495 1071 1509 1104 :
1538 1046 1970 1120 quandoquidem
2006 1045 2160 1109 dixit,

577 1151 838 1204 Formavit
875 1148 1142 1201 hominem.
1171 1144 1278 1199 Sed
1332 1157 1400 1197 ne
1443 1141 1654 1195 illorum
1707 1135 2062 1206 nugaeltatcm
2110 1136 2162 1188 in

574 1241 806 1298 medium
830 1240 1181 1311 proferentes,
1211 1249 1466 1305 cogamur
1490 1241 1544 1286 et
1572 1231 1671 1300 ipsi
1713 1229 1960 1285 indecora
1994 1227 2160 1297 loqui,

571 1347 670 1402 age
720 1332 955 1400 ipsorum
997 1329 1274 1384 stultitiam
1329 1335 1385 1380 et
1436 1324 1783 1394 multiplicem
1837 1321 2161 1376 dementiam

571 1424 889 1488 devitemus,
921 1437 984 1476 ac
1011 1421 1212 1476 divina:
1230 1419 1542 1489 Scriptum,
1578 1431 1698 1486 qua:
1729 1414 1959 1484 seipsam
2000 1414 2165 1466 inter-

571 1522 831 1584 pretatur,
858 1527 1077 1583 scopum
1103 1511 1512 1580 subsequamur,
1543 1506 1833 1562 dummodo
1859 1514 2037 1559 tamen
2067 1517 2164 1558 nos

569 1607 860 1661 verborum
898 1604 1156 1660 crassitiei
1197 1619 1304 1657 non
1345 1601 1718 1665 attendamus,
1745 1599 1839 1654 sed
1870 1597 2166 1668 cogitemus

571 1696 936 1752 inﬁrmitatem
989 1705 1223 1748 nostram
1277 1691 1582 1761 hujusmodi
1640 1691 1898 1746 crassitiel
1946 1702 2162 1743 causam

571 1800 712 1842 esse.
745 1785 927 1856 Neque
953 1785 1095 1840 enim
1125 1793 1342 1854 possent
1364 1797 1522 1838 aures
1565 1782 1810 1836 humana:
1847 1796 1909 1836 ea
1937 1797 2056 1851 quae
2077 1781 2162 1835 di-

571 1888 766 1934 cuntur
787 1878 1055 1948 excipere,
1080 1877 1180 1932 nisi
1209 1885 1354 1932 tanto
1381 1875 1686 1931 fruerentur
1722 1886 2162 1946 temperamento.

570 1969 876 2040 Cogitantes
903 1970 1079 2038 itaque
1105 1976 1160 2022 et
1183 1977 1418 2022 nostram
1462 1965 1840 2031 inﬁrmitatem,
1871 1976 1924 2020 et
1956 1964 2072 2018 haec
2097 1963 2165 2018 de

572 2060 684 2115 Deo
715 2061 854 2114 dicta
886 2059 1070 2118 fuisse.
1102 2059 1180 2113 sic
1199 2072 1262 2113 ea
1289 2056 1660 2127 suscipiamus,
1692 2065 1749 2111 ut
1777 2071 1872 2127 par
1899 2065 1979 2111 est
2008 2071 2070 2110 ea
2097 2055 2164 2110 de

568 2151 684 2205 Deo
709 2152 973 2220 accipere,
1007 2165 1104 2204 nec
1131 2150 1182 2203 in
1213 2164 1499 2219 corporum
1531 2150 1778 2215 formam,
1802 2149 1883 2203 vel
1910 2149 1961 2202 in
1992 2163 2162 2202 mem-

566 2243 787 2298 brorum
832 2243 1295 2312 compositionem,
1359 2241 1526 2296 Deum
1572 2241 1744 2310 ipsum
1792 2239 2159 2303 deducamus;

569 2334 665 2389 sed
694 2335 871 2389 omnia
902 2334 970 2388 de
1001 2335 1129 2396 Deo,
1162 2344 1219 2386 ιιι
1239 2332 1508 2394 convenit,
1537 2332 1912 2402 imaginemur.
1954 2330 2162 2386 Numen

569 2426 714 2479 enim
744 2424 968 2493 simplex
1003 2424 1516 2493 incompositumqne
1537 2435 1641 2489 est,
1681 2439 1744 2477 ac
1774 2422 1939 2493 ﬁgura
1969 2431 2116 2476 caret
2144 2437 2160 2478 :

571 2532 694 2572 nam
740 2517 784 2572 si
839 2532 907 2572 ex
963 2517 1118 2572 nobis
1169 2515 1515 2570 similitudine
1563 2515 1738 2578 ducta,
1784 2515 2010 2568 Velimus
2055 2513 2164 2567 Deo

572 2609 932 2664 membrorum
988 2608 1432 2677 compositionem
1483 2606 1750 2670 tribuere,
1799 2605 2163 2676 imprudentes

570 2700 625 2754 in
653 2701 924 2770 gentilium
957 2700 1280 2769 impietatem
1310 2699 1551 2753 labimur.
1580 2699 1711 2753 Cum
1736 2699 1912 2766 itaque
1932 2697 2164 2750 audieris

570 2793 896 2862 Scripturam
942 2791 1230 2858 dicentem,
1266 2789 1525 2844 Formm-it
1566 2789 1700 2844 Deus
1743 2789 2025 2851 hominem,
2052 2787 2160 2840 vir-

568 2893 734 2939 tatem
761 2883 1003 2938 eamdem
1035 2883 1228 2953 rogita,
1279 2897 1437 2951 quam
1477 2896 1599 2935 cum
1665 2879 1831 2946 dicit,
1890 2877 2051 2942 Fiat;
2099 2891 2164 2931 ac

571 2991 779 3031 rursum
811 2991 932 3030 cum
958 2975 1213 3040 audieris,
1247 2974 1527 3044 Inspirarit
1553 2975 1604 3027 in
1647 2975 1828 3045 faciem
1856 2974 1966 3044 ejus
1992 2973 2160 3041 spira-

569 3071 738 3122 culum
791 3071 936 3132 vittv,
997 3069 1187 3122 iterum
1235 3070 1444 3137 cogita,
1490 3067 1936 3137 quemadmodum
1983 3065 2160 3120 incor-

570 3174 762 3228 poreas
812 3160 1034 3213 virtutes
1092 3158 1448 3226 produxerat,
1500 3159 1578 3212 sic
1643 3159 1906 3228 placuisse
1945 3158 2052 3224 illi,
2105 3167 2163 3212 ut

567 3267 764 3320 crn'pus
790 3250 896 3306 hoc
919 3267 984 3306 ex
1017 3252 1231 3320 pulvere
1258 3250 1454 3305 factum
1478 3253 1710 3304 animam
1741 3249 1964 3306 haberet
1990 3251 2158 3304 ratio-

567 3343 765 3408 nalem,
789 3355 906 3411 quin
927 3341 1183 3396 membris
1196 3342 1470 3410 corporeis
1492 3350 1670 3410 posset
1695 3341 1788 3396 uti.
1815 3342 1929 3397 Hoc
1955 3342 2153 3412 quippe

564 3447 761 3501 corpus
810 3433 1014 3486 Domini
1043 3432 1196 3502 jussu
1246 3442 1508 3498 creatum,
1541 3433 1692 3502 quasi
1746 3433 2157 3488 instrumentum

561 3523 792 3594 jacehat,
822 3525 1002 3595 aliquo
1033 3534 1280 3579 movente
1306 3525 1576 3594 indigens;
1607 3525 1714 3579 imo
1741 3525 1875 3580 sicut
1899 3525 2012 3596 lyra
2041 3541 2159 3596 qua:

565 3615 747 3682 aliquo
770 3624 908 3684 eget,
931 3615 1021 3684 qui
1046 3627 1161 3670 arte
1191 3617 1512 3685 solertiaque
1541 3631 1634 3672 sua
1669 3617 1856 3686 possit,
1888 3619 2040 3688 quasi
2066 3635 2160 3688 per

569 3705 794 3771 fistulas,
827 3721 920 3774 per
970 3705 1209 3760 membra
1237 3721 1332 3761 sua
1373 3718 1758 3776 congruentem
1793 3709 2016 3764 Domino
2048 3725 2161 3763 me-

570 3795 764 3852 lodiattt
796 3795 1018 3851 referre.
1041 3795 1338 3866 Inspiravit,
1359 3797 1550 3868 inquit,
1573 3800 1625 3852 in
1646 3800 1826 3870 faciem
1852 3801 1965 3871 ejus
1989 3803 2158 3872 spira-

566 3889 740 3943 culum
769 3888 902 3952 vitta,
949 3899 996 3942 et
1033 3889 1197 3958 fartus
1245 3899 1320 3944 est
1364 3889 1514 3944 homo
1541 3891 1595 3944 in
1631 3891 1856 3945 animam
1893 3894 2156 3950 viventem.

564 3979 700 4048 Quid
721 3989 824 4045 est,
851 3979 1130 4049 [aspirarit
1154 3981 1468 4051 spiraculum
1493 3983 1609 4038 vitae
1628 3985 1655 4037 ?
1680 3982 1736 4038 Id
1757 3993 1858 4051 est,
1882 3983 1985 4041 hoc
2007 4000 2161 4042 crea-

566 4085 677 4129 tum
707 4089 902 4144 corpus
932 4075 1098 4130 voluit
1119 4075 1382 4148 jussitque
1411 4076 1513 4131 vim
1541 4075 1740 4134 habere
1768 4079 2008 4147 vitalem,
2038 4094 2158 4150 qua:

562 4167 780 4221 animali
821 4167 956 4222 facta
992 4177 1076 4223 est
1111 4169 1162 4222 in
1205 4169 1436 4224 animam
1462 4169 1748 4235 viventem,
1785 4171 1900 4226 sive
1925 4185 2157 4240 operan-

565 4267 696 4319 tem,
722 4271 842 4326 qua:
869 4266 1038 4312 artem
1065 4271 1214 4312 suam
1237 4269 1418 4329 posset
1439 4274 1535 4330 per
1562 4259 1924 4317 membrorum
1951 4271 2156 4316 motum

565 4345 838 4400 exhibere.

637 4437 690 4490 5.
731 4437 826 4491 llic
852 4452 978 4492 vero
999 4437 1127 4492 mihi
1158 4438 1427 4508 perpende
1446 4479 1462 4504 ,
1493 4450 1749 4509 quantum
1777 4441 1988 4497 intersit
2014 4443 2155 4499 inter

570 4525 726 4596 hujus
765 4526 1094 4582 admirabilis
1136 4529 1384 4584 animalis
1428 4531 1743 4596 rationalis,
1784 4542 1838 4587 et
1880 4535 2154 4589 brutorum

568 4619 940 4674 formationem
981 4621 1287 4676 discrimen.
1319 4623 1393 4678 De
1419 4621 1523 4677 illis
1548 4625 1690 4678 enim
1731 4623 2159 4681 dixit:Educunt

567 4727 714 4780 aqum
734 4711 936 4781 reptilia
961 4713 1245 4766 animarunt
1266 4713 1554 4781 viventium,
1577 4724 1632 4770 et
1660 4717 1819 4771 simul
1843 4717 2159 4786 prodierunt

565 4818 631 4856 ex
680 4817 815 4872 aqua
857 4803 1103 4856 animalia
1150 4803 1420 4870 animata;
1467 4815 1522 4860 et
1572 4805 1626 4860 in
1675 4815 1816 4862 terra
1861 4808 2154 4863 similiter:

565 4892 825 4950 Produmt
864 4905 998 4949 terra
1034 4897 1256 4950 animum
1301 4899 1562 4952 viventem.
1596 4899 1670 4954 De
1716 4898 1931 4956 homine
1975 4917 2154 4958 autem

564 5004 670 5041 non
699 4988 808 5052 sic;
837 4987 933 5043 sed
963 4990 1108 5057 prius
1134 4988 1202 5043 de
1233 4990 1450 5058 pulvere
1487 5007 1682 5063 corpus
1727 4994 1985 5050 feriuntur
2008 5038 2024 5062 ,
2057 5015 2156 5068 po-

561 5089 677 5135 Stea
707 5081 880 5136 vitalis
914 5081 990 5135 illi
1018 5082 1186 5136 virtus
1213 5083 1400 5148 datur,
1432 5102 1553 5156 qua:
1579 5095 1664 5141 est
1685 5088 1876 5142 anima:
1899 5090 2156 5144 substan-

564 5170 656 5224 tia.
699 5169 902 5226 Idcirco
945 5172 1012 5226 tle
1051 5172 1218 5227 brutis
1255 5173 1467 5230 dicebat
1505 5175 1758 5248 Moyses:
1789 5179 2016 5250 Sanguis
2047 5182 2156 5248 eius

565 5271 638 5312 est
663 5265 832 5318 anima
860 5267 970 5336 ejus
997 5265 1142 5336 (Leo.
1173 5268 1262 5322 l7.
1305 5269 1417 5339 ll).
1470 5269 1524 5324 In
1560 5269 1778 5326 homine
1806 5282 1983 5328 autem
2025 5275 2154 5328 sub-

567 5355 758 5407 stantia
803 5368 886 5410 est
938 5359 1250 5429 incorporea
1301 5371 1354 5416 ct
1409 5361 1769 5431 immortalis,
1821 5381 1942 5434 qua:
1985 5367 2154 5420 multo

569 5443 846 5498 intervallo
875 5462 1074 5518 corpus
1102 5452 1408 5517 antecellit,
1439 5462 1492 5507 et
1521 5463 1698 5518 tanto,
1726 5465 1926 5524 quanto
1952 5472 2048 5526 par
2071 5467 2155 5512 est

570 5532 940 5600 incorporeum
985 5543 1195 5608 corpori
1245 5541 1534 5597 anteferre.
1589 5544 1783 5600 Verum
1827 5547 1964 5603 forte
2009 5548 2154 5604 dicet

567 5627 830 5692 quispiam
866 5645 878 5681 :
913 5629 970 5684 Si
1009 5631 1182 5686 anima
1226 5650 1452 5705 corpore
1479 5636 1722 5707 dignior,
1771 5653 1869 5693 cur
1917 5641 1968 5696 id
2007 5643 2149 5712 quod

570 5717 747 5765 llllltlls
805 5727 886 5771 est
914 5717 1144 5782 primum
1189 5735 1439 5795 creatur,
1467 5738 1519 5782 et
1545 5729 1686 5798 quod
1731 5731 1902 5801 majus
1944 5744 2154 5804 postre-

573 5819 718 5860 lntttn
746 5805 769 5857 ?
801 5807 985 5867 Annon
1021 5811 1165 5871 vides
1190 5859 1204 5884 ,
1237 5820 1446 5888 dilecte,
1490 5820 1716 5893 idipsum
1773 5824 1826 5882 in
1878 5826 2152 5887 creatione

1296 382 1359 440 S.
1397 379 1676 439 JOANNZS
1713 371 2189 435 CHRYSOSTOMI
2230 370 2529 428 ARCIIIEP
2590 371 3128 431 CONSTANTINOP.

3766 374 3871 432 I08

2277 486 2516 543 factum?
2559 489 2709 544 Sicut
2737 491 2878 545 enim
2908 492 3122 558 cwlnm,
3153 499 3295 546 terra
3317 533 3332 556 ,
3359 491 3441 546 sol
3466 534 3482 558 ,
3514 493 3663 556 luna,
3691 502 3747 549 et
3773 495 3876 548 ala

2271 582 2450 636 omnia
2483 593 2660 638 creata
2691 593 2846 651 sunt,
2877 584 3138 654 brutaque
3165 585 3326 638 etiam
3355 585 3604 639 animalia
3625 627 3642 650 ,
3671 595 3726 640 et
3757 598 3880 656 post

2273 672 2380 727 haec
2432 673 2612 727 omnia
2655 673 2814 728 homo
2839 715 2855 741 ,
2897 675 2985 729 cui
3015 676 3205 729 horum
3256 675 3496 730 omnium
3545 678 3880 746 principatus

2275 766 2592 822 tribuendus
2622 777 2742 822 erat
2772 785 2788 820 :
2819 767 2887 822 ita
2915 777 2967 822 et
2997 767 3052 821 in
3081 767 3313 822 hominis
3341 767 3663 824 formatione
3692 771 3876 839 primo

2270 873 2468 927 corpus
2495 857 2826 928 producitur,
2858 868 3147 930 posteaque
3175 860 3351 914 anima
3379 875 3498 931 quae
3525 860 3736 931 dignior
3763 872 3881 916 est.

2271 949 2735 1017 Quemadmodum
2792 950 2936 1004 enim
3004 949 3158 1004 bruta
3217 951 3512 1018 animalia,
3573 951 3882 1006 ministerio

2273 1041 2501 1096 hominis
2547 1041 2693 1094 utilia
2742 1041 2952 1105 futura,
2980 1051 3108 1095 ante
3153 1041 3425 1096 hominem
3479 1053 3769 1107 creantur.
3818 1055 3881 1098 ut

2271 1143 2514 1202 paratum
2548 1131 2768 1186 haberet
2797 1131 3150 1186 ministerium
3180 1133 3224 1186 is
3249 1133 3337 1202 qui
3370 1132 3475 1186 illis
3501 1149 3696 1187 usurus
3720 1147 3841 1189 erat
3861 1153 3877 1186 :

2269 1225 2346 1278 sie
2370 1235 2424 1278 et
2450 1233 2573 1278 ante
2599 1225 2830 1278 animam
2855 1239 3052 1293 corpus
3079 1234 3294 1279 creatur
3311 1265 3330 1290 ,
3379 1233 3436 1278 ut
3463 1234 3744 1296 postquam
3787 1241 3882 1280 se~

2271 1316 2502 1370 eundum
2549 1314 2867 1370 inell‘abilem
2896 1316 3012 1385 ejus
3059 1316 3378 1386 sapientiam
3406 1317 3580 1370 anima
3612 1318 3878 1388 produt-ta

2270 1415 2448 1473 esset,
2493 1416 2677 1478 posset
2719 1422 2843 1462 suas
2881 1409 3225 1479 Operationes
3269 1424 3365 1480 per
3399 1411 3643 1480 corporis
3689 1421 3878 1465 motus

2269 1502 2542 1556 exhibere.
2573 1502 2626 1557 8.
2661 1502 2728 1556 Et
2760 1503 3042 1572 plantavit,
3071 1503 3241 1574 inquit
3266 1547 3280 1568 ,
3311 1503 3450 1560 Deus
3494 1506 3790 1576 paradisum
3821 1509 3876 1561 in

2270 1593 2432 1648 Edent
2448 1596 2511 1649 ab
2540 1596 2748 1660 oriente,
2769 1607 2814 1650 et
2842 1597 3007 1666 posuit
3027 1597 3132 1650 illic
3149 1597 3420 1662 hominem,
3445 1614 3590 1666 quem
3613 1601 3874 1669 formavit.

2277 1688 2565 1758 Postquam
2630 1689 2890 1754 benignus
2955 1691 3215 1745 Dominus
3271 1690 3654 1760 benignitatem
3719 1707 3876 1746 suam

2269 1781 2540 1847 ostendit,
2569 1791 2621 1835 et
2650 1781 2798 1835 illum
2825 1781 2976 1848 cujus
3015 1796 3174 1836 causa
3205 1783 3384 1836 omnia
3413 1793 3706 1848 creaverat,
3739 1799 3875 1853 pro-

2269 1871 2420 1926 duxit
2448 1871 2498 1926 in
2537 1871 2792 1936 medium,
2818 1872 2996 1926 statim
3028 1872 3212 1942 incipit
3237 1889 3329 1927 sua
3379 1873 3431 1928 in
3479 1874 3626 1928 illum
3660 1875 3872 1929 bencﬁ-

2269 1961 2351 2015 cia
2388 1961 2654 2016 conferre.
2715 1959 2782 2014 Et
2831 1962 3094 2030 plantavit,
3152 1961 3340 2033 inquit,
3395 1962 3529 2017 Deus
3573 1965 3876 2034 paradisum

2267 2052 2322 2107 in
2365 2052 2526 2107 Edent
2553 2054 2615 2107 ab
2654 2052 2862 2107 oriente.
2896 2052 2993 2107 llic
3045 2053 3174 2108 mihi
3199 2095 3216 2122 ,
3271 2053 3464 2109 dilecte
3488 2096 3504 2120 ,
3541 2056 3829 2110 considera
3853 2098 3869 2121 ,

2268 2144 2410 2216 quod
2439 2145 2538 2200 nisi
2575 2160 2636 2200 ea
2664 2147 2825 2201 verba
2853 2158 2910 2202 ut
2939 2147 3008 2202 de
3058 2147 3168 2201 Deo
3197 2162 3294 2216 par
3322 2155 3405 2202 est
3423 2189 3438 2212 ,
3491 2148 3824 2218 accipiamus
3855 2191 3870 2212 ,

2268 2250 2489 2291 necesse
2535 2237 2606 2292 sit
2655 2246 2712 2290 ut
2764 2237 2814 2293 in
2863 2239 3217 2310 praecipitium
3271 2254 3509 2294 ruamus.
3560 2241 3688 2294 Nam
3737 2243 3871 2310 quid

2268 2329 2499 2384 dixerint
2536 2328 2603 2384 de
2643 2330 2788 2385 dicto
2820 2331 3123 2401 hujusmodi
3157 2333 3263 2397 illi,
3297 2333 3385 2401 qui
3416 2334 3594 2388 omnia
3642 2332 3711 2388 de
3755 2335 3873 2388 Deo

2268 2422 2406 2478 dicta
2459 2423 2690 2479 humano
2720 2425 2962 2494 accipere
3015 2439 3164 2480 more
3206 2425 3446 2481 audent?
3503 2425 3568 2480 Et
3617 2428 3870 2496 pluntutit

2270 2516 2405 2570 Deus
2429 2558 2442 2581 ,
2474 2519 2643 2587 inquit
2665 2559 2681 2584 ,
2715 2518 3034 2588 paradisum.
3067 2518 3203 2586 Quid
3227 2559 3242 2583 ,
3276 2519 3500 2586 quzeso?
3527 2535 3654 2573 num
3687 2520 3868 2590 ligone

2267 2621 2403 2676 opus
2445 2608 2625 2662 habuit
2664 2618 2718 2663 et
2755 2610 3074 2679 agricultura
3103 2610 3317 2679 aliaque
3344 2625 3470 2664 cura
3499 2651 3514 2673 ,
3548 2621 3606 2664 ut
3650 2615 3867 2681 paradi-

2267 2716 2385 2753 sum
2416 2702 2751 2756 exornaret?
2798 2701 2970 2756 Absit.
3003 2701 3198 2756 lterum
3230 2701 3372 2756 enim
3409 2703 3570 2756 etiam
3611 2702 3713 2759 hoc
3741 2705 3866 2759 loco

2268 2791 2425 2855 illud,
2459 2791 2721 2846 Plantavit
2747 2835 2761 2858 ,
2792 2793 2870 2847 sic
2914 2793 3320 2864 intelligendum
3341 2833 3356 2856 ,
3401 2794 3608 2848 scilicet
3645 2795 3862 2865 ipsum,

2269 2882 2592 2951 imperasse,
2621 2892 2678 2937 ut
2704 2883 2980 2954 paradisus
3011 2884 3063 2938 in
3096 2892 3236 2938 terra
3262 2884 3454 2951 ﬁeret,
3485 2895 3544 2938 ut
3571 2885 3870 2954 productus

2267 2969 2429 3025 homo
2452 2971 2504 3026 in
2530 2987 2596 3027 eo
2620 2982 2947 3028 versaretur.
2972 2971 3124 3040 Quod
3146 2981 3323 3027 autem
3351 2983 3569 3042 propter
3588 2975 3861 3029 hominem

2268 3063 2567 3132 paradisum
2612 3065 2986 3131 adornaverit,
3017 3065 3138 3119 audi
3184 3065 3518 3135 Scripturam
3548 3065 3814 3121 dicentem
3849 3086 3864 3123 :

2268 3153 2334 3207 Et
2384 3155 2629 3224 plantavit
2661 3153 2800 3208 Deus
2843 3155 3140 3224 paradisum
3179 3156 3233 3210 in
3274 3155 3437 3210 Edem
3466 3157 3529 3210 ab
3558 3158 3786 3227 oriente,
3814 3169 3866 3213 et

2265 3249 2430 3318 posuit
2472 3247 2578 3301 illic
2603 3248 2891 3314 hominem,
2937 3265 3083 3319 quem
3113 3252 3368 3320 formavit.

2337 3338 2524 3392 Contra
2554 3355 2638 3392 eos
2658 3339 2744 3408 qui
2769 3339 2998 3393 dicebant
3026 3339 3336 3396 Paradisum
3362 3358 3462 3396 non
3486 3359 3592 3397 esse
3610 3343 3663 3396 in
3688 3353 3858 3397 terra.

2264 3461 2334 3472 —-
2353 3430 2476 3485 Ideo
2505 3432 2670 3484 etiam
2700 3431 2800 3485 loci
2829 3447 3023 3486 nomen
3046 3431 3202 3487 aﬂert
3226 3433 3434 3504 Moyses
3463 3435 3516 3488 in
3541 3432 3861 3505 Seripturis,

2265 3531 2323 3576 ut
2357 3538 2426 3577 ne
2465 3524 2649 3577 liceret
2689 3521 2886 3577 frustra
2916 3524 3102 3593 nugari
3131 3526 3433 3582 volentibus
3473 3527 3864 3602 simpliciorqu

2263 3615 2482 3669 auribus
2533 3614 2845 3684 imponere,
2901 3615 3225 3686 dicereque,
3277 3631 3385 3671 non
3435 3631 3555 3672 esse
3609 3619 3660 3673 in
3720 3630 3865 3676 terra

2265 3705 2610 3774 paradisum,
2668 3705 2766 3761 sed
2823 3705 2876 3760 in
2928 3708 3106 3772 czelo,
3179 3717 3234 3763 et
3294 3709 3501 3765 fabulas
3555 3709 3862 3780 lmjusmodi

2263 3800 2554 3852 somniare.
2587 3799 2720 3854 Nam
2771 3799 2814 3854 si
2859 3815 2982 3854 cum
3027 3799 3210 3855 divina
3261 3801 3538 3872 Scriptura
3589 3813 3734 3859 tanta
3767 3822 3864 3860 usa

2265 3886 2336 3942 sit
2384 3889 2671 3944 verborum
2726 3891 3109 3956 accuratione,
3163 3907 3271 3946 non
3319 3892 3632 3948 dubitarunt
3679 3904 3861 3950 tamen

2262 3977 2478 4048 quidam
2499 3978 2565 4035 de
2587 3979 2829 4035 facundia
2853 3997 2948 4035 sua
2971 4023 2986 4050 ,
3015 3997 3224 4038 necnon
3253 3983 3322 4039 de
3352 3984 3686 4055 philosophia
3723 4003 3862 4042 exo-

2264 4073 2367 4125 tica
2411 4072 2576 4126 altum
2619 4075 2920 4143 sapientes,
2973 4075 3195 4131 adversa
3234 4075 3526 4148 Seripturis
3571 4079 3749 4148 loqui,
3803 4089 3865 4134 et

2262 4165 2442 4221 dicere
2470 4167 2772 4236 paradisum
2816 4167 2867 4222 in
2911 4177 3056 4223 terra
3098 4185 3203 4224 non
3233 4184 3392 4237 esse,
3437 4171 3706 4242 multaque
3753 4171 3863 4228 alia

2262 4269 2460 4329 prmler
2481 4274 2543 4313 ea
2574 4274 2695 4330 qua:
2720 4259 2860 4314 dicta
2890 4273 3013 4315 sunt
3043 4260 3382 4332 adoptantes,
3409 4273 3593 4318 contra
3617 4263 3865 4332 Seriptu-

2263 4370 2377 4410 ram
2419 4356 2659 4422 sentire;
2705 4364 2759 4410 et
2802 4355 3088 4412 adversam
3138 4367 3320 4413 tenere
3365 4357 3540 4420 viam,
3591 4367 3751 4428 atque
3794 4375 3862 4415 ea

2262 4463 2381 4516 qtne
2411 4448 2478 4503 de
2505 4458 2646 4503 terra
2675 4449 2812 4503 dicta
2841 4458 2992 4515 sunt,
3034 4450 3102 4506 de
3135 4451 3285 4506 curiis
3314 4450 3454 4506 dicta
3494 4461 3720 4523 putare;
3755 4452 3861 4508 nisi

2264 4538 2453 4594 humili
2503 4541 2589 4594 illa
2631 4549 2687 4596 et
2735 4550 3084 4611 attemperata
3136 4542 3421 4597 verborum
3475 4544 3680 4598 ratione
3729 4559 3865 4599 usus

2262 4633 2471 4702 Moyses
2499 4642 2661 4699 esset,
2684 4632 2882 4703 Spiritu
2921 4643 3108 4689 sancto
3147 4635 3380 4703 linguam
3422 4634 3537 4704 ejus
3563 4645 3818 4690 movente
3838 4678 3860 4703 ,

2261 4741 2370 4795 quo
2415 4741 2522 4780 non
2563 4725 2800 4780 devoluti
2833 4733 3053 4792 essent,
3098 4727 3340 4797 quamvis
3379 4726 3652 4796 Scriptura
3701 4743 3860 4782 saera

2261 4832 2381 4872 cum
2413 4833 2511 4872 nos
2551 4818 2654 4874 tale
2693 4818 2963 4888 quidpiam
2993 4819 3187 4874 docere
3232 4820 3374 4885 vult,
3405 4819 3638 4889 seipsam
3690 4824 3865 4876 inter-

2264 4921 2504 4981 pretetur
2525 4953 2542 4979 ,
2589 4920 2644 4966 et
2681 4912 2980 4967 auditorem
3011 4927 3194 4967 errare
3225 4928 3331 4966 non
3360 4911 3537 4968 sinat!
3583 4911 3689 4966 Sed
3719 4928 3860 4982 quo-

2263 5008 2406 5058 niam
2436 5002 2586 5058 multi
2619 5019 2724 5057 non
2757 5011 2814 5058 ut
2839 5003 3107 5073 quidpiam
3139 5003 3272 5057 lucri
3302 5019 3369 5058 ex
3396 5002 3591 5058 ὼνίιιὶε
3617 5003 3864 5073 Scriptu-

2263 5096 2339 5150 ris
2385 5095 2680 5161 demetant,
2712 5095 2805 5150 sed
2846 5095 3131 5165 voluptatis
3166 5096 3357 5166 gratia,
3385 5111 3543 5150 aures
3571 5097 3729 5151 dictis
3755 5096 3857 5150 ad-

2265 5185 2483 5240 hibent:
2516 5185 2637 5240 ideo
2677 5201 2782 5240 non
2824 5186 2888 5240 iis
2928 5185 3017 5256 qui
3061 5194 3322 5254 prosunt,
3364 5186 3459 5241 sed
3487 5187 3551 5242 iis
3579 5187 3666 5257 qui
3689 5187 3862 5256 magis

2262 5277 2532 5332 oblectant
2561 5275 2864 5331 attendunt.
2897 5276 3257 5344 Quamobrem
3297 5277 3524 5332 obsecro
3546 5318 3562 5344 ,
3595 5286 3651 5331 ut
3678 5279 3861 5332 omni-

2264 5369 2362 5424 bus
2411 5369 2516 5424 illis
2557 5383 2715 5424 aures
2759 5368 3093 5434 obturantes,
3125 5383 3294 5424 sacrm
3326 5369 3618 5437 Scriptura:
3661 5372 3860 5427 eanoni

2261 5461 2638 5530 obsequamur.
2669 5462 2745 5516 Ac
2769 5476 2892 5516 cum
2917 5462 3171 5528 audieris,
3195 5462 3411 5529 dilecte,
3438 5463 3579 5518 Dens
3601 5465 3863 5534 plantavit

2263 5552 2567 5623 paradisum
2594 5552 2647 5606 in
2675 5551 2886 5607 oriente
2914 5568 2928 5616 ;
2963 5552 3090 5607 illud
3116 5593 3132 5619 ,
3168 5551 3428 5607 Plantavit
3451 5596 3466 5620 ,
3499 5563 3557 5608 ut
3586 5555 3695 5610 Deo
3723 5572 3862 5611 con-

2261 5643 2408 5696 venit
2449 5641 2717 5711 intellige,
2751 5657 2947 5712 nempe
2975 5642 3115 5713 quod
3161 5645 3472 5714 pr:ceeperit
3496 5665 3511 5714 ;
3539 5647 3682 5716 quod
3729 5663 3864 5703 vero

2261 5737 2499 5807 sequitur
2523 5737 2706 5804 crede,
2739 5739 2989 5794 nimirum
3036 5739 3338 5811 paradisum
3382 5741 3577 5796 factum
3604 5756 3725 5796 esse
3749 5781 3766 5801 .
3803 5753 3864 5796 et.

2264 5831 2318 5889 in
2349 5833 2441 5889 illo
2482 5832 2600 5889 loco
2615 5873 2632 5904 ,
2679 5831 2769 5889 ubi
2815 5830 3090 5905 Scriptura
3139 5847 3293 5891 sacra
3343 5833 3683 5907 signiﬁcavit.
3740 5833 3860 5891 Non
