4110 6422
468 305 570 362 109

473 419 697 477 credere
726 422 869 478 enim
917 424 981 480 iis
1023 440 1141 496 qua:-
1172 427 1222 481 in
1250 429 1427 484 divina
1465 431 1739 505 Scriptura
1784 436 2060 497 feruntur.

483 510 573 565 sed
603 512 709 565 alia
750 529 815 567 ex
844 516 1057 585 propria
1089 528 1266 573 meme
1307 520 1591 586 inducere,
1642 541 1891 597 magnum
1938 539 2066 599 puto

473 602 768 670 periculum
811 619 997 660 creare
1027 608 1150 662 talia
1178 609 1516 668 audentibus.
1551 614 1618 668 Et
1647 620 1844 687 posuit,
1874 620 2062 689 inquit.

470 695 540 748 ibi
589 696 859 764 hominem,
908 716 1054 769 quem
1097 701 1354 770 formavit.

538 789 592 843 4.
618 787 782 857 Vide,
806 803 1061 860 quantum
1104 793 1365 852 honorem
1401 802 1581 855 statim
1623 802 1674 856 in
1703 818 1828 858 eum
1867 816 2057 861 contu-

470 879 615 936 lerit.
647 881 782 936 Cum
814 900 936 938 eum
969 894 1119 941 extra
1153 890 1457 958 paradisum
1487 905 1758 962 creasset,
1791 899 1969 953 statim
2000 900 2062 955 il-

468 970 581 1027 lum
607 987 672 1027 eo
696 972 1014 1040 introduxit;
1048 985 1106 1032 ut
1136 993 1200 1033 ex
1227 980 1388 1037 rebus
1419 983 1548 1052 ipsis
1578 984 1631 1039 in
1663 986 1908 1043 beneﬁcii
1935 1005 2063 1044 sen-

468 1076 587 1117 sum
629 1064 803 1132 ipsum
847 1066 1175 1137 adduceret,
1217 1079 1275 1126 ut
1314 1074 1477 1129 sciret
1519 1088 1749 1146 quantus
1783 1079 1855 1134 illi
1891 1081 2066 1136 honor

472 1162 618 1208 esset
652 1169 962 1225 concessus,
1006 1159 1061 1214 in
1095 1152 1400 1229 paradisum
1445 1166 1591 1221 illum
1625 1169 1950 1238 introduxit,
1999 1171 2065 1227 Et

469 1247 637 1314 posuit
652 1246 761 1301 illic
777 1249 1049 1318 hominem,
1075 1270 1222 1322 quem
1244 1260 1503 1327 formavit.
1527 1260 1662 1316 lllud
1685 1262 1835 1331 item,
1856 1263 2061 1332 Posuit,

469 1338 550 1395 sic
587 1341 943 1412 intelligamus
993 1360 1057 1400 ac
1090 1346 1134 1402 si
1177 1347 1399 1419 diceret,
1447 1355 1701 1425 prteeepit
1739 1365 1796 1411 ut
1824 1357 1933 1413 illic
1972 1357 2064 1412 ha-

376 1484 377 1489 η
469 1431 685 1499 bitaret,
719 1443 775 1488 ut
799 1444 856 1489 et
883 1448 1130 1507 aspectus
1166 1449 1219 1496 et
1245 1440 1502 1499 habitatio
1546 1462 1796 1518 magnum
1840 1450 1939 1519 ipsi
1968 1466 2062 1521 pa-

470 1530 616 1577 reret
659 1524 986 1593 voluptatem
1007 1570 1021 1592 ,
1053 1541 1104 1583 et
1137 1545 1258 1585 eum
1286 1531 1350 1588 ad
1389 1536 1587 1604 gratias
1621 1536 1930 1596 referendas
1967 1556 2063 1596 ex-

466 1613 656 1668 citaret
684 1615 1003 1685 cogitantem
1035 1631 1288 1689 quantum
1318 1624 1563 1682 beneﬁcii
1593 1630 1908 1700 accepisset,
1934 1645 2055 1687 cum

468 1703 702 1759 nondum
732 1707 1003 1777 quidpiam
1047 1714 1379 1779 praestitisset
1411 1717 1555 1772 boni.
1588 1719 1665 1775 Ne
1707 1721 1868 1792 igitur
1903 1732 1958 1778 te
1999 1724 2053 1779 in

468 1804 742 1864 stuporem
789 1797 989 1868 injiciat
1029 1816 1129 1857 vox
1179 1803 1297 1873 illa,
1350 1804 1587 1863 Posuit:
1634 1826 1752 1867 mos
1795 1813 1938 1869 enim
1982 1823 2065 1870 est

465 1887 754 1960 Scriptum
778 1908 946 1951 sacrze
972 1909 1189 1969 propter
1216 1917 1316 1956 nos
1343 1911 1398 1959 et
1417 1903 1482 1959 ad
1510 1906 1796 1963 utilitatem
1818 1919 2060 1966 nostram

468 1984 718 2041 humanis
745 1988 818 2042 uti
848 1990 1051 2045 verbis.
1082 1992 1234 2060 Quod
1265 2006 1323 2051 ut
1347 1996 1558 2053 ediscas
1579 2041 1595 2066 ,
1628 2001 1900 2071 perpende
1929 2018 2061 2074 quo-

466 2075 630 2128 modo
672 2078 850 2147 prius,
882 2095 1004 2135 cum
1035 2082 1104 2139 de
1142 2086 1417 2142 stellarum
1462 2094 1736 2147 creatione
1776 2103 2059 2164 ageretur,

465 2165 654 2221 eadem
694 2181 786 2221 usa
820 2169 891 2223 sit
930 2186 1062 2229 voce
1091 2173 1313 2230 dicens:
1346 2177 1412 2231 Et
1441 2180 1608 2248 posuit
1641 2181 1760 2237 illas
1800 2183 1855 2237 in
1882 2184 2060 2253 ﬁrma-

466 2265 636 2310 mento
677 2258 810 2323 creti,
847 2274 955 2315 non
994 2270 1052 2317 ut
1075 2279 1168 2319 eas
1208 2266 1344 2321 erelo
1386 2269 1576 2326 inﬁxas
1621 2283 1869 2341 putemus
1916 2273 2061 2349 (nam

464 2362 653 2403 earum
695 2350 921 2422 singula:
963 2357 1236 2426 proprium
1285 2375 1501 2417 cursum
1543 2365 1854 2434 conﬁciunt,
1887 2368 2060 2426 locum

470 2453 535 2493 ex
571 2440 689 2496 loco
715 2446 1031 2513 mutantes),
1060 2448 1153 2503 sed
1196 2459 1254 2505 ut
1280 2450 1491 2521 doceat,
1534 2470 1595 2511 se
1625 2457 1730 2514 illis
1767 2461 1900 2516 utin
1930 2463 2063 2517 caelo

467 2540 651 2587 essent
690 2536 1047 2606 praecepisse,
1098 2549 1155 2595 ut
1199 2541 1472 2600 hominem
1514 2549 1680 2618 jussit
1716 2550 1770 2605 in
1816 2554 2062 2622 paradiso

465 2622 682 2695 degere.
716 2627 769 2682 9.
797 2625 865 2682 Et
910 2631 1182 2701 produxit,
1215 2634 1405 2707 inquit,
1448 2637 1591 2695 Deus
1634 2641 1698 2695 de
1737 2652 1873 2698 terra
1914 2660 2063 2701 omne

467 2716 660 2784 lignum
685 2718 957 2789 pulchrum
980 2723 1049 2776 ad
1078 2725 1373 2796 videndum,
1403 2740 1449 2785 et
1470 2731 1657 2787 bonum
1681 2734 1751 2788 ad
1773 2734 2054 2804 edendum,

471 2819 518 2862 et
547 2809 741 2882 lignum
767 2814 881 2868 vita:
903 2815 957 2869 in
981 2818 1149 2873 medio
1170 2823 1398 2891 paradisi
1425 2832 1472 2879 et
1500 2826 1695 2896 lignum
1714 2829 1784 2882 ad
1801 2831 2061 2886 sciendum

471 2901 659 2955 bonum
683 2912 731 2957 et
760 2905 972 2961 malum.
1004 2909 1144 2965 Ecce
1163 2912 1323 2967 aliam
1346 2914 1589 2973 beneﬁcii
1616 2920 1849 2990 speciem
1880 2921 1931 2976 in
1965 2921 2062 2978 ho-

472 3009 657 3049 norem
688 2998 854 3053 creati
898 2999 1149 3058 hominis.
1191 3004 1324 3073 Quia
1354 3008 1497 3064 enim
1538 3011 1687 3067 illum
1729 3014 1782 3069 in
1811 3015 2060 3085 paradiso

470 3090 676 3143 versari
703 3090 950 3160 volebat,
981 3099 1238 3167 prarcepit
1271 3114 1339 3155 ex
1376 3109 1517 3158 terra
1557 3106 1779 3162 arbores
1821 3108 2060 3166 diversas

465 3182 617 3248 oriri,
648 3198 767 3253 quae
812 3185 969 3241 simul
1011 3196 1066 3243 et
1107 3200 1329 3261 aSpectu
1361 3193 1614 3259 iucundae
1660 3208 1874 3267 essent,
1903 3211 1958 3256 et
1991 3201 2059 3256 ad

467 3275 643 3329 cibum
672 3287 830 3345 apta}.
867 3278 1030 3335 Omne
1064 3283 1277 3355 lignum,
1311 3286 1501 3358 inquit,
1533 3292 1802 3362 pulchrum
1830 3304 2057 3366 aspectu,

467 3363 517 3417 id
545 3374 648 3431 est,
680 3367 743 3420 ad
772 3373 1169 3440 spectaculum;
1197 3373 1269 3429 Et
1298 3377 1484 3433 bonum
1512 3381 1581 3435 ad
1606 3398 1782 3447 esum;
1810 3363 2059 3441 videlicet

468 3457 632 3528 ligna,
661 3476 778 3529 qua:
811 3465 982 3517 visum
1013 3465 1283 3523 oblectare
1312 3480 1562 3541 possent,
1592 3484 1641 3528 et
1675 3490 1769 3531 esu
1810 3492 2055 3548 magnam

469 3550 711 3618 pra-bere
741 3554 1098 3625 voluptatem;
1123 3574 1347 3630 quaeque
1375 3571 1556 3632 utpote
1578 3566 1740 3621 multa
1768 3576 1823 3622 et
1842 3569 2057 3639 copiosa

469 3642 692 3697 multam
749 3645 812 3698 iis
858 3660 1024 3701 usuro
1073 3661 1323 3719 parerent
1374 3654 1714 3725 voluptatem.
1771 3658 1942 3715 Omne
1989 3660 2056 3715 li-

464 3747 650 3803 gnum,
679 3734 869 3807 inquit,
901 3738 1275 3813 quodcumque
1297 3744 1518 3813 dixeris,
1542 3749 1671 3804 oriri
1696 3752 1924 3806 curavit.
1961 3752 2056 3807 Vi-

465 3824 881 3884 distin’miscria
924 3846 1148 3888 vacuam
1184 3834 1607 3895 habitationem?
1643 3841 1878 3898 vidiStin'
1897 3845 2055 3899 vitam

467 3915 815 3973 mirabilem?
845 3919 999 3976 Sicut
1020 3925 1242 3995 angelus
1275 3927 1522 3998 quidam,
1554 3934 1869 3990 versabatur
1896 3934 2057 3992 homo

466 4008 520 4061 in
544 4017 957 4082 terra,.corpore
977 4015 1194 4085 quidem
1216 4020 1464 4087 amictus,
1482 4022 1577 4078 sed
1595 4035 1747 4080 extra
1767 4041 2056 4100 con-porcas

467 4100 817 4157 necessitates
845 4107 1171 4164 constitutus
1190 4150 1207 4177 ,
1238 4118 1294 4165 et
1326 4113 1776 4182 quemadmodum
1822 4134 2054 4190 purpura

464 4198 520 4244 et
549 4191 852 4251 diademate
875 4208 1116 4267 ornatus,
1140 4215 1513 4276 purpureaque
1542 4207 1755 4264 indutus
1782 4220 1952 4279 veste,
1978 4215 2056 4269 sic

464 4296 585 4335 cum
617 4283 860 4343 libertate
886 4291 1199 4347 versabatur
1241 4294 1295 4348 in
1328 4297 1564 4366 paradisi
1609 4300 1857 4368 sedibus,
1891 4305 2053 4360 multa

463 4375 703 4445 gaudens
744 4395 921 4435 rerum
980 4384 1155 4454 copia.
1206 4385 1275 4441 Et
1308 4389 1537 4460 lignum,
1586 4393 1789 4464 inquit,
1840 4396 1955 4451 uiue
2000 4399 2054 4452 in

463 4470 629 4524 medio
650 4473 896 4541 paradisi,
928 4486 974 4530 et
992 4477 1185 4548 lignum
1200 4481 1269 4535 ad
1283 4483 1542 4538 sciendum
1562 4485 1746 4543 bonum
1771 4499 1817 4543 et
1839 4491 2050 4545 malum.

466 4560 751 4632 Postquam
778 4580 876 4620 nos
901 4567 1117 4636 docuit,
1153 4581 1351 4629 terram
1379 4590 1539 4633 omne
1569 4578 1770 4650 lignum
1807 4584 2054 4640 emisisse

463 4656 755 4710 secundum
802 4658 1013 4717 Domini
1059 4676 1421 4736 praeceptum,
1460 4669 1752 4739 jucundum
1811 4675 1962 4741 visu,
1997 4684 2053 4732 et

466 4745 664 4801 bonum
710 4764 827 4816 esu,
856 4760 983 4808 tunc
1025 4755 1097 4808 ait
1127 4773 1140 4810 :
1174 4754 1241 4810 Et
1266 4758 1460 4829 lignum
1507 4761 1621 4816 vita:
1656 4765 1708 4816 in
1749 4765 1913 4820 medio
1956 4784 2055 4836 pa-

461 4839 623 4893 radisi
644 4883 658 4906 ,
682 4851 729 4896 et
752 4843 945 4915 lignum
979 4847 1047 4899 ad
1072 4849 1332 4905 sciendum
1370 4853 1552 4908 bonum
1583 4864 1629 4908 et
1665 4857 1873 4912 malum.
1918 4860 2050 4914 Cum

464 4936 742 5003 [)rﬂESCll'Cl
779 4940 922 4995 enim
952 4940 1213 5015 benignus
1257 4945 1515 5005 Dominus
1534 4991 1549 5017 ,
1576 4958 1761 5021 utpote
1788 4952 2010 5029 Creator
2031 4996 2049 5023 ,

461 5041 845 5087 nocumentum
890 5048 955 5088 ex
1009 5035 1255 5093 libertate
1298 5048 1355 5093 et
1398 5041 1684 5097 securitate
1727 5044 2051 5113 procedente

460 5130 705 5192 tempore
730 5125 1026 5191 oriturum,
1075 5129 1324 5198 produxit
1367 5131 1564 5201 lignum
1604 5133 1727 5188 vitae
1778 5135 1831 5188 in
1873 5137 2051 5193 tnedio

458 5212 716 5282 paradisi,
750 5230 956 5272 necnon
991 5218 1191 5290 lignum
1235 5221 1439 5277 sciendi
1486 5223 1682 5278 bonum
1730 5234 1786 5280 et
1824 5227 2044 5293 malum,

456 5306 584 5377 quia
609 5322 714 5362 non
741 5309 909 5364 multo
939 5320 1058 5381 post
1085 5313 1153 5368 ab
1176 5327 1243 5368 eo
1266 5313 1536 5371 abstinere
1559 5316 1804 5385 jussurus
1825 5327 1961 5385 erat,
1992 5331 2052 5374 ut

455 5401 600 5455 scire
647 5412 830 5471 posset
874 5418 933 5460 se
976 5419 1041 5460 cx
1081 5407 1246 5477 gratia
1291 5415 1346 5463 et
1373 5409 1737 5481 benignitate‘
1775 5411 1881 5466 illis
1920 5412 2049 5468 frui-

467 5497 647 5546 turum
677 5508 818 5561 csse,
849 5509 912 5551 ac
956 5511 1015 5552 se
1052 5495 1331 5553 Dominum
1359 5510 1413 5556 et
1438 5500 1750 5558 Creatorem
1789 5518 1910 5559 esse
1937 5514 2046 5558 tum

467 5582 611 5640 illius
652 5586 988 5654 substantim,
1021 5597 1131 5644 tum
1166 5593 1405 5647 omnimn
1441 5595 1748 5651 visibilium.
1791 5595 1914 5651 Ideo
1936 5596 2047 5666 jam

526 5763 542 5794 ⁸
580 5770 700 5814 Tres
717 5769 849 5826 Δίες..
865 5765 1236 5831 magniﬁcentia,
1257 5782 1362 5829 pro,
1386 5769 1687 5837 benignitate.

1577 319 1644 393 lN
1681 322 1917 380 CAPJl.
1958 324 2202 384 GENES.
2244 328 2474 387 HOMIL.
2519 334 2654 392 Xlll.

3664 362 3767 416 HO

2172 441 2298 513 ligni
2329 451 2655 507 mentionem
2703 454 2830 513 fecit
2854 500 2868 525 ,
2906 475 2969 516 ac
3013 462 3288 523 ﬂuminum
3322 474 3534 528 nomina
3571 475 3765 533 deinde

2174 538 2328 595 nobis
2355 542 2631 614 declarat,
2664 549 2984 623 illorumque
3012 567 3067 610 ut
3095 557 3290 615 dixerit
3316 564 3578 635 quispiam
3607 582 3762 639 sepa-

2172 634 2474 703 rationem,
2516 655 2581 696 ac
2619 647 2889 712 quomodo
2933 663 2997 703 ex
3043 651 3134 707 illo
3154 655 3243 723 qui
3294 634 3598 727 paradisum
3645 661 3765 718 irri-

2170 728 2350 798 gabat,
2397 732 2485 787 alii
2534 733 2587 789 in
2614 747 2844 807 quatuor
2886 744 3056 813 Capita
3095 745 3273 814 divisi,
3314 750 3531 808 climata
3572 754 3762 811 distin-

2170 832 2419 890 guerent.
2446 824 2641 882 Verum
2670 829 2804 885 forte
2830 832 2863 887 ii
2887 835 2975 904 qui
2999 851 3063 891 ex
3090 841 3302 909 propria
3326 843 3588 912 sapientia
3617 846 3760 919 loqui

2175 916 2391 981 volunt,
2440 915 2660 973 ﬁumina
2711 922 2799 976 illa
2853 941 2958 980 non
3011 930 3314 987 concedunt
3351 948 3471 991 esse
3507 915 3759 1005 ﬁumina,

2171 1019 2344 1076 neque
2372 1023 2539 1080 aquas
2562 1010 2798 1071 fatentur
2817 1033 2939 1073 esse
2959 1034 3125 1091 aquas
3143 1063 3159 1090 ,
3190 1024 3284 1080 sed
3311 1025 3454 1082 aliud
3485 1026 3760 1101 imaginari

2170 1100 2398 1158 suadent
2438 1105 2504 1161 iis
2531 1107 2621 1178 qui
2663 1109 2764 1164 sibi
2803 1125 2962 1168 aures
3001 1116 3408 1175 accommodare
3451 1100 3654 1178 volunt.
3694 1126 3764 1179 At

2172 1207 2305 1257 nos,
2336 1194 2579 1262 obsecro,
2625 1199 2930 1270 huiusmodi
2979 1203 3225 1270 homines
3265 1224 3333 1264 ne
3373 1210 3642 1281 feramus,
3666 1215 3761 1270 sed

2171 1285 2513 1343 obstruamus
2561 1288 2774 1347 illorum
2813 1293 2970 1351 dictis
3016 1311 3195 1366 aures,
3245 1301 3526 1357 credamus
3565 1304 3759 1361 divinae

2170 1375 2485 1449 Scripturze,
2516 1390 2678 1453 atque
2699 1398 2760 1440 ea
2802 1402 2923 1457 qua:
2963 1386 3013 1442 in
3042 1387 3131 1444 illa
3180 1389 3431 1448 dicuntur
3468 1404 3758 1465 sectantes,

2170 1484 2355 1525 sanam
2395 1472 2693 1530 doctrinam
2736 1477 2791 1531 in
2834 1480 3029 1535 animis
3076 1483 3275 1537 nostris
3315 1500 3579 1554 reponere
3618 1497 3762 1544 sata-

2168 1577 2376 1633 gamus,
2405 1563 2730 1638 insuperque
2756 1568 2917 1625 vitam
2939 1571 3597 1646 diligenterinstituamus,
3628 1589 3684 1634 ut
3707 1591 3761 1637 et

2167 1652 2284 1724 ipsa
2327 1655 2437 1710 vita
2481 1658 2552 1712 sit
2593 1656 2852 1715 doctrinae
2898 1662 3080 1731 testis,
3106 1673 3160 1720 et
3202 1664 3450 1737 dogmata
3498 1668 3612 1739 ipsa
3638 1670 3759 1725 vita:

2170 1746 2331 1803 ﬁdem
2363 1747 2577 1805 faciant.
2606 1750 2739 1807 Nam
2779 1757 2825 1809 si
2870 1755 3363 1828 dogmataquidem
3401 1772 3545 1817 recta
3577 1772 3759 1819 tenea-

2170 1853 2306 1905 mus,
2340 1841 2610 1913 vitamque
2633 1853 2810 1902 tamen
2841 1848 3190 1919 negligamus,
3221 1851 3350 1907 nihil
3374 1852 3423 1908 id
3454 1854 3607 1909 nobis
3638 1870 3759 1926 pro.

2169 1933 2344 1999 derit;
2371 1934 2678 2006 pariterque
2709 1938 2753 1992 si
2786 1939 2908 1993 vitae
2932 1955 3114 1996 curam
3143 1942 3455 2010 habeamus,
3487 1954 3757 2002 rectorum

2171 2033 2350 2082 autem
2373 2026 2680 2098 dogmatum
2720 2033 2939 2087 minime
2959 2074 2976 2101 ,
3008 2034 3140 2089 nihil
3170 2035 3235 2090 ad
3265 2037 3493 2094 salutem
3520 2047 3755 2095 nostram

2169 2119 2296 2173 utile
2324 2118 2517 2175 lucrari
2548 2122 2861 2191 poterimus.
2899 2125 3003 2179 Par
3026 2135 3109 2180 est
3152 2127 3318 2194 enim,
3356 2127 3401 2183 si
3433 2130 3757 2187 voluerimus

2168 2220 2222 2266 et
2250 2225 2279 2265 a
2321 2212 2562 2282 gehenna
2591 2215 2836 2281 liberari,
2866 2227 2919 2272 et
2945 2233 3165 2289 regnum
3211 2222 3498 2292 consequi,
3531 2231 3758 2296 utroque

2167 2303 2369 2371 ornari,
2411 2313 2466 2360 et
2494 2305 2643 2361 sanis
2680 2306 3039 2377 dogmatibus,
3068 2320 3122 2364 et
3152 2310 3274 2365 vitae
3311 2324 3460 2366 cura.
3493 2312 3622 2379 Quae
3650 2314 3755 2369 uti-

2168 2395 2311 2463 litas,
2334 2411 2539 2465 quaeso,
2567 2398 2774 2454 arboris
2797 2401 3048 2471 praealta‘,
3075 2412 3127 2457 et
3157 2400 3299 2458 foliis
3326 2405 3616 2475 vernantis,
3639 2421 3757 2476 qua:

2167 2484 2429 2543 fructibus
2457 2502 2624 2544 vacua
2667 2489 2775 2545 sit?
2807 2490 2895 2546 Sic
2921 2500 2974 2547 et
3014 2491 3319 2549 Christiano
3361 2494 3494 2550 nihil
3535 2507 3757 2566 prosunt

2169 2589 2313 2634 recta
2366 2579 2653 2651 dogmata,
2710 2583 2755 2639 si
2802 2584 2927 2642 vita:
2986 2585 3282 2642 institutum
3333 2588 3580 2660 negligat.
3632 2587 3759 2645 ldco

2165 2670 2414 2728 Christus
2467 2675 2598 2730 tales
2638 2675 2882 2733 homines
2916 2678 3102 2735 beatos
3141 2679 3393 2736 dicebat:
3443 2680 3631 2737 Beatus
3672 2686 3757 2755 qui

2165 2765 2357 2834 fecerit,
2388 2775 2433 2821 et
2455 2767 2681 2822 docuerit
2710 2767 2923 2843 (Matth.
2952 2770 3006 2826 Β.
3037 2771 3152 2846 l9).
3182 2773 3314 2828 Nam
3345 2774 3586 2831 doctrina
3620 2792 3752 2847 ope-

2165 2871 2284 2911 rum
2312 2857 2468 2928 longe
2506 2861 2807 2915 accuratior
2845 2870 2900 2916 et
2942 2861 3048 2918 ﬁde
3076 2862 3286 2934 dignior
3314 2874 3430 2931 est,
3463 2881 3624 2937 quam
3656 2867 3753 2925 do-

2165 2947 2336 3002 ctrina
2368 2949 2652 3005 verborum
2682 2971 2694 3005 :
2727 2953 2926 3008 etenim
2951 2954 3043 3023 qui
3070 2954 3209 3010 bene
3251 2956 3388 3024 agit,
3414 2957 3627 3012 etiamsi
3672 2968 3751 3013 ta-

2166 3048 2308 3107 ceat,
2329 3056 2429 3097 nec.
2449 3042 2711 3110 videatur,
2741 3045 3021 3102 instituere
3049 3055 3244 3118 potest,
3269 3046 3404 3103 alios
3428 3049 3634 3105 scilicet
3661 3065 3753 3121 per

2165 3133 2508 3204 adSpectum,
2542 3137 2676 3191 alios
2719 3153 2815 3208 per
2842 3154 3032 3206 aures;
3078 3141 3297 3212 ipseque
3339 3142 3505 3198 multa
3547 3142 3640 3199 Dei
3662 3143 3753 3199 bc-

2164 3227 2468 3283 nevolentia
2515 3228 2739 3295 fruetur,
2779 3230 2907 3287 dum
2937 3231 2989 3288 id
3028 3233 3189 3288 eflicit
3214 3244 3273 3290 ut
3321 3249 3426 3290 non
3455 3234 3615 3291 modo
3656 3250 3754 3307 per

2163 3318 2435 3388 seipsum,
2481 3320 2574 3375 sed
2630 3322 2788 3376 etiam
2835 3339 2930 3393 per
2971 3338 3066 3380 eos
3104 3327 3195 3395 qui
3243 3324 3420 3396 ipsum
3459 3326 3753 3396 respiciunt

2165 3410 2424 3466 Dominus
2467 3426 2595 3467 suus
2634 3413 2955 3469 celebretur.
2993 3415 3091 3482 Qui
3148 3415 3454 3487 hujusmodi
3492 3425 3604 3482 est,
3657 3432 3753 3487 per

2164 3512 2447 3559 sexcentos
2477 3505 2684 3576 linguas
2709 3516 2764 3562 et
2791 3523 2886 3578 per
2927 3509 3089 3564 multa
3121 3524 3214 3563 ora
3252 3509 3450 3580 gratias
3485 3518 3539 3564 et
3566 3509 3752 3565 laudes

2162 3594 2350 3651 oﬁ‘eret
2375 3598 2744 3654 universorum
2769 3601 2900 3655 Deo.
2924 3600 3106 3671 Neque
3132 3602 3272 3656 enim
3298 3602 3407 3657 noti
3429 3602 3600 3657 solum
3629 3602 3751 3657 vita:

2164 3686 2304 3742 illius
2332 3697 2517 3755 testes,
2547 3698 2601 3745 et
2628 3690 2775 3745 illum
2806 3702 2860 3746 et
2882 3691 3048 3761 ipsius
3079 3693 3360 3748 Dominum
3394 3694 3747 3758 admirantur,

2163 3777 2258 3834 sed
2283 3780 2447 3838 etiam
2476 3796 2579 3836 non
2611 3783 2724 3836 noti
2749 3783 2817 3838 ab
2845 3783 2965 3839 aliis
2993 3783 3283 3852 discentes,
3311 3794 3420 3839 tum
3449 3785 3537 3855 qui
3570 3785 3751 3855 procul

2163 3868 2441 3937 habitant,
2470 3881 2525 3927 et
2552 3873 2712 3944 longo
2749 3874 3032 3931 intervallo
3069 3876 3239 3930 dissiti
3270 3886 3416 3941 sunt,
3459 3891 3562 3931 non
3594 3876 3749 3930 amici

2163 3963 2345 4029 modo,
2372 3964 2466 4020 sed
2502 3966 2662 4019 etiam
2701 3965 2935 4031 inimici,
2968 3966 3179 4021 virtutis
3219 3968 3562 4022 eminentiam
3594 3982 3748 4023 reve-

2164 4054 2440 4109 rebuntur.
2472 4055 2641 4109 Tanta
2663 4055 2857 4126 quippe
2877 4065 2960 4110 est
2984 4056 3124 4111 illius
3156 4057 3351 4125 virtus,
3377 4057 3621 4112 utetiam
3647 4072 3746 4127 op-

2161 4147 2506 4216 pugnantium
2552 4162 2613 4202 se
2636 4162 2730 4203 ora
2772 4148 3014 4203 obstruat
3045 4158 3101 4205 et
3142 4149 3374 4219 linguam
3419 4161 3744 4220 compescat.

2161 4240 2239 4293 Ac
2267 4238 2715 4309 quemadmodum
2752 4241 2956 4296 soleres
2992 4241 3170 4297 radios
3209 4242 3403 4297 inﬁrmi
3440 4242 3611 4298 oculis
3646 4243 3744 4299 ob-

2161 4331 2299 4386 tueri
2330 4346 2435 4385 non
2465 4331 2687 4400 audent,
2713 4333 2793 4387 sic
2816 4347 2918 4388 nec
2947 4333 3195 4390 virtutem
3229 4349 3479 4404 umquam
3508 4334 3744 4405 nequitia

2158 4423 2366 4478 obtueri
2398 4426 2612 4493 poterit,
2644 4424 2737 4481 sed
2770 4425 2984 4483 recedet
3012 4436 3065 4481 et
3086 4435 3231 4498 terga
3253 4427 3419 4495 dabit,
3447 4429 3749 4498 victamque

2160 4531 2220 4572 se
2248 4518 2515 4572 fatebitur.
2546 4518 2699 4585 Quod
2735 4536 2855 4575 cum
2886 4535 3199 4590 persuasum
3244 4522 3397 4578 nobis
3437 4523 3527 4588 sit,
3563 4522 3745 4578 virtuti

2160 4609 2480 4673 hmreamus,
2512 4618 2672 4681 atque
2719 4610 2927 4666 fortiter
2951 4620 3005 4666 et
3034 4620 3149 4666 tuto
3176 4613 3338 4667 vitam
3372 4613 3744 4676 instituamus.

2158 4709 2214 4756 et
2237 4717 2357 4772 qua;
2381 4701 2600 4756 minima
2625 4703 2871 4759 videntur
2898 4714 3138 4775 peccata,
3167 4706 3279 4761 sive
3307 4706 3357 4760 in
3385 4706 3566 4763 verbis
3584 4748 3600 4773 ,
3633 4706 3745 4761 sive

2158 4791 2209 4846 iu
2239 4793 2521 4862 operibus,
2566 4794 2752 4849 sedulo
2791 4793 3038 4851 vitemus.
3066 4797 3155 4852 Sic
3187 4797 3329 4851 enim
3363 4813 3652 4868 numquam
3690 4799 3742 4853 in

2159 4884 2361 4955 majora
2388 4885 2718 4951 incidemus,
2759 4888 2855 4941 sia
2887 4888 3061 4957 parvis
3098 4889 3498 4944 abstineamus:
3527 4904 3591 4944 ac
3621 4905 3742 4960 pro-

2157 4978 2383 5032 cedente
2415 4988 2656 5048 tempore
2675 4979 2990 5049 poterimus,
3019 4996 3250 5051 superna
3292 4979 3502 5037 favente
3533 4982 3702 5052 gratia
3724 5023 3740 5048 ,

2156 5083 2424 5124 summam
2474 5070 2723 5127 virtutem
2775 5072 3070 5144 attingere.
3124 5072 3455 5127 reconditam
3507 5072 3742 5144 effugero

2157 5172 2369 5231 pinnam
2397 5171 2452 5218 et
2491 5170 2691 5217 (eterna
2735 5165 2988 5233 consequi
3035 5164 3174 5219 bona
3197 5163 3237 5227 ί,
3285 5164 3452 5234 gratia
3492 5173 3546 5219 et
3592 5164 3742 5220 beni-

2153 5255 2357 5325 gnitate
2395 5255 2606 5310 Domini
2648 5256 2817 5311 nostri
2857 5256 2981 5311 Jesu
3032 5255 3250 5323 Christi,
3282 5271 3405 5310 cum
3460 5271 3567 5328 quo
3595 5256 3736 5313 Patri

2154 5358 2448 5420 sanctoque
2470 5348 2690 5420 Spiritui
2718 5350 2787 5404 sit
2814 5349 3004 5420 gloria,
3037 5349 3340 5419 imperium,
3369 5348 3566 5416 honor,
3596 5348 3764 5408 nune‘

2154 5449 2209 5495 et
2236 5454 2470 5511 semper,
2500 5450 2554 5497 et
2582 5441 2634 5497 in
2660 5440 2852 5497 srecula
2879 5441 3216 5496 surculorum.
3246 5440 3437 5498 Amen.

2208 5639 2222 5669 ι
2260 5645 2366 5690 Post
2387 5640 2660 5718 llasvoces,
2684 5646 3070 5718 consequiboua,
3112 5647 3301 5699 additur
3336 5650 3386 5701 in
3407 5651 3597 5712 savllio.
3620 5669 3727 5718 qua

2139 5710 2226 5770 nos
2244 5702 2654 5815 munes‘colligere
2674 5702 2875 5758 eveniat.
2915 5702 3101 5770 Morel“
3127 5722 3237 5773 qua
3259 5725 3343 5763 nos
3363 5702 3524 5764 omnes
3560 5702 3721 5767 cotis?-

2141 5772 2226 5821 quz
2245 5774 2409 5814 eremo
2434 5799 2446 5812 .
