4110 6488
317 374 400 432 111
970 365 1025 422 S.
1066 362 1346 423 JOANNIS
1384 354 1865 420 CIIRYSOSTOMI
1906 351 2218 409 ARCHIEP.
2250 355 2784 415 CONSTANTINOP.

882 483 1160 539 llOiliLiA
1188 482 1327 537 XIV.

321 616 385 670 Et
413 616 604 687 accepit
628 614 878 669 Dominus
912 611 1049 667 Deus
1073 613 1346 675 hominem,
1382 625 1528 681 quem
1560 605 1829 677 formavit,
1860 614 1906 656 et

389 708 557 777 posuit
585 724 700 761 eum
740 704 793 760 t'n
823 706 1063 777 paradiso
1106 704 1377 772 voluptatis
1398 744 1412 767 ,
1443 711 1496 756 ut
1526 709 1820 771 operaretur
1858 707 1907 751 et

387 800 660 855 custodiret
689 799 834 855 illum
862 798 1016 869 (Gen.
1044 798 1098 853 2.
1138 799 1246 872 15).

392 941 443 995 1.
467 937 686 1006 lterum,
712 939 759 993 si
780 938 961 1002 vultis,
986 937 1251 993 hesternae
1273 934 1545 989 concionis
1566 932 1724 988 seriei
1750 930 1911 988 hodie

324 1029 654 1096 insistentes,
706 1028 831 1084 hinc
869 1028 1022 1084 vobis
1057 1027 1389 1097 spiritualem
1429 1025 1733 1080 doctrinam
1781 1037 1914 1078 conc

321 1131 507 1177 texere
532 1120 859 1176 curabimus.
891 1119 1055 1174 Multa
1079 1119 1223 1173 enim
1255 1117 1307 1171 in
1336 1116 1421 1182 iis,
1449 1131 1570 1186 qua:
1604 1112 1766 1169 modo
1789 1120 1916 1167 sunt

324 1213 485 1279 lecta,
526 1211 800 1268 recondita
844 1211 925 1266 vis
951 1218 1053 1277 est,
1102 1218 1159 1265 et
1184 1224 1282 1281 par
1322 1218 1405 1264 est
1442 1221 1541 1262 nos
1570 1207 1622 1261 iu
1654 1204 1916 1276 profunda

325 1312 689 1374 penetrantes,
735 1310 895 1372 atque
920 1307 1171 1357 accurate
1205 1299 1386 1354 omnia
1428 1297 1796 1368 explorantes,
1831 1295 1915 1350 lu-

324 1409 476 1448 crum
510 1394 632 1449 inde
662 1393 970 1464 decerpere.
1003 1391 1137 1448 Nam
1171 1391 1216 1447 si
1246 1390 1281 1445 ii
1306 1390 1399 1462 qui
1432 1390 1697 1461 pretiosos
1716 1387 1920 1458 lapides

326 1484 379 1539 in
437 1483 570 1539 mari
629 1485 913 1554 exquirere
973 1484 1229 1555 cupiunt,
1298 1492 1503 1538 tantum
1567 1482 1805 1537 laborem
1868 1488 1924 1536 et

326 1573 623 1631 molestiam
671 1576 931 1642 subeunt,
985 1574 1370 1644 incompOsitos
1415 1588 1676 1646 aquarum
1729 1570 1925 1627 ﬂuctus

326 1668 616 1734 adeuntes,
660 1676 718 1723 ut
754 1670 954 1739 optatis
1005 1670 1278 1740 potiantur
1328 1686 1341 1722 :
1389 1667 1561 1722 multo
1607 1666 1775 1736 magis
1825 1679 1924 1722 nos

328 1760 565 1815 animum
612 1759 888 1816 intendere
933 1775 1029 1831 par
1060 1769 1178 1825 est,
1216 1768 1275 1812 ut
1309 1758 1644 1828 periustratis
1701 1756 1768 1811 iis
1804 1770 1925 1827 qum

333 1851 386 1905 iu
440 1849 706 1921 profundo
743 1851 1009 1905 dictorum
1038 1851 1226 1915 latent,
1272 1851 1351 1905 sic
1381 1848 1645 1920 pretiosos
1694 1848 1813 1903 illos
1851 1847 1924 1901 la-

332 1943 483 2013 pides
510 1945 909 2001 nanciscamur.
938 1945 1043 2002 Sed
1072 1960 1141 2001 ne
1165 1946 1372 2010 timeas,
1399 1944 1614 2009 dilecte,
1645 1958 1766 1999 cunt
1795 1956 1925 2012 pro-

333 2034 558 2091 fundum
588 2035 763 2092 audis.
786 2035 902 2091 Non
934 2037 1076 2092 enim
1104 2035 1193 2093 hic
1222 2036 1453 2106 impetus
1481 2043 1565 2090 est
1584 2032 1923 2089 asstuantium

332 2126 619 2195 undarum,
649 2128 745 2184 sed
788 2128 1020 2199 Spiritus
1045 2128 1214 2199 gratia
1266 2137 1501 2184 mentem
1541 2133 1778 2182 nostram
1808 2126 1926 2180 illu-

330 2228 532 2285 straus,
586 2233 706 2289 qua:
749 2218 805 2274 id
854 2228 1094 2290 praestat,
1148 2227 1206 2275 ut
1257 2218 1480 2290 qumsita
1534 2218 1741 2273 facilius
1780 2216 1928 2271 iuve-

332 2310 581 2374 niantur,
614 2318 669 2365 et
693 2309 933 2365 laborem
965 2325 1179 2364 omnem
1213 2310 1382 2365 levem
1414 2307 1599 2365 ciiicit.
1628 2306 1753 2363 Illos
1780 2314 1928 2363 certe

336 2399 549 2468 lapillos
576 2400 845 2455 invenisse
863 2408 1192 2455 scrutantem
1218 2414 1323 2454 non
1345 2399 1570 2454 multum
1595 2398 1766 2467 juvat,
1784 2411 1928 2467 stcpe

336 2502 518 2548 autem
539 2493 588 2549 ei
619 2494 803 2549 nocuit
822 2502 878 2550 et
907 2494 1051 2547 mille
1074 2492 1473 2563 naufragiorum
1500 2507 1661 2548 causa
1690 2492 1804 2558 iuit,
1829 2504 1930 2546 nec

339 2593 541 2639 tantam
573 2585 862 2655 reperienti
890 2585 1128 2641 laetitiam
1158 2586 1388 2657 peperit,
1417 2593 1673 2656 quantam
1703 2584 1932 2657 repertis

340 2675 446 2731 illis
473 2676 773 2731 molestiam
801 2685 1053 2747 expertus
1078 2685 1181 2743 est,
1206 2676 1508 2732 invidorum
1536 2690 1731 2746 nempe
1758 2675 1931 2731 oculis

340 2768 625 2823 :tthet’sum
658 2781 719 2824 se
746 2768 1051 2838 concitatis,
1084 2779 1138 2825 et
1166 2769 1343 2824 avaris
1370 2769 1439 2825 ad
1466 2767 1667 2825 bellum
1702 2768 1801 2823 sibi
1845 2768 1930 2823 in-

342 2858 616 2915 ferendum
646 2861 886 2919 armatis.
910 2861 985 2917 Ita
1014 2879 1121 2918 non
1153 2863 1315 2920 modo
1342 2863 1542 2919 nullam
1573 2864 1852 2920 utilitatem
1877 2864 1930 2919 iu

344 2952 506 3009 vitam
533 2952 790 3009 inducunt
820 2956 1019 3026 reperti
1048 2958 1121 3013 illi
1150 2957 1383 3028 lapides;
1411 2956 1507 3012 sed
1533 2957 1695 3013 etiam
1734 2956 1933 3012 multo.

342 3058 458 3098 rum
486 3054 611 3100 sunt
641 3062 800 3101 causa
840 3047 1128 3103 bellorum.
1158 3048 1409 3104 Avaritia:
1436 3062 1669 3119 namque
1708 3048 1932 3103 materia

343 3144 447 3205 est,
491 3147 548 3194 et
588 3140 858 3195 caminum
906 3140 1213 3212 cupiditatis
1256 3139 1571 3208 incendens,
1612 3156 1797 3197 eorum
1843 3140 1934 3211 qui

345 3228 445 3298 ipsi
492 3228 660 3285 dediti
698 3240 822 3286 sunt
869 3231 1109 3287 animum
1141 3242 1438 3304 oppugnat.
1466 3232 1526 3289 In
1569 3234 1937 3305 spirituaiibus

343 3328 531 3374 contra
561 3318 710 3376 hisce
750 3322 1000 3391 pretiosis
1031 3323 1296 3394 lapidibus
1326 3323 1458 3379 nihil
1487 3322 1793 3395 hujusmodi
1826 3341 1939 3379 mc-

343 3411 625 3481 tuendum,
652 3412 749 3470 sed
775 3414 975 3472 divitiae
1002 3415 1128 3472 hinc
1143 3417 1388 3473 collectas
1416 3418 1693 3474 immensas
1716 3428 1864 3486 sunt,
1883 3427 1940 3476 et

343 3504 591 3576 voluptas
643 3506 1139 3576 immarceseihilis,
1192 3520 1247 3565 et
1304 3510 1465 3583 longe
1518 3511 1795 3567 intervallo
1848 3526 1940 3568 su-

347 3611 541 3667 perans
560 3615 776 3656 omnem
806 3602 1046 3658 laetitiam
1069 3602 1346 3659 hominum
1374 3619 1439 3660 ex
1472 3606 1791 3676 supradictis
1812 3621 1937 3676 par-

349 3698 478 3743 tam.
508 3689 622 3746 lloc
644 3691 829 3748 audias
855 3692 1070 3748 beatum
1105 3693 1356 3750 Davidem
1382 3694 1651 3751 dicentem
1679 3715 1692 3751 :
1720 3695 1940 3753 Deside-

352 3780 536 3836 rabilia
563 3781 772 3853 eloquia
804 3793 892 3839 tua
917 3801 1071 3856 super
1106 3801 1289 3839 aurum
1329 3795 1376 3840 et
1406 3785 1628 3856 lapidem
1667 3788 1942 3857 pretiosum

349 3875 561 3931 multum
587 3874 759 3948 (Psal.
787 3877 874 3933 18.
898 3878 1013 3950 11).
1036 3877 1331 3949 Viden‘quo
1348 3888 1506 3950 pacto
1525 3880 1803 3935 materiam
1827 3895 1945 3935 osu-

349 3967 498 4023 nium
540 3969 981 4039 pretiosissimam
1025 3968 1260 4026 habitam
1289 3970 1343 4026 in
1378 3970 1610 4027 medium
1648 3971 1940 4038 adducens,

347 4072 456 4114 non
483 4058 645 4115 modo
675 4060 766 4116 tali
799 4062 1200 4133 comparatione
1237 4069 1523 4118 contentus
1557 4076 1663 4118 non
1703 4071 1820 4129 est;
1848 4061 1943 4119 sed

322 4149 562 4220 vudjecit,
592 4149 833 4219 Multum,
865 4168 973 4224 quo
1015 4153 1179 4210 verbo
1223 4153 1378 4210 nobis
1420 4153 1538 4225 ejus
1577 4154 1941 4225 prmatantiam

350 4239 680 4298 declaravit?
707 4243 877 4316 Super
900 4262 1105 4312 aurum,
1131 4247 1319 4318 inquit,
1352 4258 1399 4301 et
1419 4248 1641 4319 lapidem
1667 4249 1944 4319 pretiosum

353 4332 569 4389 multum
595 4350 616 4389 :
643 4349 749 4390 non
779 4335 919 4406 quod
946 4345 1090 4392 tanta
1120 4337 1293 4394 solum
1337 4340 1545 4395 ratione
1570 4338 1947 4396 desiderabilia

352 4423 464 4477 sint
501 4422 681 4478 divina
728 4424 972 4496 eloquia,
1004 4428 1098 4483 sed
1144 4428 1266 4497 quia
1308 4429 1451 4485 solas
1495 4429 1655 4486 hasce
1695 4431 1946 4488 materias

358 4514 499 4584 apud
531 4513 775 4572 homines
803 4519 967 4574 sciret
991 4519 1044 4573 in
1075 4534 1286 4575 summo
1315 4519 1499 4576 haberi
1540 4522 1735 4591 pretio,
1779 4522 1860 4576 his
1890 4523 1944 4578 in

359 4604 592 4663 medium
623 4607 865 4665 adductis
894 4610 964 4665 ita
994 4612 1409 4681 prareclieutiam
1449 4612 1735 4678 iudicavit,
1766 4622 1822 4670 et
1843 4613 1941 4669 de-

354 4699 609 4756 siderium
631 4702 968 4774 eloquiorum
991 4703 1220 4775 Spiritus
1248 4705 1617 4762 vehementius
1642 4722 1762 4763 esse
1787 4706 1941 4763 dixit.

358 4789 426 4847 Et
445 4802 501 4846 ut
520 4791 740 4847 tliscatis
766 4793 909 4851 hunc
938 4809 1154 4866 semper
1182 4811 1303 4853 esse
1322 4812 1525 4854 rnorem
1547 4796 1836 4867 Scriptura:
1859 4798 1945 4853 di-

355 4883 494 4938 vina:
511 4884 871 4955 spiritualibus
893 4886 1054 4943 rebus
1075 4886 1321 4944 conferre
1339 4903 1457 4944 eam
1479 4904 1600 4960 qua:
1620 4889 1743 4946 inde
1766 4898 1946 4945 manat

366 4974 670 5043 utilitatem,
701 4986 756 5033 et
776 4977 855 5031 sic
874 4977 1292 5048 praecellentiam
1319 4979 1625 5048 ostendere,
1657 4981 1836 5036 audite
1860 4995 1947 5037 sc—

355 5066 572 5135 queutia
598 5085 611 5121 :
633 5066 700 5123 Et
726 5069 960 5125 dulciora
983 5086 1136 5141 super
1150 5070 1249 5126 mel
1258 5080 1305 5126 et
1332 5071 1522 5142 favum.
1556 5072 1623 5129 Et
1639 5072 1725 5129 hic
1735 5087 1946 5144 quoque

360 5172 462 5213 non
493 5160 632 5230 quod
654 5167 805 5215 tanto
830 5161 1006 5218 solum
1029 5161 1265 5220 dulciora
1294 5165 1430 5231 sint,
1460 5179 1557 5221 nec
1577 5167 1720 5237 quod
1745 5175 1944 5222 tantam

360 5248 776 5322 possintparcre
818 5252 1181 5328 voluptatem,
1214 5257 1308 5313 sed
1338 5259 1459 5329 quia
1505 5258 1639 5314 nihil
1682 5260 1867 5315 habuit
1894 5263 1945 5315 in

359 5343 523 5399 rebus
549 5346 850 5412 sensilibus,
878 5349 1020 5419 quod
1065 5348 1309 5405 conferre
1349 5359 1529 5420 posset
1569 5352 1823 5422 voluptati
1866 5353 1948 5409 di-

361 5434 609 5490 vinorum
639 5435 970 5508 eloquiorum
992 5459 1006 5494 τ
1028 5442 1226 5498 idcirco
1255 5441 1340 5497 his
1364 5444 1693 5509 memoratis,
1722 5445 1800 5501 sic
1830 5445 1946 5500 illo-

364 5541 482 5581 rum
508 5526 852 5583 eminentiam
881 5528 1195 5602 descripsit,
1219 5548 1284 5589 ac
1311 5532 1612 5590 divinorum
1637 5535 1943 5606 dogmatnm

364 5618 691 5686 voluptatem
729 5619 986 5690 majorem
1023 5637 1144 5680 esse
1189 5624 1343 5680 dixit.
1386 5625 1589 5682 Eadem
1632 5641 1818 5682 norma
1867 5629 1950 5683 in-

362 5708 548 5765 venies
556 5703 822 5765 Christum
837 5710 891 5765 iu
902 5712 1190 5783 evangeliis
1203 5730 1377 5771 usum.
1390 5714 1524 5772 Nam
1537 5732 1658 5774 cum
1670 5717 1945 5790 discipulis

364 5800 688 5869 loqueretur,
719 5800 1055 5872 cupientibus
1087 5801 1575 5874 interpretationem
1608 5806 1817 5866 discere
1851 5825 1945 5883 pa-

3506 362 3608 416 H2

2015 467 2211 523 raboia:
2240 469 2553 525 seminantis
2580 469 2779 525 bonum
2811 484 2994 527 semen
3027 469 3078 525 in
3107 485 3237 543 agro
3260 485 3394 537 suo,
3422 482 3481 529 et
3505 474 3606 529 ini-

2011 559 2132 612 mici
2156 559 2356 613 zizauia
2382 560 2522 615 inter
2547 560 2780 615 triticum
2804 560 3078 630 jacientis,
3104 562 3407 617 minutatim
3437 571 3606 617 totam

2013 650 2295 721 explicavit
2322 651 2650 721 parabolam,
2680 652 2865 707 dicens
2889 652 3010 721 quis
3035 650 3199 707 fuerit
3219 651 3264 717 is
3292 653 3380 723 qui
3408 652 3607 709 bonum

2014 757 2197 798 semen
2241 744 2560 808 seminavit,
2587 745 2708 815 quis
2736 759 2893 815 ager,
2935 760 3054 815 qua:
3105 743 3339 813 zizania,
3383 746 3505 815 quis
3546 761 3610 801 ea

2017 835 2381 902 seminaverit,
2411 836 2503 906 qui
2531 851 2821 904 messores,
2843 852 2966 908 qua:
2986 823 3212 893 messis:
3243 847 3299 895 et
3328 851 3611 911 postquam

2017 927 2195 981 omnia
2240 927 2321 982 eis
2363 928 2537 999 palam
2582 928 2814 993 fecisset,
2865 939 2991 984 tunc
3028 929 3104 984 ait
3135 948 3148 985 :
3180 929 3320 985 Iusti
3349 932 3615 1004 fulgebunt

2019 1022 2147 1074 sicut
2176 1020 2256 1074 soi
2282 1022 2335 1075 in
2357 1038 2512 1092 regno
2543 1020 2715 1078 Patris
2741 1039 2915 1077 eorum
2955 1024 3173 1095 (Matth.
3219 1025 3302 1080 15.
3332 1026 3421 1097 45)
3457 1043 3470 1079 :
3504 1042 3612 1081 non

2020 1111 2163 1181 quod
2187 1127 2367 1182 parem
2400 1123 2604 1170 tantum
2635 1113 2894 1184 fulgorem
2925 1114 3159 1171 habituri
3188 1116 3295 1171 sint
3326 1117 3487 1187 justi,
3515 1117 3616 1173 sed

2021 1202 2258 1259 ostendit
2301 1206 2469 1260 multo
2500 1204 2758 1276 majorem
2806 1221 2965 1262 esse:
3000 1215 3205 1262 tantum
3241 1218 3419 1263 autem
3446 1209 3613 1272 dixit,

2020 1294 2164 1363 quod
2214 1295 2384 1364 major
2435 1294 2537 1351 hac
2586 1295 2762 1367 imago
2809 1296 2860 1352 iu
2901 1297 3202 1353 visihiiibus
3245 1300 3465 1370 reperiri
3509 1315 3616 1356 non

2027 1395 2227 1455 posset.
2249 1387 2383 1440 Cum
2416 1387 2577 1457 igitur
2599 1388 2727 1459 quid
2762 1388 2938 1444 simile
2962 1390 3236 1457 audimus,
3269 1406 3337 1446 ne
3372 1389 3426 1445 iu
3461 1391 3619 1447 dictis

2028 1490 2233 1534 tantum
2263 1480 2517 1537 sistamus
2534 1480 2779 1552 gradum,
2805 1481 2900 1538 sed
2926 1498 2990 1539 ex
3014 1484 3100 1549 iis,
3123 1499 3242 1554 qua:
3272 1485 3374 1539 sub
3401 1498 3620 1540 sensum

2026 1581 2082 1626 et
2120 1573 2222 1628 sub
2271 1581 2550 1643 aspectum
2592 1572 2820 1641 cadunt,
2869 1573 3223 1643 spiritualium
3271 1574 3619 1631 eminentiam

2027 1665 2373 1719 mstimcmus.
2403 1664 2844 1737 Quandoquidem
2898 1666 3060 1737 igitur
3112 1667 3198 1722 hic
3247 1666 3623 1723 vehementius

2027 1757 2352 1813 desiderium
2386 1758 2611 1813 inveniri
2655 1766 2831 1828 potest
2869 1757 3069 1829 (divina
3109 1758 3371 1830 siquidem
3413 1768 3538 1815 sunt
3564 1768 3623 1814 et

2029 1849 2321 1919 spiritualia
2365 1849 2599 1920 eioquia,
2632 1863 2751 1920 qure
2799 1864 3045 1921 magnam
3092 1850 3297 1920 possint
3344 1849 3396 1905 in
3440 1851 3623 1905 animo

2031 1955 2218 2011 parere
2256 1940 2588 2011 spiritualem
2630 1940 2916 2012 iustitiam),
2961 1956 3083 1997 cum
3126 1940 3303 1996 studio
3352 1940 3521 1995 multo
3558 1956 3625 1995 ac

2031 2031 2333 2087 vehementi
2355 2030 2623 2087 desiderio
2647 2030 2803 2086 dictis
2822 2046 2983 2087 aures
3010 2030 3363 2102 praebeamus,
3390 2039 3450 2085 ut
3469 2046 3625 2086 veras

2030 2123 2252 2179 divitias
2280 2122 2404 2178 inde
2431 2122 2593 2188 nacti,
2626 2129 2682 2177 et
2707 2121 2775 2178 ad
2814 2138 2934 2178 eam
2965 2137 3085 2193 qua:
3111 2119 3409 2177 secundum
3452 2120 3624 2176 Deum

2031 2225 2114 2273 est
2142 2216 2534 2288 philoSOphiam
2559 2216 2740 2274 multis
2768 2217 3031 2288 susceptis
3054 2216 3348 2273 seminibus
3366 2259 3383 2286 ,
3423 2217 3502 2273 sic
3524 2217 3627 2273 do-

2031 2325 2177 2366 mum
2205 2319 2555 2368 revertantur.

2101 2406 2156 2461 2.
2200 2405 2493 2461 Audiamus
2517 2404 2677 2476 igitur
2706 2418 2827 2476 quae
2855 2402 3016 2459 hodie
3041 2402 3174 2458 lecta
3196 2400 3339 2458 sint:
3373 2401 3469 2458 sed
3498 2403 3621 2458 ani-

2034 2514 2180 2553 mum
2210 2496 2480 2559 adhibete,
2521 2503 2576 2552 et
2602 2510 2825 2551 excussa
2870 2494 3076 2566 ignavia
3104 2510 3339 2566 curaque
3384 2495 3629 2551 smculari

2035 2589 2203 2655 omni,
2233 2590 2312 2644 sic
2337 2587 2494 2644 dictis
2513 2587 2776 2644 attendite
2802 2604 2817 2641 :
2847 2587 3042 2643 divina:
3068 2602 3300 2658 namque
3328 2586 3476 2658 leges
3504 2598 3633 2642 sunt

2035 2695 2101 2736 ex
2149 2680 2296 2735 caelis
2322 2680 2393 2734 ob
2420 2679 2644 2735 salutem
2677 2687 2915 2734 nostram
2946 2678 3211 2735 detnissze.
3245 2676 3375 2734 Nam
3406 2679 3474 2747 si,
3505 2694 3630 2735 cum

2038 2771 2395 2841 imperatoria:
2437 2770 2606 2826 litera:
2646 2770 2913 2841 leguntur,
2942 2785 3192 2840 magnum
3219 2768 3413 2842 ubique
3441 2780 3525 2827 est
3554 2772 3631 2824 si-

2039 2862 2260 2917 lentium
2279 2904 2294 2928 ,
2323 2870 2379 2917 et
2416 2862 2592 2917 omnis
2629 2862 2886 2917 tumultus
2915 2861 3273 2931 strepitusque
3302 2860 3631 2928 eliminatur,

2037 2952 2286 3007 omnibus
2327 2965 2486 3007 aures
2531 2951 2921 3023 arrigentibus,
2968 2963 3025 3007 et
3063 2950 3248 3007 audire
3296 2952 3636 3023 cupientibus

2039 3046 2166 3117 quid
2202 3046 2562 3117 imperatoriae
2600 3044 2770 3100 litem
2795 3044 3092 3109 declarent,
3123 3051 3178 3099 et
3206 3058 3454 3115 magnum
3484 3045 3633 3115 peri-

2039 3138 2217 3193 culum
2258 3138 2412 3193 adest
2458 3138 2543 3193 vel
2575 3137 2836 3193 tantillum
2883 3136 3226 3192 tumultuanti
3251 3179 3267 3205 ,
3298 3146 3351 3193 et
3389 3137 3637 3193 lectionis

2040 3230 2236 3285 seriem
2266 3228 2640 3285 interturbanti
2669 3246 2683 3284 :
2714 3228 2881 3284 multo
2905 3228 3076 3300 magis
3101 3227 3187 3284 hic
3209 3244 3333 3285 cum
3359 3230 3552 3284 timore
3581 3237 3638 3283 et

2041 3330 2278 3379 tremore
2320 3323 2658 3386 adstandum,
2689 3330 2744 3378 et
2767 3322 2933 3377 altum
2959 3320 3264 3378 habendum
3294 3322 3567 3378 silentium
3593 3324 3635 3387 ‘,

2040 3414 2531 3487 cogitationemque
2553 3413 2811 3469 tumultus
2829 3412 3092 3469 arcendus
3110 3431 3126 3478 ;
3158 3424 3217 3469 ιιι
3242 3429 3361 3485 quae
3376 3412 3641 3470 dicuntur

2043 3507 2340 3579 intelligere
2366 3508 2618 3580 possitis,
2651 3516 2705 3563 et
2745 3516 2803 3561 ut
2837 3506 3241 3578 obsequentiam
3269 3513 3505 3562 vestram
3534 3520 3639 3576 ap-

2043 3598 2276 3669 probatis
2303 3598 2416 3654 Rex
2444 3598 2699 3653 ctelorum
2720 3640 2736 3665 ,
2765 3597 3056 3669 majoribus
3094 3613 3188 3653 vos
3214 3596 3525 3652 muneribus
3549 3596 3640 3651 di-

2044 3698 2259 3760 gnetur.
2293 3689 2576 3745 Videamus
2602 3690 2762 3761 igitur
2780 3690 2905 3761 quid
2936 3704 3036 3745 nos
3061 3705 3202 3745 nunc
3226 3689 3419 3746 doceat
3446 3689 3639 3745 beatus

2044 3780 2290 3854 Moyses,
2330 3796 2437 3837 non
2468 3782 2681 3853 propria
2727 3789 2934 3837 tantum
2964 3781 3174 3851 lingua,
3206 3779 3300 3837 sed
3343 3790 3399 3836 et
3434 3779 3639 3851 Spiritu

2046 3886 2233 3932 sancto
2261 3876 2474 3933 afﬂatus
2501 3876 2615 3932 haec
2656 3876 3019 3947 ioquens,t5.
3056 3875 3119 3930 Et
3154 3876 3348 3945 accepit
3370 3918 3385 3944 ,
3431 3876 3639 3946 inquit,

2050 3969 2300 4026 Dominus
2333 3969 2470 4024 Deus
2508 3969 2780 4032 hominem,
2809 3984 2956 4039 quem
2986 3968 3240 4041 formavit.
3270 3968 3416 4023 Bene
3458 3967 3642 4021 statim

2047 4079 2078 4119 a
2109 4063 2365 4134 principio
2392 4063 2505 4118 ha‘c
2529 4062 2635 4118 duo
2659 4062 2833 4133 posuit
2861 4077 2875 4114 :
2899 4075 3003 4115 non
3025 4061 3166 4115 enim
3187 4060 3338 4125 dixit,
3362 4047 3640 4124 Dominus,

2048 4165 2104 4213 et
2129 4158 2331 4222 tacuit,
2361 4154 2455 4213 sed
2482 4152 2681 4210 addidit
2712 4152 2888 4217 Deus;
2920 4152 3005 4207 hic
3033 4151 3230 4223 aliquid
3259 4152 3434 4206 latens
3460 4159 3515 4206 ct
3548 4165 3643 4205 oc-

2048 4250 2246 4306 cultum
2275 4249 2430 4305 nobis
2465 4245 2723 4310 iudicans,
2764 4254 2821 4299 ut
2847 4244 3143 4310 discamus,
3175 4243 3287 4299 sive
3317 4241 3593 4297 Dominum
3621 4283 3641 4310 ,

2050 4344 2164 4399 sive
2193 4343 2361 4398 Deum
2392 4340 2672 4396 audiamus
2690 4381 2706 4408 ,
2738 4339 2944 4394 nullum
2970 4352 3092 4394 esse
3122 4338 3261 4392 inter
3284 4337 3398 4392 lucc
3425 4336 3643 4391 nomina

2049 4435 2361 4491 discrimen.
2387 4433 2499 4489 Hoc
2525 4441 2703 4487 autem
2734 4446 2839 4486 non
2870 4431 2987 4484 sine
3013 4444 3174 4485 causa
3203 4426 3653 4493 commemoravi;

2050 4526 2146 4583 sed
2167 4535 2225 4581 ut
2248 4539 2371 4580 cum
2395 4523 2626 4580 audieris
2645 4522 2866 4578 Paulum
2891 4521 3182 4586 dicentem,
3210 4517 3355 4575 Unus
3379 4517 3513 4573 Deus
3536 4517 3647 4570 Pa-

2052 4630 2146 4684 ter,
2174 4633 2237 4672 ea:
2263 4633 2361 4688 quo
2389 4616 2579 4683 omnia,
2612 4625 2659 4671 et
2685 4631 2816 4670 unus
2838 4612 3087 4668 Dominus
3105 4611 3258 4667 Iesus
3278 4608 3529 4674 Christus,
3555 4626 3647 4679 per

2050 4727 2197 4782 quem
2225 4711 2396 4765 omnia
2438 4709 2527 4781 (1.
2557 4708 2675 4763 Cor.
2706 4710 2758 4765 8.
2789 4707 2823 4764 ϐ
2843 4707 2861 4779 )
2881 4747 2896 4771 ,
2927 4722 2996 4761 ne
3026 4714 3179 4776 putes
3207 4703 3561 4760 differentiam
3591 4702 3646 4755 in

2049 4801 2272 4858 vocibus
2297 4816 2416 4857 esse
2436 4842 2453 4869 ,
2478 4811 2531 4856 ct
2560 4799 2782 4855 alteram
2810 4798 3001 4869 majus,
3030 4797 3253 4850 alteram
3290 4794 3468 4849 minus
3492 4791 3652 4862 quid-

2052 4896 2193 4968 piam
2238 4894 2561 4966 signiﬁcare.
2606 4892 2728 4950 ideo
2758 4890 3218 4946 indiscriminatim
3259 4886 3532 4957 Scriptura
3562 4884 3649 4938 his

2053 4986 2569 5051 utituruominihus,
2599 4993 2657 5039 ut
2683 4982 3032 5039 contentiosis
3074 4995 3178 5034 non
3219 4978 3375 5034 liceat
3405 4976 3456 5030 id
3499 4974 3643 5045 quod

2054 5083 2154 5156 ipsi
2180 5081 2659 5139 comminiscuntur
2690 5077 2830 5133 inter
2860 5084 3004 5130 recta
3034 5072 3283 5143 dogmata
3318 5068 3543 5158 referre.
3577 5066 3649 5122 Et

2055 5186 2113 5234 ut
2156 5176 2333 5232 discas
2373 5175 2607 5231 divinam
2647 5169 2974 5241 Scripturam
3013 5175 3262 5222 neutrum
3290 5165 3484 5220 horum
3514 5176 3649 5233 qna-

2053 5272 2176 5327 dam
2199 5266 2447 5326 distincta
2480 5264 2866 5338 signiﬁcatione
2903 5268 3111 5318 servata
3135 5259 3408 5331 proferre,
3441 5271 3505 5311 ex
3544 5255 3647 5309 hoc

2055 5365 2175 5434 ipso
2213 5361 2357 5432 quod
2397 5359 2592 5416 dicitur
2634 5356 2917 5428 diligenter
2957 5350 3235 5410 considera
3281 5368 3293 5405 :
3328 5345 3394 5401 Et
3429 5346 3643 5416 accepit,

2056 5455 2257 5527 inquit,
2305 5450 2558 5507 Dominus
2600 5448 2752 5504 Deus.
2798 5447 2873 5502 De
2918 5460 3025 5516 quo
3062 5442 3175 5497 vult
3214 5438 3500 5496 hatreticus
3525 5452 3648 5494 esse

2053 5547 2252 5603 dictum
2281 5544 2308 5599 ἳ
2376 5542 2453 5600 De
2522 5542 2677 5597 Patre
2741 5537 2962 5595 solum?
3026 5534 3176 5591 Esto.
3252 5530 3389 5589 Audi
3467 5531 3647 5598 itaque

2058 5638 2278 5694 Paulum
2333 5636 2598 5692 dicentem
2653 5650 2669 5687 :
2731 5629 2878 5686 Unus
2945 5628 3086 5684 Deus
3155 5623 3349 5690 Pater,
3419 5638 3482 5678 ea:
3537 5636 3643 5693 quo

2121 5817 2139 5848 ί
2172 5813 2359 5874 ttorel.,
2380 5819 2425 5864 et
2448 5823 2624 5878 magna
2645 5808 2867 5861 habenda
2891 5804 3157 5872 diligentia.
