  <div class='ocr_page' id='page_1' title='image "/cluster/home/n/w/nwhite01/storage/ocr_20150623/53:no.4:pt.1/coo.31924054869536/114.png"; bbox 0 0 4110 6418; ppageno 0'>
   <div class='ocr_carea' id='block_1_1' title="bbox 389 426 484 483">
    <p class='ocr_par' dir='ltr' id='par_1_1' title="bbox 389 426 484 483">
     <span class='ocr_line' id='line_1_1' title="bbox 389 426 484 483; baseline 0.011 -1"><span class='ocrx_word' id='word_1_1' title='bbox 389 426 484 483; x_wconf 62' lang='lat' dir='ltr'><strong>ll!</strong></span> 
     </span>
    </p>
   </div>
   <div class='ocr_carea' id='block_1_2' title="bbox 391 540 1979 613">
    <p class='ocr_par' dir='ltr' id='par_1_2' title="bbox 391 540 1979 613">
     <span class='ocr_line' id='line_1_2' title="bbox 391 540 1979 613; baseline -0.001 -17"><span class='ocrx_word' id='word_1_2' title='bbox 391 542 578 606; x_wconf 80' lang='lat' dir='ltr'><strong>munia.</strong></span> <span class='ocrx_word' id='word_1_3' title='bbox 625 551 673 598; x_wconf 86' lang='lat' dir='ltr'><strong>et</strong></span> <span class='ocrx_word' id='word_1_4' title='bbox 726 558 860 599; x_wconf 86' lang='lat' dir='ltr'><strong>unus</strong></span> <span class='ocrx_word' id='word_1_5' title='bbox 903 540 1154 598; x_wconf 75' lang='lat' dir='ltr'><strong>Dominus</strong></span> <span class='ocrx_word' id='word_1_6' title='bbox 1197 540 1348 598; x_wconf 70' lang='lat' dir='ltr'><strong>Iesus</strong></span> <span class='ocrx_word' id='word_1_7' title='bbox 1392 541 1644 607; x_wconf 80' lang='lat' dir='ltr'><strong>Christus,</strong></span> <span class='ocrx_word' id='word_1_8' title='bbox 1697 559 1788 608; x_wconf 73' lang='lat' dir='ltr'><strong>per</strong></span> <span class='ocrx_word' id='word_1_9' title='bbox 1831 559 1979 613; x_wconf 72' lang='lat' dir='ltr'><strong>quem</strong></span> 
     </span>
    </p>
   </div>
   <div class='ocr_carea' id='block_1_3' title="bbox 390 633 1982 706">
    <p class='ocr_par' dir='ltr' id='par_1_3' title="bbox 390 633 1982 706">
     <span class='ocr_line' id='line_1_3' title="bbox 390 633 1982 706; baseline -0.001 -18"><span class='ocrx_word' id='word_1_10' title='bbox 390 636 578 690; x_wconf 88' lang='lat' dir='ltr'><strong>omnia.</strong></span> <span class='ocrx_word' id='word_1_11' title='bbox 623 634 757 690; x_wconf 79' lang='lat' dir='ltr'><strong>Vide</strong></span> <span class='ocrx_word' id='word_1_12' title='bbox 784 635 1055 706; x_wconf 86' lang='lat' dir='ltr'><strong>quomodo</strong></span> <span class='ocrx_word' id='word_1_13' title='bbox 1098 650 1314 697; x_wconf 85' lang='lat' dir='ltr'><strong>nomen,</strong></span> <span class='ocrx_word' id='word_1_14' title='bbox 1358 633 1628 699; x_wconf 85' lang='lat' dir='ltr'><strong>Dominus,</strong></span> <span class='ocrx_word' id='word_1_15' title='bbox 1672 634 1805 689; x_wconf 79' lang='lat' dir='ltr'><strong>Filio</strong></span> <span class='ocrx_word' id='word_1_16' title='bbox 1831 633 1982 687; x_wconf 88' lang='lat' dir='ltr'><strong>attri-</strong></span> 
     </span>
    </p>
   </div>
   <div class='ocr_carea' id='block_1_4' title="bbox 393 723 1983 796">
    <p class='ocr_par' dir='ltr' id='par_1_4' title="bbox 393 723 1983 796">
     <span class='ocr_line' id='line_1_4' title="bbox 393 723 1983 796; baseline 0.001 -19"><span class='ocrx_word' id='word_1_17' title='bbox 393 725 516 781; x_wconf 87' lang='lat' dir='ltr'><strong>buat</strong></span> <span class='ocrx_word' id='word_1_18' title='bbox 538 724 563 779; x_wconf 82' lang='lat'><strong>?</strong></span> <span class='ocrx_word' id='word_1_19' title='bbox 589 724 700 781; x_wconf 87' lang='lat' dir='ltr'><strong>Cur</strong></span> <span class='ocrx_word' id='word_1_20' title='bbox 725 741 855 796; x_wconf 83' lang='lat' dir='ltr'><strong>ergo</strong></span> <span class='ocrx_word' id='word_1_21' title='bbox 875 725 1055 780; x_wconf 97' lang='lat' dir='ltr'><strong>dicant</strong></span> <span class='ocrx_word' id='word_1_22' title='bbox 1076 740 1289 793; x_wconf 87' lang='lat' dir='ltr'><strong>nomen,</strong></span> <span class='ocrx_word' id='word_1_23' title='bbox 1325 723 1591 791; x_wconf 75' lang='lat' dir='ltr'><strong>Dominus,</strong></span> <span class='ocrx_word' id='word_1_24' title='bbox 1623 724 1839 795; x_wconf 80' lang='lat' dir='ltr'><strong>majoris</strong></span> <span class='ocrx_word' id='word_1_25' title='bbox 1862 737 1983 778; x_wconf 86' lang='lat' dir='ltr'><strong>esse</strong></span> 
     </span>
    </p>
   </div>
   <div class='ocr_carea' id='block_1_5' title="bbox 392 813 1986 890">
    <p class='ocr_par' dir='ltr' id='par_1_5' title="bbox 392 813 1986 890">
     <span class='ocr_line' id='line_1_5' title="bbox 392 813 1986 890; baseline -0.003 -17"><span class='ocrx_word' id='word_1_26' title='bbox 392 819 667 890; x_wconf 69' lang='lat' dir='ltr'><strong>dignitatis</strong></span> <span class='ocrx_word' id='word_1_27' title='bbox 708 834 866 888; x_wconf 88' lang='lat' dir='ltr'><strong>quam</strong></span> <span class='ocrx_word' id='word_1_28' title='bbox 915 817 1066 883; x_wconf 86' lang='lat' dir='ltr'><strong>illud,</strong></span> <span class='ocrx_word' id='word_1_29' title='bbox 1110 818 1292 872; x_wconf 80' lang='lat' dir='ltr'><strong>Deus?</strong></span> <span class='ocrx_word' id='word_1_30' title='bbox 1335 817 1522 872; x_wconf 90' lang='lat' dir='ltr'><strong>Videte</strong></span> <span class='ocrx_word' id='word_1_31' title='bbox 1561 831 1722 887; x_wconf 91' lang='lat' dir='ltr'><strong>quam</strong></span> <span class='ocrx_word' id='word_1_32' title='bbox 1766 814 1838 870; x_wconf 90' lang='lat' dir='ltr'><strong>sit</strong></span> <span class='ocrx_word' id='word_1_33' title='bbox 1882 813 1986 869; x_wconf 90' lang='lat' dir='ltr'><strong>hoc</strong></span> 
     </span>
    </p>
   </div>
   <div class='ocr_carea' id='block_1_6' title="bbox 401 904 1985 980">
    <p class='ocr_par' dir='ltr' id='par_1_6' title="bbox 401 904 1985 980">
     <span class='ocr_line' id='line_1_6' title="bbox 401 904 1985 980; baseline -0.002 -18"><span class='ocrx_word' id='word_1_34' title='bbox 401 909 712 976; x_wconf 78' lang='lat' dir='ltr'><strong>absurdum,</strong></span> <span class='ocrx_word' id='word_1_35' title='bbox 739 919 794 964; x_wconf 91' lang='lat' dir='ltr'><strong>et</strong></span> <span class='ocrx_word' id='word_1_36' title='bbox 816 920 1011 979; x_wconf 89' lang='lat' dir='ltr'><strong>quanta</strong></span> <span class='ocrx_word' id='word_1_37' title='bbox 1039 909 1385 979; x_wconf 72' lang='lat' dir='ltr'><strong>blasphemia:</strong></span> <span class='ocrx_word' id='word_1_38' title='bbox 1410 908 1664 980; x_wconf 75' lang='lat' dir='ltr'><strong>gravitas.</strong></span> <span class='ocrx_word' id='word_1_39' title='bbox 1687 908 1819 962; x_wconf 85' lang='lat' dir='ltr'><strong>Cum</strong></span> <span class='ocrx_word' id='word_1_40' title='bbox 1840 904 1985 960; x_wconf 88' lang='lat' dir='ltr'><strong>enim</strong></span> 
     </span>
    </p>
   </div>
   <div class='ocr_carea' id='block_1_7' title="bbox 393 993 1984 1071">
    <p class='ocr_par' dir='ltr' id='par_1_7' title="bbox 393 993 1984 1071">
     <span class='ocr_line' id='line_1_7' title="bbox 393 993 1984 1071; baseline -0.005 -15"><span class='ocrx_word' id='word_1_41' title='bbox 393 1002 516 1071; x_wconf 88' lang='lat' dir='ltr'><strong>quis</strong></span> <span class='ocrx_word' id='word_1_42' title='bbox 555 1001 784 1056; x_wconf 89' lang='lat' dir='ltr'><strong>noluerit</strong></span> <span class='ocrx_word' id='word_1_43' title='bbox 819 999 1014 1056; x_wconf 74' lang='lat' dir='ltr'><strong>divina:</strong></span> <span class='ocrx_word' id='word_1_44' title='bbox 1055 1000 1346 1070; x_wconf 71' lang='lat' dir='ltr'><strong>Scriptura:</strong></span> <span class='ocrx_word' id='word_1_45' title='bbox 1390 1014 1632 1054; x_wconf 78' lang='lat' dir='ltr'><strong>normam</strong></span> <span class='ocrx_word' id='word_1_46' title='bbox 1680 995 1855 1066; x_wconf 92' lang='lat' dir='ltr'><strong>sequi,</strong></span> <span class='ocrx_word' id='word_1_47' title='bbox 1888 993 1984 1049; x_wconf 91' lang='lat' dir='ltr'><strong>sed</strong></span> 
     </span>
    </p>
   </div>
   <div class='ocr_carea' id='block_1_8' title="bbox 396 1088 2000 1162">
    <p class='ocr_par' dir='ltr' id='par_1_8' title="bbox 396 1088 2000 1162">
     <span class='ocr_line' id='line_1_8' title="bbox 396 1088 2000 1162; baseline -0.005 -13"><span class='ocrx_word' id='word_1_48' title='bbox 396 1096 513 1150; x_wconf 77' lang='lat' dir='ltr'><strong>suis</strong></span> <span class='ocrx_word' id='word_1_49' title='bbox 548 1093 842 1149; x_wconf 83' lang='lat' dir='ltr'><strong>ratiociniis</strong></span> <span class='ocrx_word' id='word_1_50' title='bbox 891 1095 1065 1149; x_wconf 88' lang='lat' dir='ltr'><strong>locum</strong></span> <span class='ocrx_word' id='word_1_51' title='bbox 1119 1093 1249 1148; x_wconf 87' lang='lat' dir='ltr'><strong>dare</strong></span> <span class='ocrx_word' id='word_1_52' title='bbox 1289 1090 1711 1162; x_wconf 65' lang='lat' dir='ltr'><strong>praesumpserit,</strong></span> <span class='ocrx_word' id='word_1_53' title='bbox 1766 1088 2000 1143; x_wconf 84' lang='lat' dir='ltr'><strong>sensum</strong></span> 
     </span>
    </p>
   </div>
   <div class='ocr_carea' id='block_1_9' title="bbox 398 1180 1988 1253">
    <p class='ocr_par' dir='ltr' id='par_1_9' title="bbox 398 1180 1988 1253">
     <span class='ocr_line' id='line_1_9' title="bbox 398 1180 1988 1253; baseline -0.003 -13"><span class='ocrx_word' id='word_1_54' title='bbox 398 1188 617 1242; x_wconf 86' lang='lat' dir='ltr'><strong>turbare</strong></span> <span class='ocrx_word' id='word_1_55' title='bbox 636 1186 792 1253; x_wconf 87' lang='lat' dir='ltr'><strong>solet,</strong></span> <span class='ocrx_word' id='word_1_56' title='bbox 820 1196 873 1241; x_wconf 89' lang='lat' dir='ltr'><strong>et</strong></span> <span class='ocrx_word' id='word_1_57' title='bbox 902 1185 1136 1241; x_wconf 81' lang='lat' dir='ltr'><strong>inﬁnitas</strong></span> <span class='ocrx_word' id='word_1_58' title='bbox 1161 1183 1535 1239; x_wconf 90' lang='lat' dir='ltr'><strong>contentiones</strong></span> <span class='ocrx_word' id='word_1_59' title='bbox 1557 1180 1988 1252; x_wconf 80' lang='lat' dir='ltr'><strong>quzestionesque</strong></span> 
     </span>
    </p>
   </div>
   <div class='ocr_carea' id='block_1_10' title="bbox 399 1272 1986 1342">
    <p class='ocr_par' dir='ltr' id='par_1_10' title="bbox 399 1272 1986 1342">
     <span class='ocr_line' id='line_1_10' title="bbox 399 1272 1986 1342; baseline -0.006 -10"><span class='ocrx_word' id='word_1_60' title='bbox 399 1288 583 1334; x_wconf 80' lang='lat' dir='ltr'><strong>movet</strong></span> <span class='ocrx_word' id='word_1_61' title='bbox 608 1277 863 1334; x_wconf 83' lang='lat' dir='ltr'><strong>adversus</strong></span> <span class='ocrx_word' id='word_1_62' title='bbox 891 1293 1075 1332; x_wconf 91' lang='lat' dir='ltr'><strong>sanam</strong></span> <span class='ocrx_word' id='word_1_63' title='bbox 1106 1277 1423 1331; x_wconf 84' lang='lat' dir='ltr'><strong>doctrinam.</strong></span> <span class='ocrx_word' id='word_1_64' title='bbox 1458 1272 1525 1328; x_wconf 84' lang='lat' dir='ltr'><strong>Et</strong></span> <span class='ocrx_word' id='word_1_65' title='bbox 1550 1272 1762 1342; x_wconf 87' lang='lat' dir='ltr'><strong>accepit,</strong></span> <span class='ocrx_word' id='word_1_66' title='bbox 1794 1272 1986 1340; x_wconf 83' lang='lat' dir='ltr'><strong>inquit,</strong></span> 
     </span>
    </p>
   </div>
   <div class='ocr_carea' id='block_1_11' title="bbox 401 1360 1991 1439">
    <p class='ocr_par' dir='ltr' id='par_1_11' title="bbox 401 1360 1991 1439">
     <span class='ocr_line' id='line_1_11' title="bbox 401 1360 1991 1439; baseline -0.008 -15"><span class='ocrx_word' id='word_1_67' title='bbox 401 1370 654 1424; x_wconf 76' lang='lat' dir='ltr'><strong>Dominus</strong></span> <span class='ocrx_word' id='word_1_68' title='bbox 675 1368 812 1423; x_wconf 86' lang='lat' dir='ltr'><strong>Deus</strong></span> <span class='ocrx_word' id='word_1_69' title='bbox 834 1368 1108 1435; x_wconf 81' lang='lat' dir='ltr'><strong>hominem,</strong></span> <span class='ocrx_word' id='word_1_70' title='bbox 1128 1382 1274 1438; x_wconf 77' lang='lat' dir='ltr'><strong>quens</strong></span> <span class='ocrx_word' id='word_1_71' title='bbox 1298 1365 1551 1439; x_wconf 80' lang='lat' dir='ltr'><strong>formavit,</strong></span> <span class='ocrx_word' id='word_1_72' title='bbox 1576 1375 1624 1418; x_wconf 91' lang='lat' dir='ltr'><strong>et</strong></span> <span class='ocrx_word' id='word_1_73' title='bbox 1649 1362 1816 1434; x_wconf 80' lang='lat' dir='ltr'><strong>posuit</strong></span> <span class='ocrx_word' id='word_1_74' title='bbox 1844 1360 1991 1414; x_wconf 86' lang='lat' dir='ltr'><strong>illum</strong></span> 
     </span>
    </p>
   </div>
   <div class='ocr_carea' id='block_1_12' title="bbox 360 1454 1987 1532">
    <p class='ocr_par' dir='ltr' id='par_1_12' title="bbox 360 1454 1987 1532">
     <span class='ocr_line' id='line_1_12' title="bbox 360 1454 1987 1532; baseline -0.006 -16"><span class='ocrx_word' id='word_1_75' title='bbox 360 1502 363 1503; x_wconf 47' lang='grc' dir='ltr'><em>ν</em></span> <span class='ocrx_word' id='word_1_76' title='bbox 398 1464 455 1516; x_wconf 87' lang='lat' dir='ltr'><strong>in</strong></span> <span class='ocrx_word' id='word_1_77' title='bbox 473 1461 712 1532; x_wconf 76' lang='lat' dir='ltr'><strong>paradiso</strong></span> <span class='ocrx_word' id='word_1_78' title='bbox 732 1462 1024 1531; x_wconf 77' lang='lat' dir='ltr'><strong>voluptatis,</strong></span> <span class='ocrx_word' id='word_1_79' title='bbox 1049 1470 1107 1514; x_wconf 88' lang='lat' dir='ltr'><strong>ut</strong></span> <span class='ocrx_word' id='word_1_80' title='bbox 1132 1469 1426 1531; x_wconf 85' lang='lat' dir='ltr'><strong>aperaretur</strong></span> <span class='ocrx_word' id='word_1_81' title='bbox 1450 1467 1496 1513; x_wconf 92' lang='lat' dir='ltr'><strong>et</strong></span> <span class='ocrx_word' id='word_1_82' title='bbox 1526 1455 1799 1511; x_wconf 79' lang='lat' dir='ltr'><strong>custodiret</strong></span> <span class='ocrx_word' id='word_1_83' title='bbox 1818 1454 1987 1508; x_wconf 79' lang='lat' dir='ltr'><strong>illum.</strong></span> 
     </span>
    </p>
   </div>
   <div class='ocr_carea' id='block_1_13' title="bbox 403 1544 1986 1622">
    <p class='ocr_par' dir='ltr' id='par_1_13' title="bbox 403 1544 1986 1622">
     <span class='ocr_line' id='line_1_13' title="bbox 403 1544 1986 1622; baseline -0.004 -18"><span class='ocrx_word' id='word_1_84' title='bbox 403 1552 539 1607; x_wconf 77' lang='lat' dir='ltr'><strong>Vide</strong></span> <span class='ocrx_word' id='word_1_85' title='bbox 580 1561 831 1622; x_wconf 80' lang='lat' dir='ltr'><strong>quantam</strong></span> <span class='ocrx_word' id='word_1_86' title='bbox 873 1550 1037 1605; x_wconf 80' lang='lat' dir='ltr'><strong>creati</strong></span> <span class='ocrx_word' id='word_1_87' title='bbox 1078 1549 1308 1604; x_wconf 83' lang='lat' dir='ltr'><strong>hominis</strong></span> <span class='ocrx_word' id='word_1_88' title='bbox 1353 1546 1739 1618; x_wconf 83' lang='lat' dir='ltr'><strong>providentiam</strong></span> <span class='ocrx_word' id='word_1_89' title='bbox 1775 1544 1986 1599; x_wconf 87' lang='lat' dir='ltr'><strong>habeat.</strong></span> 
     </span>
    </p>
   </div>
   <div class='ocr_carea' id='block_1_14' title="bbox 405 1633 1991 1716">
    <p class='ocr_par' dir='ltr' id='par_1_14' title="bbox 405 1633 1991 1716">
     <span class='ocr_line' id='line_1_14' title="bbox 405 1633 1991 1716; baseline -0.006 -17"><span class='ocrx_word' id='word_1_90' title='bbox 405 1646 691 1716; x_wconf 72' lang='lat' dir='ltr'><strong>Postquam</strong></span> <span class='ocrx_word' id='word_1_91' title='bbox 721 1645 864 1697; x_wconf 86' lang='lat' dir='ltr'><strong>enim</strong></span> <span class='ocrx_word' id='word_1_92' title='bbox 916 1642 1032 1697; x_wconf 90' lang='lat' dir='ltr'><strong>hcri</strong></span> <span class='ocrx_word' id='word_1_93' title='bbox 1073 1656 1170 1696; x_wconf 90' lang='lat' dir='ltr'><strong>nos</strong></span> <span class='ocrx_word' id='word_1_94' title='bbox 1203 1641 1386 1696; x_wconf 81' lang='lat' dir='ltr'><strong>docuit</strong></span> <span class='ocrx_word' id='word_1_95' title='bbox 1420 1641 1608 1695; x_wconf 87' lang='lat' dir='ltr'><strong>beatus</strong></span> <span class='ocrx_word' id='word_1_96' title='bbox 1654 1636 1865 1706; x_wconf 73' lang='lat' dir='ltr'><strong>Moyses</strong></span> <span class='ocrx_word' id='word_1_97' title='bbox 1908 1633 1991 1690; x_wconf 88' lang='lat' dir='ltr'><strong>his</strong></span> 
     </span>
    </p>
   </div>
   <div class='ocr_carea' id='block_1_15' title="bbox 404 1724 1993 1801">
    <p class='ocr_par' dir='ltr' id='par_1_15' title="bbox 404 1724 1993 1801">
     <span class='ocr_line' id='line_1_15' title="bbox 404 1724 1993 1801; baseline -0.006 -15"><span class='ocrx_word' id='word_1_98' title='bbox 404 1735 620 1790; x_wconf 87' lang='lat' dir='ltr'><strong>verbis:</strong></span> <span class='ocrx_word' id='word_1_99' title='bbox 654 1732 909 1787; x_wconf 71' lang='lat' dir='ltr'><strong>Plantam</strong></span> <span class='ocrx_word' id='word_1_100' title='bbox 936 1731 1074 1786; x_wconf 89' lang='lat' dir='ltr'><strong>Deus</strong></span> <span class='ocrx_word' id='word_1_101' title='bbox 1095 1730 1411 1801; x_wconf 79' lang='lat' dir='ltr'><strong>paradisum,</strong></span> <span class='ocrx_word' id='word_1_102' title='bbox 1437 1737 1484 1783; x_wconf 85' lang='lat' dir='ltr'><strong>et</strong></span> <span class='ocrx_word' id='word_1_103' title='bbox 1511 1727 1676 1799; x_wconf 87' lang='lat' dir='ltr'><strong>posuit</strong></span> <span class='ocrx_word' id='word_1_104' title='bbox 1698 1726 1805 1780; x_wconf 74' lang='lat' dir='ltr'><strong>illic</strong></span> <span class='ocrx_word' id='word_1_105' title='bbox 1827 1724 1993 1779; x_wconf 84' lang='lat' dir='ltr'><strong>Itami-</strong></span> 
     </span>
    </p>
   </div>
   <div class='ocr_carea' id='block_1_16' title="bbox 404 1818 1993 1890">
    <p class='ocr_par' dir='ltr' id='par_1_16' title="bbox 404 1818 1993 1890">
     <span class='ocr_line' id='line_1_16' title="bbox 404 1818 1993 1890; baseline -0.005 -10"><span class='ocrx_word' id='word_1_106' title='bbox 404 1843 522 1880; x_wconf 85' lang='lat' dir='ltr'><strong>nem</strong></span> <span class='ocrx_word' id='word_1_107' title='bbox 550 1841 571 1880; x_wconf 92' lang='lat'><strong><em>:</em></strong></span> <span class='ocrx_word' id='word_1_108' title='bbox 599 1825 649 1880; x_wconf 91' lang='lat' dir='ltr'><strong>id</strong></span> <span class='ocrx_word' id='word_1_109' title='bbox 695 1835 799 1890; x_wconf 90' lang='lat' dir='ltr'><strong>est,</strong></span> <span class='ocrx_word' id='word_1_110' title='bbox 849 1823 1021 1879; x_wconf 89' lang='lat' dir='ltr'><strong>voluit</strong></span> <span class='ocrx_word' id='word_1_111' title='bbox 1054 1834 1110 1878; x_wconf 90' lang='lat' dir='ltr'><strong>ttt</strong></span> <span class='ocrx_word' id='word_1_112' title='bbox 1163 1823 1234 1878; x_wconf 86' lang='lat' dir='ltr'><strong>ibi</strong></span> <span class='ocrx_word' id='word_1_113' title='bbox 1274 1821 1603 1877; x_wconf 81' lang='lat' dir='ltr'><strong>domicilium</strong></span> <span class='ocrx_word' id='word_1_114' title='bbox 1653 1818 1896 1885; x_wconf 87' lang='lat' dir='ltr'><strong>haberet,</strong></span> <span class='ocrx_word' id='word_1_115' title='bbox 1938 1827 1993 1872; x_wconf 89' lang='lat' dir='ltr'><strong>et</strong></span> 
     </span>
    </p>
   </div>
   <div class='ocr_carea' id='block_1_17' title="bbox 406 1911 1996 1990">
    <p class='ocr_par' dir='ltr' id='par_1_17' title="bbox 406 1911 1996 1990">
     <span class='ocr_line' id='line_1_17' title="bbox 406 1911 1996 1990; baseline -0.004 -21"><span class='ocrx_word' id='word_1_116' title='bbox 406 1917 638 1990; x_wconf 74' lang='lat' dir='ltr'><strong>paradisi</strong></span> <span class='ocrx_word' id='word_1_117' title='bbox 664 1918 868 1973; x_wconf 90' lang='lat' dir='ltr'><strong>deliciis</strong></span> <span class='ocrx_word' id='word_1_118' title='bbox 897 1917 1160 1973; x_wconf 88' lang='lat' dir='ltr'><strong>frueretur</strong></span> <span class='ocrx_word' id='word_1_119' title='bbox 1189 1934 1202 1971; x_wconf 90' lang='lat'><strong>:</strong></span> <span class='ocrx_word' id='word_1_120' title='bbox 1231 1915 1390 1970; x_wconf 86' lang='lat' dir='ltr'><strong>hodie</strong></span> <span class='ocrx_word' id='word_1_121' title='bbox 1419 1914 1612 1970; x_wconf 85' lang='lat' dir='ltr'><strong>iterum</strong></span> <span class='ocrx_word' id='word_1_122' title='bbox 1633 1911 1868 1968; x_wconf 83' lang='lat' dir='ltr'><strong>declarat</strong></span> <span class='ocrx_word' id='word_1_123' title='bbox 1893 1924 1996 1964; x_wconf 79' lang='lat' dir='ltr'><strong>no-</strong></span> 
     </span>
    </p>
   </div>
   <div class='ocr_carea' id='block_1_18' title="bbox 412 2004 1996 2077">
    <p class='ocr_par' dir='ltr' id='par_1_18' title="bbox 412 2004 1996 2077">
     <span class='ocr_line' id='line_1_18' title="bbox 412 2004 1996 2077; baseline -0.004 -13"><span class='ocrx_word' id='word_1_124' title='bbox 412 2012 495 2064; x_wconf 91' lang='lat' dir='ltr'><strong>his</strong></span> <span class='ocrx_word' id='word_1_125' title='bbox 523 2009 841 2065; x_wconf 70' lang='lat' dir='ltr'><strong>ineffabilem</strong></span> <span class='ocrx_word' id='word_1_126' title='bbox 872 2010 965 2073; x_wconf 90' lang='lat' dir='ltr'><strong>Dci</strong></span> <span class='ocrx_word' id='word_1_127' title='bbox 993 2008 1352 2069; x_wconf 83' lang='lat' dir='ltr'><strong>clementiam.</strong></span> <span class='ocrx_word' id='word_1_128' title='bbox 1381 2021 1540 2077; x_wconf 90' lang='lat' dir='ltr'><strong>quam</strong></span> <span class='ocrx_word' id='word_1_129' title='bbox 1562 2005 1703 2060; x_wconf 88' lang='lat' dir='ltr'><strong>circa</strong></span> <span class='ocrx_word' id='word_1_130' title='bbox 1726 2004 1875 2058; x_wconf 90' lang='lat' dir='ltr'><strong>illum</strong></span> <span class='ocrx_word' id='word_1_131' title='bbox 1900 2017 1996 2057; x_wconf 79' lang='lat' dir='ltr'><strong>ex-</strong></span> 
     </span>
    </p>
   </div>
   <div class='ocr_carea' id='block_1_19' title="bbox 408 2091 1995 2165">
    <p class='ocr_par' dir='ltr' id='par_1_19' title="bbox 408 2091 1995 2165">
     <span class='ocr_line' id='line_1_19' title="bbox 408 2091 1995 2165; baseline -0.005 -12"><span class='ocrx_word' id='word_1_132' title='bbox 408 2101 576 2163; x_wconf 85' lang='lat' dir='ltr'><strong>hibet,</strong></span> <span class='ocrx_word' id='word_1_133' title='bbox 601 2109 657 2155; x_wconf 91' lang='lat' dir='ltr'><strong>ct</strong></span> <span class='ocrx_word' id='word_1_134' title='bbox 684 2115 965 2154; x_wconf 85' lang='lat' dir='ltr'><strong>resumens</strong></span> <span class='ocrx_word' id='word_1_135' title='bbox 993 2112 1300 2153; x_wconf 87' lang='lat' dir='ltr'><strong>sermonem</strong></span> <span class='ocrx_word' id='word_1_136' title='bbox 1330 2097 1404 2151; x_wconf 89' lang='lat' dir='ltr'><strong>ait</strong></span> <span class='ocrx_word' id='word_1_137' title='bbox 1434 2114 1449 2151; x_wconf 86' lang='lat'><strong>:</strong></span> <span class='ocrx_word' id='word_1_138' title='bbox 1482 2095 1550 2150; x_wconf 82' lang='lat' dir='ltr'><strong>Et</strong></span> <span class='ocrx_word' id='word_1_139' title='bbox 1592 2093 1787 2165; x_wconf 88' lang='lat' dir='ltr'><strong>accepit</strong></span> <span class='ocrx_word' id='word_1_140' title='bbox 1817 2091 1995 2146; x_wconf 58' lang='lat' dir='ltr'><strong>Domi.</strong></span> 
     </span>
    </p>
   </div>
   <div class='ocr_carea' id='block_1_20' title="bbox 407 2182 1994 2261">
    <p class='ocr_par' dir='ltr' id='par_1_20' title="bbox 407 2182 1994 2261">
     <span class='ocr_line' id='line_1_20' title="bbox 407 2182 1994 2261; baseline -0.005 -17"><span class='ocrx_word' id='word_1_141' title='bbox 407 2209 506 2246; x_wconf 86' lang='lat' dir='ltr'><strong>nus</strong></span> <span class='ocrx_word' id='word_1_142' title='bbox 531 2190 672 2245; x_wconf 89' lang='lat' dir='ltr'><strong>Deus</strong></span> <span class='ocrx_word' id='word_1_143' title='bbox 714 2191 987 2254; x_wconf 78' lang='lat' dir='ltr'><strong>hominem,</strong></span> <span class='ocrx_word' id='word_1_144' title='bbox 1016 2205 1163 2261; x_wconf 85' lang='lat' dir='ltr'><strong>quem</strong></span> <span class='ocrx_word' id='word_1_145' title='bbox 1192 2187 1449 2259; x_wconf 78' lang='lat' dir='ltr'><strong>formavit,</strong></span> <span class='ocrx_word' id='word_1_146' title='bbox 1503 2195 1551 2241; x_wconf 89' lang='lat' dir='ltr'><strong>et</strong></span> <span class='ocrx_word' id='word_1_147' title='bbox 1593 2184 1757 2257; x_wconf 78' lang='lat' dir='ltr'><strong>posuit</strong></span> <span class='ocrx_word' id='word_1_148' title='bbox 1785 2198 1898 2238; x_wconf 86' lang='lat' dir='ltr'><strong>eum</strong></span> <span class='ocrx_word' id='word_1_149' title='bbox 1940 2182 1994 2236; x_wconf 89' lang='lat' dir='ltr'><strong>in</strong></span> 
     </span>
    </p>
   </div>
   <div class='ocr_carea' id='block_1_21' title="bbox 408 2270 1993 2352">
    <p class='ocr_par' dir='ltr' id='par_1_21' title="bbox 408 2270 1993 2352">
     <span class='ocr_line' id='line_1_21' title="bbox 408 2270 1993 2352; baseline -0.005 -17"><span class='ocrx_word' id='word_1_150' title='bbox 408 2281 651 2352; x_wconf 77' lang='lat' dir='ltr'><strong>paradiso</strong></span> <span class='ocrx_word' id='word_1_151' title='bbox 677 2280 947 2350; x_wconf 74' lang='lat' dir='ltr'><strong>voluptatis</strong></span> <span class='ocrx_word' id='word_1_152' title='bbox 963 2294 984 2343; x_wconf 91' lang='lat'><strong>;</strong></span> <span class='ocrx_word' id='word_1_153' title='bbox 1013 2294 1120 2334; x_wconf 91' lang='lat' dir='ltr'><strong>non</strong></span> <span class='ocrx_word' id='word_1_154' title='bbox 1147 2275 1212 2331; x_wconf 79' lang='lat' dir='ltr'><strong>In</strong></span> <span class='ocrx_word' id='word_1_155' title='bbox 1242 2278 1484 2348; x_wconf 74' lang='lat' dir='ltr'><strong>paradiso</strong></span> <span class='ocrx_word' id='word_1_156' title='bbox 1509 2275 1680 2331; x_wconf 89' lang='lat' dir='ltr'><strong>solum</strong></span> <span class='ocrx_word' id='word_1_157' title='bbox 1711 2272 1866 2338; x_wconf 86' lang='lat' dir='ltr'><strong>dixit,</strong></span> <span class='ocrx_word' id='word_1_158' title='bbox 1898 2270 1993 2327; x_wconf 87' lang='lat' dir='ltr'><strong>sed</strong></span> 
     </span>
    </p>
   </div>
   <div class='ocr_carea' id='block_1_22' title="bbox 406 2366 1994 2443">
    <p class='ocr_par' dir='ltr' id='par_1_22' title="bbox 406 2366 1994 2443">
     <span class='ocr_line' id='line_1_22' title="bbox 406 2366 1994 2443; baseline -0.006 -13"><span class='ocrx_word' id='word_1_159' title='bbox 406 2374 635 2441; x_wconf 82' lang='lat' dir='ltr'><strong>addidit,</strong></span> <span class='ocrx_word' id='word_1_160' title='bbox 675 2372 982 2443; x_wconf 83' lang='lat' dir='ltr'><strong>Voluptatis,</strong></span> <span class='ocrx_word' id='word_1_161' title='bbox 1027 2381 1087 2427; x_wconf 90' lang='lat' dir='ltr'><strong>ut</strong></span> <span class='ocrx_word' id='word_1_162' title='bbox 1125 2373 1413 2442; x_wconf 79' lang='lat' dir='ltr'><strong>ingentem,</strong></span> <span class='ocrx_word' id='word_1_163' title='bbox 1447 2385 1548 2439; x_wconf 88' lang='lat' dir='ltr'><strong>qua</strong></span> <span class='ocrx_word' id='word_1_164' title='bbox 1589 2369 1642 2423; x_wconf 92' lang='lat' dir='ltr'><strong>in</strong></span> <span class='ocrx_word' id='word_1_165' title='bbox 1674 2368 1760 2423; x_wconf 90' lang='lat' dir='ltr'><strong>illa</strong></span> <span class='ocrx_word' id='word_1_166' title='bbox 1790 2366 1994 2420; x_wconf 88' lang='lat' dir='ltr'><strong>habita-</strong></span> 
     </span>
    </p>
   </div>
   <div class='ocr_carea' id='block_1_23' title="bbox 410 2459 1996 2534">
    <p class='ocr_par' dir='ltr' id='par_1_23' title="bbox 410 2459 1996 2534">
     <span class='ocr_line' id='line_1_23' title="bbox 410 2459 1996 2534; baseline -0.006 -14"><span class='ocrx_word' id='word_1_167' title='bbox 410 2467 557 2522; x_wconf 88' lang='lat' dir='ltr'><strong>tione</strong></span> <span class='ocrx_word' id='word_1_168' title='bbox 605 2464 915 2527; x_wconf 85' lang='lat' dir='ltr'><strong>frucbatur,</strong></span> <span class='ocrx_word' id='word_1_169' title='bbox 953 2464 1280 2534; x_wconf 88' lang='lat' dir='ltr'><strong>voluptatem</strong></span> <span class='ocrx_word' id='word_1_170' title='bbox 1331 2461 1491 2516; x_wconf 89' lang='lat' dir='ltr'><strong>nobis</strong></span> <span class='ocrx_word' id='word_1_171' title='bbox 1537 2459 1835 2515; x_wconf 86' lang='lat' dir='ltr'><strong>declararet</strong></span> <span class='ocrx_word' id='word_1_172' title='bbox 1875 2474 1890 2512; x_wconf 74' lang='grc' dir='ltr'>ε</span> <span class='ocrx_word' id='word_1_173' title='bbox 1931 2471 1996 2512; x_wconf 90' lang='lat' dir='ltr'><strong>ac</strong></span> 
     </span>
    </p>
   </div>
   <div class='ocr_carea' id='block_1_24' title="bbox 409 2551 1993 2630">
    <p class='ocr_par' dir='ltr' id='par_1_24' title="bbox 409 2551 1993 2630">
     <span class='ocr_line' id='line_1_24' title="bbox 409 2551 1993 2630; baseline -0.006 -16"><span class='ocrx_word' id='word_1_174' title='bbox 409 2569 690 2630; x_wconf 76' lang='lat' dir='ltr'><strong>postquam</strong></span> <span class='ocrx_word' id='word_1_175' title='bbox 729 2558 890 2624; x_wconf 81' lang='lat' dir='ltr'><strong>dixit,</strong></span> <span class='ocrx_word' id='word_1_176' title='bbox 924 2556 1105 2613; x_wconf 88' lang='lat' dir='ltr'><strong>Posuit</strong></span> <span class='ocrx_word' id='word_1_177' title='bbox 1143 2557 1288 2611; x_wconf 84' lang='lat' dir='ltr'><strong>illum</strong></span> <span class='ocrx_word' id='word_1_178' title='bbox 1317 2556 1370 2609; x_wconf 89' lang='lat' dir='ltr'><strong>in</strong></span> <span class='ocrx_word' id='word_1_179' title='bbox 1415 2554 1655 2624; x_wconf 82' lang='lat' dir='ltr'><strong>paradiso</strong></span> <span class='ocrx_word' id='word_1_180' title='bbox 1698 2551 1993 2623; x_wconf 80' lang='lat' dir='ltr'><strong>voluptatis,</strong></span> 
     </span>
    </p>
   </div>
   <div class='ocr_carea' id='block_1_25' title="bbox 408 2640 1998 2721">
    <p class='ocr_par' dir='ltr' id='par_1_25' title="bbox 408 2640 1998 2721">
     <span class='ocr_line' id='line_1_25' title="bbox 408 2640 1998 2721; baseline -0.006 -15"><span class='ocrx_word' id='word_1_181' title='bbox 408 2651 580 2718; x_wconf 78' lang='lat' dir='ltr'><strong>addit,</strong></span> <span class='ocrx_word' id='word_1_182' title='bbox 606 2648 673 2705; x_wconf 87' lang='lat' dir='ltr'><strong>Ut</strong></span> <span class='ocrx_word' id='word_1_183' title='bbox 695 2658 990 2721; x_wconf 84' lang='lat' dir='ltr'><strong>operaretur</strong></span> <span class='ocrx_word' id='word_1_184' title='bbox 1009 2657 1055 2703; x_wconf 85' lang='lat' dir='ltr'><strong>et</strong></span> <span class='ocrx_word' id='word_1_185' title='bbox 1075 2647 1345 2703; x_wconf 84' lang='lat' dir='ltr'><strong>custodiret</strong></span> <span class='ocrx_word' id='word_1_186' title='bbox 1370 2644 1539 2700; x_wconf 80' lang='lat' dir='ltr'><strong>illum.</strong></span> <span class='ocrx_word' id='word_1_187' title='bbox 1568 2642 1800 2714; x_wconf 86' lang='lat' dir='ltr'><strong>Ingentis</strong></span> <span class='ocrx_word' id='word_1_188' title='bbox 1819 2652 1874 2697; x_wconf 88' lang='lat' dir='ltr'><strong>et</strong></span> <span class='ocrx_word' id='word_1_189' title='bbox 1896 2640 1998 2696; x_wconf 91' lang='lat' dir='ltr'><strong>hoc</strong></span> 
     </span>
    </p>
   </div>
   <div class='ocr_carea' id='block_1_26' title="bbox 410 2732 1999 2812">
    <p class='ocr_par' dir='ltr' id='par_1_26' title="bbox 410 2732 1999 2812">
     <span class='ocr_line' id='line_1_26' title="bbox 410 2732 1999 2812; baseline -0.006 -16"><span class='ocrx_word' id='word_1_190' title='bbox 410 2740 755 2812; x_wconf 71' lang='lat' dir='ltr'><strong>providentia:</strong></span> <span class='ocrx_word' id='word_1_191' title='bbox 780 2749 882 2794; x_wconf 89' lang='lat' dir='ltr'><strong>est.</strong></span> <span class='ocrx_word' id='word_1_192' title='bbox 913 2738 1173 2807; x_wconf 84' lang='lat' dir='ltr'><strong>Quoniam</strong></span> <span class='ocrx_word' id='word_1_193' title='bbox 1199 2737 1341 2793; x_wconf 91' lang='lat' dir='ltr'><strong>enim</strong></span> <span class='ocrx_word' id='word_1_194' title='bbox 1367 2736 1419 2790; x_wconf 92' lang='lat' dir='ltr'><strong>in</strong></span> <span class='ocrx_word' id='word_1_195' title='bbox 1452 2732 1755 2806; x_wconf 89' lang='lat' dir='ltr'><strong>hujusmodi</strong></span> <span class='ocrx_word' id='word_1_196' title='bbox 1781 2732 1999 2787; x_wconf 82' lang='lat' dir='ltr'><strong>sedibus</strong></span> 
     </span>
    </p>
   </div>
   <div class='ocr_carea' id='block_1_27' title="bbox 409 2825 1993 2901">
    <p class='ocr_par' dir='ltr' id='par_1_27' title="bbox 409 2825 1993 2901">
     <span class='ocr_line' id='line_1_27' title="bbox 409 2825 1993 2901; baseline -0.006 -14"><span class='ocrx_word' id='word_1_197' title='bbox 409 2832 559 2887; x_wconf 89' lang='lat' dir='ltr'><strong>omni</strong></span> <span class='ocrx_word' id='word_1_198' title='bbox 604 2830 908 2901; x_wconf 88' lang='lat' dir='ltr'><strong>replebatur</strong></span> <span class='ocrx_word' id='word_1_199' title='bbox 936 2830 1226 2899; x_wconf 88' lang='lat' dir='ltr'><strong>voluptate,</strong></span> <span class='ocrx_word' id='word_1_200' title='bbox 1272 2837 1327 2884; x_wconf 90' lang='lat' dir='ltr'><strong>et</strong></span> <span class='ocrx_word' id='word_1_201' title='bbox 1368 2837 1619 2898; x_wconf 89' lang='lat' dir='ltr'><strong>aspectus</strong></span> <span class='ocrx_word' id='word_1_202' title='bbox 1639 2825 1993 2896; x_wconf 85' lang='lat' dir='ltr'><strong>jueumlitate,</strong></span> 
     </span>
    </p>
   </div>
   <div class='ocr_carea' id='block_1_28' title="bbox 410 2915 1999 2993">
    <p class='ocr_par' dir='ltr' id='par_1_28' title="bbox 410 2915 1999 2993">
     <span class='ocr_line' id='line_1_28' title="bbox 410 2915 1999 2993; baseline -0.004 -16"><span class='ocrx_word' id='word_1_203' title='bbox 410 2938 477 2978; x_wconf 89' lang='lat' dir='ltr'><strong>ac</strong></span> <span class='ocrx_word' id='word_1_204' title='bbox 503 2922 681 2977; x_wconf 70' lang='lat' dir='ltr'><strong>laetitia</strong></span> <span class='ocrx_word' id='word_1_205' title='bbox 711 2921 835 2977; x_wconf 90' lang='lat' dir='ltr'><strong>inde</strong></span> <span class='ocrx_word' id='word_1_206' title='bbox 864 2930 1012 2993; x_wconf 87' lang='lat' dir='ltr'><strong>parta</strong></span> <span class='ocrx_word' id='word_1_207' title='bbox 1042 2919 1335 2987; x_wconf 76' lang='lat' dir='ltr'><strong>fruebatur,</strong></span> <span class='ocrx_word' id='word_1_208' title='bbox 1364 2934 1434 2974; x_wconf 90' lang='lat' dir='ltr'><strong>ne</strong></span> <span class='ocrx_word' id='word_1_209' title='bbox 1459 2933 1526 2974; x_wconf 85' lang='lat' dir='ltr'><strong>ex</strong></span> <span class='ocrx_word' id='word_1_210' title='bbox 1555 2917 1717 2972; x_wconf 88' lang='lat' dir='ltr'><strong>nimia</strong></span> <span class='ocrx_word' id='word_1_211' title='bbox 1746 2915 1999 2971; x_wconf 77' lang='lat' dir='ltr'><strong>felicitate</strong></span> 
     </span>
    </p>
   </div>
   <div class='ocr_carea' id='block_1_29' title="bbox 410 3010 1999 3084">
    <p class='ocr_par' dir='ltr' id='par_1_29' title="bbox 410 3010 1999 3084">
     <span class='ocr_line' id='line_1_29' title="bbox 410 3010 1999 3084; baseline -0.004 -15"><span class='ocrx_word' id='word_1_212' title='bbox 410 3016 575 3069; x_wconf 91' lang='lat' dir='ltr'><strong>homo</strong></span> <span class='ocrx_word' id='word_1_213' title='bbox 617 3013 962 3069; x_wconf 83' lang='lat' dir='ltr'><strong>insolesccret</strong></span> <span class='ocrx_word' id='word_1_214' title='bbox 1008 3011 1248 3084; x_wconf 80' lang='lat' dir='ltr'><strong>(Omnem</strong></span> <span class='ocrx_word' id='word_1_215' title='bbox 1290 3012 1455 3079; x_wconf 89' lang='lat' dir='ltr'><strong>enim,</strong></span> <span class='ocrx_word' id='word_1_216' title='bbox 1507 3011 1700 3083; x_wconf 87' lang='lat' dir='ltr'><strong>inquit,</strong></span> <span class='ocrx_word' id='word_1_217' title='bbox 1749 3010 1999 3064; x_wconf 87' lang='lat' dir='ltr'><strong>malitiam</strong></span> 
     </span>
    </p>
   </div>
   <div class='ocr_carea' id='block_1_30' title="bbox 408 3097 1998 3176">
    <p class='ocr_par' dir='ltr' id='par_1_30' title="bbox 408 3097 1998 3176">
     <span class='ocr_line' id='line_1_30' title="bbox 408 3097 1998 3176; baseline -0.002 -18"><span class='ocrx_word' id='word_1_218' title='bbox 408 3107 581 3159; x_wconf 80' lang='lat' dir='ltr'><strong>docuit</strong></span> <span class='ocrx_word' id='word_1_219' title='bbox 609 3107 767 3159; x_wconf 88' lang='lat' dir='ltr'><strong>otium</strong></span> <span class='ocrx_word' id='word_1_220' title='bbox 792 3104 976 3176; x_wconf 72' lang='lat' dir='ltr'><strong>(ifccli.</strong></span> <span class='ocrx_word' id='word_1_221' title='bbox 1007 3106 1098 3161; x_wconf 72' lang='lat'><strong>53.</strong></span> <span class='ocrx_word' id='word_1_222' title='bbox 1138 3104 1256 3175; x_wconf 68' lang='lat'><strong>29),</strong></span> <span class='ocrx_word' id='word_1_223' title='bbox 1289 3102 1409 3159; x_wconf 85' lang='lat' dir='ltr'><strong>ideo</strong></span> <span class='ocrx_word' id='word_1_224' title='bbox 1440 3103 1693 3174; x_wconf 73' lang='lat' dir='ltr'><strong>przccepit</strong></span> <span class='ocrx_word' id='word_1_225' title='bbox 1723 3102 1882 3167; x_wconf 88' lang='lat' dir='ltr'><strong>Deus,</strong></span> <span class='ocrx_word' id='word_1_226' title='bbox 1930 3097 1998 3156; x_wconf 87' lang='lat' dir='ltr'><strong>Ut</strong></span> 
     </span>
    </p>
   </div>
   <div class='ocr_carea' id='block_1_31' title="bbox 408 3186 1998 3267">
    <p class='ocr_par' dir='ltr' id='par_1_31' title="bbox 408 3186 1998 3267">
     <span class='ocr_line' id='line_1_31' title="bbox 408 3186 1998 3267; baseline -0.002 -17"><span class='ocrx_word' id='word_1_227' title='bbox 408 3186 722 3267; x_wconf 83' lang='lat' dir='ltr'><strong>operaretur,</strong></span> <span class='ocrx_word' id='word_1_228' title='bbox 764 3207 810 3250; x_wconf 86' lang='lat' dir='ltr'><strong>et</strong></span> <span class='ocrx_word' id='word_1_229' title='bbox 835 3196 1105 3251; x_wconf 85' lang='lat' dir='ltr'><strong>custodiret</strong></span> <span class='ocrx_word' id='word_1_230' title='bbox 1133 3194 1299 3250; x_wconf 88' lang='lat' dir='ltr'><strong>illum.</strong></span> <span class='ocrx_word' id='word_1_231' title='bbox 1326 3194 1465 3263; x_wconf 84' lang='lat' dir='ltr'><strong>Quid</strong></span> <span class='ocrx_word' id='word_1_232' title='bbox 1498 3198 1698 3259; x_wconf 84' lang='lat' dir='ltr'><strong>autem,</strong></span> <span class='ocrx_word' id='word_1_233' title='bbox 1731 3192 1900 3258; x_wconf 91' lang='lat' dir='ltr'><strong>dices,</strong></span> <span class='ocrx_word' id='word_1_234' title='bbox 1932 3191 1998 3247; x_wconf 84' lang='lat' dir='ltr'><strong>il-</strong></span> 
     </span>
    </p>
   </div>
   <div class='ocr_carea' id='block_1_32' title="bbox 411 3282 2002 3360">
    <p class='ocr_par' dir='ltr' id='par_1_32' title="bbox 411 3282 2002 3360">
     <span class='ocr_line' id='line_1_32' title="bbox 411 3282 2002 3360; baseline -0.004 -16"><span class='ocrx_word' id='word_1_235' title='bbox 411 3291 516 3344; x_wconf 89' lang='lat' dir='ltr'><strong>lius</strong></span> <span class='ocrx_word' id='word_1_236' title='bbox 543 3304 669 3344; x_wconf 89' lang='lat' dir='ltr'><strong>cura</strong></span> <span class='ocrx_word' id='word_1_237' title='bbox 694 3289 883 3360; x_wconf 86' lang='lat' dir='ltr'><strong>egebat</strong></span> <span class='ocrx_word' id='word_1_238' title='bbox 906 3287 1220 3358; x_wconf 82' lang='lat' dir='ltr'><strong>paradisus?</strong></span> <span class='ocrx_word' id='word_1_239' title='bbox 1247 3286 1361 3341; x_wconf 87' lang='lat' dir='ltr'><strong>Non</strong></span> <span class='ocrx_word' id='word_1_240' title='bbox 1394 3286 1496 3341; x_wconf 90' lang='lat' dir='ltr'><strong>hoc</strong></span> <span class='ocrx_word' id='word_1_241' title='bbox 1520 3285 1681 3350; x_wconf 91' lang='lat' dir='ltr'><strong>dico;</strong></span> <span class='ocrx_word' id='word_1_242' title='bbox 1711 3283 1804 3338; x_wconf 90' lang='lat' dir='ltr'><strong>sed</strong></span> <span class='ocrx_word' id='word_1_243' title='bbox 1836 3282 2002 3338; x_wconf 87' lang='lat' dir='ltr'><strong>voluit</strong></span> 
     </span>
    </p>
   </div>
   <div class='ocr_carea' id='block_1_33' title="bbox 411 3372 1998 3450">
    <p class='ocr_par' dir='ltr' id='par_1_33' title="bbox 411 3372 1998 3450">
     <span class='ocr_line' id='line_1_33' title="bbox 411 3372 1998 3450; baseline -0.005 -15"><span class='ocrx_word' id='word_1_244' title='bbox 411 3392 591 3437; x_wconf 88' lang='lat' dir='ltr'><strong>tamen</strong></span> <span class='ocrx_word' id='word_1_245' title='bbox 609 3391 665 3437; x_wconf 86' lang='lat' dir='ltr'><strong>ut</strong></span> <span class='ocrx_word' id='word_1_246' title='bbox 693 3380 955 3435; x_wconf 90' lang='lat' dir='ltr'><strong>modicam</strong></span> <span class='ocrx_word' id='word_1_247' title='bbox 980 3393 1163 3435; x_wconf 92' lang='lat' dir='ltr'><strong>curam</strong></span> <span class='ocrx_word' id='word_1_248' title='bbox 1184 3387 1394 3450; x_wconf 86' lang='lat' dir='ltr'><strong>gereret</strong></span> <span class='ocrx_word' id='word_1_249' title='bbox 1415 3376 1607 3447; x_wconf 85' lang='lat' dir='ltr'><strong>partim</strong></span> <span class='ocrx_word' id='word_1_250' title='bbox 1624 3372 1998 3441; x_wconf 90' lang='lat' dir='ltr'><strong>custodiendo,</strong></span> 
     </span>
    </p>
   </div>
   <div class='ocr_carea' id='block_1_34' title="bbox 411 3464 2001 3545">
    <p class='ocr_par' dir='ltr' id='par_1_34' title="bbox 411 3464 2001 3545">
     <span class='ocr_line' id='line_1_34' title="bbox 411 3464 2001 3545; baseline -0.006 -15"><span class='ocrx_word' id='word_1_251' title='bbox 411 3485 469 3530; x_wconf 91' lang='lat' dir='ltr'><strong>ct</strong></span> <span class='ocrx_word' id='word_1_252' title='bbox 496 3475 685 3545; x_wconf 88' lang='lat' dir='ltr'><strong>partim</strong></span> <span class='ocrx_word' id='word_1_253' title='bbox 729 3471 1054 3543; x_wconf 71' lang='lat' dir='ltr'><strong>operando‘.</strong></span> <span class='ocrx_word' id='word_1_254' title='bbox 1104 3469 1162 3527; x_wconf 89' lang='lat' dir='ltr'><strong>Si</strong></span> <span class='ocrx_word' id='word_1_255' title='bbox 1208 3470 1352 3526; x_wconf 90' lang='lat' dir='ltr'><strong>enim</strong></span> <span class='ocrx_word' id='word_1_256' title='bbox 1383 3469 1528 3524; x_wconf 91' lang='lat' dir='ltr'><strong>omni</strong></span> <span class='ocrx_word' id='word_1_257' title='bbox 1570 3481 1790 3539; x_wconf 87' lang='lat' dir='ltr'><strong>prorsus</strong></span> <span class='ocrx_word' id='word_1_258' title='bbox 1817 3464 2001 3521; x_wconf 85' lang='lat' dir='ltr'><strong>labore</strong></span> 
     </span>
    </p>
   </div>
   <div class='ocr_carea' id='block_1_35' title="bbox 414 3557 1999 3634">
    <p class='ocr_par' dir='ltr' id='par_1_35' title="bbox 414 3557 1999 3634">
     <span class='ocr_line' id='line_1_35' title="bbox 414 3557 1999 3634; baseline -0.006 -12"><span class='ocrx_word' id='word_1_259' title='bbox 414 3583 614 3623; x_wconf 78' lang='lat' dir='ltr'><strong>vacuus</strong></span> <span class='ocrx_word' id='word_1_260' title='bbox 641 3567 849 3634; x_wconf 88' lang='lat' dir='ltr'><strong>fuisset,</strong></span> <span class='ocrx_word' id='word_1_261' title='bbox 881 3581 945 3621; x_wconf 89' lang='lat' dir='ltr'><strong>ex</strong></span> <span class='ocrx_word' id='word_1_262' title='bbox 987 3564 1151 3619; x_wconf 92' lang='lat' dir='ltr'><strong>nimio</strong></span> <span class='ocrx_word' id='word_1_263' title='bbox 1179 3564 1287 3619; x_wconf 90' lang='lat' dir='ltr'><strong>otio</strong></span> <span class='ocrx_word' id='word_1_264' title='bbox 1311 3562 1492 3617; x_wconf 84' lang='lat' dir='ltr'><strong>statim</strong></span> <span class='ocrx_word' id='word_1_265' title='bbox 1521 3561 1573 3617; x_wconf 91' lang='lat' dir='ltr'><strong>in</strong></span> <span class='ocrx_word' id='word_1_266' title='bbox 1603 3557 1868 3631; x_wconf 88' lang='lat' dir='ltr'><strong>ignaviam</strong></span> <span class='ocrx_word' id='word_1_267' title='bbox 1898 3557 1999 3613; x_wconf 84' lang='lat' dir='ltr'><strong>dc-</strong></span> 
     </span>
    </p>
   </div>
   <div class='ocr_carea' id='block_1_36' title="bbox 417 3649 2003 3728">
    <p class='ocr_par' dir='ltr' id='par_1_36' title="bbox 417 3649 2003 3728">
     <span class='ocr_line' id='line_1_36' title="bbox 417 3649 2003 3728; baseline -0.006 -13"><span class='ocrx_word' id='word_1_268' title='bbox 417 3662 669 3716; x_wconf 86' lang='lat' dir='ltr'><strong>cliuassct</strong></span> <span class='ocrx_word' id='word_1_269' title='bbox 701 3678 715 3714; x_wconf 90' lang='lat'><strong>:</strong></span> <span class='ocrx_word' id='word_1_270' title='bbox 748 3669 803 3714; x_wconf 91' lang='lat' dir='ltr'><strong>at</strong></span> <span class='ocrx_word' id='word_1_271' title='bbox 848 3673 967 3713; x_wconf 89' lang='lat' dir='ltr'><strong>cum</strong></span> <span class='ocrx_word' id='word_1_272' title='bbox 998 3654 1299 3728; x_wconf 85' lang='lat' dir='ltr'><strong>operationi</strong></span> <span class='ocrx_word' id='word_1_273' title='bbox 1341 3669 1463 3710; x_wconf 88' lang='lat' dir='ltr'><strong>sese</strong></span> <span class='ocrx_word' id='word_1_274' title='bbox 1492 3652 1647 3708; x_wconf 89' lang='lat' dir='ltr'><strong>daret</strong></span> <span class='ocrx_word' id='word_1_275' title='bbox 1673 3651 1790 3706; x_wconf 86' lang='lat' dir='ltr'><strong>sine</strong></span> <span class='ocrx_word' id='word_1_276' title='bbox 1816 3649 2003 3706; x_wconf 90' lang='lat' dir='ltr'><strong>dolore</strong></span> 
     </span>
    </p>
   </div>
   <div class='ocr_carea' id='block_1_37' title="bbox 416 3739 1999 3819">
    <p class='ocr_par' dir='ltr' id='par_1_37' title="bbox 416 3739 1999 3819">
     <span class='ocr_line' id='line_1_37' title="bbox 416 3739 1999 3819; baseline -0.006 -15"><span class='ocrx_word' id='word_1_277' title='bbox 416 3752 502 3807; x_wconf 74' lang='lat' dir='ltr'><strong>vel</strong></span> <span class='ocrx_word' id='word_1_278' title='bbox 530 3750 793 3817; x_wconf 87' lang='lat' dir='ltr'><strong>molestia,</strong></span> <span class='ocrx_word' id='word_1_279' title='bbox 825 3748 1208 3819; x_wconf 87' lang='lat' dir='ltr'><strong>temperantior</strong></span> <span class='ocrx_word' id='word_1_280' title='bbox 1227 3758 1346 3801; x_wconf 85' lang='lat' dir='ltr'><strong>esse</strong></span> <span class='ocrx_word' id='word_1_281' title='bbox 1370 3751 1599 3814; x_wconf 87' lang='lat' dir='ltr'><strong>poterat.</strong></span> <span class='ocrx_word' id='word_1_282' title='bbox 1632 3739 1767 3797; x_wconf 86' lang='lat' dir='ltr'><strong>Illud</strong></span> <span class='ocrx_word' id='word_1_283' title='bbox 1794 3747 1999 3806; x_wconf 87' lang='lat' dir='ltr'><strong>autem,</strong></span> 
     </span>
    </p>
   </div>
   <div class='ocr_carea' id='block_1_38' title="bbox 358 3833 2003 3917">
    <p class='ocr_par' dir='ltr' id='par_1_38' title="bbox 358 3833 2003 3917">
     <span class='ocr_line' id='line_1_38' title="bbox 358 3833 2003 3917; baseline -0.01 -15"><span class='ocrx_word' id='word_1_284' title='bbox 358 3906 363 3909; x_wconf 89' lang='lat'>_</span> <span class='ocrx_word' id='word_1_285' title='bbox 419 3846 490 3902; x_wconf 87' lang='lat' dir='ltr'><strong>Ut</strong></span> <span class='ocrx_word' id='word_1_286' title='bbox 518 3838 831 3917; x_wconf 84' lang='lat' dir='ltr'><strong>operaretur,</strong></span> <span class='ocrx_word' id='word_1_287' title='bbox 856 3858 960 3898; x_wconf 91' lang='lat' dir='ltr'><strong>non</strong></span> <span class='ocrx_word' id='word_1_288' title='bbox 988 3842 1105 3896; x_wconf 92' lang='lat' dir='ltr'><strong>sine</strong></span> <span class='ocrx_word' id='word_1_289' title='bbox 1131 3852 1291 3894; x_wconf 88' lang='lat' dir='ltr'><strong>causa</strong></span> <span class='ocrx_word' id='word_1_290' title='bbox 1318 3836 1530 3902; x_wconf 91' lang='lat' dir='ltr'><strong>dicitur,</strong></span> <span class='ocrx_word' id='word_1_291' title='bbox 1563 3833 1657 3890; x_wconf 91' lang='lat' dir='ltr'><strong>sed</strong></span> <span class='ocrx_word' id='word_1_292' title='bbox 1696 3840 1782 3889; x_wconf 90' lang='lat' dir='ltr'><strong>est</strong></span> <span class='ocrx_word' id='word_1_293' title='bbox 1811 3841 2003 3887; x_wconf 88' lang='lat' dir='ltr'><strong>attem-</strong></span> 
     </span>
    </p>
   </div>
   <div class='ocr_carea' id='block_1_39' title="bbox 416 3922 2000 4009">
    <p class='ocr_par' dir='ltr' id='par_1_39' title="bbox 416 3922 2000 4009">
     <span class='ocr_line' id='line_1_39' title="bbox 416 3922 2000 4009; baseline -0.012 -15"><span class='ocrx_word' id='word_1_294' title='bbox 416 3947 658 4009; x_wconf 79' lang='lat' dir='ltr'><strong>peratum</strong></span> <span class='ocrx_word' id='word_1_295' title='bbox 688 3935 911 4002; x_wconf 90' lang='lat' dir='ltr'><strong>dictum,</strong></span> <span class='ocrx_word' id='word_1_296' title='bbox 953 3941 1011 3988; x_wconf 90' lang='lat' dir='ltr'><strong>ut</strong></span> <span class='ocrx_word' id='word_1_297' title='bbox 1042 3932 1196 4002; x_wconf 88' lang='lat' dir='ltr'><strong>plane</strong></span> <span class='ocrx_word' id='word_1_298' title='bbox 1225 3929 1407 3994; x_wconf 90' lang='lat' dir='ltr'><strong>sciret,</strong></span> <span class='ocrx_word' id='word_1_299' title='bbox 1453 3940 1512 3981; x_wconf 86' lang='lat' dir='ltr'><strong>se</strong></span> <span class='ocrx_word' id='word_1_300' title='bbox 1536 3925 1756 3981; x_wconf 89' lang='lat' dir='ltr'><strong>domino</strong></span> <span class='ocrx_word' id='word_1_301' title='bbox 1788 3922 2000 3978; x_wconf 90' lang='lat' dir='ltr'><strong>cuidam</strong></span> 
     </span>
    </p>
   </div>
   <div class='ocr_carea' id='block_1_40' title="bbox 416 4013 2007 4101">
    <p class='ocr_par' dir='ltr' id='par_1_40' title="bbox 416 4013 2007 4101">
     <span class='ocr_line' id='line_1_40' title="bbox 416 4013 2007 4101; baseline -0.011 -15"><span class='ocrx_word' id='word_1_302' title='bbox 416 4031 626 4101; x_wconf 83' lang='lat' dir='ltr'><strong>subjici,</strong></span> <span class='ocrx_word' id='word_1_303' title='bbox 657 4029 744 4101; x_wconf 88' lang='lat' dir='ltr'><strong>qui</strong></span> <span class='ocrx_word' id='word_1_304' title='bbox 772 4035 931 4083; x_wconf 76' lang='lat' dir='ltr'><strong>tanta:</strong></span> <span class='ocrx_word' id='word_1_305' title='bbox 958 4024 1244 4095; x_wconf 80' lang='lat' dir='ltr'><strong>voluptatis</strong></span> <span class='ocrx_word' id='word_1_306' title='bbox 1271 4019 1653 4078; x_wconf 88' lang='lat' dir='ltr'><strong>habitationem</strong></span> <span class='ocrx_word' id='word_1_307' title='bbox 1695 4016 1799 4071; x_wconf 87' lang='lat' dir='ltr'><strong>sibi</strong></span> <span class='ocrx_word' id='word_1_308' title='bbox 1823 4013 2007 4071; x_wconf 88' lang='lat' dir='ltr'><strong>dedis-</strong></span> 
     </span>
    </p>
   </div>
   <div class='ocr_carea' id='block_1_41' title="bbox 416 4105 2001 4193">
    <p class='ocr_par' dir='ltr' id='par_1_41' title="bbox 416 4105 2001 4193">
     <span class='ocr_line' id='line_1_41' title="bbox 416 4105 2001 4193; baseline -0.013 -13"><span class='ocrx_word' id='word_1_309' title='bbox 416 4136 521 4191; x_wconf 86' lang='lat' dir='ltr'><strong>set,</strong></span> <span class='ocrx_word' id='word_1_310' title='bbox 557 4132 612 4179; x_wconf 90' lang='lat' dir='ltr'><strong>et</strong></span> <span class='ocrx_word' id='word_1_311' title='bbox 650 4121 892 4193; x_wconf 81' lang='lat' dir='ltr'><strong>ejusdem</strong></span> <span class='ocrx_word' id='word_1_312' title='bbox 940 4118 1044 4173; x_wconf 89' lang='lat' dir='ltr'><strong>sibi</strong></span> <span class='ocrx_word' id='word_1_313' title='bbox 1068 4113 1365 4173; x_wconf 88' lang='lat' dir='ltr'><strong>custodiam</strong></span> <span class='ocrx_word' id='word_1_314' title='bbox 1394 4111 1648 4168; x_wconf 85' lang='lat' dir='ltr'><strong>traderet.</strong></span> <span class='ocrx_word' id='word_1_315' title='bbox 1683 4108 1823 4164; x_wconf 89' lang='lat' dir='ltr'><strong>Deus</strong></span> <span class='ocrx_word' id='word_1_316' title='bbox 1857 4105 2001 4162; x_wconf 88' lang='lat' dir='ltr'><strong>enim</strong></span> 
     </span>
    </p>
   </div>
   <div class='ocr_carea' id='block_1_42' title="bbox 418 4201 2002 4280">
    <p class='ocr_par' dir='ltr' id='par_1_42' title="bbox 418 4201 2002 4280">
     <span class='ocr_line' id='line_1_42' title="bbox 418 4201 2002 4280; baseline -0.014 -7"><span class='ocrx_word' id='word_1_317' title='bbox 418 4217 598 4272; x_wconf 88' lang='lat' dir='ltr'><strong>omnia</strong></span> <span class='ocrx_word' id='word_1_318' title='bbox 625 4214 751 4271; x_wconf 81' lang='lat' dir='ltr'><strong>facit</strong></span> <span class='ocrx_word' id='word_1_319' title='bbox 795 4222 852 4269; x_wconf 91' lang='lat' dir='ltr'><strong>et</strong></span> <span class='ocrx_word' id='word_1_320' title='bbox 892 4219 1149 4280; x_wconf 85' lang='lat' dir='ltr'><strong>operatur</strong></span> <span class='ocrx_word' id='word_1_321' title='bbox 1187 4215 1405 4279; x_wconf 89' lang='lat' dir='ltr'><strong>propter</strong></span> <span class='ocrx_word' id='word_1_322' title='bbox 1433 4210 1670 4259; x_wconf 90' lang='lat' dir='ltr'><strong>nostram</strong></span> <span class='ocrx_word' id='word_1_323' title='bbox 1697 4201 2002 4267; x_wconf 88' lang='lat' dir='ltr'><strong>utilitatem,</strong></span> 
     </span>
    </p>
   </div>
   <div class='ocr_carea' id='block_1_43' title="bbox 417 4291 2003 4365">
    <p class='ocr_par' dir='ltr' id='par_1_43' title="bbox 417 4291 2003 4365">
     <span class='ocr_line' id='line_1_43' title="bbox 417 4291 2003 4365; baseline -0.013 -1"><span class='ocrx_word' id='word_1_324' title='bbox 417 4325 484 4365; x_wconf 90' lang='lat' dir='ltr'><strong>ac</strong></span> <span class='ocrx_word' id='word_1_325' title='bbox 506 4323 627 4363; x_wconf 90' lang='lat' dir='ltr'><strong>cum</strong></span> <span class='ocrx_word' id='word_1_326' title='bbox 667 4307 756 4363; x_wconf 89' lang='lat' dir='ltr'><strong>illa</strong></span> <span class='ocrx_word' id='word_1_327' title='bbox 800 4305 960 4361; x_wconf 85' lang='lat' dir='ltr'><strong>etiam</strong></span> <span class='ocrx_word' id='word_1_328' title='bbox 992 4302 1298 4358; x_wconf 90' lang='lat' dir='ltr'><strong>fruitionem</strong></span> <span class='ocrx_word' id='word_1_329' title='bbox 1326 4298 1738 4365; x_wconf 86' lang='lat' dir='ltr'><strong>libertatemque</strong></span> <span class='ocrx_word' id='word_1_330' title='bbox 1780 4291 2003 4363; x_wconf 81' lang='lat' dir='ltr'><strong>pra:het.</strong></span> 
     </span>
    </p>
   </div>
   <div class='ocr_carea' id='block_1_44' title="bbox 420 4373 2002 4462">
    <p class='ocr_par' dir='ltr' id='par_1_44' title="bbox 420 4373 2002 4462">
     <span class='ocr_line' id='line_1_44' title="bbox 420 4373 2002 4462; baseline -0.013 -6"><span class='ocrx_word' id='word_1_331' title='bbox 420 4399 551 4456; x_wconf 77' lang='lat' dir='ltr'><strong>Nam</strong></span> <span class='ocrx_word' id='word_1_332' title='bbox 572 4399 617 4453; x_wconf 90' lang='lat' dir='ltr'><strong>si</strong></span> <span class='ocrx_word' id='word_1_333' title='bbox 643 4413 708 4455; x_wconf 79' lang='lat' dir='ltr'><strong>ex</strong></span> <span class='ocrx_word' id='word_1_334' title='bbox 735 4398 994 4452; x_wconf 90' lang='lat' dir='ltr'><strong>immensa</strong></span> <span class='ocrx_word' id='word_1_335' title='bbox 1020 4408 1116 4449; x_wconf 89' lang='lat' dir='ltr'><strong>sua</strong></span> <span class='ocrx_word' id='word_1_336' title='bbox 1142 4373 1489 4462; x_wconf 78' lang='lat' dir='ltr'><strong>benignitate,</strong></span> <span class='ocrx_word' id='word_1_337' title='bbox 1511 4387 1669 4443; x_wconf 89' lang='lat' dir='ltr'><strong>etiam</strong></span> <span class='ocrx_word' id='word_1_338' title='bbox 1698 4387 2002 4455; x_wconf 86' lang='lat' dir='ltr'><strong>priusquam</strong></span> 
     </span>
    </p>
   </div>
   <div class='ocr_carea' id='block_1_45' title="bbox 420 4478 2003 4564">
    <p class='ocr_par' dir='ltr' id='par_1_45' title="bbox 420 4478 2003 4564">
     <span class='ocr_line' id='line_1_45' title="bbox 420 4478 2003 4564; baseline -0.014 -14"><span class='ocrx_word' id='word_1_339' title='bbox 420 4509 521 4550; x_wconf 89' lang='lat' dir='ltr'><strong>nos</strong></span> <span class='ocrx_word' id='word_1_340' title='bbox 552 4491 887 4564; x_wconf 87' lang='lat' dir='ltr'><strong>produceret,</strong></span> <span class='ocrx_word' id='word_1_341' title='bbox 920 4487 1206 4544; x_wconf 71' lang='lat' dir='ltr'><strong>ineffabilia</strong></span> <span class='ocrx_word' id='word_1_342' title='bbox 1247 4484 1335 4539; x_wconf 88' lang='lat' dir='ltr'><strong>illa</strong></span> <span class='ocrx_word' id='word_1_343' title='bbox 1383 4483 1520 4538; x_wconf 85' lang='lat' dir='ltr'><strong>bona</strong></span> <span class='ocrx_word' id='word_1_344' title='bbox 1549 4478 1702 4535; x_wconf 89' lang='lat' dir='ltr'><strong>nobis</strong></span> <span class='ocrx_word' id='word_1_345' title='bbox 1733 4491 2003 4546; x_wconf 74' lang='lat' dir='ltr'><strong>pracpara-</strong></span> 
     </span>
    </p>
   </div>
   <div class='ocr_carea' id='block_1_46' title="bbox 421 4565 2006 4655">
    <p class='ocr_par' dir='ltr' id='par_1_46' title="bbox 421 4565 2006 4655">
     <span class='ocr_line' id='line_1_46' title="bbox 421 4565 2006 4655; baseline -0.011 -16"><span class='ocrx_word' id='word_1_346' title='bbox 421 4585 516 4647; x_wconf 83' lang='lat' dir='ltr'><strong>vit,</strong></span> <span class='ocrx_word' id='word_1_347' title='bbox 540 4582 984 4655; x_wconf 86' lang='lat' dir='ltr'><strong>quemadmodum</strong></span> <span class='ocrx_word' id='word_1_348' title='bbox 1017 4579 1108 4634; x_wconf 87' lang='lat' dir='ltr'><strong>ille</strong></span> <span class='ocrx_word' id='word_1_349' title='bbox 1132 4576 1264 4632; x_wconf 86' lang='lat' dir='ltr'><strong>dicit</strong></span> <span class='ocrx_word' id='word_1_350' title='bbox 1292 4593 1306 4630; x_wconf 88' lang='lat'><strong>:</strong></span> <span class='ocrx_word' id='word_1_351' title='bbox 1349 4572 1545 4638; x_wconf 85' lang='lat' dir='ltr'><strong>Venite,</strong></span> <span class='ocrx_word' id='word_1_352' title='bbox 1567 4569 1809 4625; x_wconf 80' lang='lat' dir='ltr'><strong>benedicti</strong></span> <span class='ocrx_word' id='word_1_353' title='bbox 1834 4565 2006 4622; x_wconf 84' lang='lat' dir='ltr'><strong>Patris</strong></span> 
     </span>
    </p>
   </div>
   <div class='ocr_carea' id='block_1_47' title="bbox 423 4661 2006 4742">
    <p class='ocr_par' dir='ltr' id='par_1_47' title="bbox 423 4661 2006 4742">
     <span class='ocr_line' id='line_1_47' title="bbox 423 4661 2006 4742; baseline -0.01 -15"><span class='ocrx_word' id='word_1_354' title='bbox 423 4676 542 4742; x_wconf 86' lang='lat' dir='ltr'><strong>mei,</strong></span> <span class='ocrx_word' id='word_1_355' title='bbox 591 4673 865 4727; x_wconf 81' lang='lat' dir='ltr'><strong>hereditate</strong></span> <span class='ocrx_word' id='word_1_356' title='bbox 905 4669 1118 4741; x_wconf 86' lang='lat' dir='ltr'><strong>accipite</strong></span> <span class='ocrx_word' id='word_1_357' title='bbox 1162 4674 1397 4737; x_wconf 87' lang='lat' dir='ltr'><strong>paratum</strong></span> <span class='ocrx_word' id='word_1_358' title='bbox 1451 4661 1589 4717; x_wconf 82' lang='lat' dir='ltr'><strong>vobis</strong></span> <span class='ocrx_word' id='word_1_359' title='bbox 1636 4675 1849 4731; x_wconf 85' lang='lat' dir='ltr'><strong>regnum</strong></span> <span class='ocrx_word' id='word_1_360' title='bbox 1889 4666 2006 4711; x_wconf 88' lang='lat' dir='ltr'><strong>ante</strong></span> 
     </span>
    </p>
   </div>
   <div class='ocr_carea' id='block_1_48' title="bbox 422 4750 2009 4829">
    <p class='ocr_par' dir='ltr' id='par_1_48' title="bbox 422 4750 2009 4829">
     <span class='ocr_line' id='line_1_48' title="bbox 422 4750 2009 4829; baseline -0.01 -9"><span class='ocrx_word' id='word_1_361' title='bbox 422 4766 824 4820; x_wconf 84' lang='lat' dir='ltr'><strong>constitutionem</strong></span> <span class='ocrx_word' id='word_1_362' title='bbox 866 4761 1046 4816; x_wconf 85' lang='lat' dir='ltr'><strong>mundi</strong></span> <span class='ocrx_word' id='word_1_363' title='bbox 1078 4759 1291 4829; x_wconf 75' lang='lat' dir='ltr'><strong>(Matth.</strong></span> <span class='ocrx_word' id='word_1_364' title='bbox 1331 4756 1424 4812; x_wconf 73' lang='grc'><strong>25.</strong></span> <span class='ocrx_word' id='word_1_365' title='bbox 1468 4752 1561 4829; x_wconf 66' lang='grc'><strong>54)</strong></span> <span class='ocrx_word' id='word_1_366' title='bbox 1591 4771 1605 4809; x_wconf 87' lang='lat'><strong>:</strong></span> <span class='ocrx_word' id='word_1_367' title='bbox 1639 4752 1805 4808; x_wconf 90' lang='lat' dir='ltr'><strong>multo</strong></span> <span class='ocrx_word' id='word_1_368' title='bbox 1841 4750 2009 4820; x_wconf 85' lang='lat' dir='ltr'><strong>magis</strong></span> 
     </span>
    </p>
   </div>
   <div class='ocr_carea' id='block_1_49' title="bbox 424 4847 1448 4926">
    <p class='ocr_par' dir='ltr' id='par_1_49' title="bbox 424 4847 1448 4926">
     <span class='ocr_line' id='line_1_49' title="bbox 424 4847 1448 4926; baseline -0.011 -14"><span class='ocrx_word' id='word_1_369' title='bbox 424 4856 705 4926; x_wconf 66' lang='lat' dir='ltr'><strong>prarsentia</strong></span> <span class='ocrx_word' id='word_1_370' title='bbox 733 4853 912 4909; x_wconf 88' lang='lat' dir='ltr'><strong>omnia</strong></span> <span class='ocrx_word' id='word_1_371' title='bbox 936 4852 1153 4922; x_wconf 80' lang='lat' dir='ltr'><strong>largiter</strong></span> <span class='ocrx_word' id='word_1_372' title='bbox 1176 4847 1448 4919; x_wconf 72' lang='lat' dir='ltr'><strong>prmbcbit.</strong></span> 
     </span>
    </p>
   </div>
   <div class='ocr_carea' id='block_1_50' title="bbox 497 4933 2008 5016">
    <p class='ocr_par' dir='ltr' id='par_1_50' title="bbox 497 4933 2008 5016">
     <span class='ocr_line' id='line_1_50' title="bbox 497 4933 2008 5016; baseline -0.011 -14"><span class='ocrx_word' id='word_1_373' title='bbox 497 4948 551 5002; x_wconf 78' lang='lat'><strong>3.</strong></span> <span class='ocrx_word' id='word_1_374' title='bbox 590 4945 723 5013; x_wconf 84' lang='lat' dir='ltr'><strong>Quia</strong></span> <span class='ocrx_word' id='word_1_375' title='bbox 763 4946 922 5016; x_wconf 82' lang='lat' dir='ltr'><strong>igitur</strong></span> <span class='ocrx_word' id='word_1_376' title='bbox 960 4952 1036 4998; x_wconf 90' lang='lat' dir='ltr'><strong>tot</strong></span> <span class='ocrx_word' id='word_1_377' title='bbox 1065 4941 1322 4997; x_wconf 82' lang='lat' dir='ltr'><strong>beneficia</strong></span> <span class='ocrx_word' id='word_1_378' title='bbox 1374 4940 1428 4994; x_wconf 91' lang='lat' dir='ltr'><strong>in</strong></span> <span class='ocrx_word' id='word_1_379' title='bbox 1465 4945 1704 4993; x_wconf 82' lang='lat' dir='ltr'><strong>creatum</strong></span> <span class='ocrx_word' id='word_1_380' title='bbox 1736 4933 2008 4989; x_wconf 85' lang='lat' dir='ltr'><strong>hominem</strong></span> 
     </span>
    </p>
   </div>
   <div class='ocr_carea' id='block_1_51' title="bbox 422 5026 2011 5108">
    <p class='ocr_par' dir='ltr' id='par_1_51' title="bbox 422 5026 2011 5108">
     <span class='ocr_line' id='line_1_51' title="bbox 422 5026 2011 5108; baseline -0.009 -13"><span class='ocrx_word' id='word_1_381' title='bbox 422 5039 667 5104; x_wconf 90' lang='lat' dir='ltr'><strong>contulit,</strong></span> <span class='ocrx_word' id='word_1_382' title='bbox 693 5037 972 5108; x_wconf 88' lang='lat' dir='ltr'><strong>primoque</strong></span> <span class='ocrx_word' id='word_1_383' title='bbox 1000 5050 1064 5088; x_wconf 82' lang='lat' dir='ltr'><strong>cx</strong></span> <span class='ocrx_word' id='word_1_384' title='bbox 1097 5032 1264 5087; x_wconf 90' lang='lat' dir='ltr'><strong>nihilo</strong></span> <span class='ocrx_word' id='word_1_385' title='bbox 1293 5028 1560 5100; x_wconf 78' lang='lat' dir='ltr'><strong>produxit.</strong></span> <span class='ocrx_word' id='word_1_386' title='bbox 1603 5037 1659 5083; x_wconf 89' lang='lat' dir='ltr'><strong>et</strong></span> <span class='ocrx_word' id='word_1_387' title='bbox 1701 5042 1765 5081; x_wconf 84' lang='lat' dir='ltr'><strong>cx</strong></span> <span class='ocrx_word' id='word_1_388' title='bbox 1795 5026 2011 5096; x_wconf 89' lang='lat' dir='ltr'><strong>pulvere</strong></span> 
     </span>
    </p>
   </div>
   <div class='ocr_carea' id='block_1_52' title="bbox 422 5115 2013 5200">
    <p class='ocr_par' dir='ltr' id='par_1_52' title="bbox 422 5115 2013 5200">
     <span class='ocr_line' id='line_1_52' title="bbox 422 5115 2013 5200; baseline -0.01 -14"><span class='ocrx_word' id='word_1_389' title='bbox 422 5146 621 5200; x_wconf 86' lang='lat' dir='ltr'><strong>corpus</strong></span> <span class='ocrx_word' id='word_1_390' title='bbox 648 5127 880 5183; x_wconf 88' lang='lat' dir='ltr'><strong>formare</strong></span> <span class='ocrx_word' id='word_1_391' title='bbox 909 5125 1156 5196; x_wconf 87' lang='lat' dir='ltr'><strong>dignatus</strong></span> <span class='ocrx_word' id='word_1_392' title='bbox 1183 5131 1287 5189; x_wconf 90' lang='lat' dir='ltr'><strong>est,</strong></span> <span class='ocrx_word' id='word_1_393' title='bbox 1319 5129 1627 5191; x_wconf 87' lang='lat' dir='ltr'><strong>posteaque,</strong></span> <span class='ocrx_word' id='word_1_394' title='bbox 1649 5116 1789 5188; x_wconf 81' lang='lat' dir='ltr'><strong>qtmd</strong></span> <span class='ocrx_word' id='word_1_395' title='bbox 1834 5115 2013 5171; x_wconf 74' lang='lat' dir='ltr'><strong>excel-</strong></span> 
     </span>
    </p>
   </div>
   <div class='ocr_carea' id='block_1_53' title="bbox 425 5207 2013 5287">
    <p class='ocr_par' dir='ltr' id='par_1_53' title="bbox 425 5207 2013 5287">
     <span class='ocr_line' id='line_1_53' title="bbox 425 5207 2013 5287; baseline -0.01 -9"><span class='ocrx_word' id='word_1_396' title='bbox 425 5222 625 5278; x_wconf 87' lang='lat' dir='ltr'><strong>lentius</strong></span> <span class='ocrx_word' id='word_1_397' title='bbox 647 5229 786 5287; x_wconf 87' lang='lat' dir='ltr'><strong>crat,</strong></span> <span class='ocrx_word' id='word_1_398' title='bbox 814 5218 1045 5272; x_wconf 89' lang='lat' dir='ltr'><strong>animam</strong></span> <span class='ocrx_word' id='word_1_399' title='bbox 1077 5216 1444 5284; x_wconf 83' lang='lat' dir='ltr'><strong>incorpoream</strong></span> <span class='ocrx_word' id='word_1_400' title='bbox 1474 5225 1570 5281; x_wconf 90' lang='lat' dir='ltr'><strong>per</strong></span> <span class='ocrx_word' id='word_1_401' title='bbox 1599 5207 2013 5263; x_wconf 81' lang='lat' dir='ltr'><strong>insufflationcm</strong></span> 
     </span>
    </p>
   </div>
   <div class='ocr_carea' id='block_1_54' title="bbox 424 5300 2015 5384">
    <p class='ocr_par' dir='ltr' id='par_1_54' title="bbox 424 5300 2015 5384">
     <span class='ocr_line' id='line_1_54' title="bbox 424 5300 2015 5384; baseline -0.013 -13"><span class='ocrx_word' id='word_1_402' title='bbox 424 5316 592 5381; x_wconf 90' lang='lat' dir='ltr'><strong>dedit,</strong></span> <span class='ocrx_word' id='word_1_403' title='bbox 628 5313 928 5384; x_wconf 89' lang='lat' dir='ltr'><strong>deindeque</strong></span> <span class='ocrx_word' id='word_1_404' title='bbox 958 5308 1260 5381; x_wconf 88' lang='lat' dir='ltr'><strong>paradisum</strong></span> <span class='ocrx_word' id='word_1_405' title='bbox 1291 5320 1433 5370; x_wconf 85' lang='lat' dir='ltr'><strong>esse,</strong></span> <span class='ocrx_word' id='word_1_406' title='bbox 1473 5312 1530 5361; x_wconf 87' lang='lat' dir='ltr'><strong>et</strong></span> <span class='ocrx_word' id='word_1_407' title='bbox 1571 5317 1694 5357; x_wconf 88' lang='lat' dir='ltr'><strong>eum</strong></span> <span class='ocrx_word' id='word_1_408' title='bbox 1727 5300 1835 5356; x_wconf 90' lang='lat' dir='ltr'><strong>illic</strong></span> <span class='ocrx_word' id='word_1_409' title='bbox 1863 5313 2015 5354; x_wconf 89' lang='lat' dir='ltr'><strong>com-</strong></span> 
     </span>
    </p>
   </div>
   <div class='ocr_carea' id='block_1_55' title="bbox 426 5394 2013 5475">
    <p class='ocr_par' dir='ltr' id='par_1_55' title="bbox 426 5394 2013 5475">
     <span class='ocr_line' id='line_1_55' title="bbox 426 5394 2013 5475; baseline -0.011 -12"><span class='ocrx_word' id='word_1_410' title='bbox 426 5405 622 5462; x_wconf 84' lang='lat' dir='ltr'><strong>morari</strong></span> <span class='ocrx_word' id='word_1_411' title='bbox 647 5404 823 5475; x_wconf 84' lang='lat' dir='ltr'><strong>jussit,</strong></span> <span class='ocrx_word' id='word_1_412' title='bbox 852 5411 973 5474; x_wconf 85' lang='lat' dir='ltr'><strong>post</strong></span> <span class='ocrx_word' id='word_1_413' title='bbox 1003 5401 1117 5455; x_wconf 84' lang='lat' dir='ltr'><strong>haec</strong></span> <span class='ocrx_word' id='word_1_414' title='bbox 1138 5406 1196 5452; x_wconf 94' lang='lat' dir='ltr'><strong>ut</strong></span> <span class='ocrx_word' id='word_1_415' title='bbox 1222 5406 1371 5466; x_wconf 89' lang='lat' dir='ltr'><strong>pater</strong></span> <span class='ocrx_word' id='word_1_416' title='bbox 1395 5394 1561 5467; x_wconf 87' lang='lat' dir='ltr'><strong>prolis</strong></span> <span class='ocrx_word' id='word_1_417' title='bbox 1585 5407 1792 5457; x_wconf 90' lang='lat' dir='ltr'><strong>amans,</strong></span> <span class='ocrx_word' id='word_1_418' title='bbox 1825 5398 2013 5446; x_wconf 90' lang='lat' dir='ltr'><strong>tenero</strong></span> 
     </span>
    </p>
   </div>
   <div class='ocr_carea' id='block_1_56' title="bbox 429 5486 2011 5562">
    <p class='ocr_par' dir='ltr' id='par_1_56' title="bbox 429 5486 2011 5562">
     <span class='ocr_line' id='line_1_56' title="bbox 429 5486 2011 5562; baseline -0.011 -7"><span class='ocrx_word' id='word_1_419' title='bbox 429 5501 537 5556; x_wconf 88' lang='lat' dir='ltr'><strong>lilio</strong></span> <span class='ocrx_word' id='word_1_420' title='bbox 562 5499 722 5554; x_wconf 90' lang='lat' dir='ltr'><strong>multa</strong></span> <span class='ocrx_word' id='word_1_421' title='bbox 753 5497 998 5552; x_wconf 89' lang='lat' dir='ltr'><strong>libertate</strong></span> <span class='ocrx_word' id='word_1_422' title='bbox 1029 5502 1083 5549; x_wconf 90' lang='lat' dir='ltr'><strong>et</strong></span> <span class='ocrx_word' id='word_1_423' title='bbox 1118 5492 1303 5562; x_wconf 89' lang='lat' dir='ltr'><strong>requie</strong></span> <span class='ocrx_word' id='word_1_424' title='bbox 1345 5489 1561 5553; x_wconf 87' lang='lat' dir='ltr'><strong>fruenti,</strong></span> <span class='ocrx_word' id='word_1_425' title='bbox 1592 5502 1661 5543; x_wconf 90' lang='lat' dir='ltr'><strong>ne</strong></span> <span class='ocrx_word' id='word_1_426' title='bbox 1694 5486 2011 5551; x_wconf 88' lang='lat' dir='ltr'><strong>insolescat,</strong></span> 
     </span>
    </p>
   </div>
   <div class='ocr_carea' id='block_1_57' title="bbox 427 5577 2018 5667">
    <p class='ocr_par' dir='ltr' id='par_1_57' title="bbox 427 5577 2018 5667">
     <span class='ocr_line' id='line_1_57' title="bbox 427 5577 2018 5667; baseline -0.011 -19"><span class='ocrx_word' id='word_1_427' title='bbox 427 5608 645 5667; x_wconf 63' lang='lat' dir='ltr'><strong>parum</strong></span> <span class='ocrx_word' id='word_1_428' title='bbox 666 5589 950 5663; x_wconf 87' lang='lat' dir='ltr'><strong>quamdam</strong></span> <span class='ocrx_word' id='word_1_429' title='bbox 974 5597 1028 5644; x_wconf 90' lang='lat' dir='ltr'><strong>et</strong></span> <span class='ocrx_word' id='word_1_430' title='bbox 1053 5583 1380 5641; x_wconf 87' lang='lat' dir='ltr'><strong>moderatam</strong></span> <span class='ocrx_word' id='word_1_431' title='bbox 1405 5595 1586 5637; x_wconf 90' lang='lat' dir='ltr'><strong>curam</strong></span> <span class='ocrx_word' id='word_1_432' title='bbox 1613 5579 1910 5650; x_wconf 84' lang='lat' dir='ltr'><strong>excogitat;</strong></span> <span class='ocrx_word' id='word_1_433' title='bbox 1940 5577 2018 5632; x_wconf 85' lang='lat' dir='ltr'><strong>sic</strong></span> 
     </span>
    </p>
   </div>
   <div class='ocr_carea' id='block_1_58' title="bbox 490 5755 2017 5830">
    <p class='ocr_par' dir='ltr' id='par_1_58' title="bbox 490 5755 2017 5830">
     <span class='ocr_line' id='line_1_58' title="bbox 490 5755 2017 5830; baseline -0.009 -10"><span class='ocrx_word' id='word_1_434' title='bbox 490 5776 508 5806; x_wconf 76' lang='grc' dir='ltr'>ι</span> <span class='ocrx_word' id='word_1_435' title='bbox 543 5767 684 5820; x_wconf 86' lang='lat' dir='ltr'><strong>Savil.</strong></span> <span class='ocrx_word' id='word_1_436' title='bbox 726 5775 780 5819; x_wconf 91' lang='lat' dir='ltr'><strong>et</strong></span> <span class='ocrx_word' id='word_1_437' title='bbox 815 5776 936 5830; x_wconf 54' lang='lat' dir='ltr'><strong>Reg,</strong></span> <span class='ocrx_word' id='word_1_438' title='bbox 956 5777 1083 5815; x_wconf 89' lang='lat' dir='ltr'><strong>unus</strong></span> <span class='ocrx_word' id='word_1_439' title='bbox 1102 5764 1174 5830; x_wconf 79' lang='lat' dir='ltr'><strong>sic</strong></span> <span class='ocrx_word' id='word_1_440' title='bbox 1193 5762 1378 5813; x_wconf 87' lang='lat' dir='ltr'><strong>habent</strong></span> <span class='ocrx_word' id='word_1_441' title='bbox 1400 5775 1412 5811; x_wconf 89' lang='lat'>:</span> <span class='ocrx_word' id='word_1_442' title='bbox 1540 5758 1720 5830; x_wconf 74' lang='lat' dir='ltr'><strong>partim</strong></span> <span class='ocrx_word' id='word_1_443' title='bbox 1739 5755 2017 5830; x_wconf 66' lang='lat' dir='ltr'><strong>operando;</strong></span> 
     </span>
    </p>
   </div>
   <div class='ocr_carea' id='block_1_59' title="bbox 423 5819 2018 5894">
    <p class='ocr_par' dir='ltr' id='par_1_59' title="bbox 423 5819 2018 5894">
     <span class='ocr_line' id='line_1_59' title="bbox 423 5819 2018 5894; baseline -0.01 -10"><span class='ocrx_word' id='word_1_444' title='bbox 423 5839 534 5887; x_wconf 72' lang='lat' dir='ltr'><strong>luce</strong></span> <span class='ocrx_word' id='word_1_445' title='bbox 548 5819 717 5882; x_wconf 85' lang='lat' dir='ltr'><strong>autem</strong></span> <span class='ocrx_word' id='word_1_446' title='bbox 750 5819 968 5894; x_wconf 62' lang='lat' dir='ltr'><strong>aperitin</strong></span> <span class='ocrx_word' id='word_1_447' title='bbox 995 5826 1150 5894; x_wconf 73' lang='lat' dir='ltr'><strong>omnis</strong></span> <span class='ocrx_word' id='word_1_448' title='bbox 1192 5830 1312 5894; x_wconf 65' lang='lat' dir='ltr'><strong>erat</strong></span> <span class='ocrx_word' id='word_1_449' title='bbox 1338 5836 1517 5891; x_wconf 65' lang='lat' dir='ltr'><strong>expers</strong></span> <span class='ocrx_word' id='word_1_450' title='bbox 1539 5819 1735 5890; x_wconf 77' lang='lat' dir='ltr'><strong>laboris,</strong></span> <span class='ocrx_word' id='word_1_451' title='bbox 1770 5819 2018 5871; x_wconf 78' lang='lat' dir='ltr'><strong>tribuerat</strong></span> 
     </span>
    </p>
   </div>
   <div class='ocr_carea' id='block_1_60' title="bbox 424 5885 1609 5955">
    <p class='ocr_par' dir='ltr' id='par_1_60' title="bbox 424 5885 1609 5955">
     <span class='ocr_line' id='line_1_60' title="bbox 424 5885 1609 5955; baseline -0.015 -6"><span class='ocrx_word' id='word_1_452' title='bbox 424 5885 501 5949; x_wconf 73' lang='lat' dir='ltr'><strong>itit</strong></span> <span class='ocrx_word' id='word_1_453' title='bbox 528 5902 655 5946; x_wconf 82' lang='lat' dir='ltr'><strong>Deus</strong></span> <span class='ocrx_word' id='word_1_454' title='bbox 675 5885 873 5955; x_wconf 75' lang='lat' dir='ltr'><strong>operam</strong></span> <span class='ocrx_word' id='word_1_455' title='bbox 894 5890 995 5944; x_wconf 83' lang='lat' dir='ltr'><strong>sine</strong></span> <span class='ocrx_word' id='word_1_456' title='bbox 1019 5886 1182 5941; x_wconf 82' lang='lat' dir='ltr'><strong>dolore</strong></span> <span class='ocrx_word' id='word_1_457' title='bbox 1206 5893 1251 5939; x_wconf 88' lang='lat' dir='ltr'><strong>et</strong></span> <span class='ocrx_word' id='word_1_458' title='bbox 1267 5886 1371 5939; x_wconf 83' lang='lat' dir='ltr'><strong>sine</strong></span> <span class='ocrx_word' id='word_1_459' title='bbox 1390 5885 1609 5937; x_wconf 81' lang='lat' dir='ltr'><strong>miseria.</strong></span> 
     </span>
    </p>
   </div>
   <div class='ocr_carea' id='block_1_61' title="bbox 1486 427 2561 487">
    <p class='ocr_par' dir='ltr' id='par_1_61' title="bbox 1486 427 2561 487">
     <span class='ocr_line' id='line_1_61' title="bbox 1486 427 2561 487; baseline -0.002 -3"><span class='ocrx_word' id='word_1_460' title='bbox 1486 427 1550 484; x_wconf 78' lang='lat' dir='ltr'><strong>IN</strong></span> <span class='ocrx_word' id='word_1_461' title='bbox 1587 429 1735 486; x_wconf 74' lang='lat' dir='ltr'><strong>CAP.</strong></span> <span class='ocrx_word' id='word_1_462' title='bbox 1760 427 1825 485; x_wconf 85' lang='lat' dir='ltr'><strong>ll.</strong></span> <span class='ocrx_word' id='word_1_463' title='bbox 1863 428 2108 487; x_wconf 82' lang='lat' dir='ltr'><strong>GENES.</strong></span> <span class='ocrx_word' id='word_1_464' title='bbox 2153 427 2379 485; x_wconf 74' lang='lat' dir='ltr'><strong>IIOMIL.</strong></span> <span class='ocrx_word' id='word_1_465' title='bbox 2419 428 2561 485; x_wconf 77' lang='lat' dir='ltr'><strong>XIV.</strong></span> 
     </span>
    </p>
   </div>
   <div class='ocr_carea' id='block_1_62' title="bbox 3577 433 3674 490">
    <p class='ocr_par' dir='ltr' id='par_1_62' title="bbox 3577 433 3674 490">
     <span class='ocr_line' id='line_1_62' title="bbox 3577 433 3674 490; baseline 0.01 -2"><span class='ocrx_word' id='word_1_466' title='bbox 3577 433 3674 490; x_wconf 72' lang='lat' dir='ltr'><strong>IN</strong></span> 
     </span>
    </p>
   </div>
   <div class='ocr_carea' id='block_1_63' title="bbox 2089 540 3675 612">
    <p class='ocr_par' dir='ltr' id='par_1_63' title="bbox 2089 540 3675 612">
     <span class='ocr_line' id='line_1_63' title="bbox 2089 540 3675 612; baseline -0.001 -14"><span class='ocrx_word' id='word_1_467' title='bbox 2089 541 2236 598; x_wconf 88' lang='lat' dir='ltr'><strong>Deus</strong></span> <span class='ocrx_word' id='word_1_468' title='bbox 2264 540 2471 601; x_wconf 84' lang='lat' dir='ltr'><strong>Adauto</strong></span> <span class='ocrx_word' id='word_1_469' title='bbox 2495 542 2864 611; x_wconf 87' lang='lat' dir='ltr'><strong>operationem</strong></span> <span class='ocrx_word' id='word_1_470' title='bbox 2892 551 2949 598; x_wconf 88' lang='lat' dir='ltr'><strong>et</strong></span> <span class='ocrx_word' id='word_1_471' title='bbox 2990 541 3287 599; x_wconf 86' lang='lat' dir='ltr'><strong>custodiam</strong></span> <span class='ocrx_word' id='word_1_472' title='bbox 3319 542 3591 612; x_wconf 74' lang='lat' dir='ltr'><strong>pra-cepit,</strong></span> <span class='ocrx_word' id='word_1_473' title='bbox 3620 552 3675 597; x_wconf 86' lang='lat' dir='ltr'><strong>ut</strong></span> 
     </span>
    </p>
   </div>
   <div class='ocr_carea' id='block_1_64' title="bbox 2087 632 3676 706">
    <p class='ocr_par' dir='ltr' id='par_1_64' title="bbox 2087 632 3676 706">
     <span class='ocr_line' id='line_1_64' title="bbox 2087 632 3676 706; baseline 0.001 -19"><span class='ocrx_word' id='word_1_474' title='bbox 2087 648 2209 687; x_wconf 90' lang='lat' dir='ltr'><strong>cum</strong></span> <span class='ocrx_word' id='word_1_475' title='bbox 2255 632 2419 688; x_wconf 89' lang='lat' dir='ltr'><strong>multa</strong></span> <span class='ocrx_word' id='word_1_476' title='bbox 2465 633 2758 704; x_wconf 87' lang='lat' dir='ltr'><strong>voluptate,</strong></span> <span class='ocrx_word' id='word_1_477' title='bbox 2802 634 3090 690; x_wconf 83' lang='lat' dir='ltr'><strong>securitate</strong></span> <span class='ocrx_word' id='word_1_478' title='bbox 3129 642 3295 704; x_wconf 87' lang='lat' dir='ltr'><strong>atque</strong></span> <span class='ocrx_word' id='word_1_479' title='bbox 3336 633 3519 706; x_wconf 86' lang='lat' dir='ltr'><strong>quiete</strong></span> <span class='ocrx_word' id='word_1_480' title='bbox 3561 633 3676 687; x_wconf 79' lang='lat' dir='ltr'><strong>inec</strong></span> 
     </span>
    </p>
   </div>
   <div class='ocr_carea' id='block_1_65' title="bbox 2089 722 3676 797">
    <p class='ocr_par' dir='ltr' id='par_1_65' title="bbox 2089 722 3676 797">
     <span class='ocr_line' id='line_1_65' title="bbox 2089 722 3676 797; baseline -0.001 -18"><span class='ocrx_word' id='word_1_481' title='bbox 2089 722 2195 779; x_wconf 88' lang='lat' dir='ltr'><strong>duo</strong></span> <span class='ocrx_word' id='word_1_482' title='bbox 2226 723 2466 790; x_wconf 89' lang='lat' dir='ltr'><strong>haberet,</strong></span> <span class='ocrx_word' id='word_1_483' title='bbox 2502 740 2622 795; x_wconf 73' lang='lat' dir='ltr'><strong>qum</strong></span> <span class='ocrx_word' id='word_1_484' title='bbox 2663 726 3050 797; x_wconf 84' lang='lat' dir='ltr'><strong>aliquantulum</strong></span> <span class='ocrx_word' id='word_1_485' title='bbox 3079 724 3401 797; x_wconf 83' lang='lat' dir='ltr'><strong>impedirent</strong></span> <span class='ocrx_word' id='word_1_486' title='bbox 3443 741 3510 778; x_wconf 88' lang='lat' dir='ltr'><strong>ne</strong></span> <span class='ocrx_word' id='word_1_487' title='bbox 3539 727 3676 779; x_wconf 84' lang='lat' dir='ltr'><strong>ultra</strong></span> 
     </span>
    </p>
   </div>
   <div class='ocr_carea' id='block_1_66' title="bbox 2090 814 3679 886">
    <p class='ocr_par' dir='ltr' id='par_1_66' title="bbox 2090 814 3679 886">
     <span class='ocr_line' id='line_1_66' title="bbox 2090 814 3679 886; baseline 0.001 -20"><span class='ocrx_word' id='word_1_488' title='bbox 2090 820 2260 867; x_wconf 88' lang='lat' dir='ltr'><strong>metas</strong></span> <span class='ocrx_word' id='word_1_489' title='bbox 2303 814 2635 883; x_wconf 86' lang='lat' dir='ltr'><strong>procederet.</strong></span> <span class='ocrx_word' id='word_1_490' title='bbox 2687 815 2810 871; x_wconf 66' lang='lat' dir='ltr'><strong>llaec</strong></span> <span class='ocrx_word' id='word_1_491' title='bbox 2843 816 3059 885; x_wconf 88' lang='lat' dir='ltr'><strong>quidem</strong></span> <span class='ocrx_word' id='word_1_492' title='bbox 3101 819 3274 886; x_wconf 90' lang='lat' dir='ltr'><strong>primo</strong></span> <span class='ocrx_word' id='word_1_493' title='bbox 3311 816 3506 871; x_wconf 88' lang='lat' dir='ltr'><strong>collata</strong></span> <span class='ocrx_word' id='word_1_494' title='bbox 3554 825 3679 870; x_wconf 87' lang='lat' dir='ltr'><strong>sunt</strong></span> 
     </span>
    </p>
   </div>
   <div class='ocr_carea' id='block_1_67' title="bbox 2089 904 3676 977">
    <p class='ocr_par' dir='ltr' id='par_1_67' title="bbox 2089 904 3676 977">
     <span class='ocr_line' id='line_1_67' title="bbox 2089 904 3676 977; baseline 0.001 -20"><span class='ocrx_word' id='word_1_495' title='bbox 2089 904 2308 959; x_wconf 89' lang='lat' dir='ltr'><strong>condito</strong></span> <span class='ocrx_word' id='word_1_496' title='bbox 2354 905 2596 971; x_wconf 89' lang='lat' dir='ltr'><strong>homini;</strong></span> <span class='ocrx_word' id='word_1_497' title='bbox 2625 921 2745 977; x_wconf 74' lang='lat' dir='ltr'><strong>qua:</strong></span> <span class='ocrx_word' id='word_1_498' title='bbox 2781 916 2960 962; x_wconf 89' lang='lat' dir='ltr'><strong>autem</strong></span> <span class='ocrx_word' id='word_1_499' title='bbox 3004 907 3106 961; x_wconf 88' lang='lat' dir='ltr'><strong>sub</strong></span> <span class='ocrx_word' id='word_1_500' title='bbox 3151 906 3265 962; x_wconf 71' lang='lat' dir='ltr'><strong>haec</strong></span> <span class='ocrx_word' id='word_1_501' title='bbox 3302 905 3507 976; x_wconf 86' lang='lat' dir='ltr'><strong>adjecta</strong></span> <span class='ocrx_word' id='word_1_502' title='bbox 3555 915 3676 960; x_wconf 89' lang='lat' dir='ltr'><strong>sunt</strong></span> 
     </span>
    </p>
   </div>
   <div class='ocr_carea' id='block_1_68' title="bbox 2091 997 3677 1070">
    <p class='ocr_par' dir='ltr' id='par_1_68' title="bbox 2091 997 3677 1070">
     <span class='ocr_line' id='line_1_68' title="bbox 2091 997 3677 1070; baseline 0 -19"><span class='ocrx_word' id='word_1_503' title='bbox 2091 1012 2336 1069; x_wconf 87' lang='lat' dir='ltr'><strong>magnam</strong></span> <span class='ocrx_word' id='word_1_504' title='bbox 2364 1013 2489 1070; x_wconf 90' lang='lat' dir='ltr'><strong>erga</strong></span> <span class='ocrx_word' id='word_1_505' title='bbox 2514 998 2664 1054; x_wconf 90' lang='lat' dir='ltr'><strong>illum</strong></span> <span class='ocrx_word' id='word_1_506' title='bbox 2689 998 2964 1055; x_wconf 89' lang='lat' dir='ltr'><strong>declarant</strong></span> <span class='ocrx_word' id='word_1_507' title='bbox 2990 998 3371 1069; x_wconf 84' lang='lat' dir='ltr'><strong>benignitatem</strong></span> <span class='ocrx_word' id='word_1_508' title='bbox 3397 1007 3562 1069; x_wconf 89' lang='lat' dir='ltr'><strong>atque</strong></span> <span class='ocrx_word' id='word_1_509' title='bbox 3592 997 3677 1051; x_wconf 81' lang='lat' dir='ltr'><strong>in-</strong></span> 
     </span>
    </p>
   </div>
   <div class='ocr_carea' id='block_1_69' title="bbox 2090 1087 3676 1160">
    <p class='ocr_par' dir='ltr' id='par_1_69' title="bbox 2090 1087 3676 1160">
     <span class='ocr_line' id='line_1_69' title="bbox 2090 1087 3676 1160; baseline 0 -18"><span class='ocrx_word' id='word_1_510' title='bbox 2090 1088 2438 1159; x_wconf 82' lang='lat' dir='ltr'><strong>dulgentiam,</strong></span> <span class='ocrx_word' id='word_1_511' title='bbox 2496 1104 2656 1160; x_wconf 88' lang='lat' dir='ltr'><strong>quam</strong></span> <span class='ocrx_word' id='word_1_512' title='bbox 2699 1105 2766 1146; x_wconf 88' lang='lat' dir='ltr'><strong>ex</strong></span> <span class='ocrx_word' id='word_1_513' title='bbox 2804 1105 2901 1146; x_wconf 87' lang='lat' dir='ltr'><strong>sua</strong></span> <span class='ocrx_word' id='word_1_514' title='bbox 2947 1090 3185 1146; x_wconf 88' lang='lat' dir='ltr'><strong>bonitate</strong></span> <span class='ocrx_word' id='word_1_515' title='bbox 3225 1089 3486 1145; x_wconf 81' lang='lat' dir='ltr'><strong>exhibuit.</strong></span> <span class='ocrx_word' id='word_1_516' title='bbox 3539 1087 3676 1157; x_wconf 88' lang='lat' dir='ltr'><strong>Quid</strong></span> 
     </span>
    </p>
   </div>
   <div class='ocr_carea' id='block_1_70' title="bbox 2091 1179 3677 1253">
    <p class='ocr_par' dir='ltr' id='par_1_70' title="bbox 2091 1179 3677 1253">
     <span class='ocr_line' id='line_1_70' title="bbox 2091 1179 3677 1253; baseline -0.002 -16"><span class='ocrx_word' id='word_1_517' title='bbox 2091 1180 2233 1237; x_wconf 89' lang='lat' dir='ltr'><strong>enim</strong></span> <span class='ocrx_word' id='word_1_518' title='bbox 2260 1180 2388 1236; x_wconf 90' lang='lat' dir='ltr'><strong>dicit</strong></span> <span class='ocrx_word' id='word_1_519' title='bbox 2414 1181 2725 1252; x_wconf 69' lang='lat' dir='ltr'><strong>Scriptura?</strong></span> <span class='ocrx_word' id='word_1_520' title='bbox 2754 1182 2818 1235; x_wconf 81' lang='lat' dir='ltr'><strong>Et</strong></span> <span class='ocrx_word' id='word_1_521' title='bbox 2846 1181 3081 1253; x_wconf 65' lang='lat' dir='ltr'><strong>praecepit</strong></span> <span class='ocrx_word' id='word_1_522' title='bbox 3103 1180 3350 1237; x_wconf 86' lang='lat' dir='ltr'><strong>Dominus</strong></span> <span class='ocrx_word' id='word_1_523' title='bbox 3378 1179 3514 1236; x_wconf 80' lang='lat' dir='ltr'><strong>Deus</strong></span> <span class='ocrx_word' id='word_1_524' title='bbox 3532 1180 3677 1236; x_wconf 73' lang='lat' dir='ltr'><strong>Adae.</strong></span> 
     </span>
    </p>
   </div>
   <div class='ocr_carea' id='block_1_71' title="bbox 2163 1269 3684 1345">
    <p class='ocr_par' dir='ltr' id='par_1_71' title="bbox 2163 1269 3684 1345">
     <span class='ocr_line' id='line_1_71' title="bbox 2163 1269 3684 1345; baseline -0.001 -17"><span class='ocrx_word' id='word_1_525' title='bbox 2163 1271 2352 1328; x_wconf 87' lang='lat' dir='ltr'><strong>Contra</strong></span> <span class='ocrx_word' id='word_1_526' title='bbox 2379 1289 2462 1329; x_wconf 85' lang='lat' dir='ltr'><strong>eos</strong></span> <span class='ocrx_word' id='word_1_527' title='bbox 2486 1274 2574 1344; x_wconf 84' lang='lat' dir='ltr'><strong>qui</strong></span> <span class='ocrx_word' id='word_1_528' title='bbox 2606 1273 2851 1342; x_wconf 87' lang='lat' dir='ltr'><strong>quasdam</strong></span> <span class='ocrx_word' id='word_1_529' title='bbox 2877 1288 3018 1328; x_wconf 79' lang='lat' dir='ltr'><strong>voces</strong></span> <span class='ocrx_word' id='word_1_530' title='bbox 3059 1272 3229 1339; x_wconf 70' lang='lat' dir='ltr'><strong>Patri,</strong></span> <span class='ocrx_word' id='word_1_531' title='bbox 3257 1274 3506 1345; x_wconf 78' lang='lat' dir='ltr'><strong>quasdam</strong></span> <span class='ocrx_word' id='word_1_532' title='bbox 3546 1269 3684 1326; x_wconf 81' lang='lat' dir='ltr'><strong>Filio</strong></span> 
     </span>
    </p>
   </div>
   <div class='ocr_carea' id='block_1_72' title="bbox 2092 1361 3686 1420">
    <p class='ocr_par' dir='ltr' id='par_1_72' title="bbox 2092 1361 3686 1420">
     <span class='ocr_line' id='line_1_72' title="bbox 2092 1361 3686 1420; baseline 0 -3"><span class='ocrx_word' id='word_1_533' title='bbox 2092 1364 2461 1419; x_wconf 82' lang='lat' dir='ltr'><strong>adscribebant.</strong></span> <span class='ocrx_word' id='word_1_534' title='bbox 2484 1394 2557 1406; x_wconf 93' lang='lat'><em>—</em></span> <span class='ocrx_word' id='word_1_535' title='bbox 2582 1363 2720 1420; x_wconf 86' lang='lat' dir='ltr'><strong>Ecce</strong></span> <span class='ocrx_word' id='word_1_536' title='bbox 2745 1365 2935 1420; x_wconf 89' lang='lat' dir='ltr'><strong>iterum</strong></span> <span class='ocrx_word' id='word_1_537' title='bbox 2967 1364 3055 1419; x_wconf 91' lang='lat' dir='ltr'><strong>hic</strong></span> <span class='ocrx_word' id='word_1_538' title='bbox 3080 1364 3270 1419; x_wconf 89' lang='lat' dir='ltr'><strong>eadem</strong></span> <span class='ocrx_word' id='word_1_539' title='bbox 3298 1361 3686 1419; x_wconf 88' lang='lat' dir='ltr'><strong>consuetudine</strong></span> 
     </span>
    </p>
   </div>
   <div class='ocr_carea' id='block_1_73' title="bbox 2097 1451 3683 1524">
    <p class='ocr_par' dir='ltr' id='par_1_73' title="bbox 2097 1451 3683 1524">
     <span class='ocr_line' id='line_1_73' title="bbox 2097 1451 3683 1524; baseline -0.001 -16"><span class='ocrx_word' id='word_1_540' title='bbox 2097 1456 2282 1521; x_wconf 89' lang='lat' dir='ltr'><strong>utitur,</strong></span> <span class='ocrx_word' id='word_1_541' title='bbox 2315 1463 2371 1508; x_wconf 90' lang='lat' dir='ltr'><strong>ut</strong></span> <span class='ocrx_word' id='word_1_542' title='bbox 2400 1452 2590 1511; x_wconf 86' lang='lat' dir='ltr'><strong>iisdem</strong></span> <span class='ocrx_word' id='word_1_543' title='bbox 2634 1452 2942 1524; x_wconf 87' lang='lat' dir='ltr'><strong>frequenter</strong></span> <span class='ocrx_word' id='word_1_544' title='bbox 2984 1454 3229 1523; x_wconf 87' lang='lat' dir='ltr'><strong>repetitis</strong></span> <span class='ocrx_word' id='word_1_545' title='bbox 3256 1451 3557 1508; x_wconf 89' lang='lat' dir='ltr'><strong>accuratius</strong></span> <span class='ocrx_word' id='word_1_546' title='bbox 3582 1451 3683 1506; x_wconf 78' lang='lat' dir='ltr'><strong>do-</strong></span> 
     </span>
    </p>
   </div>
   <div class='ocr_carea' id='block_1_74' title="bbox 2044 1542 3687 1617">
    <p class='ocr_par' dir='ltr' id='par_1_74' title="bbox 2044 1542 3687 1617">
     <span class='ocr_line' id='line_1_74' title="bbox 2044 1542 3687 1617; baseline -0.004 -16"><span class='ocrx_word' id='word_1_547' title='bbox 2044 1562 2049 1567; x_wconf 91' lang='grc'>·</span> <span class='ocrx_word' id='word_1_548' title='bbox 2094 1546 2319 1601; x_wconf 87' lang='lat' dir='ltr'><strong>ctrinam</strong></span> <span class='ocrx_word' id='word_1_549' title='bbox 2346 1546 2695 1617; x_wconf 76' lang='lat' dir='ltr'><strong>excipiamus,</strong></span> <span class='ocrx_word' id='word_1_550' title='bbox 2728 1555 2782 1600; x_wconf 90' lang='lat' dir='ltr'><strong>et</strong></span> <span class='ocrx_word' id='word_1_551' title='bbox 2806 1560 2876 1601; x_wconf 91' lang='lat' dir='ltr'><strong>ne</strong></span> <span class='ocrx_word' id='word_1_552' title='bbox 2905 1545 3042 1599; x_wconf 89' lang='lat' dir='ltr'><strong>ultra</strong></span> <span class='ocrx_word' id='word_1_553' title='bbox 3071 1544 3304 1600; x_wconf 87' lang='lat' dir='ltr'><strong>feramus</strong></span> <span class='ocrx_word' id='word_1_554' title='bbox 3330 1558 3447 1609; x_wconf 87' lang='lat' dir='ltr'><strong>eos,</strong></span> <span class='ocrx_word' id='word_1_555' title='bbox 3474 1542 3565 1614; x_wconf 91' lang='lat' dir='ltr'><strong>qui</strong></span> <span class='ocrx_word' id='word_1_556' title='bbox 3589 1556 3687 1596; x_wconf 83' lang='lat' dir='ltr'><strong>au-</strong></span> 
     </span>
    </p>
   </div>
   <div class='ocr_carea' id='block_1_75' title="bbox 2095 1634 3682 1709">
    <p class='ocr_par' dir='ltr' id='par_1_75' title="bbox 2095 1634 3682 1709">
     <span class='ocr_line' id='line_1_75' title="bbox 2095 1634 3682 1709; baseline -0.003 -16"><span class='ocrx_word' id='word_1_557' title='bbox 2095 1636 2222 1693; x_wconf 86' lang='lat' dir='ltr'><strong>dent</strong></span> <span class='ocrx_word' id='word_1_558' title='bbox 2263 1639 2476 1692; x_wconf 89' lang='lat' dir='ltr'><strong>nomina</strong></span> <span class='ocrx_word' id='word_1_559' title='bbox 2504 1652 2602 1709; x_wconf 90' lang='lat' dir='ltr'><strong>pro</strong></span> <span class='ocrx_word' id='word_1_560' title='bbox 2640 1637 2796 1693; x_wconf 90' lang='lat' dir='ltr'><strong>libito</strong></span> <span class='ocrx_word' id='word_1_561' title='bbox 2823 1635 3174 1708; x_wconf 87' lang='lat' dir='ltr'><strong>distinguere,</strong></span> <span class='ocrx_word' id='word_1_562' title='bbox 3224 1646 3280 1693; x_wconf 84' lang='lat' dir='ltr'><strong>et</strong></span> <span class='ocrx_word' id='word_1_563' title='bbox 3329 1634 3472 1689; x_wconf 89' lang='lat' dir='ltr'><strong>aliud</strong></span> <span class='ocrx_word' id='word_1_564' title='bbox 3519 1634 3682 1689; x_wconf 87' lang='lat' dir='ltr'><strong>Patri.</strong></span> 
     </span>
    </p>
   </div>
   <div class='ocr_carea' id='block_1_76' title="bbox 2095 1730 3686 1799">
    <p class='ocr_par' dir='ltr' id='par_1_76' title="bbox 2095 1730 3686 1799">
     <span class='ocr_line' id='line_1_76' title="bbox 2095 1730 3686 1799; baseline -0.004 -12"><span class='ocrx_word' id='word_1_565' title='bbox 2095 1731 2241 1788; x_wconf 90' lang='lat' dir='ltr'><strong>aliud</strong></span> <span class='ocrx_word' id='word_1_566' title='bbox 2290 1731 2427 1787; x_wconf 85' lang='lat' dir='ltr'><strong>Filio</strong></span> <span class='ocrx_word' id='word_1_567' title='bbox 2485 1730 2812 1787; x_wconf 89' lang='lat' dir='ltr'><strong>adscribere.</strong></span> <span class='ocrx_word' id='word_1_568' title='bbox 2864 1731 3002 1799; x_wconf 87' lang='lat' dir='ltr'><strong>Quia</strong></span> <span class='ocrx_word' id='word_1_569' title='bbox 3050 1730 3192 1785; x_wconf 89' lang='lat' dir='ltr'><strong>enim</strong></span> <span class='ocrx_word' id='word_1_570' title='bbox 3243 1730 3522 1798; x_wconf 89' lang='lat' dir='ltr'><strong>utriusque</strong></span> <span class='ocrx_word' id='word_1_571' title='bbox 3582 1742 3686 1781; x_wconf 89' lang='lat' dir='ltr'><strong>una</strong></span> 
     </span>
    </p>
   </div>
   <div class='ocr_carea' id='block_1_77' title="bbox 2096 1820 3686 1894">
    <p class='ocr_par' dir='ltr' id='par_1_77' title="bbox 2096 1820 3686 1894">
     <span class='ocr_line' id='line_1_77' title="bbox 2096 1820 3686 1894; baseline -0.006 -12"><span class='ocrx_word' id='word_1_572' title='bbox 2096 1826 2391 1882; x_wconf 90' lang='lat' dir='ltr'><strong>substantia</strong></span> <span class='ocrx_word' id='word_1_573' title='bbox 2418 1832 2523 1889; x_wconf 88' lang='lat' dir='ltr'><strong>est,</strong></span> <span class='ocrx_word' id='word_1_574' title='bbox 2565 1826 2685 1881; x_wconf 89' lang='lat' dir='ltr'><strong>ideo</strong></span> <span class='ocrx_word' id='word_1_575' title='bbox 2707 1824 2884 1881; x_wconf 89' lang='lat' dir='ltr'><strong>divina</strong></span> <span class='ocrx_word' id='word_1_576' title='bbox 2924 1824 3197 1894; x_wconf 76' lang='lat' dir='ltr'><strong>Scriptura</strong></span> <span class='ocrx_word' id='word_1_577' title='bbox 3224 1820 3686 1878; x_wconf 83' lang='lat' dir='ltr'><strong>indiscriminatim</strong></span> 
     </span>
    </p>
   </div>
   <div class='ocr_carea' id='block_1_78' title="bbox 2097 1911 3686 1987">
    <p class='ocr_par' dir='ltr' id='par_1_78' title="bbox 2097 1911 3686 1987">
     <span class='ocr_line' id='line_1_78' title="bbox 2097 1911 3686 1987; baseline -0.004 -17"><span class='ocrx_word' id='word_1_578' title='bbox 2097 1916 2384 1987; x_wconf 89' lang='lat' dir='ltr'><strong>aliquando</strong></span> <span class='ocrx_word' id='word_1_579' title='bbox 2418 1917 2588 1984; x_wconf 86' lang='lat' dir='ltr'><strong>Patri,</strong></span> <span class='ocrx_word' id='word_1_580' title='bbox 2612 1916 2902 1987; x_wconf 88' lang='lat' dir='ltr'><strong>aliquando</strong></span> <span class='ocrx_word' id='word_1_581' title='bbox 2927 1915 3072 1971; x_wconf 77' lang='lat' dir='ltr'><strong>Filio.</strong></span> <span class='ocrx_word' id='word_1_582' title='bbox 3096 1914 3302 1970; x_wconf 90' lang='lat' dir='ltr'><strong>tribuit.</strong></span> <span class='ocrx_word' id='word_1_583' title='bbox 3333 1911 3399 1967; x_wconf 86' lang='lat' dir='ltr'><strong>Et</strong></span> <span class='ocrx_word' id='word_1_584' title='bbox 3426 1913 3686 1982; x_wconf 81' lang='lat' dir='ltr'><strong>prtecepit,</strong></span> 
     </span>
    </p>
   </div>
   <div class='ocr_carea' id='block_1_79' title="bbox 2099 2006 3688 2080">
    <p class='ocr_par' dir='ltr' id='par_1_79' title="bbox 2099 2006 3688 2080">
     <span class='ocr_line' id='line_1_79' title="bbox 2099 2006 3688 2080; baseline -0.004 -16"><span class='ocrx_word' id='word_1_585' title='bbox 2099 2010 2289 2080; x_wconf 86' lang='lat' dir='ltr'><strong>inquit,</strong></span> <span class='ocrx_word' id='word_1_586' title='bbox 2318 2008 2566 2064; x_wconf 85' lang='lat' dir='ltr'><strong>Dominus</strong></span> <span class='ocrx_word' id='word_1_587' title='bbox 2596 2008 2732 2064; x_wconf 86' lang='lat' dir='ltr'><strong>Deus</strong></span> <span class='ocrx_word' id='word_1_588' title='bbox 2762 2008 2886 2063; x_wconf 75' lang='lat' dir='ltr'><strong>Aria:</strong></span> <span class='ocrx_word' id='word_1_589' title='bbox 2912 2008 3102 2062; x_wconf 87' lang='lat' dir='ltr'><strong>dicens.</strong></span> <span class='ocrx_word' id='word_1_590' title='bbox 3129 2007 3228 2061; x_wconf 72' lang='lat' dir='ltr'><strong>llic</strong></span> <span class='ocrx_word' id='word_1_591' title='bbox 3254 2006 3449 2062; x_wconf 75' lang='lat' dir='ltr'><strong>merito</strong></span> <span class='ocrx_word' id='word_1_592' title='bbox 3476 2014 3688 2074; x_wconf 82' lang='lat' dir='ltr'><strong>stupea-</strong></span> 
     </span>
    </p>
   </div>
   <div class='ocr_carea' id='block_1_80' title="bbox 2098 2093 3688 2167">
    <p class='ocr_par' dir='ltr' id='par_1_80' title="bbox 2098 2093 3688 2167">
     <span class='ocr_line' id='line_1_80' title="bbox 2098 2093 3688 2167; baseline -0.004 -11"><span class='ocrx_word' id='word_1_593' title='bbox 2098 2116 2216 2156; x_wconf 89' lang='lat' dir='ltr'><strong>ntus</strong></span> <span class='ocrx_word' id='word_1_594' title='bbox 2240 2100 2334 2157; x_wconf 89' lang='lat' dir='ltr'><strong>Dei</strong></span> <span class='ocrx_word' id='word_1_595' title='bbox 2359 2099 2705 2157; x_wconf 84' lang='lat' dir='ltr'><strong>clementiam</strong></span> <span class='ocrx_word' id='word_1_596' title='bbox 2733 2101 2893 2155; x_wconf 81' lang='lat' dir='ltr'><strong>verba</strong></span> <span class='ocrx_word' id='word_1_597' title='bbox 2930 2100 3112 2153; x_wconf 86' lang='lat' dir='ltr'><strong>omnia</strong></span> <span class='ocrx_word' id='word_1_598' title='bbox 3139 2107 3483 2167; x_wconf 86' lang='lat' dir='ltr'><strong>superantem</strong></span> <span class='ocrx_word' id='word_1_599' title='bbox 3502 2093 3688 2150; x_wconf 87' lang='lat' dir='ltr'><strong>viden-</strong></span> 
     </span>
    </p>
   </div>
   <div class='ocr_carea' id='block_1_81' title="bbox 2100 2185 3684 2265">
    <p class='ocr_par' dir='ltr' id='par_1_81' title="bbox 2100 2185 3684 2265">
     <span class='ocr_line' id='line_1_81' title="bbox 2100 2185 3684 2265; baseline -0.006 -17"><span class='ocrx_word' id='word_1_600' title='bbox 2100 2203 2201 2261; x_wconf 90' lang='lat' dir='ltr'><strong>tes,</strong></span> <span class='ocrx_word' id='word_1_601' title='bbox 2228 2208 2387 2265; x_wconf 90' lang='lat' dir='ltr'><strong>quam</strong></span> <span class='ocrx_word' id='word_1_602' title='bbox 2435 2193 2586 2248; x_wconf 81' lang='lat' dir='ltr'><strong>brevi</strong></span> <span class='ocrx_word' id='word_1_603' title='bbox 2626 2191 2728 2247; x_wconf 86' lang='lat' dir='ltr'><strong>hac</strong></span> <span class='ocrx_word' id='word_1_604' title='bbox 2770 2191 3005 2247; x_wconf 89' lang='lat' dir='ltr'><strong>dictione</strong></span> <span class='ocrx_word' id='word_1_605' title='bbox 3046 2189 3285 2245; x_wconf 82' lang='lat' dir='ltr'><strong>exhibet.</strong></span> <span class='ocrx_word' id='word_1_606' title='bbox 3332 2185 3402 2242; x_wconf 86' lang='lat' dir='ltr'><strong>Et</strong></span> <span class='ocrx_word' id='word_1_607' title='bbox 3426 2186 3684 2258; x_wconf 67' lang='lat' dir='ltr'><strong>praecpit,</strong></span> 
     </span>
    </p>
   </div>
   <div class='ocr_carea' id='block_1_82' title="bbox 2100 2279 3688 2357">
    <p class='ocr_par' dir='ltr' id='par_1_82' title="bbox 2100 2279 3688 2357">
     <span class='ocr_line' id='line_1_82' title="bbox 2100 2279 3688 2357; baseline -0.005 -17"><span class='ocrx_word' id='word_1_608' title='bbox 2100 2286 2293 2357; x_wconf 87' lang='lat' dir='ltr'><strong>inquit.</strong></span> <span class='ocrx_word' id='word_1_609' title='bbox 2312 2284 2447 2341; x_wconf 74' lang='lat' dir='ltr'><strong>Vide</strong></span> <span class='ocrx_word' id='word_1_610' title='bbox 2472 2285 2651 2341; x_wconf 83' lang='lat' dir='ltr'><strong>statim</strong></span> <span class='ocrx_word' id='word_1_611' title='bbox 2677 2285 2746 2340; x_wconf 86' lang='lat' dir='ltr'><strong>ab</strong></span> <span class='ocrx_word' id='word_1_612' title='bbox 2769 2284 2940 2350; x_wconf 90' lang='lat' dir='ltr'><strong>initio,</strong></span> <span class='ocrx_word' id='word_1_613' title='bbox 2967 2290 3167 2353; x_wconf 85' lang='lat' dir='ltr'><strong>quanto</strong></span> <span class='ocrx_word' id='word_1_614' title='bbox 3186 2281 3392 2337; x_wconf 87' lang='lat' dir='ltr'><strong>honore</strong></span> <span class='ocrx_word' id='word_1_615' title='bbox 3415 2279 3688 2334; x_wconf 89' lang='lat' dir='ltr'><strong>hominem</strong></span> 
     </span>
    </p>
   </div>
   <div class='ocr_carea' id='block_1_83' title="bbox 2100 2367 3688 2447">
    <p class='ocr_par' dir='ltr' id='par_1_83' title="bbox 2100 2367 3688 2447">
     <span class='ocr_line' id='line_1_83' title="bbox 2100 2367 3688 2447; baseline -0.006 -16"><span class='ocrx_word' id='word_1_616' title='bbox 2100 2375 2459 2447; x_wconf 87' lang='lat' dir='ltr'><strong>prosequitur.</strong></span> <span class='ocrx_word' id='word_1_617' title='bbox 2491 2374 2833 2446; x_wconf 87' lang='lat' dir='ltr'><strong>Nequeenim</strong></span> <span class='ocrx_word' id='word_1_618' title='bbox 2852 2373 3025 2429; x_wconf 86' lang='lat' dir='ltr'><strong>dixit:</strong></span> <span class='ocrx_word' id='word_1_619' title='bbox 3056 2371 3360 2443; x_wconf 84' lang='lat' dir='ltr'><strong>Imperavit,</strong></span> <span class='ocrx_word' id='word_1_620' title='bbox 3384 2368 3467 2425; x_wconf 85' lang='lat' dir='ltr'><strong>vel</strong></span> <span class='ocrx_word' id='word_1_621' title='bbox 3486 2367 3688 2424; x_wconf 71' lang='lat' dir='ltr'><strong>iussit:</strong></span> 
     </span>
    </p>
   </div>
   <div class='ocr_carea' id='block_1_84' title="bbox 2101 2461 3693 2542">
    <p class='ocr_par' dir='ltr' id='par_1_84' title="bbox 2101 2461 3693 2542">
     <span class='ocr_line' id='line_1_84' title="bbox 2101 2461 3693 2542; baseline -0.008 -17"><span class='ocrx_word' id='word_1_622' title='bbox 2101 2470 2195 2525; x_wconf 87' lang='lat' dir='ltr'><strong>scd</strong></span> <span class='ocrx_word' id='word_1_623' title='bbox 2226 2469 2351 2542; x_wconf 89' lang='lat' dir='ltr'><strong>quid</strong></span> <span class='ocrx_word' id='word_1_624' title='bbox 2374 2470 2399 2525; x_wconf 81' lang='lat' dir='ltr'><strong>‘t</strong></span> <span class='ocrx_word' id='word_1_625' title='bbox 2420 2467 2695 2538; x_wconf 66' lang='lat' dir='ltr'><strong>Precepit.</strong></span> <span class='ocrx_word' id='word_1_626' title='bbox 2721 2468 2866 2524; x_wconf 89' lang='lat' dir='ltr'><strong>Sicut</strong></span> <span class='ocrx_word' id='word_1_627' title='bbox 2887 2466 3093 2521; x_wconf 90' lang='lat' dir='ltr'><strong>amicus</strong></span> <span class='ocrx_word' id='word_1_628' title='bbox 3116 2463 3299 2520; x_wconf 89' lang='lat' dir='ltr'><strong>amico</strong></span> <span class='ocrx_word' id='word_1_629' title='bbox 3316 2462 3385 2518; x_wconf 88' lang='lat' dir='ltr'><strong>de</strong></span> <span class='ocrx_word' id='word_1_630' title='bbox 3408 2461 3568 2516; x_wconf 91' lang='lat' dir='ltr'><strong>rebus</strong></span> <span class='ocrx_word' id='word_1_631' title='bbox 3599 2476 3693 2514; x_wconf 80' lang='lat' dir='ltr'><strong>ne-</strong></span> 
     </span>
    </p>
   </div>
   <div class='ocr_carea' id='block_1_85' title="bbox 2100 2554 3690 2632">
    <p class='ocr_par' dir='ltr' id='par_1_85' title="bbox 2100 2554 3690 2632">
     <span class='ocr_line' id='line_1_85' title="bbox 2100 2554 3690 2632; baseline -0.008 -14"><span class='ocrx_word' id='word_1_632' title='bbox 2100 2561 2349 2619; x_wconf 85' lang='lat' dir='ltr'><strong>ccssariis</strong></span> <span class='ocrx_word' id='word_1_633' title='bbox 2379 2562 2692 2632; x_wconf 80' lang='lat' dir='ltr'><strong>praecipiens</strong></span> <span class='ocrx_word' id='word_1_634' title='bbox 2734 2560 2984 2631; x_wconf 90' lang='lat' dir='ltr'><strong>loquitur,</strong></span> <span class='ocrx_word' id='word_1_635' title='bbox 3021 2559 3091 2613; x_wconf 90' lang='lat' dir='ltr'><strong>ita</strong></span> <span class='ocrx_word' id='word_1_636' title='bbox 3130 2567 3186 2614; x_wconf 89' lang='lat' dir='ltr'><strong>et</strong></span> <span class='ocrx_word' id='word_1_637' title='bbox 3225 2557 3371 2612; x_wconf 88' lang='lat' dir='ltr'><strong>Deus</strong></span> <span class='ocrx_word' id='word_1_638' title='bbox 3391 2570 3514 2625; x_wconf 84' lang='lat' dir='ltr'><strong>erga</strong></span> <span class='ocrx_word' id='word_1_639' title='bbox 3544 2554 3690 2609; x_wconf 80' lang='lat' dir='ltr'><strong>Ada-</strong></span> 
     </span>
    </p>
   </div>
   <div class='ocr_carea' id='block_1_86' title="bbox 2102 2646 3695 2726">
    <p class='ocr_par' dir='ltr' id='par_1_86' title="bbox 2102 2646 3695 2726">
     <span class='ocr_line' id='line_1_86' title="bbox 2102 2646 3695 2726; baseline -0.008 -13"><span class='ocrx_word' id='word_1_640' title='bbox 2102 2658 2281 2714; x_wconf 83' lang='lat' dir='ltr'><strong>mum&#39;</strong></span> <span class='ocrx_word' id='word_1_641' title='bbox 2311 2656 2544 2712; x_wconf 80' lang='lat' dir='ltr'><strong>afﬁcitur</strong></span> <span class='ocrx_word' id='word_1_642' title='bbox 2568 2674 2580 2709; x_wconf 92' lang='lat'><strong>:</strong></span> <span class='ocrx_word' id='word_1_643' title='bbox 2601 2655 2752 2726; x_wconf 88' lang='lat' dir='ltr'><strong>quasi</strong></span> <span class='ocrx_word' id='word_1_644' title='bbox 2791 2653 2893 2709; x_wconf 89' lang='lat' dir='ltr'><strong>hoc</strong></span> <span class='ocrx_word' id='word_1_645' title='bbox 2915 2652 3123 2708; x_wconf 86' lang='lat' dir='ltr'><strong>honore</strong></span> <span class='ocrx_word' id='word_1_646' title='bbox 3147 2649 3321 2721; x_wconf 89' lang='lat' dir='ltr'><strong>ipsum</strong></span> <span class='ocrx_word' id='word_1_647' title='bbox 3347 2647 3414 2703; x_wconf 90' lang='lat' dir='ltr'><strong>ad</strong></span> <span class='ocrx_word' id='word_1_648' title='bbox 3439 2646 3695 2702; x_wconf 66' lang='lat' dir='ltr'><strong>obedieno</strong></span> 
     </span>
    </p>
   </div>
   <div class='ocr_carea' id='block_1_87' title="bbox 2105 2737 3693 2821">
    <p class='ocr_par' dir='ltr' id='par_1_87' title="bbox 2105 2737 3693 2821">
     <span class='ocr_line' id='line_1_87' title="bbox 2105 2737 3693 2821; baseline -0.009 -14"><span class='ocrx_word' id='word_1_649' title='bbox 2105 2751 2233 2807; x_wconf 89' lang='lat' dir='ltr'><strong>dum</strong></span> <span class='ocrx_word' id='word_1_650' title='bbox 2262 2753 2326 2806; x_wconf 86' lang='lat' dir='ltr'><strong>iis</strong></span> <span class='ocrx_word' id='word_1_651' title='bbox 2345 2766 2509 2821; x_wconf 73' lang='lat' dir='ltr'><strong>quzea</strong></span> <span class='ocrx_word' id='word_1_652' title='bbox 2540 2764 2603 2805; x_wconf 88' lang='lat' dir='ltr'><strong>se</strong></span> <span class='ocrx_word' id='word_1_653' title='bbox 2631 2747 3094 2819; x_wconf 64' lang='lat' dir='ltr'><strong>pmcipiebantur,</strong></span> <span class='ocrx_word' id='word_1_654' title='bbox 3125 2752 3466 2799; x_wconf 88' lang='lat' dir='ltr'><strong>attracturus.</strong></span> <span class='ocrx_word' id='word_1_655' title='bbox 3503 2739 3590 2795; x_wconf 81' lang='grc'><strong>16.</strong></span> <span class='ocrx_word' id='word_1_656' title='bbox 3626 2737 3693 2792; x_wconf 84' lang='lat' dir='ltr'><strong>Et</strong></span> 
     </span>
    </p>
   </div>
   <div class='ocr_carea' id='block_1_88' title="bbox 2103 2832 3690 2920">
    <p class='ocr_par' dir='ltr' id='par_1_88' title="bbox 2103 2832 3690 2920">
     <span class='ocr_line' id='line_1_88' title="bbox 2103 2832 3690 2920; baseline -0.011 -18"><span class='ocrx_word' id='word_1_657' title='bbox 2103 2847 2341 2920; x_wconf 62' lang='lat' dir='ltr'><strong>praecepit</strong></span> <span class='ocrx_word' id='word_1_658' title='bbox 2371 2845 2625 2900; x_wconf 86' lang='lat' dir='ltr'><strong>Dominus</strong></span> <span class='ocrx_word' id='word_1_659' title='bbox 2654 2842 2792 2897; x_wconf 85' lang='lat' dir='ltr'><strong>Deus</strong></span> <span class='ocrx_word' id='word_1_660' title='bbox 2832 2839 2960 2895; x_wconf 72' lang='grc' dir='ltr'><strong>Δάαι</strong></span> <span class='ocrx_word' id='word_1_661' title='bbox 3000 2839 3173 2894; x_wconf 85' lang='lat' dir='ltr'><strong>dicens</strong></span> <span class='ocrx_word' id='word_1_662' title='bbox 3199 2851 3217 2891; x_wconf 91' lang='lat'><strong><em>:</em></strong></span> <span class='ocrx_word' id='word_1_663' title='bbox 3242 2835 3323 2891; x_wconf 85' lang='lat' dir='ltr'><strong>De</strong></span> <span class='ocrx_word' id='word_1_664' title='bbox 3363 2833 3501 2888; x_wconf 90' lang='lat' dir='ltr'><strong>omni</strong></span> <span class='ocrx_word' id='word_1_665' title='bbox 3526 2832 3690 2902; x_wconf 85' lang='lat' dir='ltr'><strong>ligno,</strong></span> 
     </span>
    </p>
   </div>
   <div class='ocr_carea' id='block_1_89' title="bbox 2102 2921 3692 3012">
    <p class='ocr_par' dir='ltr' id='par_1_89' title="bbox 2102 2921 3692 3012">
     <span class='ocr_line' id='line_1_89' title="bbox 2102 2921 3692 3012; baseline -0.012 -19"><span class='ocrx_word' id='word_1_666' title='bbox 2102 2939 2239 3012; x_wconf 72' lang='lat' dir='ltr'><strong>quod</strong></span> <span class='ocrx_word' id='word_1_667' title='bbox 2265 2947 2337 2994; x_wconf 87' lang='lat' dir='ltr'><strong>est</strong></span> <span class='ocrx_word' id='word_1_668' title='bbox 2383 2939 2437 2991; x_wconf 90' lang='lat' dir='ltr'><strong>in</strong></span> <span class='ocrx_word' id='word_1_669' title='bbox 2468 2935 2726 3007; x_wconf 81' lang='lat' dir='ltr'><strong>paradiso,</strong></span> <span class='ocrx_word' id='word_1_670' title='bbox 2769 2930 3075 2988; x_wconf 85' lang='lat' dir='ltr'><strong>comedenda</strong></span> <span class='ocrx_word' id='word_1_671' title='bbox 3109 2927 3338 2984; x_wconf 87' lang='lat' dir='ltr'><strong>comedes</strong></span> <span class='ocrx_word' id='word_1_672' title='bbox 3366 2926 3492 2980; x_wconf 85' lang='lat' dir='ltr'><strong>:l&#39;l.</strong></span> <span class='ocrx_word' id='word_1_673' title='bbox 3534 2923 3597 2977; x_wconf 86' lang='lat' dir='ltr'><strong>de</strong></span> <span class='ocrx_word' id='word_1_674' title='bbox 3624 2921 3692 2975; x_wconf 83' lang='lat' dir='ltr'><strong>ti-</strong></span> 
     </span>
    </p>
   </div>
   <div class='ocr_carea' id='block_1_90' title="bbox 2102 3013 3689 3104">
    <p class='ocr_par' dir='ltr' id='par_1_90' title="bbox 2102 3013 3689 3104">
     <span class='ocr_line' id='line_1_90' title="bbox 2102 3013 3689 3104; baseline -0.011 -20"><span class='ocrx_word' id='word_1_675' title='bbox 2102 3048 2202 3104; x_wconf 85' lang='lat' dir='ltr'><strong>gno</strong></span> <span class='ocrx_word' id='word_1_676' title='bbox 2230 3040 2400 3085; x_wconf 88' lang='lat' dir='ltr'><strong>autent</strong></span> <span class='ocrx_word' id='word_1_677' title='bbox 2441 3027 2633 3084; x_wconf 87' lang='lat' dir='ltr'><strong>sciendi</strong></span> <span class='ocrx_word' id='word_1_678' title='bbox 2680 3025 2863 3081; x_wconf 87' lang='lat' dir='ltr'><strong>bonum</strong></span> <span class='ocrx_word' id='word_1_679' title='bbox 2910 3032 2957 3078; x_wconf 89' lang='lat' dir='ltr'><strong>et</strong></span> <span class='ocrx_word' id='word_1_680' title='bbox 3001 3020 3210 3085; x_wconf 88' lang='lat' dir='ltr'><strong>malum,</strong></span> <span class='ocrx_word' id='word_1_681' title='bbox 3253 3034 3353 3073; x_wconf 90' lang='lat' dir='ltr'><strong>non</strong></span> <span class='ocrx_word' id='word_1_682' title='bbox 3400 3013 3689 3070; x_wconf 86' lang='lat' dir='ltr'><strong>comedetis.</strong></span> 
     </span>
    </p>
   </div>
   <div class='ocr_carea' id='block_1_91' title="bbox 2106 3106 3692 3193">
    <p class='ocr_par' dir='ltr' id='par_1_91' title="bbox 2106 3106 3692 3193">
     <span class='ocr_line' id='line_1_91' title="bbox 2106 3106 3692 3193; baseline -0.012 -15"><span class='ocrx_word' id='word_1_683' title='bbox 2106 3123 2434 3193; x_wconf 83' lang='lat' dir='ltr'><strong>Quocumque</strong></span> <span class='ocrx_word' id='word_1_684' title='bbox 2453 3129 2617 3174; x_wconf 85' lang='lat' dir='ltr'><strong>autent</strong></span> <span class='ocrx_word' id='word_1_685' title='bbox 2647 3117 2729 3172; x_wconf 86' lang='lat' dir='ltr'><strong>die</strong></span> <span class='ocrx_word' id='word_1_686' title='bbox 2755 3115 3069 3172; x_wconf 88' lang='lat' dir='ltr'><strong>comederitis</strong></span> <span class='ocrx_word' id='word_1_687' title='bbox 3105 3128 3168 3168; x_wconf 76' lang='lat' dir='ltr'><strong>ea:</strong></span> <span class='ocrx_word' id='word_1_688' title='bbox 3194 3127 3274 3177; x_wconf 83' lang='lat' dir='ltr'><strong>eo,</strong></span> <span class='ocrx_word' id='word_1_689' title='bbox 3314 3117 3474 3163; x_wconf 88' lang='lat' dir='ltr'><strong>morte</strong></span> <span class='ocrx_word' id='word_1_690' title='bbox 3506 3106 3692 3161; x_wconf 83' lang='lat' dir='ltr'><strong>morie-</strong></span> 
     </span>
    </p>
   </div>
   <div class='ocr_carea' id='block_1_92' title="bbox 2105 3198 3690 3286">
    <p class='ocr_par' dir='ltr' id='par_1_92' title="bbox 2105 3198 3690 3286">
     <span class='ocr_line' id='line_1_92' title="bbox 2105 3198 3690 3286; baseline -0.013 -14"><span class='ocrx_word' id='word_1_691' title='bbox 2105 3217 2249 3272; x_wconf 83' lang='lat' dir='ltr'><strong>mini.</strong></span> <span class='ocrx_word' id='word_1_692' title='bbox 2279 3214 2465 3286; x_wconf 77' lang='lat' dir='ltr'><strong>Magna</strong></span> <span class='ocrx_word' id='word_1_693' title='bbox 2516 3211 2672 3282; x_wconf 85' lang='lat' dir='ltr'><strong>hujus</strong></span> <span class='ocrx_word' id='word_1_694' title='bbox 2709 3207 2961 3280; x_wconf 73' lang='lat' dir='ltr'><strong>prmcepti</strong></span> <span class='ocrx_word' id='word_1_695' title='bbox 3008 3205 3233 3261; x_wconf 88' lang='lat' dir='ltr'><strong>facilitas</strong></span> <span class='ocrx_word' id='word_1_696' title='bbox 3264 3210 3364 3258; x_wconf 88' lang='lat' dir='ltr'><strong>est.</strong></span> <span class='ocrx_word' id='word_1_697' title='bbox 3397 3199 3524 3264; x_wconf 88' lang='lat' dir='ltr'><strong>Sed,</strong></span> <span class='ocrx_word' id='word_1_698' title='bbox 3555 3198 3690 3253; x_wconf 83' lang='lat' dir='ltr'><strong>dile-</strong></span> 
     </span>
    </p>
   </div>
   <div class='ocr_carea' id='block_1_93' title="bbox 2104 3290 3693 3376">
    <p class='ocr_par' dir='ltr' id='par_1_93' title="bbox 2104 3290 3693 3376">
     <span class='ocr_line' id='line_1_93' title="bbox 2104 3290 3693 3376; baseline -0.016 -11"><span class='ocrx_word' id='word_1_699' title='bbox 2104 3317 2209 3372; x_wconf 90' lang='lat' dir='ltr'><strong>cte,</strong></span> <span class='ocrx_word' id='word_1_700' title='bbox 2239 3321 2399 3376; x_wconf 73' lang='lat' dir='ltr'><strong>grave</strong></span> <span class='ocrx_word' id='word_1_701' title='bbox 2427 3303 2623 3360; x_wconf 89' lang='lat' dir='ltr'><strong>malum</strong></span> <span class='ocrx_word' id='word_1_702' title='bbox 2659 3313 2741 3357; x_wconf 70' lang='grc' dir='ltr'><strong>εει</strong></span> <span class='ocrx_word' id='word_1_703' title='bbox 2767 3298 3006 3362; x_wconf 86' lang='lat' dir='ltr'><strong>desidia;</strong></span> <span class='ocrx_word' id='word_1_704' title='bbox 3037 3297 3180 3352; x_wconf 90' lang='lat' dir='ltr'><strong>sicut</strong></span> <span class='ocrx_word' id='word_1_705' title='bbox 3200 3294 3343 3350; x_wconf 87' lang='lat' dir='ltr'><strong>enim</strong></span> <span class='ocrx_word' id='word_1_706' title='bbox 3370 3292 3458 3347; x_wconf 88' lang='lat' dir='ltr'><strong>illa</strong></span> <span class='ocrx_word' id='word_1_707' title='bbox 3491 3290 3617 3344; x_wconf 79' lang='lat' dir='ltr'><strong>facit</strong></span> <span class='ocrx_word' id='word_1_708' title='bbox 3638 3297 3693 3342; x_wconf 90' lang='lat' dir='ltr'><strong>ut</strong></span> 
     </span>
    </p>
   </div>
   <div class='ocr_carea' id='block_1_94' title="bbox 2104 3378 3694 3456">
    <p class='ocr_par' dir='ltr' id='par_1_94' title="bbox 2104 3378 3694 3456">
     <span class='ocr_line' id='line_1_94' title="bbox 2104 3378 3694 3456; baseline -0.016 0"><span class='ocrx_word' id='word_1_709' title='bbox 2104 3399 2278 3456; x_wconf 89' lang='lat' dir='ltr'><strong>facilia</strong></span> <span class='ocrx_word' id='word_1_710' title='bbox 2303 3396 2481 3455; x_wconf 91' lang='lat' dir='ltr'><strong>omnia</strong></span> <span class='ocrx_word' id='word_1_711' title='bbox 2508 3393 2790 3450; x_wconf 87' lang='lat' dir='ltr'><strong>videantur</strong></span> <span class='ocrx_word' id='word_1_712' title='bbox 2811 3390 3069 3456; x_wconf 80' lang='lat' dir='ltr'><strong>difﬁcilia,</strong></span> <span class='ocrx_word' id='word_1_713' title='bbox 3097 3387 3176 3443; x_wconf 90' lang='lat' dir='ltr'><strong>sic</strong></span> <span class='ocrx_word' id='word_1_714' title='bbox 3199 3384 3433 3441; x_wconf 90' lang='lat' dir='ltr'><strong>studium</strong></span> <span class='ocrx_word' id='word_1_715' title='bbox 3465 3390 3520 3437; x_wconf 85' lang='lat' dir='ltr'><strong>et</strong></span> <span class='ocrx_word' id='word_1_716' title='bbox 3557 3378 3694 3449; x_wconf 79' lang='lat' dir='ltr'><strong>vigi-</strong></span> 
     </span>
    </p>
   </div>
   <div class='ocr_carea' id='block_1_95' title="bbox 2103 3470 3695 3558">
    <p class='ocr_par' dir='ltr' id='par_1_95' title="bbox 2103 3470 3695 3558">
     <span class='ocr_line' id='line_1_95' title="bbox 2103 3470 3695 3558; baseline -0.016 -9"><span class='ocrx_word' id='word_1_717' title='bbox 2103 3492 2289 3558; x_wconf 89' lang='lat' dir='ltr'><strong>lantia,</strong></span> <span class='ocrx_word' id='word_1_718' title='bbox 2333 3489 2493 3546; x_wconf 87' lang='lat' dir='ltr'><strong>etiam</strong></span> <span class='ocrx_word' id='word_1_719' title='bbox 2541 3486 2718 3542; x_wconf 90' lang='lat' dir='ltr'><strong>omnia</strong></span> <span class='ocrx_word' id='word_1_720' title='bbox 2762 3483 2928 3538; x_wconf 89' lang='lat' dir='ltr'><strong>ardua</strong></span> <span class='ocrx_word' id='word_1_721' title='bbox 2967 3491 3022 3536; x_wconf 92' lang='lat' dir='ltr'><strong>et</strong></span> <span class='ocrx_word' id='word_1_722' title='bbox 3051 3477 3287 3535; x_wconf 77' lang='lat' dir='ltr'><strong>difficilia</strong></span> <span class='ocrx_word' id='word_1_723' title='bbox 3326 3474 3498 3530; x_wconf 88' lang='lat' dir='ltr'><strong>facilia</strong></span> <span class='ocrx_word' id='word_1_724' title='bbox 3538 3470 3695 3526; x_wconf 83' lang='lat' dir='ltr'><strong>nobis</strong></span> 
     </span>
    </p>
   </div>
   <div class='ocr_carea' id='block_1_96' title="bbox 2105 3561 3695 3647">
    <p class='ocr_par' dir='ltr' id='par_1_96' title="bbox 2105 3561 3695 3647">
     <span class='ocr_line' id='line_1_96' title="bbox 2105 3561 3695 3647; baseline -0.014 -7"><span class='ocrx_word' id='word_1_725' title='bbox 2105 3582 2352 3641; x_wconf 87' lang='lat' dir='ltr'><strong>reddunt.</strong></span> <span class='ocrx_word' id='word_1_726' title='bbox 2380 3579 2519 3647; x_wconf 86' lang='lat' dir='ltr'><strong>Quid</strong></span> <span class='ocrx_word' id='word_1_727' title='bbox 2557 3577 2726 3643; x_wconf 91' lang='lat' dir='ltr'><strong>enim,</strong></span> <span class='ocrx_word' id='word_1_728' title='bbox 2761 3575 2870 3640; x_wconf 89' lang='lat' dir='ltr'><strong>dic,</strong></span> <span class='ocrx_word' id='word_1_729' title='bbox 2902 3585 3107 3643; x_wconf 65' lang='lat' dir='ltr'><strong>quaeso,</strong></span> <span class='ocrx_word' id='word_1_730' title='bbox 3137 3568 3240 3624; x_wconf 92' lang='lat' dir='ltr'><strong>hoe</strong></span> <span class='ocrx_word' id='word_1_731' title='bbox 3275 3564 3529 3622; x_wconf 89' lang='lat' dir='ltr'><strong>mandato</strong></span> <span class='ocrx_word' id='word_1_732' title='bbox 3565 3561 3695 3619; x_wconf 79' lang='lat' dir='ltr'><strong>iaci-</strong></span> 
     </span>
    </p>
   </div>
   <div class='ocr_carea' id='block_1_97' title="bbox 2108 3653 3694 3742">
    <p class='ocr_par' dir='ltr' id='par_1_97' title="bbox 2108 3653 3694 3742">
     <span class='ocr_line' id='line_1_97' title="bbox 2108 3653 3694 3742; baseline -0.011 -17"><span class='ocrx_word' id='word_1_733' title='bbox 2108 3669 2252 3727; x_wconf 88' lang='lat' dir='ltr'><strong>lius?</strong></span> <span class='ocrx_word' id='word_1_734' title='bbox 2279 3670 2412 3742; x_wconf 89' lang='lat' dir='ltr'><strong>quid</strong></span> <span class='ocrx_word' id='word_1_735' title='bbox 2442 3670 2548 3726; x_wconf 88' lang='lat' dir='ltr'><strong>hoc</strong></span> <span class='ocrx_word' id='word_1_736' title='bbox 2578 3667 2781 3723; x_wconf 86' lang='lat' dir='ltr'><strong>honore</strong></span> <span class='ocrx_word' id='word_1_737' title='bbox 2808 3664 3020 3735; x_wconf 83' lang='lat' dir='ltr'><strong>majus?</strong></span> <span class='ocrx_word' id='word_1_738' title='bbox 3045 3658 3388 3717; x_wconf 86' lang='lat' dir='ltr'><strong>Concedebat</strong></span> <span class='ocrx_word' id='word_1_739' title='bbox 3409 3653 3613 3712; x_wconf 87' lang='lat' dir='ltr'><strong>versari</strong></span> <span class='ocrx_word' id='word_1_740' title='bbox 3642 3653 3694 3709; x_wconf 88' lang='lat' dir='ltr'><strong>in</strong></span> 
     </span>
    </p>
   </div>
   <div class='ocr_carea' id='block_1_98' title="bbox 2107 3746 3699 3835">
    <p class='ocr_par' dir='ltr' id='par_1_98' title="bbox 2107 3746 3699 3835">
     <span class='ocr_line' id='line_1_98' title="bbox 2107 3746 3699 3835; baseline -0.011 -17"><span class='ocrx_word' id='word_1_741' title='bbox 2107 3762 2375 3835; x_wconf 71' lang='lat' dir='ltr'><strong>paradiso,</strong></span> <span class='ocrx_word' id='word_1_742' title='bbox 2408 3761 2694 3816; x_wconf 86' lang='lat' dir='ltr'><strong>visibilium</strong></span> <span class='ocrx_word' id='word_1_743' title='bbox 2718 3757 3050 3814; x_wconf 84' lang='lat' dir='ltr'><strong>formositate</strong></span> <span class='ocrx_word' id='word_1_744' title='bbox 3078 3751 3359 3818; x_wconf 85' lang='lat' dir='ltr'><strong>obiectari,</strong></span> <span class='ocrx_word' id='word_1_745' title='bbox 3390 3746 3699 3820; x_wconf 83' lang='lat' dir='ltr'><strong>aspicienda</strong></span> 
     </span>
    </p>
   </div>
   <div class='ocr_carea' id='block_1_99' title="bbox 2105 3841 3696 3920">
    <p class='ocr_par' dir='ltr' id='par_1_99' title="bbox 2105 3841 3696 3920">
     <span class='ocr_line' id='line_1_99' title="bbox 2105 3841 3696 3920; baseline -0.013 -7"><span class='ocrx_word' id='word_1_746' title='bbox 2105 3856 2392 3913; x_wconf 76' lang='lat' dir='ltr'><strong>exltilamri</strong></span> <span class='ocrx_word' id='word_1_747' title='bbox 2428 3863 2485 3910; x_wconf 92' lang='lat' dir='ltr'><strong>et</strong></span> <span class='ocrx_word' id='word_1_748' title='bbox 2509 3852 2736 3909; x_wconf 86' lang='lat' dir='ltr'><strong>fruendo</strong></span> <span class='ocrx_word' id='word_1_749' title='bbox 2762 3865 3005 3920; x_wconf 87' lang='lat' dir='ltr'><strong>magnam</strong></span> <span class='ocrx_word' id='word_1_750' title='bbox 3037 3847 3363 3918; x_wconf 88' lang='lat' dir='ltr'><strong>voluptatem</strong></span> <span class='ocrx_word' id='word_1_751' title='bbox 3393 3841 3696 3915; x_wconf 87' lang='lat' dir='ltr'><strong>percipere.</strong></span> 
     </span>
    </p>
   </div>
   <div class='ocr_carea' id='block_1_100' title="bbox 2106 3931 3698 4021">
    <p class='ocr_par' dir='ltr' id='par_1_100' title="bbox 2106 3931 3698 4021">
     <span class='ocr_line' id='line_1_100' title="bbox 2106 3931 3698 4021; baseline -0.014 -14"><span class='ocrx_word' id='word_1_752' title='bbox 2106 3949 2290 4021; x_wconf 82' lang='lat' dir='ltr'><strong>Cogita</strong></span> <span class='ocrx_word' id='word_1_753' title='bbox 2317 3963 2476 4020; x_wconf 84' lang='lat' dir='ltr'><strong>quam</strong></span> <span class='ocrx_word' id='word_1_754' title='bbox 2506 3944 2801 4017; x_wconf 82' lang='lat' dir='ltr'><strong>jucundum</strong></span> <span class='ocrx_word' id='word_1_755' title='bbox 2831 3942 2984 3999; x_wconf 87' lang='lat' dir='ltr'><strong>fuerit</strong></span> <span class='ocrx_word' id='word_1_756' title='bbox 3016 3942 3204 3996; x_wconf 87' lang='lat' dir='ltr'><strong>videre</strong></span> <span class='ocrx_word' id='word_1_757' title='bbox 3254 3938 3478 3992; x_wconf 88' lang='lat' dir='ltr'><strong>arbores</strong></span> <span class='ocrx_word' id='word_1_758' title='bbox 3508 3931 3698 3989; x_wconf 77' lang='lat' dir='ltr'><strong>fructi-</strong></span> 
     </span>
    </p>
   </div>
   <div class='ocr_carea' id='block_1_101' title="bbox 2109 4023 3697 4103">
    <p class='ocr_par' dir='ltr' id='par_1_101' title="bbox 2109 4023 3697 4103">
     <span class='ocr_line' id='line_1_101' title="bbox 2109 4023 3697 4103; baseline -0.014 -6"><span class='ocrx_word' id='word_1_759' title='bbox 2109 4042 2207 4096; x_wconf 89' lang='lat' dir='ltr'><strong>bus</strong></span> <span class='ocrx_word' id='word_1_760' title='bbox 2244 4048 2514 4103; x_wconf 82' lang='lat' dir='ltr'><strong>oneratas,</strong></span> <span class='ocrx_word' id='word_1_761' title='bbox 2546 4036 2740 4090; x_wconf 83' lang='lat' dir='ltr'><strong>florum</strong></span> <span class='ocrx_word' id='word_1_762' title='bbox 2770 4034 3104 4097; x_wconf 89' lang='lat' dir='ltr'><strong>varietatem,</strong></span> <span class='ocrx_word' id='word_1_763' title='bbox 3150 4030 3439 4086; x_wconf 88' lang='lat' dir='ltr'><strong>herbarum</strong></span> <span class='ocrx_word' id='word_1_764' title='bbox 3468 4023 3697 4080; x_wconf 89' lang='lat' dir='ltr'><strong>diversi-</strong></span> 
     </span>
    </p>
   </div>
   <div class='ocr_carea' id='block_1_102' title="bbox 2110 4118 3698 4198">
    <p class='ocr_par' dir='ltr' id='par_1_102' title="bbox 2110 4118 3698 4198">
     <span class='ocr_line' id='line_1_102' title="bbox 2110 4118 3698 4198; baseline -0.013 -12"><span class='ocrx_word' id='word_1_765' title='bbox 2110 4142 2294 4198; x_wconf 84' lang='lat' dir='ltr'><strong>tatem,</strong></span> <span class='ocrx_word' id='word_1_766' title='bbox 2326 4129 2574 4184; x_wconf 89' lang='lat' dir='ltr'><strong>foliorum</strong></span> <span class='ocrx_word' id='word_1_767' title='bbox 2605 4140 2809 4189; x_wconf 89' lang='lat' dir='ltr'><strong>comas,</strong></span> <span class='ocrx_word' id='word_1_768' title='bbox 2833 4133 2992 4194; x_wconf 89' lang='lat' dir='ltr'><strong>atque</strong></span> <span class='ocrx_word' id='word_1_769' title='bbox 3014 4121 3118 4177; x_wconf 90' lang='lat' dir='ltr'><strong>alia</strong></span> <span class='ocrx_word' id='word_1_770' title='bbox 3148 4137 3268 4192; x_wconf 78' lang='lat' dir='ltr'><strong>qua:</strong></span> <span class='ocrx_word' id='word_1_771' title='bbox 3296 4118 3587 4177; x_wconf 88' lang='lat' dir='ltr'><strong>verisimile</strong></span> <span class='ocrx_word' id='word_1_772' title='bbox 3613 4123 3698 4169; x_wconf 89' lang='lat' dir='ltr'><strong>est</strong></span> 
     </span>
    </p>
   </div>
   <div class='ocr_carea' id='block_1_103' title="bbox 2111 4212 3693 4296">
    <p class='ocr_par' dir='ltr' id='par_1_103' title="bbox 2111 4212 3693 4296">
     <span class='ocr_line' id='line_1_103' title="bbox 2111 4212 3693 4296; baseline -0.011 -15"><span class='ocrx_word' id='word_1_773' title='bbox 2111 4228 2164 4281; x_wconf 90' lang='lat' dir='ltr'><strong>in</strong></span> <span class='ocrx_word' id='word_1_774' title='bbox 2196 4223 2445 4296; x_wconf 84' lang='lat' dir='ltr'><strong>paradiso</strong></span> <span class='ocrx_word' id='word_1_775' title='bbox 2483 4220 2667 4286; x_wconf 86' lang='lat' dir='ltr'><strong>fuisse,</strong></span> <span class='ocrx_word' id='word_1_776' title='bbox 2717 4226 2773 4273; x_wconf 89' lang='lat' dir='ltr'><strong>et</strong></span> <span class='ocrx_word' id='word_1_777' title='bbox 2820 4217 2872 4272; x_wconf 91' lang='lat' dir='ltr'><strong>in</strong></span> <span class='ocrx_word' id='word_1_778' title='bbox 2917 4214 3164 4287; x_wconf 87' lang='lat' dir='ltr'><strong>paradiso</strong></span> <span class='ocrx_word' id='word_1_779' title='bbox 3208 4230 3240 4268; x_wconf 92' lang='lat' dir='ltr'><strong>a</strong></span> <span class='ocrx_word' id='word_1_780' title='bbox 3291 4214 3399 4269; x_wconf 88' lang='lat' dir='ltr'><strong>Deo</strong></span> <span class='ocrx_word' id='word_1_781' title='bbox 3438 4212 3693 4282; x_wconf 88' lang='lat' dir='ltr'><strong>plantato.</strong></span> 
     </span>
    </p>
   </div>
   <div class='ocr_carea' id='block_1_104' title="bbox 2112 4302 3698 4385">
    <p class='ocr_par' dir='ltr' id='par_1_104' title="bbox 2112 4302 3698 4385">
     <span class='ocr_line' id='line_1_104' title="bbox 2112 4302 3698 4385; baseline -0.011 -13"><span class='ocrx_word' id='word_1_782' title='bbox 2112 4317 2334 4385; x_wconf 81' lang='lat' dir='ltr'><strong>Pmpter</strong></span> <span class='ocrx_word' id='word_1_783' title='bbox 2379 4314 2481 4368; x_wconf 89' lang='lat' dir='ltr'><strong>hoc</strong></span> <span class='ocrx_word' id='word_1_784' title='bbox 2518 4312 2661 4367; x_wconf 90' lang='lat' dir='ltr'><strong>enim</strong></span> <span class='ocrx_word' id='word_1_785' title='bbox 2710 4309 2958 4381; x_wconf 88' lang='lat' dir='ltr'><strong>superius</strong></span> <span class='ocrx_word' id='word_1_786' title='bbox 3002 4306 3182 4361; x_wconf 90' lang='lat' dir='ltr'><strong>divina</strong></span> <span class='ocrx_word' id='word_1_787' title='bbox 3230 4304 3504 4375; x_wconf 78' lang='lat' dir='ltr'><strong>Scriptura</strong></span> <span class='ocrx_word' id='word_1_788' title='bbox 3547 4302 3698 4364; x_wconf 88' lang='lat' dir='ltr'><strong>dicit,</strong></span> 
     </span>
    </p>
   </div>
   <div class='ocr_carea' id='block_1_105' title="bbox 2113 4398 3705 4473">
    <p class='ocr_par' dir='ltr' id='par_1_105' title="bbox 2113 4398 3705 4473">
     <span class='ocr_line' id='line_1_105' title="bbox 2113 4398 3705 4473; baseline -0.013 -6"><span class='ocrx_word' id='word_1_789' title='bbox 2113 4411 2370 4467; x_wconf 73' lang='lat' dir='ltr'><strong>Produxit</strong></span> <span class='ocrx_word' id='word_1_790' title='bbox 2405 4407 2573 4462; x_wconf 82' lang='lat' dir='ltr'><strong>adhuc</strong></span> <span class='ocrx_word' id='word_1_791' title='bbox 2599 4422 2662 4461; x_wconf 80' lang='lat' dir='ltr'><strong>ea:</strong></span> <span class='ocrx_word' id='word_1_792' title='bbox 2691 4417 2824 4460; x_wconf 88' lang='lat' dir='ltr'><strong>terra</strong></span> <span class='ocrx_word' id='word_1_793' title='bbox 2853 4418 3001 4458; x_wconf 85' lang='lat' dir='ltr'><strong>omne</strong></span> <span class='ocrx_word' id='word_1_794' title='bbox 3024 4401 3218 4473; x_wconf 81' lang='lat' dir='ltr'><strong>lignum</strong></span> <span class='ocrx_word' id='word_1_795' title='bbox 3246 4398 3517 4470; x_wconf 80' lang='lat' dir='ltr'><strong>pulchrum</strong></span> <span class='ocrx_word' id='word_1_796' title='bbox 3555 4410 3705 4464; x_wconf 76' lang='lat' dir='ltr'><strong>aspe-</strong></span> 
     </span>
    </p>
   </div>
   <div class='ocr_carea' id='block_1_106' title="bbox 2111 4488 3700 4571">
    <p class='ocr_par' dir='ltr' id='par_1_106' title="bbox 2111 4488 3700 4571">
     <span class='ocr_line' id='line_1_106' title="bbox 2111 4488 3700 4571; baseline -0.013 -11"><span class='ocrx_word' id='word_1_797' title='bbox 2111 4517 2194 4560; x_wconf 84' lang='lat' dir='ltr'><strong>ctu</strong></span> <span class='ocrx_word' id='word_1_798' title='bbox 2220 4544 2237 4571; x_wconf 88' lang='lat'><strong>,</strong></span> <span class='ocrx_word' id='word_1_799' title='bbox 2275 4512 2323 4558; x_wconf 90' lang='lat' dir='ltr'><strong>et</strong></span> <span class='ocrx_word' id='word_1_800' title='bbox 2362 4503 2546 4556; x_wconf 85' lang='lat' dir='ltr'><strong>bonum</strong></span> <span class='ocrx_word' id='word_1_801' title='bbox 2590 4498 2658 4553; x_wconf 85' lang='lat' dir='ltr'><strong>ad</strong></span> <span class='ocrx_word' id='word_1_802' title='bbox 2708 4495 3092 4559; x_wconf 83' lang='lat' dir='ltr'><strong>comedendum,</strong></span> <span class='ocrx_word' id='word_1_803' title='bbox 3139 4502 3198 4548; x_wconf 90' lang='lat' dir='ltr'><strong>ut</strong></span> <span class='ocrx_word' id='word_1_804' title='bbox 3235 4492 3374 4547; x_wconf 86' lang='lat' dir='ltr'><strong>scire</strong></span> <span class='ocrx_word' id='word_1_805' title='bbox 3414 4488 3700 4560; x_wconf 88' lang='lat' dir='ltr'><strong>possimus,</strong></span> 
     </span>
    </p>
   </div>
   <div class='ocr_carea' id='block_1_107' title="bbox 2112 4579 3700 4669">
    <p class='ocr_par' dir='ltr' id='par_1_107' title="bbox 2112 4579 3700 4669">
     <span class='ocr_line' id='line_1_107' title="bbox 2112 4579 3700 4669; baseline -0.014 -17"><span class='ocrx_word' id='word_1_806' title='bbox 2112 4604 2312 4669; x_wconf 90' lang='lat' dir='ltr'><strong>quanta</strong></span> <span class='ocrx_word' id='word_1_807' title='bbox 2341 4592 2527 4648; x_wconf 84' lang='lat' dir='ltr'><strong>fruens</strong></span> <span class='ocrx_word' id='word_1_808' title='bbox 2552 4591 2817 4650; x_wconf 82' lang='lat' dir='ltr'><strong>ubertate,</strong></span> <span class='ocrx_word' id='word_1_809' title='bbox 2844 4602 2941 4658; x_wconf 90' lang='lat' dir='ltr'><strong>per</strong></span> <span class='ocrx_word' id='word_1_810' title='bbox 2968 4598 3213 4655; x_wconf 84' lang='lat' dir='ltr'><strong>magnam</strong></span> <span class='ocrx_word' id='word_1_811' title='bbox 3236 4579 3700 4651; x_wconf 88' lang='lat' dir='ltr'><strong>intemperantiam</strong></span> 
     </span>
    </p>
   </div>
   <div class='ocr_carea' id='block_1_108' title="bbox 2112 4671 3702 4758">
    <p class='ocr_par' dir='ltr' id='par_1_108' title="bbox 2112 4671 3702 4758">
     <span class='ocr_line' id='line_1_108' title="bbox 2112 4671 3702 4758; baseline -0.013 -13"><span class='ocrx_word' id='word_1_812' title='bbox 2112 4699 2169 4746; x_wconf 89' lang='lat' dir='ltr'><strong>et</strong></span> <span class='ocrx_word' id='word_1_813' title='bbox 2219 4686 2617 4758; x_wconf 85' lang='lat' dir='ltr'><strong>negligentiam,</strong></span> <span class='ocrx_word' id='word_1_814' title='bbox 2658 4682 2842 4737; x_wconf 87' lang='lat' dir='ltr'><strong>datum</strong></span> <span class='ocrx_word' id='word_1_815' title='bbox 2897 4679 2998 4735; x_wconf 89' lang='lat' dir='ltr'><strong>sibi</strong></span> <span class='ocrx_word' id='word_1_816' title='bbox 3038 4675 3348 4732; x_wconf 87' lang='lat' dir='ltr'><strong>mandatum</strong></span> <span class='ocrx_word' id='word_1_817' title='bbox 3400 4671 3702 4727; x_wconf 83' lang='lat' dir='ltr'><strong>violaverit.</strong></span> 
     </span>
    </p>
   </div>
   <div class='ocr_carea' id='block_1_109' title="bbox 2113 4766 3709 4852">
    <p class='ocr_par' dir='ltr' id='par_1_109' title="bbox 2113 4766 3709 4852">
     <span class='ocr_line' id='line_1_109' title="bbox 2113 4766 3709 4852; baseline -0.011 -15"><span class='ocrx_word' id='word_1_818' title='bbox 2113 4782 2319 4852; x_wconf 87' lang='lat' dir='ltr'><strong>Cogita,</strong></span> <span class='ocrx_word' id='word_1_819' title='bbox 2347 4780 2594 4842; x_wconf 88' lang='lat' dir='ltr'><strong>obsecro,</strong></span> <span class='ocrx_word' id='word_1_820' title='bbox 2626 4774 2846 4831; x_wconf 90' lang='lat' dir='ltr'><strong>honoris</strong></span> <span class='ocrx_word' id='word_1_821' title='bbox 2870 4770 3237 4836; x_wconf 87' lang='lat' dir='ltr'><strong>eminentiam,</strong></span> <span class='ocrx_word' id='word_1_822' title='bbox 3265 4782 3386 4839; x_wconf 72' lang='lat' dir='ltr'><strong>qum</strong></span> <span class='ocrx_word' id='word_1_823' title='bbox 3410 4766 3558 4821; x_wconf 89' lang='lat' dir='ltr'><strong>illum</strong></span> <span class='ocrx_word' id='word_1_824' title='bbox 3580 4778 3709 4833; x_wconf 88' lang='lat' dir='ltr'><strong>pro-</strong></span> 
     </span>
    </p>
   </div>
   <div class='ocr_carea' id='block_1_110' title="bbox 2114 4856 3704 4945">
    <p class='ocr_par' dir='ltr' id='par_1_110' title="bbox 2114 4856 3704 4945">
     <span class='ocr_line' id='line_1_110' title="bbox 2114 4856 3704 4945; baseline -0.013 -15"><span class='ocrx_word' id='word_1_825' title='bbox 2114 4883 2372 4945; x_wconf 85' lang='lat' dir='ltr'><strong>sequutus</strong></span> <span class='ocrx_word' id='word_1_826' title='bbox 2397 4880 2502 4940; x_wconf 88' lang='lat' dir='ltr'><strong>est,</strong></span> <span class='ocrx_word' id='word_1_827' title='bbox 2528 4869 2651 4925; x_wconf 86' lang='lat' dir='ltr'><strong>data</strong></span> <span class='ocrx_word' id='word_1_828' title='bbox 2680 4869 2754 4924; x_wconf 90' lang='lat' dir='ltr'><strong>illi</strong></span> <span class='ocrx_word' id='word_1_829' title='bbox 2785 4879 2969 4923; x_wconf 87' lang='lat' dir='ltr'><strong>mensa</strong></span> <span class='ocrx_word' id='word_1_830' title='bbox 3009 4863 3219 4934; x_wconf 83' lang='lat' dir='ltr'><strong>propria</strong></span> <span class='ocrx_word' id='word_1_831' title='bbox 3253 4870 3308 4916; x_wconf 88' lang='lat' dir='ltr'><strong>et</strong></span> <span class='ocrx_word' id='word_1_832' title='bbox 3346 4865 3622 4929; x_wconf 84' lang='lat' dir='ltr'><strong>segregata</strong></span> <span class='ocrx_word' id='word_1_833' title='bbox 3649 4856 3704 4910; x_wconf 88' lang='lat' dir='ltr'><strong>in</strong></span> 
     </span>
    </p>
   </div>
   <div class='ocr_carea' id='block_1_111' title="bbox 2118 4946 3706 5037">
    <p class='ocr_par' dir='ltr' id='par_1_111' title="bbox 2118 4946 3706 5037">
     <span class='ocr_line' id='line_1_111' title="bbox 2118 4946 3706 5037; baseline -0.011 -20"><span class='ocrx_word' id='word_1_834' title='bbox 2118 4965 2385 5037; x_wconf 85' lang='lat' dir='ltr'><strong>paradiso,</strong></span> <span class='ocrx_word' id='word_1_835' title='bbox 2409 4972 2463 5019; x_wconf 94' lang='lat' dir='ltr'><strong>ut</strong></span> <span class='ocrx_word' id='word_1_836' title='bbox 2493 4977 2560 5016; x_wconf 92' lang='lat' dir='ltr'><strong>ne</strong></span> <span class='ocrx_word' id='word_1_837' title='bbox 2591 4969 2801 5031; x_wconf 87' lang='lat' dir='ltr'><strong>putaret</strong></span> <span class='ocrx_word' id='word_1_838' title='bbox 2844 4955 3089 5014; x_wconf 87' lang='lat' dir='ltr'><strong>eamdem</strong></span> <span class='ocrx_word' id='word_1_839' title='bbox 3134 4952 3235 5009; x_wconf 88' lang='lat' dir='ltr'><strong>sibi</strong></span> <span class='ocrx_word' id='word_1_840' title='bbox 3259 4960 3316 5007; x_wconf 86' lang='lat' dir='ltr'><strong>et</strong></span> <span class='ocrx_word' id='word_1_841' title='bbox 3338 4949 3596 5021; x_wconf 74' lang='lat' dir='ltr'><strong>iumentis</strong></span> <span class='ocrx_word' id='word_1_842' title='bbox 3622 4946 3706 5001; x_wconf 82' lang='lat' dir='ltr'><strong>in-</strong></span> 
     </span>
    </p>
   </div>
   <div class='ocr_carea' id='block_1_112' title="bbox 2117 5042 3707 5125">
    <p class='ocr_par' dir='ltr' id='par_1_112' title="bbox 2117 5042 3707 5125">
     <span class='ocr_line' id='line_1_112' title="bbox 2117 5042 3707 5125; baseline -0.014 -10"><span class='ocrx_word' id='word_1_843' title='bbox 2117 5060 2273 5125; x_wconf 89' lang='lat' dir='ltr'><strong>strui,</strong></span> <span class='ocrx_word' id='word_1_844' title='bbox 2320 5056 2416 5112; x_wconf 89' lang='lat' dir='ltr'><strong>sed</strong></span> <span class='ocrx_word' id='word_1_845' title='bbox 2466 5054 2687 5109; x_wconf 89' lang='lat' dir='ltr'><strong>haberet</strong></span> <span class='ocrx_word' id='word_1_846' title='bbox 2741 5051 2892 5123; x_wconf 86' lang='lat' dir='ltr'><strong>quasi</strong></span> <span class='ocrx_word' id='word_1_847' title='bbox 2939 5064 3064 5113; x_wconf 87' lang='lat' dir='ltr'><strong>rex,</strong></span> <span class='ocrx_word' id='word_1_848' title='bbox 3116 5047 3169 5101; x_wconf 84' lang='lat' dir='ltr'><strong>in</strong></span> <span class='ocrx_word' id='word_1_849' title='bbox 3223 5042 3470 5116; x_wconf 84' lang='lat' dir='ltr'><strong>paradiso</strong></span> <span class='ocrx_word' id='word_1_850' title='bbox 3518 5053 3707 5110; x_wconf 80' lang='lat' dir='ltr'><strong>agens,</strong></span> 
     </span>
    </p>
   </div>
   <div class='ocr_carea' id='block_1_113' title="bbox 2117 5133 3706 5217">
    <p class='ocr_par' dir='ltr' id='par_1_113' title="bbox 2117 5133 3706 5217">
     <span class='ocr_line' id='line_1_113' title="bbox 2117 5133 3706 5217; baseline -0.013 -9"><span class='ocrx_word' id='word_1_851' title='bbox 2117 5151 2429 5208; x_wconf 90' lang='lat' dir='ltr'><strong>deliciarum</strong></span> <span class='ocrx_word' id='word_1_852' title='bbox 2469 5145 2699 5217; x_wconf 88' lang='lat' dir='ltr'><strong>copiam,</strong></span> <span class='ocrx_word' id='word_1_853' title='bbox 2737 5151 2794 5199; x_wconf 89' lang='lat' dir='ltr'><strong>et</strong></span> <span class='ocrx_word' id='word_1_854' title='bbox 2818 5141 2973 5214; x_wconf 89' lang='lat' dir='ltr'><strong>quasi</strong></span> <span class='ocrx_word' id='word_1_855' title='bbox 3013 5140 3265 5196; x_wconf 90' lang='lat' dir='ltr'><strong>dominus</strong></span> <span class='ocrx_word' id='word_1_856' title='bbox 3293 5134 3580 5207; x_wconf 87' lang='lat' dir='ltr'><strong>separatim</strong></span> <span class='ocrx_word' id='word_1_857' title='bbox 3608 5133 3706 5188; x_wconf 84' lang='lat' dir='ltr'><strong>de-</strong></span> 
     </span>
    </p>
   </div>
   <div class='ocr_carea' id='block_1_114' title="bbox 2119 5224 3710 5314">
    <p class='ocr_par' dir='ltr' id='par_1_114' title="bbox 2119 5224 3710 5314">
     <span class='ocr_line' id='line_1_114' title="bbox 2119 5224 3710 5314; baseline -0.013 -15"><span class='ocrx_word' id='word_1_858' title='bbox 2119 5251 2293 5314; x_wconf 88' lang='lat' dir='ltr'><strong>geret,</strong></span> <span class='ocrx_word' id='word_1_859' title='bbox 2316 5249 2478 5310; x_wconf 90' lang='lat' dir='ltr'><strong>atque</strong></span> <span class='ocrx_word' id='word_1_860' title='bbox 2504 5237 2664 5293; x_wconf 87' lang='lat' dir='ltr'><strong>aliam</strong></span> <span class='ocrx_word' id='word_1_861' title='bbox 2691 5249 2850 5305; x_wconf 85' lang='lat' dir='ltr'><strong>quam</strong></span> <span class='ocrx_word' id='word_1_862' title='bbox 2876 5230 3105 5288; x_wconf 90' lang='lat' dir='ltr'><strong>ministri</strong></span> <span class='ocrx_word' id='word_1_863' title='bbox 3134 5228 3516 5284; x_wconf 85' lang='lat' dir='ltr'><strong>habitationem</strong></span> <span class='ocrx_word' id='word_1_864' title='bbox 3544 5224 3710 5281; x_wconf 88' lang='lat' dir='ltr'><strong>sorti-</strong></span> 
     </span>
    </p>
   </div>
   <div class='ocr_carea' id='block_1_115' title="bbox 2124 5316 3714 5402">
    <p class='ocr_par' dir='ltr' id='par_1_115' title="bbox 2124 5316 3714 5402">
     <span class='ocr_line' id='line_1_115' title="bbox 2124 5316 3714 5402; baseline -0.013 -12"><span class='ocrx_word' id='word_1_865' title='bbox 2124 5344 2286 5390; x_wconf 89' lang='lat' dir='ltr'><strong>retur.</strong></span> <span class='ocrx_word' id='word_1_866' title='bbox 2331 5331 2399 5386; x_wconf 83' lang='lat' dir='ltr'><strong>Et</strong></span> <span class='ocrx_word' id='word_1_867' title='bbox 2449 5329 2688 5402; x_wconf 71' lang='lat' dir='ltr'><strong>pra’cepit</strong></span> <span class='ocrx_word' id='word_1_868' title='bbox 2731 5324 2986 5381; x_wconf 83' lang='lat' dir='ltr'><strong>Dominus</strong></span> <span class='ocrx_word' id='word_1_869' title='bbox 3030 5321 3171 5377; x_wconf 86' lang='lat' dir='ltr'><strong>Deus</strong></span> <span class='ocrx_word' id='word_1_870' title='bbox 3217 5319 3344 5375; x_wconf 68' lang='lat' dir='ltr'><strong>Adae</strong></span> <span class='ocrx_word' id='word_1_871' title='bbox 3390 5318 3602 5373; x_wconf 80' lang='lat' dir='ltr'><strong>dicens:</strong></span> <span class='ocrx_word' id='word_1_872' title='bbox 3629 5316 3714 5372; x_wconf 67' lang='lat' dir='ltr'><strong>E3</strong></span> 
     </span>
    </p>
   </div>
   <div class='ocr_carea' id='block_1_116' title="bbox 2121 5410 3714 5494">
    <p class='ocr_par' dir='ltr' id='par_1_116' title="bbox 2121 5410 3714 5494">
     <span class='ocr_line' id='line_1_116' title="bbox 2121 5410 3714 5494; baseline -0.011 -13"><span class='ocrx_word' id='word_1_873' title='bbox 2121 5425 2259 5481; x_wconf 87' lang='lat' dir='ltr'><strong>omni</strong></span> <span class='ocrx_word' id='word_1_874' title='bbox 2283 5424 2442 5494; x_wconf 80' lang='lat' dir='ltr'><strong>ligno,</strong></span> <span class='ocrx_word' id='word_1_875' title='bbox 2468 5420 2606 5492; x_wconf 81' lang='lat' dir='ltr'><strong>quod</strong></span> <span class='ocrx_word' id='word_1_876' title='bbox 2640 5429 2713 5474; x_wconf 87' lang='lat' dir='ltr'><strong>est</strong></span> <span class='ocrx_word' id='word_1_877' title='bbox 2740 5418 2793 5472; x_wconf 91' lang='lat' dir='ltr'><strong>in</strong></span> <span class='ocrx_word' id='word_1_878' title='bbox 2821 5415 3082 5488; x_wconf 85' lang='lat' dir='ltr'><strong>paradiso,</strong></span> <span class='ocrx_word' id='word_1_879' title='bbox 3112 5410 3421 5468; x_wconf 84' lang='lat' dir='ltr'><strong>comedenda</strong></span> <span class='ocrx_word' id='word_1_880' title='bbox 3446 5410 3714 5464; x_wconf 83' lang='lat' dir='ltr'><strong>comedes:</strong></span> 
     </span>
    </p>
   </div>
   <div class='ocr_carea' id='block_1_117' title="bbox 2122 5501 3716 5587">
    <p class='ocr_par' dir='ltr' id='par_1_117' title="bbox 2122 5501 3716 5587">
     <span class='ocr_line' id='line_1_117' title="bbox 2122 5501 3716 5587; baseline -0.011 -15"><span class='ocrx_word' id='word_1_881' title='bbox 2122 5533 2185 5572; x_wconf 79' lang='lat' dir='ltr'><strong>ea:</strong></span> <span class='ocrx_word' id='word_1_882' title='bbox 2216 5517 2355 5587; x_wconf 87' lang='lat' dir='ltr'><strong>ligno</strong></span> <span class='ocrx_word' id='word_1_883' title='bbox 2375 5522 2541 5568; x_wconf 79' lang='lat' dir='ltr'><strong>autem</strong></span> <span class='ocrx_word' id='word_1_884' title='bbox 2568 5509 2759 5565; x_wconf 85' lang='lat' dir='ltr'><strong>sciendi</strong></span> <span class='ocrx_word' id='word_1_885' title='bbox 2779 5508 2968 5563; x_wconf 78' lang='lat' dir='ltr'><strong>bonum</strong></span> <span class='ocrx_word' id='word_1_886' title='bbox 2992 5515 3044 5560; x_wconf 88' lang='lat' dir='ltr'><strong>et</strong></span> <span class='ocrx_word' id='word_1_887' title='bbox 3067 5504 3284 5569; x_wconf 78' lang='lat' dir='ltr'><strong>malum,</strong></span> <span class='ocrx_word' id='word_1_888' title='bbox 3314 5518 3417 5557; x_wconf 89' lang='lat' dir='ltr'><strong>non</strong></span> <span class='ocrx_word' id='word_1_889' title='bbox 3445 5501 3716 5556; x_wconf 84' lang='lat' dir='ltr'><strong>comedetis</strong></span> 
     </span>
    </p>
   </div>
   <div class='ocr_carea' id='block_1_118' title="bbox 2122 5591 3713 5672">
    <p class='ocr_par' dir='ltr' id='par_1_118' title="bbox 2122 5591 3713 5672">
     <span class='ocr_line' id='line_1_118' title="bbox 2122 5591 3713 5672; baseline -0.013 -9"><span class='ocrx_word' id='word_1_890' title='bbox 2122 5623 2187 5663; x_wconf 74' lang='lat' dir='ltr'><strong>ex</strong></span> <span class='ocrx_word' id='word_1_891' title='bbox 2209 5623 2287 5661; x_wconf 89' lang='lat' dir='ltr'><strong>eo.</strong></span> <span class='ocrx_word' id='word_1_892' title='bbox 2322 5604 2648 5672; x_wconf 81' lang='lat' dir='ltr'><strong>Quocumque</strong></span> <span class='ocrx_word' id='word_1_893' title='bbox 2671 5608 2840 5653; x_wconf 78' lang='lat' dir='ltr'><strong>autem</strong></span> <span class='ocrx_word' id='word_1_894' title='bbox 2861 5597 2945 5652; x_wconf 80' lang='lat' dir='ltr'><strong>die</strong></span> <span class='ocrx_word' id='word_1_895' title='bbox 2972 5594 3309 5658; x_wconf 82' lang='lat' dir='ltr'><strong>comederitis,</strong></span> <span class='ocrx_word' id='word_1_896' title='bbox 3339 5602 3499 5647; x_wconf 88' lang='lat' dir='ltr'><strong>morte</strong></span> <span class='ocrx_word' id='word_1_897' title='bbox 3527 5591 3713 5644; x_wconf 83' lang='lat' dir='ltr'><strong>morie-</strong></span> 
     </span>
    </p>
   </div>
   <div class='ocr_carea' id='block_1_119' title="bbox 2124 5680 3714 5766">
    <p class='ocr_par' dir='ltr' id='par_1_119' title="bbox 2124 5680 3714 5766">
     <span class='ocr_line' id='line_1_119' title="bbox 2124 5680 3714 5766; baseline -0.011 -13"><span class='ocrx_word' id='word_1_898' title='bbox 2124 5698 2245 5754; x_wconf 86' lang='lat' dir='ltr'><strong>mini</strong></span> <span class='ocrx_word' id='word_1_899' title='bbox 2272 5713 2293 5752; x_wconf 87' lang='lat'><strong><em>:</em></strong></span> <span class='ocrx_word' id='word_1_900' title='bbox 2317 5694 2469 5766; x_wconf 88' lang='lat' dir='ltr'><strong>quasi</strong></span> <span class='ocrx_word' id='word_1_901' title='bbox 2497 5693 2703 5749; x_wconf 88' lang='lat' dir='ltr'><strong>diceret</strong></span> <span class='ocrx_word' id='word_1_902' title='bbox 2728 5689 2795 5746; x_wconf 90' lang='lat' dir='ltr'><strong>ad</strong></span> <span class='ocrx_word' id='word_1_903' title='bbox 2821 5690 2969 5746; x_wconf 87' lang='lat' dir='ltr'><strong>illum</strong></span> <span class='ocrx_word' id='word_1_904' title='bbox 2999 5706 3014 5742; x_wconf 88' lang='lat'><strong>:</strong></span> <span class='ocrx_word' id='word_1_905' title='bbox 3043 5686 3179 5743; x_wconf 87' lang='lat' dir='ltr'><strong>Num</strong></span> <span class='ocrx_word' id='word_1_906' title='bbox 3204 5685 3489 5741; x_wconf 87' lang='lat' dir='ltr'><strong>molestum</strong></span> <span class='ocrx_word' id='word_1_907' title='bbox 3515 5680 3714 5753; x_wconf 84' lang='lat' dir='ltr'><strong>aliquid</strong></span> 
     </span>
    </p>
   </div>
   <div class='ocr_carea' id='block_1_120' title="bbox 2191 5862 3463 5939">
    <p class='ocr_par' dir='ltr' id='par_1_120' title="bbox 2191 5862 3463 5939">
     <span class='ocr_line' id='line_1_120' title="bbox 2191 5862 3463 5939; baseline -0.012 -11"><span class='ocrx_word' id='word_1_908' title='bbox 2191 5878 2208 5910; x_wconf 80' lang='grc' dir='ltr'>ί</span> <span class='ocrx_word' id='word_1_909' title='bbox 2242 5862 2533 5939; x_wconf 74' lang='lat' dir='ltr'><strong>savtl.,ttog.&#39;</strong></span> <span class='ocrx_word' id='word_1_910' title='bbox 2550 5878 2602 5924; x_wconf 87' lang='lat' dir='ltr'><strong>et</strong></span> <span class='ocrx_word' id='word_1_911' title='bbox 2619 5869 2853 5933; x_wconf 87' lang='lat' dir='ltr'><strong>colbert.,</strong></span> <span class='ocrx_word' id='word_1_912' title='bbox 2877 5880 2994 5935; x_wconf 82' lang='lat' dir='ltr'><strong>erga</strong></span> <span class='ocrx_word' id='word_1_913' title='bbox 3015 5879 3163 5935; x_wconf 81' lang='lat' dir='ltr'><strong>genus</strong></span> <span class='ocrx_word' id='word_1_914' title='bbox 3185 5863 3463 5917; x_wconf 76' lang='lat' dir='ltr'><strong>Ianuarium.</strong></span> 
     </span>
    </p>
   </div>
  </div>
