  <div class='ocr_page' id='page_1' title='image "/cluster/home/n/w/nwhite01/storage/ocr_20150623/53:no.4:pt.1/coo.31924054869536/115.png"; bbox 0 0 4110 6456; ppageno 0'>
   <div class='ocr_carea' id='block_1_1' title="bbox 435 445 533 503">
    <p class='ocr_par' dir='ltr' id='par_1_1' title="bbox 435 445 533 503">
     <span class='ocr_line' id='line_1_1' title="bbox 435 445 533 503; baseline 0.041 -4"><span class='ocrx_word' id='word_1_1' title='bbox 435 445 533 503; x_wconf 75' lang='lat' dir='ltr'><strong>HE</strong></span> 
     </span>
    </p>
   </div>
   <div class='ocr_carea' id='block_1_2' title="bbox 434 563 2024 635">
    <p class='ocr_par' dir='ltr' id='par_1_2' title="bbox 434 563 2024 635">
     <span class='ocr_line' id='line_1_2' title="bbox 434 563 2024 635; baseline 0.002 -17"><span class='ocrx_word' id='word_1_2' title='bbox 434 572 486 618; x_wconf 81' lang='lat' dir='ltr'><strong>et</strong></span> <span class='ocrx_word' id='word_1_3' title='bbox 534 576 700 633; x_wconf 76' lang='lat' dir='ltr'><strong>grave</strong></span> <span class='ocrx_word' id='word_1_4' title='bbox 731 570 854 633; x_wconf 92' lang='lat' dir='ltr'><strong>peto</strong></span> <span class='ocrx_word' id='word_1_5' title='bbox 884 578 949 619; x_wconf 78' lang='lat' dir='ltr'><strong>es</strong></span> <span class='ocrx_word' id='word_1_6' title='bbox 994 564 1090 619; x_wconf 84' lang='lat' dir='ltr'><strong>te?</strong></span> <span class='ocrx_word' id='word_1_7' title='bbox 1139 563 1262 619; x_wconf 81' lang='lat' dir='ltr'><strong>Frui</strong></span> <span class='ocrx_word' id='word_1_8' title='bbox 1303 565 1447 620; x_wconf 88' lang='lat' dir='ltr'><strong>enim</strong></span> <span class='ocrx_word' id='word_1_9' title='bbox 1481 566 1735 621; x_wconf 88' lang='lat' dir='ltr'><strong>omnibus</strong></span> <span class='ocrx_word' id='word_1_10' title='bbox 1781 565 1873 621; x_wconf 89' lang='lat' dir='ltr'><strong>tibi</strong></span> <span class='ocrx_word' id='word_1_11' title='bbox 1905 579 2024 635; x_wconf 86' lang='lat' dir='ltr'><strong>per-</strong></span> 
     </span>
    </p>
   </div>
   <div class='ocr_carea' id='block_1_3' title="bbox 434 651 2026 728">
    <p class='ocr_par' dir='ltr' id='par_1_3' title="bbox 434 651 2026 728">
     <span class='ocr_line' id='line_1_3' title="bbox 434 651 2026 728; baseline 0.003 -22"><span class='ocrx_word' id='word_1_12' title='bbox 434 652 615 723; x_wconf 91' lang='lat' dir='ltr'><strong>mitto,</strong></span> <span class='ocrx_word' id='word_1_13' title='bbox 644 651 747 708; x_wconf 84' lang='lat' dir='ltr'><strong>hoc</strong></span> <span class='ocrx_word' id='word_1_14' title='bbox 777 669 940 708; x_wconf 90' lang='lat' dir='ltr'><strong>unum</strong></span> <span class='ocrx_word' id='word_1_15' title='bbox 969 656 1223 725; x_wconf 72' lang='lat' dir='ltr'><strong>przecipio</strong></span> <span class='ocrx_word' id='word_1_16' title='bbox 1266 669 1335 711; x_wconf 91' lang='lat' dir='ltr'><strong>ne</strong></span> <span class='ocrx_word' id='word_1_17' title='bbox 1373 655 1652 728; x_wconf 84' lang='lat' dir='ltr'><strong>tetigeris:</strong></span> <span class='ocrx_word' id='word_1_18' title='bbox 1686 666 1742 713; x_wconf 92' lang='lat' dir='ltr'><strong>et</strong></span> <span class='ocrx_word' id='word_1_19' title='bbox 1779 672 2026 728; x_wconf 87' lang='lat' dir='ltr'><strong>magnam</strong></span> 
     </span>
    </p>
   </div>
   <div class='ocr_carea' id='block_1_4' title="bbox 437 745 2029 815">
    <p class='ocr_par' dir='ltr' id='par_1_4' title="bbox 437 745 2029 815">
     <span class='ocr_line' id='line_1_4' title="bbox 437 745 2029 815; baseline 0.004 -17"><span class='ocrx_word' id='word_1_20' title='bbox 437 760 651 815; x_wconf 68' lang='lat' dir='ltr'><strong>pinnam</strong></span> <span class='ocrx_word' id='word_1_21' title='bbox 692 745 948 812; x_wconf 77' lang='lat' dir='ltr'><strong>decerno,</strong></span> <span class='ocrx_word' id='word_1_22' title='bbox 998 755 1055 802; x_wconf 98' lang='grc' dir='ltr'><strong>ιιι</strong></span> <span class='ocrx_word' id='word_1_23' title='bbox 1097 749 1181 802; x_wconf 89' lang='lat' dir='ltr'><strong>vel</strong></span> <span class='ocrx_word' id='word_1_24' title='bbox 1214 748 1408 804; x_wconf 81' lang='lat' dir='ltr'><strong>timore</strong></span> <span class='ocrx_word' id='word_1_25' title='bbox 1454 749 1737 815; x_wconf 89' lang='lat' dir='ltr'><strong>coercitus,</strong></span> <span class='ocrx_word' id='word_1_26' title='bbox 1768 748 1951 805; x_wconf 88' lang='lat' dir='ltr'><strong>datum</strong></span> <span class='ocrx_word' id='word_1_27' title='bbox 2000 764 2029 804; x_wconf 89' lang='lat' dir='ltr'><strong>a</strong></span> 
     </span>
    </p>
   </div>
   <div class='ocr_carea' id='block_1_5' title="bbox 437 836 2030 911">
    <p class='ocr_par' dir='ltr' id='par_1_5' title="bbox 437 836 2030 911">
     <span class='ocr_line' id='line_1_5' title="bbox 437 836 2030 911; baseline 0.004 -21"><span class='ocrx_word' id='word_1_28' title='bbox 437 850 526 892; x_wconf 90' lang='lat' dir='ltr'><strong>me</strong></span> <span class='ocrx_word' id='word_1_29' title='bbox 570 836 665 892; x_wconf 83' lang='lat' dir='ltr'><strong>tibi</strong></span> <span class='ocrx_word' id='word_1_30' title='bbox 712 837 1023 893; x_wconf 89' lang='lat' dir='ltr'><strong>mandatum</strong></span> <span class='ocrx_word' id='word_1_31' title='bbox 1074 841 1364 895; x_wconf 80' lang='lat' dir='ltr'><strong>custodias.</strong></span> <span class='ocrx_word' id='word_1_32' title='bbox 1412 840 1537 897; x_wconf 62' lang='lat' dir='ltr'><strong>llaec</strong></span> <span class='ocrx_word' id='word_1_33' title='bbox 1584 840 1833 908; x_wconf 80' lang='lat' dir='ltr'><strong>faciebat,</strong></span> <span class='ocrx_word' id='word_1_34' title='bbox 1877 842 2030 911; x_wconf 90' lang='lat' dir='ltr'><strong>quasi</strong></span> 
     </span>
    </p>
   </div>
   <div class='ocr_carea' id='block_1_6' title="bbox 436 925 2029 1002">
    <p class='ocr_par' dir='ltr' id='par_1_6' title="bbox 436 925 2029 1002">
     <span class='ocr_line' id='line_1_6' title="bbox 436 925 2029 1002; baseline 0.004 -23"><span class='ocrx_word' id='word_1_35' title='bbox 436 925 688 981; x_wconf 90' lang='lat' dir='ltr'><strong>dominus</strong></span> <span class='ocrx_word' id='word_1_36' title='bbox 740 926 935 997; x_wconf 79' lang='lat' dir='ltr'><strong>aliquis</strong></span> <span class='ocrx_word' id='word_1_37' title='bbox 987 928 1253 995; x_wconf 81' lang='lat' dir='ltr'><strong>liberalis,</strong></span> <span class='ocrx_word' id='word_1_38' title='bbox 1302 930 1521 986; x_wconf 89' lang='lat' dir='ltr'><strong>domum</strong></span> <span class='ocrx_word' id='word_1_39' title='bbox 1574 945 1818 1002; x_wconf 88' lang='lat' dir='ltr'><strong>magnam</strong></span> <span class='ocrx_word' id='word_1_40' title='bbox 1872 931 2029 986; x_wconf 83' lang='lat' dir='ltr'><strong>alicui</strong></span> 
     </span>
    </p>
   </div>
   <div class='ocr_carea' id='block_1_7' title="bbox 436 1017 2032 1094">
    <p class='ocr_par' dir='ltr' id='par_1_7' title="bbox 436 1017 2032 1094">
     <span class='ocr_line' id='line_1_7' title="bbox 436 1017 2032 1094; baseline 0.002 -20"><span class='ocrx_word' id='word_1_41' title='bbox 436 1017 792 1082; x_wconf 84' lang='lat' dir='ltr'><strong>concredens,</strong></span> <span class='ocrx_word' id='word_1_42' title='bbox 818 1029 871 1075; x_wconf 90' lang='lat' dir='ltr'><strong>et</strong></span> <span class='ocrx_word' id='word_1_43' title='bbox 894 1031 951 1075; x_wconf 93' lang='lat' dir='ltr'><strong>ut</strong></span> <span class='ocrx_word' id='word_1_44' title='bbox 978 1020 1273 1077; x_wconf 85' lang='lat' dir='ltr'><strong>dominium</strong></span> <span class='ocrx_word' id='word_1_45' title='bbox 1300 1023 1400 1078; x_wconf 91' lang='lat' dir='ltr'><strong>sibi</strong></span> <span class='ocrx_word' id='word_1_46' title='bbox 1432 1024 1636 1079; x_wconf 83' lang='lat' dir='ltr'><strong>salvum</strong></span> <span class='ocrx_word' id='word_1_47' title='bbox 1669 1032 1905 1091; x_wconf 89' lang='lat' dir='ltr'><strong>maneat,</strong></span> <span class='ocrx_word' id='word_1_48' title='bbox 1935 1040 2032 1094; x_wconf 82' lang='lat' dir='ltr'><strong>pa-</strong></span> 
     </span>
    </p>
   </div>
   <div class='ocr_carea' id='block_1_8' title="bbox 440 1113 2036 1187">
    <p class='ocr_par' dir='ltr' id='par_1_8' title="bbox 440 1113 2036 1187">
     <span class='ocr_line' id='line_1_8' title="bbox 440 1113 2036 1187; baseline 0.005 -24"><span class='ocrx_word' id='word_1_49' title='bbox 440 1125 558 1164; x_wconf 89' lang='lat' dir='ltr'><strong>rum</strong></span> <span class='ocrx_word' id='word_1_50' title='bbox 587 1118 794 1167; x_wconf 89' lang='lat' dir='ltr'><strong>tantum</strong></span> <span class='ocrx_word' id='word_1_51' title='bbox 825 1113 1064 1183; x_wconf 76' lang='lat' dir='ltr'><strong>pecunia:</strong></span> <span class='ocrx_word' id='word_1_52' title='bbox 1089 1114 1325 1169; x_wconf 85' lang='lat' dir='ltr'><strong>dandum</strong></span> <span class='ocrx_word' id='word_1_53' title='bbox 1364 1114 1434 1170; x_wconf 88' lang='lat' dir='ltr'><strong>ab</strong></span> <span class='ocrx_word' id='word_1_54' title='bbox 1460 1115 1552 1171; x_wconf 94' lang='lat' dir='ltr'><strong>illo</strong></span> <span class='ocrx_word' id='word_1_55' title='bbox 1576 1116 1908 1187; x_wconf 75' lang='lat' dir='ltr'><strong>prmscribat.</strong></span> <span class='ocrx_word' id='word_1_56' title='bbox 1946 1115 2036 1171; x_wconf 89' lang='lat' dir='ltr'><strong>Sic</strong></span> 
     </span>
    </p>
   </div>
   <div class='ocr_carea' id='block_1_9' title="bbox 439 1203 2035 1277">
    <p class='ocr_par' dir='ltr' id='par_1_9' title="bbox 439 1203 2035 1277">
     <span class='ocr_line' id='line_1_9' title="bbox 439 1203 2035 1277; baseline 0.003 -20"><span class='ocrx_word' id='word_1_57' title='bbox 439 1219 573 1260; x_wconf 82' lang='lat' dir='ltr'><strong>sane</strong></span> <span class='ocrx_word' id='word_1_58' title='bbox 601 1212 655 1260; x_wconf 90' lang='lat' dir='ltr'><strong>et</strong></span> <span class='ocrx_word' id='word_1_59' title='bbox 683 1203 943 1277; x_wconf 87' lang='lat' dir='ltr'><strong>benignus</strong></span> <span class='ocrx_word' id='word_1_60' title='bbox 983 1215 1167 1262; x_wconf 92' lang='lat' dir='ltr'><strong>noster</strong></span> <span class='ocrx_word' id='word_1_61' title='bbox 1198 1208 1477 1277; x_wconf 85' lang='lat' dir='ltr'><strong>Dominus,</strong></span> <span class='ocrx_word' id='word_1_62' title='bbox 1503 1222 1767 1264; x_wconf 86' lang='lat' dir='ltr'><strong>concesso</strong></span> <span class='ocrx_word' id='word_1_63' title='bbox 1795 1208 2035 1263; x_wconf 89' lang='lat' dir='ltr'><strong>omnium</strong></span> 
     </span>
    </p>
   </div>
   <div class='ocr_carea' id='block_1_10' title="bbox 438 1295 2039 1369">
    <p class='ocr_par' dir='ltr' id='par_1_10' title="bbox 438 1295 2039 1369">
     <span class='ocr_line' id='line_1_10' title="bbox 438 1295 2039 1369; baseline 0.003 -22"><span class='ocrx_word' id='word_1_64' title='bbox 438 1310 561 1363; x_wconf 76' lang='lat' dir='ltr'><strong>qum</strong></span> <span class='ocrx_word' id='word_1_65' title='bbox 596 1295 648 1351; x_wconf 92' lang='lat' dir='ltr'><strong>in</strong></span> <span class='ocrx_word' id='word_1_66' title='bbox 694 1298 940 1366; x_wconf 79' lang='lat' dir='ltr'><strong>paradiso</strong></span> <span class='ocrx_word' id='word_1_67' title='bbox 984 1307 1139 1353; x_wconf 87' lang='lat' dir='ltr'><strong>erant</strong></span> <span class='ocrx_word' id='word_1_68' title='bbox 1181 1296 1375 1363; x_wconf 80' lang='lat' dir='ltr'><strong>fructu,</strong></span> <span class='ocrx_word' id='word_1_69' title='bbox 1412 1299 1481 1354; x_wconf 91' lang='lat' dir='ltr'><strong>ab</strong></span> <span class='ocrx_word' id='word_1_70' title='bbox 1507 1314 1617 1355; x_wconf 91' lang='lat' dir='ltr'><strong>uno</strong></span> <span class='ocrx_word' id='word_1_71' title='bbox 1644 1307 1849 1353; x_wconf 85' lang='lat' dir='ltr'><strong>tantum</strong></span> <span class='ocrx_word' id='word_1_72' title='bbox 1895 1298 2039 1369; x_wconf 89' lang='lat' dir='ltr'><strong>ligno</strong></span> 
     </span>
    </p>
   </div>
   <div class='ocr_carea' id='block_1_11' title="bbox 439 1388 2040 1461">
    <p class='ocr_par' dir='ltr' id='par_1_11' title="bbox 439 1388 2040 1461">
     <span class='ocr_line' id='line_1_11' title="bbox 439 1388 2040 1461; baseline 0.001 -21"><span class='ocrx_word' id='word_1_73' title='bbox 439 1388 713 1444; x_wconf 87' lang='lat' dir='ltr'><strong>abstinere</strong></span> <span class='ocrx_word' id='word_1_74' title='bbox 732 1389 914 1459; x_wconf 88' lang='lat' dir='ltr'><strong>jussit.</strong></span> <span class='ocrx_word' id='word_1_75' title='bbox 963 1400 1020 1445; x_wconf 88' lang='lat' dir='ltr'><strong>ut</strong></span> <span class='ocrx_word' id='word_1_76' title='bbox 1059 1391 1198 1447; x_wconf 88' lang='lat' dir='ltr'><strong>scire</strong></span> <span class='ocrx_word' id='word_1_77' title='bbox 1227 1401 1408 1461; x_wconf 84' lang='lat' dir='ltr'><strong>posset</strong></span> <span class='ocrx_word' id='word_1_78' title='bbox 1452 1392 1632 1454; x_wconf 82' lang='lat' dir='ltr'><strong>homo,</strong></span> <span class='ocrx_word' id='word_1_79' title='bbox 1672 1406 1731 1446; x_wconf 89' lang='lat' dir='ltr'><strong>se</strong></span> <span class='ocrx_word' id='word_1_80' title='bbox 1776 1406 1898 1447; x_wconf 86' lang='lat' dir='ltr'><strong>esse</strong></span> <span class='ocrx_word' id='word_1_81' title='bbox 1939 1393 2040 1446; x_wconf 88' lang='lat' dir='ltr'><strong>sub</strong></span> 
     </span>
    </p>
   </div>
   <div class='ocr_carea' id='block_1_12' title="bbox 443 1483 2040 1556">
    <p class='ocr_par' dir='ltr' id='par_1_12' title="bbox 443 1483 2040 1556">
     <span class='ocr_line' id='line_1_12' title="bbox 443 1483 2040 1556; baseline 0.003 -20"><span class='ocrx_word' id='word_1_82' title='bbox 443 1483 691 1549; x_wconf 85' lang='lat' dir='ltr'><strong>Domino,</strong></span> <span class='ocrx_word' id='word_1_83' title='bbox 723 1485 808 1539; x_wconf 87' lang='lat' dir='ltr'><strong>ctti</strong></span> <span class='ocrx_word' id='word_1_84' title='bbox 837 1484 1060 1541; x_wconf 83' lang='lat' dir='ltr'><strong>obedire</strong></span> <span class='ocrx_word' id='word_1_85' title='bbox 1103 1485 1326 1542; x_wconf 85' lang='lat' dir='ltr'><strong>deberet</strong></span> <span class='ocrx_word' id='word_1_86' title='bbox 1361 1494 1417 1540; x_wconf 90' lang='lat' dir='ltr'><strong>et</strong></span> <span class='ocrx_word' id='word_1_87' title='bbox 1442 1500 1650 1556; x_wconf 86' lang='lat' dir='ltr'><strong>parere,</strong></span> <span class='ocrx_word' id='word_1_88' title='bbox 1692 1486 1738 1540; x_wconf 89' lang='lat' dir='ltr'><strong>si</strong></span> <span class='ocrx_word' id='word_1_89' title='bbox 1778 1484 1906 1556; x_wconf 87' lang='lat' dir='ltr'><strong>quid</strong></span> <span class='ocrx_word' id='word_1_90' title='bbox 1952 1485 2040 1540; x_wconf 87' lang='lat' dir='ltr'><strong>ille</strong></span> 
     </span>
    </p>
   </div>
   <div class='ocr_carea' id='block_1_13' title="bbox 443 1576 752 1646">
    <p class='ocr_par' dir='ltr' id='par_1_13' title="bbox 443 1576 752 1646">
     <span class='ocr_line' id='line_1_13' title="bbox 443 1576 752 1646; baseline 0 -16"><span class='ocrx_word' id='word_1_91' title='bbox 443 1576 752 1646; x_wconf 81' lang='lat' dir='ltr'><strong>imperaret.</strong></span> 
     </span>
    </p>
   </div>
   <div class='ocr_carea' id='block_1_14' title="bbox 513 1667 2041 1737">
    <p class='ocr_par' dir='ltr' id='par_1_14' title="bbox 513 1667 2041 1737">
     <span class='ocr_line' id='line_1_14' title="bbox 513 1667 2041 1737; baseline -0.002 -15"><span class='ocrx_word' id='word_1_92' title='bbox 513 1668 570 1722; x_wconf 72' lang='grc'><strong>4.</strong></span> <span class='ocrx_word' id='word_1_93' title='bbox 608 1667 743 1735; x_wconf 83' lang='lat' dir='ltr'><strong>Quis</strong></span> <span class='ocrx_word' id='word_1_94' title='bbox 772 1682 870 1737; x_wconf 91' lang='lat' dir='ltr'><strong>pro</strong></span> <span class='ocrx_word' id='word_1_95' title='bbox 905 1668 1165 1737; x_wconf 89' lang='lat' dir='ltr'><strong>dignitate</strong></span> <span class='ocrx_word' id='word_1_96' title='bbox 1200 1667 1551 1723; x_wconf 87' lang='lat' dir='ltr'><strong>admirabitnr</strong></span> <span class='ocrx_word' id='word_1_97' title='bbox 1589 1668 1893 1725; x_wconf 88' lang='lat' dir='ltr'><strong>communis</strong></span> <span class='ocrx_word' id='word_1_98' title='bbox 1922 1682 2041 1720; x_wconf 88' lang='lat' dir='ltr'><strong>om-</strong></span> 
     </span>
    </p>
   </div>
   <div class='ocr_carea' id='block_1_15' title="bbox 447 1759 2045 1817">
    <p class='ocr_par' dir='ltr' id='par_1_15' title="bbox 447 1759 2045 1817">
     <span class='ocr_line' id='line_1_15' title="bbox 447 1759 2045 1817; baseline 0.003 -5"><span class='ocrx_word' id='word_1_99' title='bbox 447 1759 594 1815; x_wconf 89' lang='lat' dir='ltr'><strong>nium</strong></span> <span class='ocrx_word' id='word_1_100' title='bbox 623 1761 789 1815; x_wconf 87' lang='lat' dir='ltr'><strong>nostri</strong></span> <span class='ocrx_word' id='word_1_101' title='bbox 814 1760 1023 1816; x_wconf 90' lang='lat' dir='ltr'><strong>Domini</strong></span> <span class='ocrx_word' id='word_1_102' title='bbox 1045 1760 1458 1817; x_wconf 89' lang='lat' dir='ltr'><strong>liberalitatem?</strong></span> <span class='ocrx_word' id='word_1_103' title='bbox 1483 1760 1616 1817; x_wconf 90' lang='lat' dir='ltr'><strong>Cum</strong></span> <span class='ocrx_word' id='word_1_104' title='bbox 1639 1761 1849 1816; x_wconf 90' lang='lat' dir='ltr'><strong>nullum</strong></span> <span class='ocrx_word' id='word_1_105' title='bbox 1868 1760 2045 1817; x_wconf 87' lang='lat' dir='ltr'><strong>adhuc</strong></span> 
     </span>
    </p>
   </div>
   <div class='ocr_carea' id='block_1_16' title="bbox 447 1850 2044 1923">
    <p class='ocr_par' dir='ltr' id='par_1_16' title="bbox 447 1850 2044 1923">
     <span class='ocr_line' id='line_1_16' title="bbox 447 1850 2044 1923; baseline 0.003 -19"><span class='ocrx_word' id='word_1_106' title='bbox 447 1850 721 1920; x_wconf 86' lang='lat' dir='ltr'><strong>specimen</strong></span> <span class='ocrx_word' id='word_1_107' title='bbox 742 1866 854 1923; x_wconf 69' lang='lat' dir='ltr'><strong>prae</strong></span> <span class='ocrx_word' id='word_1_108' title='bbox 874 1863 934 1907; x_wconf 81' lang='lat' dir='ltr'><strong>se</strong></span> <span class='ocrx_word' id='word_1_109' title='bbox 961 1852 1124 1908; x_wconf 77' lang='lat' dir='ltr'><strong>ferret</strong></span> <span class='ocrx_word' id='word_1_110' title='bbox 1150 1852 1342 1918; x_wconf 87' lang='lat' dir='ltr'><strong>Adam,</strong></span> <span class='ocrx_word' id='word_1_111' title='bbox 1373 1859 1569 1922; x_wconf 87' lang='lat' dir='ltr'><strong>quanta</strong></span> <span class='ocrx_word' id='word_1_112' title='bbox 1598 1851 1857 1908; x_wconf 83' lang='lat' dir='ltr'><strong>beneﬁcia</strong></span> <span class='ocrx_word' id='word_1_113' title='bbox 1885 1866 2044 1908; x_wconf 84' lang='lat' dir='ltr'><strong>acce-</strong></span> 
     </span>
    </p>
   </div>
   <div class='ocr_carea' id='block_1_17' title="bbox 448 1941 2044 2013">
    <p class='ocr_par' dir='ltr' id='par_1_17' title="bbox 448 1941 2044 2013">
     <span class='ocr_line' id='line_1_17' title="bbox 448 1941 2044 2013; baseline 0.001 -17"><span class='ocrx_word' id='word_1_114' title='bbox 448 1942 565 2011; x_wconf 88' lang='lat' dir='ltr'><strong>pitl</strong></span> <span class='ocrx_word' id='word_1_115' title='bbox 593 1941 777 2013; x_wconf 87' lang='lat' dir='ltr'><strong>Neque</strong></span> <span class='ocrx_word' id='word_1_116' title='bbox 803 1943 948 1999; x_wconf 89' lang='lat' dir='ltr'><strong>enim</strong></span> <span class='ocrx_word' id='word_1_117' title='bbox 972 1942 1304 1999; x_wconf 85' lang='lat' dir='ltr'><strong>dimidiatam</strong></span> <span class='ocrx_word' id='word_1_118' title='bbox 1331 1943 1406 1998; x_wconf 90' lang='lat' dir='ltr'><strong>illi</strong></span> <span class='ocrx_word' id='word_1_119' title='bbox 1438 1942 1588 2000; x_wconf 87' lang='lat' dir='ltr'><strong>dedit</strong></span> <span class='ocrx_word' id='word_1_120' title='bbox 1615 1958 1797 1999; x_wconf 89' lang='lat' dir='ltr'><strong>rerum</strong></span> <span class='ocrx_word' id='word_1_121' title='bbox 1829 1941 2044 1999; x_wconf 81' lang='lat' dir='ltr'><strong>fruitio-</strong></span> 
     </span>
    </p>
   </div>
   <div class='ocr_carea' id='block_1_18' title="bbox 449 2034 2047 2106">
    <p class='ocr_par' dir='ltr' id='par_1_18' title="bbox 449 2034 2047 2106">
     <span class='ocr_line' id='line_1_18' title="bbox 449 2034 2047 2106; baseline -0.001 -17"><span class='ocrx_word' id='word_1_122' title='bbox 449 2051 609 2099; x_wconf 87' lang='lat' dir='ltr'><strong>nem,</strong></span> <span class='ocrx_word' id='word_1_123' title='bbox 639 2051 815 2106; x_wconf 88' lang='lat' dir='ltr'><strong>neque</strong></span> <span class='ocrx_word' id='word_1_124' title='bbox 859 2050 889 2089; x_wconf 89' lang='lat' dir='ltr'><strong>a</strong></span> <span class='ocrx_word' id='word_1_125' title='bbox 936 2034 1178 2106; x_wconf 81' lang='lat' dir='ltr'><strong>pluribus</strong></span> <span class='ocrx_word' id='word_1_126' title='bbox 1219 2035 1492 2091; x_wconf 86' lang='lat' dir='ltr'><strong>abstinere</strong></span> <span class='ocrx_word' id='word_1_127' title='bbox 1532 2034 1715 2105; x_wconf 85' lang='lat' dir='ltr'><strong>jussit,</strong></span> <span class='ocrx_word' id='word_1_128' title='bbox 1743 2042 1800 2090; x_wconf 87' lang='lat' dir='ltr'><strong>et</strong></span> <span class='ocrx_word' id='word_1_129' title='bbox 1834 2034 2047 2091; x_wconf 69' lang='lat' dir='ltr'><strong>caeteris</strong></span> 
     </span>
    </p>
   </div>
   <div class='ocr_carea' id='block_1_19' title="bbox 449 2126 2048 2198">
    <p class='ocr_par' dir='ltr' id='par_1_19' title="bbox 449 2126 2048 2198">
     <span class='ocr_line' id='line_1_19' title="bbox 449 2126 2048 2198; baseline 0.001 -18"><span class='ocrx_word' id='word_1_130' title='bbox 449 2126 586 2181; x_wconf 75' lang='lat' dir='ltr'><strong>frui‘</strong></span> <span class='ocrx_word' id='word_1_131' title='bbox 620 2144 633 2181; x_wconf 90' lang='lat'><strong>:</strong></span> <span class='ocrx_word' id='word_1_132' title='bbox 662 2127 756 2181; x_wconf 84' lang='lat' dir='ltr'><strong>sed</strong></span> <span class='ocrx_word' id='word_1_133' title='bbox 784 2128 1096 2197; x_wconf 75' lang='lat' dir='ltr'><strong>participem</strong></span> <span class='ocrx_word' id='word_1_134' title='bbox 1122 2129 1362 2182; x_wconf 91' lang='lat' dir='ltr'><strong>omnium</strong></span> <span class='ocrx_word' id='word_1_135' title='bbox 1393 2143 1514 2198; x_wconf 68' lang='lat' dir='ltr'><strong>qua:</strong></span> <span class='ocrx_word' id='word_1_136' title='bbox 1540 2135 1698 2183; x_wconf 89' lang='lat' dir='ltr'><strong>erant</strong></span> <span class='ocrx_word' id='word_1_137' title='bbox 1718 2129 1769 2182; x_wconf 92' lang='lat' dir='ltr'><strong>in</strong></span> <span class='ocrx_word' id='word_1_138' title='bbox 1803 2126 2048 2198; x_wconf 82' lang='lat' dir='ltr'><strong>paradi-o</strong></span> 
     </span>
    </p>
   </div>
   <div class='ocr_carea' id='block_1_20' title="bbox 448 2218 2043 2289">
    <p class='ocr_par' dir='ltr' id='par_1_20' title="bbox 448 2218 2043 2289">
     <span class='ocr_line' id='line_1_20' title="bbox 448 2218 2043 2289; baseline -0.001 -14"><span class='ocrx_word' id='word_1_139' title='bbox 448 2233 573 2275; x_wconf 84' lang='lat' dir='ltr'><strong>esse</strong></span> <span class='ocrx_word' id='word_1_140' title='bbox 604 2219 804 2285; x_wconf 81' lang='lat' dir='ltr'><strong>voluit;</strong></span> <span class='ocrx_word' id='word_1_141' title='bbox 852 2219 921 2273; x_wconf 88' lang='lat' dir='ltr'><strong>ab</strong></span> <span class='ocrx_word' id='word_1_142' title='bbox 948 2234 1059 2274; x_wconf 91' lang='lat' dir='ltr'><strong>uno</strong></span> <span class='ocrx_word' id='word_1_143' title='bbox 1102 2219 1219 2273; x_wconf 89' lang='lat' dir='ltr'><strong>solo</strong></span> <span class='ocrx_word' id='word_1_144' title='bbox 1263 2219 1409 2289; x_wconf 85' lang='lat' dir='ltr'><strong>ligno</strong></span> <span class='ocrx_word' id='word_1_145' title='bbox 1454 2218 1726 2275; x_wconf 88' lang='lat' dir='ltr'><strong>abstinere</strong></span> <span class='ocrx_word' id='word_1_146' title='bbox 1766 2220 2043 2289; x_wconf 67' lang='lat' dir='ltr'><strong>praecepit,</strong></span> 
     </span>
    </p>
   </div>
   <div class='ocr_carea' id='block_1_21' title="bbox 452 2308 2044 2380">
    <p class='ocr_par' dir='ltr' id='par_1_21' title="bbox 452 2308 2044 2380">
     <span class='ocr_line' id='line_1_21' title="bbox 452 2308 2044 2380; baseline 0 -17"><span class='ocrx_word' id='word_1_147' title='bbox 452 2319 760 2366; x_wconf 84' lang='lat' dir='ltr'><strong>monstrans</strong></span> <span class='ocrx_word' id='word_1_148' title='bbox 799 2325 861 2364; x_wconf 87' lang='lat' dir='ltr'><strong>re</strong></span> <span class='ocrx_word' id='word_1_149' title='bbox 887 2310 1022 2380; x_wconf 84' lang='lat' dir='ltr'><strong>ipsa,</strong></span> <span class='ocrx_word' id='word_1_150' title='bbox 1055 2309 1257 2365; x_wconf 87' lang='lat' dir='ltr'><strong>nullius</strong></span> <span class='ocrx_word' id='word_1_151' title='bbox 1285 2309 1506 2364; x_wconf 86' lang='lat' dir='ltr'><strong>alterius</strong></span> <span class='ocrx_word' id='word_1_152' title='bbox 1545 2310 1712 2379; x_wconf 89' lang='lat' dir='ltr'><strong>gratia</strong></span> <span class='ocrx_word' id='word_1_153' title='bbox 1743 2308 1847 2364; x_wconf 88' lang='lat' dir='ltr'><strong>hoc</strong></span> <span class='ocrx_word' id='word_1_154' title='bbox 1872 2310 2044 2380; x_wconf 88' lang='lat' dir='ltr'><strong>ipsum</strong></span> 
     </span>
    </p>
   </div>
   <div class='ocr_carea' id='block_1_22' title="bbox 449 2401 2047 2473">
    <p class='ocr_par' dir='ltr' id='par_1_22' title="bbox 449 2401 2047 2473">
     <span class='ocr_line' id='line_1_22' title="bbox 449 2401 2047 2473; baseline -0.001 -15"><span class='ocrx_word' id='word_1_155' title='bbox 449 2418 511 2458; x_wconf 86' lang='lat' dir='ltr'><strong>se</strong></span> <span class='ocrx_word' id='word_1_156' title='bbox 537 2403 733 2468; x_wconf 76' lang='lat' dir='ltr'><strong>facere,</strong></span> <span class='ocrx_word' id='word_1_157' title='bbox 763 2418 923 2473; x_wconf 89' lang='lat' dir='ltr'><strong>quam</strong></span> <span class='ocrx_word' id='word_1_158' title='bbox 949 2412 1009 2458; x_wconf 92' lang='lat' dir='ltr'><strong>ut</strong></span> <span class='ocrx_word' id='word_1_159' title='bbox 1035 2412 1305 2458; x_wconf 86' lang='lat' dir='ltr'><strong>tantorum</strong></span> <span class='ocrx_word' id='word_1_160' title='bbox 1348 2401 1736 2458; x_wconf 75' lang='lat' dir='ltr'><strong>beneficiorum</strong></span> <span class='ocrx_word' id='word_1_161' title='bbox 1768 2410 2047 2458; x_wconf 86' lang='lat' dir='ltr'><strong>auctorem</strong></span> 
     </span>
    </p>
   </div>
   <div class='ocr_carea' id='block_1_23' title="bbox 452 2495 2049 2569">
    <p class='ocr_par' dir='ltr' id='par_1_23' title="bbox 452 2495 2049 2569">
     <span class='ocr_line' id='line_1_23' title="bbox 452 2495 2049 2569; baseline -0.001 -18"><span class='ocrx_word' id='word_1_162' title='bbox 452 2511 747 2569; x_wconf 75' lang='lat' dir='ltr'><strong>agnoscere</strong></span> <span class='ocrx_word' id='word_1_163' title='bbox 775 2497 938 2553; x_wconf 89' lang='lat' dir='ltr'><strong>homo</strong></span> <span class='ocrx_word' id='word_1_164' title='bbox 963 2505 1165 2567; x_wconf 89' lang='lat' dir='ltr'><strong>posset.</strong></span> <span class='ocrx_word' id='word_1_165' title='bbox 1199 2496 1270 2552; x_wconf 88' lang='lat' dir='ltr'><strong>Et</strong></span> <span class='ocrx_word' id='word_1_166' title='bbox 1287 2495 1567 2552; x_wconf 90' lang='lat' dir='ltr'><strong>considera</strong></span> <span class='ocrx_word' id='word_1_167' title='bbox 1594 2510 1718 2551; x_wconf 91' lang='lat' dir='ltr'><strong>cum</strong></span> <span class='ocrx_word' id='word_1_168' title='bbox 1748 2495 1867 2550; x_wconf 90' lang='lat' dir='ltr'><strong>aliis</strong></span> <span class='ocrx_word' id='word_1_169' title='bbox 1887 2496 2049 2552; x_wconf 85' lang='lat' dir='ltr'><strong>etiam</strong></span> 
     </span>
    </p>
   </div>
   <div class='ocr_carea' id='block_1_24' title="bbox 452 2588 2047 2661">
    <p class='ocr_par' dir='ltr' id='par_1_24' title="bbox 452 2588 2047 2661">
     <span class='ocr_line' id='line_1_24' title="bbox 452 2588 2047 2661; baseline -0.001 -17"><span class='ocrx_word' id='word_1_170' title='bbox 452 2591 542 2647; x_wconf 92' lang='lat' dir='ltr'><strong>hic</strong></span> <span class='ocrx_word' id='word_1_171' title='bbox 581 2588 877 2647; x_wconf 83' lang='lat' dir='ltr'><strong>bonitatem</strong></span> <span class='ocrx_word' id='word_1_172' title='bbox 921 2590 1041 2654; x_wconf 84' lang='lat' dir='ltr'><strong>Dei,</strong></span> <span class='ocrx_word' id='word_1_173' title='bbox 1069 2598 1272 2661; x_wconf 90' lang='lat' dir='ltr'><strong>quanto</strong></span> <span class='ocrx_word' id='word_1_174' title='bbox 1313 2589 1519 2645; x_wconf 85' lang='lat' dir='ltr'><strong>honore</strong></span> <span class='ocrx_word' id='word_1_175' title='bbox 1561 2588 1723 2645; x_wconf 90' lang='lat' dir='ltr'><strong>etiam</strong></span> <span class='ocrx_word' id='word_1_176' title='bbox 1767 2588 2047 2644; x_wconf 88' lang='lat' dir='ltr'><strong>mulierem</strong></span> 
     </span>
    </p>
   </div>
   <div class='ocr_carea' id='block_1_25' title="bbox 458 2678 2049 2752">
    <p class='ocr_par' dir='ltr' id='par_1_25' title="bbox 458 2678 2049 2752">
     <span class='ocr_line' id='line_1_25' title="bbox 458 2678 2049 2752; baseline -0.002 -15"><span class='ocrx_word' id='word_1_177' title='bbox 458 2680 820 2752; x_wconf 81' lang='lat' dir='ltr'><strong>prosequitur,</strong></span> <span class='ocrx_word' id='word_1_178' title='bbox 850 2695 968 2751; x_wconf 66' lang='lat' dir='ltr'><strong>qua</strong></span> <span class='ocrx_word' id='word_1_179' title='bbox 991 2695 1058 2736; x_wconf 82' lang='lat' dir='ltr'><strong>ex</strong></span> <span class='ocrx_word' id='word_1_180' title='bbox 1098 2680 1192 2735; x_wconf 89' lang='lat' dir='ltr'><strong>illo</strong></span> <span class='ocrx_word' id='word_1_181' title='bbox 1221 2680 1498 2735; x_wconf 82' lang='lat' dir='ltr'><strong>formanda</strong></span> <span class='ocrx_word' id='word_1_182' title='bbox 1525 2690 1662 2735; x_wconf 91' lang='lat' dir='ltr'><strong>erat.</strong></span> <span class='ocrx_word' id='word_1_183' title='bbox 1693 2678 1941 2745; x_wconf 80' lang='lat' dir='ltr'><strong>Nomlum</strong></span> <span class='ocrx_word' id='word_1_184' title='bbox 1984 2694 2049 2734; x_wconf 88' lang='lat' dir='ltr'><strong>ea</strong></span> 
     </span>
    </p>
   </div>
   <div class='ocr_carea' id='block_1_26' title="bbox 454 2770 2050 2844">
    <p class='ocr_par' dir='ltr' id='par_1_26' title="bbox 454 2770 2050 2844">
     <span class='ocr_line' id='line_1_26' title="bbox 454 2770 2050 2844; baseline -0.002 -15"><span class='ocrx_word' id='word_1_185' title='bbox 454 2775 597 2829; x_wconf 91' lang='lat' dir='ltr'><strong>enim</strong></span> <span class='ocrx_word' id='word_1_186' title='bbox 625 2774 904 2844; x_wconf 90' lang='lat' dir='ltr'><strong>producta,</strong></span> <span class='ocrx_word' id='word_1_187' title='bbox 935 2774 1088 2844; x_wconf 86' lang='lat' dir='ltr'><strong>quasi</strong></span> <span class='ocrx_word' id='word_1_188' title='bbox 1116 2773 1328 2843; x_wconf 86' lang='lat' dir='ltr'><strong>utrique</strong></span> <span class='ocrx_word' id='word_1_189' title='bbox 1353 2772 1653 2837; x_wconf 85' lang='lat' dir='ltr'><strong>mandaret,</strong></span> <span class='ocrx_word' id='word_1_190' title='bbox 1683 2771 1897 2828; x_wconf 87' lang='lat' dir='ltr'><strong>dicebat</strong></span> <span class='ocrx_word' id='word_1_191' title='bbox 1924 2789 1939 2826; x_wconf 88' lang='lat'><strong>:</strong></span> <span class='ocrx_word' id='word_1_192' title='bbox 1965 2770 2050 2828; x_wconf 81' lang='lat' dir='ltr'><strong>Ne</strong></span> 
     </span>
    </p>
   </div>
   <div class='ocr_carea' id='block_1_27' title="bbox 452 2863 2047 2934">
    <p class='ocr_par' dir='ltr' id='par_1_27' title="bbox 452 2863 2047 2934">
     <span class='ocr_line' id='line_1_27' title="bbox 452 2863 2047 2934; baseline 0 -16"><span class='ocrx_word' id='word_1_193' title='bbox 452 2864 768 2919; x_wconf 78' lang='lat' dir='ltr'><strong>comederitis</strong></span> <span class='ocrx_word' id='word_1_194' title='bbox 809 2879 873 2919; x_wconf 79' lang='lat' dir='ltr'><strong>ea:</strong></span> <span class='ocrx_word' id='word_1_195' title='bbox 920 2880 979 2920; x_wconf 86' lang='lat' dir='ltr'><strong>eo</strong></span> <span class='ocrx_word' id='word_1_196' title='bbox 1002 2879 1021 2919; x_wconf 90' lang='lat'><strong><em>:</em></strong></span> <span class='ocrx_word' id='word_1_197' title='bbox 1048 2873 1137 2932; x_wconf 90' lang='lat' dir='ltr'><strong>et,</strong></span> <span class='ocrx_word' id='word_1_198' title='bbox 1194 2863 1522 2934; x_wconf 81' lang='lat' dir='ltr'><strong>Quocumque</strong></span> <span class='ocrx_word' id='word_1_199' title='bbox 1575 2864 1660 2918; x_wconf 84' lang='lat' dir='ltr'><strong>die</strong></span> <span class='ocrx_word' id='word_1_200' title='bbox 1709 2864 2047 2933; x_wconf 84' lang='lat' dir='ltr'><strong>comederitis,</strong></span> 
     </span>
    </p>
   </div>
   <div class='ocr_carea' id='block_1_28' title="bbox 455 2955 2048 3026">
    <p class='ocr_par' dir='ltr' id='par_1_28' title="bbox 455 2955 2048 3026">
     <span class='ocr_line' id='line_1_28' title="bbox 455 2955 2048 3026; baseline 0.001 -15"><span class='ocrx_word' id='word_1_201' title='bbox 455 2964 614 3011; x_wconf 79' lang='lat' dir='ltr'><strong>morte</strong></span> <span class='ocrx_word' id='word_1_202' title='bbox 635 2957 916 3011; x_wconf 80' lang='lat' dir='ltr'><strong>moriemini</strong></span> <span class='ocrx_word' id='word_1_203' title='bbox 947 2956 1272 3013; x_wconf 88' lang='lat' dir='ltr'><strong>:declarans</strong></span> <span class='ocrx_word' id='word_1_204' title='bbox 1294 2956 1405 3026; x_wconf 82' lang='lat' dir='ltr'><strong>jam</strong></span> <span class='ocrx_word' id='word_1_205' title='bbox 1435 2955 1559 3011; x_wconf 85' lang='lat' dir='ltr'><strong>inde</strong></span> <span class='ocrx_word' id='word_1_206' title='bbox 1598 2955 1667 3011; x_wconf 92' lang='lat' dir='ltr'><strong>ab</strong></span> <span class='ocrx_word' id='word_1_207' title='bbox 1698 2956 1851 3011; x_wconf 91' lang='lat' dir='ltr'><strong>initio</strong></span> <span class='ocrx_word' id='word_1_208' title='bbox 1879 2972 2048 3012; x_wconf 89' lang='lat' dir='ltr'><strong>unum</strong></span> 
     </span>
    </p>
   </div>
   <div class='ocr_carea' id='block_1_29' title="bbox 455 3050 2046 3125">
    <p class='ocr_par' dir='ltr' id='par_1_29' title="bbox 455 3050 2046 3125">
     <span class='ocr_line' id='line_1_29' title="bbox 455 3050 2046 3125; baseline 0.001 -20"><span class='ocrx_word' id='word_1_209' title='bbox 455 3064 577 3105; x_wconf 83' lang='lat' dir='ltr'><strong>esse</strong></span> <span class='ocrx_word' id='word_1_210' title='bbox 622 3050 795 3105; x_wconf 91' lang='lat' dir='ltr'><strong>virum</strong></span> <span class='ocrx_word' id='word_1_211' title='bbox 839 3059 895 3106; x_wconf 89' lang='lat' dir='ltr'><strong>et</strong></span> <span class='ocrx_word' id='word_1_212' title='bbox 944 3051 1245 3119; x_wconf 88' lang='lat' dir='ltr'><strong>mulierem,</strong></span> <span class='ocrx_word' id='word_1_213' title='bbox 1292 3053 1433 3109; x_wconf 88' lang='lat' dir='ltr'><strong>sicut</strong></span> <span class='ocrx_word' id='word_1_214' title='bbox 1474 3062 1529 3109; x_wconf 90' lang='lat' dir='ltr'><strong>et</strong></span> <span class='ocrx_word' id='word_1_215' title='bbox 1582 3053 1778 3108; x_wconf 83' lang='lat' dir='ltr'><strong>Paulus</strong></span> <span class='ocrx_word' id='word_1_216' title='bbox 1833 3053 2046 3125; x_wconf 84' lang='lat' dir='ltr'><strong>inquit:</strong></span> 
     </span>
    </p>
   </div>
   <div class='ocr_carea' id='block_1_30' title="bbox 456 3141 2052 3215">
    <p class='ocr_par' dir='ltr' id='par_1_30' title="bbox 456 3141 2052 3215">
     <span class='ocr_line' id='line_1_30' title="bbox 456 3141 2052 3215; baseline 0.001 -19"><span class='ocrx_word' id='word_1_217' title='bbox 456 3141 624 3212; x_wconf 82' lang='lat' dir='ltr'><strong>Caput</strong></span> <span class='ocrx_word' id='word_1_218' title='bbox 666 3142 895 3197; x_wconf 83' lang='lat' dir='ltr'><strong>mulieris</strong></span> <span class='ocrx_word' id='word_1_219' title='bbox 940 3143 1019 3197; x_wconf 84' lang='lat' dir='ltr'><strong>vir</strong></span> <span class='ocrx_word' id='word_1_220' title='bbox 1054 3141 1273 3215; x_wconf 85' lang='lat' dir='ltr'><strong>(Ephes.</strong></span> <span class='ocrx_word' id='word_1_221' title='bbox 1319 3145 1373 3200; x_wconf 82' lang='lat'><strong>5.</strong></span> <span class='ocrx_word' id='word_1_222' title='bbox 1405 3142 1523 3213; x_wconf 71' lang='lat'><strong>‘23).</strong></span> <span class='ocrx_word' id='word_1_223' title='bbox 1577 3144 1869 3213; x_wconf 86' lang='lat' dir='ltr'><strong>Propterea</strong></span> <span class='ocrx_word' id='word_1_224' title='bbox 1922 3157 2052 3212; x_wconf 86' lang='lat' dir='ltr'><strong>ergo</strong></span> 
     </span>
    </p>
   </div>
   <div class='ocr_carea' id='block_1_31' title="bbox 453 3232 2053 3306">
    <p class='ocr_par' dir='ltr' id='par_1_31' title="bbox 453 3232 2053 3306">
     <span class='ocr_line' id='line_1_31' title="bbox 453 3232 2053 3306; baseline 0.002 -19"><span class='ocrx_word' id='word_1_225' title='bbox 453 3232 607 3303; x_wconf 89' lang='lat' dir='ltr'><strong>quasi</strong></span> <span class='ocrx_word' id='word_1_226' title='bbox 654 3233 862 3304; x_wconf 88' lang='lat' dir='ltr'><strong>utrique</strong></span> <span class='ocrx_word' id='word_1_227' title='bbox 905 3233 1159 3304; x_wconf 90' lang='lat' dir='ltr'><strong>loquitur,</strong></span> <span class='ocrx_word' id='word_1_228' title='bbox 1200 3244 1260 3290; x_wconf 90' lang='lat' dir='ltr'><strong>ut</strong></span> <span class='ocrx_word' id='word_1_229' title='bbox 1302 3235 1524 3306; x_wconf 82' lang='lat' dir='ltr'><strong>posthac</strong></span> <span class='ocrx_word' id='word_1_230' title='bbox 1560 3235 1788 3291; x_wconf 83' lang='lat' dir='ltr'><strong>formata</strong></span> <span class='ocrx_word' id='word_1_231' title='bbox 1829 3250 1897 3290; x_wconf 80' lang='lat' dir='ltr'><strong>ex</strong></span> <span class='ocrx_word' id='word_1_232' title='bbox 1935 3236 2053 3290; x_wconf 79' lang='lat' dir='ltr'><strong>vim</strong></span> 
     </span>
    </p>
   </div>
   <div class='ocr_carea' id='block_1_32' title="bbox 457 3323 2053 3396">
    <p class='ocr_par' dir='ltr' id='par_1_32' title="bbox 457 3323 2053 3396">
     <span class='ocr_line' id='line_1_32' title="bbox 457 3323 2053 3396; baseline 0.003 -19"><span class='ocrx_word' id='word_1_233' title='bbox 457 3323 701 3392; x_wconf 84' lang='lat' dir='ltr'><strong>muliere,</strong></span> <span class='ocrx_word' id='word_1_234' title='bbox 724 3325 1063 3381; x_wconf 88' lang='lat' dir='ltr'><strong>occasionem</strong></span> <span class='ocrx_word' id='word_1_235' title='bbox 1093 3325 1170 3380; x_wconf 88' lang='lat' dir='ltr'><strong>illi</strong></span> <span class='ocrx_word' id='word_1_236' title='bbox 1201 3327 1432 3396; x_wconf 71' lang='lat' dir='ltr'><strong>praebeat</strong></span> <span class='ocrx_word' id='word_1_237' title='bbox 1455 3326 1685 3382; x_wconf 89' lang='lat' dir='ltr'><strong>docendi</strong></span> <span class='ocrx_word' id='word_1_238' title='bbox 1712 3326 1857 3381; x_wconf 80' lang='lat' dir='ltr'><strong>illam</strong></span> <span class='ocrx_word' id='word_1_239' title='bbox 1884 3324 2053 3396; x_wconf 85' lang='lat' dir='ltr'><strong>ipsius</strong></span> 
     </span>
    </p>
   </div>
   <div class='ocr_carea' id='block_1_33' title="bbox 457 3416 2053 3489">
    <p class='ocr_par' dir='ltr' id='par_1_33' title="bbox 457 3416 2053 3489">
     <span class='ocr_line' id='line_1_33' title="bbox 457 3416 2053 3489; baseline 0.004 -24"><span class='ocrx_word' id='word_1_240' title='bbox 457 3424 744 3486; x_wconf 62' lang='lat' dir='ltr'><strong>princepta.</strong></span> <span class='ocrx_word' id='word_1_241' title='bbox 792 3416 911 3474; x_wconf 72' lang='lat' dir='ltr'><strong>iam</strong></span> <span class='ocrx_word' id='word_1_242' title='bbox 960 3417 1074 3472; x_wconf 90' lang='lat' dir='ltr'><strong>scio</strong></span> <span class='ocrx_word' id='word_1_243' title='bbox 1111 3416 1326 3489; x_wconf 82' lang='lat' dir='ltr'><strong>quidem</strong></span> <span class='ocrx_word' id='word_1_244' title='bbox 1356 3418 1776 3489; x_wconf 82' lang='lat' dir='ltr'><strong>vulgatissimam</strong></span> <span class='ocrx_word' id='word_1_245' title='bbox 1817 3431 1938 3473; x_wconf 88' lang='lat' dir='ltr'><strong>esse</strong></span> <span class='ocrx_word' id='word_1_246' title='bbox 1983 3416 2053 3472; x_wconf 89' lang='lat' dir='ltr'><strong>de</strong></span> 
     </span>
    </p>
   </div>
   <div class='ocr_carea' id='block_1_34' title="bbox 459 3504 2049 3581">
    <p class='ocr_par' dir='ltr' id='par_1_34' title="bbox 459 3504 2049 3581">
     <span class='ocr_line' id='line_1_34' title="bbox 459 3504 2049 3581; baseline 0.003 -21"><span class='ocrx_word' id='word_1_247' title='bbox 459 3504 565 3561; x_wconf 86' lang='lat' dir='ltr'><strong>ltoc</strong></span> <span class='ocrx_word' id='word_1_248' title='bbox 591 3507 735 3577; x_wconf 90' lang='lat' dir='ltr'><strong>ligno</strong></span> <span class='ocrx_word' id='word_1_249' title='bbox 766 3508 1144 3578; x_wconf 84' lang='lat' dir='ltr'><strong>quaestionem,</strong></span> <span class='ocrx_word' id='word_1_250' title='bbox 1195 3516 1252 3564; x_wconf 92' lang='lat' dir='ltr'><strong>et</strong></span> <span class='ocrx_word' id='word_1_251' title='bbox 1295 3510 1495 3565; x_wconf 90' lang='lat' dir='ltr'><strong>multos</strong></span> <span class='ocrx_word' id='word_1_252' title='bbox 1521 3520 1724 3566; x_wconf 89' lang='lat' dir='ltr'><strong>temere</strong></span> <span class='ocrx_word' id='word_1_253' title='bbox 1750 3509 2049 3581; x_wconf 83' lang='lat' dir='ltr'><strong>loquentes,</strong></span> 
     </span>
    </p>
   </div>
   <div class='ocr_carea' id='block_1_35' title="bbox 457 3598 2051 3670">
    <p class='ocr_par' dir='ltr' id='par_1_35' title="bbox 457 3598 2051 3670">
     <span class='ocr_line' id='line_1_35' title="bbox 457 3598 2051 3670; baseline 0.004 -17"><span class='ocrx_word' id='word_1_254' title='bbox 457 3599 669 3669; x_wconf 87' lang='lat' dir='ltr'><strong>culpam</strong></span> <span class='ocrx_word' id='word_1_255' title='bbox 691 3598 760 3655; x_wconf 87' lang='lat' dir='ltr'><strong>ab</strong></span> <span class='ocrx_word' id='word_1_256' title='bbox 790 3600 1008 3657; x_wconf 75' lang='lat' dir='ltr'><strong>heroine</strong></span> <span class='ocrx_word' id='word_1_257' title='bbox 1034 3603 1086 3656; x_wconf 92' lang='lat' dir='ltr'><strong>in</strong></span> <span class='ocrx_word' id='word_1_258' title='bbox 1112 3602 1279 3657; x_wconf 89' lang='lat' dir='ltr'><strong>Deum</strong></span> <span class='ocrx_word' id='word_1_259' title='bbox 1306 3601 1599 3660; x_wconf 76' lang='lat' dir='ltr'><strong>transferre</strong></span> <span class='ocrx_word' id='word_1_260' title='bbox 1617 3604 1736 3670; x_wconf 91' lang='lat' dir='ltr'><strong>niti,</strong></span> <span class='ocrx_word' id='word_1_261' title='bbox 1765 3603 2051 3659; x_wconf 87' lang='lat' dir='ltr'><strong>audacter-</strong></span> 
     </span>
    </p>
   </div>
   <div class='ocr_carea' id='block_1_36' title="bbox 460 3691 2052 3765">
    <p class='ocr_par' dir='ltr' id='par_1_36' title="bbox 460 3691 2052 3765">
     <span class='ocr_line' id='line_1_36' title="bbox 460 3691 2052 3765; baseline 0.003 -21"><span class='ocrx_word' id='word_1_262' title='bbox 460 3705 567 3759; x_wconf 97' lang='lat' dir='ltr'><strong>que</strong></span> <span class='ocrx_word' id='word_1_263' title='bbox 600 3691 783 3748; x_wconf 86' lang='lat' dir='ltr'><strong>dicere</strong></span> <span class='ocrx_word' id='word_1_264' title='bbox 808 3710 821 3745; x_wconf 90' lang='lat'><strong>:</strong></span> <span class='ocrx_word' id='word_1_265' title='bbox 849 3691 1014 3763; x_wconf 80' lang='lat' dir='ltr'><strong>Cujus</strong></span> <span class='ocrx_word' id='word_1_266' title='bbox 1057 3694 1133 3749; x_wconf 87' lang='lat' dir='ltr'><strong>rei</strong></span> <span class='ocrx_word' id='word_1_267' title='bbox 1170 3694 1341 3764; x_wconf 87' lang='lat' dir='ltr'><strong>gratia</strong></span> <span class='ocrx_word' id='word_1_268' title='bbox 1369 3694 1519 3750; x_wconf 89' lang='lat' dir='ltr'><strong>dedit</strong></span> <span class='ocrx_word' id='word_1_269' title='bbox 1546 3694 1879 3761; x_wconf 89' lang='lat' dir='ltr'><strong>mandatum,</strong></span> <span class='ocrx_word' id='word_1_270' title='bbox 1906 3694 2052 3765; x_wconf 88' lang='lat' dir='ltr'><strong>quod</strong></span> 
     </span>
    </p>
   </div>
   <div class='ocr_carea' id='block_1_37' title="bbox 456 3781 2054 3856">
    <p class='ocr_par' dir='ltr' id='par_1_37' title="bbox 456 3781 2054 3856">
     <span class='ocr_line' id='line_1_37' title="bbox 456 3781 2054 3856; baseline 0.004 -20"><span class='ocrx_word' id='word_1_271' title='bbox 456 3781 662 3837; x_wconf 87' lang='lat' dir='ltr'><strong>sciebat</strong></span> <span class='ocrx_word' id='word_1_272' title='bbox 691 3782 961 3839; x_wconf 79' lang='lat' dir='ltr'><strong>hominem</strong></span> <span class='ocrx_word' id='word_1_273' title='bbox 1002 3786 1502 3856; x_wconf 84' lang='lat' dir='ltr'><strong>transgressurum?</strong></span> <span class='ocrx_word' id='word_1_274' title='bbox 1531 3795 1586 3840; x_wconf 89' lang='lat' dir='ltr'><strong>et</strong></span> <span class='ocrx_word' id='word_1_275' title='bbox 1612 3786 1805 3841; x_wconf 86' lang='lat' dir='ltr'><strong>iterum</strong></span> <span class='ocrx_word' id='word_1_276' title='bbox 1832 3804 1847 3841; x_wconf 89' lang='lat'><strong>:</strong></span> <span class='ocrx_word' id='word_1_277' title='bbox 1874 3785 2054 3853; x_wconf 79' lang='lat' dir='ltr'><strong>Quare</strong></span> 
     </span>
    </p>
   </div>
   <div class='ocr_carea' id='block_1_38' title="bbox 454 3871 2052 3947">
    <p class='ocr_par' dir='ltr' id='par_1_38' title="bbox 454 3871 2052 3947">
     <span class='ocr_line' id='line_1_38' title="bbox 454 3871 2052 3947; baseline 0.004 -21"><span class='ocrx_word' id='word_1_278' title='bbox 454 3871 616 3942; x_wconf 65' lang='lat' dir='ltr'><strong>jussit</strong></span> <span class='ocrx_word' id='word_1_279' title='bbox 640 3872 842 3943; x_wconf 82' lang='lat' dir='ltr'><strong>lignum</strong></span> <span class='ocrx_word' id='word_1_280' title='bbox 871 3872 986 3930; x_wconf 84' lang='lat' dir='ltr'><strong>ﬁeri</strong></span> <span class='ocrx_word' id='word_1_281' title='bbox 1013 3875 1065 3930; x_wconf 91' lang='lat' dir='ltr'><strong>in</strong></span> <span class='ocrx_word' id='word_1_282' title='bbox 1102 3875 1391 3947; x_wconf 83' lang='lat' dir='ltr'><strong>paradiso?</strong></span> <span class='ocrx_word' id='word_1_283' title='bbox 1417 3886 1473 3932; x_wconf 88' lang='lat' dir='ltr'><strong>et</strong></span> <span class='ocrx_word' id='word_1_284' title='bbox 1498 3877 1664 3932; x_wconf 87' lang='lat' dir='ltr'><strong>multa</strong></span> <span class='ocrx_word' id='word_1_285' title='bbox 1682 3877 1785 3931; x_wconf 85' lang='lat' dir='ltr'><strong>alia</strong></span> <span class='ocrx_word' id='word_1_286' title='bbox 1814 3888 1827 3932; x_wconf 88' lang='lat'><strong>:</strong></span> <span class='ocrx_word' id='word_1_287' title='bbox 1860 3877 1955 3933; x_wconf 88' lang='lat' dir='ltr'><strong>sed</strong></span> <span class='ocrx_word' id='word_1_288' title='bbox 1984 3893 2052 3934; x_wconf 90' lang='lat' dir='ltr'><strong>ne</strong></span> 
     </span>
    </p>
   </div>
   <div class='ocr_carea' id='block_1_39' title="bbox 458 3967 2052 4040">
    <p class='ocr_par' dir='ltr' id='par_1_39' title="bbox 458 3967 2052 4040">
     <span class='ocr_line' id='line_1_39' title="bbox 458 3967 2052 4040; baseline 0.006 -23"><span class='ocrx_word' id='word_1_289' title='bbox 458 3976 604 4018; x_wconf 87' lang='lat' dir='ltr'><strong>nunc</strong></span> <span class='ocrx_word' id='word_1_290' title='bbox 627 3973 750 4019; x_wconf 87' lang='lat' dir='ltr'><strong>ante</strong></span> <span class='ocrx_word' id='word_1_291' title='bbox 783 3972 992 4036; x_wconf 87' lang='lat' dir='ltr'><strong>tempus</strong></span> <span class='ocrx_word' id='word_1_292' title='bbox 1017 3967 1472 4037; x_wconf 66' lang='lat' dir='ltr'><strong>prtevaricationis</strong></span> <span class='ocrx_word' id='word_1_293' title='bbox 1499 3968 1775 4025; x_wconf 78' lang='lat' dir='ltr'><strong>videamur</strong></span> <span class='ocrx_word' id='word_1_294' title='bbox 1803 3969 2052 4040; x_wconf 89' lang='lat' dir='ltr'><strong>prosilire</strong></span> 
     </span>
    </p>
   </div>
   <div class='ocr_carea' id='block_1_40' title="bbox 459 4052 2051 4131">
    <p class='ocr_par' dir='ltr' id='par_1_40' title="bbox 459 4052 2051 4131">
     <span class='ocr_line' id='line_1_40' title="bbox 459 4052 2051 4131; baseline 0.005 -24"><span class='ocrx_word' id='word_1_295' title='bbox 459 4052 528 4109; x_wconf 89' lang='lat' dir='ltr'><strong>ad</strong></span> <span class='ocrx_word' id='word_1_296' title='bbox 564 4069 630 4110; x_wconf 89' lang='lat' dir='ltr'><strong>ea</strong></span> <span class='ocrx_word' id='word_1_297' title='bbox 667 4055 988 4122; x_wconf 89' lang='lat' dir='ltr'><strong>enarranda,</strong></span> <span class='ocrx_word' id='word_1_298' title='bbox 1021 4072 1201 4129; x_wconf 76' lang='lat' dir='ltr'><strong>opera:</strong></span> <span class='ocrx_word' id='word_1_299' title='bbox 1225 4060 1456 4128; x_wconf 88' lang='lat' dir='ltr'><strong>pretium</strong></span> <span class='ocrx_word' id='word_1_300' title='bbox 1492 4069 1597 4127; x_wconf 87' lang='lat' dir='ltr'><strong>est,</strong></span> <span class='ocrx_word' id='word_1_301' title='bbox 1629 4068 1689 4115; x_wconf 91' lang='lat' dir='ltr'><strong>ut</strong></span> <span class='ocrx_word' id='word_1_302' title='bbox 1716 4073 1816 4115; x_wconf 89' lang='lat' dir='ltr'><strong>nos</strong></span> <span class='ocrx_word' id='word_1_303' title='bbox 1856 4076 2051 4131; x_wconf 73' lang='lat' dir='ltr'><strong>exspe-</strong></span> 
     </span>
    </p>
   </div>
   <div class='ocr_carea' id='block_1_41' title="bbox 457 4150 2054 4212">
    <p class='ocr_par' dir='ltr' id='par_1_41' title="bbox 457 4150 2054 4212">
     <span class='ocr_line' id='line_1_41' title="bbox 457 4150 2054 4212; baseline 0.004 -8"><span class='ocrx_word' id='word_1_304' title='bbox 457 4156 668 4204; x_wconf 84' lang='lat' dir='ltr'><strong>ctemus</strong></span> <span class='ocrx_word' id='word_1_305' title='bbox 697 4150 837 4205; x_wconf 86' lang='lat' dir='ltr'><strong>beati</strong></span> <span class='ocrx_word' id='word_1_306' title='bbox 863 4151 1024 4208; x_wconf 88' lang='lat' dir='ltr'><strong>Mosis</strong></span> <span class='ocrx_word' id='word_1_307' title='bbox 1048 4154 1413 4210; x_wconf 84' lang='lat' dir='ltr'><strong>narrationem</strong></span> <span class='ocrx_word' id='word_1_308' title='bbox 1444 4171 1456 4208; x_wconf 91' lang='lat'>:</span> <span class='ocrx_word' id='word_1_309' title='bbox 1485 4165 1544 4210; x_wconf 90' lang='lat' dir='ltr'><strong>ut</strong></span> <span class='ocrx_word' id='word_1_310' title='bbox 1581 4169 1702 4210; x_wconf 91' lang='lat' dir='ltr'><strong>cum</strong></span> <span class='ocrx_word' id='word_1_311' title='bbox 1730 4155 1796 4211; x_wconf 89' lang='lat' dir='ltr'><strong>ad</strong></span> <span class='ocrx_word' id='word_1_312' title='bbox 1825 4170 1948 4212; x_wconf 90' lang='lat' dir='ltr'><strong>eum</strong></span> <span class='ocrx_word' id='word_1_313' title='bbox 1974 4155 2054 4211; x_wconf 89' lang='lat' dir='ltr'><strong>lo-</strong></span> 
     </span>
    </p>
   </div>
   <div class='ocr_carea' id='block_1_42' title="bbox 457 4242 2050 4319">
    <p class='ocr_par' dir='ltr' id='par_1_42' title="bbox 457 4242 2050 4319">
     <span class='ocr_line' id='line_1_42' title="bbox 457 4242 2050 4319; baseline 0.005 -24"><span class='ocrx_word' id='word_1_314' title='bbox 457 4256 580 4296; x_wconf 87' lang='lat' dir='ltr'><strong>cum</strong></span> <span class='ocrx_word' id='word_1_315' title='bbox 607 4242 1030 4311; x_wconf 84' lang='lat' dir='ltr'><strong>pervenerimus,</strong></span> <span class='ocrx_word' id='word_1_316' title='bbox 1066 4247 1384 4316; x_wconf 84' lang='lat' dir='ltr'><strong>tempestive</strong></span> <span class='ocrx_word' id='word_1_317' title='bbox 1411 4261 1766 4319; x_wconf 72' lang='lat' dir='ltr'><strong>qumcumque</strong></span> <span class='ocrx_word' id='word_1_318' title='bbox 1793 4246 1886 4303; x_wconf 88' lang='lat' dir='ltr'><strong>Dei</strong></span> <span class='ocrx_word' id='word_1_319' title='bbox 1921 4263 2050 4319; x_wconf 89' lang='lat' dir='ltr'><strong>gra-</strong></span> 
     </span>
    </p>
   </div>
   <div class='ocr_carea' id='block_1_43' title="bbox 457 4330 2053 4409">
    <p class='ocr_par' dir='ltr' id='par_1_43' title="bbox 457 4330 2053 4409">
     <span class='ocr_line' id='line_1_43' title="bbox 457 4330 2053 4409; baseline 0.004 -23"><span class='ocrx_word' id='word_1_320' title='bbox 457 4331 533 4386; x_wconf 83' lang='lat' dir='ltr'><strong>tia</strong></span> <span class='ocrx_word' id='word_1_321' title='bbox 584 4330 814 4397; x_wconf 88' lang='lat' dir='ltr'><strong>dederit,</strong></span> <span class='ocrx_word' id='word_1_322' title='bbox 860 4332 931 4388; x_wconf 90' lang='lat' dir='ltr'><strong>de</strong></span> <span class='ocrx_word' id='word_1_323' title='bbox 975 4348 1038 4390; x_wconf 89' lang='lat' dir='ltr'><strong>ea</strong></span> <span class='ocrx_word' id='word_1_324' title='bbox 1089 4349 1151 4391; x_wconf 88' lang='lat' dir='ltr'><strong>re</strong></span> <span class='ocrx_word' id='word_1_325' title='bbox 1202 4335 1474 4401; x_wconf 88' lang='lat' dir='ltr'><strong>dicentes,</strong></span> <span class='ocrx_word' id='word_1_326' title='bbox 1533 4352 1719 4393; x_wconf 88' lang='lat' dir='ltr'><strong>verum</strong></span> <span class='ocrx_word' id='word_1_327' title='bbox 1761 4336 2053 4409; x_wconf 74' lang='lat' dir='ltr'><strong>Scriptum</strong></span> 
     </span>
    </p>
   </div>
   <div class='ocr_carea' id='block_1_44' title="bbox 460 4424 2053 4499">
    <p class='ocr_par' dir='ltr' id='par_1_44' title="bbox 460 4424 2053 4499">
     <span class='ocr_line' id='line_1_44' title="bbox 460 4424 2053 4499; baseline 0.006 -23"><span class='ocrx_word' id='word_1_328' title='bbox 460 4435 680 4477; x_wconf 82' lang='lat' dir='ltr'><strong>sensum</strong></span> <span class='ocrx_word' id='word_1_329' title='bbox 714 4432 944 4479; x_wconf 76' lang='lat' dir='ltr'><strong>vestram</strong></span> <span class='ocrx_word' id='word_1_330' title='bbox 988 4424 1277 4482; x_wconf 86' lang='lat' dir='ltr'><strong>doceamus</strong></span> <span class='ocrx_word' id='word_1_331' title='bbox 1325 4427 1600 4484; x_wconf 78' lang='lat' dir='ltr'><strong>caritatem</strong></span> <span class='ocrx_word' id='word_1_332' title='bbox 1636 4444 1779 4499; x_wconf 91' lang='lat' dir='ltr'><strong>:quo</strong></span> <span class='ocrx_word' id='word_1_333' title='bbox 1822 4430 2053 4486; x_wconf 85' lang='lat' dir='ltr'><strong>scientes</strong></span> 
     </span>
    </p>
   </div>
   <div class='ocr_carea' id='block_1_45' title="bbox 460 4514 2051 4591">
    <p class='ocr_par' dir='ltr' id='par_1_45' title="bbox 460 4514 2051 4591">
     <span class='ocr_line' id='line_1_45' title="bbox 460 4514 2051 4591; baseline 0.003 -20"><span class='ocrx_word' id='word_1_334' title='bbox 460 4514 858 4591; x_wconf 79' lang='lat' dir='ltr'><strong>Scripturarum</strong></span> <span class='ocrx_word' id='word_1_335' title='bbox 902 4517 1180 4572; x_wconf 83' lang='lat' dir='ltr'><strong>veritatem</strong></span> <span class='ocrx_word' id='word_1_336' title='bbox 1199 4558 1216 4584; x_wconf 97' lang='lat'><strong>,</strong></span> <span class='ocrx_word' id='word_1_337' title='bbox 1261 4516 1493 4573; x_wconf 89' lang='lat' dir='ltr'><strong>debitam</strong></span> <span class='ocrx_word' id='word_1_338' title='bbox 1546 4518 1776 4574; x_wconf 88' lang='lat' dir='ltr'><strong>Domino</strong></span> <span class='ocrx_word' id='word_1_339' title='bbox 1825 4519 2051 4590; x_wconf 75' lang='lat' dir='ltr'><strong>gloriam</strong></span> 
     </span>
    </p>
   </div>
   <div class='ocr_carea' id='block_1_46' title="bbox 461 4604 2054 4681">
    <p class='ocr_par' dir='ltr' id='par_1_46' title="bbox 461 4604 2054 4681">
     <span class='ocr_line' id='line_1_46' title="bbox 461 4604 2054 4681; baseline 0.004 -22"><span class='ocrx_word' id='word_1_340' title='bbox 461 4604 721 4674; x_wconf 73' lang='lat' dir='ltr'><strong>oﬂ‘eratis,</strong></span> <span class='ocrx_word' id='word_1_341' title='bbox 759 4620 861 4661; x_wconf 91' lang='lat' dir='ltr'><strong>nec</strong></span> <span class='ocrx_word' id='word_1_342' title='bbox 888 4620 954 4662; x_wconf 88' lang='lat' dir='ltr'><strong>eo</strong></span> <span class='ocrx_word' id='word_1_343' title='bbox 984 4608 1072 4678; x_wconf 90' lang='lat' dir='ltr'><strong>qui</strong></span> <span class='ocrx_word' id='word_1_344' title='bbox 1102 4609 1342 4679; x_wconf 83' lang='lat' dir='ltr'><strong>peccavit</strong></span> <span class='ocrx_word' id='word_1_345' title='bbox 1370 4611 1593 4676; x_wconf 90' lang='lat' dir='ltr'><strong>omisso,</strong></span> <span class='ocrx_word' id='word_1_346' title='bbox 1636 4610 1850 4681; x_wconf 84' lang='lat' dir='ltr'><strong>culpam</strong></span> <span class='ocrx_word' id='word_1_347' title='bbox 1879 4611 2054 4666; x_wconf 86' lang='lat' dir='ltr'><strong>incul-</strong></span> 
     </span>
    </p>
   </div>
   <div class='ocr_carea' id='block_1_47' title="bbox 461 4696 2052 4772">
    <p class='ocr_par' dir='ltr' id='par_1_47' title="bbox 461 4696 2052 4772">
     <span class='ocr_line' id='line_1_47' title="bbox 461 4696 2052 4772; baseline 0.005 -22"><span class='ocrx_word' id='word_1_348' title='bbox 461 4696 567 4766; x_wconf 85' lang='lat' dir='ltr'><strong>pati</strong></span> <span class='ocrx_word' id='word_1_349' title='bbox 598 4696 711 4752; x_wconf 89' lang='lat' dir='ltr'><strong>Deo</strong></span> <span class='ocrx_word' id='word_1_350' title='bbox 735 4697 1042 4768; x_wconf 87' lang='lat' dir='ltr'><strong>imputetis;</strong></span> <span class='ocrx_word' id='word_1_351' title='bbox 1066 4698 1177 4769; x_wconf 87' lang='lat' dir='ltr'><strong>jam</strong></span> <span class='ocrx_word' id='word_1_352' title='bbox 1216 4710 1418 4768; x_wconf 90' lang='lat' dir='ltr'><strong>autem,</strong></span> <span class='ocrx_word' id='word_1_353' title='bbox 1450 4702 1496 4756; x_wconf 91' lang='lat' dir='ltr'><strong>si</strong></span> <span class='ocrx_word' id='word_1_354' title='bbox 1522 4701 1674 4769; x_wconf 87' lang='lat' dir='ltr'><strong>libet,</strong></span> <span class='ocrx_word' id='word_1_355' title='bbox 1703 4701 1771 4757; x_wconf 89' lang='lat' dir='ltr'><strong>de</strong></span> <span class='ocrx_word' id='word_1_356' title='bbox 1799 4703 2052 4772; x_wconf 73' lang='lat' dir='ltr'><strong>prassenti</strong></span> 
     </span>
    </p>
   </div>
   <div class='ocr_carea' id='block_1_48' title="bbox 460 4788 2050 4863">
    <p class='ocr_par' dir='ltr' id='par_1_48' title="bbox 460 4788 2050 4863">
     <span class='ocr_line' id='line_1_48' title="bbox 460 4788 2050 4863; baseline 0.001 -20"><span class='ocrx_word' id='word_1_357' title='bbox 460 4788 690 4844; x_wconf 87' lang='lat' dir='ltr'><strong>lectione</strong></span> <span class='ocrx_word' id='word_1_358' title='bbox 729 4788 872 4858; x_wconf 91' lang='lat' dir='ltr'><strong>quod</strong></span> <span class='ocrx_word' id='word_1_359' title='bbox 921 4790 1160 4861; x_wconf 87' lang='lat' dir='ltr'><strong>sequitur</strong></span> <span class='ocrx_word' id='word_1_360' title='bbox 1210 4806 1616 4863; x_wconf 89' lang='lat' dir='ltr'><strong>prosequamur.</strong></span> <span class='ocrx_word' id='word_1_361' title='bbox 1664 4792 1747 4848; x_wconf 87' lang='lat' dir='ltr'><strong>l8.</strong></span> <span class='ocrx_word' id='word_1_362' title='bbox 1793 4790 1862 4846; x_wconf 89' lang='lat' dir='ltr'><strong>Et</strong></span> <span class='ocrx_word' id='word_1_363' title='bbox 1900 4793 2050 4859; x_wconf 72' lang='lat' dir='ltr'><strong>dixit,</strong></span> 
     </span>
    </p>
   </div>
   <div class='ocr_carea' id='block_1_49' title="bbox 463 4879 2055 4951">
    <p class='ocr_par' dir='ltr' id='par_1_49' title="bbox 463 4879 2055 4951">
     <span class='ocr_line' id='line_1_49' title="bbox 463 4879 2055 4951; baseline 0.004 -17"><span class='ocrx_word' id='word_1_364' title='bbox 463 4879 652 4951; x_wconf 86' lang='lat' dir='ltr'><strong>inquit,</strong></span> <span class='ocrx_word' id='word_1_365' title='bbox 693 4879 942 4936; x_wconf 85' lang='lat' dir='ltr'><strong>Dominus</strong></span> <span class='ocrx_word' id='word_1_366' title='bbox 970 4880 1107 4938; x_wconf 82' lang='lat' dir='ltr'><strong>Deus</strong></span> <span class='ocrx_word' id='word_1_367' title='bbox 1129 4899 1149 4938; x_wconf 88' lang='lat'><strong><em>:</em></strong></span> <span class='ocrx_word' id='word_1_368' title='bbox 1174 4882 1298 4938; x_wconf 87' lang='lat' dir='ltr'><strong>Non</strong></span> <span class='ocrx_word' id='word_1_369' title='bbox 1335 4893 1409 4938; x_wconf 83' lang='lat' dir='ltr'><strong>est</strong></span> <span class='ocrx_word' id='word_1_370' title='bbox 1441 4884 1627 4939; x_wconf 83' lang='lat' dir='ltr'><strong>bonum</strong></span> <span class='ocrx_word' id='word_1_371' title='bbox 1656 4885 1909 4939; x_wconf 81' lang='lat' dir='ltr'><strong>hominem</strong></span> <span class='ocrx_word' id='word_1_372' title='bbox 1947 4901 2055 4940; x_wconf 84' lang='lat' dir='ltr'><strong>esse</strong></span> 
     </span>
    </p>
   </div>
   <div class='ocr_carea' id='block_1_50' title="bbox 456 4971 2051 5046">
    <p class='ocr_par' dir='ltr' id='par_1_50' title="bbox 456 4971 2051 5046">
     <span class='ocr_line' id='line_1_50' title="bbox 456 4971 2051 5046; baseline 0.004 -23"><span class='ocrx_word' id='word_1_373' title='bbox 456 4971 644 5025; x_wconf 82' lang='lat' dir='ltr'><strong>soluat.</strong></span> <span class='ocrx_word' id='word_1_374' title='bbox 684 4972 840 5029; x_wconf 75' lang='lat' dir='ltr'><strong>.Ecce</strong></span> <span class='ocrx_word' id='word_1_375' title='bbox 882 4974 1074 5029; x_wconf 85' lang='lat' dir='ltr'><strong>iterum</strong></span> <span class='ocrx_word' id='word_1_376' title='bbox 1117 4974 1362 5030; x_wconf 90' lang='lat' dir='ltr'><strong>similiter</strong></span> <span class='ocrx_word' id='word_1_377' title='bbox 1403 4974 1556 5040; x_wconf 76' lang='lat' dir='ltr'><strong>dixit,</strong></span> <span class='ocrx_word' id='word_1_378' title='bbox 1607 4976 1741 5031; x_wconf 85' lang='lat' dir='ltr'><strong>sicut</strong></span> <span class='ocrx_word' id='word_1_379' title='bbox 1783 4986 1836 5031; x_wconf 88' lang='lat' dir='ltr'><strong>et</strong></span> <span class='ocrx_word' id='word_1_380' title='bbox 1883 4978 2051 5046; x_wconf 77' lang='lat' dir='ltr'><strong>prius,</strong></span> 
     </span>
    </p>
   </div>
   <div class='ocr_carea' id='block_1_51' title="bbox 458 5061 2054 5138">
    <p class='ocr_par' dir='ltr' id='par_1_51' title="bbox 458 5061 2054 5138">
     <span class='ocr_line' id='line_1_51' title="bbox 458 5061 2054 5138; baseline 0.005 -22"><span class='ocrx_word' id='word_1_381' title='bbox 458 5061 714 5118; x_wconf 76' lang='lat' dir='ltr'><strong>Dominus</strong></span> <span class='ocrx_word' id='word_1_382' title='bbox 732 5063 866 5120; x_wconf 90' lang='lat' dir='ltr'><strong>Deus</strong></span> <span class='ocrx_word' id='word_1_383' title='bbox 887 5081 906 5119; x_wconf 92' lang='lat'><strong><em>:</em></strong></span> <span class='ocrx_word' id='word_1_384' title='bbox 933 5075 990 5121; x_wconf 93' lang='lat' dir='ltr'><strong>ut</strong></span> <span class='ocrx_word' id='word_1_385' title='bbox 1017 5066 1197 5123; x_wconf 86' lang='lat' dir='ltr'><strong>animo</strong></span> <span class='ocrx_word' id='word_1_386' title='bbox 1216 5067 1357 5122; x_wconf 84' lang='lat' dir='ltr'><strong>dicta</strong></span> <span class='ocrx_word' id='word_1_387' title='bbox 1387 5066 1686 5137; x_wconf 83' lang='lat' dir='ltr'><strong>iuligentes,</strong></span> <span class='ocrx_word' id='word_1_388' title='bbox 1718 5082 1788 5124; x_wconf 90' lang='lat' dir='ltr'><strong>ue</strong></span> <span class='ocrx_word' id='word_1_389' title='bbox 1810 5077 2054 5138; x_wconf 88' lang='lat' dir='ltr'><strong>putemus</strong></span> 
     </span>
    </p>
   </div>
   <div class='ocr_carea' id='block_1_52' title="bbox 461 5153 2055 5232">
    <p class='ocr_par' dir='ltr' id='par_1_52' title="bbox 461 5153 2055 5232">
     <span class='ocr_line' id='line_1_52' title="bbox 461 5153 2055 5232; baseline 0.008 -26"><span class='ocrx_word' id='word_1_390' title='bbox 461 5153 639 5209; x_wconf 88' lang='lat' dir='ltr'><strong>divina</strong></span> <span class='ocrx_word' id='word_1_391' title='bbox 695 5154 971 5228; x_wconf 86' lang='lat' dir='ltr'><strong>Scriptura</strong></span> <span class='ocrx_word' id='word_1_392' title='bbox 1029 5160 1430 5229; x_wconf 68' lang='lat' dir='ltr'><strong>priestantiores</strong></span> <span class='ocrx_word' id='word_1_393' title='bbox 1496 5168 1708 5216; x_wconf 88' lang='lat' dir='ltr'><strong>nostras</strong></span> <span class='ocrx_word' id='word_1_394' title='bbox 1773 5162 2055 5232; x_wconf 74' lang='lat' dir='ltr'><strong>opiniones</strong></span> 
     </span>
    </p>
   </div>
   <div class='ocr_carea' id='block_1_53' title="bbox 462 5243 2055 5319">
    <p class='ocr_par' dir='ltr' id='par_1_53' title="bbox 462 5243 2055 5319">
     <span class='ocr_line' id='line_1_53' title="bbox 462 5243 2055 5319; baseline 0.004 -19"><span class='ocrx_word' id='word_1_395' title='bbox 462 5257 605 5300; x_wconf 82' lang='lat' dir='ltr'><strong>esse.</strong></span> <span class='ocrx_word' id='word_1_396' title='bbox 652 5243 908 5319; x_wconf 67' lang='lat' dir='ltr'><strong>Dixitque,</strong></span> <span class='ocrx_word' id='word_1_397' title='bbox 955 5250 1053 5314; x_wconf 83' lang='lat' dir='ltr'><strong>ait,</strong></span> <span class='ocrx_word' id='word_1_398' title='bbox 1098 5247 1350 5305; x_wconf 78' lang='lat' dir='ltr'><strong>Dominus</strong></span> <span class='ocrx_word' id='word_1_399' title='bbox 1377 5248 1517 5306; x_wconf 88' lang='lat' dir='ltr'><strong>Deus</strong></span> <span class='ocrx_word' id='word_1_400' title='bbox 1542 5268 1563 5305; x_wconf 87' lang='lat'><strong><em>:</em></strong></span> <span class='ocrx_word' id='word_1_401' title='bbox 1587 5251 1711 5306; x_wconf 83' lang='lat' dir='ltr'><strong>Non</strong></span> <span class='ocrx_word' id='word_1_402' title='bbox 1758 5261 1832 5306; x_wconf 85' lang='lat' dir='ltr'><strong>est</strong></span> <span class='ocrx_word' id='word_1_403' title='bbox 1869 5250 2055 5307; x_wconf 82' lang='lat' dir='ltr'><strong>bonum</strong></span> 
     </span>
    </p>
   </div>
   <div class='ocr_carea' id='block_1_54' title="bbox 462 5335 2056 5412">
    <p class='ocr_par' dir='ltr' id='par_1_54' title="bbox 462 5335 2056 5412">
     <span class='ocr_line' id='line_1_54' title="bbox 462 5335 2056 5412; baseline 0.008 -26"><span class='ocrx_word' id='word_1_404' title='bbox 462 5348 572 5387; x_wconf 84' lang='lat' dir='ltr'><strong>esse</strong></span> <span class='ocrx_word' id='word_1_405' title='bbox 590 5335 842 5391; x_wconf 79' lang='lat' dir='ltr'><strong>hominem</strong></span> <span class='ocrx_word' id='word_1_406' title='bbox 870 5340 1057 5395; x_wconf 85' lang='lat' dir='ltr'><strong>solum.</strong></span> <span class='ocrx_word' id='word_1_407' title='bbox 1084 5341 1404 5408; x_wconf 87' lang='lat' dir='ltr'><strong>Considera,</strong></span> <span class='ocrx_word' id='word_1_408' title='bbox 1432 5340 1703 5412; x_wconf 88' lang='lat' dir='ltr'><strong>quomodo</strong></span> <span class='ocrx_word' id='word_1_409' title='bbox 1741 5358 1850 5398; x_wconf 88' lang='lat' dir='ltr'><strong>non</strong></span> <span class='ocrx_word' id='word_1_410' title='bbox 1879 5352 2056 5399; x_wconf 87' lang='lat' dir='ltr'><strong>cessat</strong></span> 
     </span>
    </p>
   </div>
   <div class='ocr_carea' id='block_1_55' title="bbox 470 5425 2057 5500">
    <p class='ocr_par' dir='ltr' id='par_1_55' title="bbox 470 5425 2057 5500">
     <span class='ocr_line' id='line_1_55' title="bbox 470 5425 2057 5500; baseline 0.006 -20"><span class='ocrx_word' id='word_1_411' title='bbox 470 5425 641 5479; x_wconf 88' lang='lat' dir='ltr'><strong>bonus</strong></span> <span class='ocrx_word' id='word_1_412' title='bbox 691 5425 850 5494; x_wconf 85' lang='lat' dir='ltr'><strong>Deus,</strong></span> <span class='ocrx_word' id='word_1_413' title='bbox 900 5431 997 5486; x_wconf 87' lang='lat' dir='ltr'><strong>sed</strong></span> <span class='ocrx_word' id='word_1_414' title='bbox 1042 5432 1304 5490; x_wconf 78' lang='lat' dir='ltr'><strong>beneﬁcia</strong></span> <span class='ocrx_word' id='word_1_415' title='bbox 1358 5432 1636 5489; x_wconf 83' lang='lat' dir='ltr'><strong>beneﬁciis</strong></span> <span class='ocrx_word' id='word_1_416' title='bbox 1685 5433 1946 5500; x_wconf 86' lang='lat' dir='ltr'><strong>cumulat,</strong></span> <span class='ocrx_word' id='word_1_417' title='bbox 2001 5444 2057 5490; x_wconf 76' lang='lat' dir='ltr'><strong>et</strong></span> 
     </span>
    </p>
   </div>
   <div class='ocr_carea' id='block_1_56' title="bbox 469 5514 2057 5584">
    <p class='ocr_par' dir='ltr' id='par_1_56' title="bbox 469 5514 2057 5584">
     <span class='ocr_line' id='line_1_56' title="bbox 469 5514 2057 5584; baseline 0.009 -16"><span class='ocrx_word' id='word_1_418' title='bbox 469 5514 746 5573; x_wconf 82' lang='lat' dir='ltr'><strong>abundans</strong></span> <span class='ocrx_word' id='word_1_419' title='bbox 774 5519 1010 5577; x_wconf 84' lang='lat' dir='ltr'><strong>bonitate</strong></span> <span class='ocrx_word' id='word_1_420' title='bbox 1030 5526 1176 5580; x_wconf 90' lang='lat' dir='ltr'><strong>omni</strong></span> <span class='ocrx_word' id='word_1_421' title='bbox 1207 5526 1417 5582; x_wconf 87' lang='lat' dir='ltr'><strong>honore</strong></span> <span class='ocrx_word' id='word_1_422' title='bbox 1443 5526 1781 5584; x_wconf 86' lang='lat' dir='ltr'><strong>circumdare</strong></span> <span class='ocrx_word' id='word_1_423' title='bbox 1799 5528 1913 5583; x_wconf 85' lang='lat' dir='ltr'><strong>vult</strong></span> <span class='ocrx_word' id='word_1_424' title='bbox 1938 5529 2057 5583; x_wconf 88' lang='lat' dir='ltr'><strong>ani-</strong></span> 
     </span>
    </p>
   </div>
   <div class='ocr_carea' id='block_1_57' title="bbox 470 5605 2055 5687">
    <p class='ocr_par' dir='ltr' id='par_1_57' title="bbox 470 5605 2055 5687">
     <span class='ocr_line' id='line_1_57' title="bbox 470 5605 2055 5687; baseline 0.012 -29"><span class='ocrx_word' id='word_1_425' title='bbox 470 5607 573 5661; x_wconf 84' lang='lat' dir='ltr'><strong>mal</strong></span> <span class='ocrx_word' id='word_1_426' title='bbox 599 5605 701 5663; x_wconf 88' lang='lat' dir='ltr'><strong>hoc</strong></span> <span class='ocrx_word' id='word_1_427' title='bbox 728 5610 934 5669; x_wconf 79' lang='lat' dir='ltr'><strong>ratione</strong></span> <span class='ocrx_word' id='word_1_428' title='bbox 960 5616 1263 5687; x_wconf 76' lang='lat' dir='ltr'><strong>prteditum,</strong></span> <span class='ocrx_word' id='word_1_429' title='bbox 1293 5629 1352 5674; x_wconf 89' lang='lat' dir='ltr'><strong>ut</strong></span> <span class='ocrx_word' id='word_1_430' title='bbox 1379 5634 1487 5674; x_wconf 87' lang='lat' dir='ltr'><strong>non</strong></span> <span class='ocrx_word' id='word_1_431' title='bbox 1516 5620 1689 5675; x_wconf 87' lang='lat' dir='ltr'><strong>solum</strong></span> <span class='ocrx_word' id='word_1_432' title='bbox 1715 5620 1940 5677; x_wconf 88' lang='lat' dir='ltr'><strong>honeste</strong></span> <span class='ocrx_word' id='word_1_433' title='bbox 1958 5621 2055 5679; x_wconf 83' lang='lat' dir='ltr'><strong>sed</strong></span> 
     </span>
    </p>
   </div>
   <div class='ocr_carea' id='block_1_58' title="bbox 468 5700 2056 5768">
    <p class='ocr_par' dir='ltr' id='par_1_58' title="bbox 468 5700 2056 5768">
     <span class='ocr_line' id='line_1_58' title="bbox 468 5700 2056 5768; baseline 0.013 -21"><span class='ocrx_word' id='word_1_434' title='bbox 468 5705 524 5748; x_wconf 92' lang='lat' dir='ltr'><strong>ct</strong></span> <span class='ocrx_word' id='word_1_435' title='bbox 565 5700 845 5757; x_wconf 83' lang='lat' dir='ltr'><strong>commode</strong></span> <span class='ocrx_word' id='word_1_436' title='bbox 889 5704 1052 5759; x_wconf 86' lang='lat' dir='ltr'><strong>vivat.</strong></span> <span class='ocrx_word' id='word_1_437' title='bbox 1084 5705 1213 5762; x_wconf 84' lang='lat' dir='ltr'><strong>Nam</strong></span> <span class='ocrx_word' id='word_1_438' title='bbox 1260 5708 1406 5764; x_wconf 77' lang='lat' dir='ltr'><strong>Dixit</strong></span> <span class='ocrx_word' id='word_1_439' title='bbox 1434 5709 1684 5767; x_wconf 82' lang='lat' dir='ltr'><strong>Dominus</strong></span> <span class='ocrx_word' id='word_1_440' title='bbox 1718 5711 1858 5768; x_wconf 85' lang='lat' dir='ltr'><strong>Deus</strong></span> <span class='ocrx_word' id='word_1_441' title='bbox 1883 5728 1902 5767; x_wconf 91' lang='lat'><strong><em>:</em></strong></span> <span class='ocrx_word' id='word_1_442' title='bbox 1932 5712 2056 5768; x_wconf 85' lang='lat' dir='ltr'><strong>Non</strong></span> 
     </span>
    </p>
   </div>
   <div class='ocr_carea' id='block_1_59' title="bbox 472 5855 2054 5957">
    <p class='ocr_par' dir='ltr' id='par_1_59' title="bbox 472 5855 2054 5957">
     <span class='ocr_line' id='line_1_59' title="bbox 472 5855 2054 5957; baseline 0.013 -56"><span class='ocrx_word' id='word_1_443' title='bbox 472 5855 858 5957; x_wconf 46' lang='lat' dir='ltr'><strong>bCL&#39;Hgvoces,</strong></span> <span class='ocrx_word' id='word_1_444' title='bbox 877 5865 924 5908; x_wconf 81' lang='lat' dir='ltr'><strong>et</strong></span> <span class='ocrx_word' id='word_1_445' title='bbox 942 5859 1133 5932; x_wconf 52' lang='lat' dir='ltr'><strong>caeteris</strong></span> <span class='ocrx_word' id='word_1_446' title='bbox 1161 5863 1281 5924; x_wconf 81' lang='lat' dir='ltr'><strong>frui,</strong></span> <span class='ocrx_word' id='word_1_447' title='bbox 1303 5864 1510 5917; x_wconf 85' lang='lat' dir='ltr'><strong>deerant</strong></span> <span class='ocrx_word' id='word_1_448' title='bbox 1554 5869 1604 5919; x_wconf 85' lang='lat' dir='ltr'><strong>in</strong></span> <span class='ocrx_word' id='word_1_449' title='bbox 1646 5868 1830 5933; x_wconf 66' lang='lat' dir='ltr'><strong>Morel,</strong></span> <span class='ocrx_word' id='word_1_450' title='bbox 1853 5868 1942 5921; x_wconf 88' lang='lat' dir='ltr'><strong>sed</strong></span> <span class='ocrx_word' id='word_1_451' title='bbox 1968 5869 2054 5920; x_wconf 77' lang='lat' dir='ltr'><strong>lia-</strong></span> 
     </span>
     <span class='ocr_line' id='line_1_60' title="bbox 573 5918 1340 5957; baseline 0 0"><span class='ocrx_word' id='word_1_452' title='bbox 573 5927 647 5957; x_wconf 79' lang='lat' dir='ltr'><strong>.nr</strong></span> <span class='ocrx_word' id='word_1_453' title='bbox 672 5931 717 5957; x_wconf 88' lang='lat' dir='ltr'><strong>In</strong></span> <span class='ocrx_word' id='word_1_454' title='bbox 736 5918 874 5957; x_wconf 62' lang='lat' dir='ltr'><strong>mu]-</strong></span> <span class='ocrx_word' id='word_1_455' title='bbox 902 5931 948 5957; x_wconf 73' lang='grc' dir='ltr'>οι</span> <span class='ocrx_word' id='word_1_456' title='bbox 977 5936 1023 5957; x_wconf 89' lang='lat' dir='ltr'><strong>m</strong></span> <span class='ocrx_word' id='word_1_457' title='bbox 1051 5935 1223 5957; x_wconf 75' lang='lat' dir='ltr'><strong>nmmm</strong></span> <span class='ocrx_word' id='word_1_458' title='bbox 1247 5932 1340 5957; x_wconf 68' lang='lat' dir='ltr'><strong>nec</strong></span> 
     </span>
    </p>
   </div>
   <div class='ocr_carea' id='block_1_60' title="bbox 506 5918 1357 5976">
    <p class='ocr_par' dir='ltr' id='par_1_60' title="bbox 506 5918 1357 5976">
     <span class='ocr_line' id='line_1_61' title="bbox 506 5918 1357 5976; baseline 0.02 -19"><span class='ocrx_word' id='word_1_459' title='bbox 506 5919 647 5965; x_wconf 79' lang='lat' dir='ltr'><strong>cntur</strong></span> <span class='ocrx_word' id='word_1_460' title='bbox 671 5919 718 5968; x_wconf 91' lang='lat' dir='ltr'><strong>in</strong></span> <span class='ocrx_word' id='word_1_461' title='bbox 736 5918 874 5969; x_wconf 79' lang='lat' dir='ltr'><strong>Savil.</strong></span> <span class='ocrx_word' id='word_1_462' title='bbox 902 5931 952 5972; x_wconf 89' lang='lat' dir='ltr'><strong>et</strong></span> <span class='ocrx_word' id='word_1_463' title='bbox 976 5922 1026 5972; x_wconf 88' lang='lat' dir='ltr'><strong>in</strong></span> <span class='ocrx_word' id='word_1_464' title='bbox 1050 5918 1225 5975; x_wconf 75' lang='lat' dir='ltr'><strong>novem</strong></span> <span class='ocrx_word' id='word_1_465' title='bbox 1247 5918 1357 5976; x_wconf 64' lang='lat' dir='ltr'><strong>Mss.</strong></span> 
     </span>
    </p>
   </div>
   <div class='ocr_carea' id='block_1_61' title="bbox 1179 447 3001 509">
    <p class='ocr_par' dir='ltr' id='par_1_61' title="bbox 1179 447 3001 509">
     <span class='ocr_line' id='line_1_62' title="bbox 1179 447 3001 509; baseline -0.001 -4"><span class='ocrx_word' id='word_1_466' title='bbox 1179 449 1236 506; x_wconf 88' lang='lat' dir='ltr'><strong>S.</strong></span> <span class='ocrx_word' id='word_1_467' title='bbox 1276 448 1554 507; x_wconf 80' lang='lat' dir='ltr'><strong>JOANNIS</strong></span> <span class='ocrx_word' id='word_1_468' title='bbox 1589 448 2068 509; x_wconf 70' lang='lat' dir='ltr'><strong>CIIRYSOSTOMI</strong></span> <span class='ocrx_word' id='word_1_469' title='bbox 2107 448 2425 507; x_wconf 75' lang='lat' dir='ltr'><strong>ARCHIEP.</strong></span> <span class='ocrx_word' id='word_1_470' title='bbox 2465 447 3001 509; x_wconf 79' lang='lat' dir='ltr'><strong>GONSTANTINOP.</strong></span> 
     </span>
    </p>
   </div>
   <div class='ocr_carea' id='block_1_62' title="bbox 3654 449 3753 505">
    <p class='ocr_par' dir='ltr' id='par_1_62' title="bbox 3654 449 3753 505">
     <span class='ocr_line' id='line_1_63' title="bbox 3654 449 3753 505; baseline 0.02 -3"><span class='ocrx_word' id='word_1_471' title='bbox 3654 449 3753 505; x_wconf 64' lang='lat' dir='ltr'><strong>lla</strong></span> 
     </span>
    </p>
   </div>
   <div class='ocr_carea' id='block_1_63' title="bbox 2134 559 3754 635">
    <p class='ocr_par' dir='ltr' id='par_1_63' title="bbox 2134 559 3754 635">
     <span class='ocr_line' id='line_1_64' title="bbox 2134 559 3754 635; baseline 0.001 -16"><span class='ocrx_word' id='word_1_472' title='bbox 2134 574 2205 619; x_wconf 86' lang='lat' dir='ltr'><strong>est</strong></span> <span class='ocrx_word' id='word_1_473' title='bbox 2233 563 2422 619; x_wconf 82' lang='lat' dir='ltr'><strong>bonum</strong></span> <span class='ocrx_word' id='word_1_474' title='bbox 2451 564 2706 619; x_wconf 78' lang='lat' dir='ltr'><strong>hominem</strong></span> <span class='ocrx_word' id='word_1_475' title='bbox 2750 579 2857 619; x_wconf 85' lang='lat' dir='ltr'><strong>esse</strong></span> <span class='ocrx_word' id='word_1_476' title='bbox 2890 564 3074 618; x_wconf 84' lang='lat' dir='ltr'><strong>solum.</strong></span> <span class='ocrx_word' id='word_1_477' title='bbox 3106 559 3382 616; x_wconf 79' lang='lat' dir='ltr'><strong>Faciamus</strong></span> <span class='ocrx_word' id='word_1_478' title='bbox 3426 560 3512 616; x_wconf 79' lang='lat' dir='ltr'><strong>illi</strong></span> <span class='ocrx_word' id='word_1_479' title='bbox 3539 562 3754 635; x_wconf 80' lang='lat' dir='ltr'><strong>adjuto-</strong></span> 
     </span>
    </p>
   </div>
   <div class='ocr_carea' id='block_1_64' title="bbox 2132 656 2734 712">
    <p class='ocr_par' dir='ltr' id='par_1_64' title="bbox 2132 656 2734 712">
     <span class='ocr_line' id='line_1_65' title="bbox 2132 656 2734 712; baseline -0.003 -1"><span class='ocrx_word' id='word_1_480' title='bbox 2132 674 2239 712; x_wconf 87' lang='lat' dir='ltr'><strong>rem</strong></span> <span class='ocrx_word' id='word_1_481' title='bbox 2264 656 2537 711; x_wconf 83' lang='lat' dir='ltr'><strong>secundum</strong></span> <span class='ocrx_word' id='word_1_482' title='bbox 2564 657 2734 711; x_wconf 85' lang='lat' dir='ltr'><strong>illum.</strong></span> 
     </span>
    </p>
   </div>
   <div class='ocr_carea' id='block_1_65' title="bbox 2216 742 3756 805">
    <p class='ocr_par' dir='ltr' id='par_1_65' title="bbox 2216 742 3756 805">
     <span class='ocr_line' id='line_1_66' title="bbox 2216 742 3756 805; baseline -0.001 -2"><span class='ocrx_word' id='word_1_483' title='bbox 2216 748 2329 804; x_wconf 74' lang='lat' dir='ltr'><strong>Vox</strong></span> <span class='ocrx_word' id='word_1_484' title='bbox 2357 750 2615 805; x_wconf 78' lang='lat' dir='ltr'><strong>iaciamus</strong></span> <span class='ocrx_word' id='word_1_485' title='bbox 2640 749 2722 803; x_wconf 85' lang='lat' dir='ltr'><strong>cui</strong></span> <span class='ocrx_word' id='word_1_486' title='bbox 2747 748 2952 803; x_wconf 77' lang='lat' dir='ltr'><strong>dicitur.</strong></span> <span class='ocrx_word' id='word_1_487' title='bbox 2983 778 3051 788; x_wconf 90' lang='lat'><strong>-</strong></span> <span class='ocrx_word' id='word_1_488' title='bbox 3073 745 3213 802; x_wconf 83' lang='lat' dir='ltr'><strong>Ecce</strong></span> <span class='ocrx_word' id='word_1_489' title='bbox 3239 747 3441 802; x_wconf 90' lang='lat' dir='ltr'><strong>iterum</strong></span> <span class='ocrx_word' id='word_1_490' title='bbox 3464 745 3637 802; x_wconf 79' lang='lat' dir='ltr'><strong>etiam</strong></span> <span class='ocrx_word' id='word_1_491' title='bbox 3669 742 3756 802; x_wconf 83' lang='lat' dir='ltr'><strong>hic</strong></span> 
     </span>
    </p>
   </div>
   <div class='ocr_carea' id='block_1_66' title="bbox 2136 835 3761 910">
    <p class='ocr_par' dir='ltr' id='par_1_66' title="bbox 2136 835 3761 910">
     <span class='ocr_line' id='line_1_67' title="bbox 2136 835 3761 910; baseline -0.001 -15"><span class='ocrx_word' id='word_1_492' title='bbox 2136 840 2299 906; x_wconf 88' lang='lat' dir='ltr'><strong>dicit,</strong></span> <span class='ocrx_word' id='word_1_493' title='bbox 2333 840 2630 896; x_wconf 85' lang='lat' dir='ltr'><strong>Faciamus.</strong></span> <span class='ocrx_word' id='word_1_494' title='bbox 2669 841 2820 896; x_wconf 90' lang='lat' dir='ltr'><strong>Sicut</strong></span> <span class='ocrx_word' id='word_1_495' title='bbox 2857 840 3000 895; x_wconf 89' lang='lat' dir='ltr'><strong>enim</strong></span> <span class='ocrx_word' id='word_1_496' title='bbox 3046 840 3099 895; x_wconf 91' lang='lat' dir='ltr'><strong>in</strong></span> <span class='ocrx_word' id='word_1_497' title='bbox 3130 837 3400 910; x_wconf 85' lang='lat' dir='ltr'><strong>principio</strong></span> <span class='ocrx_word' id='word_1_498' title='bbox 3429 838 3505 893; x_wconf 89' lang='lat' dir='ltr'><strong>de</strong></span> <span class='ocrx_word' id='word_1_499' title='bbox 3534 835 3761 893; x_wconf 82' lang='lat' dir='ltr'><strong>homine</strong></span> 
     </span>
    </p>
   </div>
   <div class='ocr_carea' id='block_1_67' title="bbox 2137 929 3755 998">
    <p class='ocr_par' dir='ltr' id='par_1_67' title="bbox 2137 929 3755 998">
     <span class='ocr_line' id='line_1_68' title="bbox 2137 929 3755 998; baseline -0.001 -13"><span class='ocrx_word' id='word_1_500' title='bbox 2137 931 2421 987; x_wconf 78' lang='lat' dir='ltr'><strong>formando</strong></span> <span class='ocrx_word' id='word_1_501' title='bbox 2448 932 2679 998; x_wconf 86' lang='lat' dir='ltr'><strong>dicebat,</strong></span> <span class='ocrx_word' id='word_1_502' title='bbox 2714 931 2991 985; x_wconf 74' lang='lat' dir='ltr'><strong>Faciamus</strong></span> <span class='ocrx_word' id='word_1_503' title='bbox 3020 930 3270 986; x_wconf 83' lang='lat' dir='ltr'><strong>hominem</strong></span> <span class='ocrx_word' id='word_1_504' title='bbox 3296 929 3592 985; x_wconf 81' lang='lat' dir='ltr'><strong>secundum</strong></span> <span class='ocrx_word' id='word_1_505' title='bbox 3621 930 3755 983; x_wconf 89' lang='lat' dir='ltr'><strong>ima-</strong></span> 
     </span>
    </p>
   </div>
   <div class='ocr_carea' id='block_1_68' title="bbox 2139 1020 3749 1097">
    <p class='ocr_par' dir='ltr' id='par_1_68' title="bbox 2139 1020 3749 1097">
     <span class='ocr_line' id='line_1_69' title="bbox 2139 1020 3749 1097; baseline -0.001 -19"><span class='ocrx_word' id='word_1_506' title='bbox 2139 1026 2306 1097; x_wconf 87' lang='lat' dir='ltr'><strong>ginem</strong></span> <span class='ocrx_word' id='word_1_507' title='bbox 2332 1033 2555 1079; x_wconf 87' lang='lat' dir='ltr'><strong>nostram</strong></span> <span class='ocrx_word' id='word_1_508' title='bbox 2582 1033 2630 1079; x_wconf 81' lang='lat' dir='ltr'><strong>et</strong></span> <span class='ocrx_word' id='word_1_509' title='bbox 2656 1023 2930 1080; x_wconf 85' lang='lat' dir='ltr'><strong>secundum</strong></span> <span class='ocrx_word' id='word_1_510' title='bbox 2948 1022 3328 1077; x_wconf 84' lang='lat' dir='ltr'><strong>similitudinem</strong></span> <span class='ocrx_word' id='word_1_511' title='bbox 3358 1037 3380 1075; x_wconf 90' lang='lat'><strong><em>:</em></strong></span> <span class='ocrx_word' id='word_1_512' title='bbox 3413 1020 3491 1076; x_wconf 89' lang='lat' dir='ltr'><strong>ita</strong></span> <span class='ocrx_word' id='word_1_513' title='bbox 3521 1031 3575 1075; x_wconf 88' lang='lat' dir='ltr'><strong>et</strong></span> <span class='ocrx_word' id='word_1_514' title='bbox 3604 1036 3749 1076; x_wconf 87' lang='lat' dir='ltr'><strong>nunc</strong></span> 
     </span>
    </p>
   </div>
   <div class='ocr_carea' id='block_1_69' title="bbox 2140 1109 3758 1183">
    <p class='ocr_par' dir='ltr' id='par_1_69' title="bbox 2140 1109 3758 1183">
     <span class='ocr_line' id='line_1_70' title="bbox 2140 1109 3758 1183; baseline -0.002 -13"><span class='ocrx_word' id='word_1_515' title='bbox 2140 1116 2415 1171; x_wconf 88' lang='lat' dir='ltr'><strong>mulierem</strong></span> <span class='ocrx_word' id='word_1_516' title='bbox 2440 1113 2787 1179; x_wconf 85' lang='lat' dir='ltr'><strong>l&#39;ormaturus,</strong></span> <span class='ocrx_word' id='word_1_517' title='bbox 2815 1114 3005 1170; x_wconf 87' lang='lat' dir='ltr'><strong>eodem</strong></span> <span class='ocrx_word' id='word_1_518' title='bbox 3033 1112 3195 1168; x_wconf 89' lang='lat' dir='ltr'><strong>verbo</strong></span> <span class='ocrx_word' id='word_1_519' title='bbox 3225 1112 3416 1177; x_wconf 92' lang='lat' dir='ltr'><strong>utitur,</strong></span> <span class='ocrx_word' id='word_1_520' title='bbox 3453 1122 3510 1166; x_wconf 91' lang='lat' dir='ltr'><strong>et</strong></span> <span class='ocrx_word' id='word_1_521' title='bbox 3538 1109 3713 1183; x_wconf 74' lang='lat' dir='ltr'><strong>inquit</strong></span> <span class='ocrx_word' id='word_1_522' title='bbox 3742 1127 3758 1172; x_wconf 87' lang='lat'><strong>:</strong></span> 
     </span>
    </p>
   </div>
   <div class='ocr_carea' id='block_1_70' title="bbox 2143 1203 3757 1273">
    <p class='ocr_par' dir='ltr' id='par_1_70' title="bbox 2143 1203 3757 1273">
     <span class='ocr_line' id='line_1_71' title="bbox 2143 1203 3757 1273; baseline -0.003 -10"><span class='ocrx_word' id='word_1_523' title='bbox 2143 1207 2437 1263; x_wconf 81' lang='lat' dir='ltr'><strong>Faciamus.</strong></span> <span class='ocrx_word' id='word_1_524' title='bbox 2468 1208 2565 1261; x_wconf 88' lang='lat' dir='ltr'><strong>Cui</strong></span> <span class='ocrx_word' id='word_1_525' title='bbox 2598 1207 2699 1263; x_wconf 90' lang='lat' dir='ltr'><strong>hoc</strong></span> <span class='ocrx_word' id='word_1_526' title='bbox 2717 1205 2883 1262; x_wconf 86' lang='lat' dir='ltr'><strong>dicit?</strong></span> <span class='ocrx_word' id='word_1_527' title='bbox 2908 1205 3025 1261; x_wconf 86' lang='lat' dir='ltr'><strong>Non</strong></span> <span class='ocrx_word' id='word_1_528' title='bbox 3052 1215 3246 1262; x_wconf 81' lang='lat' dir='ltr'><strong>creata:</strong></span> <span class='ocrx_word' id='word_1_529' title='bbox 3275 1204 3438 1259; x_wconf 88' lang='lat' dir='ltr'><strong>alicui</strong></span> <span class='ocrx_word' id='word_1_530' title='bbox 3467 1203 3757 1273; x_wconf 60' lang='lat' dir='ltr'><strong>potentia,</strong></span> 
     </span>
    </p>
   </div>
   <div class='ocr_carea' id='block_1_71' title="bbox 2141 1295 3754 1371">
    <p class='ocr_par' dir='ltr' id='par_1_71' title="bbox 2141 1295 3754 1371">
     <span class='ocr_line' id='line_1_72' title="bbox 2141 1295 3754 1371; baseline -0.003 -16"><span class='ocrx_word' id='word_1_531' title='bbox 2141 1299 2311 1355; x_wconf 87' lang='lat' dir='ltr'><strong>sedci</strong></span> <span class='ocrx_word' id='word_1_532' title='bbox 2353 1301 2442 1371; x_wconf 91' lang='lat' dir='ltr'><strong>qui</strong></span> <span class='ocrx_word' id='word_1_533' title='bbox 2490 1315 2558 1354; x_wconf 80' lang='lat' dir='ltr'><strong>ex</strong></span> <span class='ocrx_word' id='word_1_534' title='bbox 2600 1313 2661 1355; x_wconf 90' lang='lat' dir='ltr'><strong>se</strong></span> <span class='ocrx_word' id='word_1_535' title='bbox 2707 1308 2864 1353; x_wconf 87' lang='lat' dir='ltr'><strong>natus</strong></span> <span class='ocrx_word' id='word_1_536' title='bbox 2910 1306 3012 1362; x_wconf 90' lang='lat' dir='ltr'><strong>cst,</strong></span> <span class='ocrx_word' id='word_1_537' title='bbox 3062 1296 3370 1351; x_wconf 86' lang='lat' dir='ltr'><strong>consiliario</strong></span> <span class='ocrx_word' id='word_1_538' title='bbox 3417 1295 3754 1361; x_wconf 84' lang='lat' dir='ltr'><strong>admirabili,</strong></span> 
     </span>
    </p>
   </div>
   <div class='ocr_carea' id='block_1_72' title="bbox 2143 1383 3759 1461">
    <p class='ocr_par' dir='ltr' id='par_1_72' title="bbox 2143 1383 3759 1461">
     <span class='ocr_line' id='line_1_73' title="bbox 2143 1383 3759 1461; baseline -0.004 -17"><span class='ocrx_word' id='word_1_539' title='bbox 2143 1390 2370 1460; x_wconf 91' lang='lat' dir='ltr'><strong>potenti,</strong></span> <span class='ocrx_word' id='word_1_540' title='bbox 2418 1389 2643 1461; x_wconf 91' lang='lat' dir='ltr'><strong>principi</strong></span> <span class='ocrx_word' id='word_1_541' title='bbox 2683 1390 2831 1460; x_wconf 88' lang='lat' dir='ltr'><strong>pacis</strong></span> <span class='ocrx_word' id='word_1_542' title='bbox 2863 1386 3018 1461; x_wconf 86' lang='lat' dir='ltr'><strong>(lsai.</strong></span> <span class='ocrx_word' id='word_1_543' title='bbox 3065 1387 3120 1443; x_wconf 92' lang='lat'><strong>9.</strong></span> <span class='ocrx_word' id='word_1_544' title='bbox 3166 1386 3244 1457; x_wconf 77' lang='lat'><strong>6),</strong></span> <span class='ocrx_word' id='word_1_545' title='bbox 3288 1385 3581 1456; x_wconf 78' lang='lat' dir='ltr'><strong>unigenito</strong></span> <span class='ocrx_word' id='word_1_546' title='bbox 3623 1383 3759 1439; x_wconf 86' lang='lat' dir='ltr'><strong>Filio</strong></span> 
     </span>
    </p>
   </div>
   <div class='ocr_carea' id='block_1_73' title="bbox 2143 1475 3758 1546">
    <p class='ocr_par' dir='ltr' id='par_1_73' title="bbox 2143 1475 3758 1546">
     <span class='ocr_line' id='line_1_74' title="bbox 2143 1475 3758 1546; baseline -0.003 -10"><span class='ocrx_word' id='word_1_547' title='bbox 2143 1495 2265 1536; x_wconf 92' lang='lat' dir='ltr'><strong>suo.</strong></span> <span class='ocrx_word' id='word_1_548' title='bbox 2312 1480 2378 1535; x_wconf 86' lang='lat' dir='ltr'><strong>Et</strong></span> <span class='ocrx_word' id='word_1_549' title='bbox 2409 1491 2466 1535; x_wconf 91' lang='lat' dir='ltr'><strong>ut</strong></span> <span class='ocrx_word' id='word_1_550' title='bbox 2496 1481 2659 1536; x_wconf 90' lang='lat' dir='ltr'><strong>sciret</strong></span> <span class='ocrx_word' id='word_1_551' title='bbox 2683 1481 2878 1545; x_wconf 83' lang='lat' dir='ltr'><strong>Adam,</strong></span> <span class='ocrx_word' id='word_1_552' title='bbox 2905 1477 3105 1533; x_wconf 90' lang='lat' dir='ltr'><strong>animal</strong></span> <span class='ocrx_word' id='word_1_553' title='bbox 3134 1476 3480 1533; x_wconf 81' lang='lat' dir='ltr'><strong>formandum</strong></span> <span class='ocrx_word' id='word_1_554' title='bbox 3531 1475 3758 1546; x_wconf 55' lang='lat' dir='ltr'><strong>aequalis</strong></span> 
     </span>
    </p>
   </div>
   <div class='ocr_carea' id='block_1_74' title="bbox 2143 1566 3759 1644">
    <p class='ocr_par' dir='ltr' id='par_1_74' title="bbox 2143 1566 3759 1644">
     <span class='ocr_line' id='line_1_75' title="bbox 2143 1566 3759 1644; baseline -0.004 -16"><span class='ocrx_word' id='word_1_555' title='bbox 2143 1589 2266 1629; x_wconf 93' lang='lat' dir='ltr'><strong>cum</strong></span> <span class='ocrx_word' id='word_1_556' title='bbox 2312 1573 2427 1642; x_wconf 90' lang='lat' dir='ltr'><strong>ipso</strong></span> <span class='ocrx_word' id='word_1_557' title='bbox 2454 1572 2726 1644; x_wconf 76' lang='lat' dir='ltr'><strong>dignitatis</strong></span> <span class='ocrx_word' id='word_1_558' title='bbox 2770 1571 2904 1638; x_wconf 86' lang='lat' dir='ltr'><strong>lore,</strong></span> <span class='ocrx_word' id='word_1_559' title='bbox 2950 1569 3151 1625; x_wconf 88' lang='lat' dir='ltr'><strong>idcirco</strong></span> <span class='ocrx_word' id='word_1_560' title='bbox 3192 1566 3664 1641; x_wconf 86' lang='lat' dir='ltr'><strong>quemadmodum</strong></span> <span class='ocrx_word' id='word_1_561' title='bbox 3690 1567 3759 1623; x_wconf 92' lang='lat' dir='ltr'><strong>de</strong></span> 
     </span>
    </p>
   </div>
   <div class='ocr_carea' id='block_1_75' title="bbox 2146 1656 3756 1736">
    <p class='ocr_par' dir='ltr' id='par_1_75' title="bbox 2146 1656 3756 1736">
     <span class='ocr_line' id='line_1_76' title="bbox 2146 1656 3756 1736; baseline -0.005 -16"><span class='ocrx_word' id='word_1_562' title='bbox 2146 1665 2263 1736; x_wconf 87' lang='lat' dir='ltr'><strong>ipso</strong></span> <span class='ocrx_word' id='word_1_563' title='bbox 2288 1664 2517 1732; x_wconf 88' lang='lat' dir='ltr'><strong>dicebat,</strong></span> <span class='ocrx_word' id='word_1_564' title='bbox 2557 1661 2853 1728; x_wconf 87' lang='lat' dir='ltr'><strong>Faciamus,</strong></span> <span class='ocrx_word' id='word_1_565' title='bbox 2880 1661 2959 1717; x_wconf 90' lang='lat' dir='ltr'><strong>sic</strong></span> <span class='ocrx_word' id='word_1_566' title='bbox 2991 1669 3046 1716; x_wconf 89' lang='lat' dir='ltr'><strong>et</strong></span> <span class='ocrx_word' id='word_1_567' title='bbox 3074 1674 3216 1716; x_wconf 91' lang='lat' dir='ltr'><strong>nunc</strong></span> <span class='ocrx_word' id='word_1_568' title='bbox 3252 1659 3393 1714; x_wconf 76' lang='lat' dir='ltr'><strong>dixit</strong></span> <span class='ocrx_word' id='word_1_569' title='bbox 3425 1676 3439 1711; x_wconf 93' lang='lat'>:</span> <span class='ocrx_word' id='word_1_570' title='bbox 3470 1656 3756 1712; x_wconf 72' lang='lat' dir='ltr'><strong>Faciamus</strong></span> 
     </span>
    </p>
   </div>
   <div class='ocr_carea' id='block_1_76' title="bbox 2146 1750 3761 1828">
    <p class='ocr_par' dir='ltr' id='par_1_76' title="bbox 2146 1750 3761 1828">
     <span class='ocr_line' id='line_1_77' title="bbox 2146 1750 3761 1828; baseline -0.002 -19"><span class='ocrx_word' id='word_1_571' title='bbox 2146 1757 2430 1828; x_wconf 84' lang='lat' dir='ltr'><strong>adjatorem</strong></span> <span class='ocrx_word' id='word_1_572' title='bbox 2468 1754 2745 1809; x_wconf 83' lang='lat' dir='ltr'><strong>secundum</strong></span> <span class='ocrx_word' id='word_1_573' title='bbox 2782 1754 2947 1808; x_wconf 83' lang='lat' dir='ltr'><strong>illum.</strong></span> <span class='ocrx_word' id='word_1_574' title='bbox 2982 1751 3279 1821; x_wconf 87' lang='lat' dir='ltr'><strong>Utrumque</strong></span> <span class='ocrx_word' id='word_1_575' title='bbox 3323 1750 3562 1805; x_wconf 87' lang='lat' dir='ltr'><strong>multum</strong></span> <span class='ocrx_word' id='word_1_576' title='bbox 3598 1750 3761 1805; x_wconf 90' lang='lat' dir='ltr'><strong>habet</strong></span> 
     </span>
    </p>
   </div>
   <div class='ocr_carea' id='block_1_77' title="bbox 2149 1841 3757 1920">
    <p class='ocr_par' dir='ltr' id='par_1_77' title="bbox 2149 1841 3757 1920">
     <span class='ocr_line' id='line_1_78' title="bbox 2149 1841 3757 1920; baseline -0.005 -17"><span class='ocrx_word' id='word_1_577' title='bbox 2149 1848 2423 1920; x_wconf 83' lang='lat' dir='ltr'><strong>ponderis,</strong></span> <span class='ocrx_word' id='word_1_578' title='bbox 2453 1857 2564 1903; x_wconf 86' lang='lat' dir='ltr'><strong>tum</strong></span> <span class='ocrx_word' id='word_1_579' title='bbox 2590 1845 2732 1918; x_wconf 89' lang='lat' dir='ltr'><strong>quod</strong></span> <span class='ocrx_word' id='word_1_580' title='bbox 2780 1845 2874 1910; x_wconf 90' lang='lat' dir='ltr'><strong>ait,</strong></span> <span class='ocrx_word' id='word_1_581' title='bbox 2907 1845 3225 1916; x_wconf 78' lang='lat' dir='ltr'><strong>Adjutorem,</strong></span> <span class='ocrx_word' id='word_1_582' title='bbox 3255 1852 3365 1897; x_wconf 89' lang='lat' dir='ltr'><strong>tum</strong></span> <span class='ocrx_word' id='word_1_583' title='bbox 3399 1841 3552 1912; x_wconf 91' lang='lat' dir='ltr'><strong>quod</strong></span> <span class='ocrx_word' id='word_1_584' title='bbox 3584 1841 3757 1904; x_wconf 86' lang='lat' dir='ltr'><strong>addit,</strong></span> 
     </span>
    </p>
   </div>
   <div class='ocr_carea' id='block_1_78' title="bbox 2151 1934 3757 2008">
    <p class='ocr_par' dir='ltr' id='par_1_78' title="bbox 2151 1934 3757 2008">
     <span class='ocr_line' id='line_1_79' title="bbox 2151 1934 3757 2008; baseline -0.005 -11"><span class='ocrx_word' id='word_1_585' title='bbox 2151 1941 2444 1998; x_wconf 82' lang='lat' dir='ltr'><strong>Secundum</strong></span> <span class='ocrx_word' id='word_1_586' title='bbox 2473 1941 2641 1995; x_wconf 87' lang='lat' dir='ltr'><strong>illum.</strong></span> <span class='ocrx_word' id='word_1_587' title='bbox 2667 1938 2822 2005; x_wconf 81' lang='lat' dir='ltr'><strong>Nolo,</strong></span> <span class='ocrx_word' id='word_1_588' title='bbox 2855 1938 3048 2008; x_wconf 81' lang='lat' dir='ltr'><strong>inquit,</strong></span> <span class='ocrx_word' id='word_1_589' title='bbox 3082 1937 3231 1991; x_wconf 88' lang='lat' dir='ltr'><strong>illum</strong></span> <span class='ocrx_word' id='word_1_590' title='bbox 3277 1935 3457 1990; x_wconf 87' lang='lat' dir='ltr'><strong>solum</strong></span> <span class='ocrx_word' id='word_1_591' title='bbox 3486 1948 3635 2001; x_wconf 87' lang='lat' dir='ltr'><strong>csse,</strong></span> <span class='ocrx_word' id='word_1_592' title='bbox 3662 1934 3757 1989; x_wconf 85' lang='lat' dir='ltr'><strong>sed</strong></span> 
     </span>
    </p>
   </div>
   <div class='ocr_carea' id='block_1_79' title="bbox 2152 2027 3761 2097">
    <p class='ocr_par' dir='ltr' id='par_1_79' title="bbox 2152 2027 3761 2097">
     <span class='ocr_line' id='line_1_80' title="bbox 2152 2027 3761 2097; baseline -0.004 -10"><span class='ocrx_word' id='word_1_593' title='bbox 2152 2032 2347 2089; x_wconf 87' lang='lat' dir='ltr'><strong>habere</strong></span> <span class='ocrx_word' id='word_1_594' title='bbox 2364 2048 2428 2088; x_wconf 71' lang='lat' dir='ltr'><strong>et</strong></span> <span class='ocrx_word' id='word_1_595' title='bbox 2457 2031 2811 2088; x_wconf 84' lang='lat' dir='ltr'><strong>contubernio</strong></span> <span class='ocrx_word' id='word_1_596' title='bbox 2829 2028 3252 2085; x_wconf 87' lang='lat' dir='ltr'><strong>consolationem</strong></span> <span class='ocrx_word' id='word_1_597' title='bbox 3282 2027 3548 2097; x_wconf 84' lang='lat' dir='ltr'><strong>aliquam,</strong></span> <span class='ocrx_word' id='word_1_598' title='bbox 3584 2040 3761 2096; x_wconf 87' lang='lat' dir='ltr'><strong>neque</strong></span> 
     </span>
    </p>
   </div>
   <div class='ocr_carea' id='block_1_80' title="bbox 2151 2117 3758 2192">
    <p class='ocr_par' dir='ltr' id='par_1_80' title="bbox 2151 2117 3758 2192">
     <span class='ocr_line' id='line_1_81' title="bbox 2151 2117 3758 2192; baseline -0.006 -13"><span class='ocrx_word' id='word_1_599' title='bbox 2151 2124 2254 2180; x_wconf 90' lang='lat' dir='ltr'><strong>hoc</strong></span> <span class='ocrx_word' id='word_1_600' title='bbox 2301 2124 2499 2187; x_wconf 87' lang='lat' dir='ltr'><strong>solum,</strong></span> <span class='ocrx_word' id='word_1_601' title='bbox 2548 2122 2644 2179; x_wconf 88' lang='lat' dir='ltr'><strong>sed</strong></span> <span class='ocrx_word' id='word_1_602' title='bbox 2679 2120 3055 2192; x_wconf 88' lang='lat' dir='ltr'><strong>producendus</strong></span> <span class='ocrx_word' id='word_1_603' title='bbox 3087 2128 3171 2175; x_wconf 89' lang='lat' dir='ltr'><strong>est</strong></span> <span class='ocrx_word' id='word_1_604' title='bbox 3213 2118 3432 2189; x_wconf 86' lang='lat' dir='ltr'><strong>adjutor</strong></span> <span class='ocrx_word' id='word_1_605' title='bbox 3474 2117 3580 2187; x_wconf 81' lang='lat' dir='ltr'><strong>ipsi</strong></span> <span class='ocrx_word' id='word_1_606' title='bbox 3623 2131 3758 2171; x_wconf 90' lang='lat' dir='ltr'><strong>con-</strong></span> 
     </span>
    </p>
   </div>
   <div class='ocr_carea' id='block_1_81' title="bbox 2150 2207 3758 2288">
    <p class='ocr_par' dir='ltr' id='par_1_81' title="bbox 2150 2207 3758 2288">
     <span class='ocr_line' id='line_1_82' title="bbox 2150 2207 3758 2288; baseline -0.006 -17"><span class='ocrx_word' id='word_1_607' title='bbox 2150 2231 2387 2288; x_wconf 88' lang='lat' dir='ltr'><strong>gruens;</strong></span> <span class='ocrx_word' id='word_1_608' title='bbox 2416 2215 2696 2270; x_wconf 86' lang='lat' dir='ltr'><strong>mulierem</strong></span> <span class='ocrx_word' id='word_1_609' title='bbox 2739 2212 3037 2268; x_wconf 90' lang='lat' dir='ltr'><strong>insinuans.</strong></span> <span class='ocrx_word' id='word_1_610' title='bbox 3072 2210 3365 2280; x_wconf 87' lang='lat' dir='ltr'><strong>Propterea</strong></span> <span class='ocrx_word' id='word_1_611' title='bbox 3407 2223 3537 2265; x_wconf 90' lang='lat' dir='ltr'><strong>cum</strong></span> <span class='ocrx_word' id='word_1_612' title='bbox 3584 2207 3758 2262; x_wconf 81' lang='lat' dir='ltr'><strong>dixis-</strong></span> 
     </span>
    </p>
   </div>
   <div class='ocr_carea' id='block_1_82' title="bbox 2152 2300 3755 2377">
    <p class='ocr_par' dir='ltr' id='par_1_82' title="bbox 2152 2300 3755 2377">
     <span class='ocr_line' id='line_1_83' title="bbox 2152 2300 3755 2377; baseline -0.009 -12"><span class='ocrx_word' id='word_1_613' title='bbox 2152 2320 2232 2365; x_wconf 85' lang='lat' dir='ltr'><strong>set</strong></span> <span class='ocrx_word' id='word_1_614' title='bbox 2267 2326 2280 2362; x_wconf 90' lang='lat'><strong>:</strong></span> <span class='ocrx_word' id='word_1_615' title='bbox 2311 2306 2585 2363; x_wconf 84' lang='lat' dir='ltr'><strong>Faciamus</strong></span> <span class='ocrx_word' id='word_1_616' title='bbox 2609 2306 2687 2361; x_wconf 88' lang='lat' dir='ltr'><strong>illi</strong></span> <span class='ocrx_word' id='word_1_617' title='bbox 2716 2305 3024 2377; x_wconf 74' lang='lat' dir='ltr'><strong>adjutorem,</strong></span> <span class='ocrx_word' id='word_1_618' title='bbox 3053 2301 3221 2366; x_wconf 87' lang='lat' dir='ltr'><strong>addit,</strong></span> <span class='ocrx_word' id='word_1_619' title='bbox 3256 2300 3561 2357; x_wconf 84' lang='lat' dir='ltr'><strong>Secundum</strong></span> <span class='ocrx_word' id='word_1_620' title='bbox 3588 2300 3755 2365; x_wconf 82' lang='lat' dir='ltr'><strong>illum,</strong></span> 
     </span>
    </p>
   </div>
   <div class='ocr_carea' id='block_1_83' title="bbox 2155 2392 3759 2461">
    <p class='ocr_par' dir='ltr' id='par_1_83' title="bbox 2155 2392 3759 2461">
     <span class='ocr_line' id='line_1_84' title="bbox 2155 2392 3759 2461; baseline -0.008 -3"><span class='ocrx_word' id='word_1_621' title='bbox 2155 2411 2213 2459; x_wconf 90' lang='lat' dir='ltr'><strong>ut</strong></span> <span class='ocrx_word' id='word_1_622' title='bbox 2237 2417 2358 2458; x_wconf 89' lang='lat' dir='ltr'><strong>cum</strong></span> <span class='ocrx_word' id='word_1_623' title='bbox 2389 2399 2590 2456; x_wconf 88' lang='lat' dir='ltr'><strong>videris</strong></span> <span class='ocrx_word' id='word_1_624' title='bbox 2624 2398 2805 2455; x_wconf 89' lang='lat' dir='ltr'><strong>statim</strong></span> <span class='ocrx_word' id='word_1_625' title='bbox 2833 2396 3025 2453; x_wconf 88' lang='lat' dir='ltr'><strong>adduci</strong></span> <span class='ocrx_word' id='word_1_626' title='bbox 3056 2396 3277 2461; x_wconf 87' lang='lat' dir='ltr'><strong>bestias,</strong></span> <span class='ocrx_word' id='word_1_627' title='bbox 3305 2403 3363 2449; x_wconf 92' lang='lat' dir='ltr'><strong>et</strong></span> <span class='ocrx_word' id='word_1_628' title='bbox 3392 2393 3581 2449; x_wconf 87' lang='lat' dir='ltr'><strong>omnia</strong></span> <span class='ocrx_word' id='word_1_629' title='bbox 3607 2392 3759 2448; x_wconf 64' lang='lat' dir='ltr'><strong>troia-</strong></span> 
     </span>
    </p>
   </div>
   <div class='ocr_carea' id='block_1_84' title="bbox 2153 2485 3758 2564">
    <p class='ocr_par' dir='ltr' id='par_1_84' title="bbox 2153 2485 3758 2564">
     <span class='ocr_line' id='line_1_85' title="bbox 2153 2485 3758 2564; baseline -0.007 -13"><span class='ocrx_word' id='word_1_630' title='bbox 2153 2497 2266 2551; x_wconf 91' lang='lat' dir='ltr'><strong>tilia</strong></span> <span class='ocrx_word' id='word_1_631' title='bbox 2300 2495 2439 2562; x_wconf 71' lang='lat' dir='ltr'><strong>cteli,</strong></span> <span class='ocrx_word' id='word_1_632' title='bbox 2488 2510 2556 2550; x_wconf 88' lang='lat' dir='ltr'><strong>ne</strong></span> <span class='ocrx_word' id='word_1_633' title='bbox 2597 2503 2753 2564; x_wconf 89' lang='lat' dir='ltr'><strong>putes</strong></span> <span class='ocrx_word' id='word_1_634' title='bbox 2781 2491 2849 2547; x_wconf 92' lang='lat' dir='ltr'><strong>de</strong></span> <span class='ocrx_word' id='word_1_635' title='bbox 2892 2490 3001 2545; x_wconf 91' lang='lat' dir='ltr'><strong>illis</strong></span> <span class='ocrx_word' id='word_1_636' title='bbox 3047 2503 3169 2544; x_wconf 90' lang='lat' dir='ltr'><strong>esse</strong></span> <span class='ocrx_word' id='word_1_637' title='bbox 3206 2488 3434 2544; x_wconf 87' lang='lat' dir='ltr'><strong>dicunn.</strong></span> <span class='ocrx_word' id='word_1_638' title='bbox 3465 2485 3605 2541; x_wconf 86' lang='lat' dir='ltr'><strong>Nam</strong></span> <span class='ocrx_word' id='word_1_639' title='bbox 3636 2485 3758 2541; x_wconf 88' lang='lat' dir='ltr'><strong>licet</strong></span> 
     </span>
    </p>
   </div>
   <div class='ocr_carea' id='block_1_85' title="bbox 2155 2578 3757 2653">
    <p class='ocr_par' dir='ltr' id='par_1_85' title="bbox 2155 2578 3757 2653">
     <span class='ocr_line' id='line_1_86' title="bbox 2155 2578 3757 2653; baseline -0.007 -9"><span class='ocrx_word' id='word_1_640' title='bbox 2155 2589 2320 2644; x_wconf 90' lang='lat' dir='ltr'><strong>multa</strong></span> <span class='ocrx_word' id='word_1_641' title='bbox 2348 2587 2733 2644; x_wconf 87' lang='lat' dir='ltr'><strong>irrationabilia</strong></span> <span class='ocrx_word' id='word_1_642' title='bbox 2774 2584 3064 2640; x_wconf 88' lang='lat' dir='ltr'><strong>animantia</strong></span> <span class='ocrx_word' id='word_1_643' title='bbox 3093 2582 3349 2653; x_wconf 72' lang='lat' dir='ltr'><strong>adiuvent</strong></span> <span class='ocrx_word' id='word_1_644' title='bbox 3398 2582 3555 2636; x_wconf 88' lang='lat' dir='ltr'><strong>illum</strong></span> <span class='ocrx_word' id='word_1_645' title='bbox 3598 2580 3650 2634; x_wconf 93' lang='lat' dir='ltr'><strong>in</strong></span> <span class='ocrx_word' id='word_1_646' title='bbox 3681 2578 3757 2634; x_wconf 78' lang='lat' dir='ltr'><strong>la-</strong></span> 
     </span>
    </p>
   </div>
   <div class='ocr_carea' id='block_1_86' title="bbox 2154 2672 3748 2749">
    <p class='ocr_par' dir='ltr' id='par_1_86' title="bbox 2154 2672 3748 2749">
     <span class='ocr_line' id='line_1_87' title="bbox 2154 2672 3748 2749; baseline -0.009 -9"><span class='ocrx_word' id='word_1_647' title='bbox 2154 2684 2374 2740; x_wconf 89' lang='lat' dir='ltr'><strong>boribus</strong></span> <span class='ocrx_word' id='word_1_648' title='bbox 2402 2682 2537 2748; x_wconf 90' lang='lat' dir='ltr'><strong>suis,</strong></span> <span class='ocrx_word' id='word_1_649' title='bbox 2570 2681 2775 2737; x_wconf 89' lang='lat' dir='ltr'><strong>nullum</strong></span> <span class='ocrx_word' id='word_1_650' title='bbox 2802 2689 2979 2734; x_wconf 85' lang='lat' dir='ltr'><strong>tamen</strong></span> <span class='ocrx_word' id='word_1_651' title='bbox 3005 2692 3103 2749; x_wconf 91' lang='lat' dir='ltr'><strong>par</strong></span> <span class='ocrx_word' id='word_1_652' title='bbox 3129 2685 3212 2732; x_wconf 91' lang='lat' dir='ltr'><strong>est</strong></span> <span class='ocrx_word' id='word_1_653' title='bbox 3236 2675 3489 2731; x_wconf 86' lang='lat' dir='ltr'><strong>rationali</strong></span> <span class='ocrx_word' id='word_1_654' title='bbox 3520 2672 3748 2729; x_wconf 89' lang='lat' dir='ltr'><strong>mulieri.</strong></span> 
     </span>
    </p>
   </div>
   <div class='ocr_carea' id='block_1_87' title="bbox 2155 2765 3755 2842">
    <p class='ocr_par' dir='ltr' id='par_1_87' title="bbox 2155 2765 3755 2842">
     <span class='ocr_line' id='line_1_88' title="bbox 2155 2765 3755 2842; baseline -0.009 -9"><span class='ocrx_word' id='word_1_655' title='bbox 2155 2775 2309 2833; x_wconf 84' lang='lat' dir='ltr'><strong>Unde</strong></span> <span class='ocrx_word' id='word_1_656' title='bbox 2333 2790 2455 2831; x_wconf 89' lang='lat' dir='ltr'><strong>cum</strong></span> <span class='ocrx_word' id='word_1_657' title='bbox 2487 2773 2730 2838; x_wconf 74' lang='lat' dir='ltr'><strong>dixisset,</strong></span> <span class='ocrx_word' id='word_1_658' title='bbox 2764 2772 3059 2842; x_wconf 82' lang='lat' dir='ltr'><strong>Adjutorem</strong></span> <span class='ocrx_word' id='word_1_659' title='bbox 3090 2768 3368 2824; x_wconf 68' lang='lat' dir='ltr'><strong>sccmrdnnt</strong></span> <span class='ocrx_word' id='word_1_660' title='bbox 3414 2768 3589 2834; x_wconf 87' lang='lat' dir='ltr'><strong>illum,</strong></span> <span class='ocrx_word' id='word_1_661' title='bbox 3633 2765 3755 2820; x_wconf 81' lang='lat' dir='ltr'><strong>sub-</strong></span> 
     </span>
    </p>
   </div>
   <div class='ocr_carea' id='block_1_88' title="bbox 2153 2856 3753 2939">
    <p class='ocr_par' dir='ltr' id='par_1_88' title="bbox 2153 2856 3753 2939">
     <span class='ocr_line' id='line_1_89' title="bbox 2153 2856 3753 2939; baseline -0.008 -16"><span class='ocrx_word' id='word_1_662' title='bbox 2153 2868 2231 2924; x_wconf 87' lang='lat' dir='ltr'><strong>dit</strong></span> <span class='ocrx_word' id='word_1_663' title='bbox 2260 2887 2273 2923; x_wconf 91' lang='lat'>:</span> <span class='ocrx_word' id='word_1_664' title='bbox 2310 2866 2391 2923; x_wconf 89' lang='lat' dir='ltr'><strong>l9.</strong></span> <span class='ocrx_word' id='word_1_665' title='bbox 2422 2864 2488 2920; x_wconf 85' lang='lat' dir='ltr'><strong>Et</strong></span> <span class='ocrx_word' id='word_1_666' title='bbox 2517 2864 2751 2939; x_wconf 81' lang='lat' dir='ltr'><strong>formavit</strong></span> <span class='ocrx_word' id='word_1_667' title='bbox 2800 2862 2940 2917; x_wconf 86' lang='lat' dir='ltr'><strong>Deus</strong></span> <span class='ocrx_word' id='word_1_668' title='bbox 2983 2861 3149 2915; x_wconf 85' lang='lat' dir='ltr'><strong>adhuc</strong></span> <span class='ocrx_word' id='word_1_669' title='bbox 3194 2860 3258 2913; x_wconf 88' lang='lat' dir='ltr'><strong>de</strong></span> <span class='ocrx_word' id='word_1_670' title='bbox 3286 2870 3427 2914; x_wconf 88' lang='lat' dir='ltr'><strong>terra</strong></span> <span class='ocrx_word' id='word_1_671' title='bbox 3471 2872 3645 2914; x_wconf 78' lang='lat' dir='ltr'><strong>omnes</strong></span> <span class='ocrx_word' id='word_1_672' title='bbox 3670 2856 3753 2910; x_wconf 80' lang='lat' dir='ltr'><strong>be-</strong></span> 
     </span>
    </p>
   </div>
   <div class='ocr_carea' id='block_1_89' title="bbox 2153 2950 3751 3033">
    <p class='ocr_par' dir='ltr' id='par_1_89' title="bbox 2153 2950 3751 3033">
     <span class='ocr_line' id='line_1_90' title="bbox 2153 2950 3751 3033; baseline -0.009 -16"><span class='ocrx_word' id='word_1_673' title='bbox 2153 2964 2277 3017; x_wconf 88' lang='lat' dir='ltr'><strong>stias</strong></span> <span class='ocrx_word' id='word_1_674' title='bbox 2296 2961 2429 3033; x_wconf 86' lang='lat' dir='ltr'><strong>agri,</strong></span> <span class='ocrx_word' id='word_1_675' title='bbox 2457 2968 2503 3015; x_wconf 86' lang='lat' dir='ltr'><strong>et</strong></span> <span class='ocrx_word' id='word_1_676' title='bbox 2526 2959 2696 3013; x_wconf 87' lang='lat' dir='ltr'><strong>omnia</strong></span> <span class='ocrx_word' id='word_1_677' title='bbox 2716 2956 2942 3011; x_wconf 82' lang='lat' dir='ltr'><strong>volatilia</strong></span> <span class='ocrx_word' id='word_1_678' title='bbox 2966 2955 3099 3022; x_wconf 79' lang='lat' dir='ltr'><strong>cwli,</strong></span> <span class='ocrx_word' id='word_1_679' title='bbox 3125 2963 3173 3008; x_wconf 83' lang='lat' dir='ltr'><strong>et</strong></span> <span class='ocrx_word' id='word_1_680' title='bbox 3194 2953 3338 3008; x_wconf 77' lang='lat' dir='ltr'><strong>duxit</strong></span> <span class='ocrx_word' id='word_1_681' title='bbox 3363 2953 3460 3007; x_wconf 86' lang='lat' dir='ltr'><strong>illa</strong></span> <span class='ocrx_word' id='word_1_682' title='bbox 3480 2952 3550 3005; x_wconf 85' lang='lat' dir='ltr'><strong>ad</strong></span> <span class='ocrx_word' id='word_1_683' title='bbox 3569 2950 3751 3016; x_wconf 82' lang='lat' dir='ltr'><strong>Adam,</strong></span> 
     </span>
    </p>
   </div>
   <div class='ocr_carea' id='block_1_90' title="bbox 2155 3044 3751 3123">
    <p class='ocr_par' dir='ltr' id='par_1_90' title="bbox 2155 3044 3751 3123">
     <span class='ocr_line' id='line_1_91' title="bbox 2155 3044 3751 3123; baseline -0.009 -15"><span class='ocrx_word' id='word_1_684' title='bbox 2155 3065 2209 3108; x_wconf 87' lang='lat' dir='ltr'><strong>ut</strong></span> <span class='ocrx_word' id='word_1_685' title='bbox 2238 3053 2425 3108; x_wconf 84' lang='lat' dir='ltr'><strong>videret</strong></span> <span class='ocrx_word' id='word_1_686' title='bbox 2450 3051 2572 3123; x_wconf 86' lang='lat' dir='ltr'><strong>quid</strong></span> <span class='ocrx_word' id='word_1_687' title='bbox 2601 3059 2799 3104; x_wconf 84' lang='lat' dir='ltr'><strong>vocaret</strong></span> <span class='ocrx_word' id='word_1_688' title='bbox 2822 3048 2950 3110; x_wconf 89' lang='lat' dir='ltr'><strong>illa;</strong></span> <span class='ocrx_word' id='word_1_689' title='bbox 2975 3056 3020 3100; x_wconf 89' lang='lat' dir='ltr'><strong>et</strong></span> <span class='ocrx_word' id='word_1_690' title='bbox 3045 3062 3193 3101; x_wconf 87' lang='lat' dir='ltr'><strong>omne</strong></span> <span class='ocrx_word' id='word_1_691' title='bbox 3217 3044 3577 3115; x_wconf 81' lang='lat' dir='ltr'><strong>quodcumque</strong></span> <span class='ocrx_word' id='word_1_692' title='bbox 3604 3056 3751 3096; x_wconf 56' lang='lat' dir='ltr'><strong>voca.</strong></span> 
     </span>
    </p>
   </div>
   <div class='ocr_carea' id='block_1_91' title="bbox 2154 3132 3751 3206">
    <p class='ocr_par' dir='ltr' id='par_1_91' title="bbox 2154 3132 3751 3206">
     <span class='ocr_line' id='line_1_92' title="bbox 2154 3132 3751 3206; baseline -0.008 -6"><span class='ocrx_word' id='word_1_693' title='bbox 2154 3147 2223 3201; x_wconf 80' lang='lat' dir='ltr'><strong>rit</strong></span> <span class='ocrx_word' id='word_1_694' title='bbox 2251 3145 2418 3199; x_wconf 82' lang='lat' dir='ltr'><strong>Adam</strong></span> <span class='ocrx_word' id='word_1_695' title='bbox 2457 3144 2680 3197; x_wconf 82' lang='lat' dir='ltr'><strong>animum</strong></span> <span class='ocrx_word' id='word_1_696' title='bbox 2716 3141 2980 3206; x_wconf 79' lang='lat' dir='ltr'><strong>viventem,</strong></span> <span class='ocrx_word' id='word_1_697' title='bbox 3026 3138 3122 3192; x_wconf 90' lang='lat' dir='ltr'><strong>hoc</strong></span> <span class='ocrx_word' id='word_1_698' title='bbox 3152 3146 3223 3191; x_wconf 86' lang='lat' dir='ltr'><strong>est</strong></span> <span class='ocrx_word' id='word_1_699' title='bbox 3266 3152 3453 3190; x_wconf 86' lang='lat' dir='ltr'><strong>nomen</strong></span> <span class='ocrx_word' id='word_1_700' title='bbox 3500 3135 3599 3190; x_wconf 88' lang='lat' dir='ltr'><strong>illi.</strong></span> <span class='ocrx_word' id='word_1_701' title='bbox 3639 3132 3751 3188; x_wconf 82' lang='lat' dir='ltr'><strong>Non</strong></span> 
     </span>
    </p>
   </div>
   <div class='ocr_carea' id='block_1_92' title="bbox 2158 3220 3749 3306">
    <p class='ocr_par' dir='ltr' id='par_1_92' title="bbox 2158 3220 3749 3306">
     <span class='ocr_line' id='line_1_93' title="bbox 2158 3220 3749 3306; baseline -0.01 -13"><span class='ocrx_word' id='word_1_702' title='bbox 2158 3247 2382 3303; x_wconf 90' lang='lat' dir='ltr'><strong>temere,</strong></span> <span class='ocrx_word' id='word_1_703' title='bbox 2425 3250 2600 3306; x_wconf 90' lang='lat' dir='ltr'><strong>neque</strong></span> <span class='ocrx_word' id='word_1_704' title='bbox 2642 3235 2844 3302; x_wconf 85' lang='lat' dir='ltr'><strong>absque</strong></span> <span class='ocrx_word' id='word_1_705' title='bbox 2889 3246 3052 3285; x_wconf 84' lang='lat' dir='ltr'><strong>causa</strong></span> <span class='ocrx_word' id='word_1_706' title='bbox 3103 3230 3204 3283; x_wconf 89' lang='lat' dir='ltr'><strong>hoc</strong></span> <span class='ocrx_word' id='word_1_707' title='bbox 3254 3225 3457 3283; x_wconf 82' lang='lat' dir='ltr'><strong>factum</strong></span> <span class='ocrx_word' id='word_1_708' title='bbox 3505 3234 3611 3294; x_wconf 87' lang='lat' dir='ltr'><strong>est,</strong></span> <span class='ocrx_word' id='word_1_709' title='bbox 3659 3220 3749 3279; x_wconf 88' lang='lat' dir='ltr'><strong>sed</strong></span> 
     </span>
    </p>
   </div>
   <div class='ocr_carea' id='block_1_93' title="bbox 2156 3317 3748 3402">
    <p class='ocr_par' dir='ltr' id='par_1_93' title="bbox 2156 3317 3748 3402">
     <span class='ocr_line' id='line_1_94' title="bbox 2156 3317 3748 3402; baseline -0.009 -16"><span class='ocrx_word' id='word_1_710' title='bbox 2156 3340 2374 3402; x_wconf 83' lang='lat' dir='ltr'><strong>prepter</strong></span> <span class='ocrx_word' id='word_1_711' title='bbox 2411 3343 2474 3383; x_wconf 90' lang='lat' dir='ltr'><strong>ea</strong></span> <span class='ocrx_word' id='word_1_712' title='bbox 2503 3341 2624 3399; x_wconf 66' lang='lat' dir='ltr'><strong>quae</strong></span> <span class='ocrx_word' id='word_1_713' title='bbox 2651 3326 2809 3397; x_wconf 88' lang='lat' dir='ltr'><strong>paulo</strong></span> <span class='ocrx_word' id='word_1_714' title='bbox 2850 3332 2991 3395; x_wconf 16' lang='lat' dir='ltr'><strong>post,</strong></span> <span class='ocrx_word' id='word_1_715' title='bbox 3016 3323 3189 3377; x_wconf 78' lang='lat' dir='ltr'><strong>futura</strong></span> <span class='ocrx_word' id='word_1_716' title='bbox 3216 3329 3391 3377; x_wconf 88' lang='lat' dir='ltr'><strong>erant.</strong></span> <span class='ocrx_word' id='word_1_717' title='bbox 3443 3320 3587 3376; x_wconf 92' lang='lat' dir='ltr'><strong>Deus</strong></span> <span class='ocrx_word' id='word_1_718' title='bbox 3611 3317 3748 3373; x_wconf 89' lang='lat' dir='ltr'><strong>enim</strong></span> 
     </span>
    </p>
   </div>
   <div class='ocr_carea' id='block_1_94' title="bbox 2154 3417 3747 3492">
    <p class='ocr_par' dir='ltr' id='par_1_94' title="bbox 2154 3417 3747 3492">
     <span class='ocr_line' id='line_1_95' title="bbox 2154 3417 3747 3492; baseline -0.009 -14"><span class='ocrx_word' id='word_1_719' title='bbox 2154 3439 2276 3479; x_wconf 87' lang='lat' dir='ltr'><strong>cum</strong></span> <span class='ocrx_word' id='word_1_720' title='bbox 2307 3420 2581 3492; x_wconf 68' lang='lat' dir='ltr'><strong>prmsciret</strong></span> <span class='ocrx_word' id='word_1_721' title='bbox 2605 3417 2731 3490; x_wconf 90' lang='lat' dir='ltr'><strong>quid</strong></span> <span class='ocrx_word' id='word_1_722' title='bbox 2754 3432 2858 3473; x_wconf 90' lang='lat' dir='ltr'><strong>non</strong></span> <span class='ocrx_word' id='word_1_723' title='bbox 2887 3417 3056 3471; x_wconf 91' lang='lat' dir='ltr'><strong>multo</strong></span> <span class='ocrx_word' id='word_1_724' title='bbox 3083 3423 3204 3487; x_wconf 90' lang='lat' dir='ltr'><strong>post</strong></span> <span class='ocrx_word' id='word_1_725' title='bbox 3222 3423 3549 3470; x_wconf 84' lang='lat' dir='ltr'><strong>eventurum</strong></span> <span class='ocrx_word' id='word_1_726' title='bbox 3588 3418 3747 3478; x_wconf 86' lang='lat' dir='ltr'><strong>esset,</strong></span> 
     </span>
    </p>
   </div>
   <div class='ocr_carea' id='block_1_95' title="bbox 2157 3506 3749 3589">
    <p class='ocr_par' dir='ltr' id='par_1_95' title="bbox 2157 3506 3749 3589">
     <span class='ocr_line' id='line_1_96' title="bbox 2157 3506 3749 3589; baseline -0.009 -16"><span class='ocrx_word' id='word_1_727' title='bbox 2157 3515 2392 3573; x_wconf 87' lang='lat' dir='ltr'><strong>ostendit</strong></span> <span class='ocrx_word' id='word_1_728' title='bbox 2430 3513 2586 3570; x_wconf 89' lang='lat' dir='ltr'><strong>nobis</strong></span> <span class='ocrx_word' id='word_1_729' title='bbox 2614 3520 2867 3583; x_wconf 87' lang='lat' dir='ltr'><strong>quantam</strong></span> <span class='ocrx_word' id='word_1_730' title='bbox 2904 3509 3221 3589; x_wconf 89' lang='lat' dir='ltr'><strong>sapientiam</strong></span> <span class='ocrx_word' id='word_1_731' title='bbox 3249 3508 3471 3564; x_wconf 90' lang='lat' dir='ltr'><strong>condito</strong></span> <span class='ocrx_word' id='word_1_732' title='bbox 3500 3522 3531 3562; x_wconf 89' lang='lat' dir='ltr'><strong>a</strong></span> <span class='ocrx_word' id='word_1_733' title='bbox 3571 3521 3629 3563; x_wconf 88' lang='lat' dir='ltr'><strong>se</strong></span> <span class='ocrx_word' id='word_1_734' title='bbox 3658 3506 3749 3559; x_wconf 83' lang='lat' dir='ltr'><strong>ho-</strong></span> 
     </span>
    </p>
   </div>
   <div class='ocr_carea' id='block_1_96' title="bbox 2158 3596 3744 3676">
    <p class='ocr_par' dir='ltr' id='par_1_96' title="bbox 2158 3596 3744 3676">
     <span class='ocr_line' id='line_1_97' title="bbox 2158 3596 3744 3676; baseline -0.01 -11"><span class='ocrx_word' id='word_1_735' title='bbox 2158 3610 2288 3665; x_wconf 90' lang='lat' dir='ltr'><strong>miui</strong></span> <span class='ocrx_word' id='word_1_736' title='bbox 2318 3607 2488 3676; x_wconf 90' lang='lat' dir='ltr'><strong>dedit,</strong></span> <span class='ocrx_word' id='word_1_737' title='bbox 2528 3616 2589 3663; x_wconf 93' lang='lat' dir='ltr'><strong>ut</strong></span> <span class='ocrx_word' id='word_1_738' title='bbox 2626 3620 2747 3662; x_wconf 89' lang='lat' dir='ltr'><strong>cum</strong></span> <span class='ocrx_word' id='word_1_739' title='bbox 2774 3603 3144 3675; x_wconf 70' lang='lat' dir='ltr'><strong>praevaricatio</strong></span> <span class='ocrx_word' id='word_1_740' title='bbox 3184 3601 3420 3657; x_wconf 89' lang='lat' dir='ltr'><strong>mandati</strong></span> <span class='ocrx_word' id='word_1_741' title='bbox 3448 3618 3481 3657; x_wconf 90' lang='lat' dir='ltr'><strong>a</strong></span> <span class='ocrx_word' id='word_1_742' title='bbox 3513 3601 3620 3656; x_wconf 84' lang='lat' dir='ltr'><strong>Deo</strong></span> <span class='ocrx_word' id='word_1_743' title='bbox 3644 3596 3744 3653; x_wconf 84' lang='lat' dir='ltr'><strong>dati</strong></span> 
     </span>
    </p>
   </div>
   <div class='ocr_carea' id='block_1_97' title="bbox 2154 3688 3746 3772">
    <p class='ocr_par' dir='ltr' id='par_1_97' title="bbox 2154 3688 3746 3772">
     <span class='ocr_line' id='line_1_98' title="bbox 2154 3688 3746 3772; baseline -0.011 -11"><span class='ocrx_word' id='word_1_744' title='bbox 2154 3704 2448 3772; x_wconf 85' lang='lat' dir='ltr'><strong>contingat,</strong></span> <span class='ocrx_word' id='word_1_745' title='bbox 2479 3717 2587 3757; x_wconf 92' lang='lat' dir='ltr'><strong>non</strong></span> <span class='ocrx_word' id='word_1_746' title='bbox 2616 3707 2830 3772; x_wconf 87' lang='lat' dir='ltr'><strong>putetur</strong></span> <span class='ocrx_word' id='word_1_747' title='bbox 2852 3713 2949 3770; x_wconf 90' lang='lat' dir='ltr'><strong>per</strong></span> <span class='ocrx_word' id='word_1_748' title='bbox 2975 3695 3325 3769; x_wconf 87' lang='lat' dir='ltr'><strong>ignorantiam</strong></span> <span class='ocrx_word' id='word_1_749' title='bbox 3354 3707 3629 3765; x_wconf 88' lang='lat' dir='ltr'><strong>peccasse,</strong></span> <span class='ocrx_word' id='word_1_750' title='bbox 3656 3688 3746 3745; x_wconf 86' lang='lat' dir='ltr'><strong>sed</strong></span> 
     </span>
    </p>
   </div>
   <div class='ocr_carea' id='block_1_98' title="bbox 2156 3787 3468 3865">
    <p class='ocr_par' dir='ltr' id='par_1_98' title="bbox 2156 3787 3468 3865">
     <span class='ocr_line' id='line_1_99' title="bbox 2156 3787 3468 3865; baseline -0.008 -13"><span class='ocrx_word' id='word_1_751' title='bbox 2156 3795 2295 3853; x_wconf 89' lang='lat' dir='ltr'><strong>scire</strong></span> <span class='ocrx_word' id='word_1_752' title='bbox 2320 3794 2495 3865; x_wconf 90' lang='lat' dir='ltr'><strong>possis</strong></span> <span class='ocrx_word' id='word_1_753' title='bbox 2523 3793 2729 3863; x_wconf 90' lang='lat' dir='ltr'><strong>lapsum</strong></span> <span class='ocrx_word' id='word_1_754' title='bbox 2762 3791 2910 3846; x_wconf 89' lang='lat' dir='ltr'><strong>illum</strong></span> <span class='ocrx_word' id='word_1_755' title='bbox 2951 3805 3018 3845; x_wconf 78' lang='lat' dir='ltr'><strong>ex</strong></span> <span class='ocrx_word' id='word_1_756' title='bbox 3045 3787 3248 3844; x_wconf 89' lang='lat' dir='ltr'><strong>desidia</strong></span> <span class='ocrx_word' id='word_1_757' title='bbox 3279 3788 3468 3843; x_wconf 82' lang='lat' dir='ltr'><strong>fuisse.</strong></span> 
     </span>
    </p>
   </div>
   <div class='ocr_carea' id='block_1_99' title="bbox 2229 3874 3740 3956">
    <p class='ocr_par' dir='ltr' id='par_1_99' title="bbox 2229 3874 3740 3956">
     <span class='ocr_line' id='line_1_100' title="bbox 2229 3874 3740 3956; baseline -0.01 -14"><span class='ocrx_word' id='word_1_758' title='bbox 2229 3887 2282 3942; x_wconf 83' lang='lat'><strong>5.</strong></span> <span class='ocrx_word' id='word_1_759' title='bbox 2326 3884 2459 3940; x_wconf 84' lang='lat' dir='ltr'><strong>Nam</strong></span> <span class='ocrx_word' id='word_1_760' title='bbox 2503 3882 2649 3956; x_wconf 90' lang='lat' dir='ltr'><strong>quod</strong></span> <span class='ocrx_word' id='word_1_761' title='bbox 2703 3899 2892 3955; x_wconf 75' lang='lat' dir='ltr'><strong>magna</strong></span> <span class='ocrx_word' id='word_1_762' title='bbox 2944 3881 3203 3952; x_wconf 88' lang='lat' dir='ltr'><strong>sapientia</strong></span> <span class='ocrx_word' id='word_1_763' title='bbox 3248 3879 3509 3952; x_wconf 68' lang='lat' dir='ltr'><strong>prmditus</strong></span> <span class='ocrx_word' id='word_1_764' title='bbox 3562 3874 3740 3940; x_wconf 81' lang='lat' dir='ltr'><strong>fuerit,</strong></span> 
     </span>
    </p>
   </div>
   <div class='ocr_carea' id='block_1_100' title="bbox 2156 3965 3741 4050">
    <p class='ocr_par' dir='ltr' id='par_1_100' title="bbox 2156 3965 3741 4050">
     <span class='ocr_line' id='line_1_101' title="bbox 2156 3965 3741 4050; baseline -0.012 -12"><span class='ocrx_word' id='word_1_765' title='bbox 2156 3981 2302 4038; x_wconf 89' lang='lat' dir='ltr'><strong>disce</strong></span> <span class='ocrx_word' id='word_1_766' title='bbox 2322 3996 2388 4036; x_wconf 83' lang='lat' dir='ltr'><strong>ex</strong></span> <span class='ocrx_word' id='word_1_767' title='bbox 2419 3980 2484 4035; x_wconf 91' lang='lat' dir='ltr'><strong>iis</strong></span> <span class='ocrx_word' id='word_1_768' title='bbox 2507 3993 2627 4050; x_wconf 62' lang='lat' dir='ltr'><strong>quae</strong></span> <span class='ocrx_word' id='word_1_769' title='bbox 2657 3992 2795 4034; x_wconf 91' lang='lat' dir='ltr'><strong>nunc</strong></span> <span class='ocrx_word' id='word_1_770' title='bbox 2821 3980 2971 4032; x_wconf 88' lang='lat' dir='ltr'><strong>liunt.</strong></span> <span class='ocrx_word' id='word_1_771' title='bbox 3000 3975 3066 4030; x_wconf 85' lang='lat' dir='ltr'><strong>Et</strong></span> <span class='ocrx_word' id='word_1_772' title='bbox 3094 3974 3309 4029; x_wconf 78' lang='lat' dir='ltr'><strong>adduxit</strong></span> <span class='ocrx_word' id='word_1_773' title='bbox 3331 3975 3448 4039; x_wconf 82' lang='lat' dir='ltr'><strong>illa,</strong></span> <span class='ocrx_word' id='word_1_774' title='bbox 3476 3970 3661 4041; x_wconf 88' lang='lat' dir='ltr'><strong>inquit,</strong></span> <span class='ocrx_word' id='word_1_775' title='bbox 3680 3965 3741 4021; x_wconf 82' lang='lat' dir='ltr'><strong>ad</strong></span> 
     </span>
    </p>
   </div>
   <div class='ocr_carea' id='block_1_101' title="bbox 2158 4061 3739 4141">
    <p class='ocr_par' dir='ltr' id='par_1_101' title="bbox 2158 4061 3739 4141">
     <span class='ocr_line' id='line_1_102' title="bbox 2158 4061 3739 4141; baseline -0.011 -14"><span class='ocrx_word' id='word_1_776' title='bbox 2158 4072 2346 4140; x_wconf 78' lang='lat' dir='ltr'><strong>Adam,</strong></span> <span class='ocrx_word' id='word_1_777' title='bbox 2396 4080 2452 4125; x_wconf 86' lang='lat' dir='ltr'><strong>ut</strong></span> <span class='ocrx_word' id='word_1_778' title='bbox 2497 4070 2688 4125; x_wconf 83' lang='lat' dir='ltr'><strong>videret</strong></span> <span class='ocrx_word' id='word_1_779' title='bbox 2733 4068 2855 4141; x_wconf 85' lang='lat' dir='ltr'><strong>quid</strong></span> <span class='ocrx_word' id='word_1_780' title='bbox 2891 4076 3088 4122; x_wconf 81' lang='lat' dir='ltr'><strong>vocaret</strong></span> <span class='ocrx_word' id='word_1_781' title='bbox 3116 4065 3226 4120; x_wconf 87' lang='lat' dir='ltr'><strong>illa.</strong></span> <span class='ocrx_word' id='word_1_782' title='bbox 3259 4064 3413 4120; x_wconf 81' lang='lat' dir='ltr'><strong>Fecit</strong></span> <span class='ocrx_word' id='word_1_783' title='bbox 3444 4064 3545 4118; x_wconf 90' lang='lat' dir='ltr'><strong>hoc</strong></span> <span class='ocrx_word' id='word_1_784' title='bbox 3589 4061 3739 4119; x_wconf 88' lang='lat' dir='ltr'><strong>Deus,</strong></span> 
     </span>
    </p>
   </div>
   <div class='ocr_carea' id='block_1_102' title="bbox 2157 4149 3742 4229">
    <p class='ocr_par' dir='ltr' id='par_1_102' title="bbox 2157 4149 3742 4229">
     <span class='ocr_line' id='line_1_103' title="bbox 2157 4149 3742 4229; baseline -0.011 -10"><span class='ocrx_word' id='word_1_785' title='bbox 2157 4165 2623 4220; x_wconf 86' lang='lat' dir='ltr'><strong>demonstraturus</strong></span> <span class='ocrx_word' id='word_1_786' title='bbox 2663 4160 2820 4216; x_wconf 88' lang='lat' dir='ltr'><strong>nobis</strong></span> <span class='ocrx_word' id='word_1_787' title='bbox 2865 4173 3112 4229; x_wconf 88' lang='lat' dir='ltr'><strong>magnam</strong></span> <span class='ocrx_word' id='word_1_788' title='bbox 3144 4157 3285 4212; x_wconf 89' lang='lat' dir='ltr'><strong>illius</strong></span> <span class='ocrx_word' id='word_1_789' title='bbox 3310 4156 3647 4227; x_wconf 84' lang='lat' dir='ltr'><strong>sapientiam.</strong></span> <span class='ocrx_word' id='word_1_790' title='bbox 3682 4149 3742 4204; x_wconf 89' lang='lat' dir='ltr'><strong>Et</strong></span> 
     </span>
    </p>
   </div>
   <div class='ocr_carea' id='block_1_103' title="bbox 2157 4248 3738 4322">
    <p class='ocr_par' dir='ltr' id='par_1_103' title="bbox 2157 4248 3738 4322">
     <span class='ocr_line' id='line_1_104' title="bbox 2157 4248 3738 4322; baseline -0.01 -11"><span class='ocrx_word' id='word_1_791' title='bbox 2157 4255 2350 4311; x_wconf 89' lang='lat' dir='ltr'><strong>iterum</strong></span> <span class='ocrx_word' id='word_1_792' title='bbox 2375 4296 2391 4322; x_wconf 92' lang='lat'><strong>,</strong></span> <span class='ocrx_word' id='word_1_793' title='bbox 2440 4252 2590 4321; x_wconf 84' lang='lat' dir='ltr'><strong>Quod</strong></span> <span class='ocrx_word' id='word_1_794' title='bbox 2626 4251 2818 4306; x_wconf 81' lang='lat' dir='ltr'><strong>uocauit</strong></span> <span class='ocrx_word' id='word_1_795' title='bbox 2843 4290 2858 4314; x_wconf 94' lang='lat'><strong>,</strong></span> <span class='ocrx_word' id='word_1_796' title='bbox 2915 4249 3126 4321; x_wconf 87' lang='lat' dir='ltr'><strong>inquit,</strong></span> <span class='ocrx_word' id='word_1_797' title='bbox 3162 4248 3361 4314; x_wconf 85' lang='lat' dir='ltr'><strong>Adam,</strong></span> <span class='ocrx_word' id='word_1_798' title='bbox 3403 4250 3501 4302; x_wconf 86' lang='lat' dir='ltr'><strong>hoc</strong></span> <span class='ocrx_word' id='word_1_799' title='bbox 3537 4252 3610 4300; x_wconf 86' lang='lat' dir='ltr'><strong>est</strong></span> <span class='ocrx_word' id='word_1_800' title='bbox 3651 4257 3738 4297; x_wconf 87' lang='lat' dir='ltr'><strong>no-</strong></span> 
     </span>
    </p>
   </div>
   <div class='ocr_carea' id='block_1_104' title="bbox 2157 4346 2396 4401">
    <p class='ocr_par' dir='ltr' id='par_1_104' title="bbox 2157 4346 2396 4401">
     <span class='ocr_line' id='line_1_105' title="bbox 2157 4346 2396 4401; baseline -0.013 0"><span class='ocrx_word' id='word_1_801' title='bbox 2157 4363 2270 4401; x_wconf 87' lang='lat' dir='ltr'><strong>men</strong></span> <span class='ocrx_word' id='word_1_802' title='bbox 2299 4346 2396 4400; x_wconf 89' lang='lat' dir='ltr'><strong>illi.</strong></span> 
     </span>
    </p>
   </div>
   <div class='ocr_carea' id='block_1_105' title="bbox 2227 4426 3736 4506">
    <p class='ocr_par' dir='ltr' id='par_1_105' title="bbox 2227 4426 3736 4506">
     <span class='ocr_line' id='line_1_106' title="bbox 2227 4426 3736 4506; baseline -0.013 -15"><span class='ocrx_word' id='word_1_803' title='bbox 2227 4437 2411 4491; x_wconf 80' lang='lat' dir='ltr'><strong>Adami</strong></span> <span class='ocrx_word' id='word_1_804' title='bbox 2439 4433 2729 4506; x_wconf 81' lang='lat' dir='ltr'><strong>sapientia;</strong></span> <span class='ocrx_word' id='word_1_805' title='bbox 2755 4432 2958 4487; x_wconf 88' lang='lat' dir='ltr'><strong>libertas</strong></span> <span class='ocrx_word' id='word_1_806' title='bbox 2986 4429 3202 4485; x_wconf 79' lang='lat' dir='ltr'><strong>arbitrii.</strong></span> <span class='ocrx_word' id='word_1_807' title='bbox 3229 4459 3303 4469; x_wconf 90' lang='lat'><strong>—</strong></span> <span class='ocrx_word' id='word_1_808' title='bbox 3327 4426 3548 4484; x_wconf 84' lang='lat' dir='ltr'><strong>Factum</strong></span> <span class='ocrx_word' id='word_1_809' title='bbox 3570 4430 3736 4479; x_wconf 87' lang='lat' dir='ltr'><strong>autem</strong></span> 
     </span>
    </p>
   </div>
   <div class='ocr_carea' id='block_1_106' title="bbox 2158 4509 3738 4595">
    <p class='ocr_par' dir='ltr' id='par_1_106' title="bbox 2158 4509 3738 4595">
     <span class='ocr_line' id='line_1_107' title="bbox 2158 4509 3738 4595; baseline -0.013 -10"><span class='ocrx_word' id='word_1_810' title='bbox 2158 4531 2259 4585; x_wconf 90' lang='lat' dir='ltr'><strong>hoc</strong></span> <span class='ocrx_word' id='word_1_811' title='bbox 2280 4537 2382 4595; x_wconf 92' lang='lat' dir='ltr'><strong>est,</strong></span> <span class='ocrx_word' id='word_1_812' title='bbox 2412 4543 2516 4582; x_wconf 90' lang='lat' dir='ltr'><strong>non</strong></span> <span class='ocrx_word' id='word_1_813' title='bbox 2549 4536 2606 4581; x_wconf 93' lang='lat' dir='ltr'><strong>nt</strong></span> <span class='ocrx_word' id='word_1_814' title='bbox 2628 4525 2898 4581; x_wconf 88' lang='lat' dir='ltr'><strong>discamus</strong></span> <span class='ocrx_word' id='word_1_815' title='bbox 2919 4523 3062 4578; x_wconf 89' lang='lat' dir='ltr'><strong>illius</strong></span> <span class='ocrx_word' id='word_1_816' title='bbox 3082 4520 3398 4591; x_wconf 87' lang='lat' dir='ltr'><strong>sapientiam</strong></span> <span class='ocrx_word' id='word_1_817' title='bbox 3430 4519 3620 4583; x_wconf 90' lang='lat' dir='ltr'><strong>solum,</strong></span> <span class='ocrx_word' id='word_1_818' title='bbox 3649 4509 3738 4567; x_wconf 91' lang='lat' dir='ltr'><strong>sed</strong></span> 
     </span>
    </p>
   </div>
   <div class='ocr_carea' id='block_1_107' title="bbox 2158 4609 3736 4695">
    <p class='ocr_par' dir='ltr' id='par_1_107' title="bbox 2158 4609 3736 4695">
     <span class='ocr_line' id='line_1_108' title="bbox 2158 4609 3736 4695; baseline -0.014 -16"><span class='ocrx_word' id='word_1_819' title='bbox 2158 4635 2215 4681; x_wconf 92' lang='lat' dir='ltr'><strong>ut</strong></span> <span class='ocrx_word' id='word_1_820' title='bbox 2240 4631 2294 4679; x_wconf 90' lang='lat' dir='ltr'><strong>et</strong></span> <span class='ocrx_word' id='word_1_821' title='bbox 2331 4622 2633 4695; x_wconf 86' lang='lat' dir='ltr'><strong>symbolum</strong></span> <span class='ocrx_word' id='word_1_822' title='bbox 2660 4618 2881 4674; x_wconf 89' lang='lat' dir='ltr'><strong>dominii</strong></span> <span class='ocrx_word' id='word_1_823' title='bbox 2910 4632 3007 4687; x_wconf 91' lang='lat' dir='ltr'><strong>per</strong></span> <span class='ocrx_word' id='word_1_824' title='bbox 3051 4616 3325 4671; x_wconf 90' lang='lat' dir='ltr'><strong>nominum</strong></span> <span class='ocrx_word' id='word_1_825' title='bbox 3354 4609 3736 4685; x_wconf 89' lang='lat' dir='ltr'><strong>imposiliouem</strong></span> 
     </span>
    </p>
   </div>
   <div class='ocr_carea' id='block_1_108' title="bbox 2157 4702 3737 4787">
    <p class='ocr_par' dir='ltr' id='par_1_108' title="bbox 2157 4702 3737 4787">
     <span class='ocr_line' id='line_1_109' title="bbox 2157 4702 3737 4787; baseline -0.014 -15"><span class='ocrx_word' id='word_1_826' title='bbox 2157 4723 2531 4787; x_wconf 81' lang='lat' dir='ltr'><strong>cognoscatur.</strong></span> <span class='ocrx_word' id='word_1_827' title='bbox 2560 4711 2691 4766; x_wconf 87' lang='lat' dir='ltr'><strong>Nam</strong></span> <span class='ocrx_word' id='word_1_828' title='bbox 2742 4717 2799 4766; x_wconf 89' lang='lat' dir='ltr'><strong>et</strong></span> <span class='ocrx_word' id='word_1_829' title='bbox 2838 4708 3146 4764; x_wconf 84' lang='lat' dir='ltr'><strong>hominibus</strong></span> <span class='ocrx_word' id='word_1_830' title='bbox 3189 4720 3308 4762; x_wconf 86' lang='lat' dir='ltr'><strong>mos</strong></span> <span class='ocrx_word' id='word_1_831' title='bbox 3335 4715 3418 4761; x_wconf 89' lang='lat' dir='ltr'><strong>est</strong></span> <span class='ocrx_word' id='word_1_832' title='bbox 3451 4706 3549 4760; x_wconf 91' lang='lat' dir='ltr'><strong>hoc</strong></span> <span class='ocrx_word' id='word_1_833' title='bbox 3572 4702 3737 4754; x_wconf 84' lang='lat' dir='ltr'><strong>lacere</strong></span> 
     </span>
    </p>
   </div>
   <div class='ocr_carea' id='block_1_109' title="bbox 2161 4795 3732 4877">
    <p class='ocr_par' dir='ltr' id='par_1_109' title="bbox 2161 4795 3732 4877">
     <span class='ocr_line' id='line_1_110' title="bbox 2161 4795 3732 4877; baseline -0.017 -13"><span class='ocrx_word' id='word_1_834' title='bbox 2161 4809 2214 4864; x_wconf 89' lang='lat' dir='ltr'><strong>in</strong></span> <span class='ocrx_word' id='word_1_835' title='bbox 2242 4808 2451 4877; x_wconf 86' lang='lat' dir='ltr'><strong>signum</strong></span> <span class='ocrx_word' id='word_1_836' title='bbox 2480 4803 2725 4869; x_wconf 88' lang='lat' dir='ltr'><strong>dominii,</strong></span> <span class='ocrx_word' id='word_1_837' title='bbox 2753 4810 2814 4856; x_wconf 91' lang='lat' dir='ltr'><strong>ut</strong></span> <span class='ocrx_word' id='word_1_838' title='bbox 2838 4815 2961 4856; x_wconf 90' lang='lat' dir='ltr'><strong>cum</strong></span> <span class='ocrx_word' id='word_1_839' title='bbox 3005 4812 3192 4854; x_wconf 84' lang='lat' dir='ltr'><strong>servos</strong></span> <span class='ocrx_word' id='word_1_840' title='bbox 3232 4797 3483 4864; x_wconf 87' lang='lat' dir='ltr'><strong>cmerint,</strong></span> <span class='ocrx_word' id='word_1_841' title='bbox 3511 4795 3732 4864; x_wconf 88' lang='lat' dir='ltr'><strong>ipsorum</strong></span> 
     </span>
    </p>
   </div>
   <div class='ocr_carea' id='block_1_110' title="bbox 2161 4880 3736 4956">
    <p class='ocr_par' dir='ltr' id='par_1_110' title="bbox 2161 4880 3736 4956">
     <span class='ocr_line' id='line_1_111' title="bbox 2161 4880 3736 4956; baseline -0.017 -1"><span class='ocrx_word' id='word_1_842' title='bbox 2161 4901 2376 4955; x_wconf 85' lang='lat' dir='ltr'><strong>nomina</strong></span> <span class='ocrx_word' id='word_1_843' title='bbox 2418 4903 2644 4953; x_wconf 89' lang='lat' dir='ltr'><strong>mutent.</strong></span> <span class='ocrx_word' id='word_1_844' title='bbox 2675 4893 2829 4951; x_wconf 88' lang='lat' dir='ltr'><strong>Unde</strong></span> <span class='ocrx_word' id='word_1_845' title='bbox 2856 4902 2910 4947; x_wconf 90' lang='lat' dir='ltr'><strong>ct</strong></span> <span class='ocrx_word' id='word_1_846' title='bbox 2940 4891 3109 4946; x_wconf 86' lang='lat' dir='ltr'><strong>Adam</strong></span> <span class='ocrx_word' id='word_1_847' title='bbox 3136 4890 3370 4956; x_wconf 85' lang='lat' dir='ltr'><strong>instruit,</strong></span> <span class='ocrx_word' id='word_1_848' title='bbox 3405 4900 3464 4944; x_wconf 91' lang='lat' dir='ltr'><strong>ut</strong></span> <span class='ocrx_word' id='word_1_849' title='bbox 3500 4880 3736 4941; x_wconf 89' lang='lat' dir='ltr'><strong>omnibus</strong></span> 
     </span>
    </p>
   </div>
   <div class='ocr_carea' id='block_1_111' title="bbox 2161 4971 3735 5060">
    <p class='ocr_par' dir='ltr' id='par_1_111' title="bbox 2161 4971 3735 5060">
     <span class='ocr_line' id='line_1_112' title="bbox 2161 4971 3735 5060; baseline -0.012 -13"><span class='ocrx_word' id='word_1_850' title='bbox 2161 4991 2331 5047; x_wconf 88' lang='lat' dir='ltr'><strong>brutis</strong></span> <span class='ocrx_word' id='word_1_851' title='bbox 2356 5002 2624 5060; x_wconf 89' lang='lat' dir='ltr'><strong>tamquam</strong></span> <span class='ocrx_word' id='word_1_852' title='bbox 2649 4986 2899 5042; x_wconf 89' lang='lat' dir='ltr'><strong>dominus</strong></span> <span class='ocrx_word' id='word_1_853' title='bbox 2930 4983 3143 5039; x_wconf 90' lang='lat' dir='ltr'><strong>nomina</strong></span> <span class='ocrx_word' id='word_1_854' title='bbox 3175 4983 3340 5038; x_wconf 90' lang='lat' dir='ltr'><strong>indat.</strong></span> <span class='ocrx_word' id='word_1_855' title='bbox 3371 4982 3448 5038; x_wconf 86' lang='lat' dir='ltr'><strong>Ne</strong></span> <span class='ocrx_word' id='word_1_856' title='bbox 3477 4979 3630 5050; x_wconf 81' lang='lat' dir='ltr'><strong>igitur</strong></span> <span class='ocrx_word' id='word_1_857' title='bbox 3658 4971 3735 5025; x_wconf 75' lang='lat' dir='ltr'><strong>hic</strong></span> 
     </span>
    </p>
   </div>
   <div class='ocr_carea' id='block_1_112' title="bbox 2160 5065 3733 5153">
    <p class='ocr_par' dir='ltr' id='par_1_112' title="bbox 2160 5065 3733 5153">
     <span class='ocr_line' id='line_1_113' title="bbox 2160 5065 3733 5153; baseline -0.015 -14"><span class='ocrx_word' id='word_1_858' title='bbox 2160 5084 2338 5139; x_wconf 89' lang='lat' dir='ltr'><strong>subito</strong></span> <span class='ocrx_word' id='word_1_859' title='bbox 2376 5093 2688 5153; x_wconf 68' lang='lat' dir='ltr'><strong>praetereas,</strong></span> <span class='ocrx_word' id='word_1_860' title='bbox 2736 5079 2948 5142; x_wconf 88' lang='lat' dir='ltr'><strong>dilecte,</strong></span> <span class='ocrx_word' id='word_1_861' title='bbox 2997 5075 3139 5147; x_wconf 87' lang='lat' dir='ltr'><strong>quod</strong></span> <span class='ocrx_word' id='word_1_862' title='bbox 3182 5075 3399 5142; x_wconf 88' lang='lat' dir='ltr'><strong>dicitur,</strong></span> <span class='ocrx_word' id='word_1_863' title='bbox 3446 5072 3537 5129; x_wconf 88' lang='lat' dir='ltr'><strong>sed</strong></span> <span class='ocrx_word' id='word_1_864' title='bbox 3573 5065 3733 5136; x_wconf 76' lang='lat' dir='ltr'><strong>cogita</strong></span> 
     </span>
    </p>
   </div>
   <div class='ocr_carea' id='block_1_113' title="bbox 2159 5160 3724 5248">
    <p class='ocr_par' dir='ltr' id='par_1_113' title="bbox 2159 5160 3724 5248">
     <span class='ocr_line' id='line_1_114' title="bbox 2159 5160 3724 5248; baseline -0.01 -17"><span class='ocrx_word' id='word_1_865' title='bbox 2159 5186 2374 5248; x_wconf 76' lang='lat' dir='ltr'><strong>quanta:</strong></span> <span class='ocrx_word' id='word_1_866' title='bbox 2424 5174 2585 5230; x_wconf 83' lang='lat' dir='ltr'><strong>fuerit</strong></span> <span class='ocrx_word' id='word_1_867' title='bbox 2623 5170 2902 5243; x_wconf 73' lang='lat' dir='ltr'><strong>sapientiae</strong></span> <span class='ocrx_word' id='word_1_868' title='bbox 2953 5178 3032 5224; x_wconf 90' lang='lat' dir='ltr'><strong>tot</strong></span> <span class='ocrx_word' id='word_1_869' title='bbox 3076 5168 3382 5241; x_wconf 82' lang='lat' dir='ltr'><strong>generibus,</strong></span> <span class='ocrx_word' id='word_1_870' title='bbox 3421 5160 3724 5221; x_wconf 83' lang='lat' dir='ltr'><strong>volatilibus.</strong></span> 
     </span>
    </p>
   </div>
   <div class='ocr_carea' id='block_1_114' title="bbox 2160 5248 3730 5339">
    <p class='ocr_par' dir='ltr' id='par_1_114' title="bbox 2160 5248 3730 5339">
     <span class='ocr_line' id='line_1_115' title="bbox 2160 5248 3730 5339; baseline -0.014 -13"><span class='ocrx_word' id='word_1_871' title='bbox 2160 5268 2458 5339; x_wconf 82' lang='lat' dir='ltr'><strong>reptilibus,</strong></span> <span class='ocrx_word' id='word_1_872' title='bbox 2485 5265 2632 5332; x_wconf 86' lang='lat' dir='ltr'><strong>leris,</strong></span> <span class='ocrx_word' id='word_1_873' title='bbox 2661 5262 2942 5335; x_wconf 87' lang='lat' dir='ltr'><strong>jumentis,</strong></span> <span class='ocrx_word' id='word_1_874' title='bbox 2968 5270 3022 5317; x_wconf 90' lang='lat' dir='ltr'><strong>et</strong></span> <span class='ocrx_word' id='word_1_875' title='bbox 3050 5260 3172 5316; x_wconf 88' lang='lat' dir='ltr'><strong>aliis</strong></span> <span class='ocrx_word' id='word_1_876' title='bbox 3197 5260 3386 5326; x_wconf 88' lang='lat' dir='ltr'><strong>brutis,</strong></span> <span class='ocrx_word' id='word_1_877' title='bbox 3417 5248 3730 5313; x_wconf 82' lang='lat' dir='ltr'><strong>domesticiS,</strong></span> 
     </span>
    </p>
   </div>
   <div class='ocr_carea' id='block_1_115' title="bbox 2159 5350 3730 5433">
    <p class='ocr_par' dir='ltr' id='par_1_115' title="bbox 2159 5350 3730 5433">
     <span class='ocr_line' id='line_1_116' title="bbox 2159 5350 3730 5433; baseline -0.013 -16"><span class='ocrx_word' id='word_1_878' title='bbox 2159 5372 2215 5417; x_wconf 89' lang='lat' dir='ltr'><strong>et</strong></span> <span class='ocrx_word' id='word_1_879' title='bbox 2239 5360 2561 5433; x_wconf 80' lang='lat' dir='ltr'><strong>agrestibus,</strong></span> <span class='ocrx_word' id='word_1_880' title='bbox 2593 5368 2649 5414; x_wconf 90' lang='lat' dir='ltr'><strong>et</strong></span> <span class='ocrx_word' id='word_1_881' title='bbox 2675 5358 2730 5413; x_wconf 93' lang='lat' dir='ltr'><strong>in</strong></span> <span class='ocrx_word' id='word_1_882' title='bbox 2766 5371 2903 5427; x_wconf 87' lang='lat' dir='ltr'><strong>aqua</strong></span> <span class='ocrx_word' id='word_1_883' title='bbox 2930 5356 3092 5412; x_wconf 89' lang='lat' dir='ltr'><strong>vitam</strong></span> <span class='ocrx_word' id='word_1_884' title='bbox 3120 5354 3422 5427; x_wconf 87' lang='lat' dir='ltr'><strong>agentibus,</strong></span> <span class='ocrx_word' id='word_1_885' title='bbox 3468 5359 3522 5407; x_wconf 88' lang='lat' dir='ltr'><strong>et</strong></span> <span class='ocrx_word' id='word_1_886' title='bbox 3545 5362 3576 5402; x_wconf 90' lang='lat' dir='ltr'><strong>e</strong></span> <span class='ocrx_word' id='word_1_887' title='bbox 3602 5350 3730 5398; x_wconf 79' lang='lat' dir='ltr'><strong>terra</strong></span> 
     </span>
    </p>
   </div>
   <div class='ocr_carea' id='block_1_116' title="bbox 2165 5446 3729 5526">
    <p class='ocr_par' dir='ltr' id='par_1_116' title="bbox 2165 5446 3729 5526">
     <span class='ocr_line' id='line_1_117' title="bbox 2165 5446 3729 5526; baseline -0.015 -14"><span class='ocrx_word' id='word_1_888' title='bbox 2165 5455 2460 5526; x_wconf 85' lang='lat' dir='ltr'><strong>productis,</strong></span> <span class='ocrx_word' id='word_1_889' title='bbox 2488 5462 2543 5509; x_wconf 92' lang='lat' dir='ltr'><strong>et</strong></span> <span class='ocrx_word' id='word_1_890' title='bbox 2585 5453 2639 5509; x_wconf 92' lang='lat' dir='ltr'><strong>in</strong></span> <span class='ocrx_word' id='word_1_891' title='bbox 2669 5464 2879 5506; x_wconf 89' lang='lat' dir='ltr'><strong>summa</strong></span> <span class='ocrx_word' id='word_1_892' title='bbox 2919 5448 3169 5504; x_wconf 90' lang='lat' dir='ltr'><strong>omnibus</strong></span> <span class='ocrx_word' id='word_1_893' title='bbox 3201 5449 3417 5518; x_wconf 87' lang='lat' dir='ltr'><strong>propria</strong></span> <span class='ocrx_word' id='word_1_894' title='bbox 3460 5454 3511 5499; x_wconf 90' lang='lat' dir='ltr'><strong>et</strong></span> <span class='ocrx_word' id='word_1_895' title='bbox 3552 5446 3729 5526; x_wconf 75' lang='lat' dir='ltr'><strong>conve-</strong></span> 
     </span>
    </p>
   </div>
   <div class='ocr_carea' id='block_1_117' title="bbox 2162 5523 3725 5624">
    <p class='ocr_par' dir='ltr' id='par_1_117' title="bbox 2162 5523 3725 5624">
     <span class='ocr_line' id='line_1_118' title="bbox 2162 5523 3725 5624; baseline -0.006 -18"><span class='ocrx_word' id='word_1_896' title='bbox 2162 5550 2360 5606; x_wconf 88' lang='lat' dir='ltr'><strong>nientia</strong></span> <span class='ocrx_word' id='word_1_897' title='bbox 2391 5563 2501 5603; x_wconf 69' lang='lat' dir='ltr'><strong>sua:</strong></span> <span class='ocrx_word' id='word_1_898' title='bbox 2546 5554 2753 5601; x_wconf 68' lang='lat' dir='ltr'><strong>naturae</strong></span> <span class='ocrx_word' id='word_1_899' title='bbox 2792 5545 3071 5615; x_wconf 89' lang='lat' dir='ltr'><strong>imponere</strong></span> <span class='ocrx_word' id='word_1_900' title='bbox 3102 5541 3340 5597; x_wconf 89' lang='lat' dir='ltr'><strong>nomina.</strong></span> <span class='ocrx_word' id='word_1_901' title='bbox 3392 5539 3519 5595; x_wconf 85' lang='lat' dir='ltr'><strong>Nam</strong></span> <span class='ocrx_word' id='word_1_902' title='bbox 3561 5523 3725 5624; x_wconf 61' lang='grc' dir='ltr'><strong>οπερςιζ-</strong></span> 
     </span>
    </p>
   </div>
   <div class='ocr_carea' id='block_1_118' title="bbox 2160 5615 3728 5718">
    <p class='ocr_par' dir='ltr' id='par_1_118' title="bbox 2160 5615 3728 5718">
     <span class='ocr_line' id='line_1_119' title="bbox 2160 5615 3728 5718; baseline -0.017 -21"><span class='ocrx_word' id='word_1_903' title='bbox 2160 5655 2370 5714; x_wconf 79' lang='lat' dir='ltr'><strong>cumun</strong></span> <span class='ocrx_word' id='word_1_904' title='bbox 2399 5638 2591 5694; x_wconf 84' lang='lat' dir='ltr'><strong>uocauit</strong></span> <span class='ocrx_word' id='word_1_905' title='bbox 2614 5638 2803 5703; x_wconf 82' lang='lat' dir='ltr'><strong>Adam,</strong></span> <span class='ocrx_word' id='word_1_906' title='bbox 2830 5638 3021 5708; x_wconf 90' lang='lat' dir='ltr'><strong>inquit,</strong></span> <span class='ocrx_word' id='word_1_907' title='bbox 3052 5637 3146 5689; x_wconf 90' lang='lat' dir='ltr'><strong>hoc</strong></span> <span class='ocrx_word' id='word_1_908' title='bbox 3175 5649 3355 5687; x_wconf 82' lang='lat' dir='ltr'><strong>nomen</strong></span> <span class='ocrx_word' id='word_1_909' title='bbox 3382 5642 3455 5687; x_wconf 83' lang='lat' dir='ltr'><strong>est</strong></span> <span class='ocrx_word' id='word_1_910' title='bbox 3479 5628 3569 5683; x_wconf 85' lang='lat' dir='ltr'><strong>illi.</strong></span> <span class='ocrx_word' id='word_1_911' title='bbox 3597 5615 3728 5718; x_wconf 69' lang='lat' dir='ltr'><strong>Vidi-</strong></span> 
     </span>
    </p>
   </div>
   <div class='ocr_carea' id='block_1_119' title="bbox 2159 5722 3724 5801">
    <p class='ocr_par' dir='ltr' id='par_1_119' title="bbox 2159 5722 3724 5801">
     <span class='ocr_line' id='line_1_120' title="bbox 2159 5722 3724 5801; baseline -0.015 -9"><span class='ocrx_word' id='word_1_912' title='bbox 2159 5738 2229 5792; x_wconf 89' lang='lat' dir='ltr'><strong>sti</strong></span> <span class='ocrx_word' id='word_1_913' title='bbox 2256 5741 2678 5790; x_wconf 88' lang='lat' dir='ltr'><strong>consummatam</strong></span> <span class='ocrx_word' id='word_1_914' title='bbox 2708 5730 3036 5801; x_wconf 84' lang='lat' dir='ltr'><strong>potentiam?</strong></span> <span class='ocrx_word' id='word_1_915' title='bbox 3065 5727 3240 5784; x_wconf 90' lang='lat' dir='ltr'><strong>vidisti</strong></span> <span class='ocrx_word' id='word_1_916' title='bbox 3269 5724 3489 5781; x_wconf 90' lang='lat' dir='ltr'><strong>dominii</strong></span> <span class='ocrx_word' id='word_1_917' title='bbox 3513 5722 3724 5773; x_wconf 74' lang='lat' dir='ltr'><strong>auctor!-</strong></span> 
     </span>
    </p>
   </div>
   <div class='ocr_carea' id='block_1_120' title="bbox 2161 5813 3723 5901">
    <p class='ocr_par' dir='ltr' id='par_1_120' title="bbox 2161 5813 3723 5901">
     <span class='ocr_line' id='line_1_121' title="bbox 2161 5813 3723 5901; baseline -0.012 -19"><span class='ocrx_word' id='word_1_918' title='bbox 2161 5827 2364 5884; x_wconf 87' lang='lat' dir='ltr'><strong>tatem?</strong></span> <span class='ocrx_word' id='word_1_919' title='bbox 2390 5824 2667 5897; x_wconf 80' lang='lat' dir='ltr'><strong>Perpende</strong></span> <span class='ocrx_word' id='word_1_920' title='bbox 2684 5839 2806 5879; x_wconf 85' lang='lat' dir='ltr'><strong>cum</strong></span> <span class='ocrx_word' id='word_1_921' title='bbox 2828 5823 2947 5878; x_wconf 87' lang='lat' dir='ltr'><strong>aliis</strong></span> <span class='ocrx_word' id='word_1_922' title='bbox 2967 5822 3128 5878; x_wconf 89' lang='lat' dir='ltr'><strong>etiam</strong></span> <span class='ocrx_word' id='word_1_923' title='bbox 3151 5821 3272 5886; x_wconf 89' lang='lat' dir='ltr'><strong>hoc,</strong></span> <span class='ocrx_word' id='word_1_924' title='bbox 3300 5818 3441 5890; x_wconf 88' lang='lat' dir='ltr'><strong>quod</strong></span> <span class='ocrx_word' id='word_1_925' title='bbox 3468 5823 3521 5870; x_wconf 88' lang='lat' dir='ltr'><strong>et</strong></span> <span class='ocrx_word' id='word_1_926' title='bbox 3538 5813 3723 5901; x_wconf 47' lang='lat' dir='ltr'><strong>leones.</strong></span> 
     </span>
    </p>
   </div>
   <div class='ocr_carea' id='block_1_121' title="bbox 2162 5894 3717 5990">
    <p class='ocr_par' dir='ltr' id='par_1_121' title="bbox 2162 5894 3717 5990">
     <span class='ocr_line' id='line_1_122' title="bbox 2162 5894 3717 5990; baseline -0.008 -16"><span class='ocrx_word' id='word_1_927' title='bbox 2162 5932 2213 5974; x_wconf 91' lang='lat' dir='ltr'><strong>et</strong></span> <span class='ocrx_word' id='word_1_928' title='bbox 2245 5917 2418 5990; x_wconf 89' lang='lat' dir='ltr'><strong>pardi,</strong></span> <span class='ocrx_word' id='word_1_929' title='bbox 2466 5894 2522 5975; x_wconf 76' lang='lat' dir='ltr'><strong>et</strong></span> <span class='ocrx_word' id='word_1_930' title='bbox 2547 5917 2763 5987; x_wconf 64' lang='lat' dir='ltr'><strong>viperse,</strong></span> <span class='ocrx_word' id='word_1_931' title='bbox 2794 5924 2849 5972; x_wconf 90' lang='lat' dir='ltr'><strong>ct</strong></span> <span class='ocrx_word' id='word_1_932' title='bbox 2885 5913 3101 5986; x_wconf 89' lang='lat' dir='ltr'><strong>scorpii,</strong></span> <span class='ocrx_word' id='word_1_933' title='bbox 3131 5922 3182 5969; x_wconf 85' lang='lat' dir='ltr'><strong>et</strong></span> <span class='ocrx_word' id='word_1_934' title='bbox 3225 5919 3516 5983; x_wconf 82' lang='lat' dir='ltr'><strong>serpentes,</strong></span> <span class='ocrx_word' id='word_1_935' title='bbox 3546 5911 3597 5955; x_wconf 75' lang='grc' dir='ltr'>ει</span> <span class='ocrx_word' id='word_1_936' title='bbox 3628 5894 3717 5948; x_wconf 55' lang='lat' dir='ltr'><strong>alia</strong></span> 
     </span>
    </p>
   </div>
  </div>
