4110 6434
479 410 582 465 117

477 525 693 578 ἃπαντα
722 498 790 577 τά
820 519 1024 576 τούτων
1062 520 1488 593 θηριωδέστερα,
1529 520 1783 591 καθάπερ
1815 518 1964 591 [115]
2008 519 2145 589 πρὸς

474 610 744 679 δεσπότην
770 608 909 678 μετά
929 607 1108 679 πάσης
1122 608 1404 677 ὑποταγῆς
1425 608 1838 678 παραγεγονότα
1856 607 1953 669 τὰς
1975 622 2146 678 προσ-

472 697 702 770 ηγορίας
742 696 1012 763 ἐδέξαντο,
1044 696 1138 749 καὶ
1173 695 1327 749 οὐδὲν
1351 694 1458 748 τῶν
1484 694 1689 767 θηρίων
1718 694 1924 749 τούτων
1950 693 2145 747 έδεδοί-

475 803 561 841 κει
582 788 611 841 ὀ
651 785 841 857 Ἀδάμ.
875 784 967 856 Μή
998 784 1179 837 τοίνυν
1211 784 1598 853 ἐπισκηπτέτω
1637 800 1721 847 τις
1762 785 1875 845 τοῖς
1921 798 2147 853 γεγενη-

477 875 658 946 μένοις
699 874 851 946 παρά
889 872 983 926 τοῦ
1027 873 1320 935 Δεσπότου,
1352 873 1444 926 καί¹
1471 873 1569 942 τήν
1606 870 1852 940 γλῶτταν
1896 868 2147 924 ἀκονάτω

474 960 618 1015 κατά
639 959 735 1013 τοῦ
756 959 1115 1032 δημιουργοῦ,
1147 959 1345 1030 μᾶλλον
1374 959 1431 1012 δὲ
1456 958 1598 1013 κατά
1624 959 1723 1028 τῆς
1756 955 1950 1010 ἑαυτοῦ
1973 973 2145 1027 κεφα-

472 1048 592 1119 λῆς,
618 1048 711 1100 καὶ
739 1047 945 1116 λεγέτω
967 1047 1036 1100 τά
1058 1047 1292 1117 ἀνόνητα
1315 1058 1341 1086 ει
1369 1047 1549 1099 ἐκεῖνα
1572 1047 1793 1117 ῥήματα
1811 1060 1826 1075 ο
1853 1044 1997 1106 τίνος
2026 1043 2143 1096 ἓνε-

474 1152 571 1187 κεν
614 1134 680 1187 τὰ
710 1133 876 1207 θηρία
905 1134 1189 1205 παρήχθης
1233 1135 1351 1187 Ὅτι
1379 1131 1489 1205 γὰρ
1520 1132 1737 1186 ἅπαντα
1781 1130 1984 1201 ὁμοίως
2031 1132 2142 1194 τοῖς

474 1223 707 1294 ἡμέροις
736 1223 834 1294 τὴν
867 1221 1111 1275 δουλείαν
1158 1221 1497 1289 ἐπεγίνωσκε
1529 1221 1625 1274 καὶ
1655 1218 1757 1291 τὴν
1801 1218 2137 1282 δεσποτείαν,

470 1310 741 1364 δείκνυσιν
765 1311 896 1381 ἡμῖν
922 1308 1165 1381 ἀκριϐῶς
1187 1310 1221 1379 ή
1255 1308 1363 1362 τῶν
1395 1309 1674 1379 ὀνομάτων
1714 1308 1881 1371 θέσις.
1923 1306 1988 1359 Δί
2032 1304 2140 1378 γὰρ

473 1397 836 1469 προσηγορίαι
851 1399 1056 1451 ἐκεῖναι
1075 1396 1142 1460 ἀς
1170 1395 1323 1449 εθετο
1352 1396 1538 1458 αὐτοῖς
1570 1396 1733 1466 μέχρι
1752 1393 1844 1448 τοῦ
1875 1393 2140 1466 παρόντος

466 1484 809 1555 διαμένουσιν
831 1501 845 1515 ·
878 1482 1053 1548 οὑτως
1081 1483 1252 1547 αὐτάς
1280 1483 1559 1555 ἐκύρωσεν
1577 1482 1607 1533 ὀ
1632 1482 1785 1547 Θεὸς,
1807 1482 1893 1536 ἴνα
1913 1480 2138 1552 διηνεκῆ

467 1572 776 1643 ὑπόμνησιν
809 1571 1024 1642 ἔχωμεν
1061 1572 1158 1626 καὶ
1180 1571 1281 1642 τῆς
1309 1571 1496 1642 τιμῆς,
1524 1573 1591 1641 ἢν
1619 1570 1680 1635 ἐξ
1711 1570 1885 1641 ἀρχῆς
1918 1568 2139 1636 ἐδέξατο

468 1660 621 1732 παρά
657 1659 755 1714 τοῦ
798 1663 1073 1713 Δεσπότου
1110 1660 1329 1714 πάντων
1380 1660 1443 1723 ι),
1478 1658 1683 1713 τούτων
1719 1658 1817 1728 τὴν
1860 1657 2137 1729 ὑποταγὴν

467 1745 671 1812 λαϐὼν,
703 1746 800 1800 καὶ
823 1748 921 1818 τῆς
943 1746 1290 1818 ἀφαιρέσεως
1310 1744 1461 1816 αὐτῷ
1491 1745 1591 1816 τήν
1618 1744 1797 1798 αἰτίαν
1822 1744 2137 1815 ἐπιγράφω-

469 1850 571 1903 μεν
600 1832 688 1886 διὰ
732 1835 832 1902 τῆς
878 1832 1153 1905 ἁμαρτίας
1202 1832 1301 1903 τὴν
1339 1830 1589 1897 ἐξουσίαν
1634 1831 2133 1902 ἀκρωτηριάσαντι.

467 1919 578 1974 Καὶ
604 1918 900 1975 ἐκάλεσεν
934 1920 1126 1990 Ἀδὰμ,
1159 1920 1342 1991 φησὶν,
1376 1920 1638 1989 ὀνόματα
1668 1917 1819 1973 πᾶσι
1842 1917 1968 1984 τοῖς
1994 1918 2136 1985 κτή-

464 2022 624 2073 νεσι,
652 2008 752 2063 καί
770 2006 921 2064 πᾶσι
956 2009 1082 2075 τοῖς
1113 2008 1408 2075 πετεινοῖς
1422 2008 1529 2063 τοῦ
1555 2007 1837 2077 οὐρανοῦ,
1866 2008 1965 2061 καί
1984 2006 2136 2063 πᾶσι

463 2096 589 2163 τοῖς
619 2096 850 2165 θηρίοις
879 2096 991 2165 τῆς
1015 2094 1147 2166 γῆς.
1193 2096 1476 2151 Ἐντεῦθεν
1505 2097 1606 2167 ήδη
1637 2096 1831 2151 σκόπει
1856 2114 1967 2168 μοι,
1998 2096 2138 2164 ἀγα-

464 2180 627 2249 πητέ,
670 2180 771 2250 τῆς
810 2181 1187 2252 προαιρέσεως
1233 2181 1297 2234 τὸ
1330 2180 1703 2246 αὐτεξούσιον,
1748 2180 1974 2251 καὶτῆς
2009 2196 2137 2233 συν-

464 2264 634 2327 έσεως
664 2263 828 2318 αὐτοῦ
856 2264 955 2333 τήν
981 2263 1308 2334 ὑπερϐολὴν,
1340 2265 1434 2317 καὶ
1470 2265 1547 2334 μὴ
1575 2263 1723 2331 λέγε,
1754 2264 1837 2317 ὃτι
1864 2263 2050 2331 ἠγνόει
2082 2261 2137 2316 τί

464 2352 569 2421 μὲν
601 2351 787 2417 καλὸν,
832 2351 886 2404 τί
921 2351 978 2404 δὲ
1005 2350 1194 2405 κακόν.
1238 2351 1297 2404 '0
1328 2351 1437 2424 γάρ
1472 2350 1720 2420 δυνηθεὶς
1763 2350 2136 2421 καταλλήλους

463 2439 565 2503 τὰς
600 2437 967 2511 προσηγορίας
1000 2441 1111 2502 τοῖς
1140 2438 1393 2509 κτήνεσιν
1431 2437 1723 2501 ἐπιθεῖναι,
1770 2438 1865 2491 καί
1895 2440 2007 2501 τοῖς
2033 2454 2134 2491 πε-

462 2530 676 2590 τεινοῖς,
729 2528 823 2581 καὶ
862 2530 974 2591 τοῖς
1007 2526 1236 2599 θηρίοις,
1286 2527 1381 2580 καί
1417 2527 1492 2598 μὴ
1536 2526 1770 2598 συγχέας
1814 2525 1913 2598 τήν
1957 2524 2132 2591 τάξιν,

464 2614 603 2685 μηδὲ
626 2614 727 2678 τὰς
763 2615 861 2685 μὲν
886 2616 1000 2678 τοῖς
1032 2613 1263 2685 ἡμέροις
1292 2612 1453 2678 ζώοις
1484 2611 1832 2685 ἁρμοζούσας
1863 2630 2138 2684 προσηγο-

462 2704 585 2775 ρίας
612 2706 724 2768 τοῖς
750 2704 961 2775 ἀγρίοις
991 2704 1277 2769 ἐπιθεῖναι,
1306 2703 1440 2775 μηδέ
1461 2705 1560 2767 τὰς
1592 2706 1703 2767 τοῖς
1727 2703 1939 2777 ἀγρίοις
1967 2720 2136 2774 προσι

458 2791 702 2862 ηκούσας
749 2795 865 2856 τοῖς
888 2792 1120 2865 ήμέροις
1159 2792 1443 2864 ἀφορίσαι,
1478 2790 1618 2845 ἀλλὰ
1646 2794 1778 2847 πᾶσι
1806 2792 1903 2855 τὰς
1928 2791 2126 2846 καταλο

461 2880 655 2951 λήλους
674 2880 966 2951 ὀνομασίας
991 2880 1193 2943 δοῦναι,
1218 2878 1335 2942 πῶς
1357 2879 1419 2932 οὐ
1442 2879 1622 2949 πάσης
1646 2878 1837 2948 σοφίας
1863 2878 1957 2933 καὶ
1980 2878 2137 2933 συνέ-

462 2984 601 3032 σεως
618 2968 947 3040 πεπλήρωτο
964 2967 1226 3036 ξΛογίζου
1253 2966 1501 3021 ἐντεῦθεν
1517 2966 1703 3022 λοιπὸν
1724 2968 1823 3039 ὅση
1845 2965 1940 3020 τοῦ
1960 2967 2137 3038 ἐμφυ-

460 3057 703 3127 σήματος
733 3056 943 3110 ἐκείνου
968 3058 1002 3127 ή
1026 3055 1277 3127 δύναμις,
1300 3055 1397 3108 καὶ
1422 3056 1563 3125 πόση
1594 3055 1691 3126 τῆς
1709 3054 2002 3126 ἀσωμάτου
2029 3055 2134 3123 ψυ-

458 3142 562 3213 χῆς
615 3145 648 3214 ἡ
706 3144 888 3212 σοφία,
942 3143 1010 3214 ἢν
1055 3145 1083 3197 ὀ
1132 3144 1408 3214 Δεσπότης
1453 3143 1589 3214 αὐτῇ
1622 3144 1962 3214 κεχάρισται,
1995 3140 2134 3207 ζῶον

456 3226 699 3281 τοιοῦτον
727 3228 822 3282 καὶ
850 3227 1165 3300 θαυμαστὸν
1197 3229 1291 3283 καὶ
1314 3227 1531 3297 λογικὸν
1564 3229 1630 3281 ἐκ
1662 3227 1755 3281 δύο
1799 3227 1996 3281 οὐσιῶν
2037 3245 2131 3281 συ-

459 3312 822 3381 στησάμενος,
852 3313 946 3366 καὶ
976 3313 1076 3384 τὴν
1101 3311 1395 3384 ἀσώματον
1421 3313 1610 3367 οὐσίαν
1646 3312 1748 3382 τῆς
1778 3313 1957 3385 ψυχῆς
1995 3330 2133 3385 συμ-

456 3393 658 3460 πλέξας
713 3392 794 3465 τῷ
857 3394 1092 3466 σώματι,
1140 3396 1390 3468 καθάπερ
1440 3396 1657 3467 ὀργάνῳ
1697 3397 1836 3459 τινὶ,
1882 3396 2130 3468 τεχνίτην

455 3480 698 3552 ἄριστον.
726 3483 893 3537 Ὅταν
916 3480 1010 3537 οὑν
1032 3486 1293 3557 ἐννοήσῃς
1318 3484 1413 3538 τοῦ
1438 3483 1577 3550 ζώου
1596 3485 1782 3539 τούτου
1808 3484 1907 3557 τήν
1933 3485 2129 3539 τοσαύ-

455 3586 556 3640 την
588 3570 802 3640 σοφίαν,
838 3572 1142 3643 ἐκπλήττου
1174 3574 1270 3627 τοῦ
1302 3575 1809 3646 δημιουργήσαντος
1836 3576 1936 3645 τὴν
1969 3575 2130 3630 δύνα-

458 3675 572 3728 μιν.
600 3659 787 3731 Είγάρ
808 3658 901 3714 τοῦ
936 3661 1168 3733 οὐρανοῦ
1200 3662 1261 3716 τὸ
1277 3662 1471 3726 κάλλος
1483 3662 1782 3734 ὁρώμενον,
1812 3663 2131 3734 εὐγνώμονα

456 3745 656 3817 θεατὴν
690 3748 771 3811 εἰς
800 3748 900 3818 τήν
923 3749 1018 3803 τοῦ
1061 3749 1567 3821 δημιουργήσαντος
1592 3750 1954 3822 παραπέμπει
1982 3751 2131 3817 δοξο-

454 3832 644 3901 λογίαν
663 3851 677 3866 ο
707 3834 887 3906 πολλῷ
927 3835 1127 3907 μᾶλλον
1161 3836 1223 3891 τὸ
1249 3836 1468 3905 λογικὸν
1497 3837 1656 3892 τοῦτο
1694 3837 1833 3903 ζῶον
1857 3841 1886 3893 ὀ
1918 3839 2130 3912 ἄνθρω-

456 3938 557 3985 πος
583 3920 875 3995 δυνήσεται
903 3923 971 3976 τὰ
1000 3922 1143 3977 κατά
1184 3925 1285 3995 τὴν
1315 3925 1522 3980 οἰκείαν
1553 3925 1842 3981 διάπλασιν
1875 3926 2128 3995 ἀναλογι-

453 4007 700 4080 ζόμενος,
751 4012 846 4065 καὶ
881 4011 981 4083 τῆς
1012 4013 1179 4084 τιμῆς
1217 4015 1319 4085 τῆς
1361 4014 1803 4087 παρασχεθείσης
1836 4015 1984 4087 αὐτῷ
2028 4016 2129 4086 τὴν

454 4098 783 4171 ὑπερϐολήν,
808 4102 903 4154 καὶ
928 4101 1035 4155 τῶν
1062 4102 1278 4173 δωρεῶν
1299 4101 1367 4157 τά
1394 4103 1623 4175 μεγέθη,
1644 4104 1740 4157 καὶ
1759 4104 1859 4168 τάς
1888 4105 2129 4174 ἀφέτους

453 4187 772 4258 εὐεργεσίας
792 4189 1055 4259 διηνεκῶς
1074 4192 1331 4262 ἀνυμνεῖν
1356 4191 1445 4245 τὸν
1475 4192 1885 4264 παραγαγόντα,
1910 4194 2003 4248 καὶ
2028 4192 2127 4266 τήν

453 4271 597 4326 κατά
616 4272 847 4344 δύναμιν
880 4275 1189 4344 δοξολογίαν
1211 4277 1506 4349 ἀναφέρειν
1525 4278 1604 4349 τῷ
1626 4279 1893 4353 Δεσπότῃ.

520 4357 852 4431 Ἐϐουλόμην
886 4362 979 4413 καὶ
1006 4365 1118 4426 τοῖς
1152 4362 1278 4433 ἑξῆς
1310 4363 1615 4430 ἐπεξελθεῖν
1634 4383 1649 4394 ·
1675 4364 1789 4419 ἀλλ’
1818 4367 1906 4419 ἴνα
1938 4365 2013 4438 μὴ
2046 4366 2126 4438 τῷ

456 4444 649 4516 πλήθει
682 4448 791 4500 τῶν
825 4446 1134 4519 λεγομένων
1176 4450 1580 4521 καταχώσωμεν
1620 4451 1717 4522 τὴν
1759 4454 1981 4525 μνήμην
2017 4454 2125 4509 τῶν

452 4532 553 4603 ήδη
584 4532 905 4603 λεχθέντων,
932 4537 1230 4604 ἀναγκαῖον
1256 4536 1487 4591 ἐνταῦθα
1519 4541 1711 4609 στῆσαι
1733 4539 1824 4592 τὸν
1848 4543 1945 4611 τῆς
1974 4541 2122 4596 διδα-

454 4620 681 4686 σκαλίας
701 4622 880 4693 λόγον.
910 4623 1046 4678 Οὐδὲ
1066 4623 1174 4697 γάρ
1195 4624 1353 4678 τοῦτο
1373 4625 1534 4693 μόνον
1556 4627 1703 4681 ἐστὶν
1723 4630 1855 4699 ήμίν
1877 4629 1937 4684 τὸ
1966 4647 2128 4684 σπου-

448 4707 743 4780 δαζόμενον
774 4710 961 4774 ἁπλῶς
987 4711 1157 4765 πολλὰ
1183 4714 1374 4767 εἰπεῖν·
1407 4712 1542 4766 ἀλλά
1562 4713 1651 4766 διὰ
1683 4713 1841 4768 τοῦτο
1869 4715 2121 4788 λέγομεν,

448 4795 591 4851 ὥστε
608 4797 747 4852 αὐτὰ
760 4798 1022 4871 διηνεκῶς
1039 4799 1067 4852 ὑ
1075 4801 1182 4871 μᾶς
1198 4800 1341 4871 ἔχειν
1357 4801 1381 4853 ἐ
1390 4801 1720 4872 μπεπηγότα
1733 4805 1852 4866 ταῖς
1863 4802 2123 4868 διανοίαις

448 4886 570 4948 ταῖς
619 4884 941 4957 ὑμετέραις,
985 4887 1073 4941 ἵνα
1115 4889 1188 4959 μή
1225 4888 1383 4958 μόνον
1414 4889 1566 4942 αὐτοί
1600 4888 1775 4959 εἰδῆτε
1806 4889 1875 4943 τά
1910 4892 1969 4944 ἐν
2000 4893 2123 4957 ταῖς

448 4967 623 5035 θείαις
650 4972 896 5045 Γραφαῖς
935 4974 1249 5046 ἐγκείμενα,
1275 4975 1411 5029 ἁλλά
1441 4976 1535 5029 καὶ
1565 4976 1772 5046 ἑτέροις
1814 4976 2121 5033 διδάσκαλοι

446 5058 692 5131 γίνησθε,
723 5061 1014 5134 δυνάμενοι
1046 5067 1143 5118 καὶ
1171 5063 1365 5128 ἄλλους
1390 5062 1682 5118 νουθετεῖν.
1717 5065 1988 5131 Ἕκαστος
2009 5068 2121 5120 τοί-

445 5163 543 5201 νυν
570 5148 744 5219 ὑμῶν,
773 5151 1099 5223 παρακαλῶ,
1138 5152 1387 5208 ἐντεῦθεν
1408 5154 1588 5223 ἐξιὼν,
1619 5154 1758 5226 μετὰ
1778 5154 1871 5209 τοῦ
1893 5155 2121 5228 πλησίον

447 5234 876 5304 άναλαμϐανέτω
906 5251 930 5278 ο
970 5240 1080 5292 τῶν
1122 5241 1429 5311 εἰρημένων
1475 5244 1575 5315 τὴν
1622 5246 1861 5315 μνήμην,
1909 5246 2004 5298 καὶ
2051 5245 2121 5299 τὰ

452 5321 582 5390 παρ’
608 5321 803 5375 ἑαυτοῦ
829 5327 1120 5397 εἰσφέρων,
1145 5328 1386 5398 δεχέσθω
1411 5331 1505 5384 καὶ
1526 5332 1597 5384 τά
1617 5334 1749 5402 παρ’
1775 5333 1965 5403 ἐτέρου
1993 5350 2123 5405 μνη-

455 5407 807 5477 μονευθέντα.
851 5410 1003 5483 [1141
1048 5416 1160 5469 Καὶ
1193 5416 1338 5471 οὕτω
1373 5418 1723 5488 συλλέγοντες
1750 5420 1986 5483 ἅπαντα,
2021 5422 2119 5476 καὶ

449 5493 673 5549 ἔναυλον
703 5495 882 5550 αὐτῶν
915 5498 1130 5570 ἔχοντες
1149 5504 1249 5575 τήν
1276 5506 1518 5577 μνήμην,
1545 5506 1729 5561 οἴκαδε
1759 5508 2115 5580 ἀναχωρεῖτε,

448 5582 542 5636 καὶ
574 5582 698 5636 καθ’
730 5584 958 5651 ἑαυτοὺς
999 5589 1492 5664 ἀναμηρυκώμενοι
1522 5594 1590 5649 τὰ
1623 5595 1742 5649 θεῖα
1773 5595 1944 5650 ταῦτα
1969 5596 2118 5651 διδάυο

445 5686 636 5755 γματα
652 5685 673 5755 κέ
698 5669 785 5724 ἴνα
810 5671 868 5725 ἐν
896 5673 1108 5739 τούτοις
1118 5668 1340 5747 ἔχοντες
1355 5681 1456 5752 τήν
1472 5681 1745 5755 μέριμναν
1766 5683 2005 5751 ἃπασαν,
2023 5685 2118 5738 καὶ

446 5754 801 5827 ἀσχολοῦντες
829 5758 985 5829 ὐμων
1012 5760 1111 5833 τὴν
1154 5763 1412 5835 διάνοιαν,
1442 5754 1673 5840 δύνησθε
1710 5770 1828 5841 μετ’
1868 5770 2119 5835 εὐκολίας

505 5864 533 5893 ⁸
554 5861 646 5911 mc
679 5861 829 5926 longe
852 5863 1033 5917 melius
1068 5869 1264 5931 legatur
1284 5872 1481 5933 ἀνόητα,
1507 5872 1693 5925 insana.
1717 5875 1903 5924 Omnes
1946 5883 2108 5925 tamen

442 5938 558 5997 ηικςξ
592 5922 777 5997 Ιιψειη
809 5927 1286 5997 ἀνόνηταηίιριζίίιία.
1378 5935 1408 5975 ιι
1436 5935 1585 5984 Savil.
1626 5942 1680 5984 cl
1721 5938 1920 5997 quidam
1973 5950 2089 5986 mss.

441 5983 952 6060 uaga‘rgngem‘zo'rqv
980 5983 1220 6060 ὀζξᾼδάμ,
1244 6000 1307 6060 οι
1330 5996 1402 6060 sic
1431 5983 1557 6058 légil
1577 5983 2108 6060 ίὶιίίενρτὸξψίεῐὶιιῦέ.

504 6054 525 6081 τ
553 6048 751 6099 Coislin.
775 6050 997 6112 πλησίον,
1018 6053 1140 6102 ἀλλὰ
1170 6048 1479 6115 λαμϐανέτω.

1257 406 1316 460 S.
1353 404 1643 461 JOANMS
1686 400 2170 459 CHRYSOSTOMI
2215 400 2539 459 ARCIIIEP.
2576 400 3126 461 CONSTANTIMP.

3831 408 3931 468 118

2253 517 2640 590 περιγενέσθαι
2668 518 2764 573 καὶ
2790 519 2899 573 τῶν
2932 519 3123 574 παθῶν
3149 518 3260 574 τῶν
3294 520 3674 592 ἐνοχλούντων,
3710 523 3807 576 καὶ
3828 528 3928 591 τὰς

2247 604 2341 657 τοῦ
2384 605 2634 660 διαϐόλου
2669 606 2919 678 μηχανὰς
2947 607 3254 677 διαφυγεῖν.
3293 609 3466 665 Ἔνθα
3517 612 3628 684 γὰρ
3678 613 3749 666 ἂν
3784 613 3871 684 Ean
3896 625 3924 674 δ

2250 692 2488 764 πονηρὸς
2507 692 2718 764 δαίμων
2742 696 2948 758 ἐκεῖνος
2968 693 3146 766 ψυχὴν
3168 695 3237 749 τὰ
3258 696 3355 749 τοῦ
3379 697 3515 751 Θεοῦ
3544 700 3925 770 μεριμνῶσαν,

2248 781 2342 833 καὶ
2355 780 2619 849 διηνεκῶς
2649 783 2834 836 έκεϊνα
2852 784 3285 854 φανταζομένην.
3306 786 3398 838 καὶ
3421 786 3596 840 ταῦτα
3623 789 3925 860 περιστρέο

2248 883 2473 937 φουσαν.
2501 867 2622 920 οὐδὲ
2650 869 3012 941 προσεγγίσαι
3032 870 3225 943 τολμᾷ,
3251 872 3387 926 ἀλλά
3404 873 3612 944 ταχέως
3639 875 3926 946 ἀποπηδᾷ,

2246 952 2499 1024 καθάπερ
2542 954 2650 1007 ἀπὸ
2697 956 2869 1026 πυρός
2899 956 2927 997 ἀ
2960 973 3127 1020 τινος,
3175 958 3281 1011 ὑπὸ
3315 958 3415 1029 τῆς
3459 959 3554 1012 τοῦ
3600 960 3927 1031 Πνεύματος

2245 1041 2527 1110 ἐνεργείας
2559 1042 3014 1113 φυγαδευόμενος.
3049 1046 3146 1098 Ἰν⁹
3165 1041 3258 1098 οὖν
3285 1046 3383 1099 καὶ
3405 1045 3560 1100 αὐτοὶ
3584 1046 3656 1100 τά
3686 1048 3926 1117 μέγιστα

2245 1141 2306 1177 κε
2314 1125 2642 1197 ρδαίνωμεν,
2665 1129 2924 1182 κάκείνου
2943 1131 3328 1201 περιγενέσθαι
3341 1131 3683 1203 δυνηθῶμεν,
3702 1133 3803 1186 καὶ
3822 1133 3925 1202 τὴν

2245 1213 2397 1285 παρὰ
2423 1215 2518 1268 τοῦ
2548 1215 2684 1269 Θεοῦ
2715 1217 2890 1289 ῥοπὴν
2932 1217 3192 1287 μειζόνως
3219 1217 3674 1291 ὲπισπασώμεθα,
3701 1222 3763 1273 ἐν
3797 1222 3925 1274 τού-

2241 1317 2354 1365 τοις
2385 1302 2706 1374 ἀσχολῶμεν
2735 1305 2893 1375 ήμῶν
2913 1305 3016 1376 τήν
3039 1305 3297 1362 διάνοιαν.
3331 1306 3489 1360 Οὕτω
3519 1306 3630 1377 γὰρ
3656 1310 3793 1379 ήμίν
3826 1311 3925 1363 καὶ

2240 1389 2311 1443 τά
2346 1390 2406 1443 ἐν
2448 1391 2606 1462 χερσὶ
2635 1392 2815 1446 πάντα
2857 1391 3407 1464 ἐξευμαρισθήσεται.
3450 1395 3544 1449 καὶ
3575 1396 3646 1451 τά
3680 1395 3923 1452 δύσκολα

2241 1478 2438 1534 εὐκολα
2475 1481 2784 1552 γενήσεται,
2821 1482 2916 1534 καὶ
2950 1481 3021 1534 τά
3045 1481 3307 1536 δοκοῦντα
3339 1478 3479 1537 εἶναι
3520 1483 3746 1557 λυπηρά
3778 1505 3919 1558 χρη-

2241 1567 2365 1620 στὸν
2391 1566 2621 1639 λήψεται
2652 1568 2824 1633 τέλος.
2857 1568 2955 1622 καὶ
2988 1570 3142 1623 οὐδὲν
3173 1571 3320 1640 ήμᾶς
3362 1570 3472 1624 τῶν
3499 1572 3786 1644 παρόντων
3825 1574 3922 1628 λυ-

2242 1655 2415 1725 πῆσαι
2444 1655 2754 1727 δυνήσεται.
2803 1656 2930 1710 Ἐὰν
2968 1657 3078 1729 γάρ
3116 1659 3184 1712 τὰ
3212 1658 3306 1711 τοῦ
3347 1658 3486 1712 Θεοῦ
3533 1661 3917 1732 μεριμνῶμεν,

2238 1743 2309 1796 τὰ
2332 1743 2578 1814 ήμέτερα
2622 1743 2785 1807 αὐτὸς
2815 1747 3165 1815 μεριμνήσει,
3197 1747 3292 1799 καὶ
3332 1746 3473 1818 μετά
3496 1746 3700 1819 πολλῆς
3733 1750 3918 1813 ἀδείας

2238 1831 2300 1883 τὸ
2333 1831 2568 1899 πέλαγος
2602 1830 2696 1885 τοῦ
2738 1832 3006 1902 παρόντος
3041 1830 3160 1901 βίου
3194 1832 3626 1904 διαπλεύσομεν,
3673 1838 3773 1889 καὶ
3813 1838 3919 1891 ὐπό

2238 1917 2332 1972 τοῦ
2366 1918 2603 1987 μεγάλου
2629 1918 2964 1990 κυϐερνήτου
2987 1918 3081 1971 τοῦ
3098 1920 3191 1973 ὲπὶ
3219 1921 3433 1975 πάντων
3452 1921 3590 1976 Θεοῦ
3612 1922 3911 1995 ὁδηγούμει

2238 2023 2341 2069 νοι,
2376 2008 2792 2077 καταντήσομεν
2828 2007 2905 2070 εἰς
2926 2006 3021 2060 τὸν
3044 2006 3238 2078 λιμένα
3262 2009 3362 2080 τῆς
3386 2010 3581 2063 τούτου
3603 2010 3912 2084 φιλανθρω-

2239 2093 2389 2159 πίας,
2416 2088 2462 2162 ᾧ
2486 2096 2519 2166 ἡ
2541 2094 2670 2159 δόξα
2694 2106 2717 2134 ο
2748 2094 2844 2149 καὶ
2868 2096 2929 2148 τὸ
2955 2096 3177 2169 κράτος,
3195 2096 3291 2151 νῦν
3317 2098 3411 2150 καὶ
3429 2098 3538 2163 ἀεὶ,
3562 2099 3660 2153 καὶ
3683 2102 3766 2165 εἰς
3787 2102 3914 2165 τοὺς

2238 2183 2629 2254 ἀτελευτήτους
2654 2184 2857 2248 αἰῶνας
2890 2183 2999 2238 τῶν
3030 2183 3262 2239 αἰώνων.
3305 2186 3498 2257 Ἀμήν.

2874 2269 3113 2325 UMIAIA
3154 2272 3258 2327 ιε’.

2244 2354 2333 2429 Τῷ
2357 2354 2447 2429 δέ
2470 2356 2651 2426 Ἀδὰμ
2683 2360 2796 2426 οὐχ
2824 2357 3035 2429 εὑρέθη
3066 2358 3296 2425 ,βοηθὸς
3336 2358 3538 2429 ὅμοιος
3567 2360 3750 2428 αὐτῷ.
3802 2364 3915 2418 Καὶ

2308 2425 2622 2502 ἐπέϐαλεν-ί
2655 2430 2706 2502 ό-
2737 2425 3204 2502 ξεὸςᾲέκο-τασιει
3246 2425 3526 2502 ἐπΓτὸιζ
3568 2425 3767 2502 Ἀδὰμ,
3809 2437 3911 2488 καί

2308 2496 2573 2572 ὑπνωᾳᾳ.
2603 2498 2712 2552 Καὶ
2742 2499 2921 2572 ἐλᾳόε
2943 2496 3239 2572 μίαν-τῶν
3275 2499 3554 2572 πλευρῶν
3575 2496 3787 2572 αὐτοῦ,
3809 2503 3911 2558 καὶ

2306 2565 2702 2633 ἀνεπλήρωσε
2748 2565 2956 2636 σάρκα
2983 2568 3110 2621 ἀντ’
3152 2567 3370 2638 αὐτῆς.
3415 2565 3528 2624 Καὶ
3555 2565 3914 2638 ᾠκοδόμησε

2307 2638 2522 2710 Κύριος
2547 2640 2597 2710 όν
2628 2639 2771 2703 Θεὸς
2800 2638 2915 2710 τῂν
2942 2637 3230 2706 πλευρὰν,
3276 2641 3357 2710 ἣν
3385 2637 3606 2695 ἔλαϐεν
3643 2637 3767 2697 ἀπὸ
3802 2637 3914 2699 τοῦ

2320 2654 2393 2690 rw
2433 2654 2522 2702 ιος
2547 2654 2579 2690 ο
2628 2654 2771 2703 σειπς
2800 2654 2915 2703 την
2942 2677 2945 2688 .

2320 2654 2522 2775 Ἀἕὰμ
2551 2709 2640 2773 εἰς
2669 2708 2945 2776 γυναῖκα.

2303 2801 2369 2848 α’.
2395 2795 2599 2859 Πολλὰς
2620 2796 2748 2866 ὑμῖν
2768 2795 2878 2866 έχω
2900 2797 3151 2868 χάριτας,
3175 2798 3258 2851 ὅτι
3281 2798 3421 2869 μετά
3441 2799 3643 2871 πολλῆς
3658 2800 3758 2871 τῆς
3783 2818 3912 2873 προ-

2237 2879 2435 2951 θυμίας
2464 2882 2589 2952 χθὲς
2622 2879 2874 2947 ἐδέξασθε
2921 2884 3021 2955 τὴν
3056 2886 3185 2957 παρ’
3224 2884 3381 2956 ήμῶν
3418 2886 3772 2958 παραίνεσιν,
3811 2889 3910 2942 καὶ

2236 2972 2371 3042 πρὸς
2392 2971 2452 3024 τὸ
2474 2971 2646 3043 μῆκος
2662 2970 2770 3024 τῶν
2790 2972 3094 3044 εἰρημένων
3108 2974 3169 3026 οὑ
3196 2974 3354 3045 μόνον
3374 2975 3475 3029 οὐκ
3486 2975 3906 3047 ἐδυσχεράνατε.

2235 3059 2370 3113 ἀλλά
2411 3060 2506 3113 καὶ
2537 3059 2699 3131 μέχρι
2730 3049 2826 3113 τοῦ
2858 3059 3046 3125 τέλους
3083 3060 3227 3114 οὑτω
3261 3062 3797 3135 παρηκολουθήσατε,
3831 3065 3907 3128 ὡς

2233 3148 2551 3219 ἀκμάζοντα
2583 3148 2613 3200 ὑ
2621 3151 2712 3220 μῖν
2746 3149 3103 3219 ἐναπομεὼαι
3125 3150 3216 3204 τὸν
3239 3153 3340 3221 τῆς
3363 3152 3680 3221 ἀκροάσεως
3705 3153 3904 3207 πόθον·

2230 3236 2355 3291 ὅθεν
2391 3235 2486 3289 καὶ
2514 3235 2758 3307 χρηστὰς
2781 3238 2912 3307 ήμῐν
2943 3236 3045 3301 τάς
3085 3237 3305 3302 ἐλπίδας
3347 3239 3683 3312 ὑπεφήνατε,
3712 3242 3790 3306 ὡς
3817 3243 3905 3296 διὰ

2231 3325 2339 3378 τῶν
2380 3323 2556 3394 ἐργων
2584 3323 2985 3396 ἐπιδειξάμενοι
3014 3324 3083 3379 τά
3116 3326 3217 3396 τῆς
3266 3328 3535 3399 ³ιμετέρας
3568 3328 3901 3400 συμϐουλῆς.

2244 3411 2302 3466 '0
2328 3412 2436 3483 γὰρ
2466 3410 2606 3481 μετά
2633 3410 2901 3483 τοσαύτης
2926 3411 3119 3484 ήδονῆς
3146 3413 3383 3477 ἀκούων,
3404 3414 3562 3485 δῆλος
3587 3414 3651 3468 ἂν
3687 3416 3773 3488 εἴη
3807 3419 3904 3473 καὶ

2231 3500 2368 3572 πρὸς
2398 3500 2496 3571 τὴν
2524 3498 2613 3553 διὰ
2642 3499 2751 3553 τῶν
2776 3498 2952 3571 ἔργων
2984 3499 3184 3571 πρᾶξιν
3216 3503 3733 3573 παρεσκευασμένος
3752 3520 3765 3533 ·
3801 3506 3898 3559 ἆλ-

2231 3589 2340 3652 λως
2378 3588 2435 3642 δὲ
2468 3589 2563 3642 καὶ
2593 3589 2627 3658 ή
2662 3586 2757 3641 νῦν
2786 3588 2939 3659 ὑμῶν
2971 3578 3242 3661 συνδρομὴ
3269 3590 3567 3662 τεκμήριον
3593 3590 3659 3645 ἂν
3690 3592 3903 3660 γένοιτο

2228 3678 2329 3747 τῆς
2366 3676 2509 3730 κατά
2550 3676 2727 3747 ψυχήν
2760 3675 2914 3747 ὑμῶν
2952 3676 3183 3744 ὑγιείας.
3228 3677 3441 3750 Ὠσπερ
3471 3678 3580 3750 γὰρ
3615 3679 3678 3733 τό
3711 3683 3902 3751 πεινῇν

2232 3762 2553 3834 σωματικῆς
2578 3764 2791 3830 εὐεξίας
2819 3764 3044 3835 σημεῖόν
3074 3765 3242 3828 ἐστιν,
3272 3765 3415 3820 οὑτω
3433 3766 3495 3819 τὸ
3525 3766 3717 3835 λογίων
3742 3766 3901 3822 θείων

2230 3854 2358 3924 ὲρᾷν
2392 3851 2628 3923 ψυχικῆς
2674 3851 2883 3921 ὑγιείας
2928 3852 3226 3922 τεκμήριον
3257 3851 3323 3906 ἃν
3368 3853 3578 3921 γένοιτο
3620 3854 3900 3925 μέγιστον.

2243 3939 2396 3993 Ἐπεὶ
2424 3934 2517 3993 οῦν
2542 3940 2570 3992 ὀ
2603 3937 2815 4011 καρπδς
2847 3937 2947 4007 τῆς
2975 3938 3248 4009 ὑμετέρας
3278 3939 3514 4009 σπουδῆς
3541 3939 3778 3993 δείκνυσι
3801 3942 3903 4012 τῆς

2229 4025 2477 4097 ὑπακοῆς
2502 4024 2602 4095 τήν
2630 4024 2995 4096 ἐκπλήρωσιν,
3020 4024 3151 4094 φέρε
3179 4026 3273 4079 καὶ
3304 4028 3464 4097 ήμείς
3484 4027 3575 4081 τὸν
3603 4028 3902 4098 μισθὸν,δν

2229 4113 2579 4185 ὑπεσχόμεθα
2626 4112 2774 4183 χθὲς,
2824 4112 3219 4183 καταϐάλωμεν
3258 4113 3411 4184 ὑμῶν
3439 4116 3506 4187 τῇ
3547 4115 3768 4188 ἀγάπῃ
3800 4117 3901 4186 τὴν

2230 4201 2611 4272 πνευματικὴν
2642 4200 2846 4268 ταύτην
2884 4199 3028 4268 λέγω
3059 4199 3407 4256 διδασκαλίαν
3438 4202 3530 4255 τὸν
3565 4203 3780 4274 μισθὸν,
3808 4207 3901 4260 καί

2232 4307 2324 4361 μοι
2364 4287 2444 4360 τῷ
2470 4288 2863 4343 καταϐάλλοντι
2896 4286 2914 4328 τ
2947 4288 3243 4359 δυνάμενον
3271 4289 3507 4360 αὐξῆσαι
3552 4291 3648 4362 τὴν
3675 4309 3903 4365 περιου-

2231 4375 2370 4440 σίαν,
2431 4373 2583 4447 [115]
2623 4375 2716 4429 καὶ
2759 4376 2905 4447 ὑμᾶς
2952 4377 3083 4440 τούς
3134 4376 3565 4448 ὑποδεχομένους
3614 4379 3900 4445 πλουσίους

2227 4434 2695 4531 ἀπεργάζόμένον.
2746 4434 2984 4513 Τοιαῦτα
3011 4434 3119 4529 γάρ
3134 4434 3383 4514 (ἃπαντα.
3403 4458 3472 4514 τά
3519 4434 3901 4530 πνευματικάῖ

2225 4547 2363 4617 ὅπερ
2398 4546 2491 4598 ἐπὶ
2521 4545 2630 4599 τῶν
2659 4545 2934 4617 αἰσθητῶν
2965 4545 3307 4617 πραγμάτων
3336 4547 3436 4601 οὐκ
3470 4546 3571 4603 ἔνι.
3613 4549 3760 4602 Ἐκεί
3799 4550 3900 4621 μὲν

2225 4634 2334 4705 γὰρ
2378 4636 2407 4687 ὀ
2442 4632 2766 4689 καταϐαλὼν
2806 4633 3118 4704 ἠλάττωσεν
3160 4634 3327 4688 αὐτοῦ
3371 4635 3471 4706 τὴν
3503 4636 3691 4691 οὐσίαν
3719 4677 3735 4700 ,
3805 4640 3899 4692 καὶ

2224 4718 2314 4771 τὸν
2370 4716 2768 4787 ὑποδεχόμενον
2819 4716 3195 4789 εὐπορώτερον
3237 4720 3610 4790 κατέστησεν
3662 4721 3899 4776 ἐνταῦθα

2224 4799 2282 4853 δὲ
2318 4801 2417 4870 οὐχ
2472 4799 2666 4863 οὑτως,
2718 4799 2854 4853 ἀλλά
2898 4801 2993 4853 καὶ
3035 4802 3064 4853 ὀ
3112 4800 3431 4855 καταϐαλὼν
3474 4800 3645 4874 ταύτῃ
3700 4803 3900 4872 μᾶλλον

2225 4882 2317 4937 τόν
2347 4883 2546 4937 οἰκεῖον
2580 4882 2810 4937 πλοῦτον
2853 4881 3029 4947 αὔξει,
3065 4884 3160 4936 καὶ
3188 4886 3302 4948 τοῖς
3330 4884 3743 4956 ὑποδεχομένοις
3777 4889 3898 4956 μείο

2223 4963 2332 5029 ζων
2363 4966 2396 5036 ή
2429 4965 2717 5036 περιουσία
2743 4965 2971 5033 γίνεται.
3037 4966 3191 5020 Ἐπεὶ
3216 4962 3310 5020 οῦν
3348 4967 3444 5021 καί⁵
3487 4970 3647 5038 ἡμεῖς
3690 4969 3903 5038 ἕτοιμοι

2223 5046 2361 5116 πρὸς
2400 5046 2845 5118 εὐγνωμοσύνην.
2881 5048 2975 5100 καὶ
3005 5048 3163 5116 ὑμεῖς
3191 5051 3239 5102 οἰ
3287 5048 3644 5120 ὑποδέχεσθαι
3677 5050 3903 5121 μέλλον-

2221 5145 2314 5192 τες
2360 5128 2451 5183 τὸν
2487 5128 2713 5182 πλοῦτον
2753 5128 2944 5184 τοῦτον
2994 5130 3084 5185 τὸν
3118 5132 3503 5202 πνευματικὸν,
3538 5133 3893 5203 εὐτρεπισμέο

2222 5228 2347 5272 νους
2378 5210 2531 5280 ἔχετε
2572 5212 2701 5274 τοὺς
2751 5210 2983 5276 κόλπους
3022 5213 3122 5283 τῆς
3147 5212 3410 5277 διανοίας
3451 5215 3583 5285 φέρε
3628 5215 3726 5282 τὴν
3760 5217 3894 5269 ὑπόο

2224 5310 2409 5365 σχεσιν
2458 5293 2860 5366 πληρώσωμεν,
2916 5297 3012 5350 καὶ
3056 5297 3154 5367 τῆς
3216 5297 3537 5361 ἀκολουθίας
3578 5298 3742 5352 πάλιν
3788 5300 3899 5353 τῶν

2223 5377 2375 5449 παρὰ
2408 5377 2502 5430 τοῦ
2540 5378 2809 5449 μακαρίου
2844 5381 3122 5445 Μωῦσέως
3147 5381 3575 5451 ἀνεγνωσμένων
3602 5381 3896 5452 ἁψάμενοι,

2220 5460 2472 5515 ἐντεῦθεν
2518 5463 2647 5532 ὑμῖν
2686 5462 2778 5515 τὸν
2812 5461 3000 5531 μισθὸν
3029 5463 3444 5534 καταϐάλωμεν.
3482 5463 3616 5517 Τίνα
3658 5459 3751 5518 οὖν
3780 5465 3902 5520 ἐστι

2218 5546 2287 5599 τά
2316 5549 2556 5616 σήμερον
2595 5545 2986 5615 ἀνεγνωσμένα
3017 5546 3313 5623 ἀναγκαῖον
3356 5546 3436 5609 εἰς
3470 5547 3634 5617 μέσον
3682 5545 3898 5617 προθεί-

2164 5668 2167 5669 ν
2218 5646 2330 5691 ναι,
2380 5629 2447 5681 ἵν’
2478 5627 2621 5681 οὑτω
2676 5628 2814 5698 μετὰ
2865 5627 3152 5697 ἀκριϐείας
3190 5628 3612 5700 διερευνώμενον
3651 5629 3743 5682 τὸν
3786 5632 3897 5693 τοῖς

2220 5712 2429 5781 ῥήμασι
2495 5711 3047 5781 ἐναποκεκρυμμένον
3113 5710 3344 5768 πλοῦτον
3402 5713 3512 5765 τῶν
3580 5711 3891 5783 νοημάτων,

2280 5809 2309 5852 «Ι
2323 5814 2543 5878 S‘avilfel
2561 5814 2759 5878 quidam
2784 5827 2901 5878 mss.
2922 5815 3023 5878 ἀπὸ
3041 5820 3209 5878 πυρᾶς.
3236 5815 3408 5865 Morel.
3435 5823 3489 5865 et
3505 5813 3589 5878 alii
3610 5815 3707 5878 ἀπὸ
3729 5815 3891 5878 πυρός-

2290 5875 2546 5954 Ξείέἔ⁵¹ίῖ¹έ
2575 5874 2946 5954 ειΡ-οξνθιωπίξξν
2965 5874 3688 5954 λάρυίέαῖίιιλενθρωνξίιβιῖι
3715 5874 3892 5954 ιειίβίιυ

2290 5894 2313 5913 ις
2341 5894 2546 5954 uanum;
2582 5894 2946 5945 φικανυρῳπιας,
2965 5894 3126 5954 χαριτι
3155 5894 3238 5925 και
3259 5894 3581 5985 φιλανυρωπιᾳ
3601 5894 3688 5923 του
3717 5894 3888 5937 λυριου

2220 5938 2353 5998 ὑμῶν
2398 5939 2553 6010 ⁹Ιησου
2575 5939 2805 5998 Χριστου,
2833 5937 2932 6006 μεθ’
2956 5954 3012 5985 ου
3032 5939 3103 6010 τῷ
3129 5938 3266 5999 Πατρ
3291 5975 3304 5997 ,
3338 5938 3439 6001 ἅμα
3469 5939 3540 5999 τῷ
3557 5937 3698 6045 ,ἀγίῖ
3743 5936 3888 5985 Ilva?-

2222 6014 2333 6045 ηατι
2359 5998 2489 6045 δοξα.
2514 6005 2610 6045 elc.
2685 5999 2703 6035 ί
2733 5998 2908 6045 Sam“
2942 5998 3085 6045 Rom:
3126 6001 3324 6045 auidam
3346 6005 3400 6045 et
3419 5999 3622 6045 Coislm.
3693 6000 3888 6045 ιδασκα-

2222 6014 2333 6061 ματι
2359 5998 2489 6061 δόξα,
2514 6005 2610 6046 elc.
2666 5999 2703 6061 ,ί
2733 5998 2908 6056 Savil.,
2942 5998 3085 6061 Regii
3126 5998 3324 6061 quidam
3346 5998 3622 6061 elAColslin_.
3660 5998 3892 6047 διδασκα-

2221 6060 2513 6121 λίαν,μισθόν
2535 6060 2680 6121 κάμοὶ
2706 6062 2775 6122 τῷ
2796 6058 3160 6122 καταϐάλλοντι,
3184 6069 3233 6110 οι
3256 6062 3326 6112 sic
3350 6058 3498 6110 etiam
3511 6059 3739 6111 Colberl.
3755 6073 3891 6109 unus.
