4110 6414
172 482 264 538 ll'l

168 597 346 653 omnia
372 594 536 652 etiam
569 593 687 649 illis
724 592 1104 647 truenlentiora
1146 589 1213 644 ad
1244 589 1392 643 illum
1421 586 1571 658 quasi
1597 583 1773 639 donti-

174 706 304 747 num
347 688 494 747 omni
522 702 648 743 eum
693 684 1023 755 sultjectiune
1051 689 1413 745 accesserunt,
1463 689 1519 733 et
1562 675 1777 732 nomina

176 788 501 853 acceperunt
521 821 535 843 ,
566 793 669 833 nec
699 777 862 831 ullum
890 776 1100 830 illorum
1140 773 1341 828 veritus
1367 779 1447 825 est
1479 768 1666 824 Adam.
1700 765 1778 822 Ne

178 876 343 945 igitur
368 879 559 942 arguat
586 868 801 938 aliquis,
828 865 968 937 quod
1014 880 1043 918 a
1074 865 1184 919 Deo
1227 863 1335 916 sint
1375 869 1575 925 creata,
1607 873 1779 926 neque

181 977 374 1021 contra
422 960 679 1032 Opificem
730 959 960 1027 linguam
1011 966 1187 1019 aeuat,
1238 954 1347 1007 imo
1388 959 1575 1006 contra
1624 963 1778 1001 suum

183 1065 371 1128 caput,
402 1054 633 1111 dicendo
678 1051 769 1107 illa
811 1052 994 1104 insana
1036 1048 1199 1103 verba
1229 1044 1431 1113 :anus
1454 1044 1622 1114 gratia
1656 1040 1781 1096 fera:

188 1149 466 1220 productas
484 1146 652 1201 sunt?
682 1143 1007 1199 Namomnia
1032 1139 1252 1211 perinde
1279 1154 1342 1194 ac
1366 1145 1638 1191 mansueta
1666 1150 1777 1189 ser-

184 1244 413 1296 vitutem
455 1243 825 1309 agnoverunt;
872 1241 929 1290 et
974 1231 1267 1287 dominium
1308 1228 1587 1284 manifeste
1628 1226 1784 1281 nobis

188 1341 459 1388 monstrat
511 1329 785 1384 nominum
843 1324 1132 1396 impositio.
1180 1321 1405 1377 Nomina
1448 1320 1612 1386 enim,
1663 1332 1784 1388 qnze

190 1424 453 1496 imposuit
480 1421 606 1486 illis,
639 1433 807 1488 usque
838 1418 891 1471 in
922 1416 1239 1471 hodiernum
1267 1413 1406 1468 diem
1427 1418 1781 1483 permanent:

193 1518 261 1572 ita
288 1516 441 1571 enim
466 1514 583 1567 lucc
622 1509 851 1565 ﬁrmavit
880 1509 1038 1572 Deus,
1067 1515 1128 1561 ut
1154 1512 1461 1575 perpetuam
1495 1500 1786 1556 habeamus

195 1607 512 1664 memoriam
569 1603 803 1667 honoris,
855 1616 1012 1671 quem
1068 1599 1218 1653 initio
1256 1596 1425 1651 Adam
1482 1610 1515 1650 a
1560 1592 1787 1648 Domino

194 1701 439 1755 omnium
470 1696 698 1765 accepit,
726 1696 877 1750 bruta
908 1694 1008 1748 sibi
1040 1690 1249 1748 subdita
1280 1689 1502 1753 habens,
1533 1695 1587 1743 et
1625 1685 1788 1741 ablati

194 1793 362 1862 hujus
385 1805 602 1844 causam
633 1789 705 1843 illi
738 1786 1125 1848 adsrribamus,
1154 1782 1245 1854 qui
1270 1790 1485 1852 peccato
1525 1793 1622 1834 suo
1650 1777 1791 1832 hanc

195 1900 349 1940 snam
388 1892 707 1954 potestatem
757 1877 1037 1933 mutilavit.
1075 1875 1167 1932 20.
1218 1874 1286 1929 Et
1327 1874 1550 1937 donavit,
1597 1871 1788 1942 inquit,

198 1976 365 2029 Adam
411 1975 618 2028 nomina
649 1971 880 2026 omnibus
910 1966 1191 2039 pecoribus,
1223 1976 1270 2021 et
1311 1966 1541 2021 omnibus
1569 1963 1790 2018 volatili-

201 2067 291 2119 bus
316 2064 451 2130 ctuti,
479 2073 526 2119 et
547 2061 775 2116 omnibus
806 2060 970 2114 bestiis
998 2068 1162 2113 terra.
1189 2057 1324 2112 llinc
1345 2056 1454 2126 jam
1488 2054 1791 2123 considera,

201 2160 417 2225 dilecte,
442 2155 733 2212 voluntatis
762 2153 1085 2216 libertatem,
1114 2160 1169 2206 et
1208 2148 1482 2221 sapientia:
1511 2147 1627 2217 ejus
1656 2147 1784 2202 emi~

203 2250 462 2314 nentiam,
489 2256 622 2302 etne
640 2245 789 2300 dicas
816 2259 938 2299 eum
964 2244 1240 2311 ignorasse
1262 2240 1387 2311 quid
1418 2229 1637 2303 bonum,
1669 2235 1793 2308 quid

208 2342 429 2396 malum.
457 2341 589 2396 Nam
630 2340 719 2410 qni
747 2338 921 2409 potuit
944 2336 1198 2406 congruis
1230 2333 1533 2389 nominibus
1552 2332 1793 2403 iumenta

205 2434 499 2505 appellare,
549 2441 604 2488 et
642 2431 875 2486 volatilia
919 2429 1058 2490 eteli,
1109 2439 1163 2483 et
1204 2428 1337 2482 alias
1371 2427 1589 2491 bestias,
1623 2439 1796 2494 neque

204 2527 451 2580 ordinem
480 2522 745 2588 confudit,
777 2537 949 2592 neque
977 2521 1273 2576 mansuetis
1317 2518 1636 2573 animalibus
1660 2532 1795 2571 eon-

210 2615 480 2672 venientia
513 2612 639 2669 feris
662 2614 935 2684 imposuit,
982 2627 1082 2667 nec
1111 2611 1237 2666 feris
1267 2610 1613 2680 congruentia
1640 2624 1794 2662 man-

205 2709 373 2763 suetis
393 2707 658 2770 attribuit,
688 2706 782 2761 sed
825 2705 1073 2759 omnibus
1102 2720 1197 2759 sua
1227 2702 1374 2758 dedit
1401 2701 1637 2764 nomina,
1666 2714 1799 2768 quo-

207 2801 367 2854 modo
398 2816 505 2854 non
535 2799 678 2853 omni
705 2798 962 2868 sapientia
993 2804 1048 2852 ct
1075 2796 1331 2851 industria
1364 2794 1636 2864 pollebat?
1664 2792 1798 2847 llinc

206 2893 403 2961 Cogita,
454 2900 649 2960 quanta
701 2889 861 2960 hujus
906 2889 1157 2959 spiraculi
1206 2886 1257 2941 in
1309 2886 1399 2940 illo
1441 2885 1698 2955 putentia,
1745 2891 1801 2937 et

206 2996 403 3055 quanta
433 2986 764 3054 incorporea:
790 2984 985 3040 anima:
1029 2985 1310 3055 sapientia,
1343 2999 1500 3053 qumn
1545 2981 1800 3037 Dominus

208 3077 282 3129 illi
310 3076 483 3140 dedit,
511 3090 632 3129 cum
662 3074 977 3130 admirabile
1007 3084 1063 3130 et
1104 3075 1425 3131 rationabile
1473 3074 1575 3128 hoc
1600 3073 1800 3128 animal

208 3184 275 3223 ex
317 3168 527 3223 duabus
563 3167 769 3222 naturis
796 3167 1147 3232 constituens,
1194 3168 1561 3238 ineorpoream
1607 3168 1801 3221 anima:

207 3259 587 3326 substantiam,
618 3273 719 3314 ceu
763 3259 1022 3328 optimum
1074 3258 1358 3325 artiﬁcem,
1405 3257 1619 3327 corpori
1648 3257 1801 3328 quasi

211 3350 568 3405 instrumento
609 3349 906 3416 conjunxit.
960 3348 1124 3419 Igitur
1153 3364 1274 3403 cum
1321 3358 1494 3404 tecum
1544 3347 1803 3418 cogitabis

211 3452 415 3496 tantam
456 3440 615 3509 hujus
643 3440 895 3494 animalis
919 3439 1259 3510 sapientiam,
1290 3439 1557 3494 admirare
1586 3438 1803 3508 Opiﬁeis

210 3534 531 3602 potentiam.
559 3531 690 3586 Nam
720 3532 762 3585 si
789 3533 900 3586 caeli
933 3531 1270 3601 pulchritudo
1290 3547 1320 3585 a
1345 3530 1564 3585 cordate
1589 3538 1802 3599 specta-

210 3636 328 3679 tore
352 3626 487 3691 visa,
516 3625 661 3678 illttnt
691 3623 760 3678 ad
786 3622 1134 3678 celebrandas
1157 3622 1463 3678 Conditoris
1491 3621 1675 3676 laudes
1704 3620 1802 3674 ad-

208 3718 359 3772 ducit
384 3734 400 3772 :
423 3725 622 3784 quanto
647 3716 813 3786 magis
839 3715 1097 3770 rationale
1127 3715 1229 3770 hoc
1255 3716 1449 3770 animal
1475 3715 1658 3782 homo,
1680 3729 1802 3769 cum

211 3823 364 3861 suam
409 3806 809 3871 formationem;
828 3805 1049 3860 honoris
1076 3820 1106 3859 a
1152 3806 1261 3861 Deo
1288 3805 1386 3859 sibi
1417 3805 1526 3859 dati
1566 3806 1806 3860 eminen-

214 3901 365 3963 tiam,
399 3897 819 3969 magnitudinem
851 3897 1112 3952 (lonorum
1145 3907 1200 3953 et
1233 3898 1518 3952 ineffabilia
1548 3898 1806 3953 beneﬁcia

212 3989 541 4056 considerat,
579 3997 853 4043 auctorem
886 3988 1074 4043 horum
1097 3989 1362 4043 continuis
1390 3988 1635 4044 laudibus
1664 3996 1806 4059 pra:-

214 4083 432 4174 dirase,
490 4091 544 4137 et
589 4096 686 4153 pro
735 4081 846 4137 suis
896 4080 1101 4136 viribus
1141 4081 1361 4153 gloriam
1413 4081 1523 4135 Deo
1579 4081 1807 4137 reddere

216 4175 458 4246 poterit?

292 4266 509 4321 Muralis
541 4267 845 4321 exhortatio.
886 4297 959 4307 —
1002 4265 1206 4321 Vellem
1246 4272 1300 4321 et
1347 4265 1414 4320 de
1458 4266 1806 4336 sequentibus

215 4371 378 4427 agerc
411 4374 425 4411 ε
459 4356 551 4412 sed
583 4374 650 4413 ne
693 4357 1031 4412 multitudine
1059 4372 1242 4411 eorum
1269 4372 1387 4427 qua:
1425 4356 1675 4412 dicuntur
1697 4356 1806 4427 jam

215 4448 483 4502 dictorum
522 4448 741 4503 obruant
774 4449 1084 4503 memoriam
1105 4488 1121 4512 ,
1154 4463 1333 4516 Operae
1370 4447 1600 4516 pretium
1653 4447 1810 4503 fuerit

216 4539 479 4593 doctrina:
520 4555 824 4596 sermonem
866 4539 969 4595 hoc
995 4540 1114 4595 loco
1148 4539 1419 4595 claudere.
1460 4538 1642 4609 Neque
1665 4539 1808 4595 enim

217 4630 326 4686 hoc
346 4632 518 4686 solum
542 4632 693 4687 nobis
716 4647 858 4687 cura:
883 4639 985 4697 est,
1010 4638 1068 4685 ut
1086 4631 1249 4685 multa
1269 4629 1508 4686 dicamus
1535 4646 1547 4681 :
1577 4631 1671 4687 sed
1692 4631 1809 4685 ideo

215 4720 450 4777 dicimus
472 4763 487 4787 ,
521 4732 574 4776 ιιι
606 4733 863 4792 perpetuo
889 4724 940 4776 itt
974 4721 1168 4776 animis
1197 4723 1391 4777 vestris
1419 4720 1594 4776 defixa
1624 4736 1810 4777 serve-

220 4817 291 4870 tis
310 4856 328 4881 ,
360 4824 523 4885 utque
565 4831 669 4870 non
699 4815 873 4871 Solum
903 4830 1000 4870 vos
1023 4815 1122 4886 ipsi
1149 4815 1332 4870 sciatis
1355 4830 1415 4870 ea
1448 4830 1567 4885 qua:
1594 4815 1647 4869 in
1678 4814 1815 4870 (livi-

221 4907 308 4960 nis
334 4905 624 4974 Scriptnris
646 4906 1006 4968 continentur,
1035 4905 1130 4961 sed
1158 4913 1216 4958 ttt
1243 4914 1297 4960 et
1320 4905 1544 4959 aliorum
1569 4906 1686 4961 sitis
1710 4906 1812 4961 do-

218 5012 423 5061 ctores,
454 4998 772 5067 possitisque
803 5007 857 5051 et
898 4997 1033 5052 alios
1084 4997 1393 5052 admonere.
1436 4996 1814 5068 Unusquisque

220 5093 384 5161 igitur
411 5098 665 5152 vestrum,
688 5089 932 5151 obsecro,
968 5088 1092 5143 hinc
1122 5103 1368 5159 egressus
1385 5131 1400 5156 ,
1426 5104 1546 5144 cum
1574 5089 1816 5157 proximo

219 5198 323 5237 suo
350 5180 612 5235 dictorum
630 5180 942 5235 memoriam
973 5178 1211 5243 refricet,
1238 5188 1293 5236 et
1312 5194 1430 5250 qum
1461 5181 1573 5249 ipse
1598 5180 1817 5234 retinuit

223 5274 477 5339 afferens,
510 5289 569 5328 ea
598 5289 715 5343 qua:
744 5273 880 5327 alius
910 5273 1166 5328 memoria
1189 5281 1335 5328 tenet
1360 5274 1605 5343 accipiat.
1654 5273 1722 5327 Et
1747 5273 1815 5328 ita

223 5367 406 5420 omnia
435 5366 746 5435 colligentes
788 5374 946 5435 atque
995 5357 1253 5420 memoria
1299 5374 1567 5431 tenentes,
1598 5365 1816 5420 domum

223 5458 528 5524 concedite,
556 5457 697 5527 apud
727 5472 822 5511 vos
863 5457 1007 5526 ipsos
1042 5457 1380 5511 ruminantcs
1415 5457 1620 5511 divinas
1662 5457 1819 5513 hasce

225 5550 541 5607 doctrinas:
574 5562 631 5604 ut
658 5551 762 5605 huc
785 5551 929 5605 omni
960 5563 1085 5605 cura
1114 5558 1291 5603 vestra
1321 5558 1821 5615 eonversa,mente-

226 5659 333 5713 que
370 5644 424 5699 in
467 5642 553 5697 his
605 5651 885 5711 occupata,
919 5641 1136 5712 possitis
1185 5640 1339 5696 facile
1386 5652 1441 5696 et
1492 5641 1821 5696 turbulentas

228 5735 394 5790 animi
415 5734 727 5789 affectiones
750 5734 986 5799 vincere,
1015 5742 1070 5788 et
1094 5731 1289 5787 diaboli
1326 5730 1544 5786 insidias
1565 5730 1817 5799 effugere.

229 5823 360 5883 Nam
381 5840 507 5881 cum
535 5824 709 5879 malus
743 5823 831 5880 ille
853 5823 1064 5879 dasmon
1094 5822 1237 5877 videt
1280 5822 1510 5877 animam
1539 5822 1608 5878 de
1630 5821 1821 5877 divinis

229 5915 393 5974 rebus
418 5915 723 5982 sollicitam,
754 5924 809 5971 et
831 5921 1086 5985 perpetuo
1114 5913 1232 5969 illas
1258 5912 1589 5984 cogitantem
1620 5921 1673 5967 et
1697 5927 1817 5969 ver-

1263 474 1326 529 IN
1359 470 1593 526 CAPJI.
1639 465 1886 525 GENES.
1939 466 2159 521 IIOMIL.
2211 466 2328 523 XV.

3369 461 3472 517 ΗΒ

1883 592 2110 649 samem,
2136 597 2205 638 ne
2229 581 2489 647 accedere
2515 582 2727 653 quidem
2756 581 2973 652 prepius
3001 578 3182 645 audet,
3213 578 3307 634 sed
3330 578 3475 633 cele-

1883 676 2015 729 riter
2042 675 2238 743 resilit,
2266 693 2296 731 a
2322 675 2554 747 Spiritus
2577 675 2889 744 operatione
2936 671 3088 744 quasi
3136 686 3166 726 a
3215 684 3476 726 succenso

1884 784 2014 836 rogo
2033 769 2270 824 abactos.
2308 769 2378 825 Ut
2405 769 2564 840 igitur
2584 777 2641 823 et
2666 768 2819 822 nobis
2842 765 3125 837 plurimum
3148 765 3217 819 sit
3242 763 3396 828 lucri,
3419 772 3476 818 ct

1886 856 2030 913 illum
2078 860 2292 914 vincere
2326 859 2619 926 valeamus,
2647 867 2702 912 et
2742 872 2974 927 superne
3021 855 3174 909 nobis
3205 853 3475 924 copiosior

1886 958 2164 1017 prtestetur
2186 950 2375 1021 gratia,
2404 949 2457 1005 in
2480 949 2563 1004 his
2582 949 2819 1004 animum
2838 955 3082 1003 nostrum
3103 959 3474 1000 exerceamus.

1884 1042 2017 1097 Nam
2071 1042 2142 1096 ita
2187 1043 2636 1113 prOSperabuntur
2674 1042 2728 1096 in
2766 1040 3013 1095 manibus
3039 1039 3236 1093 nostris
3271 1037 3475 1102 omnia,

1886 1143 2042 1188 erunt
2072 1131 2246 1187 facilia
2269 1149 2390 1203 qua:
2414 1132 2652 1187 difﬁcilia
2682 1139 2836 1187 erant
2868 1151 2883 1186 :
2913 1144 3033 1200 qua:
3061 1126 3285 1182 molesta
3326 1125 3479 1180 vide-

1888 1227 2081 1281 bantur
2106 1240 2247 1289 esse,
2276 1225 2475 1280 bonum
2505 1226 2706 1281 exitum
2726 1222 3037 1286 sortientur,
3064 1235 3164 1276 nec
3188 1217 3479 1289 quidquam

1889 1319 2231 1390 praesentium
2262 1333 2362 1373 nos
2391 1317 2604 1372 tristitia
2630 1314 2847 1371 afﬁcere
2879 1312 3100 1385 poterit.
3138 1308 3486 1379 Quandoqui-

1891 1409 2011 1466 dem
2039 1411 2082 1465 si
2111 1409 2267 1465 nobis
2293 1425 2438 1464 cura:
2466 1408 2662 1463 fuerint
2687 1406 2885 1469 divina,
2931 1405 3045 1474 ipse
3085 1415 3296 1472 quoque
3343 1400 3484 1453 Deus

1894 1518 1991 1573 pro
2015 1501 2171 1557 nobis
2198 1501 2456 1556 sollicitus
2482 1500 2605 1565 erit,
2637 1508 2690 1553 et
2718 1511 2908 1567 magna
2946 1494 3233 1550 securitate
3269 1506 3366 1560 per
3392 1504 3485 1558 pe-

1892 1596 2043 1666 lagus
2067 1595 2224 1666 hujus
2248 1594 2368 1648 vita:
2397 1592 2783 1663 navigabimus,
2820 1604 2883 1643 ac
2908 1587 3205 1642 deducente
3243 1597 3341 1637 nos
3369 1598 3487 1635 ma-

1892 1701 1996 1758 gno
2026 1687 2116 1742 illo
2146 1686 2503 1758 gubernatore
2554 1684 2665 1738 Deo
2704 1683 2837 1753 ipso,
2871 1679 2936 1734 ad
2991 1678 3136 1733 illius
3188 1676 3487 1732 clententicc

1897 1790 2105 1850 portum
2128 1779 2456 1849 appellemus
2490 1794 2503 1830 :
2531 1777 2615 1832 cui
2655 1775 2820 1847 gloria
2849 1775 2889 1840 ί,
2918 1781 2973 1829 et
3005 1771 3318 1841 imperium.
3348 1784 3489 1824 nunc

1895 1881 1949 1926 et
1975 1886 2207 1943 semper,
2238 1879 2293 1925 et
2336 1870 2390 1926 in
2441 1869 2645 1924 inﬁnita
2679 1867 2872 1923 saecula
2906 1865 3245 1922 szeculornm.
3288 1865 3486 1918 Amen.

2477 2001 2756 2059 HOMILIA
2798 2001 2911 2056 XV.

1896 2119 2024 2173 Atla!
2042 2135 2156 2173 vero
2184 2135 2285 2173 non
2314 2119 2547 2173 inventus
2568 2127 2644 2172 est
2670 2117 2879 2187 adjutor
2901 2114 3083 2168 similis
3104 2112 3200 2167 illi.
3233 2111 3298 2166 Et
3321 2112 3491 2166 immi-

1969 2212 2034 2265 sit
2077 2210 2212 2265 Deus
2234 2226 2494 2265 excessum
2519 2210 2572 2262 in
2599 2208 2787 2272 Adam,
2812 2215 2859 2260 et
2885 2205 3145 2258 dormivit.
3186 2201 3254 2256 Et
3301 2203 3491 2267 accepit

1968 2320 2121 2358 unum
2143 2314 2395 2357 costarum
2422 2303 2554 2373 ejus,
2581 2310 2627 2354 et
2653 2299 2875 2370 implevit
2898 2312 3099 2351 carnem
3130 2311 3220 2364 pro
3261 2294 3372 2348 illa.
3426 2292 3492 2347 Et

1969 2396 2239 2464 a'di/icavit
2270 2393 2407 2450 Deus
2435 2404 2624 2448 costam
2647 2434 2662 2453 ,
2689 2408 2841 2462 quam
2885 2389 3076 2460 accepit
3116 2386 3180 2442 de
3213 2385 3410 2453 Adam,
3440 2386 3494 2438 in

1971 2484 2229 2539 mulierem
2261 2483 2415 2552 (Gen.
2446 2483 2502 2538 2.
2530 2482 2742 2554 20-22).

1973 2600 2027 2653 l.
2071 2597 2147 2652 De
2170 2614 2342 2653 amore
2377 2598 2512 2652 verbi
2532 2596 2689 2650 divini
2709 2595 2814 2649 suis
2836 2592 3153 2647 auditoribus
3184 2589 3492 2663 gratulatur.

1898 2720 1970 2732 —
2002 2690 2239 2761 Magnam
2267 2690 2419 2744 vobis
2435 2688 2607 2742 habeo
2625 2686 2872 2757 gratiam,
2895 2683 3037 2753 quod
3056 2691 3196 2738 tanta
3219 2679 3497 2735 alacritate

1904 2783 2205 2838 hesternam
2236 2794 2407 2835 meam
2435 2777 2753 2846 acceperitis
2780 2773 3223 2833 admonitionem,
3252 2778 3305 2824 et
3325 2771 3494 2823 dicto-

1905 2892 2021 2930 rum
2056 2873 2359 2944 prolixitatc
2401 2887 2506 2926 non
2548 2870 2722 2925 solum
2767 2881 2872 2923 non
2922 2866 3039 2921 sitis
3065 2863 3276 2929 offensi,
3313 2861 3408 2917 sed
3442 2862 3496 2916 in

1903 2966 2177 3020 concionis
2203 2964 2341 3019 serie
2368 2971 2680 3033 perpetuum
2703 2956 2953 3014 audiendi
2982 2955 3305 3011 desiderium
3331 2967 3498 3023 usque

1904 3056 1970 3110 ad
2003 3057 2163 3111 tinent
2192 3054 2530 3110 servaveritis
2561 3067 2575 3103 :
2604 3051 2746 3106 unde
2775 3064 2963 3120 magna
2988 3047 3142 3103 nobis
3164 3060 3288 3117 spes
3303 3054 3386 3101 est
3403 3058 3499 3100 vos

1905 3148 2159 3219 operibus
2184 3147 2315 3217 ipsis
2342 3145 2565 3202 consilia
2607 3155 2790 3199 nostra
2826 3147 3150 3211 sequuturos
3190 3153 3327 3193 esse.
3368 3135 3499 3192 Nam

1905 3240 1995 3310 qui
2023 3246 2167 3294 tanta
2200 3238 2472 3306 voluptate
2495 3235 2675 3297 audit,
2703 3233 2940 3288 declarat
2986 3229 3054 3285 ad
3099 3245 3262 3300 opera
3277 3242 3500 3301 quoque

1908 3330 2148 3388 iacienda
2187 3346 2247 3386 se
2294 3339 2537 3399 paratum
2571 3347 2586 3384 :
2616 3325 2813 3395 alioqui
2856 3322 3107 3392 frequens
3152 3321 3311 3376 etiam
3360 3332 3501 3372 nunc

1908 3425 2010 3479 ἱειθ
2034 3431 2215 3478 νθειθι·
2242 3427 2537 3476 (ξοηνθιιιιιε
2561 3424 2769 3472 certum
2805 3420 3178 3484 argumentum
3222 3417 3305 3465 εει
3340 3422 3499 3478 quam

1910 3516 2046 3571 bene
2090 3515 2265 3569 anima
2316 3511 2561 3566 valeatis.
2603 3509 2735 3564 Nam
2772 3508 2911 3562 sicut
2948 3504 3157 3560 esurire
3182 3504 3391 3573 signnnt
3421 3508 3500 3554 est

1910 3612 2063 3665 bonze
2088 3606 2408 3664 valetudinis
2437 3603 2750 3673 corporalis,
2771 3602 2842 3656 ita
2869 3613 3051 3655 amare
3065 3597 3251 3653 divina
3267 3595 3502 3664 eloquia,

1909 3700 2205 3772 Spiritualis
2237 3698 2482 3754 sanitatis
2520 3695 2772 3751 indicium
2819 3691 2974 3746 fuerit
3007 3688 3322 3744 maximum.
3355 3686 3503 3752 Quo-

1912 3798 2054 3850 niam
2082 3804 2259 3849 autem
2288 3793 2490 3847 fructus
2536 3789 2696 3844 vestri
2729 3785 2887 3842 studii
2919 3783 3198 3855 pollicetur
3217 3822 3232 3845 ,
3264 3793 3361 3834 ws
3387 3794 3505 3848 qua:

1910 3887 2132 3943 audistis
2160 3886 2472 3955 impleturos
2499 3897 2638 3946 esse,
2670 3895 2769 3950 age
2793 3887 2849 3933 et
2881 3892 2979 3931 nos
3007 3873 3308 3930 mercedem
3341 3887 3501 3941 quam

1914 3981 2025 4036 lteri
2066 3977 2469 4048 pollicebamur,
2502 3974 2660 4028 hodie
2712 3981 2901 4024 vestra:
2945 3967 3153 4023 caritati
3198 3967 3507 4020 dinumera-

1912 4088 2051 4129 mus.
2091 4070 2430 4141 Spiritualem
2480 4068 2617 4120 hanc
2658 4063 2954 4118 doctrinam
3006 4059 3307 4114 mercedem
3354 4058 3499 4123 dico,

1912 4181 2031 4236 qua:
2048 4171 2220 4232 potest
2246 4169 2302 4217 et
2327 4173 2499 4213 meam
2526 4170 2721 4226 angere
2738 4151 3089 4208 substantiam
3105 4165 3225 4204 cum
3249 4163 3502 4203 numera-

1911 4272 2063 4320 vero,
2097 4266 2151 4312 et
2181 4270 2273 4310 vos
2298 4254 2385 4323 qui
2416 4249 2674 4322 recipitis,
2703 4247 2926 4304 ditiores
2954 4244 3150 4300 facere.
3194 4243 3305 4297 lloc
3357 4241 3503 4295 enim

1913 4352 2073 4408 modo
2100 4366 2159 4406 se
2186 4348 2382 4404 habent
2405 4344 2695 4417 spiritualia
2734 4341 2912 4397 omnia
2942 4361 2956 4396 :
2983 4339 3034 4394 id
3064 4336 3204 4408 qttod
3238 4336 3288 4390 in
3336 4334 3500 4389 rebus

1914 4442 2254 4498 sensibilibus
2282 4455 2389 4494 non
2410 4445 2512 4493 est.
2543 4435 2674 4491 Nam
2707 4436 2758 4489 itt
2786 4433 2889 4488 illis
2910 4471 2925 4493 .
2951 4431 3041 4501 qui
3082 4428 3385 4483 dinumerat
3413 4440 3508 4495 pe-

1915 4535 2149 4597 cuniam,
2180 4547 2332 4587 suam
2365 4527 2634 4603 imminuit
2652 4524 3001 4581 substantiam
3026 4524 3069 4588 ³,
3112 4530 3167 4576 et
3196 4518 3509 4589 locupletio-

1915 4643 2028 4681 rem
2049 4625 2213 4682 efﬁcit
2236 4639 2359 4679 eum
2389 4622 2479 4693 qui
2505 4620 2697 4689 recipit
2722 4634 2737 4670 :
2768 4617 2853 4673 hic
2876 4624 3054 4671 autem
3074 4629 3179 4670 non
3208 4613 3306 4675 sic,
3335 4610 3428 4668 sed
3453 4621 3510 4665 et

1917 4725 1963 4775 is
1982 4720 2072 4790 qtti
2104 4725 2350 4773 numerat
2369 4758 2384 4777 ,
2418 4729 2544 4770 suas
2575 4713 2853 4767 facultates
2886 4707 3054 4779 magis
3083 4715 3267 4776 auget,
3294 4712 3347 4758 et
3367 4701 3507 4757 reci-

1918 4809 2186 4880 pientibus
2203 4805 2507 4862 divitiarum
2547 4804 2768 4858 multum
2797 4798 3025 4855 accedit.
3067 4796 3249 4865 Itaque
3292 4807 3412 4847 eum
3454 4800 3509 4846 et

1921 4902 2072 4956 nobis
2101 4906 2341 4968 prompta
2362 4897 2434 4952 sit
2452 4893 2842 4956 benevolentia,
2875 4901 2930 4946 et
2953 4903 3048 4943 vos
3064 4884 3368 4956 spirituales
3390 4882 3507 4936 iilas

1919 5007 2051 5063 opes
2086 4989 2381 5059 suscepturi
2412 4986 2560 5042 sinus
2594 4983 2791 5039 mentis
2831 4988 3045 5051 paratos
3090 4974 3371 5031 habeatis:
3410 4986 3509 5041 age

1924 5094 2237 5155 pr.estentus
2264 5080 2405 5150 quod
2430 5081 2484 5132 in
2511 5090 2609 5130 nos
2635 5073 2956 5142 recepimus,
2977 5078 3032 5125 et
3054 5070 3246 5124 iterum
3275 5063 3507 5132 acceptis

1924 5153 2007 5238 iis,
2033 5190 2153 5246 qua:
2171 5188 2238 5230 ex
2253 5178 2504 5228 contextu
2532 5168 2673 5223 beati
2698 5163 2861 5219 Mosis
2884 5164 3020 5218 lecta
3046 5167 3190 5221 sunt,
3217 5155 3340 5211 inde
3357 5153 3507 5208 vobis

1923 5267 2223 5326 mercedem
2278 5256 2893 5335 dinutneretntts..Qu:e
2944 5254 3102 5323 igitur
3152 5248 3313 5305 hodie
3366 5247 3504 5301 lecta

1923 5373 2046 5418 sunt
2075 5361 2127 5415 in
2154 5357 2388 5415 medium
2417 5353 2591 5408 afferri
2621 5350 2837 5414 debent,
2868 5355 2926 5401 ιιι
2950 5345 3226 5399 thesauros
3251 5352 3506 5394 sensuum

1926 5457 1978 5507 in
2007 5451 2182 5506 verbis
2211 5449 2457 5503 latentes.
2487 5443 2769 5513 diligenter
2784 5437 3058 5509 quzesitos,
3078 5432 3286 5489 caritati
3312 5436 3508 5484 vestrm

1981 5545 1999 5575 ι
2033 5539 2287 5591 misum...
2313 5531 2626 5600 appellemus,
2664 5530 2823 5600 gratia
2843 5534 2903 5600 et.
2931 5516 3507 5600 ntisericorgiiuutzomiltu

1918 5579 2402 5656 nosibii‘éiiiiiir'iiii
2411 5579 2646 5658 Esaiae};
2664 5579 2728 5643 'sit
2758 5590 2917 5658 ,ιἀιιςξ-
2928 5596 2974 5639 et
2997 5584 3197 5658 Spiritui
3208 5591 3384 5658 sanet?
3406 5579 3506 5658 glo.

1918 5645 2036 5727 ’
2052 5645 2587 5727 etcjln‘his’eeverbis',
2623 5668 2735 5727 qua:
2758 5651 2977 5727 humilias
2996 5645 3502 5727 claudunt,om_tt!ta__itt

1920 5706 2549 5787 muﬁﬁisbbservatur
2569 5706 2795 5787 varietas,
2820 5721 2878 5787 ut
2890 5714 3222 5787 monetetiam
3234 5706 3469 5787 'Savilins.

1984 5772 2425 5846 ramtnashabent
2449 5798 2640 5844 vocem,
2663 5772 2982 5846 substantiam
3010 5775 3115 5846 (τῂν
3138 5772 3360 5846 optritae),
3373 5782 3503 5846 praef

1921 5867 2003 5909 ter
2032 5830 2645 5930 ὶὶὶῖιῖἕιιιὸὶὲιῖ
2667 5830 2767 5908 qui
2792 5840 2994 5899 habent,
3016 5830 3362 5887 abundantiam
3395 5830 3503 5891 (τήν

1923 5933 2240 5986 περιουσιανι.
