4110 6422
680 431 784 491 H9

678 562 1058 621 proponamus.
1099 546 1339 605 Audistis
1364 551 1509 606 enim
1539 550 1698 606 modo
1722 552 2050 621 Seripturam
2079 549 2232 605 dicen
2249 579 2265 589 -

677 650 786 694 tem
816 638 945 696 τεο.
972 639 1100 695 Atla:
1119 657 1234 696 vero
1260 658 1361 696 non
1388 644 1619 698 inventus
1641 654 1713 698 est
1737 644 1945 713 adjutor
1968 642 2146 697 similis
2166 642 2264 698 illi.

674 729 811 798 Quid
852 730 953 786 sibi
995 733 1105 786 vult
1135 734 1314 789 brevis
1364 735 1479 791 btec
1520 735 1704 802 dictio,
1735 736 1861 789 Atla:
1906 736 2059 789 vero?
2100 751 2269 806 quare

674 823 893 893 apponit
910 824 1375 894 conjunctionem?
1392 843 1566 882 annon
1579 826 1866 884 sulliciebat
1883 826 2080 892 dicere,
2100 828 2230 884 Ada:
2243 828 2269 882 Ἰ

675 912 789 967 Non
816 914 1017 985 absque
1047 917 1252 972 ratione
1272 958 1288 984 ,
1312 933 1486 988 neque
1511 917 1833 972 curiositatis
1875 920 2043 989 gratia
2097 918 2271 989 inqui-

672 1008 829 1060 rendi
862 1008 984 1062 talia
1014 1009 1168 1064 nobis
1204 1011 1413 1064 animus
1433 1022 1546 1076 est,
1578 1010 1672 1065 sed
1695 1019 1754 1065 ιιι
1780 1010 2065 1082 diligenter
2088 1011 2268 1066 omnia

673 1097 829 1153 vobis
856 1099 1289 1168 interpreutntes,
1313 1100 1599 1156 doceamus
1630 1117 1725 1157 vos
1767 1116 1939 1171 neque
1977 1101 2268 1157 dictionem

675 1199 918 1256 parvam,
947 1206 1119 1261 neque
1146 1192 1405 1265 syllabam
1437 1210 1596 1248 unam
1624 1194 1677 1249 itt
1709 1194 1904 1250 divinis
1924 1194 2118 1251 Literis
2138 1211 2270 1249 con-

677 1286 878 1334 tentam
900 1296 1025 1337 esse
1063 1283 1512 1352 praetereundam.
1547 1285 1662 1340 Non
1715 1287 1858 1341 enim
1882 1286 2041 1342 verba
2068 1286 2271 1357 qualia-

673 1385 904 1442 cumque
932 1380 1075 1431 sunt.
1104 1374 1198 1429 sed
1225 1374 1452 1444 Spiritus
1480 1377 1653 1431 sancti
1686 1377 1848 1432 verba
1865 1420 1879 1441 ,
1904 1385 1959 1433 et
1987 1387 2268 1447 propterea

676 1478 927 1535 maguum
966 1466 1036 1521 ibi
1067 1470 1373 1522 thesaurum
1404 1469 1647 1526 invenire
1690 1469 1843 1536 licet,
1878 1469 2038 1526 etiam
2080 1471 2133 1525 in
2165 1486 2267 1524 un.t

676 1556 900 1626 syllaba.
928 1559 1239 1616 Auscultate
1268 1561 1449 1631 igitur,
1481 1563 1727 1625 obsecro,
1746 1577 1935 1633 magna
1957 1562 2265 1633 diligentia;

678 1648 854 1704 nullus
894 1650 1073 1717 deses,
1111 1652 1291 1707 nullus
1342 1654 1738 1709 Somniculosos
1776 1656 1866 1719 sit,
1889 1670 2079 1711 omnes
2125 1654 2269 1726 vigili

677 1743 858 1797 animo
880 1743 1097 1810 adeSIe;
1122 1745 1298 1800 nullus
1323 1746 1560 1801 externis
1578 1745 2015 1817 occupationibus
2036 1755 2269 1802 meutent

676 1833 958 1900 distrahat,
992 1835 1198 1892 nullum
1223 1838 1509 1893 steculares
1532 1853 1675 1892 cura:
1702 1839 1986 1907 abripiant,
2005 1837 2099 1895 sed
2125 1838 2273 1908 cogi-

679 1933 755 1980 tet
784 1927 1146 1998 unusquisque
1194 1929 1489 2000 spiritualis
1536 1930 1693 2000 hujus
1735 1931 2162 2002 congregationis
2191 1931 2271 1985 di-

674 2017 950 2085 gnitatem,
979 2028 1033 2074 et
1057 2034 1120 2074 ea
1147 2036 1268 2090 quze
1312 2022 1611 2077 audivimus
1637 2022 1805 2078 Deum
1832 2023 1987 2079 nobis
2028 2038 2122 2093 per
2148 2039 2271 2094 pro-

677 2108 954 2178 phetarum
978 2112 1210 2183 tinguant
1235 2114 1418 2170 dicere
1442 2131 1457 2169 :
1482 2115 1664 2187 sicque
1688 2131 1849 2172 aures
1873 2117 2072 2188 arrigat
2105 2126 2160 2172 et
2185 2117 2267 2171 in-

677 2211 876 2256 tentam
929 2213 1163 2260 mentem
1214 2204 1498 2271 adhibeat,
1548 2223 1614 2262 ne
1656 2203 1859 2278 aliquid
1907 2224 2095 2263 eorum
2149 2224 2270 2279 qua:

674 2292 1023 2359 somniamus,
1055 2296 1108 2349 in
1139 2307 1344 2366 petram
1372 2299 1547 2365 cadat,
1570 2300 1652 2353 vel
1674 2315 1832 2356 secus
1844 2302 2006 2363 viam,
2026 2302 2109 2356 vel
2133 2302 2271 2356 inter

673 2382 892 2453 spinas;
925 2384 1019 2438 sed
1045 2401 1207 2442 omne
1245 2403 1431 2443 semen
1464 2393 1514 2444 iu
1545 2398 1743 2445 terram
1774 2391 1998 2456 bonam,
2026 2392 2269 2447 latitudi-

678 2488 801 2528 nem
852 2474 976 2530 dico
1027 2478 1221 2533 ntentis
1268 2490 1481 2549 vestrm,
1521 2483 1838 2553 projectum,
1869 2484 2072 2555 largum
2117 2484 2271 2539 vobis

678 2567 906 2625 fructum
928 2571 1120 2629 alferre
1147 2585 1326 2644 queat,
1354 2586 1407 2632 et
1438 2593 1465 2629 a
1496 2578 1648 2632 nobis
1674 2580 1982 2637 concredita
2008 2580 2269 2651 multipli-

675 2669 783 2715 cet.
821 2660 1087 2718 Cancrum
1117 2665 1394 2723 videamus
1418 2668 1542 2738 quid
1565 2669 1664 2725 sibi
1698 2671 1827 2725 velit
1853 2670 2013 2741 hujus
2033 2671 2265 2739 conjun-

677 2753 871 2811 ctionis
894 2757 1082 2827 copula
1116 2775 1129 2811 :
1162 2758 1291 2814 Adae
1342 2777 1458 2816 vero
1511 2780 1613 2818 non
1665 2764 2012 2820 inveniebatur
2062 2766 2271 2837 adjutor

674 2845 858 2900 similis
885 2846 984 2902 illi.
1031 2848 1182 2917 Vide,
1211 2850 1458 2918 obsecro,
1483 2853 1680 2910 divina:
1720 2854 2011 2927 Scriptura:
2047 2872 2270 2913 accura-

678 2948 786 2993 tam
806 2938 1158 3011 diligentiam.
1188 2944 1472 3016 Postquam
1492 2947 1647 3013 dixit,
1677 2949 1804 3003 Adtv
1828 2966 1942 3005 vero
1969 2967 2071 3006 non
2096 2951 2271 3006 iuven-

677 3043 758 3086 tus
783 3033 1081 3104 atadjntor
1112 3037 1129 3069 ί
1162 3053 1178 3087 :
1213 3053 1318 3095 non
1347 3039 1418 3095 ibi
1440 3040 1695 3105 substitit,
1718 3043 1813 3097 sed
1842 3043 2076 3113 adjecit,
2106 3044 2271 3099 Simi-

677 3124 743 3179 lis
770 3125 847 3180 illi
873 3141 894 3180 :
915 3126 1277 3185 additamenta
1307 3130 1401 3186 illo
1439 3147 1655 3187 causam
1683 3134 1838 3189 nobis
1865 3134 2172 3199 declarans,
2199 3136 2273 3191 ob

677 3232 839 3287 quam
865 3219 1259 3290 conjunctionis
1279 3225 1523 3294 copulam
1553 3227 1838 3283 addiderit.
1866 3228 2134 3286 Existimo
2149 3245 2274 3284 aeu-

676 3314 842 3371 tiorcs
887 3317 1194 3387 conjectare
1234 3335 1390 3390 posse
1418 3363 1433 3383 .
1474 3332 1531 3378 et
1570 3324 1869 3393 prmvidcre
1910 3324 2034 3395 quid
2075 3325 2270 3382 dicturi

674 3404 863 3462 simus.
906 3406 1102 3464 Verum
1123 3411 1247 3482 quia
1278 3412 1445 3468 nostri
1470 3413 1631 3469 oflicii
1663 3425 1743 3471 est
1765 3456 1782 3482 ,
1809 3416 1901 3487 qui
1931 3431 2270 3472 communem

673 3497 926 3554 omnibus
945 3499 1242 3557 doctrinam
1275 3504 1613 3573 proferimus,
1643 3508 1893 3562 omnibus
1910 3508 2071 3562 etiam
2099 3507 2275 3563 matti-

676 3589 813 3645 festa
846 3590 1019 3648 facere
1043 3608 1165 3664 qua:
1189 3611 1218 3648 a
1245 3596 1401 3653 nobis
1427 3599 1677 3654 dicuntur
1699 3641 1714 3665 ,
1744 3616 1841 3670 age
1861 3601 2150 3658 doceamus
2175 3617 2271 3659 vos

673 3681 826 3750 cujus
849 3684 1017 3752 gratia
1042 3685 1125 3740 sic
1149 3685 1374 3753 dixerit;
1398 3689 1490 3743 sed
1520 3705 1806 3759 parumper
1824 3693 2103 3747 sustinete.
2134 3691 2268 3747 Nam

675 3782 958 3841 postquam
998 3773 1049 3828 in
1080 3777 1446 3846 superioribus
1465 3779 1641 3847 dictis,
1669 3782 1807 3836 sicut
1828 3797 2096 3840 memores
2116 3785 2266 3851 estis,

675 3862 949 3933 Scriptura
1000 3866 1179 3922 divina
1224 3869 1487 3936 dixisset,
1538 3870 1815 3928 Faciamus
1863 3875 1943 3930 illi
1982 3876 2271 3948 atljutorem

675 3954 952 4010 secundum
973 3974 1086 4012 eum
1109 3974 1124 4013 :
1155 3961 1333 4014 statim
1354 3960 1538 4018 docuit
1564 3978 1663 4019 nos
1693 3965 2003 4033 bestiarum,
2028 3976 2085 4023 et
2106 3971 2271 4040 repti-

675 4047 803 4103 lium
830 4057 885 4105 et
910 4050 1183 4108 brutorunt
1205 4055 1443 4110 omnium
1470 4054 1879 4125 formationem;
1907 4059 1980 4115 ait
2006 4062 2173 4128 enim,
2202 4061 2269 4116 Et

674 4140 910 4208 {mutavit
931 4140 1071 4197 Deus
1088 4144 1258 4200 adhuc
1282 4146 1347 4200 tle
1362 4155 1497 4202 terra
1516 4165 1690 4205 omnes
1715 4148 1919 4217 bestias,
1960 4161 2011 4207 ct
2043 4152 2270 4209 volucres

673 4233 806 4295 caeli,
830 4241 876 4286 et
891 4232 1035 4289 duxit
1057 4235 1149 4290 illa
1177 4236 1245 4291 ad
1268 4237 1451 4305 Adam,
1485 4249 1540 4295 ut
1562 4240 1749 4297 videret
1769 4243 1894 4314 quid
1913 4254 2110 4299 vocaret
2152 4244 2267 4300 illa.

681 4323 749 4377 lit
772 4323 924 4393 quasi
946 4325 1195 4382 dominus
1219 4331 1471 4386 omnibus
1497 4331 1749 4403 imposuit
1777 4336 2015 4403 nomina,
2041 4346 2098 4392 et
2144 4338 2267 4392 tnti-

678 4414 872 4485 cuique
918 4416 1231 4486 bestiarum,
1257 4429 1313 4476 et
1356 4422 1654 4489 volucrum,
1686 4437 1742 4481 et
1788 4426 2063 4483 brutorunt
2120 4430 2268 4485 omni

675 4508 859 4576 generi
907 4522 1063 4565 suum
1096 4512 1411 4569 vocabulum
1458 4516 1755 4573 secundum
1805 4535 2114 4577 concessam
2167 4522 2271 4578 sibi

676 4599 993 4670 sapientiam
1013 4603 1339 4673 assignavit:
1370 4617 1429 4662 ut
1448 4608 1589 4663 scire
1616 4624 1916 4679 possemus,
1939 4628 2124 4668 omnes
2152 4614 2270 4669 illas

676 4702 971 4760 creaturas,
999 4695 1126 4751 licet
1171 4696 1373 4753 homini
1420 4699 1727 4757 ministrent
1775 4712 1832 4759 et
1872 4718 1971 4759 nos
2016 4705 2271 4776 adjuvent

675 4785 1018 4855 cooperando
1042 4787 1341 4853 nobiscum.
1382 4791 1773 4849 irrationabiles
1815 4805 1990 4851 tamen
2037 4805 2272 4864 csse,et

678 4879 896 4933 homine
938 4879 1095 4952 longe
1140 4881 1456 4951 inferiores;
1487 4886 1629 4942 unde
1673 4902 1740 4942 ne
1769 4898 2016 4957 putemus
2041 4906 2161 4945 eum
2199 4890 2269 4947 de

676 4970 784 5027 illis
807 4970 1029 5038 dixisse,
1069 4971 1347 5029 Faciamus
1371 4976 1449 5030 illi
1476 4977 1785 5048 adjutorcm.
1809 4979 1942 5034 Nam
1970 4981 2091 5036 licet
2115 4982 2270 5052 adju-

675 5072 825 5128 vent,
855 5073 910 5119 ct
939 5064 993 5119 in
1035 5065 1218 5120 multis
1238 5067 1537 5124 ministerio
1575 5086 1673 5127 suo
1699 5072 1899 5128 homini
1944 5074 2103 5130 utiles
2133 5077 2262 5143 sint,

676 5159 885 5213 ratione
914 5167 1090 5214 tamen
1113 5171 1318 5216 carent.
1360 5162 1504 5219 Sane
1531 5166 1674 5235 quod
1713 5166 1900 5235 juvent
1924 5184 2057 5235 nos,
2087 5185 2267 5226 rerum

674 5248 831 5306 docet
853 5255 1201 5321 experientia.
1225 5255 1339 5310 Alia
1360 5257 1502 5327 enim
1520 5259 1666 5313 utilia
1685 5271 1807 5315 sunt
1827 5261 1891 5315 ad
1918 5263 2268 5318 convehcnda

684 5347 1006 5409 necessaria,
1026 5348 1131 5403 alia
1157 5347 1224 5402 ad
1252 5349 1532 5403 colendam
1562 5358 1779 5406 terram.
1826 5352 2267 5426 Quandoquidem

627 5461 649 5530 Ι
678 5431 776 5487 bos
796 5442 1032 5490 aratrum
1055 5438 1236 5506 traltil,
1264 5441 1443 5495 sulcos
1474 5450 1639 5507 secat,
1667 5453 1722 5498 et
1754 5446 1902 5500 varia
1927 5445 2270 5515 agriculturte

680 5538 842 5594 cpera
862 5539 1073 5583 exercet
1090 5546 1106 5595 ;
1130 5532 1312 5588 asinus
1326 5532 1393 5587 ad
1405 5534 1750 5590 eonvehenda
1765 5539 2064 5594 necessaria
2080 5537 2270 5593 adntoo

678 5613 806 5669 dum
831 5617 977 5672 utilis
997 5627 1079 5673 est
1100 5659 1116 5683 ,
1142 5631 1196 5675 et
1216 5624 1467 5695 pleraque
1486 5625 1735 5682 animalia
1760 5628 1865 5684 alia
1893 5629 2134 5699 corporis
2169 5645 2270 5683 uo-

680 5705 776 5765 stri
826 5705 946 5760 usui
993 5710 1250 5766 serviunt.
1292 5714 1502 5771 Etenim
1543 5731 1673 5773 oves
1696 5719 1874 5775 lanam
1904 5720 1971 5776 ad
2003 5722 2268 5792 parandas

742 5879 757 5911 ³
792 5880 932 5931 savil.
961 5894 1009 5938 et
1033 5887 1241 5954 Celsum,
1269 5893 1461 5956 adiutor
1484 5895 1653 5949 similis
1679 5897 1765 5951 illi.

1387 432 1444 489 S.
1484 432 1763 492 JOANNIS
1783 432 2256 491 CllllYSOSTOMl
2294 432 2613 491 ARClllEl’.
2653 433 3184 492 CONSTANTINOP.
3847 433 3924 487 liti

2377 559 2554 606 vestes
2585 549 2844 620 prtebent,
2874 561 2929 607 et
2970 565 3146 621 capra:
3171 565 3240 607 ex
3264 552 3376 608 suis
3401 550 3524 623 pilis
3560 552 3751 626 aliquid
3770 564 3925 611 nostra

2376 642 2677 698 ministerio
2723 641 2974 706 alterum,
3007 642 3249 714 Iacteque
3297 652 3350 699 et
3390 643 3501 698 alio
3546 660 3749 715 quoque
3791 648 3923 702 modo

2374 749 2553 790 escam
2583 734 2841 805 praebent.
2882 735 3115 790 Proinde
3142 749 3211 790 ne
3228 735 3503 792 existimes
3521 777 3536 802 ,
3565 736 3614 791 id
3637 735 3771 807 quod
3792 752 3925 805 supra

2376 826 2525 893 dicit,
2555 824 2832 881 Faciamus
2856 827 2935 882 illi
2969 827 3275 897 adjutorcm,
3307 828 3373 883 de
3402 828 3511 883 illis
3536 827 3728 883 dictum
3771 844 3784 881 :
3827 827 3926 884 ideo

2377 934 2519 975 nunc
2568 934 2872 975 sermonem
2919 919 3200 987 incipiens,
3231 919 3422 988 inquit,
3450 917 3579 974 Adar
3612 933 3723 972 vero
3750 935 3838 972 non
3861 919 3927 971 in-

2376 1020 2552 1066 ventus
2579 1021 2652 1065 est
2671 1011 2879 1082 adjutor
2923 1008 3106 1065 similis
3140 1011 3187 1064 ei
3207 1025 3228 1066 :
3251 1011 3401 1081 quasi
3417 1009 3634 1064 doceret
3663 1024 3753 1064 nos
3772 1010 3929 1064 beatus

2376 1102 2552 1157 Moses
2575 1143 2592 1169 ,
2621 1113 2677 1158 et
2705 1101 2823 1158 htec
2860 1101 3067 1158 diceret
3109 1101 3274 1158 verba
3307 1118 3321 1156 :
3354 1100 3483 1157 llaec
3533 1100 3704 1156 omnia
3746 1100 3926 1172 quidem

2376 1194 2635 1265 producta
2663 1204 2807 1259 sunt,
2841 1194 2980 1250 etab
3006 1192 3179 1251 Adam
3221 1208 3315 1250 sua
3363 1202 3684 1264 acceperunt
3724 1195 3925 1261 nomina,

2377 1289 2581 1343 uulluut
2611 1298 2790 1344 tamen
2832 1304 2898 1345 cx
2929 1289 2995 1342 iis
3048 1288 3297 1343 omnibus
3320 1287 3541 1358 dignum
3574 1285 3670 1340 fuit
3695 1287 3927 1341 inventum

2372 1380 2518 1451 quod
2547 1380 2696 1435 illum
2722 1380 3019 1449 adjuvaret.
3064 1380 3189 1434 Ideo
3213 1380 3399 1435 volens
3427 1394 3527 1433 nos
3552 1377 3739 1432 docere
3766 1378 3929 1448 produ-

2375 1472 2533 1528 cendi
2571 1472 2820 1528 animalis
2866 1472 3262 1538 l’ortttationem,
3294 1481 3350 1527 et
3378 1471 3618 1527 indicare
3644 1468 3928 1525 animath

2378 1564 2781 1635 producendum
2832 1565 2972 1620 istud
3001 1566 3173 1636 ipsum
3221 1579 3343 1619 esse
3365 1564 3435 1619 de
3464 1578 3573 1635 quo
3598 1562 3811 1628 dicebat,
3845 1561 3929 1615 Fa-

2376 1658 2574 1711 ciamus
2625 1656 2703 1711 illi
2744 1656 3031 1729 atljutorem
3080 1655 3356 1710 secundum
3394 1655 3566 1721 illum,
3620 1653 3827 1709 similem
3869 1653 3926 1706 Illi

2378 1747 2571 1818 inquit,
2606 1746 2711 1803 hoc
2752 1758 2858 1815 est,
2900 1747 3141 1817 ejusdem
3186 1747 3520 1809 substantizr,
3570 1744 3683 1816 ipso
3722 1745 3924 1816 dignum,

2379 1840 2496 1911 ipso
2520 1840 2653 1896 nihil
2684 1841 2988 1896 inferiorem
3014 1856 3029 1893 :
3057 1851 3115 1896 et
3141 1840 3281 1896 hanc
3317 1840 3389 1894 ob
3432 1856 3546 1895 rem
3588 1839 3803 1904 dicebat,
3827 1839 3927 1891 Atla

2375 1949 2491 1988 vero
2520 1949 2625 1987 non
2667 1933 3013 1988 inveniebatur
3050 1932 3260 2003 adjutor
3285 1931 3470 1986 similis
3515 1931 3591 1985 illi
3617 1946 3636 1985 :
3663 1939 3925 1984 monstrans

2382 2024 2536 2080 nobis
2561 2024 2749 2080 beatus
2772 2024 2861 2079 ille
2879 2065 2896 2091 ,
2919 2032 3410 2094 quantumcumque
3437 2022 3589 2077 nobis
3618 2020 3924 2075 ministerium

2376 2115 2665 2172 exhibeant
2698 2116 2813 2170 hate
2844 2115 2996 2171 bruta
3015 2154 3034 2182 ,
3064 2114 3206 2169 aliud
3235 2122 3414 2169 tamen
3439 2110 3702 2184 quoddam
3747 2109 3923 2177 adjuto-

2375 2208 2512 2263 rium
2540 2222 2661 2263 esse
2680 2206 2861 2263 multis
2886 2207 3123 2263 numeris
3148 2206 3517 2267 excellentius,
3540 2202 3675 2274 quod
3697 2218 3723 2254 a
3740 2201 3924 2254 muliere

2376 2301 2507 2357 Adae
2539 2309 2840 2372 praistatur.

2445 2396 2501 2449 2.
2544 2394 2877 2467 ltaque,quia
2898 2393 3149 2450 omnibus
3173 2392 3495 2448 animalibus
3533 2389 3638 2461 jam
3670 2384 3922 2457 productis,

2375 2498 2431 2545 et
2458 2505 2613 2546 suum
2663 2504 2858 2544 nomen
2887 2503 2919 2543 ει
2952 2489 3124 2555 primo
3175 2485 3395 2541 homine
3439 2482 3662 2550 sortitis,
3706 2477 3921 2547 bcttignus

2377 2584 2634 2639 Dominus
2661 2582 2892 2638 similem
2924 2581 3001 2636 illi
3027 2579 3328 2651 adjtttoretn
3351 2586 3412 2632 ut
3441 2574 3748 2647 produceret
3777 2566 3920 2638 inqui-

2376 2675 2528 2730 rebat
2558 2673 2686 2744 :qui
2731 2672 2911 2730 omnia
2940 2679 3155 2742 propter
3193 2670 3467 2725 hominem
3493 2683 3524 2722 a
3571 2680 3630 2721 sc
3679 2662 3916 2717 formatum

2375 2765 2669 2837 dispensat,
2696 2772 2751 2820 et
2779 2770 2997 2834 propter
3023 2764 3165 2818 hunc
3188 2775 3407 2816 omnem
3451 2756 3704 2813 visibilem
3744 2758 3918 2806 creatu-

2376 2874 2489 2913 ram
2531 2855 2802 2928 produxit,
2826 2856 2871 2911 is
2918 2870 3042 2911 cum
3099 2854 3220 2910 aliis
3272 2851 3525 2907 omnibus
3574 2855 3627 2903 et
3677 2843 3915 2899 mulierem

2375 2950 2590 3007 format.
2633 2949 2703 3006 Et
2749 2948 2875 3006 vide
2915 2964 3073 3020 quam
3114 2947 3406 3019 diligenter
3455 2940 3805 2999 formationem
3840 2946 3918 2987 nos

2376 3042 2584 3098 doceat.
2625 3040 2757 3097 Nam
2788 3049 3070 3111 postquam
3098 3053 3200 3094 nos
3218 3038 3426 3104 docuit,
3457 3050 3517 3091 se
3546 3032 3673 3088 velle
3699 3026 3914 3099 produce-

2377 3153 2435 3191 re
2464 3137 2539 3191 illi
2563 3136 2883 3204 adjutorium
2925 3132 3100 3189 stmilc
3132 3133 3234 3203 ipsi
3267 3148 3280 3185 :
3310 3146 3437 3185 nam
3473 3125 3708 3197 superius
3729 3121 3914 3175 dixerat.

2381 3225 2652 3281 Faciamus
2679 3227 2755 3281 illi
2781 3225 3097 3297 adjutorium
3134 3222 3417 3279 secundum
3457 3218 3599 3274 illum
3627 3233 3645 3271 :
3684 3223 3734 3269 ct
3759 3210 3833 3265 hic
3853 3208 3915 3297 itt-

2376 3318 2512 3389 qttit,
2550 3316 2671 3373 Non
2696 3295 3037 3372 inveniebatur
3084 3314 3293 3387 adjutar
3333 3313 3519 3367 similis
3546 3308 3620 3364 illi
3665 3322 3683 3361 :
3721 3315 3823 3399 eam
3851 3295 3915 3399 .ob

2377 3424 2593 3465 oausam
2616 3425 2680 3464 ex
2708 3408 2850 3463 illius
2887 3405 3186 3462 substantia
3231 3406 3404 3476 ipsam
3432 3402 3642 3461 format,
3668 3403 3718 3451 et
3740 3395 3911 3460 inquit:

2375 3500 2468 3555 2|.
2496 3499 2560 3554 lit
2584 3500 2790 3554 immisit
2821 3497 3074 3552 Dominus
3126 3495 3264 3550 Deus
3309 3507 3567 3551 excessum
3611 3489 3662 3542 in
3694 3481 3913 3577 Mortust

2377 3592 2632 3647 tlormivit.
2664 3589 2733 3645 Et
2758 3591 2953 3661 accepit
2975 3605 3133 3643 unam
3162 3597 3421 3643 costarum
3465 3584 3621 3646 illius,
3647 3587 3691 3631 ct
3734 3570 3915 3661 implevi!

2377 3700 2582 3738 carnem
2642 3700 2735 3754 pro
2787 3659 2898 3737 illa.
2946 3681 3038 3735 22.
3091 3678 3495 3749 Ᾰῖάίίῑεαυὲιιμιε
3542 3669 3764 3726 Dominus

2377 3786 2566 3831 costam
2594 3817 2610 3843 ,
2639 3751 2794 3847 quam
2816 3775 3009 3845 accepit
3037 3773 3100 3827 de
3125 3772 3290 3826 Adam
3312 3812 3328 3835 ,
3356 3770 3414 3826 in
3443 3765 3712 3825 mulierem.
3738 3766 3778 3810 εί
3798 3751 3912 3804 du“

2376 3867 2519 3922 illaut
2545 3866 2616 3922 ad
2651 3867 2837 3922 Adam.
2869 3866 3056 3936 Magna
3095 3864 3383 3921 verborum
3431 3861 3511 3915 vis
3536 3864 3644 3919 est,
3671 3859 3721 3906 et
3737 3851 3910 3941 onmem

2378 3958 2669 4015 humanum
2706 3968 2922 4028 captum
2959 3932 3396 4012 'trauscendens.
3443 3951 3559 4008 Non
3612 3943 3741 4001 cuitu
3788 3932 3913 3987 aliter

2378 4059 2602 4122 possunt
2628 4049 2743 4105 haec
2786 4064 2977 4119 magna
3004 4047 3249 4118 intelligi,
3277 4060 3440 4116 quam
3488 4038 3605 4096 ﬁdei
3629 4029 3786 4122 oculis
3802 4034 3910 4122 oon'

2377 4114 2580 4211 specta.
2622 4140 2690 4195 Et
2717 4114 2923 4195 immisit
2966 4138 3124 4205 Deus,
3172 4114 3382 4207 inquit,
3416 4143 3662 4191 excessum
3688 4124 3736 4216 in
3760 4114 3908 4216 Αάξηηι

2376 4244 2424 4288 et
2444 4233 2701 4288 dormivit.
2726 4231 2862 4287 Vide
2881 4246 3039 4302 quam
3060 4239 3307 4286 accurata
3324 4229 3397 4285 sit
3416 4238 3470 4284 et
3492 4219 3673 4282 eximia

2379 4324 2616 4396 Utraque
2657 4324 2834 4393 posuit
2878 4322 3069 4378 beatus
3111 4322 3204 4377 ille
3248 4319 3547 4391 propheta,
3579 4314 3679 4366 imo
3722 4303 3911 4371 Spiritus

2376 4426 2593 4473 sanctus
2620 4432 2714 4488 per
2741 4416 2881 4471 illius
2912 4415 3143 4486 linguam
3174 4454 3192 4481 ,
3218 4412 3425 4468 docens
3450 4422 3548 4466 nos
3592 4397 3911 4488 factorum}?

2378 4511 2535 4565 riem.
2569 4483 2810 4573 Idunisit,
2842 4483 3033 4576 inquit,
3067 4521 3324 4561 excessum
3348 4504 3405 4559 in
3429 4501 3610 4560 Adam,
3631 4501 3676 4547 et
3697 4483 3906 4541 domitu-

2375 4601 2529 4669 Quod
2560 4610 2689 4657 tunc
2718 4601 2902 4666 (iebat,
2928 4614 3100 4670 neque
3134 4612 3391 4655 excessus
3420 4595 3587 4652 solum
3615 4589 3746 4645 erat,
3772 4580 3908 4637 neque

2376 4708 2599 4749 somnus
2626 4692 2817 4748 solitus
2844 4711 2858 4745 :
2886 4691 2980 4747 sed
3002 4691 3123 4762 quia
3150 4691 3365 4760 sapiens
3384 4700 3439 4745 et
3461 4684 3625 4741 solers
3648 4678 3820 4729 nosti-te
3837 4672 3910 4762 ua:

2376 4794 2512 4841 turre
2534 4784 2723 4855 Opiiex
2750 4800 2910 4840 unam
2935 4799 3003 4839 ex
3019 4755 3228 4840 -costis-
3253 4783 3398 4838 illius
3442 4778 3704 4835 ablaturus
3724 4768 3841 4819 erat.
3859 4755 3908 4855 l“

2376 4893 2445 4935 ne
2473 4853 2753 4933 sentiendo
2781 4877 3045 4943 dolorem,
3073 4876 3282 4931 mulieri
3311 4891 3378 4931 es
3407 4879 3553 4930 costa
3578 4877 3669 4922 sua
3709 4853 3906 4910 formam

2377 4980 2563 5041 postea
2612 4968 2815 5024 doloris
2865 4982 3073 5023 memor
3119 4965 3363 5022 infensus
3407 4969 3586 5025 esset,
3636 4948 3903 5043 caprott‘lcl":

2377 5031 2619 5116 immisso
2668 5076 2912 5126 excessu,
2945 5066 3095 5114 tanto
3146 5058 3295 5113 illum
3345 5067 3534 5113 somno
3585 5031 3907 5135 οιψΐεεξίιι

2375 5155 2527 5226 quasi
2567 5153 2861 5225 gravedine
2909 5151 3138 5222 quadam
3175 5158 3482 5221 correptus.
3512 5127 3906 5233 """umimqjlf

2376 5248 2769 5302 liebatscnsum
2793 5254 3028 5317 caperet,
3070 5244 3164 5301 scd
3205 5244 3345 5300 sicut
3383 5239 3609 5312 optimus
3637 5219 3910 5349 artjlexnzli:

2378 5338 2544 5397 fet-ret
2571 5339 2713 5411 Quod
2764 5316 2873 5395 sibi
2924 5339 3227 5406 videbatur,
3281 5346 3339 5395 ct
3375 5332 3638 5406 ωρρίετοί
3680 5316 3758 5371 ubi

2376 5395 2666 5498 deerat,-et
2689 5431 2832 5503 quod
2860 5431 2985 5488 inde
3008 5440 3332 5501 sumpserat,
3362 5421 3642 5485 secundum
3660 5419 3794 5466 suam

2377 5537 2548 5582 maret
2616 5526 2978 5581 clementiam.
3046 5523 3300 5590 Immisit,
3355 5517 3557 5591 inquit,

2378 5618 2563 5684 Adam,
2593 5625 2640 5671 et
2668 5616 2923 5670 dormivit.
2953 5615 3256 5685 decepitque
3285 5629 3435 5667 unam

2377 5680 2600 5778 implevit
2624 5723 2827 5762 carnem
2857 5723 2948 5778 pro
2975 5704 3067 5760 illa
3085 5680 3116 5759 ⁷ε
3142 5680 3202 5761 ut
3244 5720 3316 5761 ne
3366 5705 3562 5777 posscl.
3586 5680 3905 5799 diﬂmNﬂ;

2379 5757 2506 5856 uuln
2538 5840 2554 5865 ,
2598 5797 2740 5869 quod
2791 5757 2988 5854 factum
3029 5805 3147 5852 erat
3193 5812 3260 5853 ex
3307 5795 3510 5852 defectu
3548 5757 3882 5893 ﬁnitimus:

2381 5863 2631 5964 Ψ¹²¹¹¹Μέ
2675 5907 2743 5949 θθ
2781 5901 3059 5961 tempore.
3113 5904 3220 5960 quo
3261 5886 3618 5945 auferebatur,
3664 5863 3902 5936 ignoravit,
