4110 6456
513 368 604 421 εει
1300 359 1357 414 S.
1398 352 1680 412 JOANNIS
1717 344 2203 406 CIIRYSOSTOMI
2243 342 2560 399 ARCIIIEP.
2603 343 3152 401 CONSTANTINOP.

513 484 773 555 αἱρέσεως
802 496 976 550 καιρῳ
1004 477 1288 546 ηγνόησεν,
1313 473 1427 527 ἀλλ’
1446 473 1595 544 ὅμως
1624 468 1816 538 ἔμελλε
1847 466 1983 538 μετά
2005 465 2176 555 ταῦτα

512 551 893 637 ἐπιγινώσκειν
913 565 975 619 rb
988 564 1231 633 γεγονός.
1250 562 1348 617 Ἰν*
1368 557 1463 614 οὖν
1485 561 1622 631 μήτε
1642 560 1700 610 ὲν
1729 555 1808 627 τῷ
1829 551 2179 624 ἀφαιρεῖσθαι

510 655 703 726 ὀδύνην
751 652 899 724 αὐτῷ
946 652 1241 723 ἐμποιήσῃ,
1292 650 1428 719 μήτε
1468 645 1608 718 μετά
1643 643 1817 698 ταῦτα
1869 643 1900 712 ή
1945 640 2180 709 ἔλλειψις

512 741 751 812 ἀθυμίαν
801 740 1125 810 ἐργάσηται,
1160 735 1443 808 ἀμφότερα
1485 732 1656 795 οὑτως
1705 729 2053 801 ᾠκονόμησε,
2088 728 2182 780 καὶ

511 826 842 897 ἀφελόμενος
872 824 1177 888 ἀνωδύνως,
1197 824 1290 877 καὶ
1327 819 1622 891 πληρώσας
1650 818 1711 870 rb
1735 818 1942 878 λεῖπον,
1981 814 2075 868 καὶ
2106 813 2180 885 μὴ

514 915 877 987 συγχωρήσας
908 912 1135 985 μηδενὸς
1177 910 1339 964 αὐτὸν
1369 908 1478 962 τῶν
1519 905 1901 976 γεγενημένων
1929 902 2180 974 αἴσθησιν

510 1002 785 1068 δέξασθαι.
811 1000 1007 1056 Λαϐὼν
1028 996 1142 1063 οὖν,
1166 999 1318 1069 φησι,
1343 996 1543 1065 ταύτην
1566 994 1662 1066 τὴν
1693 992 1954 1064 πλευράν,
1982 990 2180 1062 ᾠκοδό-

515 1105 656 1159 μησε
684 1087 886 1157 Κύριος
920 1087 949 1139 ό
972 1085 1102 1149 Θεὸς
1136 1085 1216 1147 είς
1233 1084 1485 1152 γυναῖκα.
1516 1080 1820 1152 Παράδοξον
1855 1080 1917 1132 rb
1956 1076 2181 1148 είρημέ-

511 1193 622 1239 νον,
647 1174 741 1229 καί
769 1174 935 1228 νικῶν
964 1172 1102 1245 μετά
1131 1172 1332 1242 πολλῆς
1351 1174 1451 1242 τῆς
1470 1168 1775 1241 ὑπερϐολῆς
1797 1166 1889 1220 τὸν
1914 1166 2180 1237 ἡμέτερον

510 1262 792 1332 λογισμόν.
829 1260 1067 1314 Τοιαῦτα
1096 1258 1204 1330 γὰρ
1240 1259 1452 1313 ἅπαντα
1482 1255 1552 1310 τά
1583 1254 1735 1327 παρά
1760 1253 1854 1307 τοῦ
1885 1253 2176 1306 Δεσπότου.

510 1348 617 1404 Τοῦ
664 1348 774 1421 γὰρ
826 1347 935 1402 ἀπὺ
992 1346 1085 1400 τοῦ
1131 1345 1254 1418 χοὸς
1293 1343 1599 1416 πλασθῆναι
1640 1344 1731 1396 τὸν
1763 1340 2049 1412 ἄνθρωπον
2080 1340 2180 1393 οὐκ

508 1437 724 1489 ἔλαττον
761 1433 936 1490 τοῦτο.
981 1434 1093 1488 Καὶ
1125 1434 1225 1506 ὅρα
1279 1432 1377 1504 τὴν
1422 1430 1830 1500 συγκατάϐασιν
1881 1430 1982 1500 τῆς
2025 1427 2179 1491 Θείας

507 1523 753 1595 Γραφῆς,
784 1523 929 1584 ὅσοις
952 1522 1162 1592 ῥήμασι
1190 1520 1453 1591 κέχρηται
1473 1518 1560 1571 διά
1591 1517 1691 1589 τὴν
1717 1516 1988 1588 ἡμετέραν
2020 1514 2180 1569 ἀσθέ-

507 1628 676 1666 νειαν.
709 1610 817 1665 Kal
847 1609 1049 1673 ἔλασε,
1083 1609 1239 1680 φησὶ,
1266 1608 1415 1677 μίαν
1443 1605 1561 1660 τῶν
1597 1604 1876 1673 πλευρῶν
1899 1602 2105 1658 αὑτοῦ.

576 1750 669 1821 Μὴ
685 1748 1041 1821 ἀνθρωπίνως
1054 1747 1212 1818 δέχου
1227 1746 1295 1800 τὰ
1311 1747 1599 1817 λεγόμενα,
1620 1744 1755 1799 ἀλλὰ
1779 1744 1877 1816 τὴν
1893 1743 2180 1815 παχύτητα

506 1836 617 1891 τῶν
642 1836 840 1901 λέξεων
868 1838 934 1906 τῇ
969 1833 1221 1905 ἀσθενείᾳ
1256 1833 1470 1901 λογίζου
1504 1836 1572 1903 τῇ
1599 1831 1931 1903 ἀνθρωπίνῃ.
1967 1832 2030 1884 Εί
2070 1831 2179 1902 7&9

512 1924 588 1995 μὴ
614 1922 765 1995 [UB]
798 1921 1010 1986 τούτοις
1034 1924 1145 1984 τοῖς
1179 1922 1419 1993 ῥήμασιν
1437 1921 1725 1991 ἐχρήσατο,
1750 1919 1867 1982 πῶς
1895 1918 1962 1972 ἂν
1990 1918 2179 1989 μαθεῖν

506 2012 854 2083 ἠδυνήθημεν
879 2010 1051 2064 ταῦτα
1079 2009 1149 2062 τά
1174 2010 1460 2079 ἀπόρρητα
1490 2009 1791 2078 μυστήριας
1821 2006 1911 2078 Μὴ
1940 2008 2050 2069 τοῖς
2083 2007 2180 2079 ῥή-

508 2117 673 2169 μασιν
691 2094 785 2152 οὖν
816 2098 998 2169 μόνοις
1025 2096 1489 2167 ἐναπομείνωμεν,
1513 2094 1649 2148 ἀλλά
1670 2093 1987 2166 θεοπρεπῶς
2015 2094 2181 2148 ἀπαν-

505 2202 573 2239 τα
604 2184 809 2255 νοῶμεν
834 2184 908 2249 ὡς
932 2184 1025 2238 ἐπὶ
1044 2182 1203 2237 Θεοῦ.
1234 2183 1308 2236 Τὸ
1336 2182 1466 2254 γὰρ,
1493 2184 1726 2243 Ἕλαϐε,
1756 2182 1851 2236 καὶ
1878 2182 1979 2235 ὅσα
2005 2181 2181 2235 τοιαῦ-

506 2288 594 2337 τα,
632 2271 724 2325 διὰ
752 2270 854 2340 τὴν
884 2269 1170 2324 ἀσθένειαν
1193 2270 1293 2340 τὴν
1326 2270 1604 2340 ἡμετέραν
1635 2269 1868 2339 εἴρηται.
1899 2269 2098 2322 Σκόπει
2121 2268 2179 2322 δὲ

507 2359 627 2424 πῶς
676 2360 772 2414 καὶ
806 2357 1035 2412 ἐνταῦθα
1060 2356 1223 2410 πάλιν
1253 2358 1318 2426 τῇ
1348 2357 1484 2428 αὐτῇ
1520 2356 1778 2425 συνηθείᾳ
1815 2357 2104 2427 ἐχρήσατο,

509 2446 605 2501 καὶ
633 2447 725 2499 ἐπὶ
755 2445 850 2499 τοῦ
892 2444 1080 2515 Ἀδάμ.
1116 2444 1329 2515 Ὥσπερ
1358 2444 1464 2515 γὰρ
1494 2445 1610 2496 ὲκεί
1636 2444 1727 2496 καὶ
1754 2442 1918 2508 ἅπαξ,
1947 2444 2040 2497 καὶ
2061 2443 2180 2496 δεύ-

509 2553 688 2608 τερον,
747 2533 855 2597 καὶ,
884 2533 1144 2596 πολλάκις
1183 2528 1322 2586 εἷπε·
1368 2532 1478 2585 Kal
1512 2533 1691 2586 ἔλαϐε
1719 2534 1935 2601 Κύριος
1973 2536 2008 2588 ό
2037 2532 2180 2599 Θεὸς

510 2623 615 2676 τὸν
638 2622 970 2691 ἄνθρωπον,
1003 2622 1074 2675 ὃν
1106 2621 1358 2674 ἔπλασε·
1384 2622 1477 2673 καὶ
1501 2619 1682 2684 πάλιν,
1713 2620 1820 2674 Kal
1847 2621 2181 2676 ἐνετείλατο

510 2710 728 2776 Κύριος
756 2712 790 2763 ό
815 2707 961 2774 Θεὸς
984 2705 1065 2773 τῷ
1111 2705 1302 2776 Ἀδάμ
1333 2707 1427 2760 καὶ
1461 2705 1642 2771 πάλιν,
1668 2706 1777 2760 Καὶ
1799 2703 1930 2760 εἷπε
1966 2707 2183 2774 Κύριος

511 2799 547 2851 ό
579 2796 743 2862 Θεὸς,
780 2794 1133 2864 Ποιήσωμεν
1173 2792 1334 2859 αὐτῷ
1372 2793 1607 2861 ,ϐοηθὸν
1640 2792 1767 2847 κατ’
1795 2793 2002 2847 αὐτόν’
2038 2792 2182 2848 οὑτω

512 2885 604 2938 καὶ
651 2884 747 2939 νῦν
798 2901 948 2955 φησι,
996 2883 1105 2938 Kal
1160 2883 1510 2953 ᾠκοδόμησε
1543 2884 1757 2951 Κύριος
1796 2886 1831 2937 ό
1887 2884 2032 2951 Θεὸς
2067 2884 2183 2952 τὴν

511 2969 805 3037 πλευρὰν,
834 2968 915 3037 ἣν
949 2968 1126 3022 ἔλαϐε
1153 2968 1272 3021 ἀπὸ
1294 2968 1400 3021 τοῦ
1435 2967 1626 3037 Ἀδὰμ,
1662 2970 1749 3034 είς
1774 2968 2047 3033 γυναῖκαο
2086 2970 2182 3022 καὶ

511 3059 793 3130 ἀνωτέρω,
830 3059 938 3113 Kal
971 3058 1227 3112 ἐπέϐαλε
1275 3059 1488 3125 Κύριος
1509 3060 1542 3112 ό
1580 3059 1723 3124 Θεὸς
1752 3059 2045 3113 ἔκστασιν
2081 3060 2180 3115 ἐπί

511 3144 620 3197 τόν
655 3143 850 3213 Ἀδάμ’
877 3145 965 3197 ἴνα
995 3144 1172 3217 μάθῃς
1208 3143 1284 3207 ὡς
1316 3143 1541 3214 οὐδεμία
1572 3143 1805 3215 διαφορά
1832 3147 1947 3199 ἐστι
1969 3147 2183 3219 Har-9b;

511 3234 610 3286 καὶ
638 3232 756 3285 υἱοῦ
788 3233 845 3285 ἐν
869 3234 989 3296 ταῖς
1020 3230 1248 3299 λέξεσιν,
1277 3230 1414 3285 ἀλλά
1438 3230 1526 3284 διὰ
1552 3230 1613 3284 rb
1650 3231 1776 3302 μίαν
1806 3229 1945 3286 εἶναι
1974 3235 2072 3305 τὴν
2094 3236 2186 3288 οὐ-

513 3321 637 3373 σίαν
659 3320 867 3391 ἀμφοτέ
878 3336 1005 3390 ρων.
1035 3319 1341 3390 ἀδιατόρως
1363 3320 1397 3390 ή
1424 3318 1616 3391 Γραφὴ
1638 3319 1907 3391 κέχρηται
1936 3324 2046 3386 τοῖς
2068 3322 2186 3377 ὀνό-

514 3424 699 3478 μασιν.
748 3407 877 3461 Ἰδοὺ
906 3407 1037 3476 γοῦν
1060 3408 1152 3461 καὶ
1172 3407 1265 3460 ἐπὶ
1293 3407 1392 3479 τῆς
1419 3405 1761 3470 διαπλάσεως
1796 3409 1894 3479 τῆς
1927 3409 2185 3476 γυναικὸς

511 3497 579 3566 τῇ
622 3495 758 3565 αὐτῇ
811 3495 1074 3567 συνηθείᾳ
1116 3496 1388 3566 ἐχρήσατο
1423 3492 1672 3558 εἰποῦσα,
1707 3496 1813 3549 Kal
1836 3496 2186 3566 ᾠκοδόμησε

512 3582 727 3646 Κύριος
785 3584 817 3634 ὁ
876 3581 1021 3646 Θεὸς
1070 3580 1185 3648 τὴν
1230 3580 1521 3647 πλευρὰν,
1560 3579 1639 3647 ἦν
1664 3582 1880 3634 ἐλαϐεν
1924 3583 2044 3636 ἀπὸ
2079 3582 2185 3636 τοῦ

529 3665 730 3735 Ἀδὰμ,
773 3669 860 3730 εὶς
896 3665 1167 3735 γυναῖκα.
1201 3666 1268 3719 Τί
1303 3667 1370 3719 ἂν
1393 3667 1596 3720 είποιεν
1635 3667 1867 3721 ἐνταῦθα
1895 3671 1943 3722 οἱ
1975 3672 2185 3738 αἱρετι-

518 3752 624 3813 κοὶ,
665 3753 714 3804 οί
747 3751 925 3805 πάντα
963 3750 1419 3822 περιεργάζεσθαι
1462 3751 1797 3823 βουλόμενοι,
1831 3755 1925 3808 καὶ
1970 3757 2066 3810 τοῦ
2093 3757 2187 3828 δη-

520 3835 783 3909 μιουργοῦ
813 3835 919 3890 τῶν
951 3836 1088 3890 ὅλων
1109 3837 1208 3907 τὴν
1237 3837 1487 3907 γέννησιν
1509 3838 1893 3909 κατειληφέναι
1913 3841 2182 3912 οίόμενοι;

521 3925 677 3987 [ίοῐος
710 3926 865 3992 λόγος
896 3923 1055 3976 τοῦτο
1074 3922 1405 3993 ἑρμηνεῦσαι
1424 3923 1675 3991 δύναταις
1702 3929 1854 3991 ποῖος
1885 3928 2008 3992 νοῦς
2029 3947 2187 3983 κατα-

517 4007 737 4073 λαϐείν;
766 4011 912 4066 Μίαν
942 4009 1199 4081 πλευρὰν,
1226 4010 1409 4081 φησὶν,
1432 4011 1610 4065 ἐλαϐε-
1632 4013 1724 4066 καὶ
1753 4014 1870 4079 πῶς
1894 4017 1956 4069 ὲκ
1982 4016 2186 4088 ταύτης

514 4099 616 4169 τῆς
649 4099 776 4169 μιᾶς
820 4098 882 4152 τὸ
929 4097 1048 4151 ὅλον
1087 4089 1222 4163 ζῶον
1263 4097 1547 4166 διέπλασε;
1579 4099 1644 4152 Τί
1671 4099 1726 4153 δὲ
1757 4100 1919 4171 λέγω,
1966 4103 2084 4167 πῶς
2121 4104 2186 4158 ἐκ

516 4185 721 4255 ταύτης
758 4185 857 4256 τῆς
901 4186 1027 4255 μιᾶς
1061 4187 1123 4238 rb
1153 4184 1292 4249 ζῶον
1319 4185 1644 4251 διέπλασεν;
1690 4188 1823 4241 Εἰπέ
1856 4207 1946 4260 μοι
1989 4191 2107 4255 πῶς
2149 4193 2182 4264 ἡ

518 4273 809 4344 ἀφαίρεσις
846 4272 1070 4342 γέγονε;
1100 4273 1218 4335 πῶς
1243 4273 1492 4345 αἴσθησιν
1521 4276 1619 4329 οὐκ
1647 4277 1803 4330 ἔλαϐε
1825 4279 1924 4349 τῆς
1952 4281 2181 4352 ἀφαιρέο

522 4375 687 4422 σεωςς
751 4358 891 4411 Ἀλλ’
948 4360 1098 4413 οὐδὲν
1143 4358 1346 4413 τούτων
1384 4361 1585 4434 δυνήσῃ
1633 4364 1826 4418 εἰπεῖν·
1869 4366 2029 4438 μόνος
2076 4370 2184 4441 7&9

522 4446 728 4509 ἐκεῖνος
756 4442 894 4498 οἶδεν
927 4447 955 4499 ὁ
977 4446 1073 4517 τὴν
1098 4446 1455 4518 δημιουργίαν
1482 4450 1873 4521 ἐργασάμενος.
1914 4455 1976 4508 El
2007 4458 2185 4511 τοίνυν

522 4530 694 4585 ταῦτα
732 4532 800 4585 τὰ
844 4533 901 4585 έν
932 4534 1107 4602 χερσὶ,
1138 4534 1233 4587 καὶ
1267 4535 1336 4589 τὰ
1372 4535 1470 4606 τῆς
1497 4536 1836 4604 διαπλάσεως
1861 4541 1957 4594 τοῦ
1989 4545 2182 4613 ὁμογε-

524 4617 648 4683 νοῦς
683 4621 813 4690 ήμῖν
853 4620 1032 4690 εὑρεῖν
1080 4619 1219 4684 ζώου
1262 4621 1323 4674 οὐ
1366 4622 1872 4696 καταλαμϐάνομεν,
1904 4630 2076 4702 πόσης
2119 4632 2187 4686 ἂν

523 4707 612 4778 εἴη
643 4706 839 4779 μανίας
877 4708 973 4761 καὶ
1010 4708 1436 4779 παραφροσύνης
1462 4710 1532 4765 τά
1563 4713 1703 4767 κατά
1735 4714 1827 4767 τὸν
1858 4715 2187 4790 δημιουργὸν

525 4794 998 4867 περιεργάζεσθαι,
1035 4797 1128 4848 καὶ
1165 4798 1349 4850 ἐκεῖνα
1379 4798 1607 4866 φάσκειν
1639 4800 2022 4873 κατειληφέναι
2057 4818 2080 4846 α
2112 4800 2187 4861 ὧν

523 4883 645 4938 οὔτε
674 4885 730 4937 al
763 4883 1041 4954 ἀσώματοι
1070 4885 1167 4939 καὶ
1189 4884 1328 4938 θεῖαι
1352 4886 1608 4958 δυνάμεις
1635 4888 1733 4960 τήν
1764 4890 1962 4963 ἀκριϐῆ
1990 4894 2187 4961 γνῶσιν

523 4971 753 5043 ἔχουσιν,
811 4972 946 5025 ἀλλὰ
1002 4972 1141 5043 μετά
1196 4972 1362 5043 φόϐου
1406 4975 1501 5028 καὶ
1558 4976 1760 5048 τρόμου
1812 4978 2186 5048 δοξολογοῦσαι

523 5055 783 5127 διηνεκῶς
812 5055 1115 5108 διατελοῦσι
1136 5073 1151 5119 ;

586 5192 659 5256 γ’.
692 5195 801 5249 Kal
830 5194 1196 5264 ᾠκοδόμησε,
1229 5196 1382 5265 φησὶ,
1409 5196 1625 5266 Κύριος
1643 5201 1676 5252 ό
1697 5199 1842 5267 Θεὸς
1870 5200 1985 5271 τὴν
2005 5208 2189 5259 πλευ-

521 5282 654 5351 ρὰν,
680 5281 760 5349 ἢν
781 5282 997 5337 ἔλασεν
1011 5282 1132 5336 ἀπὸ
1158 5282 1265 5336 τοῦ
1301 5283 1491 5354 Ἀδὰμ,
1515 5286 1604 5351 εις
1625 5287 1898 5355 γυναῖκα,
1934 5290 2073 5362 Ὅρα
2090 5293 2188 5364 τῆς

525 5368 745 5438 Γραφῆς
765 5368 862 5438 τήν
889 5370 1194 5441 ἀκρίϐειαν.
1215 5368 1415 5424 Οὐκέτι
1448 5370 1556 5443 7&9
1585 5369 1757 5438 εἶπεν,
1789 5374 2042 5442 ἔπλασεν,
2073 5380 2187 5433 ἀλλ’

539 5455 958 5525 ’ῼκοδόμησενσ
986 5459 1169 5532 ἐπειδὴ
1199 5460 1264 5513 ὲκ
1293 5458 1387 5514 τοῦ
1412 5461 1511 5532 ἤδη
1534 5461 1863 5527 πλασθέντος
1887 5464 1915 5504 δ
1941 5465 2001 5519 τὸ
2026 5466 2190 5539 μέρος

525 5541 705 5607 ἔλαϐε,
751 5543 844 5597 καὶ
883 5545 957 5607 ὡς
992 5545 1057 5599 ἃν
1100 5549 1241 5601 είποι
1274 5564 1378 5612 τις,
1410 5548 1471 5601 rb
1513 5547 1700 5603 λεῖπον
1745 5551 2053 5622 ἐχαρίσατο.
2091 5555 2190 5609 Διά

525 5627 682 5682 τοῦτό
718 5645 870 5700 φησι,
897 5629 1004 5685 Kal
1025 5632 1433 5705 ᾠκοδόμησεν
1467 5636 1567 5689 οὐκ
1594 5635 1763 5706 ἄλλην
1790 5637 1984 5694 πλάσιν
2005 5642 2189 5713 εἰργά-

591 5798 836 5870 ’σῐνάςκειν
847 5802 1223 5870 κατειλημμένα,
1247 5808 1316 5855 sic
1345 5807 1541 5869 quidam
1562 5821 1677 5856 mss.
1743 5806 1772 5847 δ
1793 5810 1992 5864 Coislln.
2020 5816 2073 5864 ὲκ
2095 5815 2182 5865 τοῦ

527 5858 646 5909 ίόίου
680 5864 981 5918 πλισθέντος.
1010 5858 1126 5911 Ibid.
1152 5858 1272 5931 Rég.
1298 5858 1423 5920 un'us
1441 5871 1577 5932 μέρος
1601 5858 1848 5932 ἐλάμϐανε,

3890 346 4003 401 1'22

2283 479 2431 521 σατο,
2463 460 2577 514 ἀλλ’
2603 462 2667 514 ὲκ
2688 461 2785 531 τῆς
2813 460 2912 531 ήδη
2951 461 3245 531 γενομένης
3273 459 3522 526 πλάσεως
3560 460 3742 534 βραχύ
3782 478 3850 514 τι
3895 464 3998 533 μέ-

2283 567 2374 620 ρος
2403 547 2604 612 λαϐὼν,
2632 547 2791 601 τοῦτο
2816 547 2880 600 τὸ
2903 548 3067 618 μέρος
3099 547 3437 619 ᾠκοδόμησε,
3470 549 3567 603 καὶ
3604 548 3831 602 τέλειον
3871 550 3994 618 εἱρ-

2279 635 2487 701 γάσατο
2508 633 2568 687 τό
2593 633 2752 699 ζῶον.
2785 633 2936 703 Πόση
2967 632 3063 686 τοῦ
3085 634 3465 704 ἀριστοτέχνου
3488 632 3624 687 Θεοῦ
3645 635 3679 704 ἡ
3709 633 3995 705 δύναμις,

2282 721 2386 774 ἀπὸ
2434 720 2530 774 τοῦ
2567 720 2904 792 βραχυτάτου
2967 720 3168 791 μέρους
3208 720 3416 775 ἐκείνου
3455 720 3732 774 τοσούτων
3790 721 4000 792 μελῶν

2279 809 2571 874 ἀναλογίαν
2590 807 2950 881 ἐργάσασθαι,
2982 808 3078 862 καὶ
3102 809 3369 872 τοσαύτας
3392 809 3676 881 αἰσθήσεις
3703 809 4000 881 δημιουρι

2280 898 2461 966 γῆσαι,
2531 899 2625 952 καλ⁵
2686 897 2888 952 τέλειον
2942 898 3034 951 καὶ
3074 890 3367 969 ὀλόκληρον
3408 898 3505 950 καὶ
3542 898 3998 968 ἀπηρτισμένου

2281 989 2418 1053 ζῶον
2452 990 2880 1053 κατασκευάσαι,
2903 988 2964 1043 rb
2990 988 3286 1051 δυνάμενον
3315 989 3410 1043 καὶ
3440 987 3994 1059 προσδιαλέγεσθαι,

2279 1078 2374 1132 καὶ
2402 1081 2469 1149 τῇ
2488 1076 2588 1149 τῆς
2603 1076 2790 1137 οὐσίας
2812 1076 3067 1147 κοινωνίᾳ
3090 1076 3295 1147 πολλὴν
3312 1075 3462 1147 αὐτῷ
3478 1076 3578 1147 τήν
3599 1075 3993 1147 παραμυθίαν

2280 1167 2575 1238 εἰσφέρειν.
2608 1167 2705 1220 Διά
2745 1165 2855 1237 7&9
2888 1166 2988 1236 τὴν
3022 1165 3214 1221 τούτου
3236 1165 3579 1235 παράκλησιν
3609 1165 3776 1220 τοῦτο
3814 1164 3990 1239 [H9]

2278 1254 2341 1306 τὸ
2370 1253 2508 1317 ζῶον
2541 1252 2966 1325 ἑδημιουργήθη.
2998 1252 3090 1306 Διὸ
3120 1255 3214 1306 καὶ
3254 1252 3465 1316 Παῦλος
3490 1253 3698 1322 ἔλεγενο
3736 1256 3835 1309 Οὐ
3863 1256 3989 1323 γὰρ

2279 1342 2526 1409 ἐκτίσθη
2558 1344 2591 1395 ό
2615 1339 2770 1409 ἀνὴρ
2794 1340 2892 1393 διὰ
2919 1340 3031 1407 τὴν
3051 1339 3323 1410 γυναῖκα,
3352 1340 3515 1395 ἀλλὰ
3539 1341 3697 1411 γυνὴ
3725 1340 3836 1396 διὰ
3866 1342 3990 1395 τὸν

2281 1428 2488 1498 ἄνδρα.
2541 1427 2703 1498 Ὁρᾷς
2731 1427 2846 1491 πῶς
2867 1427 3082 1481 ᾶπαντα
3105 1426 3171 1480 δι’
3201 1428 3363 1481 αὐτὸν
3392 1427 3632 1495 γίνεται;
3664 1428 3837 1482 Μετά
3864 1428 3985 1501 7&9

2280 1518 2380 1585 τὴν
2409 1514 2768 1586 δημιουργίαν
2803 1514 2904 1584 τῆς
2935 1514 3184 1578 κτίσεως,
3221 1514 3357 1584 μετά
3404 1514 3468 1568 rb
3503 1514 3874 1586 παραχθῆναι
3906 1518 3987 1570 τά

2281 1603 2466 1671 ἄλογα,
2512 1603 2581 1655 r&
2616 1602 2752 1672 πρὸς
2785 1601 2988 1672 βρῶσιν
3025 1601 3326 1672 ἐπιτήδεια,
3365 1601 3435 1655 τά
3473 1603 3610 1672 πρὸς
3649 1604 3983 1675 ὑπηρεσίαν

2280 1687 2637 1758 χρησιμεύειν
2674 1686 2966 1758 δυνάμενα,
2991 1687 3179 1759 ἐπειδὴ
3206 1688 3377 1741 ἐδεῖτο
3399 1691 3428 1742 ό
3458 1688 3720 1754 πλασθεὶς
3749 1690 3981 1763 ἄνθρω⁴

2281 1778 2381 1838 πός
2415 1793 2559 1835 τινος
2586 1775 2682 1828 τοῦ
2713 1774 3260 1846 προσδιαλεγομένου,
3295 1776 3389 1829 καὶ
3407 1776 3713 1847 δυναμένου
3752 1781 3824 1850 τῇ
3854 1796 3977 1832 x0:-

2281 1863 2446 1933 νωνία
2463 1861 2562 1931 τῆς
2584 1862 2770 1925 οὐσίας
2790 1861 2989 1933 πολλὴν
3011 1860 3157 1932 αὐτῷ
3177 1862 3437 1934 παρέχειν
3461 1863 3558 1934 τὴν
3576 1864 3971 1936 παραμυθίαν,

2279 1950 2367 2004 διὰ
2388 1950 2547 2004 τοῦτο
2581 1951 2647 2003 ἐκ
2678 1949 2779 2020 τῆς
2811 1949 3052 2022 πλευρᾶς
3084 1951 3249 2005 αὐτοῦ
3282 1952 3697 2025 δημιουργεῖται
3735 1955 3801 2008 rb
3828 1954 3974 2018 ζῶον

2279 2038 2436 2092 τοῦτο
2460 2038 2522 2090 rb
2558 2037 2792 2105 λογικὸν,
2820 2039 2912 2091 καὶ
2939 2038 3081 2092 κατὰ
3112 2039 3212 2109 τὴν
3237 2041 3546 2111 εὐμήχανον
3566 2042 3737 2096 αὐτοῦ
3767 2045 3973 2113 σοφίαν

2280 2126 2481 2179 τέλειον
2516 2125 2610 2179 καὶ
2648 2124 3052 2197 ἀπηρτισμένου
3083 2127 3216 2179 αὐτὸ
3253 2128 3566 2198 εἰργάσατο,
3602 2129 3753 2184 κατὰ
3786 2134 3973 2187 πάντα

2278 2213 2359 2294 τῷ
2398 2212 2671 2285 ἀνθρώπῳ
2707 2214 2910 2283 ὅμοιον,
2962 2214 3085 2268 ἀντὶ
3125 2213 3241 2278 τοῦ,
3285 2214 3523 2284 λογικὸν,
3564 2216 3879 2289 δυνάμενον
3912 2223 3964 2274 ἐν

2278 2305 2391 2365 τοῖς
2436 2299 2668 2370 καιρίοις
2715 2300 2866 2371 αὐτῷ
2901 2301 2996 2354 καὶ
3045 2303 3153 2362 τοῖς
3188 2302 3503 2370 ἀναγκαίοις
3526 2305 3621 2357 καὶ⁵
3660 2306 3965 2377 συνέχουσι

2280 2388 2380 2459 τὴν
2411 2387 2557 2458 ζωὴν
2583 2388 2653 2441 τὰ
2686 2387 2784 2457 τῆς
2818 2386 3072 2457 βοηθείας
3097 2388 3389 2457 είσφέρειν.
3419 2390 3553 2454 Θεὸς
3583 2392 3693 2463 7&9
3730 2388 3806 2464 ἦν
3837 2397 3870 2448 ὁ
3902 2397 3967 2449 τά

2280 2475 2459 2529 πάντα
2485 2474 2649 2545 σοφία
2670 2475 2781 2527 αιτινὶ⁵
2807 2474 2903 2527 καὶ
2928 2475 3259 2547 δημιουργίᾳ
3285 2477 3606 2548 οἰκονομῶν.
3632 2479 3696 2533 El
3730 2480 3848 2552 7&9
3873 2485 3968 2537 καὶ

2281 2564 2443 2633 ἡμεῖς
2487 2561 2576 2616 διά
2615 2563 2714 2633 τήν
2743 2560 2855 2615 τῶν
2886 2560 3163 2632 λογισμῶν
3199 2562 3483 2618 ἀσθένειαν
3514 2566 3968 2637 καταλαμϐάνειν

2283 2652 2359 2723 μὴ
2398 2649 2677 2721 δυνάμεθα
2715 2648 2806 2703 τὸν
2847 2650 3050 2721 τρόπον
3076 2650 3188 2704 τῶν
3226 2652 3630 2723 γεγενημένων,
3657 2654 3780 2709 ἀλλ’
3812 2658 3966 2728 ὅμως

2282 2737 2632 2809 πιστεύομεν,
2664 2737 2745 2790 ὃτι
2791 2735 2869 2807 τῷ
2908 2736 3208 2808 βουλήματι
3236 2736 3400 2791 αὐτοῦ
3438 2739 3617 2794 πάντα
3659 2741 3827 2807 εἴκει,
3870 2748 3966 2799 καὶ

2281 2827 2417 2895 ὅπερ
2466 2825 2533 2879 ἀν
2588 2823 2887 2896 προστάξῃ,
2933 2824 3091 2878 τοῦτο
3150 2828 3231 2888 είς
3277 2826 3440 2896 μέσον
3473 2830 3806 2900 παράγεται.
3850 2834 3964 2886 Kal

2283 2911 2652 2982 ᾠκοδόμησε,
2701 2911 2854 2982 φησὶ,
2897 2913 3113 2979 Κύριος
3147 2915 3182 2966 ό
3216 2913 3362 2980 Θεὸς
3408 2915 3522 2983 τὴν
3559 2918 3855 2987 πλευρὰν,
3884 2918 3965 2987 ἢν

2282 3001 2501 3055 ἐλαϐεν
2524 3000 2643 3055 ἀπὸ
2673 3000 2777 3054 τοῦ
2823 2999 3014 3070 Ἀδὰμ,
3044 3001 3134 3066 εις
3162 3001 3434 3071 γυναῖκα,
3461 3002 3562 3057 καί
3594 3003 3827 3074 ἤγαγεν
3856 3010 3963 3063 αὺ-

2283 3089 2399 3156 τὴν
2429 3088 2579 3156 πρὸς
2599 3088 2707 3141 τὸν
2743 3086 2934 3158 Ἀδάμ·
2966 3087 3204 3153 δεικνὺς,
3232 3089 3314 3142 ὅτι
3336 3089 3403 3143 δι’
3426 3090 3589 3144 αὐτὸν
3617 3094 3792 3164 αὐτὴν
3817 3113 3959 3167 παρ-

2284 3177 2507 3247 ήγαγεν.
2536 3176 2780 3244 Ἤγαγεν
2812 3175 3006 3245 αὐτὴν,
3037 3176 3193 3246 φησὶ,
3221 3176 3356 3247 πρὸς
3375 3176 3468 3230 τὸν
3509 3178 3699 3249 Ἀδάμ.
3741 3181 3958 3254 Ἐπειδὴ

2283 3266 2392 3337 γὰρ
2422 3266 2599 3329 οὐδεὶς
2649 3264 2872 3336 εὑρέθη,
2922 3265 3109 3336 φησὶν.
3141 3267 3198 3318 ὲν
3235 3268 3369 3320 πᾶσι
3407 3270 3518 3332 τοῖς
3556 3268 3739 3333 ἀλλοις
3775 3271 3958 3342 ὅμοιός

2286 3372 2367 3409 σοι
2403 3353 2616 3427 βοηθὸς,
2677 3354 2785 3407 ἰδοὺ
2830 3354 2967 3425 ὅπερ
3005 3353 3321 3427 ὑπεσχόμην
3361 3357 3800 3430 (ἐπηγγειλάμην
3848 3360 3955 3431 7&9

2285 3441 2478 3513 βοηθὸν
2540 3440 2725 3512 ὅμοιόν
2783 3458 2864 3495 σοι
2922 3441 3396 3513 κατασκευάζειν),
3453 3444 3611 3498 τοῦτο
3660 3446 3957 3518 πληρώσας

2285 3524 2628 3597 παραδίδωμί
2684 3541 2786 3578 σοι.
2821 3525 3041 3594 Ἥγαγε
3082 3523 3190 3595 7&9
3219 3526 3435 3593 αὐτὴν,
3471 3528 3625 3597 φησι,
3662 3531 3815 3597 πρὸς
3852 3532 3957 3584 τὸν

2298 3612 2490 3681 Ἀδάμ.
2536 3610 2646 3665 Καὶ
2693 3606 2864 3664 εἶπεν
2902 3609 3095 3680 Ἀδὰμ,
3136 3611 3313 3665 Τοῦτο
3352 3611 3469 3665 νῦν
3489 3615 3715 3669 ὀστοῦν
3741 3618 3812 3672 ἐκ
3841 3616 3955 3672 τῶν

2287 3697 2514 3753 ὀστέων
2528 3715 2668 3767 μου,
2697 3697 2794 3750 καὶ
2826 3698 2983 3766 σὰρξ
3010 3698 3078 3750 ἐκ
3115 3695 3236 3751 τῶν
3269 3699 3523 3769 σαρκῶν
3531 3719 3672 3771 μου.

2354 3856 2462 3911 Θέα
2504 3874 2593 3928 μοι
2638 3856 2901 3919 ἐνταῦθα,
2949 3857 3225 3926 ἀγαπητὲ,
3267 3859 3384 3924 πῶς
3432 3862 3571 3931 μετά
3617 3862 3719 3932 τῆς
3763 3866 3949 3936 σοφίας

2287 3943 2501 4016 ἐκείνης
2535 3944 2632 4015 τῆς
2669 3944 2898 4013 ἀφάτου,
2924 3945 3049 4013 στῆς
3093 3944 3244 4017 παρὰ
3278 3945 3372 3999 τοῦ
3413 3947 3548 4001 Θεοῦ
3595 3950 3743 4021 αὐτῷ
3781 3969 3946 4025 χορη-

2286 4031 2568 4103 γηθείσης,
2615 4031 2681 4085 τά
2725 4031 2991 4103 δείγματα
3032 4035 3163 4104 ήμῖν
3202 4034 3411 4089 ἐδείκνυ
3445 4036 3532 4090 διὰ
3572 4038 3668 4108 τῆς
3697 4040 3804 4095 τῶν
3835 4043 3946 4097 ὀνο-

2290 4119 2475 4190 μάτων
2539 4118 2741 4181 θέσεως
2792 4119 2936 4190 ἆπερ
2989 4119 3224 4191 ἐπέθηκε
3276 4123 3550 4187 τοσούτοις
3602 4128 3715 4190 τοῖς
3768 4128 3945 4196 γένεσι

2286 4212 2393 4265 τῶν
2439 4211 2647 4280 ἀλόγων
2698 4209 2872 4275 ζώων,
2924 4213 3018 4266 καὶ
3068 4216 3412 4286 προφητικῖκ
3462 4214 3659 4286 ἠξίωτο
3707 4220 3940 4294 χάριτος,

2287 4304 2386 4359 Διά
2411 4303 2518 4374 γάρ
2548 4302 2706 4356 τοῦτο
2743 4304 2799 4356 ὲν
2836 4306 2947 4367 τοῖς
2990 4304 3244 4375 ἀνωτέρω
3277 4307 3513 4373 ἐδίδαξεν
3535 4311 3681 4379 ημᾶς
3714 4314 3743 4365 ὁ
3766 4318 3936 4383 μακά-

2291 4415 2404 4470 ριος
2432 4391 2584 4459 οὗτος
2608 4396 2915 4468 προφήτης,
2944 4397 3026 4450 ὅτι
3065 4397 3204 4467 μετὰ
3235 4397 3329 4451 τοῦ
3370 4398 3537 4454 ὕπνου
3575 4403 3670 4456 καὶ
3700 4403 3941 4471 ἔκστασις

2290 4489 2451 4544 αὐτὸν
2491 4488 2681 4543 ἔλαϐεν
2706 4527 2722 4552 ,
2771 4488 2847 4552 ὼς
2898 4489 3032 4559 μηδὲ
3073 4489 3210 4553 ὅλως
3250 4490 3500 4563 αῐσθητιν
3548 4492 3797 4560 δέξασθαι
3850 4500 3940 4552 τοῦ

2288 4580 2600 4652 γενομένου,
2633 4580 2701 4633 ἵν’
2749 4581 2969 4635 ἐπειδάν
3007 4581 3186 4653 μάθῃς
3217 4581 3342 4649 νῦν,
3378 4585 3458 4639 ῖτι
3501 4584 3639 4654 μετά
3678 4587 3777 4659 τήν
3821 4589 3940 4644 θέαν

2287 4674 2389 4746 τῆς
2429 4674 2688 4743 γυναικὸς
2731 4673 2870 4744 μετά
2919 4675 3201 4745 ἀκριϐείας
3235 4677 3566 4747 ἀπαγγέλλει
3612 4680 3672 4733 rb
3712 4684 3938 4750 γεγονὸς,

2290 4769 2518 4840 πεισθῇς
2559 4767 2835 4840 ἀκριϐῶς,
2872 4769 2952 4822 ὅτι
2996 4773 3305 4841 προφητικῇ
3343 4772 3527 4843 χάριτι
3564 4773 3734 4828 ταῦτα
3783 4775 3939 4846 φθέγ-

2288 4879 2475 4931 γεται,
2532 4864 2628 4918 καὶ
2680 4862 3038 4934 ἐνηχούμενος
3095 4862 3201 4916 ὑπὸ
3249 4862 3352 4930 τῆς
3413 4863 3507 4918 τοῦ
3574 4866 3728 4935 ἁγίου
3776 4868 3938 4922 Πνεῦ-

2293 4969 2460 5022 ματος
2506 4951 2876 5016 διδασκαλίας.
2927 4952 2984 5006 Ὀ
3041 4952 3149 5024 7&9
3205 4953 3375 5023 μηδὲν
3419 4954 3527 5007 τῶν
3575 4959 3937 5028 γεγενημένων

2288 5042 2480 5119 είδὼςη
2496 5044 2683 5113 ἐπειδὴ
2732 5044 2941 5115 ἤγαγεν
2989 5044 3160 5115 αὐτὴν
3188 5044 3324 5115 πρὸς
3354 5044 3538 5111 αὐτὸν,
3575 5047 3725 5119 φησί’
3772 5052 3937 5109 Τοῦτο

2289 5135 2408 5189 νῦν
2445 5117 2670 5189 δστοῦν
2711 5135 2780 5189 ἐκ
2823 5134 2941 5188 τῶν
2992 5135 3219 5190 όστέων
3251 5154 3390 5206 μου,
3429 5137 3529 5190 καὶ
3556 5117 3715 5207 σὰρξ
3742 5140 3806 5194 ἐκ
3839 5140 3937 5211 τῆς

2289 5226 2517 5294 σαρκός
2536 5243 2676 5295 μου.
2705 5226 2928 5297 Ἕτερος
2956 5226 3013 5280 δέ
3039 5243 3124 5289 τις
3145 5228 3485 5300 ἑρμηνευτής
3505 5245 3689 5300 φησιν,
3718 5231 3828 5285 ἀντὶ
3846 5233 3935 5286 τοῦ

2288 5317 2439 5382 Νῦν,
2473 5316 2657 5373 Τοῦτο
2695 5318 2879 5383 ἅπαξ,
2915 5318 3093 5391 δηλῶν
3128 5319 3211 5372 ὅτι
3239 5319 3332 5373 νῦν
3357 5320 3515 5373 τοῦτο
3552 5321 3711 5391 μόνον
3743 5324 3932 5392 γέγονε,

2289 5410 2385 5463 καὶ
2416 5408 2599 5463 οὐκέτι
2620 5408 2792 5473 οὓτως
2829 5410 2982 5464 ἔσται
3007 5410 3109 5481 τῆς
3137 5412 3397 5480 γυναικὸς
3428 5415 3461 5484 ή
3490 5413 3788 5481 διάπλασις.
3809 5418 3931 5483 Νῦν,

2291 5499 2475 5570 φησιν,
2512 5499 2571 5566 ἐξ
2598 5500 2789 5572 ἀνδρὸς
2834 5500 3057 5570 γέγονεν
3093 5503 3127 5573 ή
3175 5503 3334 5574 γυνὴ,
3392 5503 3530 5572 μετά
3563 5505 3619 5559 δὲ
3652 5506 3812 5563 ταῦτα
3845 5513 3932 5583 οὐχ

2289 5590 2482 5655 οὕτως,
2515 5591 2629 5646 ἀλλ’
2659 5594 2723 5646 ὲκ
2756 5593 2855 5663 τῆς
2891 5593 3148 5661 γυναικὸς
3180 5595 3210 5647 ό
3247 5595 3407 5665 ἀνήρ’
3445 5597 3644 5666 μᾶλλον
3669 5599 3724 5654 δὲ
3754 5604 3843 5657 οὐκ
3874 5608 3932 5659 ὲκ

2290 5682 2389 5753 τῆς
2410 5683 2684 5750 γυναικὸς,
2719 5682 2833 5737 ἀλλ’
2862 5684 2926 5737 ἐκ
2948 5688 3047 5757 τῆς
3077 5685 3403 5756 ἀμφοτέρων
3430 5687 3735 5758 συνεργίας·
3759 5692 3824 5758 ὡς
3850 5701 3931 5753 ,ω’ι

2291 5775 2321 5828 ό
2360 5775 2573 5838 Παῦλός
2630 5792 2811 5845 φησιν·
2853 5779 2937 5830 Οῠ
2997 5775 3106 5849 γάρ
3149 5778 3320 5832 ἐστιν
3350 5778 3505 5847 ἀνὴρ
3548 5780 3619 5834 ἐκ
3651 5790 3930 5857 γυναικὸς.

2290 5868 2453 5925 ἀλλὰ
2480 5870 2634 5940 γυνὴ
2657 5869 2726 5935 ἐξ
2754 5869 2994 5938 ἀνδρόςο
3019 5871 3117 5926 καί
3141 5873 3251 5927 οὐκ
3273 5872 3520 5941 ἐκτίσθη
3536 5872 3695 5944 ἀνὴρ
3717 5875 3806 5934 διὰ
3835 5881 3932 5947 τὴν
