4110 6414
269 341 356 395 lii
1382 343 1445 402 ΙΝ
1483 345 1631 402 CAP.
1652 345 1715 403 ll.
1757 344 1883 399 σεδ

1994 383 2006 397 .
2051 342 2285 400 llOMIL.
2331 344 2374 399 Χ
2387 345 2441 400 V.

264 465 447 525 postea
475 464 657 510 tamen
686 457 996 529 cogniturus
1022 465 1155 514 erat.
1196 457 1378 528 Itaque
1433 468 1490 512 ttt
1539 473 1605 513 ne
1631 457 1779 512 illum
1811 457 1866 511 in

270 544 564 600 attierendo
592 545 807 614 dolore,
833 562 1006 617 neque
1047 548 1117 601 ob
1157 548 1478 603 ablationem
1516 548 1728 602 tristitia
1750 547 1870 602 alli—

265 646 432 698 ceret,
464 645 695 707 utraque
719 638 798 692 sic
821 638 1167 709 dispensavit,
1200 649 1256 693 ut
1300 646 1356 694 et
1398 638 1532 694 citra
1570 642 1865 694 cruciatum

264 726 415 786 illius
451 729 710 793 auferret,
741 735 796 783 et
844 727 1061 798 impleto
1100 744 1166 785 eo
1213 728 1334 785 loco
1373 729 1514 784 unde
1548 729 1863 798 abstulerat,

264 818 530 876 factorum
560 834 781 874 sensum
799 821 1073 891 percipere
1104 837 1210 877 non
1234 821 1454 877 sineret.
1505 820 1668 892 Igitur
1708 836 1866 876 acce-

266 920 417 980 ptam
446 910 583 965 hanc
606 920 811 965 costam
841 910 1121 966 :cdiiicavit
1152 911 1408 967 Dominus
1430 912 1570 967 Deus
1594 911 1645 966 in
1677 912 1869 967 mulie-

265 1016 415 1055 rem.
448 999 781 1056 Admirabile
833 1001 1067 1068 dictum,
1098 1012 1333 1056 nostram
1387 1002 1649 1057 rationem
1701 1001 1866 1056 nimia

266 1091 595 1149 excellentia
620 1092 862 1147 vincens.
920 1093 1197 1163 Ejusmodi
1227 1093 1372 1149 enim
1399 1101 1524 1148 sunt
1547 1093 1725 1149 omnia
1747 1108 1868 1164 qua:

269 1180 411 1236 ﬁunt
436 1196 470 1236 a
491 1181 736 1238 Domino.
777 1181 922 1238 Istud
946 1182 1122 1250 enim,
1150 1198 1310 1253 quam
1332 1182 1604 1238 hominem
1621 1200 1652 1238 e
1675 1182 1868 1253 pulve-

271 1289 336 1328 re
367 1272 606 1335 formari,
640 1288 748 1327 non
791 1282 873 1328 est
903 1275 1099 1327 minus.
1144 1275 1209 1328 Et
1235 1273 1355 1329 vide
1382 1274 1574 1329 iterum
1600 1273 1872 1345 quomodo

271 1365 458 1420 divina
514 1365 789 1433 Scriptura
840 1365 1019 1420 verbis
1055 1375 1250 1421 nostra:
1303 1365 1595 1421 inﬁrmitati
1652 1381 1870 1421 accom-

275 1457 457 1511 modis
485 1470 579 1510 usa
607 1457 696 1511 sit.
731 1455 794 1510 Et
819 1459 1031 1527 accepit,
1054 1458 1241 1527 inquit,
1260 1475 1413 1512 unam
1438 1470 1689 1513 costarum
1710 1459 1869 1512 illius.

355 1545 426 1602 Ut
452 1546 614 1601 Deum
640 1548 780 1603 decet
809 1554 915 1602 hac
945 1549 1092 1603 verba
1124 1550 1483 1620 intelligenda;
1528 1549 1775 1604 Dominus
1827 1556 1876 1603 et

278 1640 420 1697 Deus
449 1642 513 1695 de
545 1641 699 1696 Patre
721 1652 769 1696 et
799 1640 957 1696 Filio.
976 1642 1138 1698 —Ne
1179 1644 1410 1698 humano
1453 1658 1603 1698 more
1647 1641 1877 1712 accipias

276 1749 402 1803 qua:
423 1733 693 1799 dit-untur,
724 1733 817 1789 sed
844 1749 1024 1790 crassa
1072 1734 1234 1790 verba
1260 1735 1506 1791 humana:
1527 1734 1875 1791 imbecillitati

277 1828 571 1881 convenire
598 1825 822 1896 cogites.
847 1824 981 1879 Nam
1011 1826 1111 1881 nisi
1141 1824 1225 1880 his
1248 1826 1429 1881 verbis
1453 1825 1726 1895 Scriptura
1745 1825 1877 1878 luis-

279 1924 368 1971 eet
407 1930 522 1981 usa,
554 1916 822 1986 quomodo
848 1927 953 1972 tam
985 1933 1174 1973 arcana
1223 1919 1476 1987 mysteria
1524 1917 1732 1974 discere
1780 1932 1878 1987 po-

280 2009 612 2063 tuissemus?
641 2024 710 2064 ue
749 2010 911 2080 igitur
954 2010 1137 2066 verbis
1185 2018 1386 2066 tantum
1433 2010 1631 2066 addicti
1686 2013 1875 2077 simus,

283 2098 382 2155 sed
425 2099 601 2153 omnia
646 2109 702 2154 ut
729 2116 827 2171 par
852 2111 934 2156 cst
957 2101 1024 2157 dc
1049 2103 1160 2157 Dco
1187 2103 1502 2158 sentiamus.
1529 2102 1878 2173 Quandoqui-

283 2193 408 2247 dem
447 2192 573 2246 dum
603 2192 817 2260 dicitur,
869 2194 1091 2266 Accepit,
1145 2203 1200 2251 et
1244 2196 1421 2251 omnia
1475 2196 1620 2261 talia,
1665 2205 1881 2266 propter

288 2293 528 2337 nostram
572 2285 933 2340 inﬁrmitatem
994 2286 1065 2340 ita
1116 2286 1258 2343 dicta
1304 2296 1448 2342 sunt.
1500 2286 1880 2341 Animadverte

286 2385 468 2429 autem
489 2375 757 2444 quomodo
785 2386 835 2431 et
861 2376 947 2431 hic
979 2376 1166 2432 eadem
1201 2393 1295 2435 usa
1334 2388 1418 2434 est
1458 2378 1843 2434 consuetudine
1863 2418 1880 2445 ,

284 2480 390 2533 qua
417 2480 601 2535 supra,
633 2481 753 2520 cum
800 2466 866 2521 de
907 2468 1075 2522 Adam
1102 2478 1301 2539 ageret.
1331 2468 1464 2524 Nam
1496 2479 1553 2525 ut
1579 2471 1647 2526 ibi
1672 2473 1838 2528 semel
1862 2512 1880 2540 ,

286 2571 354 2611 ac
371 2556 590 2622 iterum,
619 2556 891 2629 ctschius
910 2558 1064 2626 dixit,
1111 2559 1178 2613 Et
1207 2561 1399 2631 accepit
1451 2560 1700 2617 Dominus
1744 2562 1883 2620 Deus

288 2648 544 2702 hominem
567 2665 580 2703 :
611 2659 668 2705 et
696 2651 909 2717 iterum,
945 2650 1009 2704 Et
1033 2654 1269 2723 praecepit
1291 2652 1535 2709 Dominus
1564 2653 1699 2711 Deus
1723 2657 1885 2712 Adet:

289 2749 348 2794 et
364 2739 579 2806 iterum,
603 2740 844 2811 Dixitque
863 2742 1110 2798 Dominus
1140 2743 1279 2801 Deus
1301 2762 1319 2800 :
1339 2744 1610 2801 Faciamus
1635 2748 1713 2802 illi
1732 2749 1885 2822 adju-

290 2840 455 2883 lorem
479 2832 693 2887 similem
720 2833 799 2888 illi
825 2851 845 2888 :
874 2835 952 2890 sic
975 2844 1030 2890 et
1071 2851 1213 2891 nunc
1254 2836 1444 2907 inquit,
1500 2837 1568 2892 Et
1615 2839 1885 2908 wdi/icavit

292 2919 549 2974 Dominus
602 2921 739 2979 Deus
789 2934 999 2993 costam,
1045 2943 1196 2996 quam
1245 2929 1437 2999 accepit
1487 2928 1552 2983 ab
1604 2928 1788 2997 Atium,
1834 2931 1886 2986 in

292 3013 591 3079 mulierem;
614 3024 664 3069 et
689 3016 846 3086 paulo
865 3017 1132 3087 superius,
1165 3016 1227 3072 Et
1247 3020 1455 3073 immisit
1477 3019 1724 3076 Dominus
1752 3020 1887 3077 Deus

291 3120 555 3159 excessum
600 3106 655 3159 in
693 3106 898 3163 Adam:
926 3118 983 3162 ut
1022 3108 1198 3163 discas
1247 3110 1444 3165 nullam
1475 3111 1645 3168 Patris
1674 3123 1727 3168 et
1767 3112 1884 3167 Filii

294 3194 661 3251 diversitatem
696 3196 796 3252 has
832 3198 1092 3254 dictiones
1132 3200 1365 3256 indicare
1398 3218 1412 3256 :
1442 3202 1564 3273 quia
1614 3202 1888 3272 utriusque

293 3296 383 3344 est
429 3304 531 3343 una
588 3289 854 3357 essentia,
910 3289 1366 3348 indiscriminatim
1428 3294 1731 3347 nominibus
1777 3294 1889 3347 istis

296 3383 572 3453 Scriptura
596 3383 784 3438 utitur.
811 3383 948 3439 Ecce
986 3384 1144 3456 igitur
1169 3393 1227 3441 et
1250 3384 1389 3441 hanc
1408 3385 1845 3440 consuetudinem
1871 3427 1887 3450 ,

297 3492 426 3533 cum
466 3477 536 3533 de
578 3477 895 3534 formatione
924 3481 1162 3543 mulieris
1196 3482 1326 3553 agit,
1350 3478 1594 3535 eimiliter
1618 3479 1845 3535 servavit
1868 3520 1888 3548 ,

298 3571 531 3627 dicens:
563 3570 626 3626 Et
663 3573 934 3641 aediﬁcavit
983 3571 1235 3628 Dominus
1282 3573 1421 3629 Deus
1478 3582 1692 3638 costam,
1738 3587 1890 3642 quam

295 3659 494 3727 accepit
518 3657 581 3711 ab
620 3659 804 3723 Adam,
844 3660 896 3711 in
937 3659 1218 3714 mulierem.
1255 3661 1391 3728 Quid
1420 3678 1551 3733 ergo
1586 3665 1674 3719 hic
1712 3665 1893 3719 dicent

299 3750 540 3805 haeretici
565 3793 579 3818 ,
607 3750 696 3821 qui
722 3751 900 3805 omnia
928 3751 1196 3808 curiosius
1238 3755 1523 3824 explorare
1575 3759 1779 3821 volunt,
1837 3771 1892 3815 et

295 3840 606 3897 Conditoris
632 3842 868 3897 omnium
906 3844 1306 3912 generationem
1336 3848 1806 3917 comprehendisse
1830 3867 1891 3907 se

298 3935 527 4004 putant?
554 3935 684 4005 Quis
708 3951 889 3992 sermo
910 3936 1012 3993 hoc
1034 3938 1303 4008 explicare
1340 3940 1572 4008 poterit?
1596 3955 1714 4010 qum
1740 3957 1893 3996 utens

296 4027 798 4097 ni-mprehcudere?
841 4027 1012 4084 Unam
1057 4038 1297 4098 costam,
1334 4031 1524 4101 inquit,
1553 4034 1789 4103 acoepit;
1841 4044 1895 4090 et

300 4113 572 4183 quomodo
600 4130 666 4171 ex
711 4116 812 4174 hac
839 4119 992 4175 unica
1018 4130 1163 4175 costa
1188 4130 1354 4176 totum
1390 4125 1585 4178 animal
1608 4125 1894 4181 formavit?

305 4203 374 4258 Et
400 4204 529 4276 quid
555 4205 696 4274 dico,
724 4209 993 4279 quomodo
1016 4226 1081 4266 ex
1111 4212 1210 4267 hac
1250 4229 1351 4267 una
1379 4215 1576 4269 animal
1601 4216 1894 4273 formavit?

304 4295 399 4350 Dic
420 4339 435 4362 ,
466 4297 708 4364 obsecro,
737 4302 1007 4372 quomodo
1039 4303 1234 4358 ablatio
1288 4305 1421 4360 facta
1466 4310 1582 4362 est?
1626 4309 1895 4377 quomodo

301 4387 498 4455 Adam,
542 4405 661 4444 cum
700 4391 1000 4449 auferretur
1038 4405 1208 4459 costa.
1260 4414 1365 4453 non
1408 4400 1733 4456 sensi:?Scd
1765 4402 1893 4459 nihil

302 4480 496 4536 horum
518 4482 699 4541 dicere
733 4487 932 4556 p0teris
964 4503 1140 4543 :unus
1177 4490 1319 4545 enim
1373 4501 1574 4547 tantum
1627 4495 1748 4560 scit,
1805 4497 1892 4566 qui

299 4581 388 4627 est
408 4572 522 4642 ipse
548 4573 824 4632 Conditor.
854 4577 1005 4645 Quod
1032 4580 1076 4633 si
1110 4580 1224 4635 lucc
1247 4598 1366 4653 qua:
1393 4584 1443 4637 in
1475 4585 1720 4641 manibus
1747 4597 1892 4655 sunt,

298 4671 355 4717 et
386 4664 632 4719 animalis
656 4667 712 4720 ill
736 4681 801 4721 us
819 4669 958 4739 quod
988 4670 1143 4726 nobis
1163 4686 1324 4728 carne
1348 4685 1631 4744 cognatum
1666 4685 1750 4731 est
1789 4678 1898 4732 ior-

302 4755 593 4810 tuatioucut
644 4775 751 4814 non
801 4761 1338 4831 comprehendimus;
1379 4767 1561 4837 quanti
1609 4768 1784 4823 delirii
1841 4780 1895 4824 et

300 4848 557 4902 amentia:
584 4847 743 4905 fuerit
772 4852 1035 4908 curiosius
1056 4853 1327 4926 inquirere
1349 4872 1470 4927 quae
1504 4859 1668 4928 ipsius
1694 4861 1896 4916 Condi-

300 4940 439 4992 toris
466 4948 609 5005 sunt,
641 4950 694 4996 et
720 4944 898 4999 dicere
923 4960 982 5000 se
1018 4946 1103 5000 illa
1129 4948 1610 5019 comprehendere,
1664 4967 1891 5021 quorum

299 5045 479 5100 neque
509 5032 834 5105 incorporea.-
855 5045 908 5091 ct
928 5037 1123 5093 divina:
1144 5040 1366 5095 virtutes
1387 5041 1586 5110 justam
1614 5044 1891 5099 sciet-tiam

299 5121 522 5185 habent.
554 5124 647 5180 scd
669 5143 789 5181 cum
837 5128 1028 5186 timore
1053 5137 1109 5185 et
1151 5139 1384 5188 tremore
1412 5133 1463 5188 in
1492 5123 1698 5190 assidua
1725 5134 1897 5206 glori-

298 5215 548 5271 iicatione
591 5220 970 5288 perseverant?

372 5310 428 5364 3.
455 5308 522 5364 Et
543 5310 814 5379 wdiﬁcavit
843 5310 1089 5369 Dominus
1116 5312 1253 5370 Deus
1278 5326 1490 5382 costam,
1528 5332 1676 5384 quum
1702 5300 1894 5387 occepit

299 5400 365 5454 ab
415 5401 596 5469 Adam,
628 5403 680 5458 in
730 5405 1011 5461 mulierem.
1048 5405 1177 5461 Vide
1221 5406 1510 5478 Scriptura:
1542 5408 1891 5479 diligentiam.

298 5492 417 5548 Non
444 5495 584 5550 enim
601 5495 713 5566 jam
740 5493 891 5562 dicit,
919 5498 1208 5564 Formavit,
1242 5499 1359 5562 sed,
1392 5498 1697 5569 ﬁdi/ienuit
1727 5516 1746 5555 :
1770 5503 1892 5572 quia

298 5599 363 5640 es
379 5586 486 5656 jam
516 5586 750 5643 formato
774 5597 976 5658 partem
1002 5591 1228 5659 accepit,
1280 5600 1334 5645 ct
1371 5594 1521 5661 quasi
1550 5592 1752 5647 diceret
1798 5594 1895 5649 ali-

296 5683 433 5752 quis,
489 5682 637 5754 quod
689 5682 878 5738 deerat
922 5682 1090 5739 dedit.
1149 5683 1271 5738 Ideo
1320 5683 1468 5750 dicit,
1503 5683 1895 5755 Ειατάίῇειηνῐιε

295 5791 394 5833 uou
438 5775 604 5833 aliam
665 5773 1041 5830 formationem
1094 5774 1236 5839 fecit,
1290 5774 1385 5830 sed
1425 5791 1488 5832 ex
1515 5792 1579 5832 co
1619 5776 1759 5847 quod
1783 5777 1892 5846 jatn

3466 342 3568 399 1:22

1978 456 2258 511 formatum
2300 466 2437 522 erat,
2479 465 2695 527 accepta
2738 456 3072 528 portiuncula
3122 458 3373 529 quadam,
3425 459 3559 512 hanc

1977 554 2180 616 partem
2205 547 2508 613 aediﬁcavit,
2538 557 2593 603 et
2613 548 2904 619 perfectum
2953 550 3079 604 t‘ecit
3105 550 3323 605 animal.
3354 549 3563 618 Quanta

1973 638 2162 708 optimi
2207 638 2482 695 architecti
2537 640 2633 695 Dei
2678 642 2938 712 potentia,
2969 658 3085 710 qua:
3112 657 3179 696 ex
3212 640 3414 696 tantilla
3441 655 3566 706 par-

1977 728 2136 783 ticula
2189 736 2268 783 tot
2316 738 2372 784 et
2418 740 2525 784 tam
2580 731 2841 801 elegantia
2896 732 3132 785 membra
3185 724 3565 785 concinnavit,

1977 827 2154 876 tantos
2188 819 2438 876 formavit
2485 836 2705 889 sensus,
2731 837 2796 877 ac
2834 822 3149 890 perlectum,
3180 821 3465 891 integrum,
3510 828 3567 873 et

1976 912 2282 968 absolutum
2326 913 2526 968 animal
2554 912 2700 980 fecit,
2752 912 2893 983 quod
2939 914 3105 983 possit
3129 921 3185 967 et
3212 911 3467 982 colloqui,
3513 921 3566 966 et

1975 1004 2353 1059 communione
2398 1004 2711 1059 substantia:
2755 1005 2871 1059 viro
2910 1005 3072 1058 multa
3118 1003 3319 1066 alicrre,
3347 1003 3566 1058 solatia!

1977 1091 2111 1147 Nam
2136 1092 2204 1148 ad
2228 1093 2345 1162 ejus
2365 1094 2786 1149 consolationem
2814 1094 3007 1149 animal
3026 1094 3127 1148 hoc
3156 1092 3439 1148 fortuatum
3464 1102 3567 1148 cst.

1981 1184 2135 1241 Unde
2154 1193 2209 1241 et
2227 1185 2421 1241 Paulus
2450 1184 2705 1241 dicebat:
2739 1184 2862 1239 Non
2909 1186 3044 1240 enim
3087 1190 3338 1257 formatus
3381 1193 3454 1238 est
3496 1185 3573 1237 rir

1978 1286 2187 1348 propter
2239 1277 2519 1341 mulierem,
2541 1276 2631 1331 sed
2661 1277 2841 1331 mulier
2878 1287 3087 1347 prapter
3115 1277 3277 1330 virum
3319 1277 3410 1347 (l.
3441 1274 3562 1330 Cor.

1981 1366 2069 1422 ll.
2097 1365 2187 1433 9).
2222 1365 2386 1421 Vides
2425 1367 2696 1437 quomodo
2718 1368 2895 1422 omnia
2925 1379 3143 1436 preptcr
3186 1368 3355 1421 virum
3402 1365 3573 1422 ﬁant?

1978 1455 2203 1512 Condita
2230 1455 2372 1511 enim
2402 1467 2668 1524 creatura,
2704 1456 2977 1527 productis
3003 1455 3192 1522 brutis,
3246 1464 3302 1511 ct
3350 1456 3472 1516 cibo
3519 1468 3573 1510 ct

1982 1549 2278 1605 ministerio
2317 1549 2551 1615 utilibus,
2609 1551 2733 1620 quia
2782 1548 3041 1604 formatus
3087 1548 3249 1603 homo
3293 1547 3568 1618 indigebat

1980 1639 2159 1711 aliquo
2183 1638 2605 1705 coniahulatore,
2637 1648 2691 1695 et
2739 1655 2806 1694 eo
2852 1639 2943 1709 qui
2986 1640 3253 1710 particeps
3295 1639 3414 1709 ejus
3437 1639 3570 1693 sub-

1981 1732 2194 1788 stantia:
2236 1732 2463 1788 multum
2502 1731 2675 1787 solatii
2696 1731 2891 1786 all'crre
2916 1741 3114 1803 posset,
3147 1730 3266 1785 ideo
3310 1745 3376 1785 ex
3403 1730 3575 1785 latere

1984 1823 2123 1879 illius
2144 1823 2249 1879 hoc
2278 1824 2537 1879 rationale
2559 1823 2759 1878 animal
2805 1821 3022 1889 fortuat,
3063 1831 3118 1877 et
3152 1820 3445 1877 secundum
3496 1820 3580 1875 in.

1981 1914 2242 1969 dustriam
2268 1929 2419 1970 suam
2441 1923 2498 1971 et
2522 1914 2836 1985 sapientiam
2868 1914 3159 1985 perfectum
3190 1924 3244 1968 ct
3272 1913 3577 1969 absolutum

1986 2006 2087 2061 hoc
2110 2004 2256 2072 iacit,
2282 2020 2378 2076 per
2405 2006 2583 2061 omnia
2612 2006 2811 2061 homini
2840 2006 3037 2073 simile,
3080 2005 3132 2060 id
3154 2016 3256 2070 est,
3288 2004 3573 2063 rationale.

1983 2097 2124 2168 quod
2160 2098 2209 2153 ei
2265 2107 2445 2167 posset
2490 2097 2541 2151 itt
2571 2097 2979 2152 necessitatibus
3007 2105 3062 2150 et
3089 2095 3389 2152 commodis
3420 2095 3579 2165 hujus

1986 2189 2108 2243 vita:
2153 2188 2392 2244 subsidio
2417 2202 2557 2244 esse.
2592 2189 2736 2244 Deus
2786 2188 2929 2245 enim
2960 2201 3099 2256 erat,
3145 2189 3234 2259 qui
3276 2189 3454 2243 omnia
3494 2202 3580 2241 sa-

1987 2280 2151 2351 pienti
2180 2280 2409 2350 quadam
2465 2281 2674 2336 ratione
2716 2280 2955 2335 condidit
2996 2290 3051 2336 et
3088 2280 3416 2335 moderatur.
3466 2280 3577 2334 Etsi

1985 2371 2131 2428 enim
2180 2386 2281 2428 nos
2323 2372 2415 2443 qui
2465 2380 2571 2427 tam
2620 2372 2869 2428 imbecilli
2915 2382 3095 2429 mente
3124 2387 3328 2437 sumus,
3362 2371 3577 2427 modum

1986 2477 2093 2533 quo
2118 2461 2254 2518 facta
2281 2471 2407 2517 sunt
2432 2463 2572 2518 scire
2603 2479 2710 2518 non
2742 2478 3044 2533 possumus.
3088 2462 3357 2518 credimus
3403 2473 3579 2518 tamen

1990 2555 2249 2610 voluntati
2293 2555 2433 2610 illius
2479 2555 2657 2609 omnia
2696 2556 2945 2623 cessisse,
2978 2563 3033 2611 et
3065 2553 3320 2626 quidquid
3349 2555 3581 2624 impera-

1987 2650 2085 2717 vit,
2128 2647 2327 2705 factum
2373 2663 2516 2705 csse.
2565 2648 2654 2704 22.
2691 2648 2759 2702 Et
2777 2648 3068 2719 wdi/icauit,
3116 2648 3306 2720 inquit,
3339 2647 3585 2703 Dontinus

1990 2738 2127 2794 Deus
2139 2750 2350 2807 costam,
2372 2757 2521 2811 quam
2543 2740 2731 2811 accepit
2757 2745 2819 2794 ab
2843 2739 3028 2807 Adam,
3047 2739 3099 2793 in
3120 2740 3376 2794 mulierem
3392 2750 3469 2794 :et
3484 2739 3579 2793 ad-

1990 2830 2133 2886 duxit
2155 2831 2296 2886 illam
2314 2831 2382 2885 ad
2403 2831 2608 2886 Adam:
2625 2832 2914 2887 ostendens
2941 2846 3000 2885 se
3019 2840 3234 2902 propter
3253 2830 3400 2885 illum
3428 2831 3603 2885 istam

1989 2922 2314 2990 condidisse,
2345 2923 2566 2979 adduxit
2591 2923 2732 2978 illam
2759 2923 2824 2978 ad
2864 2923 3052 2978 Adam.
3082 2922 3345 2990 Quoniam
3382 2922 3580 2990 nullus,

1993 3016 2183 3087 inquit,
2218 3016 2270 3071 in
2301 3016 2549 3072 omnibus
2572 3017 2690 3072 aliis
2717 3015 2932 3084 adjutor
2967 3015 3060 3070 tibi
3103 3014 3351 3070 inventus
3389 3022 3472 3070 est
3511 3014 3586 3069 si-

1992 3107 2153 3174 milis,
2205 3122 2334 3163 ecce
2379 3107 2481 3162 hoc
2528 3107 2669 3179 quod
2701 3106 2992 3178 pollicebar
3033 3106 3288 3179 (promisi
3316 3106 3459 3161 enim
3492 3105 3584 3161 tibi

1994 3198 2257 3254 facturum
2288 3215 2372 3254 me
2398 3199 2696 3270 adjutoretn
2744 3199 2973 3255 similem
3021 3197 3173 3269 tibi).
3221 3213 3363 3253 nunc
3414 3199 3588 3268 perie-

1992 3299 2136 3344 ctum
2195 3291 2345 3346 trado
2388 3292 2502 3346 tibi.
2529 3291 2758 3345 Adduxit
2777 3290 2944 3358 illaut,
2975 3290 3165 3360 ittquit,
3193 3289 3262 3343 ad
3286 3289 3470 3343 Adam.
3491 3288 3582 3343 25.

1994 3378 2063 3435 Ει
2090 3380 2218 3435 dixit
2247 3382 2432 3451 Adam,
2465 3380 2577 3438 Hoc
2599 3398 2730 3437 nunc
2750 3398 2808 3437 os
2834 3398 2899 3437 es
2925 3381 3119 3437 ossibus
3146 3382 3289 3449 meis,
3305 3391 3351 3435 et
3387 3397 3506 3436 caro
3524 3397 3588 3434 ex

1992 3489 2145 3527 carne
2164 3490 2295 3527 mea.

2064 3564 2230 3618 Adam
2277 3566 2624 3637 propheticum
2674 3566 2892 3637 gratiam
2930 3566 3140 3632 accepit.
3185 3594 3257 3605 -
3298 3563 3431 3620 Vide
3466 3563 3582 3628 hic,

1994 3668 2199 3725 qua-so,
2238 3656 2509 3726 quomodo
2538 3670 2658 3712 cum
2707 3655 2957 3711 ineﬂabili
3000 3655 3090 3710 illa
3119 3655 3400 3725 sapientia,
3430 3655 3528 3710 sibi
3556 3669 3588 3709 a

2001 3746 2110 3801 Deo
2160 3747 2529 3818 suppeditata,
2581 3748 2736 3818 cujus
2785 3747 2939 3803 nobis
2983 3746 3176 3802 indicia
3225 3746 3589 3802 demonstrata

1997 3849 2122 3895 sunt
2152 3856 2247 3911 per
2284 3841 2560 3896 nominum
2609 3841 3031 3911 itupositioucm,
3061 3856 3180 3911 quae
3209 3849 3285 3895 tot
3313 3840 3588 3894 hrutoruut

1997 3930 2307 3985 animalium
2330 3929 2618 4001 generibus
2645 3930 2857 3996 indidit,
2878 3931 3039 3987 etiam
3072 3930 3435 4000 pr0plteticam
3464 3944 3589 4000 gra-

2000 4025 2126 4077 tiam
2172 4022 2383 4091 accipit.
2411 4022 2542 4077 Nam
2587 4021 2784 4076 idcirco
2831 4031 2987 4077 antea
3030 4021 3211 4075 docuit
3263 4036 3362 4074 nos
3403 4020 3590 4074 beatus

2001 4115 2089 4170 ille
2118 4116 2396 4186 pr0plteta,
2428 4129 2550 4168 eum
2598 4124 2653 4168 et
2694 4128 2905 4174 somno,
2938 4121 2993 4167 et
3036 4110 3235 4167 exstasi
3282 4121 3587 4180 correptum

1998 4206 2207 4262 fuisse:
2251 4208 2319 4262 ita
2379 4216 2435 4261 ut
2482 4222 2548 4261 ne
2578 4221 2794 4261 sensum
2824 4203 3038 4275 quidem
3081 4202 3243 4257 ullum
3287 4200 3402 4270 ejus
3449 4202 3590 4271 quod

2000 4298 2161 4354 lichat
2191 4299 2528 4368 perciperet:
2556 4305 2614 4351 ut
2652 4312 2772 4351 cum
2808 4311 2947 4350 nunc
2974 4295 3155 4358 discis,
3187 4308 3309 4348 eum
3333 4293 3443 4346 visa
3474 4308 3591 4346 tutt-

1999 4392 2130 4448 licre
2180 4392 2461 4462 diligenter
2490 4390 2631 4461 quod
2672 4388 2869 4444 factum
2919 4395 3036 4443 erat
3079 4402 3352 4452 enarrare,
3402 4384 3592 4440 credas

2000 4494 2168 4550 certo,
2210 4499 2331 4538 eum
2376 4492 2594 4552 accepta
2645 4480 2954 4552 prophetica
3007 4480 3210 4550 gratia,
3262 4486 3317 4534 et
3359 4479 3591 4549 Spiritus

2000 4581 2169 4634 saneti
2198 4578 2440 4634 doctrina
2468 4577 2704 4633 al‘llatum
2746 4576 2861 4632 hare
2882 4576 3048 4647 loqui.
3084 4574 3292 4646 Quippe
3314 4589 3435 4630 cum
3459 4574 3589 4628 niinl

2001 4672 2068 4726 de
2126 4672 2191 4726 iis
2234 4687 2353 4742 qua:
2397 4671 2531 4724 facta
2563 4679 2718 4725 erant
2752 4669 2933 4735 sciret,
2964 4677 3245 4739 postquam
3291 4667 3429 4722 Deus
3456 4667 3593 4721 hanc

2002 4763 2079 4820 illi
2108 4763 2348 4831 adduxit,
2381 4761 2571 4834 inquit,
2602 4761 2717 4817 Hoc
2742 4778 2876 4816 nunc
2921 4778 2977 4816 os
3019 4777 3083 4814 ea:
3107 4759 3303 4814 ossibus
3353 4759 3496 4824 meis,
3547 4767 3592 4810 ‹·ι

2000 4871 2119 4909 caro
2148 4872 2212 4910 ea:
2243 4871 2397 4909 carne
2444 4870 2577 4908 mea.
2606 4853 2758 4909 Alius
2784 4867 2913 4906 vero
2946 4851 3160 4922 quidam
3194 4851 3456 4920 interpres
3477 4845 3553 4919 (α)
3573 4887 3588 4909 ,

2001 4962 2099 5018 pro
2126 4944 2300 5024 Nuuf,
2326 4945 2487 5001 vertit
2514 4943 2628 4999 Hoc
2661 4943 2834 5011 semel,
2873 4943 3153 5007 declarans
3175 4941 3342 4997 semel
3381 4946 3588 4992 tantum

2000 5038 2102 5095 hoc
2124 5038 2319 5094 factum
2342 5053 2483 5106 esse,
2529 5053 2701 5108 neque
2727 5038 2863 5092 ultra
2891 5036 3004 5092 fore
3030 5035 3190 5091 talem
3222 5031 3455 5088 mulieris
3477 5030 3589 5086 for-

2000 5132 2310 5186 mationem.
2340 5130 2524 5196 Nunc,
2567 5131 2754 5200 inquit,
2798 5127 2933 5183 facta
2976 5136 3058 5182 est
3097 5142 3163 5180 ex
3211 5126 3326 5180 viro
3355 5122 3548 5178 mulier
3572 5166 3585 5188 ,

2003 5223 2224 5296 posthac
2276 5240 2381 5278 non
2434 5224 2513 5279 sic
2541 5223 2663 5290 erit,
2716 5222 2807 5277 sed
2849 5238 2914 5276 ex
2946 5220 3166 5274 muliere
3200 5219 3312 5286 vir;
3345 5218 3452 5271 imo
3482 5234 3588 5271 nou

2003 5331 2067 5372 ex
2110 5315 2354 5382 muliere,
2401 5313 2494 5368 sed
2526 5330 2589 5368 ex
2638 5313 2913 5382 utriusque
2938 5308 3344 5380 cooperatioue;
3374 5308 3509 5363 sicut
3538 5320 3593 5363 et

2003 5406 2196 5464 Paulus
2218 5407 2426 5478 inquit:
2457 5405 2578 5460 Non
2610 5414 2684 5459 est
2711 5404 2844 5458 enim
2868 5404 2942 5456 uir
2964 5417 3028 5456 ea:
3045 5401 3274 5468 muliere,
3302 5400 3392 5455 sed
3411 5401 3592 5455 mulier

2000 5516 2064 5556 ea:
2099 5500 2206 5555 uiro
2232 5515 2252 5555 :
2271 5508 2317 5555 et
2347 5514 2447 5553 non
2475 5497 2708 5553 conditus
2734 5505 2807 5552 est
2846 5497 2921 5550 vir
2947 5503 3153 5566 prapter
3180 5495 3472 5560 mulierem,
3505 5493 3592 5547 sed

2073 5653 2147 5716 (a)
2171 5647 2278 5698 Non
2304 5659 2432 5697 unus
2456 5648 2666 5703 tantum,
2685 5644 2775 5716 sed
2794 5641 2895 5694 duo
2919 5645 3039 5716 sunt
3056 5640 3379 5716 ipterpretes,
3395 5641 3481 5699 qut
3504 5648 3589 5685 voc

2010 5710 2095 5768 ceé
2114 5710 2280 5775 DYEH
2307 5719 2400 5771 nTi
2435 5714 2780 5779 vertunt,_ltoc
2811 5714 2957 5779 semel
2995 5711 3159 5779 (ῖοῖνςρ
3199 5710 3375 5779 iung);
3411 5719 3592 5779 nempe

2012 5773 2338 5842 Symmachus
2359 5783 2412 5827 et
2435 5773 2730 5837 'l'beodotio,
2758 5784 2814 5827 ut
2836 5773 3010 5826 videas
3027 5775 3076 5824 itt
3114 5773 3357 5834 llexaplis
3391 5773 3588 5817 nostris.
