4110 6420
600 375 700 430 125

595 489 778 540 mulier
803 491 1004 552 propter
1055 478 1212 532 cirum
1257 476 1347 549 (Ι.
1380 476 1498 531 Cor.
1528 476 1616 531 ll.
1647 476 1700 531 8.
1748 474 1844 544 9).
1891 476 1959 527 At
2006 471 2191 526 istha-c

601 579 734 648 ipsa,
761 576 902 630 dicet
925 573 1137 643 aliquis,
1181 587 1301 643 qua:
1329 571 1470 626 dicta
1497 579 1641 634 sunt,
1669 567 1960 624 ostendunt
1996 565 2189 620 mulie-

598 687 710 726 rem
731 686 797 725 ex
820 668 934 723 viro
964 667 1152 723 factam
1179 681 1318 720 esse.
1358 665 1552 720 Verum
1582 670 1854 732 exspecta,
1901 668 1955 716 et
1988 657 2192 712 videbis

598 769 900 817 accuratam
955 758 1254 812 doctrinam
1300 771 1460 827 quam
1504 754 1738 825 subjicit.
1787 751 1927 807 Dicit
1975 750 2116 805 enim
2175 765 2188 802 :

607 852 961 908 Verumtamen
985 866 1144 921 neque
1175 850 1251 904 vir
1274 850 1383 904 sine
1408 848 1637 910 muliere,
1671 860 1833 916 neque
1869 844 2052 896 mulier
2085 841 2194 896 sine

598 945 707 999 viro
747 943 918 1016 (Ibid.
967 959 1016 996 υ.
1041 943 1099 998 ΙΙ
1129 941 1147 1012 )
1175 959 1188 995 :
1217 955 1322 1011 quo
1363 939 1520 995 docet
1554 953 1652 993 nos
1683 945 1865 1006 postea
1915 935 2193 1002 utriusque

597 1049 909 1106 congressu,
935 1043 1279 1102 utrorumque
1309 1040 1362 1086 ct
1384 1030 1480 1084 viri
1511 1037 1565 1084 et
1591 1028 1828 1083 mulieris
1855 1024 2192 1080 constitutio-

603 1143 725 1181 nem
775 1141 913 1182 esse.
943 1124 1147 1180 Idcirco
1174 1134 1228 1178 et
1256 1123 1426 1177 Adam
1455 1121 1665 1176 dicebat
1692 1138 1703 1172 :
1738 1117 1851 1172 Hoc
1874 1133 2008 1172 mnu:
2041 1131 2099 1170 os
2131 1131 2194 1170 ea:

600 1219 952 1280 ossibusmeis,
985 1226 1031 1271 et
1056 1233 1174 1270 caro
1203 1232 1266 1269 ea:
1299 1231 1452 1269 carne
1485 1229 1616 1266 mea.

668 1311 723 1366 4.
758 1309 959 1364 Deinde
999 1316 1058 1362 ut
1086 1309 1226 1363 scias
1265 1307 1425 1376 hujus
1467 1304 1762 1376 pmplietize
1789 1301 2189 1367 certitudinetn,

595 1411 650 1458 et
676 1401 944 1471 quomodo
971 1401 1024 1454 in
1048 1401 1188 1454 hunc
1208 1399 1350 1456 diem
1377 1407 1431 1454 et
1457 1412 1625 1469 usque
1660 1395 1727 1451 ad
1771 1391 2192 1450 consummatio-

596 1514 718 1552 nem
732 1497 1022 1568 all‘ulgeant
1035 1496 1174 1551 illius
1190 1494 1354 1551 dicta.
1371 1494 1492 1548 audi
1507 1491 1912 1563 sequentia.23.
1928 1488 2036 1543 Ista
2047 1503 2193 1541 voca-

595 1591 728 1645 bitur
747 1589 949 1654 mulier,
979 1588 1170 1659 inquit,
1195 1589 1312 1658 quia
1338 1603 1400 1640 ea:
1427 1588 1534 1639 viro
1559 1601 1650 1639 suo
1702 1592 1903 1653 sumpta
1941 1590 2014 1635 est
2057 1582 2189 1649 ipsa.

597 1681 688 1734 24.
724 1679 942 1750 I’rOpter
971 1681 1066 1733 hoc
1096 1679 1404 1747 derelinquet
1434 1678 1582 1730 homo
1608 1684 1799 1747 patrem
1819 1690 1985 1740 suum,
2014 1683 2060 1725 et
2086 1688 2195 1724 ma-

601 1780 726 1824 trem
753 1788 918 1838 suam,
943 1781 988 1824 et
1017 1769 1292 1824 adlta'rebit
1332 1769 1479 1823 ua‘ori
1523 1783 1648 1830 saw,
1707 1775 1752 1820 et
1799 1775 1944 1819 erunt
1992 1763 2092 1816 duo
2140 1761 2194 1815 in

597 1879 798 1917 carnem
826 1879 1000 1916 unam.
1035 1861 1226 1916 Vidisti
1247 1859 1518 1932 quomodo
1543 1859 1718 1913 omnia
1746 1856 1900 1911 nobis
1914 1855 2195 1925 diligenter

597 1954 828 2024 aperuit,
859 1962 913 2008 et
947 1953 1149 2024 singula
1185 1967 1280 2022 per
1310 1951 1644 2022 prophetiam
1674 1963 1822 2002 suam
1864 1945 2192 2015 explanavit.

601 2043 714 2099 Ista
735 2086 750 2110 ,
785 2045 974 2114 inquit,
1007 2044 1264 2098 vocabitur
1292 2043 1493 2105 mulier,
1523 2041 1641 2111 quia
1663 2039 1726 2092 de
1753 2039 1860 2091 viro
1881 2054 1972 2092 suo
1992 2045 2194 2106 sumpta

599 2149 692 2193 est.
735 2139 930 2194 lterum
959 2138 1114 2193 nobis
1139 2137 1464 2192 ablationem
1504 2145 1669 2191 costae
1698 2133 1966 2187 insinuat:
2001 2129 2194 2184 deinde

601 2249 722 2302 qua:
773 2232 946 2287 futura
996 2241 1152 2287 erant
1201 2231 1516 2294 declarans,
1564 2228 1774 2298 inquit,
1828 2223 2046 2294 Propter
2101 2221 2196 2276 hoc

597 2322 848 2392 relinquet
906 2326 1056 2375 homo
1113 2331 1309 2392 patrem
1341 2335 1528 2381 suum,
1588 2326 1635 2370 et
1690 2325 1903 2369 matrem
1933 2329 2118 2379 suam,
2147 2321 2194 2365 et

596 2414 872 2468 adluerebit
915 2414 1066 2468 uxori
1113 2428 1221 2467 sua:
1244 2453 1258 2478 ,
1288 2421 1335 2466 et
1363 2419 1508 2465 erunt
1541 2410 1641 2462 duo
1686 2409 1736 2461 in
1784 2422 1986 2460 carnem
2015 2421 2192 2458 unam.

602 2505 789 2573 Unde,
846 2506 973 2572 dic,
1031 2519 1169 2572 oro,
1226 2504 1390 2559 subiit
1438 2503 1514 2558 illi
1573 2502 1625 2556 in
1680 2509 1914 2554 mentem
1969 2508 2026 2552 ut
2081 2496 2197 2552 haec

599 2597 844 2653 diceret?
876 2597 1016 2653 unde
1045 2596 1247 2652 sciebat
1276 2596 1450 2649 futura
1476 2636 1490 2660 ,
1514 2602 1568 2647 ct
1596 2589 2051 2660 multiplicandum
2076 2601 2197 2643 esse

599 2689 890 2744 Immanmn
929 2689 1135 2760 genus?
1151 2697 1204 2744 et
1227 2685 1367 2757 quod
1392 2686 1599 2740 futurus
1617 2691 1762 2739 esset
1790 2683 1885 2737 viri
1924 2680 2196 2735 mulieris-

599 2798 705 2852 qnc
726 2795 1045 2850 congressus
1080 2779 1222 2834 unde
1263 2775 1903 2846 noscebat?Congrcssus
1919 2775 2061 2827 enim
2090 2772 2179 2826 ille

600 2882 723 2941 post
745 2872 1232 2942 prievarieationcm
1257 2869 1356 2924 fuit
1381 2885 1393 2921 :
1425 2884 1548 2923 natn
1577 2882 1744 2938 usque
1771 2866 1838 2921 ad
1870 2865 2016 2919 illam
2044 2863 2194 2934 quasi

597 2965 773 3033 angeli
813 2963 1164 3019 versabantur
1203 2965 1254 3017 in
1294 2960 1564 3031 paradiso,
1606 2975 1711 3014 non
1751 2958 2198 3028 concupiscentiis

604 3055 891 3124 ﬂagrantes
914 3097 930 3121 ,
978 3070 1085 3109 non
1123 3055 1191 3108 ab
1223 3053 1344 3108 aliis
1390 3051 1762 3107 aliectionibus
1802 3050 2055 3115 intestati,
2090 3063 2196 3103 non

602 3155 808 3200 natura:
861 3146 1278 3201 necessitatibus
1323 3145 1562 3211 obnoxii,
1610 3143 1705 3200 sed
1757 3157 1976 3214 prorsus
2020 3143 2196 3197 incor-

599 3239 880 3308 ruptibiles
919 3249 973 3294 et
1019 3239 1352 3294 immortales
1393 3237 1628 3302 conditi,
1673 3252 1847 3308 neque
1900 3236 1983 3291 vel
2032 3235 2197 3290 vesti-

603 3341 908 3386 mentorum
953 3334 1148 3386 atnictu
1203 3332 1272 3386 ibi
1325 3332 1552 3403 egebant
1593 3349 1605 3386 :
1649 3331 1740 3385 25.
1800 3329 1963 3384 Erant
2019 3329 2196 3393 enim,

599 3423 816 3495 inquit,
864 3423 1010 3478 ambo
1067 3424 1190 3478 nudi
1213 3466 1229 3491 ,
1286 3433 1332 3478 et
1387 3441 1488 3478 non
1541 3421 1912 3478 erubescebant.
1972 3421 2200 3476 Peccato

600 3518 744 3572 enim
795 3528 848 3572 et
897 3518 1343 3587 prtevaricationc
1371 3518 1606 3571 nondum
1653 3524 1916 3586 prasente
1940 3556 1954 3580 ,
1985 3513 2155 3582 gloria
2180 3552 2195 3579 ,

602 3627 723 3680 qua:
751 3626 980 3680 superne
1008 3620 1251 3672 venerat,
1279 3611 1457 3664 vestiti
1487 3621 1634 3664 erant
1659 3649 1676 3676 ,
1707 3617 1763 3664 et
1790 3608 1912 3663 ideo
1939 3623 2043 3660 non
2074 3622 2200 3660 eru-

607 3701 934 3766 bescebant;
964 3710 1086 3769 post
1115 3701 1592 3772 transgreSsionem
1619 3709 1796 3753 autem
1829 3697 2098 3767 praecepti,
2121 3697 2202 3751 in-

605 3801 872 3864 trogressa
891 3802 974 3848 est
990 3801 1044 3849 et
1061 3793 1448 3854 crubcsccntia,
1469 3801 1522 3846 et
1537 3791 1790 3845 nuditatis
1810 3790 2027 3861 agnitio.
2048 3789 2201 3845 Unde

608 3881 787 3952 igitur,
815 3883 901 3939 die
924 3927 938 3951 ,
963 3898 1148 3955 quwso
1173 3926 1188 3951 ,
1221 3883 1273 3938 in
1303 3892 1478 3938 mente
1505 3882 1707 3945 habuit,
1742 3891 1800 3936 ut
1825 3882 1939 3936 lucc
1957 3879 2202 3936 diceret?

607 3993 785 4034 annon
815 3977 988 4047 palam
1018 3985 1100 4032 est
1123 3993 1246 4032 eum
1277 3975 1603 4047 propheticze
1627 3974 1812 4045 gratiae.
1837 3973 2152 4046 participem
2181 4013 2199 4039 ,

608 4071 790 4124 omnia
814 4069 928 4125 lucc
944 4070 1311 4140 spiritualibus
1337 4069 1531 4123 vidisse
1554 4067 1760 4122 oculis?
1784 4067 1907 4122 llzec
1931 4083 2069 4121 nunc
2094 4081 2202 4120 non

603 4161 809 4231 absque
844 4163 1050 4217 ratione
1088 4161 1207 4215 dico
1231 4202 1246 4227 ,
1276 4144 1387 4216 sed
1411 4169 1469 4214 ut
1509 4160 1670 4214 etiam
1721 4159 1845 4213 hinc
1887 4159 2202 4212 immensam

610 4253 706 4306 Dei
735 4253 1114 4322 benignitatem
1137 4251 1373 4318 discatis,
1402 4267 1560 4321 quam
1591 4252 1824 4306 humano
1851 4249 2034 4321 generi
2055 4248 2207 4303 exhi-

609 4344 727 4397 buit
754 4384 768 4407 ,
817 4342 938 4398 data
978 4344 1051 4397 illi
1093 4343 1161 4397 ab
1203 4343 1354 4398 initio
1387 4344 1493 4396 vita
1538 4344 1796 4413 angelica,
1828 4352 1882 4397 et
1912 4343 2204 4397 innumeris

611 4437 663 4488 in
697 4435 842 4489 illum
868 4436 1074 4489 collatis
1095 4435 1386 4500 beneliciis,
1409 4451 1472 4490 ac
1488 4451 1610 4488 cum
1636 4435 1755 4490 aliis
1775 4436 2022 4489 omnibus
2043 4435 2203 4489 etiam

610 4526 920 4596 prepheliea
947 4526 1201 4596 dignitate
1226 4541 1479 4580 concessa
1509 4543 1522 4579 :
1549 4533 1605 4579 ut
1626 4540 1748 4580 cum
1775 4525 2016 4580 videritis
2034 4523 2206 4578 homi-

609 4632 731 4672 nem
763 4626 884 4688 post
910 4625 987 4672 tot
1017 4617 1272 4672 benelicia
1299 4616 1538 4672 desidem
1563 4631 1703 4684 esse,
1733 4617 1943 4686 culpam
1961 4618 2014 4671 in
2038 4617 2205 4673 Deum

613 4725 682 4766 ne
725 4711 1041 4780 rejeceritis,
1091 4711 1184 4766 scd
1236 4710 1334 4780 ipsi
1368 4719 1534 4765 totum
1583 4710 1870 4778 impntetis.
1909 4709 2025 4779 Ipse
2063 4709 2206 4763 enim

615 4804 929 4874 sihitnetipsi
978 4803 1216 4858 omnium
1257 4805 1519 4858 malorum
1550 4811 1736 4857 auctor
1780 4801 1911 4867 fuit,
1962 4803 2101 4869 quod
2154 4810 2209 4855 et

616 4905 797 4967 postea
823 4896 1060 4963 discetis,
1087 4906 1196 4950 tum
1227 4895 1428 4951 scilicet
1455 4896 1595 4966 quod
1623 4895 1784 4949 tantis
1809 4895 1960 4948 bonis
1994 4896 2208 4950 excide-

613 4991 704 5053 rit,
738 4998 847 5043 tum
877 4989 1016 5060 quod
1058 4989 1127 5044 ob
1166 4987 1656 5057 przevarieationcm
1699 4987 2086 5042 condemnatus
2114 4988 2203 5041 sit.

608 5081 740 5135 Nam
778 5097 899 5136 tum
939 5081 1114 5152 cogito
1148 5081 1270 5135 vita:
1304 5081 1445 5136 illius
1479 5089 1698 5147 statum,
1721 5096 1877 5150 quem
1913 5080 1986 5135 illi
2024 5080 2206 5136 Domi-

609 5189 708 5229 nus
745 5173 910 5240 dedit,
956 5182 1060 5229 tam
1088 5173 1374 5228 multifaria
1413 5175 1464 5228 in
1501 5175 1672 5244 ipsum
1715 5175 1974 5230 benelieia
2018 5190 2206 5229 cmun—

610 5265 809 5332 lando;
839 5279 892 5323 ct
922 5269 1148 5339 primum
1181 5269 1394 5338 quidem
1419 5311 1435 5335 ,
1491 5269 1630 5338 quod
1653 5310 1666 5334 ,
1699 5280 1822 5324 ante
1878 5270 2042 5339 ipsius
2092 5269 2205 5323 for-

617 5361 928 5427 mationem,
962 5375 1181 5433 propter
1227 5364 1398 5434 ipsum
1451 5374 1619 5418 totum
1657 5365 1797 5420 hunc
1850 5367 2105 5420 mundmn
2154 5374 2210 5422 et

613 5458 886 5505 creaturas
904 5455 1230 5522 condidit,et
1257 5467 1439 5527 postea
1463 5457 1632 5526 ipsum
1653 5456 1916 5520 [οι-ιιιίινίι,
1951 5469 2004 5511 ut
2038 5455 2206 5513 factus

613 5540 912 5600 visibilibns
936 5549 1181 5606 omnibus
1213 5548 1478 5607 frueretur
1497 5565 1512 5615 ;
1531 5551 1652 5606 dein
1671 5552 1810 5620 quod
1837 5561 1893 5605 ut
1912 5552 2069 5621 jussit
2085 5567 2206 5608 esse

617 5631 922 5703 paradisum
949 5679 963 5703 ,
995 5642 1046 5693 in
1074 5640 1166 5695 illo
1195 5643 1372 5697 statim
1401 5644 1573 5714 ipsum
1615 5645 1775 5698 vitam
1819 5659 1978 5714 agere
2005 5645 2202 5708 voluit,

613 5723 867 5778 animalia
891 5728 1044 5784 bruta
1071 5731 1137 5784 ab
1170 5731 1261 5784 illo
1291 5737 1553 5804 separavit
1576 5778 1591 5803 ,
1621 5747 1673 5790 ct
1701 5737 1939 5790 omnium
1964 5737 2036 5790 illi
2058 5735 2206 5792 dedit

613 5819 952 5887 potestatem,
985 5821 1135 5890 quasi
1160 5820 1430 5880 dominum
1459 5830 1628 5883 servis
1651 5837 1704 5884 et
1731 5826 1955 5883 subditis
1987 5828 2197 5882 nomina

1344 366 1400 421 s.
1439 361 1722 420 JOANNIS
1759 355 2227 416 cnnvsosroul
2268 356 2588 418 ARCIIIEP.
2630 358 3170 417 CONSTANTINOP.
3800 371 3884 426 εει

2303 475 2579 539 tmponere
2598 473 2836 541 jubendo
2860 489 2873 537 ;
2901 483 3085 542 postea
3119 488 3264 538 vero,
3293 475 3412 544 quia
3439 477 3591 534 solus
3617 491 3753 542 erat.
3779 497 3886 539 eum

2306 561 2566 632 indigeret
2595 563 2778 634 aliquo
2805 564 3048 635 adjutore
3067 606 3082 632 ,
3136 566 3224 637 qui
3253 577 3452 623 natura:
3485 571 3606 639 ejus
3637 574 3888 646 particeps

2297 662 2475 718 esset,
2537 668 2710 724 neque
2768 654 2870 709 hoc
2923 656 3144 721 omisit,
3205 657 3299 712 sed
3359 659 3618 728 producta
3680 664 3890 720 muliere

2299 745 2457 800 modo
2482 762 2588 816 quo
2617 746 2716 801 sibi
2745 747 2962 817 placuit,
2993 748 3137 802 illam
3165 750 3263 816 ipsi
3302 750 3353 804 in
3390 767 3582 806 manus
3620 757 3887 810 concredi-

2297 837 2396 904 dit,
2424 851 2486 892 ac
2514 848 2705 908 praeter
2734 837 2848 894 hac
2875 840 3052 894 omnia
3081 841 3374 910 prophetiae
3397 858 3614 912 quoque
3639 844 3882 915 dignitate

2299 929 2446 984 illum
2491 931 2788 999 insignivit;
2816 940 2871 986 et
2900 942 3020 1001 post
3045 931 3304 987 immensa
3334 934 3420 987 illa
3451 935 3708 990 benclicia
3737 947 3882 1007 caput

2299 1021 2457 1075 etiam
2481 1023 2716 1076 omnium
2742 1022 2960 1077 donavit
2977 1023 3074 1088 illi,
3102 1024 3242 1078 utab
3274 1025 3524 1080 omnibus
3536 1027 3682 1080 curis
3701 1029 3890 1082 etsolli-

2297 1113 2620 1168 citndinibus
2655 1115 2894 1184 corporis
2937 1115 3074 1170 liber
3115 1123 3297 1181 esset,
3328 1131 3502 1186 neque
3529 1117 3650 1172 ullis
3674 1119 3884 1174 vestium

2299 1203 2646 1270 indumentis,
2670 1220 2844 1275 neque
2869 1205 2972 1259 alio
2997 1206 3178 1276 aliquo
3199 1206 3435 1277 indigere
3463 1209 3613 1261 illum
3638 1211 3883 1278 permisit,

2301 1296 2428 1362 sed,
2461 1305 2520 1351 ut
2545 1297 2654 1350 dixi
2680 1339 2692 1360 ,
2722 1298 2871 1368 quasi
2903 1299 3146 1368 angelum
3179 1308 3486 1355 terrestrem
3519 1316 3681 1371 super
3708 1313 3886 1360 terram

2301 1388 2444 1442 illum
2493 1389 2692 1443 versari
2723 1390 2888 1443 voluit
2919 1408 2932 1443 :
2965 1405 3088 1444 cum
3119 1391 3276 1460 igitur
3323 1392 3437 1446 huic
3466 1394 3647 1446 omnia
3693 1409 3885 1450 mecum

2300 1488 2522 1547 reputo,
2552 1479 2874 1549 obstupeseo
2907 1489 2961 1534 et
3005 1481 3209 1535 Domini
3255 1480 3593 1536 clementiam
3635 1483 3685 1536 in
3713 1485 3887 1539 huma-

2299 1584 2426 1623 num
2447 1584 2635 1640 genus,
2666 1583 2718 1625 et
2749 1570 2980 1625 hominis
3006 1571 3300 1635 desidiam,
3335 1580 3390 1626 et
3419 1573 3616 1627 diaboli
3660 1574 3884 1629 inviden-

2301 1663 2428 1716 tiam
2461 1681 2472 1715 :
2505 1678 2609 1716 non
2657 1663 2799 1716 enim
2845 1663 3050 1718 ferebat
3101 1663 3275 1718 malus
3328 1665 3416 1718 ille
3471 1664 3685 1719 da'mon
3724 1666 3886 1721 videre

2300 1754 2352 1808 in
2398 1769 2624 1824 corpore
2679 1756 2946 1810 hominem
2977 1758 3268 1826 angelicam
3299 1759 3461 1811 vitam
3493 1769 3754 1827 agentem.

2370 1848 2423 1902 5.
2468 1846 2684 1902 Moralis
2706 1850 2970 1920 epilogus;
3015 1849 3290 1904 liberalitas
3329 1849 3426 1903 Dei
3459 1851 3515 1904 in
3544 1852 3782 1904 homines.
3823 1880 3884 1892 -

2297 1938 2564 1994 Czeternm
2583 1955 2651 1995 ne
2672 1941 2832 1995 nimia
2852 1941 3179 2011 longitudine
3199 1957 3505 1998 sermonem
3527 1944 3879 2010 extendamus,

2299 2030 2344 2084 si
2375 2030 2569 2099 placet,
2595 2031 2679 2086 hic
2706 2031 2865 2087 linem
2889 2033 3145 2103 loquendi
3175 2032 3452 2101 facientes,
3485 2050 3798 2104 reponemus
3835 2037 3879 2090 in

2304 2133 2575 2192 posterum
2607 2140 2668 2180 ea
2713 2141 2831 2195 qua:
2859 2125 2927 2181 de
2967 2127 3162 2181 diaboli
3197 2126 3403 2182 insidiis
3449 2139 3759 2198 sequuntur,
3798 2145 3879 2183 ve-

2301 2229 2466 2270 stram
2507 2228 2724 2272 orantes
2771 2219 3070 2284 caritatcm,
3103 2228 3158 2273 ttt
3193 2219 3479 2289 diligenter
3503 2235 3566 2274 ca
3596 2235 3712 2289 qua:
3757 2220 3878 2274 dicta

2301 2317 2427 2362 sunt
2467 2310 2741 2362 memoria:
2771 2310 3178 2375 commendelis,
3209 2320 3262 2364 et
3288 2311 3565 2364 vobiscum
3592 2311 3880 2380 expcndatis

2301 2415 2362 2456 ea
2393 2401 2593 2467 omnia,
2621 2411 2673 2455 ut
2697 2401 3010 2471 profundius
3038 2403 3089 2456 in
3117 2403 3532 2473 cogitationibus
3557 2404 3742 2458 vestris
3766 2417 3878 2456 con-

2301 2491 2496 2547 sidant.
2527 2491 2660 2546 Nam
2687 2493 2732 2547 si
2761 2494 3014 2548 continuo
3033 2494 3413 2550 beneliciorum
3443 2496 3560 2562 Dei,
3582 2511 3696 2566 qua:
3723 2496 3771 2548 in
3795 2509 3875 2546 no-

2301 2593 2470 2636 strum
2487 2598 2653 2652 genus
2674 2585 2916 2646 contulit,
2944 2584 3304 2650 recordemur,
3332 2595 3382 2640 et
3407 2586 3507 2655 ipsi
3531 2587 3660 2656 gnati
3682 2587 3874 2648 erimus,

2302 2687 2356 2734 et
2384 2679 2449 2734 ad
2481 2680 2692 2734 virtutis
2713 2682 2849 2735 viam
2882 2695 3071 2751 magna
3099 2681 3147 2734 id
3167 2681 3271 2736 erit
3291 2681 3670 2735 exstitnulatio.
3694 2679 3875 2747 Quippe

2305 2773 2644 2828 manifestum
2673 2784 2771 2841 est,
2807 2789 2928 2829 eum
2955 2776 3043 2846 qui
3077 2775 3332 2830 beneﬁcia
3363 2776 3454 2830 Dei
3488 2792 3668 2830 secum
3691 2775 3872 2844 reeogi-

2307 2873 2401 2931 tat,
2433 2879 2652 2934 operam
2680 2865 2926 2920 daturum
2955 2880 3022 2920 ne
3067 2866 3168 2920 illis
3213 2865 3460 2936 indignus
3505 2867 3752 2932 videatur,
3793 2863 3873 2918 sed

2307 2955 2440 3010 tanti
2481 2957 2640 3011 studii
2666 2965 2721 3012 et
2759 2967 2862 3012 tam
2908 2957 3044 3028 grati
3075 2957 3237 3011 animi
3282 2957 3540 3020 futurum,
3592 2967 3647 3012 ut
3690 2967 3739 3012 et
3787 2955 3873 3010 alia

2303 3057 2698 3121 consequenter
2727 3061 3018 3106 mereatur.
3065 3050 3324 3105 Liberalis
3359 3052 3558 3122 quippe
3585 3062 3662 3106 est
3712 3049 3868 3104 Domi-

2307 3157 2408 3196 nus
2436 3153 2639 3209 noster,
2693 3152 2747 3198 ct
2795 3143 3009 3213 quando
3053 3143 3195 3198 videt
3217 3157 3315 3198 nos
3358 3153 3513 3214 grato
3555 3143 3724 3199 animo
3772 3155 3872 3196 esse

2305 3235 2445 3291 circa
2476 3251 2537 3289 ea
2577 3252 2695 3307 qua:
2735 3237 2844 3306 jam
2887 3237 3040 3291 nobis
3069 3237 3356 3304 concessit,
3390 3239 3530 3293 ultra
3572 3254 3666 3294 nos
3707 3235 3868 3308 potiori

2305 3331 2473 3400 gratia
2502 3329 2900 3401 majoribusque
2927 3332 3234 3386 muneribus
3264 3331 3452 3402 implet
3486 3352 3499 3387 :
3523 3342 3712 3386 tantum
3740 3327 3869 3383 nobis

2307 3434 2489 3478 nostra
2538 3423 2684 3478 salus
2737 3440 2880 3478 cura:
2909 3424 3014 3489 sit,
3069 3440 3136 3479 ne
3182 3425 3254 3478 ita
3302 3424 3651 3495 incogitanter
3690 3431 3870 3489 tetnjus

2307 3517 2687 3586 transigamus,
2743 3531 2914 3586 neque
2968 3516 3072 3573 hoc
3114 3517 3477 3581 attendamus,
3531 3518 3574 3570 si
3628 3515 3868 3570 dimidium

2306 3606 2735 3677 Quadragesimtc
2766 3608 3056 3671 transierit,
3099 3607 3191 3661 sed
3223 3607 3267 3661 si
3297 3624 3395 3677 qua
3425 3609 3483 3662 in
3527 3609 3624 3663 hoc
3664 3616 3869 3675 tempore

2307 3713 2339 3753 a
2367 3699 2521 3752 nobis
2566 3699 2703 3753 bene
2749 3710 2895 3770 gesta
2929 3708 3074 3765 sunt,
3103 3710 3155 3753 et
3186 3699 3228 3754 si
3253 3716 3384 3769 quas
3429 3701 3731 3754 all‘eetiones
3770 3709 3868 3765 quie

2308 3806 2405 3845 nos
2447 3791 2758 3862 perturbant
2785 3794 3196 3847 correxerimus.
3228 3792 3356 3847 Nam
3391 3793 3434 3846 si
3469 3793 3694 3864 quotidie
3733 3786 3866 3858 spiri-

2307 3884 2433 3938 tuali
2458 3884 2699 3938 doctrina
2725 3884 2931 3951 reiecti,
2965 3901 3178 3955 semper
3220 3884 3377 3939 iidem
3406 3885 3762 3944 manserimus,
3787 3895 3866 3933 ne-

2309 3994 2412 4047 que
2461 3978 2512 4031 in
2539 3979 2823 4033 virtutibus
2849 3979 3199 4042 creverinms,
3225 3994 3397 4048 neque
3428 3988 3750 4049 peccatorum
3787 3986 3865 4041 ge-

2310 4084 2437 4124 nera
2469 4084 2498 4122 c
2529 4069 2835 4138 pectoribus
2866 4069 3060 4121 nostris
3090 4065 3523 4137 ell'ugaverimus,
3569 4083 3666 4120 non
3719 4062 3864 4117 solum

2310 4160 2434 4216 inde
2460 4159 2589 4214 nihil
2619 4161 2716 4213 erit
2746 4160 3003 4217 utilitatis.
3038 4158 3132 4212 sed
3163 4168 3216 4212 et
3239 4159 3524 4226 plurimum
3555 4151 3826 4212 noeumenti
3855 4167 3865 4202 :

2309 4252 2740 4324 quandoquidem
2768 4252 2856 4322 qui
2891 4262 3032 4305 tanta
3056 4268 3179 4305 cura
3206 4251 3417 4306 habitus
3443 4252 3574 4306 nihil
3598 4249 3715 4305 lucri
3742 4245 3863 4306 facit,

2312 4361 2487 4415 neque
2501 4344 2729 4414 prolicit.
2749 4343 3006 4414 majorem
3027 4343 3124 4397 sibi
3139 4353 3419 4398 eoaccrvat
3435 4343 3686 4413 gehennie
3699 4338 3865 4407 ignem.

2312 4440 2439 4494 ldeo
2467 4454 2585 4506 oro,
2615 4446 2674 4492 ut
2698 4439 2888 4493 Saltem
2914 4439 3176 4508 reliquum
3202 4438 3392 4508 jejunii
3424 4449 3631 4508 tempus
3665 4447 3715 4489 ut
3739 4433 3867 4487 deo-t

2315 4531 2665 4594 insumamus,
2690 4540 2748 4583 ut
2772 4529 2994 4600 singulis
3023 4529 3390 4587 hebdomadis.
3421 4530 3528 4584 imo
3553 4521 3867 4597 singulisdic-

2315 4622 2412 4677 bus
2439 4638 2538 4677 nos
2577 4623 2720 4692 ipsos
2766 4621 3188 4686 eo:isideretnns,
3239 4630 3289 4675 et
3331 4622 3456 4676 vitia
3506 4622 3572 4676 ab
3625 4613 3867 4672 animabus

2316 4715 2512 4768 nostris
2539 4714 2889 4784 expellamus,
2935 4730 2997 4769 ac
3036 4713 3297 4769 bonorum
3341 4730 3562 4784 operum
3603 4705 3864 4784 possessio-

2315 4823 2437 4862 nem
2478 4808 2875 4877 eonquiramus,
2906 4808 3042 4861 sicut
3087 4807 3344 4877 prOpheta
3392 4818 3572 4862 nosicr
3606 4798 3864 4859 admonuit.

2315 4899 2648 4953 declinemus
2674 4915 2703 4953 a
2750 4900 2905 4954 malis
2932 4898 2950 4972 (
2977 4898 3123 4952 Psal.
3157 4900 3245 4954 56.
3285 4899 3353 4952 27
3383 4899 3423 4968 ),
3453 4909 3506 4953 et
3544 4896 3608 4950 ad
3649 4896 3862 4948 virtutem

2318 5000 2654 5045 transeamus
2686 5007 2700 5044 :
2736 4989 2836 5044 hoc
2872 4990 3073 5045 etenim
3118 5005 3305 5046 verum
3339 4999 3422 5044 est
3459 4987 3726 5059 jejunium.
3774 4981 3864 5034 ινξι-

2316 5082 2521 5137 cundus
2561 5081 2790 5135 ferocem
2833 5081 3284 5151 perturbationem
3333 5083 3418 5150 pia
3461 5077 3764 5150 cogitatione
3807 5065 3866 5122 ab

2315 5173 2492 5228 anima
2523 5173 2785 5238 eliminet,
2819 5171 3280 5225 mansuetudinem
3308 5183 3482 5227 autem
3527 5178 3580 5225 et
3623 5165 3861 5222 lenitatem

2315 5267 2668 5336 amplexetur.
2719 5265 2883 5318 Deses
2933 5264 3394 5334 etintetnperans,
3443 5274 3496 5319 et
3549 5262 3862 5316 formosorum

2315 5373 2600 5427 corporum
2631 5357 2872 5411 curiosus
2897 5365 3164 5425 spectator
3193 5354 3538 5425 cogitationes
3578 5364 3693 5406 suas
3720 5343 3864 5400 reire-

2315 5459 2444 5514 net,
2499 5459 2554 5504 et
2607 5449 2658 5502 iu
2719 5447 2992 5502 latitudine
3036 5445 3230 5501 mentis
3267 5463 3378 5501 suae
3431 5444 3671 5501 inseribat
3716 5439 3862 5505 legem

2314 5544 2513 5600 Christi
2550 5543 2838 5606 dicentem,
2891 5541 2989 5608 Qui
3033 5543 3303 5610 inspexerit
3345 5541 3596 5594 mulierem
3623 5550 3674 5590 ut
3705 5543 3863 5584 conru-

2317 5643 2475 5710 piscat
2516 5638 2659 5692 illaut
2685 5679 2700 5702 ,
2745 5639 2858 5706 jam
2905 5635 3211 5689 adulterium
3257 5634 3502 5689 commisit
3556 5645 3661 5684 cum
3709 5619 3859 5710 illa‘in

2314 5708 2466 5787 corde
2493 5730 2625 5802 suo(
2661 5728 2848 5784 Matth.
2879 5729 2931 5784 5.
2981 5726 3050 5782 28
3069 5727 3112 5797 ),
3145 5727 3536 5782 incontinentite
3559 5721 3726 5780 vitium
3745 5708 3859 5766 cllu-

2316 5829 2445 5900 giat,
2475 5839 2529 5883 et
2557 5824 2862 5883 sobrietatis
2891 5823 3139 5880 virtutem
3170 5831 3437 5894 operetur.
