4110 6414
200 310 213 321 '
273 295 373 355 133

267 413 546 485 γυναῖκα,
567 414 739 472 ἀλλὰ
760 414 914 485 γυνὴ
942 411 1041 467 διὰ
1061 413 1169 467 τὸν
1192 412 1402 482 ἄνδρα.
1434 414 1561 468 Ναί·
1589 414 1726 468 ἀλλὰ
1750 414 1947 477 ταῦτα,

272 499 426 570 φησὶ,
461 497 532 551 τὰ
568 497 843 568 εἰρημένα
866 496 1156 559 δείκνυσιν,
1193 497 1275 550 ὅτι
1304 499 1337 568 ἡ
1378 497 1514 568 γυνὴ
1544 499 1609 550 ἐκ
1639 497 1733 551 τοῦ
1756 498 1949 570 ἀνδρὸς

268 585 507 654 ἐγένετο.
553 584 695 639 Ἀλλ’
731 584 1042 655 ἀνάμεινον,
1083 585 1178 637 καὶ
1212 584 1333 654 ὄψει
1362 584 1452 638 διὰ
1481 584 1576 639 τοῦ
1610 585 1949 656 ἐπαγομένου

268 671 372 744 ’τὴν
413 671 616 744 ἀκριϐῆ
668 671 821 745 1120]
856 671 1224 726 διδασκαλίαν.
1262 673 1400 743 Φησὶ
1436 673 1565 742 γάρ·
1600 673 1775 738 Πλὴν
1811 673 1952 728 οὔτε

268 759 432 827 ἀνὴρ
465 759 642 828 χωρὶς
688 759 989 828 γυναικὸς,
1021 759 1160 813 οὔτε
1187 758 1341 828 γυνὴ
1371 759 1552 828 χωρὶς
1588 759 1831 828 ἀνδρὸς,
1868 760 1948 813 δι-

264 846 489 902 δάσκων
513 848 680 917 ἡμᾶς.
721 848 805 901 ὅτι
833 846 1019 901 λοιπὸν
1049 847 1138 901 διὰ
1165 849 1265 918 τῆς
1295 847 1625 918 ἀμφοτέρων
1663 848 1951 912 συνουσίας

266 937 304 1006 ἡ
330 935 590 998 σύστασις
616 935 769 989 ἔσται
800 935 895 988 καὶ
918 934 1110 1006 ἀνδρὸς
1138 934 1231 989 καὶ
1254 934 1529 1002 γυναικός.
1553 935 1654 990 Διά
1677 933 1838 989 τοῦτο
1856 937 1953 991 καὶ

264 1024 297 1075 6
341 1022 512 1092 Ἀδάμ
537 1022 712 1091 ἔλεγε·
743 1020 921 1076 Τοῦτο
943 1022 1060 1076 νῦν
1080 1022 1309 1076 ὀστοῦν
1334 1022 1405 1076 ἐκ
1422 1020 1541 1075 τῶν
1561 1019 1790 1075 ὀστέων
1804 1039 1948 1091 μου,

265 1112 370 1167 καί
398 1110 557 1180 σὰρξ
580 1110 651 1165 ἐκ
679 1108 791 1179 τῆς
815 1112 1046 1179 σαρκός
1059 1127 1201 1180 μου.

341 1200 405 1253 δ’.
442 1195 578 1252 Εἶτα
621 1198 707 1252 ἵνα
736 1197 913 1269 μάθῃς
939 1197 1105 1251 αὐτοῦ
1143 1197 1242 1268 τῆς
1277 1196 1615 1270 προφητείας
1650 1196 1747 1269 τὴν
1787 1197 1949 1269 ἀκρίς

264 1276 449 1345 ϐειαν,
476 1284 573 1336 καὶ
595 1283 744 1346 ὅπως
774 1283 934 1354 μέχρι
964 1283 1057 1355 τοῦ
1081 1282 1198 1347 νῦν,
1221 1283 1499 1355 καὶμέχρι
1517 1284 1617 1355 τῆς
1641 1282 1949 1347 συντελείας

265 1371 446 1440 αὐτῆς
494 1369 794 1441 διαλάμπει
833 1370 896 1424 τὸ
935 1370 1027 1423 ὑπ’
1070 1369 1236 1423 αὐτοῦ
1288 1371 1598 1443 εἰρημένον,
1642 1370 1808 1425 ἄκουε
1854 1374 1949 1424 καὶ

262 1459 378 1511 τῶν
416 1457 565 1528 ἑξῆς·
600 1458 764 1525 Αὕτη
803 1456 1170 1527 κληθήσεται
1200 1457 1378 1527 γυνὴ,
1413 1458 1597 1529 φησὶν,
1629 1457 1718 1511 ὅτι
1745 1458 1814 1512 ἐκ
1840 1458 1948 1512 τοῦ

261 1545 492 1614 ἀνδρὸς
530 1545 721 1613 αὐτῆς
757 1545 990 1615 ἐλήφθη
1029 1544 1205 1612 αὐτή.
1253 1545 1403 1601 Ἀντί
1425 1547 1639 1600 τούτου
1673 1546 1949 1600 καταλεί-

264 1636 370 1701 ψει
416 1634 729 1702 ἄνθρωπος
777 1633 884 1687 τὸν
928 1632 1156 1702 πατέρα
1194 1633 1382 1688 αὐτοῦ
1425 1634 1524 1688 καὶ
1557 1633 1672 1702 τὴν
1696 1636 1946 1704 μητέρα,

263 1720 370 1777 καί
395 1721 1004 1790 προσκολληθήσεται
1025 1721 1178 1790 πρὸς
1195 1721 1312 1791 τὴν
1327 1722 1586 1791 γυναῖκα
1611 1721 1822 1790 αὐτοῦ,
1849 1722 1949 1777 καί

264 1810 514 1864 ἔσονται
560 1812 616 1864 οἱ
659 1810 771 1866 δύο
804 1812 892 1876 εἰς
924 1809 1123 1878 σάρκα
1156 1810 1325 1880 μίαν.
1367 1806 1523 1874 Εἶδες
1568 1809 1688 1874 πῶς
1731 1810 1948 1865 ἀπάντα

266 1900 403 1969 ἡμῖν
445 1898 762 1970 παρήνοιξε,
802 1896 893 1952 διά
934 1898 1034 1969 τῆς
1084 1897 1293 1962 οἰκείας
1334 1898 1672 1970 προφητείας
1718 1898 1948 1955 ἕκαστον

269 1985 412 2057 μετά
427 1985 713 2056 ἀκριϐείας
726 1985 994 2057 δηλώσας;
1013 1985 1199 2054 Αὕτη,
1213 1986 1365 2057 φησὶ,
1378 1986 1752 2055 κληθήσεται
1766 1987 1945 2058 γυνὴ,

261 2071 359 2128 ὅτι
403 2073 475 2127 ἑκ
520 2073 629 2128 τοῦ
662 2073 882 2143 ἀνδρὸς
930 2072 1124 2144 αὐτῆς
1168 2073 1428 2143 ἐλήφθη.
1464 2074 1634 2129 Πάλιν
1676 2076 1810 2145 ἡμίν
1846 2074 1946 2147 τὴν

265 2162 557 2234 ἀφαίρεσιν
587 2163 687 2235 τῆς
721 2162 962 2235 πλευρᾶς
996 2163 1313 2217 αἰνίττεταιο
1346 2158 1467 2217 εἶτα
1489 2161 1665 2233 δηλῶν
1698 2162 1771 2216 τὰ
1816 2163 1948 2234 μέλ-

265 2248 427 2303 λοντα
457 2250 854 2322 συμϐήσεσθαι,
892 2251 1077 2322 φησιν·
1125 2251 1284 2306 Ἀντί
1330 2252 1547 2306 τούτου
1595 2251 1947 2321 καταλείψει

265 2335 578 2405 ἄνθρωπος
600 2337 710 2391 τὸν
741 2337 966 2408 πατέρα
998 2337 1185 2393 αὐτοῦ
1213 2338 1313 2393 καί
1338 2338 1456 2407 τὴν
1477 2339 1708 2410 μητέρα
1731 2339 1944 2405 αὐτοῦ,

264 2424 365 2477 καί
425 2424 1036 2494 προσκολληθήσεται
1081 2424 1230 2494 πρὸς
1275 2426 1392 2494 τὴν
1435 2426 1692 2497 γυναῖκα
1731 2426 1944 2491 αὐτοῦ,

266 2511 366 2564 καὶ
395 2512 644 2566 ἔσονται
676 2512 731 2566 οί
764 2511 875 2566 δύο
901 2513 991 2580 είς
1026 2511 1229 2582 σάρκα
1252 2513 1422 2583 μίαν.
1460 2513 1652 2576 Πόθεν,
1677 2513 1799 2567 εἰπέ
1831 2531 1945 2585 μοι,

264 2598 439 2653 ταῦτα
488 2599 721 2671 ἐπῆλθεν
760 2599 908 2672 αὐτῷ
944 2599 1307 2670 φθέγξασθαι;
1351 2600 1516 2655 πόθεν
1543 2601 1660 2673 ᾔδει
1704 2601 1775 2655 τά
1815 2603 1946 2673 μέλ-

261 2678 449 2746 λοντα,
497 2683 591 2736 καὶ
622 2683 706 2736 ὅτι
752 2684 834 2747 εἰς
860 2683 1063 2752 πλῆθος
1102 2682 1359 2738 ἐπιδώσει
1396 2684 1455 2738 τὸ
1497 2684 1606 2738 τῶν
1641 2684 1946 2756 ἀνθρώπων

266 2767 454 2837 γένοςς
518 2770 599 2824 ὅτι
657 2770 767 2841 γὰρ
825 2771 1078 2827 συνουσία
1144 2771 1296 2826 ἔσται
1346 2773 1539 2845 ἀνδρὸς
1601 2773 1698 2827 καὶ
1757 2790 1945 2843 γυναι-

264 2857 385 2922 κὸς,
440 2856 606 2911 πόθεν
655 2858 955 2928 ﬁnio-tato;
1013 2859 1168 2915 Μετὰ
1217 2860 1327 2932 γάρ
1378 2861 1479 2933 τὴν
1516 2861 1831 2932 παράϐασιν
1877 2862 1946 2916 τὰ

262 2945 365 3015 τῆς
392 2944 677 3008 συνουσίας
710 2946 968 3014 γέγονεν’
1015 2947 1137 3001 ἐπεὶ
1187 2947 1382 3019 μέχρις
1425 2948 1636 3001 ἐκείνου
1690 2947 1944 3021 καθάπερ

262 3031 484 3101 ἄγγελοι
511 3031 655 3086 οὕτω
683 3032 945 3106 διῃτῶντο
972 3036 1031 3088 ἐν
1066 3035 1146 3106 τῷ
1178 3035 1514 3107 παραδείσῳ,
1563 3036 1662 3108 οὐχ
1689 3036 1795 3090 ὑπὸ
1823 3038 1944 3099 ἐπι-

263 3119 467 3190 θυμίας
498 3119 839 3193 φλεγόμενοι,
891 3121 991 3192 οὐχ
1015 3122 1120 3176 ὑπὸ
1152 3123 1354 3195 ἐτέρων
1398 3121 1588 3177 παθῶν
1626 3122 1943 3196 πολιορκού-

264 3225 443 3278 μενοι,
468 3210 531 3263 οὐ
559 3213 680 3273 ταῖς
727 3210 997 3277 ἀνάγκαις
1028 3211 1128 3280 τῆς
1152 3209 1369 3281 φύσεως
1406 3210 1775 3282 ὑποκείμενοι,
1806 3212 1943 3266 ἀλλά

260 3295 333 3349 δι’
359 3296 483 3350 ὅλου
504 3295 773 3370 ἄφθαρτοι
807 3298 1120 3364 κτισθέντες
1149 3299 1244 3353 καὶ
1258 3299 1538 3363 ἀθάνατοι,
1578 3302 1711 3354 ὅπου
1736 3315 1803 3369 γε
1821 3300 1943 3355 οὐδὲ

258 3387 363 3454 τῆς
384 3383 494 3439 τῶν
522 3386 752 3456 ἱματίων
774 3387 1066 3460 περιϐολῆς
1098 3387 1323 3443 ἐδέοντο.
1355 3384 1562 3443 Ἦσαν
1588 3387 1718 3460 γὰρ,
1752 3388 1939 3461 φησὶν,

258 3472 318 3525 οι
347 3470 461 3526 δύο
486 3473 720 3542 γυμνοί,
752 3472 852 3527 καί
890 3476 1002 3528 οὐκ
1029 3474 1399 3544 ᾐσχύνοντο.
1457 3474 1684 3528 Οὐδέπω
1713 3473 1823 3545 γὰρ
1844 3475 1940 3545 τῆς

260 3559 543 3630 ἁμαρτίας
570 3559 995 3631 ὐπεισελθούσης
1019 3572 1068 3626 ι,
1095 3562 1188 3615 καὶ
1210 3561 1313 3632 τῆς
1333 3563 1649 3633 παρακοῆς,
1700 3564 1768 3633 τῇ
1801 3563 1941 3618 ἀνωο

258 3645 355 3700 θεν
380 3642 521 3717 ἦσαν
545 3645 671 3720 δόξῃ
695 3648 1082 3729 ἠμφιεσμένοι,
1127 3648 1195 3703 δι’
1223 3648 1253 3703 ὃ
1295 3648 1417 3702 οὐδὲ
1445 3648 1769 3720 ᾐσχύνοντο·
1803 3649 1942 3720 μετά

256 3732 318 3787 δέ
349 3732 451 3804 τὴν
479 3733 790 3805 παράϐασιν
815 3735 912 3806 τῆς
945 3735 1190 3807 ἐντολῆς,
1228 3735 1351 3790 τότε
1380 3738 1474 3790 καὶ
1519 3737 1554 3808 ἡ
1587 3737 1816 3808 αἰσχύνη
1840 3739 1940 3791 ἐπ-

256 3820 500 3893 εισῆλθε,
531 3823 626 3876 καὶ
650 3824 685 3893 ἡ
711 3822 915 3891 γνῶσις
941 3825 1042 3896 τῆς
1062 3824 1420 3896 γυμνότητος.
1453 3823 1625 3878 Πόθεν
1654 3819 1770 3890 οὖν,
1816 3825 1938 3879 εἰπέ

262 3925 376 3980 μοι,
398 3907 573 3963 ταῦτα
601 3910 749 3982 αὑτῷ
768 3909 970 3982 ἐπῆλθε
992 3910 1328 3981 φθέγγεσθαι
1356 3910 1421 3977 b;
1449 3910 1483 3981 ἦ
1510 3911 1670 3982 δῆλον
1698 3912 1780 3967 ὅτι
1807 3930 1942 3986 προ-

259 3995 497 4067 φητικοῦ
520 3998 856 4069 χαρίσματος
876 3998 1121 4070 μετέχων
1143 3999 1251 4071 πρὸ
1269 3999 1369 4071 τῆς
1387 3999 1695 4070 παρακοῆς,
1724 3999 1939 4054 ἅπαντα

257 4086 436 4140 ταῦτα
459 4085 605 4158 ἑώρα
634 4089 747 4150 τοῖς
777 4088 1165 4157 πνευματικοῖς
1193 4085 1527 4156 όφθαλμοίς;
1555 4085 1741 4140 Ταῦτα
1758 4086 1816 4139 δὲ
1839 4087 1938 4158 οὐχ

256 4172 449 4237 ἁπλῶς
488 4172 584 4228 νῦν
614 4173 824 4245 μηνύω,
849 4173 963 4229 ἀλλ’
996 4174 1083 4228 ἵνα
1109 4173 1360 4227 ἐντεῦθεν
1382 4173 1484 4245 ἡδη
1525 4173 1619 4226 καὶ
1641 4173 1741 4244 τὴν
1763 4173 1936 4245 ὑπερ-

257 4259 565 4316 ϐάλλουσαν
593 4260 688 4315 τοῦ
715 4261 850 4315 Θεοῦ
877 4260 1285 4331 φιλανθρωπίαν
1309 4259 1686 4331 καταμάθητε,
1713 4260 1780 4332 ἡν
1808 4262 1938 4331 περὶ

257 4348 353 4403 τὸν
375 4349 662 4420 ἄνθρωπον
684 4349 1014 4417 ἐπεδείξατο,
1041 4349 1331 4418 ἀγγελικὺν
1355 4348 1502 4421 αὐτῷ
1527 4349 1641 4421 βίον
1672 4349 1731 4418 ἐξ
1760 4351 1937 4423 ἀρχῆς

256 4432 650 4505 χαρισάμενος,
685 4434 780 4488 καὶ
813 4434 1013 4507 μυρίας
1036 4435 1117 4497 εἰς
1150 4433 1312 4487 αὐτὸν
1341 4434 1661 4505 εὐεργεσίας
1689 4434 1933 4505 παραθέ-

261 4533 427 4587 μενος
463 4527 508 4583 ο,
544 4519 637 4571 καί
667 4518 804 4589 μετά
834 4517 942 4572 τῶν
964 4516 1137 4572 ἀλλων
1176 4518 1431 4571 ἁπάντων
1462 4519 1557 4573 καὶ
1591 4520 1934 4591 προφητικοῦ

254 4600 599 4671 χαρίσματος
622 4600 784 4655 αὐτὸν
828 4599 1088 4666 ἀξιώσας,
1147 4602 1242 4655 καὶ
1282 4602 1376 4656 τοῦ
1405 4602 1693 4675 ἀνθρώπου
1741 4603 1799 4657 δὲ
1833 4604 1932 4675 τὴν

260 4683 403 4754 μετά
426 4684 687 4749 τοσαύτας
720 4686 1038 4757 εὐεργεσίας
1063 4686 1334 4758 ρᾳθυμίαν
1363 4687 1585 4754 ἰδόντες,
1614 4686 1813 4759 μηκέτι
1839 4689 1934 4742 ἐπὶ

257 4768 351 4832 τὸν
378 4767 514 4820 Θεὸν
544 4768 641 4839 τὴν
669 4770 846 4822 αἰτίαν
883 4768 1177 4841 μετάγητε,
1207 4770 1344 4823 ἀλλά
1372 4771 1545 4842 τούτῳ
1570 4771 1631 4824 τὸ
1656 4772 1763 4824 πᾶν
1785 4770 1933 4841 λογί-

258 4846 451 4921 ζησθε.
481 4851 652 4915 Αὐτὸς
674 4850 783 4922 γὰρ
810 4850 987 4923 ἐαυτῷ
1020 4852 1237 4905 πάντων
1269 4852 1444 4916 αἴτιος
1478 4853 1669 4921 γέγονε
1693 4851 1802 4906 τῶν
1830 4869 1932 4905 κα-

258 4930 397 4994 κῶν,
420 4931 495 4993 ὡς
523 4933 616 4984 καὶ
644 4932 782 5003 μετά
805 4934 977 4987 ταῦτα
1001 4933 1329 5004 μαθήσεσθε,
1353 4936 1447 4987 καὶ
1476 4935 1577 5004 τῆς
1603 4933 1931 4998 ἐκπτώσεως

258 5013 370 5066 τῶν
400 5013 668 5068 τοσούτων
715 5015 937 5086 ἀγαθῶν
981 5019 1076 5070 καὶ
1114 5016 1213 5087 τῆς
1248 5018 1570 5089 καταδίκης,
1605 5019 1670 5087 ἦν
1720 5019 1807 5072 διὰ
1836 5018 1935 5087 τὴν

259 5097 549 5168 παρακοὴν
578 5094 889 5168 ὑπέμεινεν.
929 5098 1095 5152 Ὅταν
1123 5101 1231 5170 γὰρ
1260 5102 1498 5170 ἐννοὴσω
1531 5101 1628 5171 τῆς
1653 5100 1935 5172 διαγωγῆς

258 5177 429 5232 αὐτοῦ
458 5179 557 5252 τὴν
588 5180 946 5245 κατάστασιν,
976 5182 1043 5253 ἣν
1071 5181 1100 5234 6
1134 5184 1407 5254 Δεσπότης
1440 5181 1587 5254 αὐτῷ
1618 5184 1931 5255 ἐχαρίσατο.

257 5260 408 5316 οὕτω
434 5259 672 5332 δαψιλεῖς
698 5265 778 5329 εἰς
805 5265 967 5320 αὐτὸν
1004 5266 1323 5336 εὐεργεσίας
1359 5267 1767 5336 ἐπιδειξάμενος
1789 5282 1804 5297 ⁸
1840 5269 1935 5325 καὶ

262 5345 482 5416 πρῶτον
517 5346 636 5417 μὲν,
667 5347 769 5413 ὅτι,
798 5350 892 5402 καὶ
923 5350 1031 5421 πρὸ
1056 5348 1156 5419 τῆς
1184 5349 1348 5403 αὐτοῦ
1399 5349 1760 5415 διαπλάσεως,
1812 5350 1938 5403 τοῦ-

258 5444 352 5481 τον
373 5428 401 5467 ά
428 5429 549 5483 ὁλον
566 5431 666 5503 τῆς
691 5430 922 5499 κτίσεως
941 5432 1143 5504 κόσμον
1162 5433 1227 5486 δι’
1251 5432 1410 5487 αὐτὸν
1438 5436 1753 5506 παρήγαγε,
1778 5432 1934 5505 [121]

262 5512 358 5563 καὶ
384 5512 509 5566 τότε
528 5508 693 5569 αὐτὸν
721 5514 1171 5589 ἐδημιούργησεν,
1209 5516 1296 5569 ἵνα
1325 5517 1615 5587 γενόμενος
1648 5513 1932 5589 ἀπολαύσῃ

323 5626 529 5706 ξηξξινὶι.
551 5625 823 5706 et‘qy'iiaig
849 5642 968 5706 mis.
1003 5629 1591 5706 ἐπεισελθούσης..ἣ1ρτει.
1620 5617 1936 5706 μίξει-ἱρᾶται·

257 5687 535 5761 σιλθούσῃς.
600 5687 829 5745 l{Morzi}
853 5692 1146 5754 φθέγγεσθαι,
1166 5692 1249 5741 alii
1272 5687 1564 5769 φθέγξασθαι.
1630 5692 1655 5722 ο
1680 5690 1763 5766 Sic
1780 5690 1931 5741 Savil.

259 5750 475 5830 5:99!!!
508 5750 721 5830 '35:“,
737 5744 912 5830 ἒίοτεὲ
935 5752 1017 5801 και
1039 5752 1470 5830 μυρίαξείεηαξτρνί
1495 5768 1765 5830 ετθξργξςξξε
1779 5769 1933 5830 ίπρεης

257 5810 478 5872 σάμενος.
513 5810 654 5863 Unus
677 5813 760 5861 καί
800 5813 964 5877 μυρίας
1001 5810 1387 5877 αὑτῷηεξνὶιὶυε
1412 5828 1473 5864 ex
1515 5810 1794 5877 coinjecturg
1812 5814 1934 5877 klegi

258 5884 410 5983 £0898
428 5878 573 5953 Pagi.
592 5871 1050 5949 παρακαταθέμενος.
1072 5871 1126 5924 εἰ
1146 5873 1338 5926 BOiSius
1360 5871 1685 5937 καταθέμενος.
1753 5871 1779 5915 δ
1801 5871 1936 5927 Coii-

301 5948 349 5983 η.
387 5952 534 5983 αὐτου
559 5936 882 5983 δημευογιαε.
916 5951 1100 5983 τουτον.

301 5948 349 5984 n.
387 5936 534 5986 αὐτοῦ
559 5936 882 5994 δηιίουογίας,
916 5936 1100 5984 τοῦτον.

689 6059 939 6126 ΡΑῖιιοι.
1008 6059 1119 6122 Gn.
1174 6052 1331 6119 ΗΠ.

1486 297 1553 353 ΙΝ
1585 297 1738 354 CAP.
1788 297 1833 353 ll
1871 298 2131 358 GENES-
2165 299 2399 359 HOMIL.
2446 302 2560 358 XV.

3631 309 3729 362 ιει

2058 418 2275 471 πάντων
2306 418 2413 471 τῶν
2460 420 2781 492 ὁρωμένων·
2840 417 2959 475 εἶτα
2994 420 3086 474 τὸν
3119 421 3445 493 πῖράδεισον
3474 423 3727 491 γενέσθαι

2054 504 2389 577 προστάξας,
2425 508 2542 560 ἐκεῖ
2572 506 2735 560 αὐτὸν
2773 508 3137 563 ἐνδιαιτᾶσθαι
3168 508 3457 581 ἐϐουλήθη,
3488 511 3730 582 χωρίσας

2054 591 2164 646 τῶν
2189 593 2399 663 ἀλόγων
2427 594 2601 660 ζώων,
2631 595 2725 649 καὶ
2755 597 2972 650 πάντων
2994 597 3142 667 αὐτῷ
3166 596 3263 669 τὴν
3292 596 3539 665 ἐξουσίαν
3562 599 3729 651 δεδω-

2056 679 2186 746 κὼς,
2218 682 2472 753 καθάπερ
2513 683 2781 755 δεσπότην
2831 684 2951 738 τινὰ
2982 684 3189 749 δούλοις
3242 687 3335 740 καὶ
3362 686 3622 758 ὑπηκόοις
3658 687 3729 739 τὰ

2053 768 2292 838 ὀνόματα
2324 768 2496 823 θεῖναι
2526 770 2693 823 πᾶσιν
2733 769 2995 835 ἐπέταξεν
3017 783 3031 802 ⁶
3079 766 3199 825 εἶτα
3241 772 3429 844 ἐπειδὴ
3464 773 3623 843 μόνος
3652 772 3730 826 ὣν

2054 855 2224 910 ἐδεῖτό
2255 874 2400 921 τινος
2422 858 2518 928 τῆς
2553 857 2728 927 αὐτῆς
2756 858 2906 929 αὐτῷ
2949 859 3332 925 κοινωνοῦντος
3377 861 3565 925 οὐσίας
3598 861 3731 932 βοη-

2054 942 2169 1007 θοῦ,
2200 945 2321 998 οὐδὲ
2348 948 2506 998 τοῦτο
2534 946 2857 1017 παρέλιπεν,
2888 946 3021 1001 ἀλλά
3050 946 3149 1019 τὴν
3196 951 3431 1017 γυναῖκα
3474 965 3731 1020 παραγαε

2053 1028 2187 1099 γὼν,
2212 1033 2335 1086 καθ’
2365 1032 2424 1087 ὃν
2449 1033 2610 1097 αὐτὸς
2645 1032 2912 1105 ἐϐουλήθη
2951 1035 3185 1106 τρόπον,
3217 1035 3543 1107 ἐνεχείρισεν
3580 1036 3729 1104 αὐτῷ

2051 1116 2276 1190 ταύτην,
2308 1121 2402 1175 καὶ
2431 1121 2568 1191 μετά
2593 1121 2800 1176 τούτων
2821 1125 3074 1179 ἁπάντων
3099 1125 3195 1178 καὶ
3222 1125 3562 1194 προφητείας
3583 1123 3732 1194 αὐτῷ

2052 1205 2271 1278 ἀξίωμα
2322 1209 2718 1281 χαρισάμενος·
2757 1212 2853 1266 καὶ
2908 1212 3048 1282 μετά
3094 1214 3194 1275 τὰς
3235 1213 3480 1282 ἀφάτους
3525 1213 3732 1277 ταύτας

2051 1295 2372 1367 εὐεργεσίας
2398 1299 2494 1350 καὶ
2532 1298 2594 1351 τὸ
2621 1299 2913 1370 κεφάλαιον
2942 1300 3195 1354 ἁπάντων
3229 1300 3559 1372 ἐδωρήσατο,
3593 1301 3731 1353 πάν-

2050 1400 2159 1437 των
2186 1383 2351 1437 αὐτὸν
2401 1384 2770 1455 ἐλευθερώσας
2822 1386 2932 1439 τῶν
2982 1386 3077 1440 τοῦ
3120 1384 3371 1457 σώματος
3404 1387 3724 1455 φροντίδων,

2050 1472 2145 1525 καὶ
2176 1471 2315 1543 μήτε
2346 1470 2574 1542 ἱματίων
2607 1473 2920 1544 περιϐολῆς,
2958 1476 3093 1545 μήτε
3132 1474 3323 1545 ἑτέρας
3360 1474 3508 1539 τινὸς
3539 1475 3727 1546 χρείας

2048 1562 2256 1616 δεῖσθαι
2286 1564 2669 1634 συγχωρήσας,
2722 1563 2876 1626 ἀλλὰ,
2908 1563 3161 1634 καθάπερ
3202 1563 3372 1635 ἔφθην
3422 1565 3612 1631 είπὼν,
3647 1566 3726 1629 ώς

2049 1648 2279 1718 ἄγγελον
2310 1649 2572 1718 ἐπίγειον,
2600 1647 2773 1712 οὑτως
2801 1649 2962 1703 αὑτὸν
2992 1651 3085 1703 ἐπὶ
3120 1650 3220 1720 τῆς
3241 1650 3341 1721 γῆς
3369 1650 3573 1719 διάγειν
3601 1651 3726 1722 βου-

2048 1735 2265 1808 ληθείςο
2311 1737 2438 1790 ὅταν
2488 1735 2667 1789 τοίνυν
2697 1737 2885 1790 πάντα
2906 1736 3077 1791 ταῦτα
3126 1738 3451 1810 λογίσωμαι,
3487 1741 3582 1794 καὶ
3628 1741 3724 1793 τοῦ

2049 1824 2320 1878 Δεσπότου
2370 1823 2745 1895 ἐκπλήττομαι
2778 1824 2876 1897 τὴν
2909 1826 3040 1897 περὶ
3087 1825 3149 1879 τὸ
3178 1824 3333 1894 γένος
3364 1827 3426 1880 τὸ
3455 1827 3728 1900 ἡμέτερον

2050 1908 2496 1980 φιλανθρωπίαν,
2549 1910 2644 1962 καὶ
2675 1906 2769 1962 τοῦ
2817 1907 3112 1981 ἀνθρώπου
3168 1909 3267 1981 τὴν
3300 1912 3596 1983 ρᾳθυμίαν,
3631 1916 3725 1967 καὶ

2046 1991 2141 2046 τοῦ
2171 1991 2419 2045 διαϐόλου
2439 1991 2536 2063 τὴν
2573 1990 2871 2061 βασκανίαν
2892 2004 2905 2022 ⁶
2935 1991 2997 2045 οὐ
3031 1991 3140 2061 γάρ
3172 1994 3402 2065 ἤνεγκεν
3436 1997 3464 2049 6
3488 1996 3727 2067 πονηρὸς

2046 2074 2254 2145 δαίμων
2275 2072 2417 2145 ὁρῶν
2446 2075 2506 2127 ἐν
2531 2072 2742 2144 σώματι
2762 2072 3092 2144 ἀνθρωπίνῳ
3108 2075 3404 2147 ἀγγελικὴν
3419 2077 3720 2151 διαγωγήν.

2118 2166 2179 2215 ε’.
2214 2157 2354 2212 Ἀλλ’
2380 2157 2468 2211 ἵνα
2497 2156 2571 2227 μὴ
2599 2158 2678 2220 εἰς
2700 2155 2835 2211 πολύ
2864 2156 3039 2227 μῆκος
3064 2157 3157 2212 τὸν
3186 2158 3342 2227 λόγον
3368 2160 3721 2233 ἑκτείνωμεν.

2047 2245 2095 2298 εί
2133 2242 2299 2306 δοκεῖ,
2330 2240 2401 2294 τὰ
2442 2239 2585 2293 κατά
2617 2240 2716 2310 τὴν
2748 2238 2843 2293 τοῦ
2874 2239 3112 2311 πονηροῦ
3144 2242 3397 2313 δαίμονος
3429 2245 3723 2317 ἐπιϐουλὴν

2046 2328 2129 2392 εἰς
2149 2326 2246 2396 τὴν
2274 2325 2400 2395 ἑξῆς
2427 2322 2871 2395 ταμιευσάμενοι,
2901 2323 3134 2379 ἐνταῦθα
3161 2327 3601 2400 καταπαύσωμεν
3630 2328 3723 2383 τὸν

2046 2410 2204 2479 λόγον
2226 2447 2240 2472 ,
2275 2408 2453 2462 ἐκεῖνο
2494 2405 2978 2477 παρακαλέσαντες
3014 2407 3171 2477 ὑμῶν
3206 2409 3306 2480 τὴν
3343 2409 3594 2481 ἀγάπην,
3629 2428 3725 2482 με..

2050 2490 2289 2561 μνῆσθαι
2316 2489 2425 2544 τῶν
2462 2488 2781 2561 εἰρημένων,
2801 2489 2940 2560 μετά
2971 2489 3277 2563 ἀκριϐείας,
3313 2495 3409 2548 καὶ
3440 2494 3563 2549 καθ’
3596 2496 3725 2550 ἐαυ-

2046 2575 2171 2639 τοὺς
2201 2573 2418 2629 ἅπαντα
2446 2573 2882 2644 ἀναλογίζεσθαι,
2930 2574 3018 2629 ἴνα
3043 2575 3200 2648 ἔχητε
3229 2578 3371 2633 αὐτά
3397 2578 3724 2652 ἐνιδρυμένα

2044 2660 2166 2723 ταῖς
2191 2655 2453 2720 διανοίαις
2475 2658 2598 2721 ταῖς
2644 2655 2957 2728 ὑμετέραις.
3005 2656 3130 2712 Ἐὰν
3181 2658 3290 2731 γὰρ
3324 2660 3566 2732 συνεχῶς
3595 2663 3724 2716 ἀνα-

2049 2739 2490 2812 μιμνησκώμεθα
2544 2738 2654 2792 τῶν
2704 2739 3032 2810 εὐεργεσιῶν
3064 2739 3157 2793 τοῦ
3191 2741 3348 2808 Θεοῦ,
3387 2737 3462 2797 ὧν
3491 2745 3572 2808 είς
3622 2745 3721 2817 τὴν

2044 2824 2322 2896 ἡμετέραν
2354 2823 2514 2893 φύσιν
2532 2822 2807 2888 κατέθετο,
2831 2820 2985 2877 αὐτοί
3017 2841 3077 2876 τε
3094 2823 3435 2896 εὐγνώμονες
3459 2827 3719 2899 ἐσόμεθα,

2045 2906 2141 2961 καὶ
2181 2906 2317 2978 πρὸς
2338 2905 2437 2979 τὴν
2465 2905 2565 2976 τῆς
2606 2904 2809 2977 ἀρετῆς
2842 2904 2960 2958 ὁδὸν
2994 2906 3278 2979 προτροπὴ
3316 2908 3449 2979 ἡμῖν
3486 2909 3718 2981 μεγίστη

2044 2989 2204 3045 τοῦτο
2226 2991 2535 3061 γενήσεται.
2597 2989 2654 3042 '0
2686 2987 2794 3061 γάρ
2843 2987 2953 3041 τῶν
3005 2989 3336 3060 εὐεργεσιῶν
3372 2991 3721 3065 μεμνημένος

2043 3073 2137 3129 τοῦ
2170 3073 2327 3138 Θεοῦ,
2362 3072 2601 3145 δηλονότι
2652 3071 2942 3126 σπουδάσει
3001 3071 3075 3143 μὴ
3103 3072 3320 3139 ἀνάξιον
3359 3075 3550 3130 ἑαυτὸν
3581 3078 3718 3131 ἁπο-

2046 3158 2234 3229 φῆναι,
2291 3154 2429 3211 ἀλλά
2461 3154 2728 3226 τοσαύτην
2759 3153 3130 3219 ἐπιδείξασθαι
3159 3155 3256 3228 τὴν
3296 3157 3534 3231 σπουδὴν
3556 3156 3585 3224 ,’
3622 3163 3721 3215 καὶ

2043 3241 2142 3313 τὴν
2194 3239 2614 3311 εὐγνωμοσύνην
2644 3279 2660 3303 ,
2698 3239 2775 3302 ὡς
2821 3238 2918 3293 καὶ
2947 3239 3148 3311 ἑτέρων
3205 3238 3368 3294 πάλιν
3399 3239 3714 3313 ἀξιωθῆναι.

2043 3324 2329 3394 Φιλότιμος
2353 3321 2462 3393 γὰρ
2490 3324 2519 3376 ὁ
2551 3321 2829 3392 Δεσπότης
2860 3323 2888 3375 6
2914 3322 3207 3393 ἡμέτερος,
3231 3323 3327 3375 καὶ
3372 3323 3593 3378 ἐπειδάν
3632 3325 3718 3398 ῐδῃ

2044 3406 2175 3478 περί
2202 3407 2270 3460 τὰ
2319 3405 2420 3476 ἤδη
2448 3407 2584 3476 ἡμῖν
2616 3403 2934 3474 ὑπάρξαντα
2966 3407 3096 3474 παρ’
3144 3403 3311 3457 αὐτοῦ
3365 3404 3719 3476 εὐγνώμονας

2042 3490 2390 3562 γενομένους,
2424 3487 2622 3559 πολλὴν
2655 3486 3092 3556 ἐπιδαψιλεύεται
3119 3487 3217 3559 τὴν
3245 3488 3426 3560 χάριν,
3463 3489 3557 3544 καὶ
3594 3508 3718 3562 μει-

2044 3573 2213 3639 ζόνων
2236 3573 2385 3644 ἡμᾶς
2419 3570 2580 3625 πάλιν
2621 3569 2764 3636 ἀξιοῖ
2781 3569 2891 3623 τῶν
2929 3569 3147 3642 δωρεῶν
3168 3586 3182 3602 ·
3229 3569 3388 3641 μόνον
3415 3570 3511 3626 ἐὰν
3554 3574 3719 3643 ἡμεῖς

2041 3658 2141 3729 τῆς
2162 3654 2371 3710 ἑαυτῶν
2399 3655 2670 3726 σωτηρίας
2696 3652 3074 3725 φροντίζοντες
3102 3652 3176 3725 μὴ
3205 3653 3391 3718 ἁπλῶς
3409 3655 3504 3708 τὸν
3527 3655 3718 3727 χρόνον

2043 3739 2500 3812 παρατρέχωμεν,
2541 3737 2676 3809 μηδὲ
2712 3736 2873 3791 τοῦτο
2903 3734 3216 3808 σκοπῶμεν,
3256 3738 3305 3792 εἰ
3332 3737 3393 3791 τὸ
3420 3738 3591 3810 ἥμισυ
3615 3739 3718 3811 τῆς

2042 3823 2204 3892 ἁγίας
2244 3819 2702 3892 Τεσσαρακοστῆς
2751 3818 3122 3892 παρέδραμεν,
3170 3818 3284 3873 ἀλλ’
3321 3819 3377 3872 εί
3413 3837 3535 3875 τινα
3584 3823 3717 3893 ἡμῖν

2043 3904 2402 3976 κατώρθωται
2457 3905 2514 3958 ἐν
2557 3902 2734 3973 τούτῳ
2776 3901 2854 3972 τῷ
2886 3903 3098 3973 χρόνῳ,
3161 3902 3258 3956 καὶ
3298 3902 3354 3955 ετ
3388 3920 3442 3957 τι
3479 3904 3589 3959 τῶν
3632 3908 3717 3961 ἐν·

2041 3989 2341 4061 οχλούντων
2373 3990 2506 4059 ἡμῖν
2532 3986 2722 4041 παθῶν
2753 3985 3162 4057 διωρθώσαμεν.
3191 3987 3256 4041 Εἰ
3288 3987 3397 4058 γὰρ
3426 3988 3715 4061 μέλλοιμεν

2042 4072 2165 4128 καθ’
2223 4070 2462 4140 ἑκάστην
2509 4069 2725 4140 ἡμέραν
2778 4068 2878 4137 τῆς
2930 4069 3307 4139 πνευματικῆς
3366 4068 3714 4136 διδασκαλίας

2041 4152 2403 4216 ἀπολαύοντες
2428 4153 2477 4205 οἰ
2512 4152 2667 4204 αὐτοὶ
2688 4150 2987 4220 διαμένειν,
3009 4150 3104 4203 καὶ
3140 4150 3216 4221 μὴ
3247 4151 3544 4205 ἐπιδιδόναι
3577 4155 3715 4223 πρὸς

2040 4239 2262 4311 ἀρετὴν,
2287 4236 2421 4309 μηδέ
2448 4235 2517 4290 τά
2541 4235 2640 4305 τῆς
2666 4233 2866 4296 κακίας
2907 4232 3023 4304 εἴδη
3069 4231 3334 4303 ἐξορίζειν
3375 4234 3475 4305 τῆς
3502 4235 3714 4289 ἑαυτῶν

2039 4319 2236 4393 ψυχῆς,
2251 4321 2313 4375 οὐ
2335 4323 2494 4390 μόνον
2513 4320 2646 4390 ἡμῖν
2672 4316 2822 4370 οὐδὲν
2839 4316 3028 4385 ὄφελος
3051 4316 3225 4382 ἔσται,
3244 4316 3382 4372 ἀλλά
3402 4320 3498 4372 καί⁹
3514 4318 3715 4373 πλείων

2038 4405 2072 4475 ἡ
2103 4402 2296 4476 βλάϐη.
2326 4402 2495 4455 Ὅταν
2526 4401 2633 4474 γάρ
2659 4416 2742 4462 τις
2776 4398 2870 4453 καὶ
2904 4396 3224 4470 ἐπιμελείας
3260 4396 3534 4472 τοσαύτης
3578 4403 3714 4455 ἀπο-

2038 4491 2217 4546 λαύων
2243 4487 2407 4560 μηδὲν
2435 4485 2713 4557 κερδαίνῃ,
2752 4481 2934 4554 μεῖζον
2962 4481 3142 4554 ἑαυτῷ
3171 4484 3497 4554 ἐπισωρεύει
3528 4483 3589 4538 τὸ
3614 4486 3713 4556 τῆς

2038 4575 2264 4646 γεέννης
2318 4571 2450 4644 πῦρ.
2488 4571 2600 4634 Διὸ,
2662 4565 2984 4640 παρακαλῶ,
3017 4565 3122 4620 κᾶν
3168 4565 3248 4636 τῷ
3301 4566 3713 4640 ὑπολειπομένῳ

2039 4656 2216 4729 χρόνῳ
2243 4654 2341 4725 τῆς
2370 4652 2624 4726 νηστείας
2645 4652 2725 4714 είς
2750 4650 2868 4703 δέον
2892 4647 3043 4722 [122]
3076 4647 3433 4720 χρησώμεθα,
3470 4652 3562 4702 καὶ
3588 4651 3710 4705 καθ’

2038 4738 2274 4810 ἑκάστην
2301 4735 2588 4807 ἑϐδομάδα,
2620 4734 2821 4805 μᾶλλον
2843 4732 2899 4786 δὲ
2933 4732 3056 4786 καθ’
3086 4733 3324 4802 ἑκάστην
3353 4732 3565 4803 ἡμέραν
3586 4735 3713 4785 ἐαυ-

2037 4824 2164 4887 τούς
2195 4818 2641 4892 περισκοπῶμεν,
2675 4817 2770 4869 καὶ
2801 4814 2870 4868 τά
2904 4815 3003 4884 μὲν
3032 4812 3389 4883 ἐλαττώματα
3429 4814 3586 4883 ἡμῶν
3624 4814 3714 4878 ἐξ-

2038 4909 2310 4982 ορίζωμεν
2357 4905 2455 4973 τῆς
2490 4898 2699 4982 ἑαυτῶν
2720 4897 2920 4982 ψυχῆς,
2949 4894 3477 4982 κατορθωμάτων-δὲ
3517 4896 3709 4982 κτῆσιν

2040 4978 2571 5064 προσλαμϐάνωμεν,
2608 4981 2860 5064 καθάπερ
2890 4982 2919 5032 6
2947 4980 3234 5064 προφήτης
3253 4978 3588 5064 παρῄνεσεν,
3615 4981 3711 5064 καὶ

2039 5059 2372 5142 ἐκκλίνωμεν
2414 5066 2521 5121 ἀπὸ
2560 5064 2668 5118 τῶν
2701 5062 2918 5124 κακῶν,
2952 5063 3045 5115 καὶ
3078 5059 3429 5142 μετέλθωμεν
3472 5060 3565 5112 ἐπὶ
3611 5061 3710 5131 τὴν

2038 5158 2241 5230 ἀρετήν
2263 5141 2433 5221 ἕαὺτη
2457 5149 2565 5220 γὰρ
2592 5150 2625 5218 ἡ
2648 5146 2853 5230 ἀληθὴς
2870 5143 3125 5230 νηστεία.
3248 5141 3588 5230 θυμώδηςπὸ
3610 5142 3711 5230 μὲν

2040 5224 2210 5302 πάθος
2243 5238 2304 5291 τὸ
2339 5232 2590 5305 ἐνοχλοῦν
2614 5229 2833 5283 εὐσεϐεῖ
2869 5225 3115 5297 λογισμῷ
3158 5224 3448 5294 ἐξοριζέτω
3472 5224 3571 5295 τῆς
3601 5224 3709 5294 ψυ-

2037 5325 2167 5395 ψῆς,
2199 5319 2482 5393 πραότητα
2508 5315 2564 5367 δὲ
2590 5313 2684 5368 καὶ
2713 5312 3023 5395 ἐπιείκειαν.
3042 5307 3394 5395 ἀσπαζέσθω.
3446 5308 3507 5395 ’ρ
3542 5309 3710 5395 ῥάθυ-

2043 5388 2140 5476 μος
2171 5388 2266 5457 καὶ
2296 5399 2614 5463 ἀκόλαστος,
2666 5396 2761 5448 καὶ
2810 5392 2970 5476 μετάΑ
3001 5388 3186 5476 ἀδείας
3232 5390 3397 5476 πρὸς-
3415 5390 3484 5476 τά
3536 5389 3710 5476 κ-ἀλλη

1970 5471 2147 5563 οττῶν
2177 5484 2448 5555 σωμάτων
2476 5478 2859 5563 ἐπτοημένος,Δ
2887 5472 3189 5563 χαλινώσας
3232 5472 3403 5563 αὐτοῦ
3428 5471 3520 5525 τὸν
3564 5471 3713 5563 λογιῖ

2043 5553 2197 5639 σμὸν,
2226 5553 2320 5619 καὶ
2357 5564 2448 5619 τὸν
2488 5561 2650 5632 νόμον
2690 5559 2784 5612 τοῦ
2815 5555 3053 5629 Χριστοῦ
3105 5557 3184 5618 είς
3214 5555 3274 5607 τὸ
3302 5554 3511 5639 πλάτος
3541 5553 3717 5639 αὐτοῦ

2040 5634 2138 5723 τῆς
2187 5647 2424 5710 διανοίας
2474 5643 2791 5714 ἐγγράψας,
2838 5641 2928 5695 τὸν
2981 5639 3239 5723 λέγοντα,
3266 5722 3273 5723 7
3305 5637 3379 5723 '0_
3405 5634 3713 5723 ἐμϐλέψας

2045 5720 2283 5806 γυναικὶ
2311 5730 2462 5801 πρὸς
2482 5729 2550 5782 τὸ
2579 5724 2944 5795 ἐπιθυμῆσαι
2975 5720 3183 5791 αὐτῆς,
3206 5722 3325 5791 ἤδη
3354 5721 3713 5806 ἐμοίχευσεν

2040 5801 2235 5887 αὐτὴν
2257 5817 2326 5870 ἐν
2359 5812 2433 5883 τῇ
2459 5811 2671 5881 καρδίᾳ
2693 5808 2901 5874 αὐτοῦ,
2934 5808 2995 5862 τὸ
3025 5808 3123 5878 μὲν
3160 5807 3257 5876 τῆς
3284 5802 3576 5887 ἀκολασίας
3600 5801 3704 5855 πά-

2044 5905 2136 5969 θος
2169 5884 2532 5972 φυγαδευέτω.
2567 5896 2662 5966 τὴν
2684 5894 2738 5948 δέ
2769 5898 3120 5965 σωφροσύνην
3148 5884 3511 5956 κατορθούτω.

3244 6033 3278 6092 8
3376 6030 3387 6039 ,
