4110 6424
417 276 521 340 liis

487 397 676 451 Contra
711 403 914 465 peccata
951 393 1155 464 lingua.
1189 421 1258 432 —
1286 389 1386 458 Qui
1428 390 1717 460 pnecipitis
1746 400 1800 444 et
1830 398 1970 444 teme

415 487 572 544 raris:
610 487 805 558 lingua:
831 497 914 542 est
935 527 949 550 ,
983 494 1037 539 et
1060 498 1407 554 quaecumque
1435 483 1771 538 obvenicntia
1801 481 1970 538 etl'utit
1990 525 2002 544 ,

416 579 654 633 imitetur
679 578 891 632 beatum
923 575 1258 646 prophetam,
1282 583 1338 630 et
1361 575 1501 630 dicat
1528 592 1542 629 :
1573 575 1738 641 Pone,
1767 574 2003 641 Domine,

414 669 698 723 custodiam
746 668 822 721 ori
869 683 1008 732 meo,
1046 677 1094 720 et
1133 668 1316 721 ostium
1361 667 1650 721 munitionis
1695 666 1840 721 labiis
1881 667 2006 720 meis

417 759 590 827 (Psal.
626 760 747 814 HO.
778 761 834 828 5)
864 773 882 818 :
911 770 963 814 et
1001 774 1292 828 numquam
1319 769 1519 814 temere
1547 769 1602 814 et
1639 759 1841 830 absque
1866 760 2006 814 utili-

415 860 526 907 tate
567 851 805 922 proferat
853 855 1010 908 verba
1038 895 1054 920 ,
1097 855 1191 909 sed
1231 855 1412 909 audiat
1448 854 1666 909 Paulum
1694 855 1956 910 dicentem
1987 871 2002 909 :

419 943 598 996 Ouinis
625 945 944 1012 uociferatio,
978 954 1024 998 et
1051 949 1213 1014 furor,
1239 954 1284 998 et
1311 945 1619 1016 blasphemia
1639 987 1654 1010 ,
1683 957 1730 1000 et
1758 946 2004 1000 obscaeni-

417 1044 495 1088 tas
517 1076 532 1098 ,
564 1044 609 1088 et
643 1036 919 1090 scurrilitas
955 1037 1162 1090 tollatur
1199 1053 1231 1090 a
1268 1038 1439 1104 vobis,
1477 1055 1590 1091 cum
1635 1039 1772 1091 omni
1811 1037 2005 1090 malitia

415 1131 429 1189 (
460 1125 649 1194 Eplies.
677 1127 732 1180 4.
764 1125 901 1196 51);
934 1136 988 1181 et
1018 1126 1207 1181 iterum
1243 1145 1254 1181 :
1286 1128 1346 1182 Si
1378 1129 1489 1196 quis
1523 1145 1687 1182 sermo
1719 1129 1907 1194 bonus,
1939 1129 2005 1181 ad

413 1217 803 1285 aediﬁcationem
829 1219 998 1284 utilis,
1029 1229 1084 1272 ut
1110 1219 1192 1272 det
1224 1221 1443 1289 gratiam
1472 1221 1790 1274 audientibus
1825 1219 2001 1290 (Ibid.

413 1323 459 1360 ν.
488 1308 602 1377 29).
632 1308 939 1364 Juramcula
967 1324 1176 1379 quoque
1206 1311 1376 1364 modis
1405 1311 1652 1366 onmibus
1679 1310 1876 1381 fugiat,
1908 1325 2003 1363 au-

411 1401 566 1454 diens
590 1402 907 1455 sententiam
935 1401 1152 1469 Christi,
1181 1417 1299 1471 qua:
1324 1402 1453 1456 dicit
1480 1419 1498 1455 .'
1525 1403 1730 1456 Dictum
1763 1415 1835 1458 est
1863 1406 2001 1458 anti-

411 1491 526 1558 quis
553 1505 574 1544 :
601 1508 699 1544 non
727 1492 971 1561 pejerabis
999 1506 1016 1546 :
1046 1509 1136 1563 ego
1165 1502 1332 1547 autent
1359 1493 1472 1548 dico
1507 1495 1662 1561 vobis,
1696 1512 1797 1549 non
1816 1497 2005 1564 juran-

409 1581 533 1633 dum
555 1583 757 1635 omnino
783 1582 995 1654 (Matth.
1023 1584 1075 1638 5.
1101 1585 1188 1639 55.
1209 1584 1326 1653 51).
1349 1584 1425 1639 Ne
1451 1585 1609 1653 igitur
1628 1586 1768 1641 dicat
1789 1587 1999 1657 aliquis,

408 1664 473 1725 In
513 1687 570 1726 re
606 1671 746 1741 justa
786 1675 909 1742 juro
943 1690 955 1724 :
989 1689 1159 1743 neque
1194 1676 1336 1729 enim
1373 1676 1424 1729 in
1462 1691 1522 1730 re
1557 1678 1698 1745 justa
1739 1694 1910 1748 neque
1951 1683 2000 1733 in

407 1761 604 1830 injusta
633 1763 816 1832 jurare
838 1764 980 1818 licet.
1010 1765 1206 1820 Parum
1240 1767 1398 1836 igitur
1417 1783 1446 1820 a
1469 1767 1785 1837 juramcntis
1811 1785 1871 1824 os
1899 1785 2004 1825 scr-

409 1870 597 1909 vemus
629 1864 725 1909 :et
761 1856 845 1911 his
871 1857 1121 1914 omnibus
1152 1860 1452 1916 muniamus
1478 1873 1714 1916 nostram
1746 1863 1999 1933 linguam,

407 1947 569 2012 labia,
599 1956 652 2002 et
679 1957 934 2014 mentem,
964 1965 1033 2002 ne
1062 1949 1144 2004 vel
1174 1950 1300 2020 quid
1331 1951 1588 2007 malarum
1619 1955 1998 2024 cogitationum

410 2040 732 2096 intrinsecus
771 2055 1050 2108 nascatur,
1085 2045 1164 2098 vel
1191 2059 1291 2113 per
1315 2043 1548 2114 linguam
1581 2045 1721 2101 foras
1762 2047 2001 2116 profera-

407 2141 514 2186 tur.
545 2135 713 2187 Aures
737 2148 953 2203 quoque
977 2135 1261 2204 diligenter
1290 2137 1579 2206 sepiamus,
1605 2153 1672 2194 ne
1693 2154 1879 2193 vanam
1907 2155 2004 2193 au-

406 2221 665 2278 ditionem
695 2224 987 2293 suscipiant
1013 2242 1028 2280 :
1052 2226 1188 2280 sicut
1213 2235 1268 2281 et
1297 2227 1480 2282 beatus
1504 2228 1679 2284 Moses
1707 2231 1998 2300 praecepit,

407 2313 595 2368 dicens
630 2333 643 2369 :
673 2315 998 2370 Auditionem
1036 2332 1218 2372 vanam
1252 2335 1354 2373 non
1396 2321 1636 2391 suseipies
1665 2321 1812 2392 (Exi
1827 2322 1877 2379 d.
1906 2321 1997 2378 25.

409 2405 507 2474 l);
557 2415 610 2459 et
651 2405 842 2462 iterum
891 2408 1077 2464 beatus
1124 2410 1286 2466 David
1329 2411 1539 2466 diecbat
1585 2430 1599 2465 :
1643 2412 2001 2469 Detrahentem

405 2506 594 2550 secreto
619 2499 850 2568 proximo
887 2516 977 2554 suo
1001 2542 1015 2566 ,
1040 2501 1176 2555 hunc
1205 2505 1532 2572 persequebar
1562 2504 1733 2578 (Psal.
1764 2507 1884 2562 100.
1918 2508 1996 2579 5).

412 2587 623 2654 Vidisti,
651 2588 862 2656 dilecte,
893 2600 1089 2661 quanta
1116 2594 1270 2648 nobis
1307 2595 1670 2663 contentione,
1702 2608 1896 2668 quanta
1923 2599 2000 2654 vi-

409 2681 627 2752 gilantia
653 2683 719 2738 ad
747 2685 995 2740 virtutem
1036 2687 1327 2756 parandam
1354 2703 1490 2759 opus
1521 2689 1627 2744 sit?
1651 2692 1918 2760 quomodo
1947 2701 2001 2748 et

413 2792 574 2844 parva
619 2778 878 2848 particula
927 2778 1202 2849 neglecta,
1252 2781 1411 2836 tutius
1450 2783 1751 2851 periculum
1799 2784 2001 2840 infert?

408 2866 666 2934 Quocirca
695 2878 748 2923 ct
775 2869 899 2924 alibi
928 2869 1123 2925 clamat
1150 2871 1339 2926 beatus
1375 2873 1536 2928 David
1557 2915 1572 2940 ,
1604 2889 1860 2931 accusans
1899 2876 2000 2931 hoc

409 2958 690 3012 facientem
719 2975 733 3012 :
763 2959 957 3014 Sedens
985 2962 1222 3016 adversus
1251 2967 1464 3033 fratrem
1496 2974 1637 3018 tuum
1677 2966 1959 3036 loquebaris
1980 3008 1998 3036 ,

407 3057 455 3098 et
491 3058 666 3102 contra
703 3050 868 3117 ﬁlium
907 3054 1084 3106 matris
1112 3062 1211 3107 tua:
1245 3055 1462 3123 ponebas
1485 3057 1786 3112 scandalum
1812 3058 1996 3132 (Psal.

410 3138 498 3192 b9.
530 3139 641 3208 20).
679 3140 735 3194 Si
769 3142 847 3195 sic
885 3151 1065 3197 nostra
1095 3145 1274 3199 omnia
1301 3147 1541 3204 membra
1568 3149 1958 3208 muniverimus
1979 3193 1997 3220 ,

409 3231 698 3298 poterimus
732 3231 798 3286 ad
839 3234 1046 3288 virtutis
1079 3250 1240 3306 Opera
1280 3239 1542 3303 excitari,
1582 3248 1632 3294 et
1674 3239 1907 3311 linguam
1947 3243 1997 3296 in

409 3321 654 3378 laudibus
681 3333 735 3378 et
759 3325 1146 3394 gloriticatioue
1187 3327 1279 3383 Dei
1309 3343 1572 3399 occupare
1595 3371 1609 3396 ,
1635 3345 1792 3386 aures
1819 3340 1999 3388 autem

409 3412 464 3466 in
489 3413 670 3468 auditu
693 3424 748 3469 et
775 3414 1054 3484 disciplina
1074 3416 1374 3474 divinorum
1397 3419 1752 3491 eloquiorum,
1773 3430 1828 3478 et
1850 3437 2001 3478 men-

409 3513 518 3558 tem
561 3504 612 3558 in
641 3504 1004 3574 spiritualibus
1033 3507 1368 3579 dogmatibus
1399 3511 1856 3581 contemplandis,
1886 3529 2003 3570 ma-

411 3613 511 3649 nus
538 3613 662 3652 vero
689 3615 794 3654 non
824 3600 877 3654 in
907 3601 1092 3671 rapina
1121 3610 1175 3657 et
1198 3603 1440 3671 avaritia,
1465 3604 1560 3660 sed
1587 3605 1638 3660 in
1661 3605 2000 3680 eleemosyna

406 3698 465 3742 et
505 3689 653 3743 bonis
679 3691 932 3760 operibus
963 3692 1253 3763 faciendis,
1281 3702 1334 3749 et
1371 3695 1534 3766 pedes
1564 3711 1669 3752 non
1701 3697 1754 3752 in
1779 3698 2002 3757 theatris

409 3791 464 3834 et
495 3783 810 3849 spectaculis
835 3784 1128 3854 damnosis,
1160 3787 1600 3859 equestribusque
1639 3789 1796 3858 ludis,
1827 3791 1920 3846 sed
1947 3793 2002 3847 in

409 3874 671 3942 ccclesiis,
697 3885 749 3930 et
770 3877 1013 3932 domibus
1039 3879 1426 3949 prccationum,
1456 3890 1511 3937 et
1535 3891 1841 3938 sanctorum
1869 3900 2004 3938 mar-

412 3974 588 4034 tyrum
621 3967 805 4024 loculis
832 3969 908 4039 (τι)
936 3986 950 4032 ;
981 3981 1038 4025 ut
1071 3973 1138 4027 ab
1166 3972 1270 4027 illis
1295 3973 1720 4030 benedictionem
1744 3977 1908 4046 percil
1928 3975 2003 4030 ia-

412 4071 549 4117 mus.
579 4067 630 4112 ct
652 4074 750 4114 nos
775 4075 805 4114 a
835 4060 1113 4116 diabolicis
1141 4063 1345 4140 laqueis
1371 4064 1568 4120 irretiri
1602 4079 1707 4120 non
1742 4067 1999 4121 sinamus.

411 4144 467 4201 Si
500 4147 575 4201 sic
609 4149 818 4204 solliciti
848 4160 1084 4206 nostram
1124 4153 1349 4208 salutem
1379 4156 1778 4222 curaverimus,
1808 4159 2002 4226 poteri-

412 4253 536 4292 mus
560 4249 612 4294 et
637 4256 699 4296 ex
724 4239 930 4312 jejunio
962 4243 1162 4298 lucrum
1196 4246 1388 4311 facere,
1413 4255 1468 4301 et
1495 4247 1753 4302 daamonis
1785 4248 2003 4303 insidias

413 4333 664 4402 cllugerc,
696 4342 753 4390 et
779 4350 1022 4406 magnam
1048 4352 1279 4408 superne
1303 4339 1526 4410 gratiam
1557 4341 1764 4411 assequi
1798 4359 1810 4395 :
1839 4357 2000 4411 quam

414 4435 472 4478 ut
503 4440 600 4478 uos
627 4442 811 4482 omnes
848 4442 1214 4498 assequamur,
1247 4429 1504 4485 concedat
1539 4432 1706 4502 gratia
1747 4441 1802 4487 et
1839 4435 2001 4487 misc-

413 4516 642 4570 ricordia
673 4518 876 4572 Domini
915 4519 1080 4572 nostri
1119 4518 1246 4575 Jesu
1272 4521 1465 4575 Christi
1492 4562 1507 4585 ,
1538 4536 1658 4575 cum
1687 4536 1793 4592 quo
1818 4522 1958 4578 Patri
1985 4565 2000 4588 ,

413 4615 707 4675 sanctoque
731 4607 950 4678 Spiritui
981 4609 1050 4663 sit
1075 4610 1262 4679 gloria,
1293 4611 1571 4680 imperium
1596 4653 1611 4677 ,
1637 4611 1826 4679 honor,
1858 4629 2000 4669 nunc

414 4707 468 4752 et
496 4712 728 4769 semper,
758 4707 812 4754 et
843 4700 894 4754 iu
922 4701 1113 4755 saecula
1144 4701 1488 4760 szcculorum.
1519 4704 1708 4757 Amen.

977 4895 1255 4955 IIOMILIA
1297 4895 1435 4951 XVI.

418 4989 477 5044 In
511 4988 1002 5060 praevaricationem
1031 4989 1260 5058 primum
1287 4986 1645 5043 creatorum‘.
1665 4985 1726 5039 Et
1743 4996 1883 5039 erant
1899 5003 2009 5039 am-

488 5086 555 5136 bo
581 5083 705 5136 nudi
721 5123 735 5142 ,
767 5091 812 5134 et
839 5080 1000 5134 Adam
1018 5120 1033 5146 ,
1059 5089 1106 5134 et
1131 5095 1261 5134 uxor
1283 5080 1426 5148 ejus,
1453 5087 1498 5132 et
1529 5094 1626 5131 non
1659 5076 2010 5131 erubescebant

495 5173 646 5242 (Gen.
675 5173 730 5226 2.
757 5172 871 5243 25).

497 5289 550 5344 1.
580 5287 780 5355 Aliquot
803 5285 865 5339 de
889 5283 1272 5353 Scripturarunt
1293 5282 1593 5338 inexhausta
1614 5281 1758 5352 capia
1779 5282 1924 5337 dictis
1943 5277 2012 5337 ad

417 5397 632 5450 scopum
657 5380 835 5451 pergit.
857 5409 928 5420 ——
953 5377 1121 5434 Hodie
1150 5377 1299 5434 vobis
1323 5417 1336 5442 ,
1364 5376 1693 5433 dilectissimi
1719 5418 1734 5444 ,
1765 5375 2012 5446 spiritua-

481 5579 558 5640 (a)
589 5567 866 5642 sanctorum
887 5584 1149 5642 martyrum
1172 5575 1316 5627 loculi
1337 5584 1383 5628 et
1410 5579 1567 5629 thecae
1590 5577 1877 5642 frequenter
1901 5592 2006 5629 me.

419 5647 670 5691 morantur
692 5643 721 5688 'a
741 5641 1078 5705 Chrysostomo
1097 5642 1144 5705 i_n
1168 5643 1470 5705 Panegyricis
1495 5649 1638 5690 Τοιηο
1661 5641 1712 5702 tt,
1735 5641 1819 5692 ubi
1835 5641 1897 5690 iis
1915 5642 1997 5691 ha-

415 5708 550 5759 bitus
572 5708 730 5758 honos
751 5701 884 5770 saepe
903 5701 1216 5757 describitur.

1523 277 1588 332 IN
1626 273 1860 332 CAPJI.
1892 272 2131 330 CENES.
2181 271 2411 329 llOlllL.
2448 275 2564 330 XVI

3601 281 3698 334 1'26

2117 387 2220 441 lem
2259 387 2569 444 thesaurum
2599 391 2804 459 aperire
2848 388 3001 455 volo,
3031 390 3119 460 qui
3143 432 3159 458 ,
3187 391 3311 448 licet
3339 391 3476 448 inter
3505 397 3701 451 multos

2111 478 2414 543 dividatur,
2458 495 2743 550 numquam
2786 491 2962 536 tamen
3005 482 3346 540 absumitur:
3378 487 3468 555 qui
3511 502 3700 542 omnes

2112 569 2442 648 locupletat,
2473 581 2528 626 ct
2567 572 2618 626 in
2662 571 2809 628 nullo
2850 573 3180 629 imminuitur
3201 617 3218 642 ,
3250 576 3343 631 sed
3373 586 3428 632 et
3456 588 3696 648 augetur.

2111 643 2572 728 Quemadmodum
2601 664 2742 719 enim
2771 665 2822 719 in
2854 666 3088 720 sensibili
3119 667 3368 722 thesauro
3395 669 3438 722 si
3467 672 3588 738 quis
3618 671 3701 724 vel

2112 769 2327 822 parvam
2357 757 2627 827 acceperit
2663 756 3001 825 portionem.
3045 759 3239 813 multas
3271 773 3448 814 tamen
3491 760 3701 816 divitias

2111 848 2236 904 inde
2274 849 2374 904 sibi
2414 849 2620 918 parabit
2649 868 2663 904 :
2693 850 2764 906 ita
2792 859 2847 905 et
2875 851 2928 904 in
2959 850 3151 905 divinis
3189 850 3478 922 Scripturis
3497 894 3512 918 ,
3540 854 3700 910 etiam

2111 940 2162 994 in
2193 954 2353 1010 parva
2379 940 2612 995 dictione
2637 955 2888 996 sensuum
2915 942 3146 1012 gravitas
3171 951 3225 996 et
3247 943 3522 999 immensae
3551 945 3703 1000 inve-

2111 1032 2327 1085 niuntur
2350 1031 2568 1086 divitiae.
2596 1033 2741 1088 Talis
2768 1033 2910 1088 enim
2941 1043 3128 1089 natura
3161 1035 3316 1105 hujus
3343 1035 3574 1091 thesauri
3601 1079 3615 1103 ,
3648 1049 3702 1092 ut

2108 1125 2390 1194 cpulcntos
2434 1123 2594 1179 faciat
2631 1139 2725 1179 eos
2760 1126 2850 1197 qui
2891 1141 2950 1182 se
2996 1127 3301 1193 inveniunt,
3333 1139 3387 1184 et
3415 1145 3700 1200 numquam

2108 1213 2320 1268 deﬁciat
2343 1233 2355 1266 :
2381 1214 2498 1268 fons
2520 1216 2661 1269 enim
2685 1215 2914 1285 Spiritus
2939 1217 3106 1271 sancti
3132 1214 3288 1287 hujus
3308 1220 3574 1291 scaturigo
3599 1231 3698 1276 est.

2107 1302 2390 1372 Reliquum
2420 1303 2615 1368 fuerit,
2653 1321 2749 1360 vos
2774 1322 2893 1376 qua:
2926 1309 3193 1376 proposita
3221 1319 3347 1363 sunt
3380 1325 3588 1366 summa
3616 1311 3695 1366 di‘

2109 1394 2319 1463 ligentia
2349 1395 2400 1448 in
2433 1396 2688 1450 memoria
2720 1406 2973 1466 perpetuo
2994 1414 3240 1464 servare;
3266 1408 3321 1454 ut
3344 1410 3520 1456 autem
3549 1402 3701 1457 facile

2107 1485 2248 1540 dicta
2283 1488 2494 1557 assequi
2527 1489 2764 1557 possitis,
2798 1498 2999 1543 tantum
3031 1491 3172 1559 quod
3205 1501 3442 1547 nostrum
3473 1504 3556 1550 est
3583 1511 3697 1550 ma-

2106 1593 2212 1648 gno
2241 1579 2417 1634 studio
2442 1579 2747 1633 alit-ramus.
2781 1581 2958 1636 Gratia
2993 1585 3132 1636 enim
3167 1595 3345 1652 parata
3376 1596 3459 1640 est
3481 1628 3494 1651 ,
3527 1597 3581 1642 et
3613 1605 3701 1644 re-

2106 1670 2267 1738 quirit
2311 1685 2404 1724 eos
2446 1671 2536 1740 qui
2581 1671 2748 1740 ipsam
2796 1672 3012 1743 largiter
3050 1676 3364 1746 suscipiant.
3410 1678 3699 1734 Audiamus

2109 1761 2268 1830 igitur
2291 1777 2410 1832 quin
2448 1763 2606 1819 hodie
2644 1773 2766 1818 sunt
2809 1765 2944 1820 lecta
2965 1808 2980 1832 ,
3009 1775 3067 1821 ut
3094 1767 3362 1823 discamus
3388 1769 3700 1826 immensam

2108 1852 2200 1906 Dei
2227 1853 2628 1924 benignitatem,
2659 1865 2713 1910 ct
2736 1865 2934 1926 quanto
2959 1857 3144 1913 salutis
3172 1869 3368 1914 nostra:
3391 1861 3562 1930 gratia
3591 1878 3702 1918 ser—

2106 1945 2281 2000 monis
2304 1955 2727 2017 temperamento
2749 1949 2819 2004 sit
2844 1965 2992 2006 usus.
3019 1951 3108 2006 25.
3138 1951 3204 2005 Et
3223 1963 3368 2008 erant
3387 1956 3534 2009 ambo
3556 1958 3697 2020 nudi,

2106 2045 2209 2088 tam
2232 2037 2426 2100 Adam,
2455 2055 2607 2107 quam
2627 2055 2759 2093 uxor
2780 2042 2890 2112 ejus
2909 2081 2924 2105 ,
2950 2050 2997 2094 et
3029 2058 3130 2095 non
3155 2043 3528 2100 erubescebant.
3557 2045 3699 2101 Con-

2105 2128 2278 2182 sidera
2300 2170 2315 2196 ,
2341 2143 2525 2199 quarso
2549 2171 2563 2194 ,
2607 2130 2932 2187 eminentem
2975 2132 3356 2189 beatitudinem
3381 2177 3398 2204 ,
3433 2138 3700 2206 quomodo

2104 2220 2408 2289 superiores
2447 2221 2646 2277 fuerint
2687 2223 2935 2278 omnibus
2977 2226 3347 2296 corporalibus
3371 2269 3387 2295 ,
3434 2229 3700 2298 quomodo

2107 2317 2300 2366 terram
2339 2312 2490 2382 quasi
2534 2313 2722 2368 caelum
2765 2314 3128 2383 incoluerint;
3167 2326 3222 2373 et
3260 2333 3382 2374 cum
3427 2330 3609 2376 essent
3645 2323 3698 2377 in

2103 2416 2332 2472 corpore
2362 2402 2490 2460 nihil
2519 2403 2797 2474 corporale
2828 2406 3046 2462 tulerint
3074 2427 3088 2463 :
3117 2423 3291 2480 neque
3319 2419 3494 2480 tecto,
3525 2427 3699 2484 neque

2104 2503 2256 2551 veste
2282 2538 2296 2562 ,
2330 2510 2506 2566 neque
2535 2496 2640 2552 alio
2679 2497 2770 2552 tali
2815 2513 2950 2568 opus
2993 2500 3271 2557 habentes.
3313 2502 3481 2559 Porro
3517 2504 3697 2560 divina

2105 2586 2376 2657 Scriptura
2407 2605 2512 2644 non
2539 2589 2855 2658 simpliciter
2879 2601 2934 2647 et
2957 2592 3160 2664 absque
3184 2595 3392 2653 ratione
3421 2597 3701 2656 howobis

2103 2680 2460 2750 signiﬁcavit,
2500 2681 2596 2737 sed
2635 2691 2692 2737 ut
2732 2698 2850 2738 cum
2897 2683 3239 2742 didicerimus
3276 2689 3440 2744 vitam
3488 2692 3697 2749 illorum

2109 2770 2335 2826 tristitiae
2360 2770 2671 2841 dolorisque
2696 2784 2992 2842 expertem,
3016 2785 3072 2830 et
3095 2778 3390 2848 angelicum
3411 2783 3696 2851 quemdam

2103 2868 2322 2927 statum,
2357 2871 2414 2915 ut
2452 2862 2521 2916 ita
2552 2862 2746 2930 dicam,
2777 2874 2832 2918 et
2871 2876 3056 2934 postea
3084 2867 3374 2926 viderimus
3403 2887 3497 2927 eos
3525 2877 3698 2929 omni-

2104 2950 2204 3006 bus
2240 2952 2345 3006 illis
2381 2951 2632 3017 destitui,
2663 2963 2718 3008 et
2744 2955 2893 3023 quasi
2919 2971 2949 3011 c
2978 2959 3186 3028 magnis
3209 2958 3408 3017 divitiis
3439 2963 3489 3018 in
3517 2975 3697 3022 extre-

2104 3057 2244 3097 mam
2270 3043 2500 3113 iuopiam
2526 3045 2716 3114 redigi,
2745 3045 2979 3116 ipsorum
3003 3050 3338 3121 negligentiae
3361 3061 3530 3110 totum
3551 3060 3692 3127 quod

2104 3134 2160 3189 llt
2188 3137 2535 3192 ascribamus.
2567 3138 2757 3208 Opera:
2801 3141 3026 3210 pretium
3058 3151 3235 3199 autem
3278 3145 3410 3202 lecta
3450 3148 3562 3219 ipsa
3597 3165 3693 3206 au-

2103 3225 2237 3282 dire.
2269 3227 2432 3292 Nam,
2461 3238 2521 3284 ut
2546 3229 2679 3286 dixit
2719 3230 2910 3288 beatus
2939 3232 3114 3290 Moses
3134 3277 3150 3302 ,
3177 3237 3317 3306 quod
3350 3239 3471 3294 nudi
3503 3250 3659 3297 erant
3680 3285 3695 3307 ,

2103 3329 2156 3374 et
2186 3335 2289 3375 non
2329 3321 2718 3377 erubescebant
2750 3322 2957 3394 (neque
2991 3325 3135 3380 enim
3175 3328 3415 3383 sciebant
3439 3346 3498 3387 se
3524 3333 3695 3389 nudos

2102 3426 2222 3467 esse
2248 3453 2262 3478 ,
2297 3413 2428 3466 mira
2457 3412 2621 3483 gloria
2654 3413 2770 3469 illos
2800 3415 3061 3471 vesticnte
3088 3425 3141 3472 et
3169 3420 3339 3489 magis
3367 3437 3526 3491 quam
3558 3424 3694 3478 [1”le

2103 3505 2328 3558 vestitus
2355 3504 2634 3573 ornante),
2666 3505 2865 3576 inquit,
2901 3508 2952 3564 1.
2990 3506 3213 3578 Serpens
3249 3521 3414 3565 autem
3437 3523 3546 3568 erat
3574 3532 3686 3585 pru-

2103 3595 2424 3650 dentissimus
2451 3596 2673 3650 onmium
2705 3599 2994 3665 bestiarum,
3023 3616 3136 3670 quae
3161 3618 3312 3669 super
3341 3613 3545 3672 terram,
3571 3623 3692 3676 quas

2105 3691 2290 3760 fecerat
2326 3689 2568 3744 Dominus
2597 3689 2753 3744 Deus.
2791 3690 2856 3745 Et
2887 3691 3014 3746 dixit
3041 3709 3249 3763 serpens
3287 3696 3483 3751 mulieri
3513 3713 3533 3753 :
3563 3699 3698 3765 Quid

2104 3780 2238 3844 quod
2267 3780 2394 3834 dixit
2439 3779 2575 3834 Deus
2593 3821 2611 3846 ,
2646 3779 2728 3835 Ne
2753 3783 3024 3837 comedatis
3050 3800 3113 3838 ea:
3140 3785 3277 3840 omni
3304 3788 3442 3859 ligno
3465 3791 3601 3854 quod
3627 3805 3696 3846 est

2105 3871 2158 3924 in
2185 3871 2421 3940 paradiso
2453 3869 2604 3940 (Gen.
2634 3871 2735 3942 3)?
2768 3872 2900 3928 Vide
2929 3873 3146 3945 maligni
3172 3875 3430 3932 daemonis
3459 3879 3694 3936 inviden-

2107 3961 2232 4016 tiam
2259 4004 2272 4026 ,
2315 3972 2365 4017 et
2415 3963 2738 4033 multiplices
2784 3963 3024 4020 technas.
3064 3964 3504 4038 Quandoquidem
3543 3971 3696 4026 scivit

2107 4052 2374 4107 hominem
2411 4052 2700 4108 formatqu
2729 4053 2782 4107 in
2809 4069 3018 4108 summo
3044 4070 3163 4110 esse
3191 4055 3393 4112 honore
3414 4059 3451 4123 ¹,
3481 4067 3533 4114 ct
3569 4076 3694 4129 pro-

2105 4145 2390 4215 pemodum
2423 4145 2554 4199 nihil
2586 4145 2762 4200 minus
2805 4144 3002 4200 habere
3040 4145 3241 4217 angelis
3281 4149 3409 4217 ipsis
3434 4189 3448 4215 ,
3479 4148 3616 4206 sicut
3645 4163 3696 4207 et

2107 4239 2290 4292 beatus
2320 4236 2482 4292 David
2510 4236 2679 4304 inquit
2703 4253 2716 4290 :
2745 4235 2978 4290 Minuisti
3004 4253 3116 4291 eum
3141 4238 3293 4306 paulo
3328 4239 3491 4294 minus
3515 4242 3576 4295 ab
3597 4257 3696 4294 an-
3763 4274 3765 4276 -

2104 4330 2229 4400 gelis
2258 4327 2427 4399 (Psal.
2453 4329 2504 4382 8.
2537 4327 2594 4399 6)
2625 4345 2636 4380 :
2668 4336 2826 4398 atque
2855 4326 2957 4383 hoc
2988 4328 3158 4398 ipsum
3185 4327 3355 4383 Paulo
3390 4331 3555 4385 minus
3585 4333 3698 4386 inoo

2105 4419 2387 4476 bedientiac
2417 4427 2694 4489 peccatum
2726 4418 3053 4484 introduxit;
3087 4437 3206 4474 nam
3237 4432 3357 4492 post
3384 4425 3692 4492 pratvarica-

2107 4512 2307 4568 tioncm
2355 4512 2456 4566 hoc
2507 4511 2754 4582 loquutus
2798 4521 2881 4567 est
2924 4512 3183 4582 propheta
3228 4531 3242 4569 :
3285 4515 3497 4571 videbat
3542 4519 3700 4587 igitur

2107 4619 2271 4676 super
2299 4614 2498 4660 terram
2523 4604 2770 4674 angelum
2799 4613 3130 4673 terrestrem,
3152 4614 3207 4660 et
3231 4619 3262 4660 a
3291 4619 3385 4660 sua
3413 4607 3700 4664 rodebatur

2110 4695 2306 4751 invidia
2333 4695 2546 4750 daamou
2581 4695 2847 4750 malorum
2888 4706 3076 4750 auctor
3106 4714 3119 4750 :
3150 4698 3400 4766 quoniam
3429 4713 3551 4752 cum
3587 4699 3701 4768 ipse

2110 4788 2248 4842 inter
2288 4800 2547 4857 supernas
2590 4787 2814 4841 virtutes
2851 4794 3030 4853 esset,
3063 4795 3118 4841 et
3155 4786 3224 4841 ob
3263 4788 3553 4843 voluntatis
3589 4803 3700 4844 Sine

2111 4879 2418 4950 nequitiam,
2445 4886 2501 4934 et
2530 4878 2800 4948 ingentem
2827 4877 3104 4944 malitiam,
3130 4894 3161 4934 e
3184 4893 3395 4934 summo
3421 4882 3553 4936 caelo
3579 4897 3695 4951 pro—

2105 4971 2282 5042 jectus
2307 4973 2482 5039 fuerit,
2508 4987 2699 5043 magna
2726 4987 2853 5028 usus
2882 4981 2965 5028 est
2996 4973 3408 5041 machinatione,
3438 4985 3497 5034 ut
3522 4985 3574 5032 et
3607 4977 3695 5033 ho-

2111 5065 2308 5120 minem
2336 5063 2505 5135 gratia
2533 5065 2626 5119 Dei
2658 5065 2887 5134 privare,
2919 5073 2972 5118 et
3001 5065 3264 5134 ingratum
3291 5063 3509 5128 factum,
3542 5069 3699 5122 tantis

2111 5151 2266 5209 bonis
2309 5169 2405 5225 per
2438 5153 2672 5209 divinam
2716 5153 3007 5208 bonitatem
3049 5153 3176 5223 ipsis
3201 5154 3475 5210 concessis
3500 5156 3703 5214 nudare

2113 5253 2311 5316 posset.
2341 5246 2410 5302 Et
2431 5245 2559 5316 quid
2585 5244 2746 5302 fecit?
2770 5243 2990 5300 lnvento
3013 5245 3229 5300 animali
3252 5246 3374 5313 hoc,
3398 5259 3702 5319 serpentem

2112 5339 2254 5407 dico,
2285 5339 2373 5410 qui
2403 5347 2594 5395 cretera
2621 5337 2911 5393 calliditate
2933 5352 3029 5392 sua
3055 5336 3322 5406 vincebat,
3350 5339 3488 5395 sicut
3508 5351 3562 5396 ct
3589 5341 3704 5398 Mo-

2112 5448 2201 5490 ses
2232 5440 2456 5488 testatus
2482 5439 2596 5497 est,
2623 5445 2744 5486 cum
2771 5428 2934 5495 dixit,
2977 5429 3103 5483 Erat
3139 5439 3307 5485 autem
3345 5449 3550 5504 serpens
3579 5451 3703 5504 pru-

2113 5528 2432 5584 dentissimus
2460 5526 2683 5582 omnium
2710 5524 2979 5579 bestiarum
3010 5539 3122 5595 qua:
3147 5540 3300 5596 super
3327 5534 3511 5581 terram
3535 5569 3549 5594 ,
3571 5543 3703 5597 quas

2179 5684 2194 5715 ι
2229 5679 2443 5740 coislin.,
2467 5679 2532 5730 ad
2556 5692 2793 5729 summum
2817 5679 3041 5731 honorem
3061 5677 3208 5745 [uisse
3230 5688 3459 5732 evectum.
