4110 6432
462 312 482 362 1
495 309 569 362 “'27

464 424 573 475 ret-it
622 421 867 474 Dominus
912 417 1045 470 Deus
1085 428 1195 468 :co
1236 411 1387 479 quasi
1432 411 1785 464 instrumento
1820 404 2050 476 quodam

437 528 586 566 usus
616 522 716 574 est.
751 527 845 580 per
873 507 1013 578 quod
1044 505 1340 569 mulierem,
1371 510 1552 570 utpote
1579 495 1872 568 simplicius
1899 505 1953 549 ct
1980 495 2059 549 in-

437 605 666 658 'lirmius
690 618 801 667 vas,
826 601 966 654 illitts
989 596 1347 652 familiaritate
1369 595 1420 647 in
1448 605 1690 646 errorem
1711 599 1767 643 et
1788 586 2059 656 deceptioé

464 711 583 748 nem
612 701 945 764 provocaret.
973 689 1037 743 Et
1062 689 1210 751 dixit,
1238 683 1428 755 inquit,
1442 697 1655 754 serpens
1679 681 1900 733 mulieri.
1926 677 2060 732 lliuc

433 785 651 854 ~--collige
677 783 746 836 ab
775 782 928 837 initio
957 780 1156 835 nullam
1197 778 1488 833 bestiarum
1518 775 1687 828 virum
1709 814 1724 837 ,
1753 771 1836 825 vel
1867 769 2060 824 mulie-

443 891 575 931 «rem
617 877 871 929 terruisse
895 915 910 939 ,
941 871 1034 928 sed
1061 870 1353 926 dominium
1390 877 1439 921 et
1477 865 1862 934 subiectionem
1890 877 2058 933 agno-

459 973 626 1035 visse,
654 978 708 1024 ct
733 969 870 1022 sicut
905 980 1045 1020 nunc
1073 962 1364 1019 domestica
1391 957 1661 1023 animalia,
1692 957 1762 1010 ita
1790 963 1845 1009 ct
1875 953 1982 1008 fera
2006 963 2060 1007 et

450 1067 819 1119 immansueta
851 1070 978 1115 tunc
1004 1057 1151 1113 mitia
1182 1055 1364 1110 fuisse.

519 1200 521 1202 .
539 1157 592 1210 2.
619 1157 838 1220 Serpens
855 1153 940 1224 qui
960 1151 1117 1204 Evam
1133 1147 1322 1218 decepit
1339 1161 1438 1199 non
1460 1151 1567 1196 erat
1582 1142 1778 1195 ratione
1794 1138 2056 1210 prwditus.

443 1241 605 1304 ‘——At
626 1250 759 1303 forte
783 1247 865 1300 hic
885 1241 1200 1300 dubilaverit
1222 1239 1340 1309 quis
1355 1246 1407 1291 et
1428 1234 1718 1306 quaesierit,
1739 1246 1865 1285 num
1887 1228 2059 1284 ethoc

465 1341 662 1395 animal
700 1335 921 1392 rationis
960 1333 1120 1388 fuerit
1159 1331 1445 1402 particeps.
1487 1325 1600 1380 Non
1629 1323 1700 1377 ita
1731 1331 1850 1375 est:
1884 1319 2055 1384 absit;

448 1431 556 1486 sed
584 1432 616 1484 ii
658 1429 743 1499 qui
794 1426 1098 1497 Scripturas
1143 1429 1441 1491 sequuntur
1487 1415 1783 1485 intelligant
1825 1418 2056 1480 oportet,

450 1525 624 1578 -verba
655 1519 870 1592 quidem
900 1531 1020 1573 esse
1046 1514 1267 1580 diaboli,
1286 1526 1445 1582 quem
1495 1507 1690 1562 invidia
1732 1501 2058 1568 concitabat,

443 1627 522 1669 tut
552 1615 622 1667 ita
645 1612 914 1668 hominem
963 1608 1171 1662 falleret
1203 1621 1218 1659 :
1246 1602 1459 1657 animali
1486 1609 1664 1654 autem
1695 1597 1799 1651 hoc
1839 1605 1897 1649 ttt
1941 1593 2059 1649 ido-

468 1722 571 1762 ueo
593 1707 949 1760 instrumento
973 1698 1221 1754 utebatur
1250 1693 1518 1756 diabolus,
1546 1706 1653 1762 quo
1681 1703 1896 1744 suarum
1923 1687 2062 1741 frau-

441 1798 614 1854 ~dium
641 1810 761 1851 esca
793 1795 1049 1855 immissa,
1083 1788 1428 1858 supplantare
1456 1782 1683 1854 primum
1729 1787 1911 1851 posset
1939 1792 2058 1832 tnu-

444 1891 683 1952 Jierem,
734 1899 855 1955 quae
879 1882 1099 1936 facilius
1136 1877 1308 1948 decipi
1350 1883 1557 1946 poterat
1582 1915 1597 1936 ,
1638 1881 1692 1926 et
1733 1880 1917 1940 postea
1967 1883 2061 1937 per

461 1981 606 2034 illam
657 1977 817 2031 etiam
878 1971 1260 2043 protoplastum
1305 1965 1690 2035 supplantaret.
1734 1962 1914 2030 Itaque
1959 1957 2063 2011 hoc

462 2072 621 2126 bruto
643 2068 806 2122 utitur
825 2065 891 2119 ad
919 2060 1139 2118 insidias
1184 2057 1488 2118 struendas.
1513 2063 1570 2110 et
1595 2068 1691 2124 per
1730 2052 1901 2122 ipsum
1939 2065 2060 2104 mu-

465 2161 585 2214 lieri
633 2156 888 2227 loquitur,
933 2163 986 2208 et
1029 2152 1145 2206 ait:
1177 2150 1350 2216 Quare
1393 2146 1520 2200 dixit
1553 2143 1732 2206 Deus,
1775 2139 1861 2196 Ne
1880 2155 2061 2195 iconic-

440 2250 596 2304 «latis
612 2264 677 2302 ea:
704 2245 842 2302 omni
871 2245 1010 2316 tigno
1033 2241 1267 2312 quodest
1292 2239 1345 2291 in
1376 2233 1653 2307 paradiso?
1685 2230 2058 2298 Considerate,

460 2343 708 2406 obsecro,
736 2336 1082 2408 nmlignitatis
1100 2330 1498 2388 callidissimatn
1526 2320 2065 2380 subtilitatem.»lndu-

463 2433 540 2488 cit
583 2433 725 2487 enim
758 2429 981 2483 ratione
1025 2421 1257 2487 consilii,
1304 2432 1360 2475 et
1401 2414 1855 2487 interrogationis,
1899 2412 2063 2469 etiam

452 2522 612 2596 .quod
643 2523 806 2577 aDeo
853 2519 1054 2573 dictum
1105 2529 1212 2570 non
1259 2521 1397 2578 erat,
1441 2508 1593 2580 quasi
1638 2507 1842 2563 scilicet
1877 2517 2062 2596 ett-ram

455 2595 708 2686 ipsorum
739 2612 963 2667 haberet
989 2627 1003 2664 :
1036 2607 1087 2663 id
1109 2606 1250 2678 quod
1267 2601 1588 2666 ostenditur,
1603 2615 1722 2656 cum
1739 2598 1912 2670 inquit
1930 2615 1943 2650 :
1961 2595 2066 2652 Cur

468 2709 598 2763 dixit
629 2705 784 2772 Deus,
812 2701 894 2757 Ne
912 2700 1187 2757 comedatis
1221 2699 1285 2752 de
1321 2697 1460 2752 omni
1487 2695 1624 2766 ligno
1650 2693 1785 2765 quod
1799 2701 1870 2748 est
1890 2692 1943 2746 in
1955 2708 2063 2763 pa-

469 2786 682 2852 rudiso?
726 2794 876 2866 quasi
923 2793 1126 2847 diceret
1167 2788 1430 2860 malignus
1472 2785 1563 2841 ille
1603 2783 1814 2840 daemon
1844 2801 1857 2838 :
1888 2783 2066 2852 Quare

475 2890 614 2944 Deus
644 2885 876 2957 privavit
896 2897 992 2939 vos
1024 2887 1169 2937 tanta
1202 2878 1496 2935 l‘ruitione?
1533 2891 1630 2931 cur
1670 2889 1776 2930 non
1819 2873 2066 2931 concedit

469 2988 531 3035 ut
547 2980 836 3052 participes
861 2976 977 3032 sitis
1001 2975 1263 3030 bonorum
1293 2985 1414 3042 qua:
1437 2977 1562 3024 sunt
1587 2967 1639 3023 in
1661 2967 1939 3040 paradiso;
1968 2965 2064 3022 sed

472 3071 720 3143 praestitit
763 3068 982 3139 quidem
1020 3073 1080 3121 ut
1105 3063 1222 3120 visu
1267 3059 1599 3126 frueremiui,
1641 3074 1749 3114 non
1792 3067 1970 3114 tamen
2000 3072 2067 3113 eo

461 3164 574 3219 .t'rui
622 3162 768 3228 sinit,
797 3169 853 3215 et
889 3157 1080 3229 majori
1132 3155 1408 3224 voluptate
1458 3149 1746 3206 interdicit.
1793 3147 1899 3204 Cur
1939 3148 2067 3202 dixit

475 3257 614 3311 Deus
631 3255 657 3308 ?
675 3254 872 3322 Quare,
905 3251 1096 3321 inquit,
1129 3247 1262 3304 hoc?
1284 3261 1403 3318 qua:
1437 3244 1636 3300 utilitas
1662 3241 1864 3297 versari
1893 3240 1946 3295 iu
1967 3255 2066 3311 pa-

458 3347 674 3408 zradiso,
703 3353 757 3402 et
785 3359 891 3401 non
909 3341 1011 3398 frui
1041 3341 1125 3396 his
1151 3353 1271 3411 quae
1297 3337 1352 3393 in
1383 3336 1474 3392 illo
1500 3344 1645 3403 sunt,
1668 3332 1764 3389 sed
1803 3331 1927 3387 ideo
1953 3345 2063 3386 ma-

461 3446 641 3512 jorem
693 3442 831 3495 terre
867 3437 1148 3499 dolorem,
1187 3431 1330 3504 quod
1374 3436 1618 3502 spectare
1662 3425 1877 3498 quidem
1917 3422 2069 3478 vobis

453 3537 648 3600 diceat,
699 3531 802 3589 l'rui
838 3547 944 3586 non
987 3526 1180 3584 liceat?
1230 3524 1420 3582 Vidisti
1462 3521 1734 3595 quomodo
1758 3534 1854 3592 per
1881 3516 2063 3585 verba,

473 3626 625 3697 quasi
649 3640 746 3696 per
785 3637 962 3680 escam
1003 3622 1149 3676 virus
1187 3633 1342 3674 suum
1388 3613 1657 3671 immittit?
1687 3611 1920 3668 Debebat
1947 3625 2070 3665 mu-

455 3718 574 3773 »lier
596 3731 662 3771 ex
688 3717 802 3785 ipso
830 3725 1081 3784 aggressa
1103 3708 1430 3765 eminentem
1453 3704 1758 3774 conjectare
1789 3701 2067 3766 malitiam,

482 3817 592 3862 tum
619 3805 760 3878 quod
786 3805 854 3860 de
885 3802 1142 3858 industria
1173 3814 1294 3872 qua:
1333 3813 1440 3854 non
1487 3806 1641 3851 erant
1687 3794 1910 3862 diceret,
1957 3802 2068 3849 tum

457 3901 620 3971 [quod
648 3897 798 3969 quasi
842 3909 1024 3951 curam
1068 3892 1306 3962 ipsorum
1350 3895 1582 3960 gereret,
1613 3895 1672 3941 ut
1714 3885 1852 3940 scire
1894 3890 2074 3954 posset

477 4009 596 4062 quae
637 3991 742 4047 illis
765 4005 795 4043 a
828 3989 937 4044 Deo
980 3995 1268 4058 praecepta,
1299 3991 1355 4039 et
1388 3982 1465 4037 sic
1489 3979 1556 4035 ad
1574 3977 2072 4052 praevaricationem

467 4088 620 4156 ipsos
647 4084 900 4140 traheret.
933 4081 1093 4152 Igitur
1115 4091 1237 4134 cum
1272 4084 1455 4149 posset
1498 4075 1676 4130 statim
1723 4073 2071 4142 imposturam

478 4179 685 4243 videre,
718 4185 772 4231 et
807 4175 1042 4230 aversari
1089 4172 1249 4227 verba
1288 4171 1366 4226 uti
1396 4170 1638 4240 uugacia,
1668 4175 1723 4221 et
1761 4165 1993 4235 seipsam
2019 4164 2071 4219 itt

471 4277 677 4322 tantam
722 4265 978 4319 vilitatem
1009 4278 1114 4317 non
1141 4261 1397 4330 dejicere.
1423 4259 1615 4313 noluit.
1638 4255 1953 4327 Oportebat,
1985 4256 2071 4309 in-

459 4374 659 4430 quam,
680 4357 831 4412 initio
858 4355 1184 4424 colloquium
1213 4352 1352 4408 illius
1397 4367 1502 4406 non
1544 4350 1706 4416 ferre,
1741 4349 1836 4404 sed
1870 4349 1943 4403 illi
1971 4347 2073 4403 soli

483 4449 647 4518 loqui,
675 4456 890 4517 propter
918 4453 1174 4516 quem,et
1203 4445 1254 4498 in
1285 4441 1437 4511 cujus
1466 4439 1786 4510 adiutorium
1818 4433 2074 4508 producta

481 4547 614 4604 erat,
646 4538 907 4608 particeps
929 4535 1200 4605 dignitatis
1228 4534 1368 4588 illius
1395 4533 1550 4588 facta.
1580 4530 1712 4599 Quia
1742 4540 1941 4594 autem,
1971 4543 2070 4586 ne-

471 4631 592 4686 scio
613 4627 882 4699 quomodo
910 4625 1119 4690 allecta,
1147 4625 1465 4695 collaquium
1517 4622 1782 4693 serpentis
1818 4621 1957 4690 tulit,
1977 4634 2075 4691 per

459 4739 638 4792 "quem
666 4763 681 4788 ,
731 4729 788 4775 ut
831 4721 1274 4784 instrumentum,
1325 4715 1624 4788 perniciosa
1666 4715 1864 4770 diaboli
1907 4715 2075 4770 verba

479 4814 736 4886 suscepit,
754 4827 1046 4883 congruum
1072 4819 1188 4865 erat
1208 4811 1384 4866 statim
1409 4823 1530 4864 cum
1553 4808 1786 4863 disceret
1809 4821 1872 4860 ex
1899 4805 2076 4861 verbis

463 4912 615 4981 ejus,
645 4921 764 4964 esse
794 4906 880 4962 illa
904 4917 1025 4960 cum
1059 4905 1282 4958 veritate
1309 4902 1596 4974 pugnantia
1623 4911 1677 4956 et
1714 4901 1816 4954 alia
1861 4897 2074 4969 quidem

477 5000 818 5057 Conditorem
872 4999 1182 5068 imperasse,
1233 4995 1336 5050 alia
1380 5001 1558 5049 autem
1609 4991 1777 5057 illum,
1824 5001 1880 5046 et
1914 4991 2077 5062 plano

463 5091 747 5147 contraria
776 5091 884 5145 Deo
929 5087 1130 5154 dicere,
1154 5095 1212 5140 ut
1238 5087 1351 5156 ipsa
1397 5092 1754 5148 aversaretur,
1787 5091 1840 5137 et
1870 5079 2079 5153 fugeret

481 5179 626 5234 illius
671 5177 1110 5235 consuetudinem
1136 5217 1151 5243 ,
1202 5173 1706 5244 abominareturque
1745 5173 1892 5227 illum
1918 5213 1933 5236 ,
1984 5170 2076 5242 qui

486 5271 738 5340 linguam,
766 5281 948 5325 contra
977 5271 1158 5324 datum
1177 5268 1285 5323 illis
1324 5268 1633 5323 mandatum
1670 5279 1864 5320 acuere
1907 5263 2076 5320 audc-

484 5369 583 5412 ret.
618 5357 812 5413 Verum
835 5362 955 5429 quia
979 5372 1087 5429 prie
1113 5372 1305 5429 magna
1330 5358 1649 5429 negligentia
1680 5371 1786 5411 nou
1825 5355 2074 5410 attende-

489 5451 603 5514 bat,
630 5465 736 5504 non
789 5451 959 5504 solum
1004 5468 1111 5507 non
1156 5462 1238 5507 est
1288 5449 1434 5507 illum
1483 5457 1743 5516 aversata,
1777 5447 1870 5504 sed
1918 5462 2078 5503 omne

485 5538 795 5593 mandatum
845 5539 919 5593 illi
961 5541 1180 5608 detexit,
1212 5551 1266 5597 et
1295 5555 1457 5612 porco
1504 5541 1818 5614 margaritas
1857 5539 2072 5610 obiecit,

489 5626 830 5705 implevitque
853 5631 990 5700 quod
1014 5647 1043 5685 a
1070 5631 1284 5686 Christo
1327 5635 1527 5689 dictum
1570 5642 1654 5687 est
1686 5648 1698 5685 :
1733 5630 1816 5685 Ne
1864 5631 2076 5685 mittatis

471 5722 810 5790 emergamus
822 5730 1005 5775 vestras
1027 5734 1144 5774 ante
1169 5732 1368 5790 porcos,
1403 5739 1464 5777 ne
1482 5727 1618 5792 forte
1642 5721 1933 5776 conculceut
1956 5721 2073 5775 illas

1211 299 1267 355 S.
1307 294 1586 352 IOANNIS
1623 288 2100 348 ClIRYSOSTOMI
2144 287 2456 344 ARClllEP.
2499 284 3030 342 CON'STANTINOP.

3644 289 3747 347 γει

2166 404 2375 476 pedibus
2404 402 2529 465 suis,
2555 412 2602 456 et
2627 402 2852 456 conversi
2877 417 2962 456 vos
2993 402 3310 471 disrumpunt
3337 400 3549 471 (Matth.
3579 404 3628 458 7.
3651 406 3703 472 li)
3727 427 3739 460 :

2165 493 2217 550 id
2247 495 2388 566 quod
2418 503 2473 549 et
2495 494 2580 550 hic
2605 495 2801 549 factum
2829 502 2930 548 est.
2961 494 3219 563 Apposuit
3245 493 3391 547 enim
3419 507 3601 562 porco,
3632 495 3745 549 huic

2165 586 2320 641 malae
2360 587 2565 651 bestiae,
2607 585 2839 640 dtemoni
2880 584 3148 649 videlicet,
3173 584 3260 654 qui
3306 599 3404 656 per
3450 595 3744 654 serpentem

2164 677 2505 747 Operabatur,
2561 677 2772 732 divinas
2820 677 3154 748 margaritas,
3189 685 3382 731 etnon
3426 677 3600 731 solum
3638 677 3746 731 illas

2163 768 2516 834 conculcavit,
2547 778 2602 823 et
2630 768 2786 824 dictis
2825 783 2884 824 se
2926 768 3195 838 opposuit,
3226 767 3322 823 sed
3354 777 3411 822 et
3444 782 3745 832 conversus,

2164 875 2271 915 non
2311 862 2480 930 ipsam
2523 859 2718 927 solum,
2746 859 2841 915 sed
2871 874 2992 914 cum
3023 861 3136 929 ipsa
3165 859 3544 930 primigenium
3588 859 3750 914 homi-

2165 970 2286 1009 nem
2331 970 2544 1026 quoque
2584 955 2635 1010 iu
2666 955 3017 1026 praecipitium
3060 954 3439 1010 inobedlentiai
3485 953 3740 1024 perduxit.

2163 1047 2392 1102 Tantum
2443 1048 2641 1102 malum
2675 1057 2773 1103 est
2805 1047 3006 1118 absque
3035 1046 3243 1102 delectu
3272 1047 3446 1102 cuivis
3473 1055 3527 1102 et
3555 1049 3746 1117 promi-

2165 1154 2292 1196 scue
2329 1140 2508 1195 divina
2550 1141 2799 1213 mysteria
2821 1140 3089 1211 detegere.
3117 1139 3353 1195 Audiam
3383 1140 3474 1210 qui
3503 1141 3616 1196 sine
3637 1140 3749 1195 dis-

2153 1232 2387 1286 crimine
2440 1231 2753 1302 simpliciter
2784 1245 2906 1287 cum
2934 1230 3186 1286 omnibus
3227 1231 3621 1300 colloquuntur.
3647 1230 3746 1286 Ne.

2164 1324 2430 1393 queenim
2461 1323 2544 1378 ibi
2591 1323 2838 1379 Christus
2877 1322 2945 1385 de
2987 1323 3224 1379 sensibili
3271 1339 3437 1395 porco
3483 1326 3744 1396 pmepit,

2165 1417 2260 1471 sed
2283 1417 2527 1472 homines
2573 1416 2807 1486 porcinis
2848 1417 3089 1473 moribus
3132 1417 3456 1485 subindieat,
3485 1418 3575 1489 qui
3619 1418 3748 1474 sicut

2166 1509 2320 1564 bruta
2350 1507 2435 1563 illa
2468 1509 2522 1563 in
2552 1509 2754 1578 peccati
2770 1507 2896 1564 luto
2931 1509 3296 1574 involvuntur,
3325 1507 3527 1564 docens
3552 1521 3666 1572 nos,
3695 1517 3747 1563 ut

2153 1615 2518 1670 personarum
2542 1599 2902 1656 diversitatem
2933 1599 3332 1670 dignoscamus,
3360 1609 3414 1655 et
3443 1601 3562 1655 vita:
3590 1599 3746 1654 ratio-

2150 1705 2265 1745 »nes
2292 1689 2641 1760 inquiramus,
2667 1689 2880 1760 quando
2907 1689 3122 1760 aliquid
3167 1689 3472 1744 divinorum
3518 1689 3744 1760 eloquio-

2167 1795 2288 1838 rum
2317 1797 2591 1854 exponere
2618 1797 2754 1853 opus
2781 1779 2969 1849 fuerit,
3004 1793 3144 1838 ue-et
3175 1782 3295 1838 illos
3326 1791 3380 1836 et
3409 1783 3746 1852 nosmetipsos
3786 1783 3800 1805 ‘

2168 1873 2444 1930 laedamus.
2477 1873 2608 1930 Nam
2638 1876 2730 1946 qui
2756 1874 2889 1931 tales
2907 1883 3052 1940 sunt,
3085 1890 3190 1930 non
3227 1873 3403 1930 solum
3438 1875 3579 1930 nihil
3625 1876 3745 1931 lucri

2168 1979 2234 2022 ex
2259 1965 2418 2021 dictis
2456 1966 2690 2036 capiunt,
2723 1965 2818 2021 sed
2847 1973 2903 2022 et
2925 1981 3020 2021 eos
3039 1966 3129 2036 qui
3157 1965 3326 2021 bonas
3359 1965 3477 2020 illas
3503 1965 3744 2036 margari-

2167 2065 2249 2112 tas
2275 2057 2479 2127 absque
2507 2056 2878 2128 disquisitione
2915 2056 3019 2112 illis
3051 2066 3474 2129 proposuerant.
3507 2071 3676 2112 secum
3699 2057 3746 2112 in

2157 2161 2280 2204 suae
2307 2148 2622 2218 perditionis
2652 2147 2971 2218 profundum
2995 2162 3147 2220 stupe
3193 2158 3584 2219 pertraxerunt.
3635 2147 3746 2204 ideo

2151 2256 2288 2298 tcum
2331 2241 2604 2314 diligentia
2652 2240 2986 2297 observanda
3028 2253 3154 2298 sunt
3181 2241 3322 2308 hare,
3352 2256 3422 2297 ne
3449 2241 3630 2297 eadem
3659 2255 3746 2312 pa-

2167 2335 2363 2390 tiamur
2382 2349 2500 2405 quae
2526 2334 2598 2389 illi
2623 2334 2714 2406 qui
2744 2333 2831 2390 hic
2855 2333 3065 2404 decepti
3109 2343 3255 2390 sunt.
3308 2333 3441 2390 Nam
3458 2342 3526 2390 et
3551 2350 3684 2389 nunc
3707 2334 3745 2387 si

2169 2428 2426 2484 voluisset
2466 2424 2660 2483 mulier
2704 2443 2810 2483 non
2860 2442 3164 2498 proponere
3213 2427 3529 2499 margaritas
3575 2435 3744 2496 porco.

2170 2533 2344 2590 neque
2375 2519 2488 2589 ipsa
2514 2517 2566 2573 in
2597 2517 2961 2589 praecipitium
2997 2517 3225 2585 ruisset,
3249 2531 3427 2588 neque
3470 2517 3634 2572 virtnu
3663 2524 3744 2570 Se-

2163 2623 2291 2666 cum
2325 2611 2589 2667 traxisset.

2240 2705 2294 2758 3.
2333 2702 2437 2758 Sed
2477 2704 2754 2759 audiamus
2781 2703 2909 2774 quid
2940 2702 3010 2759 illi
3042 2701 3386 2775 respondeat.
3432 2702 3565 2759 Nam
3590 2712 3645 2758 ut
3670 2702 3744 2756 di-

2165 2802 2342 2860 xerat,
2370 2794 2472 2849 Car
2496 2795 2626 2849 dixit
2650 2789 2809 2862 Dius,
2839 2789 2916 2850 De
2934 2795 3072 2849 omni
3093 2793 3230 2866 ligno
3261 2796 3492 2866 paradisi
3516 2811 3577 2850 ne
3597 2807 3748 2848 come-

2171 2887 2346 2942 detis?
2371 2887 2543 2957 inquit
2565 2886 2756 2942 mulier
2775 2886 3011 2956 serpenti
3045 2905 3057 2939 :
3084 2885 3140 2940 2.
3166 2885 3244 2942 De
3272 2889 3412 2942 omni
3437 2887 3573 2959 ligno
3610 2901 3746 2957 parn-

2169 2978 2272 3033 disi
2294 2977 2636 3045 comedimus;
2679 2979 2731 3033 ‘5.
2766 2978 2830 3032 de
2858 2982 3024 3048 fructu
3051 2989 3218 3033 autem
3255 2979 3402 3050 ligni,
3444 2977 3578 3051 quod
3603 2988 3669 3031 est
3699 2976 3746 3028 iu

2170 3072 2334 3125 medio
2372 3071 2620 3142 paradisi,
2674 3069 2802 3123 dixit
2841 3065 2998 3135 Deus,
3042 3086 3104 3124 ne
3140 3071 3436 3135 comedatt's,
3461 3083 3610 3139 neque
3635 3067 3745 3120 auio

2170 3162 2342 3233 geritis
2369 3161 2557 3231 ipsum,
2582 3169 2635 3214 ut
2664 3175 2766 3213 non
2789 3159 3098 3213 moriamini.
3121 3158 3313 3218 Vidisti
3346 3155 3748 3229 malignitatem?

2175 3251 2319 3306 Dixit
2345 3251 2488 3321 quod
2517 3265 2620 3305 non
2651 3258 2786 3315 erat,
2816 3256 2876 3305 ut
2903 3249 2954 3304 in
2984 3248 3311 3319 colloquium
3340 3257 3661 3320 provocarat,
3697 3254 3744 3300 et

2172 3341 2408 3398 disceret
2443 3340 2495 3396 id
2533 3340 2676 3412 quod
2720 3347 2855 3395 erat.
2887 3339 3074 3396 Mulier
3106 3341 3249 3396 enim
3280 3348 3465 3412 postea
3494 3337 3743 3395 conlidens

2173 3432 2322 3504 quasi
2353 3429 2612 3488 benevole
2639 3445 2763 3503 erga
2788 3445 2847 3487 se
2875 3429 3094 3487 aﬂ‘ectus
3117 3441 3281 3496 esset,
3337 3441 3502 3486 totum
3538 3425 3744 3484 manda-

2175 3534 2287 3579 tum
2329 3522 2571 3589 detexit,
2627 3522 3013 3594 diligenterque
3059 3522 3335 3578 recensuit
3357 3521 3554 3585 omnia,
3595 3529 3645 3575 et
3670 3531 3747 3572 re-

2170 3624 2374 3684 sponso
2407 3628 2506 3670 suo
2543 3627 2760 3670 omnem
2794 3613 3109 3684 sibimetipsi
3135 3613 3500 3670 defensionem
3525 3609 3742 3667 abstulit.

2174 3704 2314 3774 Quid
2343 3706 2487 3761 enim
2515 3714 2667 3776 potes
2689 3704 2892 3774 dicere,
2923 3721 2957 3761 ο
2983 3705 3212 3762 mulier?
3253 3699 3402 3762 Dixit
3444 3704 3576 3760 Deus
3605 3705 3642 3768 ε,
3673 3699 3745 3755 Νι

2173 3798 2452 3853 comedetis
2481 3798 2545 3852 de
2570 3798 2708 3852 omni
2727 3798 2865 3869 ligno
2885 3797 3023 3869 quod
3053 3807 3122 3852 est
3157 3797 3211 3852 in
3235 3797 3495 3868 paradiso.
3542 3793 3745 3865 Oporte-

2177 3888 2269 3944 bat
2312 3897 2365 3944 te
2402 3888 2637 3943 aversari
2683 3902 2829 3953 eum,
2858 3887 2948 3959 qui
2995 3887 3206 3944 diversa
3236 3903 3266 3941 a
3301 3889 3410 3943 Deo
3436 3887 3650 3948 dixerat,
3697 3889 3745 3937 ct

2177 3981 2359 4038 dicere
2411 3998 2425 4035 :
2474 3983 2675 4052 Apage,
2720 3979 2982 4051 impostor
3004 3997 3066 4038 es
3095 3989 3172 4046 tu,
3218 3981 3395 4036 neseis
3422 3993 3586 4049 neque
3608 3988 3744 4031 man-

2177 4074 2288 4131 dati
2328 4074 2484 4131 nobis
2529 4073 2640 4130 dati
2686 4074 3016 4144 potentiam,
3075 4088 3248 4144 neque
3278 4072 3492 4144 quantis
3513 4069 3742 4130 fruimur,

2179 4180 2356 4238 neque
2379 4165 2586 4237 copiam
2611 4177 2802 4221 eorum
2845 4179 2964 4235 quae
2993 4165 3148 4220 nobis
3186 4164 3605 4235 suppeditantur.
3624 4157 3742 4213 Nam

2179 4267 2237 4314 tu
2275 4257 2487 4330 quidem
2529 4257 2609 4312 ais
2636 4257 2803 4312 Deum
2832 4255 3050 4322 dixisse,
3101 4256 3306 4311 nullum
3349 4269 3446 4310 nos
3487 4253 3744 4323 degustare

2177 4349 2378 4406 debere
2411 4350 2653 4420 lignum;
2701 4347 2957 4402 Dominus
2995 4357 3172 4402 autem
3201 4357 3257 4402 et
3283 4345 3538 4402 Conditor
3563 4341 3628 4396 ob
3645 4338 3743 4393 im-

2179 4454 2420 4499 mensam
2447 4457 2599 4498 suam
2626 4441 2918 4497 bonitatem
2947 4438 3100 4495 nobis
3123 4437 3510 4510 permisitfrui,
3533 4443 3584 4490 et
3605 4440 3743 4502 pote-

2180 4544 2372 4592 statem
2420 4535 2621 4590 habere
2660 4535 2936 4598 omnium;
2977 4533 3044 4586 ab
3090 4547 3199 4586 uno
3253 4540 3454 4586 tantum
3497 4525 3743 4582 abstinere

2175 4628 2355 4700 jussit,
2408 4626 2568 4696 idque
2620 4625 2774 4680 nobis
2820 4623 3126 4689 consulens,
3175 4632 3234 4677 ut
3269 4640 3342 4677 .ne
3376 4627 3585 4692 gustato
3633 4612 3739 4670 illo.

2180 4732 2354 4776 morte
2381 4718 2841 4776 occumbercmus.
2882 4717 3194 4788 Oportebat,
3227 4717 3271 4770 si
3301 4714 3511 4786 quidem
3530 4706 3741 4782 prudens

2181 4813 2386 4879 fuisset,
2434 4813 2518 4868 his
2559 4811 2714 4867 dictis
2754 4812 2901 4866 illum
2943 4809 3161 4865 omnino
3202 4807 3469 4871 aversari,
3524 4799 3741 4868 nihilque

2181 4906 2319 4962 ultra
2362 4905 2434 4959 illi
2482 4903 2655 4973 loqui,
2698 4915 2871 4972 neque
2893 4899 3080 4956 audire
3118 4897 3425 4970 loquentem
3458 4914 3472 4950 :
3505 4891 3594 4949 sed
3629 4891 3737 4946 ista.

2183 4999 2422 5056 revelato
2465 5003 2766 5068 pra-cepto.
2815 5001 2872 5050 et
2923 4993 3153 5048 narratis
3208 4993 3300 5047 Dei
3345 4989 3554 5053 verbis,
3608 4977 3738 5036 aliud

2180 5090 2446 5147 letiferum
2490 5095 2544 5143 et
2593 5086 2951 5157 perniciosum
2991 5084 3272 5139 consilium
3317 5083 3385 5138 ab
3424 5080 3514 5136 illo
3547 5071 3738 5141 accipit.

2181 5183 2312 5239 Nam
2339 5190 2624 5253 postquam
2651 5179 2785 5235 dixit
2809 5179 3002 5233 mulier
3050 5195 3064 5231 :
3113 5175 3192 5230 De
3220 5177 3355 5231 omni
3381 5174 3514 5246 ligno
3538 5161 3740 5240 paradisi

2179 5277 2396 5341 edimus,
2435 5275 2500 5328 de
2542 5277 2710 5345 fructu
2741 5280 2913 5325 autem
2953 5269 3080 5340 ligni
3121 5268 3258 5338 quod
3293 5277 3362 5322 est
3393 5266 3445 5319 in
3484 5258 3637 5315 medio
3659 5268 3740 5324 pa-

2178 5372 2361 5435 radisi,
2412 5370 2544 5426 dixit
2593 5367 2753 5434 Deus,
2800 5383 2861 5420 ne
2891 5365 3169 5421 comedetis
3207 5380 3270 5420 ea:
3303 5361 3414 5423 ilio,
3454 5367 3602 5426 neque
3631 5345 3738 5399 atti—

2179 5467 2353 5540 geritis
2376 5466 2564 5535 ipsum,
2615 5478 2678 5516 ne
2705 5459 2991 5516 moriamim'
3011 5476 3032 5526 ,'
3071 5457 3260 5514 iterum
3303 5453 3553 5522 malignus
3571 5439 3734 5498 salutis

2245 5665 2261 5696 ¹
2286 5662 2438 5714 Savll.
2460 5659 2926 5730 additln‘margine,
2955 5671 3105 5724 quare
3135 5657 3200 5721 (τί
3224 5655 3338 5720 ὅτι),
3360 5641 3732 5705 senlenllmque

2185 5723 2544 5790 interrogative
2569 5723 2848 5786 distinguit.
