4110 6474
378 522 476 578 129

380 646 577 692 nostra
620 634 877 693 inimicus
928 632 1256 689 contrarium
1308 632 1417 687 Deo
1465 630 1748 686 consilium
1800 628 1973 684 aliert.

386 731 589 802 Ouippc
627 743 755 785 cum
798 728 1056 798 benignus
1101 726 1238 780 Deus
1266 724 1337 781 ob
1385 738 1630 795 magnam
1675 722 1843 778 nostri
1885 737 1981 776 eu-

388 838 499 876 mn
549 820 619 876 de
662 819 808 890 ligno
843 833 1054 873 sumere
1081 815 1434 888 prohibuerit,
1480 823 1539 871 ut
1565 830 1633 869 ne
1660 828 1755 884 per
1792 813 1995 869 inube-

386 914 640 972 dientiam
686 910 941 977 mortales
971 910 1223 966 iteremus
1269 926 1285 964 :
1338 908 1431 965 Ille
1465 907 1595 963 dicit
1634 906 1847 963 mulieri
1879 923 1894 961 :
1921 909 1977 964 4.

387 1007 512 1061 Non
556 1014 718 1060 morte
750 1001 1051 1058 moriemini.
1100 1000 1253 1070 Quali
1298 999 1453 1054 venia
1496 999 1800 1070 dignabitur
1842 999 1982 1054 ullus

385 1097 689 1162 mulierem,
727 1093 877 1165 quod
895 1093 1114 1149 omnino
1137 1108 1298 1148 aures
1335 1093 1603 1160 aperuerit
1630 1101 1736 1145 tam
1760 1089 1980 1147 audacia

385 1186 624 1242 dicenti?
694 1185 826 1241 Nam
888 1200 1010 1241 eum
1061 1184 1200 1239 Deus
1260 1183 1477 1249 dixerit,
1532 1182 1612 1238 Ne
1663 1180 1975 1249 comedetis,

385 1292 461 1335 ut‘
500 1294 570 1335 ne
603 1276 907 1333 moriamini
936 1294 949 1329 :
979 1277 1070 1332 ille
1090 1276 1298 1347 inquit,
1334 1275 1455 1328 Non
1480 1284 1641 1329 morte
1676 1273 1976 1328 moriemini.

385 1371 520 1426 Dein
568 1386 675 1425 non
714 1379 998 1423 contentus
1035 1367 1300 1423 contraria
1332 1366 1489 1421 dictis
1531 1366 1627 1420 Dei
1672 1365 1976 1436 protulisse,

383 1462 597 1516 incusat
648 1476 771 1516 eum
828 1460 989 1514 etiam
1036 1470 1093 1513 ut
1140 1458 1377 1513 invidum
1404 1457 1696 1527 Opiﬁcem,
1746 1472 1855 1528 quo
1900 1458 1981 1513 sic

383 1553 630 1609 fraudem
679 1552 931 1608 inducere
978 1560 1192 1622 posset,
1261 1560 1316 1606 et
1373 1550 1709 1620 supplantata
1755 1549 1977 1605 muliere

384 1645 719 1716 propositum
768 1659 924 1699 suum
965 1643 1229 1713 impleret.
1292 1642 1416 1698 Non
1471 1651 1630 1697 morte
1673 1640 1976 1696 moriemini.

384 1739 441 1794 5.
486 1738 686 1794 Sciebat
726 1738 859 1791 enim
892 1736 1051 1803 Dens,
1094 1738 1228 1806 quod
1265 1751 1581 1808 quocumque
1604 1734 1686 1788 die
1711 1732 1979 1788 comedetis

385 1848 452 1887 ea:
470 1847 550 1896 eo,
577 1830 869 1899 aperientur
896 1829 1031 1882 oculi
1058 1828 1231 1894 vestri,
1257 1837 1309 1881 et
1330 1827 1472 1881 eritis
1495 1827 1624 1881 sicut
1650 1824 1742 1890 dii,
1770 1824 1980 1880 scientes

387 1928 572 1976 honuni
610 1934 657 1975 et
695 1921 906 1973 malum.
943 1919 1082 1975 Ecce
1127 1929 1289 1973 totam
1332 1933 1557 1974 eseam:
1587 1917 1806 1971 calicem
1835 1915 1978 1970 enim

390 2015 693 2087 pernicioso
720 2029 929 2068 veneno
960 2014 1174 2083 plenum
1206 2012 1418 2068 mulieri
1466 2010 1652 2076 dedit,
1699 2024 1816 2081 quae
1860 2009 1979 2065 leti-

389 2112 558 2163 ferum
583 2107 687 2162 hoc
712 2121 833 2163 esse
855 2107 1037 2162 videre
1065 2107 1254 2162 nolens
1287 2124 1300 2158 :
1335 2114 1540 2176 poterat
1569 2105 1713 2160 enim
1732 2146 1748 2171 ,
1799 2103 1844 2158 si
1888 2118 1982 2158 vo-

388 2201 595 2265 luisset,
634 2199 704 2255 ab
729 2198 881 2253 initio
910 2198 1011 2254 hoc
1035 2198 1210 2263 scire;
1252 2198 1361 2253 sed-
1391 2206 1443 2252 ut
1491 2197 1693 2251 audivit
1733 2196 1802 2253 ab
1850 2196 1975 2263 illo,

387 2290 531 2361 quod
574 2289 694 2346 ideo
720 2304 873 2346 esum
897 2289 1039 2346 hunc
1063 2289 1428 2359 prohibuisset
1450 2288 1611 2354 Deus,
1654 2288 1777 2356 quia
1818 2288 1982 2344 sciret

388 2382 575 2437 oculos
612 2381 850 2451 ipsorum
875 2380 1214 2450 aperiendas,
1245 2394 1459 2450 eosque-
1483 2380 1622 2435 sicut
1656 2378 1787 2434 deos
1830 2379 1978 2448 fere,

388 2473 624 2527 scientes
662 2472 858 2526 bonum
887 2481 942 2527 et
970 2472 1167 2527 malum
1199 2489 1212 2525 :
1246 2471 1523 2542 aequanda:
1547 2469 1840 2525 divinitatis
1885 2485 1982 2540 spe

390 2562 594 2630 inflata,
641 2578 830 2634 magna
880 2563 1125 2635 quaedam
1172 2579 1355 2620 secum
1413 2564 1767 2635 concipiebat.
1822 2561 1982 2620 Tales

390 2656 534 2709 enim
580 2663 707 2709 sunt
748 2654 1168 2710 machinatidnes
1214 2654 1450 2721 inimici,
1505 2663 1564 2711 ut
1616 2654 1832 2725 quando
1887 2670 1984 2726 per

389 2745 762 2815 deceptioncm
810 2746 863 2800 in
908 2745 1139 2801 sublime
1184 2745 1531 2812 subduxerit,
1565 2745 1778 2802 tandem
1821 2754 1877 2802 et
1928 2747 1981 2801 in

390 2835 712 2906 profundum
741 2851 836 2907 per
865 2850 1105 2905 praeceps
1133 2835 1368 2905 dejiciat.
1417 2836 1581 2907 Igitur
1624 2845 1685 2891 ut
1719 2837 1980 2908 aequalem

388 2942 453 2982 se
477 2926 592 2983 fore
636 2927 747 2983 Deo
785 2927 1069 2998 imaginata
1117 2936 1221 2993 est,
1266 2927 1333 2982 ad
1361 2943 1511 2984 esum
1555 2928 1883 2999 properavit,
1927 2937 1984 2985 et

390 3020 517 3074 illuc
563 3030 747 3091 postea
787 3019 907 3074 fixit
951 3027 1007 3076 et
1045 3021 1426 3091 cogitationem
1469 3030 1525 3077 et
1564 3030 1797 3079 mentem
1857 3039 1872 3078 :
1925 3031 1983 3078 et

389 3111 521 3167 nihil
568 3112 711 3167 aliud
750 3112 1122 3168 considerabat
1174 3130 1335 3182 quam
1387 3124 1446 3169 ut
1487 3115 1708 3172 calicem
1750 3129 1782 3171 a
1822 3115 1981 3171 mali-

388 3220 498 3274 gno
519 3203 761 3260 damone
786 3212 1140 3274 temperatum
1180 3213 1441 3276 epotaret.
1468 3205 1599 3260 Nam
1641 3206 1783 3278 quod
1823 3210 1979 3263 acee-

389 3309 483 3367 pto
519 3297 822 3369 pernicioso
857 3298 951 3353 illo
996 3299 1296 3370 serpentini
1342 3300 1549 3356 consilii
1594 3309 1819 3366 veneno,
1875 3300 1983 3356 tale

391 3390 489 3456 ipsi
519 3389 753 3444 studium
782 3389 964 3456 fuerit,
1025 3390 1150 3446 audi
1188 3390 1519 3463 Scripturam
1568 3391 1831 3447 dicentem
1862 3408 1877 3445 :
1923 3390 1978 3447 6.

392 3479 459 3533 Et
484 3480 604 3533 vidit
629 3481 809 3535 mulier
829 3482 967 3551 quod
984 3480 1172 3536 bonum
1195 3491 1323 3536 esset
1340 3483 1537 3552 lignum
1565 3481 1634 3536 ad
1660 3481 1978 3548 vescendum,

388 3580 438 3622 ct
462 3579 663 3640 gratum
689 3568 850 3624 oculis
875 3569 944 3623 ad
962 3570 1252 3638 videndum,
1275 3574 1653 3643 [armorumque
1671 3570 1740 3624 ad
1761 3579 1986 3625 contem-

388 3661 638 3731 plandum
664 3678 683 3717 .'
709 3672 754 3716 et
780 3663 971 3732 accepit
997 3665 1061 3718 de
1087 3667 1256 3734 fructu
1304 3664 1444 3719 illius
1483 3674 1530 3718 et
1578 3664 1813 3719 comedit.
1839 3663 1981 3721 Vere

388 3752 731 3823 Corrumpunt
761 3752 919 3808 bonos
948 3769 1111 3809 mores
1151 3754 1407 3825 colloquia
1444 3771 1601 3825 prava
1630 3754 1706 3827 (I.
1736 3754 1858 3810 Cor.
1889 3756 1978 3811 l5.

389 3845 508 3915 55).
548 3844 724 3912 Quare
750 3845 894 3901 enim
930 3859 1035 3901 non
1064 3855 1190 3902 ante
1219 3846 1543 3902 diabolicum
1590 3848 1876 3904 consilium
1904 3849 1978 3904 illi

390 3937 500 3993 tale
541 3937 668 4008 quid
720 3938 771 3993 in
820 3947 1055 3994 mentem
1098 3939 1264 4005 venit,
1314 3954 1416 3995 nec
1440 3940 1641 4011 lignum
1674 3940 1775 4000 hoc
1803 3941 1984 3997 consi—

388 4028 616 4096 deravit,
643 4044 743 4085 nec
770 4030 887 4101 ejus
912 4030 1359 4102 pulchritudinem
1390 4032 1563 4087 vidit?
1598 4032 1731 4102 Quia
1763 4033 1981 4089 timebat

389 4120 699 4177 mandatum
742 4122 875 4189 Dei,
928 4133 982 4179 et
1026 4123 1477 4195 subsequuturum
1521 4139 1587 4181 ex
1633 4140 1728 4181 esu
1774 4127 1980 4198 suppli-

389 4212 532 4268 cium
556 4228 731 4269 :nunc
756 4222 932 4270 autem
964 4224 1241 4286 postquam
1270 4231 1301 4271 a
1330 4217 1467 4271 mala
1498 4216 1599 4272 hac
1627 4216 1795 4273 bestia
1821 4217 1981 4272 dece-

393 4313 482 4375 pta
516 4314 617 4372 est,
662 4306 733 4361 ita
760 4315 817 4360 ut
843 4306 1090 4361 crederet
1130 4321 1236 4362 non
1287 4307 1459 4363 solum
1491 4307 1622 4363 nihil
1648 4308 1830 4364 damni
1857 4308 1981 4364 hinc

393 4410 663 4466 passuros,
688 4396 782 4452 sed
807 4404 862 4452 et
890 4397 999 4452 Deo
1026 4398 1262 4467 :equales
1289 4413 1409 4454 esse
1435 4398 1660 4466 futuros,
1681 4407 1808 4455 tunc
1833 4399 1976 4455 illam

391 4501 517 4557 spes
537 4487 904 4557 promissionis
931 4488 996 4543 ad
1023 4488 1349 4545 sumendum
1363 4491 1539 4546 cibum
1566 4490 1776 4561 impulit
1821 4509 1834 4546 :
1881 4506 1979 4547 ne-

391 4593 497 4647 que
525 4580 661 4633 intra
683 4590 810 4633 suos
831 4577 1028 4634 limites
1066 4589 1341 4645 contenta,
1387 4581 1481 4636 sed
1508 4580 1726 4636 inimico
1759 4590 1813 4637 et
1837 4580 1978 4638 hosti

391 4667 579 4723 salutis
631 4677 828 4723 nostra:
858 4669 1114 4739 majorem
1144 4670 1302 4725 tidem
1330 4670 1554 4738 habens,
1597 4688 1757 4744 quam
1799 4672 1979 4730 verbis

392 4763 487 4820 Dei
516 4782 530 4819 :
561 4767 886 4838 experientia
924 4783 1018 4823 sua
1062 4785 1169 4824 non
1214 4770 1385 4826 multo
1412 4779 1532 4841 post
1554 4770 1741 4827 didicit
1766 4770 1978 4827 consilii

391 4857 704 4927 perniciem,
742 4869 798 4915 et
834 4869 1029 4930 quanta
1059 4862 1336 4917 calamitas
1394 4863 1540 4931 ipsos
1577 4862 1979 4934 deprehensum

387 4955 554 5003 esset.
596 4947 728 5004 Nam
752 4948 821 5005 Ut
848 4951 991 5015 vidit,
1021 4950 1212 5022 inquit,
1243 4952 1379 5023 quod
1412 4952 1607 5023 lignum
1640 4961 1764 5008 esset
1793 4953 1980 5008 bonum

388 5038 460 5092 ad
499 5040 815 5106 vescendum,
853 5049 901 5095 et
934 5042 1070 5110 quod
1097 5043 1256 5097 oculis
1283 5052 1487 5114 gratum
1505 5043 1574 5097 ad
1597 5044 1891 5109 videndum,
1933 5054 1979 5098 et

392 5128 673 5195 [annosum
696 5133 766 5186 ad
806 5133 1272 5204 contemplandum,
1311 5135 1562 5206 cogitavit
1599 5150 1805 5203 secum,
1843 5134 1979 5191 forte

388 5237 457 5276 ex
494 5222 690 5279 diaboli
716 5223 1056 5296 deceptione,
1089 5242 1250 5297 quam
1278 5242 1375 5298 per
1393 5237 1695 5298 serpentem
1722 5229 1811 5285 ille
1848 5230 1978 5286 affe-

392 5312 544 5367 rebat
589 5331 603 5368 :
635 5313 693 5370 Si
725 5325 782 5372 et
818 5316 886 5372 ad
917 5318 1240 5373 vescendum
1270 5318 1467 5374 bonum
1491 5330 1576 5377 est
1599 5320 1822 5391 lignum,
1851 5329 1907 5377 et
1931 5322 1977 5377 si

391 5412 593 5459 tantum
615 5406 799 5462 oculos
826 5407 1095 5464 oblectare
1118 5417 1315 5479 potest,
1340 5419 1398 5467 et
1423 5411 1818 5483 pulchritudine
1843 5428 1981 5484 pra)-

388 5494 559 5550 ditum
594 5506 678 5551 est
719 5496 994 5564 ineﬁ‘abili,
1035 5499 1079 5555 si
1121 5499 1283 5556 etiam
1306 5500 1424 5572 ejus
1448 5502 1682 5573 sumptio
1707 5517 1977 5560 summum

390 5583 546 5641 nobis
595 5587 857 5656 praebebit
905 5588 1166 5646 honorem
1187 5630 1203 5656 ,
1264 5600 1320 5647 et
1378 5591 1690 5650 habebimus
1733 5593 1977 5651 eamdem

387 5689 552 5746 quam
593 5677 853 5734 Conditor
894 5677 1232 5750 dignitatem,
1277 5695 1442 5752 quare
1486 5697 1595 5739 non
1618 5688 1979 5741 ‘Sumerenms

389 5766 583 5823 decet

460 5860 514 5913 4.
557 5858 746 5918 Vidisti
772 5861 1043 5928 quomodo
1076 5863 1220 5920 illam
1245 5862 1490 5921 diabolus
1512 5865 1776 5937 captivam
1806 5865 1974 5932 duxit,

400 5963 454 6008 et
492 5954 676 6010 allexit
706 5955 1043 6012 ratiocinium
1089 5956 1247 6029 ejus,
1293 5956 1521 6031 fecitque
1563 5968 1622 6016 ut
1657 5975 1776 6032 quas
1813 5976 1972 6035 supra

1493 517 1554 575 IN
1594 478 1828 573 CADII.
1870 514 2119 574 cenas.
2163 515 2392 572 nomn.
2439 516 2577 573 nn.

3581 521 3697 575 lim.

2093 643 2246 684 suam
2294 628 2606 699 dignitatem
2658 638 2812 686 erant
2854 644 3045 702 sapere
3093 631 3334 699 auderet,
3362 649 3465 703 qm.
3495 634 3689 699 inﬂatu.

2088 733 2185 788 spe
2223 733 2380 787 vana,
2436 719 2507 776 ab
2546 720 2633 775 his
2668 736 2893 792 quoque
2933 737 3055 792 qua:
3102 723 3203 793 ipsi
3233 739 3491 781 concessa
3525 738 3686 780 erant

2087 808 2407 867 excideret?
2435 809 2502 866 Et
2528 813 2723 883 accepit
2748 813 2813 868 de
2842 815 3011 885 fructu
3044 814 3204 881 illius,
3240 826 3287 870 et
3329 817 3547 872 comedit
3577 833 3596 870 :
3632 835 3680 872 et

2087 899 2225 955 dedit
2262 901 2417 956 etiam
2448 901 2556 957 viro
2590 920 2704 968 suo,
2734 914 2781 958 et
2811 906 3130 961 comederunt
3159 921 3179 961 :
3205 907 3259 963 7.
3287 917 3333 962 et
3360 910 3527 979 aperti
3554 921 3687 971 sunt

2085 993 2220 1047 oculi
2259 993 2485 1060 illorum,
2533 1007 2582 1050 et
2619 1006 2957 1069 cognorernnt
2982 1000 3119 1069 quod
3156 1002 3281 1054 nudi
3308 1013 3489 1058 essent.
3541 1004 3687 1071 Quid!

2086 1084 2293 1153 fecisti,
2332 1101 2366 1141 ο
2404 1087 2636 1143 mulier?
2687 1089 2799 1144 Non
2849 1091 3021 1147 solum
3067 1092 3366 1161 pernicioso
3407 1105 3630 1165 accepto
3663 1095 3677 1124 ‘

2084 1179 2311 1234 consilio
2339 1179 2513 1250 legem
2547 1196 2581 1235 a
2618 1181 2727 1236 Deo
2753 1182 2933 1238 datam
2956 1183 3303 1251 conculcasti,
3363 1195 3420 1240 et
3457 1186 3689 1240 manda-

2087 1276 2196 1323 tum
2238 1272 2635 1342 contempsisti,
2688 1275 2826 1328 etin
2868 1283 3066 1329 tantum
3094 1277 3284 1332 venisti
3318 1277 3674 1348 intemperan-

2085 1359 2234 1425 tiam,
2279 1369 2338 1416 ut
2381 1378 2487 1417 non
2530 1373 2780 1419 contenta
2826 1374 2906 1419 tot
2954 1375 3331 1438 tantorumque
3378 1370 3671 1428 fruitione.

2084 1451 2245 1507 etiam
2292 1453 2510 1509 unicum
2555 1455 2659 1511 hoc
2699 1455 2901 1527 lignum
2925 1497 2942 1523 ,
2991 1457 3061 1514 de
3098 1474 3209 1529 quo
3247 1475 3316 1515 ne
3361 1462 3687 1517 comederes

2084 1555 2417 1616 przeceperat
2445 1546 2723 1615 Dominus,
2761 1564 2891 1604 ausa
2918 1549 2992 1605 sis
3018 1567 3252 1615 sumere,
3291 1562 3346 1607 et
3371 1552 3473 1607 fide
3503 1554 3709 1609 habita.

2083 1635 2151 1692 iis
2185 1653 2306 1707 qua:
2333 1651 2364 1692 a
2392 1649 2648 1708 serpente
2675 1638 2817 1695 dicta
2842 1649 3007 1709 sunt,
3057 1640 3266 1698 ﬁdelius
3308 1645 3505 1713 putasti
3538 1644 3683 1700 illius

2085 1728 2387 1798 consilium,
2419 1745 2578 1801 quam
2616 1731 2925 1788 mandatum
2971 1748 3003 1789 a
3046 1734 3337 1795 Conditore
3372 1738 3578 1803 datum,
3627 1746 3696 1793 et

2086 1819 2140 1876 in
2180 1828 2385 1876 tantum
2445 1821 2667 1893 decepta
2710 1839 2810 1890 es,
2868 1834 2926 1881 ut
2972 1841 3043 1882 ne
3083 1827 3235 1882 venia
3264 1827 3479 1898 quidem
3522 1828 3680 1899 digna

2086 1910 2208 1966 sis?
2304 1912 2440 1967 Num
2501 1913 2647 1969 enim
2707 1915 2946 1985 ejusdem
2998 1928 3202 1974 natura:
3262 1929 3379 1975 erat
3431 1921 3537 1990 qui.
3582 1921 3691 1978 hoe

2085 2003 2438 2058 consulebat?
2494 2005 2569 2058 Ex
2615 2007 2848 2066 subditis
2874 2019 2929 2063 et.
2954 2012 3148 2076 servis,
3195 2020 3259 2065 et.
3284 2013 3388 2068 sub
3415 2024 3506 2067 tua
3532 2023 3682 2084 pote-

2084 2103 2222 2150 state
2276 2104 2427 2152 erat.-
2458 2097 2651 2166 Quare
2679 2100 2758 2154 sic
2805 2101 3030 2170 teipsam
3078 2103 3311 2171 tiedasti,
3341 2114 3397 2160 et
3423 2106 3513 2161 illo
3550 2107 3681 2161 reli~

2083 2197 2193 2251 cto,
2229 2197 2451 2257 propter.
2476 2204 2636 2259 quem
2675 2189 2907 2246 formata
2956 2207 3054 2258 es,
3106 2193 3174 2249 ad
3224 2194 3379 2264 cujus
3425 2196 3691 2251 auxilium

2086 2276 2342 2346 producta
2411 2292 2525 2344 es,
2577 2280 2730 2349 cujus
2793 2281 3110 2352 dignitatum
3164 2298 3225 2338 es
3271 2286 3539 2356 particeps
3562 2328 3576 2350 ,
3627 2298 3687 2342 et

2086 2384 2209 2424 cum
2263 2385 2369 2440 quo
2408 2371 2651 2441 ejusdem
2683 2387 2741 2427 es
2777 2374 3091 2429 substantia:
3135 2385 3191 2431 et
3222 2377 3391 2444 vocis,
3437 2378 3490 2432 in
3531 2379 3691 2434 fanti.

2087 2460 2370 2516 liaritatem
2400 2463 2669 2533 serpentis
2709 2465 2914 2520 venire
2941 2464 3263 2535 sustinuisti,
3316 2475 3373 2522 ut
3411 2482 3441 2522 a
3472 2468 3686 2524 diabolo

2086 2567 2182 2623 per
2201 2552 2342 2608 hanc
2366 2553 2594 2610 bestiam
2619 2557 2894 2626 acciperes
2931 2558 3215 2615 consilium
3241 2561 3524 2617 manifeste
3552 2577 3687 2618 con-

2087 2645 2307 2701 trarium
2349 2645 2414 2702 iis
2460 2663 2581 2718 qua:
2640 2663 2672 2703 a
2725 2648 2838 2704 Deo
2880 2658 3009 2706 sunt
3046 2650 3288 2721 injuncta
3322 2671 3336 2707 :
3366 2669 3541 2725 neque
3607 2656 3687 2712 sic

2085 2748 2339 2794 aversata.
2376 2753 2438 2795 es
2479 2739 2665 2807 illum,
2722 2739 2819 2796 sed
2865 2755 2964 2812 spe
3008 2743 3401 2812 promissionis,
3452 2745 3523 2800 de
3562 2747 3686 2803 cibo

2086 2830 2179 2887 illo
2207 2846 2422 2887 sumere
2450 2846 2577 2887 ause
2609 2833 2703 2888 es?
2734 2833 2867 2889 Esto
2895 2835 3091 2904 igitur;
3139 2836 3365 2907 teipsam
3403 2839 3456 2892 in
3481 2847 3684 2895 tantum

2086 2923 2439 2994 praecipitium
2479 2923 2772 2995 depuleris,
2814 2934 2872 2980 et
2897 2926 3104 2981 honore
3143 2927 3378 2983 maxime
3434 2926 3682 3000 privare}-

2086 3015 2163 3071 ris
2208 3031 2224 3069 :
2296 3030 2463 3085 quare
2498 3022 2555 3070 et
2593 3015 2767 3071 virum
2817 3025 2984 3072 tantae
3036 3017 3205 3073 ruina:
3251 3020 3458 3075 socium
3502 3019 3682 3076 facis!

2087 3117 2144 3165 et
2186 3109 2344 3179 cujus
2392 3118 2448 3164 te
2475 3108 2791 3180 adjutrieem
2834 3124 2956 3165 esse
2999 3109 3307 3181 oportebat,
3352 3112 3497 3169 illius
3547 3112 3686 3169 facta

2085 3216 2146 3259 es
2170 3201 2487 3268 insidiatrix,
2533 3210 2589 3257 et
2621 3202 2691 3257 ob
2730 3202 3009 3257 minimum
3048 3203 3154 3259 cibi
3185 3202 3335 3259 illum
3362 3219 3577 3276 quoque
3608 3216 3683 3263 tc-

2085 3301 2208 3350 ettm
2236 3310 2268 3351 a
2309 3293 2479 3366 gratia
2511 3294 2605 3349 Dei
2633 3293 2954 3351 abalienas?
2999 3294 3129 3364 Qum
3169 3305 3224 3353 te
3268 3297 3569 3370 prodigiosa
3600 3301 3683 3354 in-

2086 3386 2234 3441 sania
2257 3385 2311 3441 in
2336 3393 2535 3440 tantam
2557 3385 2832 3441 audaciam
2864 3386 3107 3441 induxit?
3136 3387 3254 3444 Non
3287 3390 3417 3445 satis
3446 3400 3561 3445 erat
3590 3390 3682 3444 tibi

2087 3475 2296 3532 beatam
2325 3474 2464 3530 hanc
2488 3475 2649 3530 vitam
2675 3489 2857 3547 agere,
2887 3483 2944 3531 et
2965 3490 3194 3546 corpore
3229 3478 3443 3548 quidem
3472 3481 3681 3544 vestiri,

2087 3584 2262 3641 neque
2284 3569 2581 3640 corporalis
2618 3569 2696 3624 rei
2726 3569 2951 3639 alicujus
2979 3570 3210 3641 indigam
3242 3573 3400 3627 esse?
3437 3574 3680 3630 omnibus

2086 3661 2141 3717 in
2195 3659 2442 3731 paradiso
2482 3659 2619 3724 frui,
2666 3669 2892 3732 excepto
2938 3662 3096 3716 unico
3124 3662 3680 3734 hocligno‘tvisibilia

2086 3754 2266 3809 omnia
2299 3751 2400 3808 sub
2425 3760 2603 3808 vestra
2632 3767 2752 3809 esse
2787 3761 3070 3824 potestate,
3118 3763 3174 3810 et
3208 3763 3260 3813 te
3297 3771 3418 3814 esse
3444 3759 3681 3816 omnium

2085 3850 2399 3907 dominam?
2440 3851 2546 3909 Sed
2576 3852 2731 3908 vanis
2760 3852 2983 3923 decepta
3035 3854 3516 3925 promissiopibus,
3562 3871 3681 3928 spe-

2086 3943 2216 3999 rasti
2242 3943 2402 3998 etiam
2432 3943 2486 3997 in
2514 3958 2781 3998 summum
2814 3942 3095 4013 pervenire
3123 3942 3348 4000 honoris
3372 3944 3639 4017 fastigium
3661 3947 3701 4000 ΐ-

2087 4036 2291 4092 ldcirco
2318 4036 2493 4092 disces
2521 4052 2581 4092 re
2610 4037 2743 4106 ipsa,
2764 4046 2817 4091 te
2845 4050 2951 4091 non
2979 4035 3152 4091 solum
3181 4036 3270 4091 illa
3304 4052 3409 4093 non
3431 4052 3701 4110 assequik-

2086 4136 2257 4183 turam
2304 4141 2447 4193 esse,
2493 4127 2588 4182 sed
2634 4134 2690 4182 et
2733 4126 2981 4182 omnibus
3012 4125 3124 4196 jam
3165 4142 3197 4181 a
3244 4127 3354 4182 Deo
3404 4128 3497 4183 tibi
3544 4128 3701 4185 datis-

2086 4216 2393 4288 privandam
2423 4225 2478 4273 et
2506 4217 2752 4287 teipsam,
2804 4224 2861 4272 et
2895 4216 3070 4271 virum
3112 4234 3126 4271 :
3162 4226 3325 4287 atque
3368 4217 3421 4273 in
3477 4226 3680 4275 tantam

2085 4309 2454 4381 paenitentiam
2503 4310 2748 4375 venietis,
2791 4318 2851 4365 ut
2902 4319 2957 4365 et
2997 4324 3152 4366 serus
3178 4320 3359 4367 vester
3393 4311 3550 4369 dolor
3600 4313 3678 4369 fir-

2085 4412 2255 4471 turus,
2300 4413 2356 4460 et
2393 4404 2655 4475 malignus
2679 4403 2910 4466 daemon,
2941 4403 3032 4473 qui
3057 4402 3161 4459 hoc
3187 4401 3503 4460 damnosum
3529 4405 3687 4463 vobis

2083 4495 2365 4552 consilium
2382 4494 2649 4567 suggessit
2675 4495 2901 4562 risurus,
2924 4495 3184 4567 vobisque
3212 4495 3560 4553 insultaturus
3588 4499 3680 4564 sit,

2084 4596 2268 4659 utpote
2307 4587 2631 4659 jacentibus,
2662 4596 2717 4643 et
2742 4587 2933 4644 eadem
2959 4604 3079 4659 qua:
3108 4589 3222 4660 ipse
3247 4589 3437 4661 passis.
3466 4590 3699 4649 Etenim:

2083 4680 2222 4736 sicut
2249 4680 2336 4736 ille
2358 4695 2518 4751 supra
2544 4694 2704 4750 quam
2745 4678 2970 4735 decebat
3001 4678 3071 4735 de
3104 4694 3165 4736 se
3205 4682 3465 4749 sentiens,
3495 4697 3687 4739 aconu.

2082 4785 2232 4828 cessa
2263 4770 2518 4842 dignitate
2542 4770 2878 4838 deturbatus,
2924 4780 2979 4826 et
3007 4786 3047 4826 e
3074 4771 3221 4826 caelis
3254 4771 3309 4827 in
3350 4781 3545 4828 terram
3576 4773 3675 4828 de-

2078 4862 2255 4935 jectus
2290 4871 2374 4918 est
2406 4879 2421 4918 :
2449 4861 2588 4917 istud
2614 4861 2789 4932 ipsum
2814 4868 2872 4916 et
2893 4876 2990 4915 vos
3020 4859 3215 4928 facere,
3244 4870 3299 4917 ct
3326 4861 3677 4933 permandati

2084 4953 2579 5025 praevaricationem
2635 4952 2690 5008 in
2742 4951 2931 5008 mortis
2978 4952 3163 5011 venire
3211 4966 3426 5023 pcenam
3475 4953 3699 5020 voluit},

2083 5046 2156 5103 ita
2200 5061 2312 5102 sua:
2335 5045 2666 5101 satisfaciens
2686 5043 2898 5100 invidiae
2927 5060 2941 5097 :
2974 5043 3113 5099 sicut
3141 5042 3433 5115 et‘sapiens
3458 5043 3677 5133 quidam

2083 5137 2291 5194 dicebat
2319 5154 2333 5191 :
2362 5134 2570 5191 Invidia
2602 5144 2771 5191 autem
2809 5133 3023 5202 diaboli,
3068 5150 3204 5189 mors
3232 5134 3287 5188 in
3311 5133 3559 5189 mundum
3596 5137 3678 5190 in-

2083 5231 2231 5283 trauit
2272 5227 2431 5299 (Sap.
2457 5227 2512 5282 2.
2541 5225 2658 5296 24).
2707 5224 2787 5280 Et-
2813 5225 2971 5293 dedit,
3002 5224 3193 5296 inquit,
3226 5216 3377 5280 etiam
3404 5226 3511 5281 viro
3539 5243 3634 5283 suo
3658 5247 3677 5295 ;

2083 5331 2131 5376 et
2169 5320 2526 5383 comederunt,
2572 5327 2621 5373 et
2662 5318 2840 5397 aperti
2868 5327 2986 5372 sunt
3027 5317 3163 5372 oculi
3213 5317 3437 5372 ittorum.
3488 5317 3680 5392 Magna

2082 5413 2244 5470 etiam
2291 5411 2390 5467 viri
2432 5410 2772 5482 negligentia.
2808 5407 2939 5464 Nam
2968 5408 3093 5464 licet
3119 5408 3209 5464 illa
3236 5409 3476 5480 ejusdem
3506 5426 3674 5483 gene.

2084 5506 2159 5562 ris
2190 5514 2355 5571 esset,
2400 5512 2455 5560 et
2494 5518 2649 5571 uxor,
2688 5501 3254 5571 attamen‘oportebat
3300 5502 3473 5557 virum
3510 5503 3675 5573 pluris

2085 5599 2271 5657 facere
2307 5607 2627 5670 praeceptum
2680 5597 2804 5661 Dei,
2859 5610 3019 5666 quam
3070 5594 3306 5652 illicitam
3351 5595 3490 5651 hanc
3534 5595 3682 5652 illius

2083 5690 2590 5762 euincupisccntiam,
2634 5698 2692 5746 et
2737 5703 2843 5743 non
2891 5687 3005 5743 fieri
3046 5685 3505 5758 praevaricationis
3550 5700 3667 5758 par-

2084 5784 2319 5856 ticipem,
2348 5797 2519 5855 neque
2557 5782 2628 5838 ob
2648 5778 2902 5838 minimas
2925 5781 3222 5851 voluptates
3248 5779 3409 5835 tantis
3437 5778 3671 5849 seipsum

2155 5968 2171 5998 ί
2207 5962 2350 6016 savii.
2372 5969 2431 6016 et.
2447 5970 2574 6022 atas,
2594 5969 2637 6015 ο
2652 5959 2869 6014 mulier?
2889 5972 3044 6025 quare
3055 5955 3328 6025 pernicioso
3337 5956 3551 6017 arrepto;
3573 5964 3679 6004 etc.
