4110 6460
472 525 567 581 HI

473 637 681 706 privare
707 633 881 697 bonis,
912 639 966 685 et
992 629 1266 684 ollendere
1299 625 1714 688 hencfaetorem,
1757 620 1846 691 qui
1893 616 2042 673 illum

475 735 616 780 tanta
655 721 978 792 benignitate
1008 721 1024 751 ¹
1055 719 1389 786 amplexatus
1429 726 1565 779 erat,
1605 713 1871 779 vitamque
1898 707 2050 762 dolo-

472 817 546 870 ris
586 824 640 870 ct
677 814 875 870 laboris
917 813 1091 867 omnis
1133 818 1406 881 expertem
1454 812 1813 862 concesserat.
1861 803 2052 856 Annon

473 907 617 962 enim
657 905 854 960 licebat
889 902 1137 957 omnibus
1184 900 1304 955 aliis
1351 914 1470 969 qua:
1507 899 1558 951 in
1601 894 1847 966 paradiso
1899 897 2057 946 erant

472 999 682 1055 abunde
713 997 851 1052 frui?
893 1012 1056 1066 quare
1095 1003 1202 1049 tam
1241 994 1357 1048 leve
1397 990 1701 1046 mandatum
1747 984 2058 1054 nequeipse

475 1089 685 1144 voluisti
716 1089 972 1142 servare?
1011 1086 1115 1142 Sed
1155 1085 1291 1139 forte
1328 1081 1572 1138 audivisti
1610 1096 1639 1134 a
1687 1078 1908 1133 muliere
1937 1091 2057 1146 per-

478 1181 662 1236 niciosi
709 1180 913 1236 consilii
957 1177 1384 1248 promissionem,
1431 1185 1486 1228 et
1525 1187 1622 1242 spe
1649 1172 1809 1226 etiam
1835 1169 1949 1238 ipse
1980 1167 2062 1220 in-

476 1275 652 1338 ﬂatus,
674 1271 777 1326 cibi
806 1270 980 1324 statim
1014 1268 1277 1338 particeps
1303 1264 1471 1319 factus
1497 1278 1576 1317 es.
1612 1262 1813 1316 Idcirco
1837 1267 2061 1326 uterque

477 1363 789 1432 supplicium
818 1359 972 1415 luetis
995 1398 1009 1425 ,
1043 1357 1358 1426 docebitque
1383 1369 1477 1409 vos
1497 1368 1677 1409 rerum
1696 1347 2020 1421 experientia
2043 1387 2058 1412 ,

477 1471 580 1508 non
625 1468 743 1508 esse
785 1452 888 1506 ﬁde
926 1449 1136 1521 dignius
1178 1447 1395 1516 maligni
1441 1443 1701 1500 damonis
1745 1439 2058 1501 consilium,

476 1560 632 1615 quam
665 1543 754 1598 Dei
785 1550 1129 1613 prmceptum.
1177 1536 1245 1592 Et
1276 1536 1414 1591 dedit
1443 1536 1592 1589 etiam
1611 1533 1718 1587 viro
1739 1547 1864 1594 suo;
1902 1537 1948 1582 et
1972 1543 2060 1581 co-

477 1636 757 1699 mederunt,
789 1643 833 1687 et
859 1633 1021 1702 aperti
1049 1641 1164 1686 sunt
1195 1629 1328 1684 oculi
1350 1627 1632 1690 amborum,
1661 1633 1707 1679 et
1729 1627 2063 1693 cognoverunt

477 1727 611 1797 quod
637 1725 760 1779 nudi
784 1732 966 1777 essent.

546 1817 600 1872 5.
639 1814 877 1882 Quaestio
897 1827 1085 1882 magna
1112 1810 1266 1866 nobis
1295 1809 1419 1864 hinc
1449 1806 1682 1861 nascitur
1701 1845 1715 1868 ,
1743 1817 1805 1857 ea
1831 1800 2060 1866 scilicet,

478 1920 637 1976 quam
680 1918 850 1974 nuper
879 1899 1169 1972 pollicebar
1197 1897 1406 1954 caritati
1451 1904 1660 1950 vestae.
1689 1892 1880 1947 Merito
1918 1891 2062 1946 enim

481 1999 601 2068 quis
630 1996 916 2067 rogaverit,
939 2008 1098 2064 quam
1126 1992 1377 2045 virtutem
1415 1985 1660 2042 habuerit
1696 1984 1798 2038 hoc
1823 1983 2022 2053 lignum
2044 2021 2061 2049 ,

480 2089 632 2158 cujus
660 2101 786 2142 esus
813 2086 1024 2140 illorum
1059 2084 1240 2139 oculos
1261 2080 1566 2152 aperuerit,
1592 2086 1647 2133 et
1677 2091 1842 2148 quare
1864 2076 2063 2145 lignum

479 2181 716 2236 scientia:
737 2179 860 2234 boni
878 2187 931 2233 et
953 2177 1078 2230 mali
1096 2184 1334 2230 vocetur.
1359 2172 1429 2227 Et
1455 2172 1498 2226 si
1529 2171 1719 2242 placet,
1734 2176 2059 2238 exspectate,

479 2280 538 2325 ut
571 2285 735 2341 pauca
769 2269 929 2324 etiam
965 2266 1034 2322 de
1083 2267 1167 2320 bis
1199 2264 1470 2320 disserens
1516 2261 1793 2316 caritatem
1833 2266 2065 2312 vestram

407 2364 410 2368 ’
477 2363 721 2426 doceam,
739 2359 782 2414 si
809 2357 1133 2413 voluerimus
1152 2353 1463 2425 prudenter,
1481 2367 1601 2421 qua:
1632 2351 1686 2405 in
1709 2349 1890 2404 divina
1917 2347 2066 2403 Scri-

481 2460 635 2520 ptura
659 2451 929 2513 dicuntur,
963 2446 1279 2516 intelligere,
1309 2443 1439 2498 nihil
1467 2442 1730 2496 dictorum
1757 2439 1914 2494 nobis
1938 2436 2069 2493 diffl-

479 2543 584 2598 cile
627 2541 797 2596 visum
839 2541 926 2595 iri.
953 2539 1138 2608 Neque
1165 2536 1308 2592 enim
1351 2549 1476 2589 esus
1511 2548 1577 2588 ex
1605 2547 1672 2587 eo
1700 2531 1842 2600 ligno
1881 2527 2068 2586 oculos

482 2636 696 2690 illorum
741 2633 991 2701 aperuit:
1028 2645 1150 2684 nam
1201 2637 1254 2684 et
1296 2636 1423 2682 ante
1463 2641 1612 2681 esum
1660 2623 1944 2688 videbant;
1972 2620 2067 2678 sed

479 2726 602 2796 quia
632 2738 756 2780 esus
782 2723 873 2777 ille
896 2719 1268 2776 inobedientiae
1299 2725 1416 2772 erat
1439 2723 1832 2786 argumentum,
1853 2723 1908 2768 et
1933 2727 2070 2783 pra:-

479 2814 736 2871 varicatio
778 2811 1012 2867 mandati
1053 2824 1084 2865 a
1115 2810 1225 2864 Deo
1267 2807 1444 2862 traditi
1478 2826 1490 2861 :
1523 2821 1682 2876 quam
1732 2805 1802 2859 ob
1845 2817 2065 2859 causam

479 2915 663 2977 postea
711 2903 893 2960 nudati
935 2911 1059 2958 sunt
1105 2901 1304 2971 gloria,
1336 2915 1456 2970 qum
1500 2899 1621 2954 illos
1667 2895 2068 2964 circumdabat,

479 2999 603 3068 quia
649 3012 710 3053 se
751 2995 998 3067 indignos
1047 2993 1142 3049 tali
1189 2992 1394 3050 honore
1447 2992 1683 3048 fecerant
1721 3010 1734 3044 :
1784 2999 2069 3060 propterea

482 3090 758 3159 Scriptura
798 3102 1002 3144 morem
1037 3101 1194 3142 suum
1237 3085 1563 3151 observans,
1591 3084 1798 3154 inquit:
1827 3081 2071 3138 Consede-

484 3189 600 3236 runt
624 3219 639 3244 ,
663 3189 709 3235 et
735 3181 895 3250 aperti
936 3189 1050 3234 sunt
1067 3179 1208 3254 poculi
1227 3177 1433 3232 illorum
1455 3218 1469 3242 ,
1500 3187 1545 3230 et
1569 3185 1906 3247 cognoverunt
1935 3175 2070 3248 quod

484 3271 609 3326 nudi
629 3279 788 3326 essent
811 3286 830 3335 ;
856 3269 1038 3326 nudati
1064 3275 1285 3340 propter
1310 3277 1586 3339 peccatum
1613 3282 1857 3336 superna:
1886 3264 2072 3338 gratiae

482 3361 680 3416 amictu
699 3402 714 3425 ,
747 3359 1014 3416 sensibilis
1055 3375 1168 3415 suae
1195 3358 1446 3414 nuditatis
1472 3371 1688 3413 sensum
1714 3364 2072 3427 acceperunt,

485 3458 542 3504 ut
572 3465 665 3520 per
683 3449 1130 3515 erubescentiam,
1158 3463 1278 3520 qua:
1304 3447 1588 3503 invadebat
1611 3449 1776 3519 ipsos,
1799 3457 1949 3503 certo
1969 3447 2074 3502 sci-

486 3550 610 3599 rent
643 3543 698 3597 in
746 3551 997 3612 quantam
1032 3541 1241 3596 ruinam
1287 3541 1433 3611 ipsos
1482 3539 1791 3596 adduxisset
1837 3538 2072 3595 mandati

485 3631 737 3686 dominici
783 3631 1170 3700 praevaricatio.
1214 3631 1315 3697 Qui
1371 3630 1513 3685 enim
1559 3640 1714 3686 antea
1761 3631 2074 3685 fruebantur

486 3729 632 3775 tanta
660 3720 873 3788 ﬁducia,
904 3729 958 3776 et
985 3735 1160 3789 neque
1186 3721 1288 3775 sibi
1316 3721 1516 3775 conscii
1563 3728 1717 3775 erant
1748 3735 1868 3776 sese
1901 3719 2074 3775 nudos

486 3825 646 3867 esse:
679 3825 778 3864 nec
826 3811 953 3865 nudi
999 3819 1170 3875 erant,
1199 3809 1626 3882 quandoquidem
1655 3827 1885 3881 superna
1928 3811 2074 3883 ipsos

484 3901 655 3972 gloria
699 3901 887 3972 quovis
940 3905 1261 3958 vestimento
1317 3901 1596 3958 honestius
1657 3904 1914 3974 tegebat:
1952 3913 2075 3975 post

484 4009 656 4058 csum,
685 3993 786 4048 hoc
813 4001 913 4059 est,
949 4001 1068 4063 post
1094 3994 1592 4064 przevaricationem
1643 4003 2030 4066 praeceptorum
2053 4035 2069 4061 ,

487 4085 539 4137 in
569 4091 768 4139 tantam
798 4084 1055 4140 vilitatem
1094 4083 1297 4140 redacti
1334 4095 1478 4151 sunt,
1509 4096 1566 4140 ut
1588 4085 1658 4140 ob
1682 4085 2072 4142 intolerabilem

491 4174 743 4244 pudorem
788 4185 992 4231 vestem
1043 4184 1167 4232 tunc
1208 4186 1537 4247 quaarerent.
1586 4177 1793 4250 Quippe
1838 4179 2074 4234 mandati

492 4265 858 4335 praevaricatio
897 4275 954 4319 ut
997 4268 1337 4336 supervenit,
1369 4277 1573 4322 vestem
1612 4268 1757 4322 illam
1798 4284 1990 4324 novatn
2020 4277 2076 4325 et

488 4356 878 4423 admirabilem,
904 4357 1091 4426 gloriae
1116 4359 1329 4426 inquam
1351 4373 1410 4412 ac
1430 4373 1674 4429 supernae
1691 4360 2073 4416 benevolentia:

490 4461 596 4515 qua
623 4445 792 4501 induti
823 4456 978 4502 erant
1000 4487 1015 4512 ,
1043 4448 1293 4514 abstulit,
1324 4458 1379 4504 et
1406 4450 1658 4506 nuditatis
1679 4467 1896 4507 sensum
1933 4469 2072 4523 prae-

491 4537 627 4604 buit,
657 4538 884 4608 illesque
913 4539 1114 4608 ingenti
1145 4539 1348 4608 pudore
1370 4541 1741 4597 circumdedit.
1769 4544 1823 4597 7.
1852 4541 1920 4596 Et
1947 4561 2072 4600 con-

489 4639 695 4682 suerunt
717 4628 841 4700 folia
869 4629 1019 4698 ﬁcus,
1043 4638 1088 4684 et
1115 4633 1339 4702 fecerunt
1366 4632 1685 4702 sibimetipsis
1718 4636 2069 4692 succinctoria.

488 4718 746 4786 Obsecro,
770 4719 997 4786 dilecte,
1028 4723 1222 4792 cogita,
1255 4724 1523 4793 quomodo
1548 4734 1599 4780 et
1627 4740 1658 4781 a
1695 4735 1892 4796 quanto
1926 4727 2076 4784 fasti-

487 4814 576 4883 gio
614 4812 667 4867 in
713 4813 1035 4883 profundum
1081 4816 1430 4888 prmcipitium
1459 4813 1670 4888 'dejccﬂ
1714 4819 1836 4875 illos
1875 4821 2073 4878 diaboli

400 4967 403 4970 _
485 4906 786 4962 consilium.
806 4905 938 4962 Nam
968 4915 1113 4962 tanta
1155 4907 1321 4978 gloria
1347 4909 1543 4965 dudum
1570 4912 1903 4980 circumdati,
1932 4930 2074 4972 nunc

463 4995 611 5056 'folia
640 5000 774 5056 ficus
802 5011 1089 5067 consuunt,
1121 5010 1175 5056 et
1201 5002 1299 5059 sibi
1332 5006 1680 5062 succinctoria
1708 5007 1925 5064 faciunt.
1963 5011 2075 5068 lloc

483 5091 760 5148 diabolicae
789 5092 1119 5164 deeeptionis
1162 5095 1365 5151 lucrum
1411 5107 1529 5153 est:
1561 5099 1665 5156 hoc
1713 5103 1919 5158 consilii
1956 5105 2072 5176 ejus

486 5182 830 5250 machinatio,
858 5192 916 5240 ut
943 5201 1052 5241 non
1081 5185 1254 5241 solum
1279 5188 1480 5258 majora
1511 5206 1616 5246 non
1645 5193 1948 5263 conferret,
1977 5197 2073 5253 sed

483 5278 538 5324 et
561 5273 836 5341 acquisitis
861 5275 1125 5344 nudaret,
1165 5286 1220 5332 et
1241 5278 1522 5336 destitutos
1561 5283 1629 5337 ab
1654 5283 1718 5338 iis
1740 5301 1860 5355 qua:
1907 5286 2073 5344 babe-

489 5361 617 5414 bant
642 5363 969 5421 ostenderet.
998 5367 1180 5438 Itaque
1204 5369 1326 5440 quia
1361 5372 1464 5427 cibi
1500 5374 1712 5430 occasio
1753 5380 2070 5446 praevarica-

487 5451 685 5507 tionem
727 5452 882 5520 fecit,
914 5456 1112 5514 idcirco
1164 5460 1331 5534 inquit
1381 5463 1654 5533 Scriptura
1685 5484 1699 5518 :
1726 5467 1792 5522 Et
1835 5472 2072 5527 comede-

487 5552 605 5596 runt
623 5583 638 5608 ,
674 5553 724 5598 et
750 5547 912 5615 aperti
931 5559 1049 5604 sunt
1077 5553 1210 5607 oculi
1237 5569 1409 5608 eat-unt
1437 5570 1455 5608 :
1485 5572 1588 5611 non
1621 5557 1688 5614 de
1730 5562 2072 5620 sensibilibus

486 5636 656 5691 oculis
699 5637 903 5706 dicens,
935 5640 1030 5696 sed
1077 5641 1145 5698 de
1191 5659 1353 5704 sensu
1399 5650 1612 5705 mentis.
1645 5649 1776 5707 Nam
1822 5656 2070 5723 quoniam

489 5727 736 5788 mandata
769 5733 1090 5804 transgressi
1115 5744 1259 5802 sunt,
1285 5737 1538 5794 Dominus
1561 5755 1655 5797 eos
1680 5744 1884 5802 sentire
1904 5747 2074 5804 voluit

548 5917 568 5950 ⁵
604 5925 678 5976 Sic
699 5921 867 5976 ﬂoret.
890 5925 1022 5989 Apud
1045 5925 1183 5979 savii.
1211 5936 1265 5981 et
1285 5935 1414 5990 uss,
1446 5937 1579 5984 tanta
1600 5935 1972 6002 magniﬁcentia.

1177 517 1236 572 s.
1273 513 1548 571 JOANNIS
1581 503 2054 567 ettnvsos'rom
2092 498 2414 558 meumr.
2455 469 2986 554 eossrammor.

3657 486 3757 543 I39

2165 630 2227 669 ea
2249 627 2368 683 qua:
2391 620 2515 668 ante
2534 611 2605 666 ob
2628 593 2955 680 singularem
2981 607 3125 663 illius
3155 607 3208 661 in
3234 621 3295 662 se
3318 605 3763 662 benevolentiam
3787 666 3790 670 _

2160 721 2265 765 non
2287 703 2610 759 sentiebant.
2635 701 2797 771 Igitur
2823 715 2945 756 cum
2975 699 3238 763 audieris,
3267 699 3445 768 Apsrti
3475 708 3601 752 sunt
3630 699 3763 752 acuti

2158 798 2364 852 illorum
2393 812 2412 850 :
2438 795 2540 851 hoc
2564 795 2760 865 cogita,
2783 794 2929 848 illum
2969 792 3210 848 effecisse
3235 801 3292 846 nt
3322 801 3514 863 postea
3544 793 3759 846 nudita-

2162 898 2268 944 tem
2312 889 2574 944 sentirent
2603 897 2654 941 et
2685 885 3038 957 privationem
3086 884 3270 954 gloriae
3303 899 3407 954 qua
3449 892 3582 938 ante
3609 898 3764 938 esum

2163 979 2493 1038 fruebantur.
2521 977 2676 1044 Quod
2719 987 2895 1032 autem
2938 975 3054 1030 hsce
3083 977 3151 1030 sit
3192 973 3489 1044 Scriptura:
3529 989 3764 1030 consue-

2164 1071 2312 1138 tudo,
2341 1071 2470 1126 audi
2524 1070 2669 1124 illam
2709 1068 2836 1124 alibi
2881 1067 3147 1122 dicentem
3183 1085 3198 1120 :
3228 1082 3350 1120 nam
3388 1082 3520 1121 cum
3571 1066 3761 1121 ancilla

2161 1162 2338 1218 Sarra:
2363 1161 2660 1217 dominium
2685 1161 2891 1230 fugiens
2919 1168 3147 1224 erraret,
3165 1169 3220 1213 et
3241 1159 3414 1228 posito
3437 1159 3599 1228 juxta
3626 1159 3764 1216 abie

2165 1262 2270 1309 tem
2294 1269 2477 1324 puero,
2503 1269 2531 1307 a
2562 1253 2720 1322 longe
2747 1252 3118 1308 consideraret
3162 1251 3303 1306 illius
3348 1261 3588 1306 mortem
3615 1292 3631 1317 ,
3680 1252 3763 1305 in-

2164 1346 2279 1414 quit
2311 1361 2324 1398 :
2357 1345 2567 1415 Aperuit
2618 1344 2754 1399 Deus
2797 1345 2971 1400 oculos
3017 1344 3156 1415 Agar
3197 1343 3346 1413 (Gen.
3373 1343 3470 1398 21.
3508 1344 3623 1414 i9),
3659 1360 3764 1400 non

2165 1436 2305 1506 quod
2346 1437 2576 1492 antehac
2623 1454 2727 1493 non
2775 1437 2988 1503 viderit,
3021 1437 3115 1492 sed
3153 1437 3296 1508 quod
3341 1447 3585 1493 mentem
3626 1439 3768 1493 illius

2166 1529 2431 1583 excitarit.
2470 1529 2629 1584 Vides
2676 1529 2931 1594 verbum,
2959 1530 3204 1598 Aperuit,
3256 1543 3364 1584 non
3408 1529 3482 1587 de
3511 1545 3770 1599 corpora-

2170 1620 2307 1674 libus
2335 1621 2507 1676 oculis
2536 1620 2662 1684 dici,
2695 1621 2787 1674 sed
2809 1620 2877 1675 de
2907 1635 3068 1675 sensu
3099 1621 3362 1675 mentali?

2237 1711 2341 1766 Cur
2369 1713 2563 1782 lignum
2591 1712 2813 1766 scientice
2833 1711 3125 1769 dicatur.—
3152 1711 3385 1783 ldipsum
3410 1721 3469 1768 et
3497 1711 3570 1767 de
3596 1711 3765 1768 altera

2168 1803 2464 1872 quastione
2525 1803 2862 1868 dixerimus,
2913 1817 3034 1872 quae
3090 1801 3214 1858 hinc
3261 1803 3532 1858 exoritur.
3575 1803 3769 1858 Dicunt

2167 1895 2310 1951 enim
2336 1912 2349 1949 :
2377 1895 2555 1963 Quare
2587 1896 2788 1966 lignum
2832 1895 3071 1951 scientia:
3111 1895 3236 1952 boni
3263 1907 3316 1952 et
3340 1896 3474 1952 mali
3502 1898 3768 1952 vocatur?

2167 1987 2303 2043 Sunt
2327 1987 2470 2042 enim
2499 1987 2822 2042 eontentiosi
2863 1987 3015 2041 multi
3038 1986 3128 2056 qui
3153 1986 3336 2042 dicere
3360 1987 3605 2054 audent,
3641 1998 3760 2057 post

2169 2094 2318 2134 esum
2345 2077 2474 2150 ligni
2503 2078 2781 2133 scientiam
2817 2079 3070 2135 habuisse
3116 2079 3286 2134 Adam
3319 2080 3388 2135 ad
3433 2080 3756 2136 discernen-

2171 2170 2298 2225 dum
2345 2169 2545 2226 bonum
2597 2179 2654 2226 ct
2686 2170 2887 2226 malum
2940 2188 2954 2223 :
2997 2171 3050 2226 id
3103 2172 3246 2242 quod
3300 2171 3574 2228 citremm
3609 2174 3767 2229 fuerit

2171 2262 2446 2317 amentiae.
2473 2262 2606 2317 Nam
2636 2271 2856 2333 propter
2883 2262 2988 2318 hoc
3013 2278 3178 2334 nuper
3210 2264 3767 2333 cumpraeviderimus

2172 2351 2309 2417 haec,
2337 2353 2406 2408 de
2449 2354 2712 2424 sapientia
2742 2353 2946 2409 homini
2987 2369 3020 2408 a
3052 2355 3163 2410 Deo
3189 2356 3384 2410 tradita
3432 2365 3545 2412 tam
3592 2357 3768 2412 multis

2174 2443 2520 2498 tractavimus
2539 2483 2556 2510 ,
2586 2443 2726 2498 hanc
2753 2443 3101 2499 ostendentes
3127 2459 3192 2497 ex
3221 2445 3503 2501 nominum
3549 2446 3766 2515 imposi-

2175 2535 2338 2600 tione,
2365 2550 2482 2605 qua:
2511 2535 2638 2591 feris
2663 2536 2912 2592 omnibus
2956 2545 3012 2592 et
3036 2537 3346 2592 volucribus
3365 2539 3490 2594 caeli
3519 2548 3574 2594 et
3605 2539 3769 2594 brutis

2174 2625 2406 2694 indidit;
2437 2636 2492 2684 et
2522 2628 2664 2698 quod
2694 2644 2816 2684 cum
2843 2631 2944 2684 hac
2973 2629 3318 2686 inenarrabili
3348 2632 3621 2701 sapientia
3645 2647 3766 2703 pro-

2177 2719 2370 2792 phetia:
2399 2721 2623 2791 gratiam
2664 2721 2823 2776 fuerit
2851 2731 3204 2792 assequutus,
3228 2731 3283 2777 ut
3311 2739 3380 2778 ne
3407 2724 3533 2794 quis
3563 2723 3663 2778 hoc
3690 2723 3766 2778 di-

2175 2827 2298 2868 cere
2322 2813 2480 2867 ausit.
2516 2811 2678 2882 Igitur
2705 2811 2796 2882 qui
2836 2814 3054 2868 nomina
3092 2814 3456 2870 animantibus
3495 2814 3767 2886 imposuit,

2175 2902 2374 2973 quique
2405 2911 2512 2958 tam
2539 2903 2908 2958 admirabilem
2928 2903 3260 2974 prophetiam
3291 2905 3360 2961 de
3392 2907 3621 2962 muliere
3643 2921 3766 2976 pro-

2176 2994 2472 3062 nuntiavit,
2529 2993 2983 3064 quemadmodum
3032 2995 3143 3067 jam
3199 2996 3464 3063 diximus,
3507 2997 3767 3069 quomodo

2177 3082 2447 3153 ignoraret
2474 3084 2600 3155 quid
2628 3085 2825 3140 bonum
2868 3086 2974 3154 sit,
3012 3096 3068 3141 et
3103 3087 3230 3156 quid
3278 3089 3521 3144 malum?
3549 3090 3698 3157 Quod
3723 3089 3766 3143 si

2178 3175 2538 3244 receperimus
2571 3173 2780 3247 (absit),
2806 3176 2999 3231 iterum
3031 3175 3395 3246 blasphemias
3438 3180 3493 3235 in
3519 3179 3766 3236 Condito-

2179 3278 2293 3319 rem
2327 3263 2732 3320 transferemus.
2777 3266 2911 3321 Nam
2951 3267 3218 3338 quomodo
3249 3281 3578 3342 prmceptum
3622 3271 3764 3326 daret

2177 3355 2444 3428 ignoranti
2466 3399 2479 3422 ,
2506 3359 2986 3427 transgressionem
3015 3373 3137 3414 esse
3168 3361 3362 3415 malum
3385 3362 3410 3414 ?
3445 3363 3638 3418 Verum
3667 3377 3767 3416 non

2179 3448 2250 3503 ita
2297 3459 2416 3516 est,
2450 3448 2590 3503 absit
2621 3466 2636 3503 :
2665 3449 2760 3505 sed
2809 3451 2966 3506 scivit
3008 3451 3174 3506 clare.
3217 3453 3511 3512 Enimvero
3562 3454 3659 3510 hac
3701 3454 3766 3509 de

2179 3553 2338 3594 causa
2366 3539 2564 3594 animal
2595 3540 2696 3595 hoc
2734 3540 2990 3608 aba'nitio
3022 3542 3192 3598 libero
3229 3543 3458 3602 arbitrio
3496 3546 3766 3617 praeditum

2177 3645 2299 3685 esse
2335 3631 2518 3686 voluit.
2544 3631 2697 3699 Quod
2720 3633 2766 3687 si
2794 3648 2900 3688 non
2928 3633 3148 3702 fuisset,
3183 3651 3360 3707 neque
3389 3653 3516 3695 cum
3555 3637 3763 3694 manda-

2180 3730 2292 3776 tum
2318 3723 2702 3792 przevaricatus
2724 3732 2827 3790 est,
2859 3725 3007 3778 illum
3037 3727 3245 3795 puniri,
3278 3743 3454 3799 neque
3481 3730 3526 3786 si
3563 3743 3763 3785 servas-

2181 3823 2284 3882 set,
2317 3814 2521 3871 laudari
2547 3817 2848 3886 oportebat.
2877 3817 3034 3883 Quod
3055 3819 3198 3874 enim
3227 3818 3399 3877 factus
3424 3823 3497 3878 sit
3536 3820 3762 3878 mortalis

2180 3915 2400 3978 propter
2418 3909 2935 3977 praevaricationem,
2961 3917 3016 3964 et
3043 3925 3107 3964 ex
3135 3909 3238 3966 hoc
3259 3913 3532 3980 mandato,
3555 3923 3607 3969 et
3621 3928 3686 3968 ex
3705 3911 3761 3966 iis

2181 4016 2298 4071 quae
2329 4011 2554 4073 sequuta
2582 4012 2726 4068 sunt,
2755 4003 2959 4058 clarum
2987 4014 3088 4060 est.
3119 4006 3256 4061 Audi
3301 4010 3448 4064 enim
3496 4010 3758 4065 mulierem

2183 4092 2350 4163 ipsam
2393 4093 2699 4164 loquentem
2729 4096 2962 4165 serpenti
2994 4115 3007 4151 :
3037 4096 3114 4151 De
3142 4098 3311 4167 [ructu
3337 4101 3486 4172 ligni,
3531 4100 3664 4172 quod
3694 4107 3762 4152 est

2179 4185 2236 4238 in
2267 4184 2431 4238 medio
2456 4187 2681 4256 paradisi
2701 4226 2720 4252 ,
2759 4186 2888 4242 dixit
2919 4187 3083 4253 Deus,
3119 4205 3181 4244 ne
3208 4193 3486 4249 comedatis
3511 4209 3572 4248 ea:
3595 4207 3649 4246 eo
3667 4231 3682 4257 ,
3711 4197 3760 4242 ιιι

2181 4292 2283 4330 non
2303 4278 2610 4332 moriemini.
2642 4278 2823 4349 Itaque
2861 4289 2986 4336 ante
3013 4284 3505 4351 prtevaricationem
3552 4286 3758 4340 immor-

2185 4371 2319 4425 tales
2363 4379 2555 4437 erant;
2582 4371 2782 4442 alioqui
2817 4383 2940 4443 post
2969 4375 3148 4430 cibum
3203 4392 3309 4432 non
3363 4377 3607 4449 supplicii
3652 4374 3760 4428 loco

2181 4468 2409 4516 mortem
2438 4462 2799 4532 imposuisset.

2255 4551 2308 4607 6.
2348 4553 2515 4608 Adam
2552 4556 2813 4608 scientiam
2841 4556 2958 4611 boui
2986 4566 3033 4612 et
3059 4558 3182 4612 mali
3208 4575 3309 4613 non
3349 4577 3411 4615 ea:
3435 4577 3524 4616 esu
3569 4577 3601 4613 α
3631 4558 3759 4628 ligno

2181 4647 2395 4716 accepit.
2424 4673 2494 4687 ~—
2514 4642 2644 4714 ραις
2671 4664 2800 4718 ergo
2824 4648 2962 4704 ferat
2983 4664 3078 4704 eos
3100 4652 3188 4721 qui
3210 4651 3390 4708 dicere
3421 4653 3635 4714 audent,
3667 4650 3756 4703 ho-

2183 4739 2381 4795 minem
2429 4750 2550 4810 post
2599 4755 2751 4795 esum
2794 4740 2863 4797 de
2901 4742 3048 4812 ligno
3095 4745 3444 4813 acquisivisse
3495 4741 3754 4801 scientiam

2183 4832 2310 4890 boni
2337 4841 2392 4887 et
2417 4833 2564 4897 mali,
2597 4833 2687 4903 qui
2715 4842 2773 4888 et
2801 4844 2925 4889 ante
2945 4851 3094 4891 esum
3128 4847 3269 4891 tanta
3297 4840 3556 4909 sapientia
3581 4837 3755 4906 plenus

2183 4931 2319 4988 erat,
2350 4931 2551 4977 etcum
2590 4923 2814 4979 scientia
2853 4926 3013 4979 etiam
3049 4926 3360 4996 prophetica
3387 4930 3558 5000 gratia
3587 4927 3756 4993 digna-

2184 5021 2270 5069 tus
2296 5015 2422 5069 est?
2450 5014 2517 5070 Et
2548 5015 2818 5085 quomodo
2847 5015 2951 5071 hoc
2999 5017 3192 5073 rationi
3243 5035 3540 5077 consonum
3585 5023 3751 5078 esset,

2181 5120 2374 5175 capras
2399 5107 2614 5178 quidem
2660 5118 2714 5163 et
2759 5123 2888 5164 oves
2917 5111 3268 5179 omniumque
3307 5113 3582 5170 hrutorum
3611 5119 3752 5164 natu-

2182 5209 2298 5254 ram
2325 5199 2465 5255 scire
2484 5241 2501 5268 ,
2531 5215 2650 5269 quae
2680 5199 2844 5255 herba
2873 5201 2944 5255 sit
2973 5203 3252 5271 salutaris,
3287 5213 3341 5260 et
3364 5207 3488 5261 cibo
3515 5203 3680 5265 utilis,
3704 5207 3754 5252 et

2181 5305 2302 5361 quae
2329 5290 2653 5361 perniciosa,
2680 5302 2736 5347 ut
2766 5292 2912 5347 illam
2939 5293 3115 5360 adeat,
3138 5295 3276 5351 hanc
3298 5297 3538 5352 studiose
3566 5294 3747 5362 fugiat:

2182 5389 2240 5437 et
2263 5380 2562 5449 hominem,
2592 5383 2858 5439 rationale
2895 5386 3133 5453 animal,
3164 5389 3378 5444 nescire
3401 5390 3527 5460 quid
3568 5387 3748 5441 bonum

2183 5483 2238 5529 et
2263 5471 2396 5544 quid
2420 5475 2620 5530 malum
2641 5475 2666 5530 Ἰ
2688 5475 2796 5532 Sed
2836 5491 2966 5534 ecce
2986 5520 3001 5545 ,
3033 5479 3226 5550 inquit.
3267 5481 3538 5553 Scriptura
3568 5487 3748 5547 ngnum

2183 5563 2288 5620 hoc
2317 5575 2474 5622 vocat
2519 5567 2725 5639 lignum
2756 5570 2999 5628 scientiae
3028 5571 3154 5626 boni
3187 5582 3241 5627 et
3273 5575 3420 5629 mali.
3467 5575 3637 5643 Neque
3671 5577 3748 5619 me

2185 5657 2289 5715 hoc
2318 5659 2451 5716 latet
2483 5661 2622 5721 med
2649 5661 2697 5717 si
2727 5663 3084 5735 proprietates
3121 5664 3319 5721 divina:
3355 5667 3636 5738 Scriptura:
3670 5656 3746 5711 dis

2183 5766 2336 5809 scere
2361 5753 2595 5810 volueris
2614 5795 2628 5820 ,
2653 5754 2792 5810 scies
2811 5771 2978 5826 quare
3002 5755 3107 5812 hoc
3131 5773 3328 5814 nomen
3353 5760 3476 5816 huic
3500 5758 3634 5827 ligno
3657 5746 3746 5802 tri-

2182 5843 2317 5900 buit.
2344 5843 2462 5900 Non
2483 5847 2625 5902 enim
2655 5847 2798 5918 quod
2845 5847 3049 5903 homini
3095 5848 3374 5905 scientiam
3415 5845 3648 5906 dederit,
3676 5836 3745 5890 sic

2185 5944 2433 5994 vocatum
2457 5945 2578 5994 est:
2605 5937 2698 5997 sed
2719 5938 2840 6008 quia
2864 5952 2962 6009 per
2989 5937 3122 5996 illud
3149 5937 3288 5996 facta
3309 5952 3393 5998 est
3420 5927 3742 6008 transgressio
