4110 6484
306 546 412 609 εδδ

309 668 579 734 mandati.
608 679 665 725 et
710 687 777 725 ex
826 670 918 725 illo
959 680 1139 731 postea
1178 666 1395 724 intravit
1429 669 1631 739 peccati
1675 668 1908 738 cognitio

314 774 475 832 atque
499 760 697 831 pudor,
734 769 1019 833 propterea
1047 763 1125 817 sic
1147 761 1470 833 appellatum
1499 769 1601 817 est.
1624 760 1736 816 Mos
1766 763 1904 814 enim

311 853 515 907 divina:
552 850 850 923 Scriptura:
877 861 977 918 est,
1004 868 1032 907 a
1082 853 1244 909 rebus
1286 853 1649 908 accidentibus
1695 857 1905 906 nontina

312 945 452 999 locis
482 946 783 1014 imponere,
814 944 904 1000 ubi
951 959 1038 1000 res
1087 945 1421 1014 contingunt.
1466 944 1650 1015 anue
1686 956 1904 1016 proptr.

313 1038 520 1107 lignum
560 1036 661 1091 hoc
691 1038 911 1091 vocavit
935 1037 1206 1106 Scriptura
1240 1037 1414 1092 divina
1437 1037 1636 1106 lignum
1666 1037 1905 1091 scicnti:c

312 1128 443 1181 boni
493 1136 548 1182 et
576 1126 723 1193 mali,
745 1128 867 1197 quia
902 1128 1042 1182 circa
1083 1127 1209 1182 illud
1255 1128 1609 1199 transgressio
1637 1137 1691 1182 et
1717 1127 1904 1182 obser-

312 1221 461 1274 vatio
500 1221 734 1274 mandati
766 1229 899 1275 erat.
930 1218 1198 1290 Benignus
1223 1223 1364 1275 enim
1408 1221 1662 1275 Dominus
1690 1234 1719 1273 a
1754 1219 1903 1288 prin-

311 1312 459 1379 cipio
488 1310 684 1365 docere
713 1311 898 1365 volens
929 1309 1199 1366 hominem
1222 1353 1238 1377 ,
1266 1310 1600 1366 conditorem
1631 1318 1684 1365 et
1731 1309 1901 1364 facto-

309 1417 428 1456 rem
477 1417 633 1457 suum
677 1418 796 1459 esse
839 1403 1124 1458 visibilium
1175 1403 1412 1458 omnium
1463 1401 1718 1474 Opilicem
1746 1445 1762 1468 ,
1811 1403 1900 1471 qui

310 1494 491 1564 ipsum
519 1493 800 1563 formavit,
829 1510 924 1566 per
951 1510 1168 1566 parvum
1202 1495 1342 1550 istud
1384 1496 1691 1550 mandatum
1722 1505 1903 1550 osten-

312 1585 443 1641 dere
467 1589 635 1641 voluit
662 1602 720 1644 se
746 1587 1019 1644 dominum
1044 1603 1165 1643 esse
1186 1606 1198 1652 ;
1220 1599 1276 1644 ct
1300 1589 1450 1658 quasi
1477 1590 1708 1644 liberalis
1728 1588 1900 1644 domi-

312 1693 415 1731 nus
437 1718 455 1743 ,
499 1694 746 1748 magnam
778 1688 832 1734 et
857 1678 1224 1733 admirabilem
1247 1680 1529 1747 quamdam
1554 1679 1772 1734 domum
1802 1681 1901 1734 ali-

308 1768 468 1838 cujus
496 1769 614 1823 usui
641 1769 847 1824 donans
867 1811 881 1834 ,
913 1778 966 1823 et
997 1783 1102 1823 non
1131 1777 1297 1823 totum
1343 1769 1567 1838 pretium
1589 1811 1603 1834 ,
1655 1769 1750 1824 sed
1802 1770 1900 1823 ali-

306 1860 626 1929 quantulam
657 1859 772 1929 ejus
799 1871 1002 1929 partem
1031 1860 1274 1929 accipere
1311 1860 1420 1912 vult
1439 1899 1454 1924 ,
1487 1869 1543 1913 ut
1567 1859 1786 1914 dominii
1812 1860 1898 1929 jus

308 1949 516 2003 Salvum
547 1950 646 2005 sibi
677 1959 923 2016 maneat,
953 1958 1007 2004 et
1035 1951 1121 2005 ille
1148 1951 1357 2005 interim
1381 1951 1534 2017 sciat,
1555 1965 1614 2005 se
1639 1965 1742 2005 non
1770 1951 1900 2005 mdi-

308 2041 413 2094 ﬁcii
441 2041 457 2072 ¹
492 2040 765 2095 dominum
793 2057 945 2107 esse,
986 2041 1080 2097 sed
1115 2043 1283 2112 gratia
1316 2053 1370 2097 et
1400 2042 1748 2098 beneﬁcentia
1790 2043 1894 2096 do-

306 2130 435 2183 mini
486 2130 582 2184 illo
625 2129 725 2186 frui
755 2132 878 2188 :‘sic
928 2132 1111 2202 utique
1146 2144 1200 2188 et
1230 2132 1488 2187 Dominus
1529 2143 1743 2202 noster,
1772 2149 1892 2189 cum

308 2221 536 2275 visibilia
567 2220 686 2277 ha-c
713 2224 889 2276 omnia
920 2222 1121 2277 homini
1152 2223 1509 2290 concederet,
1533 2233 1585 2278 et
1615 2233 1895 2293 pra-staret

312 2314 387 2368 illi
421 2323 481 2368 ut
511 2326 816 2370 versaretur
860 2316 913 2370 in
943 2316 1188 2385 paradiso
1208 2357 1223 2379 ,
1253 2324 1307 2371 et
1349 2317 1617 2371 frueretur
1645 2317 1895 2371 omnibus

309 2420 428 2475 qua:
469 2404 521 2459 in
552 2406 645 2460 illo
692 2417 881 2476 erant,
911 2416 969 2462 ut
1012 2424 1078 2462 ne
1112 2408 1365 2478 paulatim
1418 2408 1668 2464 seductus
1714 2409 1894 2464 animo

311 2505 524 2563 putaret
570 2511 681 2564 res,
726 2513 844 2566 qum
894 2497 994 2552 sub
1042 2509 1315 2569 aspectum
1369 2499 1584 2566 cadunt,
1626 2509 1893 2555 automata

306 2599 446 2649 esse,
473 2585 646 2655 deque
695 2601 789 2641 sua
827 2586 1085 2657 dignitate
1111 2589 1274 2644 altius
1312 2589 1582 2660 quidpiam
1628 2590 1890 2652 sentiret,

302 2669 459 2735 insstt
485 2675 553 2730 ab
581 2692 686 2730 uno
704 2677 849 2747 ligno
873 2678 1165 2746 abstinere,
1190 2695 1379 2751 magna
1404 2680 1619 2734 deﬁnita
1650 2694 1827 2750 pccna,
1847 2680 1890 2734 si

307 2767 410 2821 hoc
442 2768 925 2839 transgrederetur,
954 2779 1013 2825 ut
1060 2772 1200 2826 scire
1249 2782 1467 2841 posset,
1508 2787 1568 2827 se
1614 2772 1888 2827 dominum

305 2856 505 2913 habere
524 2899 539 2923 ,
569 2859 722 2930 cujus
752 2860 1069 2918 liberalitate
1111 2864 1271 2918 etiam
1315 2864 1524 2918 caneris
1552 2864 1714 2919 rebus
1742 2862 1888 2918 frue-

299 2959 475 3004 retur.
506 2949 704 3007 Yerum
735 2953 859 3023 quia
887 2954 1114 3008 multum
1161 2955 1556 3011 inconsiderate
1597 2971 1657 3011 se
1695 2969 1890 3026 gerens

300 3057 408 3096 una
428 3057 551 3098 cum
577 3059 746 3100 uxore
776 3045 828 3100 in
851 3053 1049 3100 tantam
1076 3046 1285 3102 ruinam
1309 3048 1562 3115 concidit,
1580 3048 1720 3119 quod
1748 3065 1888 3118 pra:-

300 3143 518 3202 eeptum
553 3145 914 3206 transgressus
935 3146 1100 3206 esset,
1123 3145 1178 3192 et
1198 3138 1265 3194 de
1293 3139 1437 3209 ligno
1461 3148 1747 3209 gustasset,
1768 3139 1888 3194 ideo

301 3222 507 3293 lignum
535 3225 707 3294 ipsum
741 3226 978 3281 scientiae
1020 3227 1143 3282 boni
1174 3234 1229 3282 et
1256 3228 1380 3282 mali
1411 3227 1723 3283 nominavit.
1770 3227 1886 3282 Non

304 3314 449 3385 quod
478 3325 633 3370 antea
673 3315 1003 3386 ignoraverit
1036 3317 1234 3372 bonum
1275 3324 1330 3372 et
1365 3319 1568 3373 malum
1601 3335 1617 3372 :
1648 3334 1772 3372 nam
1810 3319 1888 3374 sic
1943 3331 1947 3335 '

302 3420 411 3459 non
445 3404 724 3475 ignoravit,
748 3416 809 3461 ut
827 3407 1060 3476 serpenti
1083 3408 1277 3462 mulier
1297 3408 1492 3464 dixerit
1516 3425 1531 3462 :
1563 3406 1705 3462 Dixit
1728 3407 1884 3475 Deus,

301 3492 388 3548 Ne
429 3495 699 3550 comedetis
732 3511 797 3550 ea:
836 3496 962 3563 illo,
1006 3513 1070 3551 ne
1117 3498 1438 3563 moriemini;
1461 3498 1639 3567 itaque
1684 3498 1888 3553 sciebat

298 3596 533 3642 mortem
556 3602 764 3657 poenam
792 3602 931 3653 esse,
951 3590 995 3644 si
1018 3589 1325 3644 mandatum
1345 3589 1882 3659 transgrederentur:

298 3677 397 3732 sed
429 3677 553 3746 quia
577 3687 696 3746 post
727 3677 884 3748 hujus
911 3694 1063 3733 esum
1094 3689 1149 3734 et
1178 3694 1408 3750 superna
1436 3681 1603 3751 gloria
1629 3683 1840 3750 spoliati
1865 3725 1882 3749 ,

301 3778 360 3822 et
384 3769 691 3823 sensibilem
723 3769 1067 3826 nudationem
1101 3772 1307 3840 experti
1337 3785 1461 3827 sunt
1491 3776 1539 3842 ⁸,
1567 3774 1689 3829 ideo
1718 3790 1848 3830 voca
1867 3806 1884 3818 ο

302 3859 381 3914 vit
418 3859 618 3930 lignum
665 3861 904 3916 scientiae
935 3863 1057 3918 boui
1111 3871 1163 3918 et
1205 3865 1329 3919 mali
1366 3875 1519 3920 :erat
1563 3867 1707 3921 enim
1741 3868 1882 3922 circa

300 3950 432 4006 illud
461 3953 611 4022 quasi
641 3955 884 4023 qmedam
917 3955 1235 4011 obedit-ntite
1261 3959 1594 4013 exercitatio.

376 4041 592 4098 Muralis
613 4047 912 4100 exhortatio.
937 4078 1003 4088 —
1022 4047 1288 4103 Didieistis
1316 4066 1481 4120 quare
1505 4052 1637 4106 dixit
1667 4067 1682 4105 :
1710 4053 1885 4121 Aperti

297 4144 417 4186 sunt
447 4134 578 4187 oculi
606 4136 828 4203 illorum,
846 4148 892 4191 et
908 4149 1241 4209 cognoverunt
1264 4141 1401 4212 quod
1428 4143 1555 4196 nudi
1574 4145 1760 4198 erant?
1779 4145 1882 4199 Co-

298 4224 561 4289 gnovistis
607 4243 772 4294 quare
821 4228 1169 4298 lignumhoc
1219 4233 1457 4288 scientia‘.
1498 4235 1621 4289 boni
1665 4246 1719 4290 et
1756 4238 1880 4291 mali

298 4316 759 4386 vocetnr‘!Cogita
788 4319 927 4372 enim
956 4329 1154 4401 qttantp
1180 4321 1379 4389 pudore
1408 4323 1584 4378 affecti
1609 4333 1734 4379 sunt
1762 4335 1881 4395 post

301 4404 463 4474 hujus
514 4422 701 4474 csum,
753 4424 872 4464 cum
922 4414 1237 4482 transgressi
1286 4413 1510 4470 fuissent
1556 4426 1880 4486 praeceptum

301 4497 513 4553 Domini
545 4498 892 4556 :Ccnsuerwtt
915 4505 1055 4558 enim
1085 4506 1210 4576 folia
1251 4507 1410 4575 ﬁcus,
1442 4517 1489 4561 et
1528 4513 1749 4579 fccenmt
1788 4511 1882 4565 sibi

296 4589 650 4645 succinctoria.
684 4591 819 4648 Vide
843 4608 872 4648 a
902 4607 1097 4664 quanta
1127 4598 1296 4666 gloria
1327 4598 1379 4651 in
1410 4608 1661 4666 quantam
1706 4602 1882 4656 vilita-

298 4688 410 4734 tem
453 4680 666 4737 deducti
693 4683 820 4737 sint.
848 4683 951 4750 Qui
980 4697 1140 4742 antea
1181 4690 1331 4757 quasi
1374 4698 1659 4747 terrestres
1703 4693 1877 4762 angeli

299 4770 574 4833 vivebant,
607 4783 814 4843 tegmen
854 4777 955 4831 sibi
1001 4792 1066 4832 ex
1116 4776 1260 4835 foliis
1288 4783 1612 4851 excogitant.
1651 4784 1877 4840 Tantum

296 4863 498 4918 malum
527 4873 610 4919 est
633 4877 926 4934 peccatum.
959 4869 1073 4924 Non
1101 4871 1274 4926 solum
1302 4875 1445 4927 enim
1471 4890 1568 4930 nos
1590 4890 1621 4930 a
1646 4892 1876 4946 superna

296 4953 666 5009 benevolentia
692 4957 896 5012 alienos
920 4959 1077 5027 facit,
1110 4961 1206 5016 sed
1240 4973 1295 5018 et
1324 4965 1390 5019 ad
1432 4966 1656 5020 tnultum
1704 4967 1879 5036 pudo-

295 5060 413 5100 rem
441 5055 495 5100 et
519 5046 777 5102 vilitatem
822 5049 1080 5106 deducit:
1118 5062 1172 5106 ct
1221 5068 1343 5108 cum
1368 5069 1468 5110 nos
1510 5058 1682 5126 privat
1722 5059 1878 5115 bonis

294 5151 418 5204 qua:
443 5134 554 5206 jam
577 5138 1007 5207 possidebamus,
1038 5159 1253 5199 omnem
1287 5147 1447 5201 etiam
1491 5148 1735 5203 ﬁduciam
1781 5165 1878 5205 au-

295 5224 413 5280 fert.
443 5226 551 5282 Sed
572 5243 641 5282 ne
664 5243 875 5285 sursum
898 5232 1256 5303 deorsumque
1293 5238 1546 5293 versando
1573 5251 1872 5310 peccatum,

292 5315 437 5384 quod
467 5330 564 5386 per
588 5331 740 5373 esum
787 5319 912 5391 ligni
948 5332 1002 5377 et
1028 5323 1441 5382 inobedientiam
1472 5327 1741 5386 hominem
1781 5333 1879 5388 dc-t

288 5404 439 5473 jecit,
471 5406 766 5464 luctuosior
809 5411 998 5466 evadat
1048 5414 1266 5471 oratio:
1296 5431 1412 5485 age,
1443 5419 1488 5472 si
1551 5419 1758 5489 placet,
1807 5423 1876 5478 ab

290 5493 400 5551 hoc
431 5496 576 5568 ligno
603 5497 673 5552 ad
699 5498 862 5563 aliud,
894 5518 1089 5572 nempe
1117 5503 1182 5559 ad
1215 5505 1412 5574 lignum
1438 5511 1643 5577 crucis,
1669 5526 1874 5567 sermo-

289 5602 417 5642 nem
446 5596 739 5657 vertamus,
757 5599 812 5646 et
838 5593 1116 5649 videamus
1135 5608 1380 5665 quamam
1408 5600 1544 5655 mala
1575 5602 1875 5657 illud‘intn-

285 5675 373 5737 lit,
397 5685 453 5732 et
494 5693 613 5748 qua:
650 5680 790 5735 bona
834 5683 974 5738 istud
1016 5685 1353 5755 conciliavit;
1381 5689 1491 5746 imo
1539 5707 1645 5748 non
1674 5694 1871 5765 lignum

354 5811 374 5879 ξ
409 5814 717 5879 Omnesfere
732 5817 929 5879 habent,
954 5820 1226 5873 creationis.

315 5874 529 5948 ειῖέῖτῗδ
551 5883 654 5926 ⁵⁸⁸⁸⁸
680 5876 869 5948 legum»
893 5874 1054 5946 άναεία
1074 5888 1121 5934 ετ
1140 5882 1298 5948 gloria
1318 5885 1507 5940 Sueliati
1526 5903 1579 5942 se
1602 5903 1738 5944 nosse
1759 5906 1867 5945 sen-

280 5932 770 6000 sibiliterctzpemni
860 5932 919 5946 ”’

1370 552 1432 609 ΙΝ
1471 552 1621 609 CAP.
1664 552 1751 609 Ill.
1790 549 2031 608 GENES.
2073 550 2302 607 llOMIL.
2346 554 2504 610 XV".
2948 555 2954 561 ’
3508 572 3599 625 liii

2020 663 2194 718 attulit
2215 667 2371 732 mala,
2402 667 2496 724 sed
2527 669 2768 726 voluntas
2793 673 2993 744 segnis,
3024 684 3077 730 ct
3101 685 3434 749 contemptus
3464 696 3602 749 pra:-

2016 757 2182 825 cepti.
2234 757 2458 827 Lignum
2505 761 2631 816 illud
2674 773 2899 818 mortem
2945 766 3234 822 introduxit
3269 786 3283 821 :
3313 785 3435 824 nam
3479 785 3599 841 post

2019 851 2509 915 pnevaricationem
2541 870 2687 910 mors
2716 855 2965 924 intravit,
2996 859 3091 914 sed
3114 858 3252 914 istud
3284 861 3596 918 immortali-

2016 948 2175 994 tatem
2208 941 2453 1013 largitnm
2499 955 2614 1011 est;
2647 946 2776 1001 illud
2818 963 2850 1004 e
2888 950 3133 1020 paradiso
3158 952 3517 1021 ejeeit,'istnd
3548 958 3601 1011 in

2011 1031 2172 1084 cmlos
2197 1047 2294 1086 nos
2326 1034 2575 1101 reduxit;
2607 1036 2732 1093 illud
2765 1050 2983 1108 propter
3026 1056 3182 1095 unam
3226 1048 3603 1115 transgressio-

2012 1134 2132 1173 nem
2161 1122 2290 1175 tanti
2308 1125 2552 1193 supplicii
2577 1142 2723 1181 reum
2744 1128 2910 1183 Adam
2935 1130 3222 1196 fecit,istud
3243 1149 3339 1189 nos
3355 1135 3598 1204 plurimis

2012 1204 2347 1279 peccatorum
2392 1217 2614 1271 sarcinis
2641 1221 2977 1283 exoneravit,
3009 1222 3364 1293 ﬁduciamque
3392 1226 3460 1281 ad
3491 1227 3563 1281 Do
3583 1257 3598 1269 -

2009 1301 2211 1356 minum
2240 1304 2394 1359 nobis
2422 1309 2934 1366 concessit.Vidistis
2958 1312 3082 1383 ligni
3113 1322 3169 1368 et
3194 1315 3319 1385 ligni
3346 1316 3596 1373 diﬁ'eren-

2009 1391 2176 1446 tiam?
2205 1394 2411 1450 vidistis
2452 1397 2649 1453 diaboli
2692 1401 3070 1471 malignitatem
3098 1445 3113 1469 ,
3145 1402 3376 1460 hominis
3413 1422 3573 1477 pecca

2008 1492 2117 1536 tum
2140 1525 2154 1549 ,
2172 1484 2232 1539 et
2262 1486 2482 1542 Domini
2501 1490 2968 1547 misericordiam?
2996 1495 3281 1549 Armemus
3299 1497 3480 1566 itaque
3498 1513 3596 1554 nos

2007 1573 2174 1643 ipsos,
2205 1575 2450 1645 obsecro,
2473 1572 2766 1649 carissimi,
2796 1584 2960 1638 armis
3003 1585 3130 1655 ligni
3169 1585 3326 1655 hujus
3372 1588 3589 1657 vivilici,

2005 1664 2276 1737 ipsiusque
2297 1670 2496 1724 virtute
2514 1673 2844 1742 perniciosos
2863 1676 3043 1730 animo
3062 1676 3285 1733 allectus
3305 1681 3594 1737 mortiﬁce-

2003 1769 2159 1821 mus;
2185 1758 2261 1812 uti
2287 1767 2342 1813 et
2378 1761 2654 1830 apostolus
2682 1764 2878 1820 Paulus
2904 1765 2987 1820 his
3015 1767 3197 1822 verbis
3227 1780 3407 1825 monet
3440 1789 3453 1825 :
3488 1772 3591 1839 Qui

2002 1859 2117 1900 vero
2148 1857 2264 1903 sunt
2291 1849 2499 1918 Christi,
2528 1869 2730 1908 carnem
2777 1856 3135 1925 cruci/imarum
3175 1874 3289 1913 cum
3335 1859 3597 1929 aﬂ'ectibtts

2001 1945 2051 1990 et
2073 1940 2491 2009 concupiscentiis
2519 1941 2661 2014 (Gal.
2688 1944 2744 2000 5.
2771 1945 2897 2016 24).
2926 1947 3077 2015 Quod
3116 1959 3294 2005 autem
3327 1951 3486 2018 dicit,
3511 1964 3591 2009 est

2001 2027 2338 2099 hujnsmodi:
2371 2032 2470 2100 Qui
2513 2048 2572 2089 se
2604 2044 2742 2090 totos
2781 2037 2998 2093 Christo
3038 2038 3373 2107 dedicarunt,
3400 2044 3590 2100 absur-

1999 2119 2122 2174 dam
2163 2136 2381 2177 omnem
2407 2128 2894 2193 concupiscentiam
2940 2129 3325 2185 mortilicarunt
3353 2133 3404 2186 in
3431 2150 3592 2189 carne

1998 2213 2290 2278 subortam,
2312 2224 2369 2269 ut
2391 2230 2581 2271 omnes
2599 2218 2762 2272 animi
2788 2233 3093 2290 corrmnpat
3117 2224 3591 2291 operationeleos
3629 2251 3632 2253 λ

1996 2304 2158 2374 igitur
2202 2317 2257 2360 et
2310 2321 2408 2360 nos
2451 2308 2758 2375 imitantes,
2793 2312 3031 2366 membra
3077 2323 3256 2367 nostra
3285 2315 3352 2368 ad
3384 2316 3579 2370 bellum

1998 2393 2324 2449 instruamus
2352 2396 2610 2453 adversus
2640 2401 2977 2470 tyrannidem
3007 2417 3072 2456 ex
3104 2401 3363 2459 diabolica
3393 2421 3589 2476 opera-

2000 2486 2144 2541 tione
2169 2485 2221 2540 in
2245 2499 2345 2539 nos
2381 2486 2744 2558 insurgentem
2766 2530 2781 2555 ,
2809 2499 2867 2544 ut
2896 2500 2952 2545 ct
2976 2491 3029 2545 in
3062 2494 3311 2560 praesenti
3340 2496 3443 2549 vita
3475 2504 3588 2550 tur-

1996 2575 2272 2631 bulentum
2301 2577 2477 2634 hocet
2502 2580 2861 2650 periculosum
2891 2598 3036 2636 mare
3065 2584 3327 2655 intrepide
3357 2587 3588 2656 trajiciu-

1996 2682 2137 2732 mus,
2163 2678 2218 2723 et
2237 2668 2303 2722 ad
2334 2669 2529 2724 divinas
2551 2671 2891 2740 benignitatis
2917 2675 3235 2743 tranquillos
3255 2684 3440 2746 portus
3466 2692 3587 2748 per-

1998 2760 2292 2827 venientes,
2325 2761 2464 2816 bona
2497 2762 2662 2817 Deum
2684 2764 3027 2833 diligentibus
3051 2767 3309 2836 promissa
3331 2771 3588 2839 consequi

1996 2852 2266 2906 valeamus
2287 2893 2304 2918 ,
2332 2853 2387 2907 in
2415 2852 2629 2908 Christo
2655 2854 2781 2908 Jesu
2810 2855 3034 2910 Domino
3063 2866 3249 2912 nostro
3268 2899 3283 2924 ,
3309 2859 3394 2913 cui
3415 2859 3585 2928 gloria

1993 2957 2116 2999 cum
2148 2943 2303 2999 Patre
2327 2952 2383 2998 et
2423 2953 2612 2999 sancto
2635 2943 2836 3015 Spiritu
2862 2988 2877 3011 ,
2904 2962 3046 3002 nunc
3080 2958 3136 3004 et
3171 2963 3385 3019 semper
3403 2992 3418 3016 ,
3445 2960 3497 3006 ct
3530 2952 3585 3006 in

1993 3033 2189 3089 saecula
2219 3036 2558 3091 saeculorum.
2589 3038 2781 3093 Amen.

2548 3169 2820 3227 llOMILIA
2862 3171 3026 3228 XVII.

2064 3280 2132 3336 Et
2160 3282 2459 3337 audiverunt
2501 3299 2671 3338 uocem
2711 3285 2920 3340 Domini
2966 3285 3064 3341 Dei
3105 3287 3473 3344 deambulantis
3523 3292 3579 3345 in

2252 3376 2491 3444 paradiso
2516 3376 2568 3429 in
2595 3376 2803 3431 meridie
2830 3377 2904 3448 (a)
2937 3376 2957 3449 (
2980 3376 3106 3432 Gen.
3132 3380 3186 3434 '5.
3211 3379 3245 3435 8
3270 3380 3313 3449 ).

2034 3488 2037 3492 ‘
2062 3485 2113 3540 l.
2142 3484 2285 3540 Satis
2305 3525 2321 3550 ,
2350 3486 2570 3555 opinor,
2598 3501 2695 3555 pro
2720 3494 2908 3542 nostra
2933 3488 3071 3543 virili
3097 3504 3268 3559 nuper
3297 3489 3473 3545 locum
3510 3491 3578 3547 de

1987 3573 2133 3645 ligno
2159 3575 2488 3644 interpretati
2514 3590 2718 3642 sumus,
2746 3576 3002 3633 docentes
3019 3579 3295 3634 caritatem
3318 3588 3570 3646 vestram,

1987 3678 2156 3734 quare
2181 3664 2359 3719 divina
2386 3665 2657 3734 Scriptura
2687 3667 2885 3736 lignum
2913 3668 3270 3737 cognoscendi
3299 3669 3497 3726 bonum
3522 3680 3578 3728 et

1988 3757 2187 3811 malum
2225 3757 2398 3827 ipsum
2437 3758 2677 3815 vocarit:
2705 3759 2929 3828 proinde
2970 3758 3130 3815 hodie
3171 3760 3380 3816 animus
3404 3771 3487 3817 est
3510 3763 3578 3819 ad

1987 3850 2263 3918 Sequentia
2294 3865 2553 3921 pergere,
2587 3860 2647 3905 ut
2684 3850 2902 3906 discatis
2942 3851 3264 3909 ineffabilem
3291 3853 3387 3910 Dei
3422 3855 3576 3911 beni-

1986 3942 2265 4009 gnitatem,
2290 3951 2345 3998 et
2370 3952 2565 4012 quanta
2589 3944 2855 3999 sermonis
2882 3945 3327 4015 attemperatione
3347 3962 3479 4002 usus
3503 3950 3576 4003 sit

1988 4043 2189 4089 nostra:
2218 4043 2426 4090 natura)
2445 4035 2832 4104 providentiam
2860 4045 2913 4090 et
2933 4051 3115 4091 curam
3144 4036 3365 4092 habens.
3388 4035 3577 4095 Omnia

1986 4124 2129 4180 enim
2148 4123 2285 4199 fecit
2319 4134 2375 4179 et
2395 4133 2647 4195 operatus
2670 4133 2788 4190 est,
2817 4134 2875 4179 ut
2904 4127 3166 4182 rationale
3188 4127 3290 4182 hoc
3319 4127 3516 4182 animal
3539 4144 3572 4184 a

1985 4227 2046 4270 se
2068 4214 2359 4278 conditum,
2392 4214 2444 4269 in
2465 4215 2610 4269 omni
2639 4214 2842 4271 honore
2866 4225 3044 4280 esset,
3075 4224 3130 4271 et
3159 4216 3210 4271 in
3238 4218 3385 4272 nullo
3411 4233 3573 4289 ange-

1988 4304 2159 4360 lorum
2190 4306 2298 4360 vita
2328 4305 2565 4362 deterius
2594 4306 2732 4362 foret
2754 4349 2769 4372 ,
2796 4308 2889 4361 sed
2915 4316 2969 4363 et
3008 4309 3059 4362 in
3099 4323 3325 4378 corpore
3355 4310 3567 4366 illorum

1985 4396 2284 4465 possideret
2320 4397 2823 4469 impassibilitatem.
2853 4400 3117 4455 Caeterum
3145 4410 3203 4456 ut
3239 4402 3371 4457 vidit
3395 4412 3573 4460 utros-

1985 4500 2088 4555 que
2115 4486 2382 4555 peccando
2425 4495 2785 4558 transgressos
2815 4503 2910 4559 per
2938 4490 3311 4560 negligentiam
3342 4506 3407 4547 ea
3452 4509 3576 4563 qum

1984 4589 2013 4628 a
2035 4589 2093 4630 se
2114 4584 2375 4646 praecepta
2394 4585 2567 4643 erant,
2591 4577 2749 4648 idque
2770 4588 3048 4649 postquam
3071 4580 3229 4635 minis
3249 4596 3343 4638 eos
3365 4598 3576 4653 repres-

1985 4675 2147 4730 serat,
2177 4674 2234 4722 ut
2263 4668 2491 4722 tutiores
2520 4668 2791 4735 redderet,
2826 4685 2893 4725 ne
2922 4670 3003 4726 sic
3028 4671 3241 4742 quidem
3270 4687 3301 4727 a
3330 4673 3573 4744 benigni-

1983 4763 2091 4811 tate
2114 4771 2208 4810 sua
2228 4767 2423 4824 cessat,
2451 4759 2544 4813 sed
2564 4774 2775 4828 semper
2794 4761 2874 4815 sui
2895 4761 3105 4828 similis,
3126 4762 3571 4832 quemadmodum

1982 4846 2432 4913 clementissimus
2457 4857 2610 4918 pater
2636 4849 2801 4904 ﬁlium
2831 4850 3108 4921 indignum
3132 4852 3256 4922 quid
3296 4854 3573 4911 nobilitate

1985 4952 2080 4992 sua
2111 4953 2209 5007 per
2228 4939 2600 5009 negligentiam
2625 4940 2977 5008 commisisse,
3005 4950 3061 4996 et
3085 4957 3115 4996 a
3140 4958 3352 4998 summo
3368 4944 3570 4999 honora

1985 5028 2038 5082 in
2069 5037 2363 5085 extremam
2390 5030 2642 5085 vilitatem
2669 5031 2940 5086 redactum
2969 5031 3176 5100 videns,
3207 5035 3444 5103 paternis
3486 5037 3559 5091 vi-

1981 5120 2219 5175 sceribus
2238 5129 2559 5187 commotus,
2576 5135 2681 5175 non
2706 5121 2848 5176 illum
2869 5122 3070 5177 auxilio
3088 5122 3397 5178 destitutum
3418 5125 3568 5193 sinit,

1981 5208 2073 5263 sed
2105 5209 2293 5263 iterum
2324 5224 2478 5264 suum
2503 5211 2611 5279 agit
2635 5209 2868 5265 ofﬁcium
2890 5251 2907 5276 ,
2953 5222 3009 5266 ttt
3039 5211 3288 5281 paulatim
3335 5214 3506 5283 ipsum
3541 5230 3572 5270 α

1981 5298 2184 5353 vilitate
2226 5298 2312 5353 illa
2364 5298 2687 5365 liberatum,
2733 5299 2969 5370 pristiam
3014 5302 3255 5357 restituat
3299 5302 3566 5375 dignitati.

1981 5386 2152 5442 Simili
2182 5388 2339 5444 modo
2366 5388 2541 5445 bonus
2565 5390 2702 5445 Deus
2747 5390 3000 5449 misertus
3025 5402 3109 5446 est
3150 5390 3380 5450 hominis
3400 5435 3417 5461 ,
3442 5411 3565 5452 cum

1982 5482 2147 5534 uxore
2188 5494 2281 5534 sua
2307 5478 2505 5535 diaboli
2528 5481 2731 5535 insidiis
2750 5482 3120 5549 circumventi,
3148 5482 3302 5554 cujus
3325 5501 3423 5557 per
3444 5502 3560 5544 ser-

1980 5577 2193 5637 pentem
2215 5568 2494 5624 consilium
2525 5578 2803 5639 acceperat
2832 5588 2845 5626 :
2872 5571 3035 5625 veluti
3066 5573 3303 5629 medicus
3328 5575 3394 5630 ad
3417 5576 3566 5632 inﬁr-

1979 5674 2122 5712 mum
2142 5699 2156 5723 ,
2193 5667 2248 5713 et
2270 5668 2639 5730 argrotantem,
2665 5659 2954 5729 jacentcm,
2979 5662 3410 5737 indigentemque
3435 5682 3562 5723 cura

1976 5760 2031 5805 et
2058 5749 2249 5804 medici
2279 5764 2461 5817 manu,
2488 5750 2729 5820 protinus
2751 5750 2975 5808 accedit.
3005 5753 3111 5810 Sed
3138 5763 3198 5811 ut
3225 5764 3280 5812 et
3300 5772 3364 5813 ex
3386 5758 3563 5814 verbis

2036 5897 2110 5961 (a)
2142 5898 2226 5947 Hic
2239 5895 2432 5970 Coisltn.
2458 5905 2512 5949 et
2547 5907 2754 5963 quatuor
2783 5900 2863 5954 alii
2899 5903 3045 5957 Codd.
3082 5907 3336 5970 Scriptura
3368 5913 3555 5960 textum

1977 5957 2125 6025 longe
2141 5968 2512 6023 prosequuntur.
