4110 6428
626 487 728 545 155

619 601 839 658 discuti:
882 615 1042 670 quant
1083 597 1363 654 ineli'abilis
1404 597 1474 652 sit
1506 595 1598 651 Dei
1642 593 1937 664 benignitas
1968 632 1985 658 ,
2026 606 2206 663 operte

614 692 840 763 pretium
887 691 1049 748 fuerit
1071 689 1257 745 audire
1294 704 1415 758 qute
1445 689 1579 742 lecta
1608 697 1750 741 sunt.
1795 683 1860 738 Et
1899 683 2205 750 audierunt,

610 781 779 852 ittqttit
799 823 815 846 ,
845 798 1012 836 uocem
1038 779 1243 834 Domini
1263 779 1361 834 Dei
1398 775 1768 832 deambttlantis
1791 776 1842 830 in
1873 774 2112 844 paradiso
2139 773 2208 828 ad

609 875 868 928 meridiem
894 914 910 939 ,
944 882 992 925 et
1011 872 1319 926 delituerant
1344 881 1448 924 tam
1472 869 1658 933 Adam,
1679 883 1833 936 quam
1858 881 1985 920 uxor
2007 865 2148 920 illius
2174 882 2208 919 a

612 967 740 1035 facie
768 963 971 1018 Domini
991 965 1044 1017 in
1073 962 1236 1016 medio
1265 960 1390 1031 ligni
1419 959 1664 1031 paradisi.
1699 957 1776 1013 Ne
1805 955 2204 1011 inconsideran-

606 1065 708 1122 tcr,
740 1054 950 1121 dilecti,
975 1063 1354 1123 praetereamus
1372 1067 1490 1121 qua:
1513 1065 1548 1104 a
1565 1049 1741 1105 divina
1765 1049 2036 1119 Scriptura
2063 1047 2203 1102 dicta

605 1156 752 1214 sunt,
783 1162 958 1218 neque
985 1147 1036 1200 in
1063 1145 1239 1201 verbis
1262 1145 1392 1216 ipsis
1416 1145 1716 1199 haereamus
1731 1182 1755 1209 ,
1779 1140 1874 1197 sed
1898 1140 2205 1198 considere-

606 1256 726 1295 ntus
759 1240 828 1294 ob
858 1248 1093 1295 nostram
1137 1237 1556 1294 imbecillitatem
1589 1245 1794 1292 tantam
1832 1235 1920 1290 hic
1957 1233 2201 1292 adhiberi

606 1333 894 1388 verborum
923 1331 1297 1395 humilitatem,
1328 1339 1386 1390 et
1413 1331 1484 1386 ob
1504 1329 1730 1386 salutem
1757 1338 1993 1384 uestram
2019 1327 2200 1382 omnia

604 1435 665 1480 ut
689 1425 798 1481 Deo
825 1425 1044 1493 digmtm
1060 1433 1142 1480 cst
1169 1424 1276 1495 agi.
1302 1423 1436 1479 Nam
1461 1422 1507 1478 si
1530 1421 1789 1478 vellemus
1807 1420 1965 1478 verba
1994 1427 2052 1474 ut
2077 1427 2203 1476 sunt

604 1517 946 1585 pronuntiata
973 1516 1189 1580 sectari,
1215 1525 1396 1571 etnon
1425 1513 1658 1582 indigne,
1682 1521 1740 1568 ut
1759 1512 1825 1566 de
1849 1513 1956 1567 Deo
1981 1511 2201 1581 loquen-

606 1614 691 1660 tes
717 1604 876 1662 decet
895 1647 915 1670 ,
941 1621 1231 1675 exponere,
1259 1606 1347 1661 dic
1364 1646 1380 1668 ,
1407 1620 1621 1676 quasso,
1653 1619 1834 1660 annon
1865 1603 2028 1658 mttlta
2075 1601 2200 1658 hinc

602 1705 965 1768 sequerentur
1006 1697 1282 1752 absurda?
1311 1698 1448 1754 Ecce
1486 1697 1631 1757 enim
1669 1696 1846 1756 statim
1887 1711 1952 1751 ex
1992 1695 2056 1750 iis
2079 1710 2198 1765 qua:

603 1791 866 1860 principio
895 1791 1030 1845 lecta
1055 1799 1212 1857 sunt,
1245 1790 1346 1846 hoc
1373 1801 1620 1859 spectare
1659 1790 1802 1848 licet.
1829 1787 1901 1845 Et
1927 1788 2199 1844 audierant

597 1896 766 1936 vocent
790 1881 993 1935 Domini
1024 1880 1118 1936 Dei
1145 1881 1453 1938 ambulantis
1477 1882 1531 1934 in
1559 1882 1799 1951 paradiso
1816 1879 1886 1935 ad
1905 1882 2193 1946 meridiem,

596 1980 644 2022 et
665 1969 985 2026 delituerant.
1009 1971 1145 2039 Quid
1175 1972 1351 2027 dicis?
1369 1987 1436 2026 an
1466 1971 1772 2026 deambulat
1795 1970 1975 2027 Deus?
2003 1985 2070 2024 an
2103 1985 2198 2040 pe-

593 2061 690 2115 des
722 2062 822 2130 ipsi
851 2063 1144 2118 tribuemus
1166 2105 1182 2126 ,
1225 2073 1282 2120 et
1308 2065 1378 2120 de
1407 2081 1474 2120 eo
1503 2063 1636 2119 nihil
1675 2064 1904 2120 sublime
1939 2063 2195 2134 cogitabi-

591 2154 750 2208 mus?
779 2153 896 2208 Non
926 2154 1170 2210 ambulat
1199 2156 1338 2212 Deus
1365 2174 1378 2211 :
1412 2157 1572 2212 absit.
1604 2155 1887 2224 Quomodo
1908 2155 2050 2212 enim
2071 2171 2192 2211 am-

589 2245 797 2302 bularet
821 2288 838 2314 ,
871 2248 960 2318 qui
991 2249 1190 2318 ubique
1223 2264 1468 2318 prmsons
1511 2257 1595 2304 est
1617 2288 1635 2314 ,
1657 2257 1712 2304 et
1744 2248 1924 2303 omnia
1967 2247 2198 2316 implet?

587 2339 676 2392 cui
701 2339 898 2401 ett-lum
932 2339 1183 2404 thronus,
1216 2349 1272 2395 et
1300 2348 1441 2396 terra
1465 2341 1760 2396 scabellum
1783 2343 1803 2407 (
1823 2338 1951 2395 lsai.
1973 2339 2063 2396 66.
2096 2341 2121 2396 1
2145 2340 2191 2407 ).

589 2427 778 2496 ipsene
803 2431 854 2482 in
879 2429 1034 2483 horto
1054 2431 1397 2485 continetur?
1421 2430 1553 2497 Quis
1571 2431 1823 2486 cordatus
1844 2429 1948 2486 hoc
1965 2429 2192 2486 diceret?

587 2518 724 2586 Quid
741 2521 899 2589 igitur
914 2522 1304 2588 est,Audiernnt
1324 2539 1493 2577 vocem
1510 2522 1712 2576 Domini
1720 2522 1810 2577 Dei
1820 2522 2192 2578 deambulantis

587 2614 639 2666 in
668 2615 810 2668 horto
838 2615 907 2668 ad
941 2616 1199 2670 meridiem
1219 2617 1247 2670 Ρ
1275 2617 1331 2671 in
1360 2631 1576 2672 sensum
1617 2615 1744 2670 tnali
1776 2615 1896 2670 illos
1920 2615 2192 2672 deducere

587 2704 775 2768 voluit,
809 2713 868 2758 ut
897 2706 948 2759 itt
967 2720 1160 2774 magno
1187 2706 1380 2761 mentis
1402 2721 1603 2775 angore
1623 2706 2076 2761 constituerentur
2098 2724 2112 2762 :
2137 2705 2188 2761 id

585 2795 730 2864 quod
754 2804 810 2852 et
832 2794 1026 2851 factum
1053 2806 1158 2852 est.
1182 2798 1352 2853 Tanto
1370 2799 1632 2868 siquidem
1653 2813 1814 2853 sensu
1844 2798 2018 2854 alicui
2040 2807 2185 2864 sunt,

583 2896 640 2941 ut
655 2903 776 2942 cunt
798 2870 1102 2944 advenisset
1124 2891 1280 2955 Deus,
1303 2906 1425 2946 sese
1441 2890 1711 2945 occultare
1725 2891 1904 2946 conati
1920 2890 2045 2945 sint.
2065 2889 2186 2946 Mos

582 2979 726 3033 enim
766 2991 824 3034 ut
854 2981 1075 3036 intravit
1103 2993 1401 3051 peccatum,
1423 2993 1479 3038 et
1505 2983 1893 3052 prtev'aricatio,
1926 2982 2100 3053 pudor
2124 2997 2188 3038 ac

583 3073 907 3126 verecundia
932 3073 1056 3128 illos
1088 3074 1298 3130 invasit.

652 3161 971 3217 Conscientia
1007 3164 1332 3236 incorruptus
1346 3166 1532 3237 judex.
1575 3166 1905 3222 Conscientia
1939 3183 2086 3238 Opus.
2111 3195 2183 3209 --

583 3253 794 3324 Quippe
833 3255 1000 3326 jndex
1043 3257 1418 3328 incorruptus,
1447 3258 1830 3314 conscientiam
1867 3257 1989 3314 dico
2011 3299 2028 3326 ,
2059 3274 2181 3315 cum

574 3344 844 3400 adversus
882 3346 1155 3403 hominem
1210 3357 1544 3420 exsurgeret,
1563 3349 1708 3404 clara
1728 3363 1859 3403 voce
1891 3349 2178 3412 clamabat,

579 3436 865 3491 accusabat
883 3446 939 3492 et
956 3437 1296 3506 ostendebat,
1319 3448 1374 3494 et
1391 3439 1544 3510 quasi
1562 3453 1686 3495 ante
1705 3439 1890 3496 oculos
1911 3439 2183 3496 scribebat

579 3527 709 3596 ipsis
753 3537 1093 3598 peccatorum
1119 3531 1560 3602 magnitudinem.
1590 3531 1716 3587 Ideo
1746 3533 1888 3588 enim
1918 3533 2182 3603 benignus

587 3619 847 3674 Dominus
887 3622 1152 3692 principio
1193 3639 1315 3678 cum
1369 3624 1623 3678 formaret
1679 3625 1948 3682 hominem
1983 3669 1999 3695 ,
2042 3643 2175 3683 con-

587 3709 866 3763 scientiam
915 3711 990 3765 illi
1036 3711 1224 3768 lndidit
1252 3715 1636 3769 accusatricem
1682 3726 2030 3786 perpetuam,
2061 3735 2180 3787 qua:

589 3799 763 3870 decipi
797 3809 854 3856 et
898 3800 1160 3858 fallaciam
1188 3805 1330 3860 ferre
1359 3814 1541 3875 posset
1580 3820 1891 3878 numquam.
1923 3809 1990 3864 Et
2054 3809 2178 3866 licet

581 3891 702 3961 quis
731 3892 968 3949 admisso
1001 3904 1253 3965 peccato,
1285 3907 1700 3969 perpetratoque
1724 3900 1901 3970 aliquo
1941 3900 2178 3959 facinore

579 3983 796 4049 illicito,
829 4000 1017 4042 omnes
1061 3987 1305 4044 homines
1333 3990 1491 4056 celet,
1511 3989 1654 4044 illam
1677 4000 1852 4045 tamen
1880 3995 2175 4048 accusatri-

578 4091 697 4129 cent
722 4091 829 4130 non
863 4078 1059 4148 poterit
1101 4079 1266 4136 latere
1288 4121 1302 4143 ,
1344 4079 1440 4135 sed
1468 4095 1804 4153 quocumque
1833 4083 2010 4143 abeat.
2033 4085 2174 4139 illam

575 4176 834 4236 perpetuo
850 4169 986 4224 intra
1002 4184 1062 4224 se
1083 4170 1240 4227 habet
1257 4171 1650 4237 obturbantem,
1671 4172 1979 4241 laniantem,
1995 4175 2173 4246 πασς-ιο

574 4258 791 4323 lantem,
835 4276 1124 4329 numquam
1170 4264 1533 4331 quiescentem
1567 4283 1581 4320 :
1613 4266 1707 4321 sed
1732 4276 1786 4322 et
1819 4269 1990 4334 domi,
2019 4279 2075 4324 et
2120 4271 2174 4325 in

575 4347 713 4413 foro,
733 4357 786 4402 et
803 4350 854 4403 in
877 4351 1127 4420 cmtilnts,
1147 4355 1264 4408 etin
1285 4369 1491 4422 mensa,
1511 4367 1560 4410 et
1581 4356 1956 4427 dormientem,
1976 4370 2029 4417 et
2049 4377 2174 4417 suro-

571 4448 788 4509 gentem
826 4440 1090 4508 adoritur,
1129 4443 1389 4500 rationem
1427 4445 1742 4502 delictorum
1769 4451 1951 4520 exigit,
1995 4453 2173 4522 obque

571 4529 757 4583 oculos
769 4531 916 4599 ponit
931 4542 981 4586 ct
995 4533 1307 4588 delictorum
1321 4536 1715 4605 gravitatem,et
1726 4540 2170 4610 subsequuturam

573 4637 819 4691 pmnam,
863 4633 917 4678 et
964 4628 1114 4695 quasi
1153 4626 1394 4683 medicus
1440 4631 1673 4698 optimus
1715 4647 1820 4687 non
1861 4644 2038 4690 cessat
2073 4651 2170 4692 sua

571 4711 959 4770 medicamenta
1003 4731 1275 4786 apponere
1304 4735 1319 4772 :
1349 4729 1403 4774 et
1443 4722 1489 4776 si
1514 4722 1683 4778 semel
1721 4723 2038 4794 depellatur,
2070 4742 2167 4783 ne-

573 4819 682 4873 que
724 4805 802 4859 sic
835 4805 1062 4870 desistit,
1094 4809 1187 4863 sed
1211 4811 1517 4866 continuam
1556 4813 1967 4870 sollicitudinem
2010 4818 2167 4888 gerit.

650 4895 706 4950 2.
749 4896 864 4953 Hoc
889 4899 1033 4954 enim
1063 4902 1405 4958 conscientia:
1433 4920 1568 4974 opus
1594 4915 1676 4960 est
1700 4947 1715 4972 ,
1747 4916 1805 4961 ut
1827 4906 2024 4978 iugiter
2057 4926 2172 4964 me-

571 4990 795 5045 moriam
824 4991 1065 5062 ingerat,
1097 5009 1197 5049 nec
1225 4997 1498 5064 permittat
1545 5013 1794 5068 umquam
1822 5001 1875 5056 in
1908 4999 2166 5057 factorum

568 5083 893 5139 oblivionem
921 5101 1021 5141 nos
1048 5087 1232 5142 venire
1266 5103 1279 5140 :
1310 5087 1404 5143 sed
1435 5089 1505 5143 ob
1547 5090 1733 5146 oculos
1762 5102 2062 5162 proponat,
2092 5092 2169 5148 uti

567 5173 649 5226 vel
682 5174 783 5230 hac
815 5177 1017 5233 ratione
1041 5192 1138 5232 nos
1170 5179 1432 5253 tardiores
1460 5181 1634 5248 faciat,
1664 5199 1734 5238 ne
1765 5185 1815 5237 in
1837 5183 2022 5240 eadem
2045 5199 2170 5253 pec-

574 5272 690 5316 cata
723 5267 1086 5333 prolabamur.
1118 5249 1264 5325 Nat!
1282 5271 1326 5326 si
1355 5289 1474 5327 cum
1504 5290 1566 5328 ex
1610 5276 1933 5331 conscientia
1965 5287 2167 5330 tantum

573 5354 726 5409 nobis
751 5358 818 5410 sit
843 5360 1087 5425 subsidii,
1120 5371 1173 5417 et
1204 5371 1407 5418 tantum
1437 5365 1682 5434 adjtttorii
1709 5408 1724 5434 ,
1749 5376 1804 5421 et
1831 5368 1874 5422 si
1904 5368 2040 5423 hanc
2069 5368 2165 5423 ha-

573 5447 760 5503 bentes
781 5449 1149 5510 vehementem
1175 5457 1580 5524 accusatricem,
1611 5475 1728 5529 qua:
1754 5468 1989 5515 nostram
2019 5477 2162 5515 meno

570 5544 677 5590 tem
705 5536 953 5608 ﬂagellet,
985 5555 1039 5597 et
1068 5559 1163 5599 cor
1185 5547 1441 5614 lanclnet,
1472 5560 1524 5604 ct
1548 5551 1738 5620 quovis
1765 5551 2014 5608 carnillce
2039 5568 2166 5622 gra-

568 5630 686 5683 vius
713 5630 896 5698 instet,
929 5633 1170 5704 plerique
1193 5654 1364 5708 neque
1387 5641 1465 5696 sic
1491 5641 1753 5712 ignaviam
1782 5644 2045 5698 vincinms
2079 5661 2091 5696 :
2121 5644 2165 5700 si

569 5718 672 5773 hoc
697 5720 1109 5779 destitueremur
1139 5727 1396 5794 subsidio,
1423 5746 1530 5800 quo
1557 5748 1664 5788 non
1697 5744 1823 5788 tunc
1865 5735 2042 5788 statim
2073 5750 2168 5789 cx-

567 5811 917 5870 cidcrcmus?
959 5815 1249 5886 Propterea
1295 5821 1644 5891 primigenios
1694 5824 1858 5881 homo
1901 5835 1960 5880 ttt
2015 5825 2164 5881 illum

566 5919 783 5960 sensum
810 5907 1044 5980 accepit,
1075 5907 1359 5966 adventum
1405 5910 1616 5968 Domini
1653 5929 1834 5970 secum
1878 5917 2120 5988 cogitans
2143 5961 2158 5986 ,

1264 483 1323 540 S.
1363 481 1644 540 1033'le
1677 477 2154 536 CllllYSOS'I'OMl
2197 477 2510 538 AllClllEP.
2549 480 3084 542 CONSTANTINOP.

2321 593 2503 650 statim
2543 610 2605 651 se
2646 595 2952 653 occultavit.
2979 598 3194 668 Quare,
3217 600 3337 667 die,
3365 616 3460 656 oro
3479 601 3513 655 τ·
3533 599 3785 670 Quoniam
3807 609 3875 658 vi-

2315 683 2474 738 debat
2502 687 2600 740 sibi
2635 696 2838 744 trucem
2865 689 3078 746 adstare
3103 701 3504 754 accusatorem,
3520 693 3879 749 conscientiam

2313 774 2454 831 dico.
2487 776 2670 848 Neque
2693 781 2836 834 enim
2870 781 3034 836 alium
3061 783 3227 838 ullum
3256 784 3656 856 objurgatoncm
3676 785 3878 842 habebat

2311 879 2366 922 et
2399 876 2586 923 testem
2609 882 2976 942 peccatorum,
3005 875 3098 930 sed
3121 875 3332 931 unicum
3354 876 3501 932 illum
3522 893 3681 948 quem
3711 879 3877 933 intrin-

2311 972 2469 1012 secus
2518 960 2946 1018 circumferebat.
3013 965 3262 1022 Attamen
3311 975 3505 1038 praeter
3564 969 3879 1026 conscientia!

2310 1052 2739 1120 accusationem,
2770 1056 2932 1110 etiam
2964 1058 3195 1126 privatio
3219 1058 3440 1130 glorizrr
3454 1076 3575 1130 quae
3603 1059 3720 1114 illos
3741 1069 3891 1115 antea

2308 1143 2459 1212 quasi
2503 1147 2882 1202 vestimentum
2913 1146 3169 1218 fulgidum
3198 1149 3500 1215 ambiebat,
3529 1149 3753 1206 docebat
3778 1151 3878 1206 illos

2310 1249 2404 1304 per
2436 1235 2602 1305 ipsam
2633 1219 2928 1294 ntiditatcm
2951 1239 3173 1294 admissi
3212 1241 3416 1311 peccati
3455 1241 3875 1312 magnitudinem.

2308 1323 2494 1396 Itaque
2513 1327 2634 1396 quia
2663 1337 2782 1398 post
2805 1344 2969 1398 grave
2991 1340 3265 1398 peccatum
3296 1330 3424 1386 illud
3447 1332 3654 1402 pudore
3673 1332 3874 1387 circum-

2305 1415 2408 1470 fusi
2440 1428 2594 1472 crant
2616 1459 2633 1485 ,
2665 1421 2978 1476 delitescere
3017 1431 3375 1478 tcutaverunt.
3405 1423 3686 1478 Audierant
3712 1425 3841 1479 enim
3862 1467 3875 1482 .

2306 1506 2502 1577 inquit,
2525 1525 2692 1566 vocem
2721 1511 2929 1568 Domini
2951 1512 3439 1570 Dei'drambulantis
3461 1516 3516 1568 in
3546 1515 3690 1570 horto
3709 1517 3772 1570 ad
3789 1532 3885 1572 nte-

2302 1601 2502 1668 ridiem,
2525 1613 2571 1657 et
2599 1603 2975 1660 occultaverunt
3001 1623 3056 1661 se
3082 1616 3186 1660 tam
3215 1606 3379 1660 Adam
3398 1649 3420 1678 ,
3442 1624 3608 1678 quam
3629 1624 3751 1662 uxor
3781 1608 3887 1680 ejus

2301 1707 2333 1742 a
2373 1692 2506 1764 [acie
2526 1692 2732 1747 Domini
2757 1693 2853 1748 Dei
2879 1695 2932 1748 in
2953 1697 3119 1750 medio
3150 1697 3399 1766 paradisi.

2374 1781 2526 1839 Nihil
2544 1795 2752 1856 peccato
2781 1783 2949 1856 pejus.
2971 1817 3043 1826 —
3061 1787 3200 1842 Nihil
3229 1798 3446 1858 peccato
3467 1787 3642 1860 pejus,
3667 1787 3876 1846 dilecte;

2301 1874 2476 1944 ipsum
2505 1877 2646 1932 enim
2679 1886 2736 1932 ut
2764 1877 3061 1944 introierit,
3094 1894 3201 1934 non
3247 1879 3432 1933 solum
3455 1879 3658 1948 pudore
3684 1891 3776 1932 nos
3798 1893 3876 1934 re-

2299 1967 2428 2036 plet,
2465 1967 2560 2022 sed
2591 1978 2645 2023 et
2677 1968 2986 2038 insipientes
3021 1969 3197 2026 reddit
3216 1986 3310 2025 eos
3327 1971 3418 2041 qui
3442 1981 3602 2025 antea
3629 1970 3886 2025 intellectu

2298 2066 2354 2114 et
2395 2060 2654 2129 sapientia
2712 2059 2876 2115 multa
2922 2060 3131 2132 prmditi
3192 2061 3422 2120 fuerant.
3478 2061 3883 2127 Animadverte,

2296 2149 2543 2218 obsecro,
2568 2165 2731 2222 quam
2764 2153 3078 2222 insipienter
3100 2153 3211 2222 agit
3240 2167 3381 2206 nunc
3402 2193 3418 2219 ,
3445 2153 3539 2222 qui
3567 2162 3719 2206 antea
3747 2161 3882 2205 tanta-

2297 2242 2536 2314 pollebst
2581 2244 2840 2314 sapientia
2867 2285 2883 2311 ,
2923 2245 3104 2316 quies
3149 2245 3282 2300 actis
3330 2246 3463 2316 ipsis
3508 2245 3752 2301 traditam
3785 2245 3882 2300 sibi

2294 2341 2609 2412 Sapientiam
2653 2341 2808 2401 nobis
2849 2341 3160 2400 declarabat
3180 2382 3205 2408 ,
3226 2339 3326 2412 qui
3349 2340 3476 2398 talia
3524 2340 3870 2412 prophetabat.

2295 2430 2483 2487 Audita
2520 2449 2636 2488 voce
2667 2431 2872 2487 Domini
2914 2431 3012 2488 Dei
3041 2432 3414 2490 deambulanti:
3436 2433 3495 2486 in
3520 2433 3666 2486 horto
3688 2432 3752 2485 ad
3779 2448 3872 2485 met

2293 2524 2494 2590 ridt'em,
2511 2525 2776 2579 occultavit
2819 2541 2873 2579 se
2903 2534 3007 2578 tam
3047 2527 3160 2592 ipse
3185 2540 3340 2594 quam
3365 2539 3500 2578 ustor
3527 2525 3686 2594 ipsius
3707 2539 3735 2573 a
3759 2522 3872 2591 {acie

2293 2613 2500 2672 Domini
2533 2615 2629 2670 Dei
2656 2617 2710 2670 in
2749 2617 2912 2670 medio
2945 2619 3069 2690 ligni
3096 2617 3344 2688 paradisi.
3396 2615 3623 2685 Quantae
3666 2616 3761 2670 hoc
3799 2623 3874 2671 cst

2293 2705 2610 2776 insipientia:
2633 2748 2649 2774 ,
2681 2707 2820 2778 quod
2847 2723 2878 2761 a
2907 2707 3017 2762 Deo
3039 2748 3053 2774 ,
3085 2707 3175 2778 qui
3219 2707 3417 2779 ubique
3455 2723 3692 2778 praesens
3713 2715 3786 2762 est
3806 2747 3819 2770 ,
3841 2722 3876 2759 ευ

2292 2795 2550 2855 Creatore
2574 2839 2591 2864 ,
2634 2799 2723 2868 qui
2751 2815 2817 2854 ex
2851 2798 3018 2852 nihilo
3046 2814 3133 2854 res
3163 2807 3223 2853 ut
3251 2809 3430 2856 essent
3463 2799 3714 2872 produxit
3735 2839 3749 2863 ,
3790 2796 3863 2866 qui

2295 2889 2611 2944 abscondita
2637 2889 2738 2944 scit
2775 2889 2795 2962 (
2825 2887 2980 2943 Psal.
3013 2889 3102 2944 '52.
3151 2889 3221 2945 i5
3241 2887 3292 2959 ),
3319 2890 3410 2959 qui
3440 2889 3598 2945 finxit
3626 2887 3864 2958 sigillatitu

2288 2979 2450 3036 corda
2482 2981 2754 3035 hominum
2777 3021 2794 3050 ,
2822 2989 2875 3035 et
2903 2980 3150 3050 intelligit
3173 2980 3352 3036 omnia
3380 2995 3548 3049 opera
3565 2995 3764 3043 eorum,
3786 2977 3875 3048 qui»

2287 3077 2559 3128 scrutatur
2597 3071 2760 3128 corda
2797 3078 2852 3127 et
2880 3085 3040 3127 rencs
3079 3068 3268 3140 (Prol.
3312 3070 3364 3123 7.
3397 3069 3463 3125 10
3487 3069 3543 3141 ),
3585 3069 3672 3140 qui
3723 3067 3862 3124 etiam

2287 3163 2432 3234 ipsos
2459 3163 2637 3219 cordis
2659 3173 2838 3220 motus
2863 3163 3156 3234 cognoscit,
3197 3160 3534 3217 abscondere
3553 3178 3612 3218 se
3631 3168 3865 3216 conentur

2287 3255 2479 3329 (Psal.
2508 3257 2600 3314 45.
2630 3256 2702 3312 22
2724 3255 2783 3329 )?
2803 3257 2908 3313 Sed
2949 3274 3017 3313 ne
3046 3257 3259 3312 mireris
3279 3297 3294 3322 ,
3326 3255 3530 3312 dilecte
3557 3273 3570 3311 :
3599 3255 3714 3311 talis
3736 3253 3858 3310 enim

2287 3351 2614 3420 peccantium
2643 3350 2977 3405 consuetudo
2999 3357 3086 3404 est
3105 3391 3118 3413 ,
3151 3358 3211 3404 ut
3235 3348 3450 3404 tametsi
3480 3348 3736 3404 occultari
3764 3361 3867 3399 non

2288 3441 2514 3511 possint,
2537 3440 2797 3496 occultari
2825 3450 3000 3495 tanton
3029 3439 3211 3502 velint,
3231 3448 3286 3494 et
3314 3439 3592 3493 studeant.
3620 3437 3683 3492 Ut
3701 3445 3869 3490 autem

2283 3535 2423 3590 Scias
2447 3548 2543 3590 eos
2573 3548 2680 3589 non
2725 3531 2956 3588 ferentes
2983 3529 3238 3602 pudorem
3263 3571 3280 3596 ,
3307 3545 3415 3600 quo
3451 3538 3578 3600 post
3609 3536 3867 3599 peccatum

2281 3639 2401 3680 sese
2424 3623 2778 3688 suli‘uderant,
2803 3622 2986 3678 nudati
3017 3621 3402 3691 incorruptibili
3432 3621 3524 3675 illa
3554 3620 3743 3693 gloria,
3770 3615 3866 3671 hoc

2282 3714 2492 3781 fecisse,
2524 3714 2804 3770 considera
2832 3714 2919 3769 ubi
2940 3713 3309 3781 occultenttrr;
3341 3714 3394 3770 in
3421 3713 3602 3770 medio
3629 3708 3862 3782 paradisi.

2281 3803 2414 3860 Nam
2441 3804 2585 3860 sicut
2611 3805 2936 3860 verberones
2961 3813 3014 3859 et
3042 3804 3232 3874 ingrati
3261 3803 3477 3874 quidam
3514 3803 3720 3868 famuli,
3749 3813 3862 3854 cum

2281 3910 2387 3950 non
2410 3895 2619 3966 possint
2645 3910 2705 3951 se
2733 3896 2800 3950 ab
2825 3894 2956 3951 hero
2984 3909 3083 3950 suo
3109 3895 3385 3951 occultare
3407 3936 3423 3962 ,
3451 3895 3560 3952 huc
3589 3904 3642 3951 et
3670 3894 3781 3949 illuc
3805 3889 3863 3945 in.

2279 3989 2504 4059 angulos
2525 3987 2716 4044 domus
2739 4003 2958 4044 currere
2981 3987 3158 4043 solent
3179 4028 3194 4052 ,
3224 3997 3370 4044 metu
3405 3988 3618 4043 illorum
3640 3985 3858 4041 animum

2277 4081 2617 4137 concutiente
2645 4097 2659 4133 :
2694 4080 2764 4134 ita
2805 4087 2860 4135 et
2887 4078 2941 4134 hi
2976 4077 3180 4134 nullum
3208 4077 3544 4134 invenientes
3585 4075 3855 4148 effugium,

2282 4173 2336 4229 iu
2367 4175 2479 4244 ipsa
2505 4174 2686 4238 domo,
2714 4172 2978 4242 paradiso,
3011 4175 3228 4244 inquam
3250 4211 3266 4235 ,
3294 4172 3736 4242 circumaguntur.
3758 4165 3852 4221 Nec

2277 4243 2482 4336 abstine
2523 4265 2731 4320 ratione
2761 4273 2972 4332 tempus
2997 4243 3306 4333 assﬁnatur
3332 4280 3347 4317 :
3380 4263 3660 4318 Audierant
3685 4259 3848 4323 enim,

2276 4357 2446 4428 inquit
2471 4396 2486 4423 ,
2509 4371 2678 4410 uocem
2708 4353 2918 4410 Domini
2948 4349 3058 4409 De?
3073 4355 3443 4409 deambulantis
3479 4356 3534 4409 in
3561 4353 3787 4427 paradiso
3799 4349 3845 4402 in

2276 4448 2486 4503 meridie
2517 4463 2536 4503 :
2559 4447 2654 4503 sed
2681 4456 2737 4502 ut
2765 4447 2940 4503 discas
2971 4447 3180 4502 Domini
3206 4447 3608 4518 benignitatem,
3636 4443 3766 4516 quod
3786 4455 3857 4498 ne

2277 4540 2546 4596 modicum
2585 4539 2801 4610 quidem
2826 4539 3132 4605 distulerit,
3159 4539 3253 4594 sed
3281 4556 3403 4594 mox
3427 4582 3444 4604 ,
3474 4551 3531 4594 ut
3562 4539 3688 4594 vidit
3721 4535 3845 4607 quod

2277 4631 2470 4686 factum
2494 4642 2630 4698 erat,
2659 4641 2715 4686 et
2737 4633 2931 4688 ulceris
2951 4631 3392 4703 magnitudinem,
3415 4632 3481 4687 ad
3504 4631 3846 4703 opitulandum

2276 4722 2602 4778 festinaverit
2625 4763 2642 4789 ,
2671 4731 2729 4775 ut
2768 4738 2836 4777 ne
2877 4722 3028 4778 ulcus
3055 4722 3354 4792 grassaudo
3386 4723 3537 4778 fieret
3576 4717 3847 4778 incurabile

2275 4814 2506 4869 vulnus:
2539 4813 2738 4870 idcirco
2774 4824 2834 4869 ut
2859 4814 3154 4885 prtevcniat
3178 4816 3482 4879 accelerat,
3522 4825 3578 4870 et
3616 4812 3852 4868 velociter

2273 4911 2536 4965 crescenti
2563 4909 2727 4964 ulceri
2757 4909 2940 4975 adest,
2966 4924 3031 4963 ac
3056 4924 3152 4978 pro
3193 4924 3288 4966 sua
3317 4907 3559 4965 bonitate
3597 4920 3759 4976 neque
3786 4901 3852 4958 ad

2275 5017 2494 5071 parvum
2523 5010 2730 5071 tempus
2755 5017 2785 5056 a
2804 5016 2931 5057 cura
2957 5016 3054 5056 sua
3082 5001 3228 5056 illum
3254 5001 3564 5057 destitutum
3592 4995 3851 5068 relinquit.

2274 5093 2406 5149 Nam
2437 5102 2634 5148 tantam
2666 5108 2774 5162 pra:
2801 5107 2860 5148 se
2883 5092 3084 5148 ferebat
3114 5091 3318 5147 rabiem
3339 5093 3526 5148 salutis
3547 5099 3734 5147 nostra:
3759 5084 3844 5142 ini-

2273 5187 2459 5249 micus,
2492 5185 2582 5256 qui
2617 5199 2831 5254 semper
2853 5184 3052 5240 nostris
3081 5183 3233 5238 bonis
3262 5182 3490 5249 invidet,
3519 5193 3577 5238 ut
3602 5194 3724 5238 mos
3759 5175 3852 5231 sub

2276 5277 2487 5336 initium
2515 5279 2796 5333 moliretur
2821 5277 3075 5344 insidias,
3105 5287 3160 5332 et
3193 5291 3294 5332 suo
3320 5277 3618 5346 pernicioso
3641 5269 3853 5331 consilio

2274 5369 2418 5439 ipsos
2445 5367 2740 5424 admirabili
2768 5368 2856 5422 illa
2884 5367 2988 5421 vita
3018 5367 3271 5436 privaret.
3299 5367 3405 5423 Sed
3432 5367 3602 5423 solers
3625 5365 3710 5421 ille
3730 5359 3850 5417 artis

2273 5460 2359 5516 fex
2395 5461 2556 5526 Deus,
2583 5459 2672 5529 qui
2697 5473 2793 5512 sua
2821 5458 3078 5528 sapientia
3103 5474 3189 5514 res
3219 5468 3430 5514 nostras
3453 5458 3750 5528 dispensat,
3771 5450 3844 5504 vi-

2270 5551 2405 5607 dens
2427 5551 2628 5607 diaboli
2655 5551 3062 5622 malignitatem,
3088 5561 3144 5607 et
3171 5551 3404 5607 hominis
3431 5551 3726 5622 segnitiem,
3750 5559 3842 5616 quo

2272 5659 2370 5714 per
2389 5644 2670 5714 mulierem
2685 5641 2962 5713 deceptus,
2981 5642 3032 5698 in
3051 5652 3251 5699 tantam
3273 5644 3459 5699 incidit
3475 5641 3844 5699 conlustonem.

2272 5749 2396 5789 mox
2422 5733 2610 5799 adest,
2641 5742 2696 5789 et
2733 5734 2884 5804 quasi
2914 5741 3222 5789 mansuetus
3249 5743 3306 5788 et
3338 5733 3595 5804 benignus
3617 5728 3771 5802 judex
3794 5723 3845 5776 in

2275 5825 2531 5881 tribunali.
2550 5835 2755 5882 terrore
2790 5833 2846 5880 et
2870 5824 3094 5880 horrore
3121 5823 3280 5894 pleno
3302 5823 3458 5880 sedet
3477 5864 3494 5891 ,
3516 5830 3570 5878 et
3597 5816 3846 5876 examinat

2272 5915 2556 5988 diligenter
2580 5933 2593 5968 :
2615 5930 2711 5988 per
2739 5915 2842 5971 hoc
2877 5929 2978 5971 nos
3001 5913 3250 5971 docendo
3269 5953 3288 5984 ,
3331 5937 3399 5977 ne
3426 5923 3745 5987 eongeneres
3767 5922 3846 5959 ao-
