4110 6422
546 248 644 301 357

557 364 834 436 ὁμογενεῖς
864 357 1269 425 καταδικάζειν,
1321 356 1449 428 πρὶν
1495 355 1562 410 ἂν
1604 353 1808 426 ἀκριϐῆ
1854 353 1953 425 τήν
1987 352 2231 418 ἐξέτασιν

561 447 931 522 ποιησώμεθα.

627 545 697 608 γ’.
734 536 1078 603 Ἀκούσωμεν
1120 532 1322 593 τοίνυν.
1354 532 1401 586 εἰ
1426 532 1599 593 δοκεῖ,
1631 529 1753 583 τίνα
1785 532 1883 601 μέν
1916 530 1945 583 ὁ
1978 525 2237 596 δικαστὴς

550 624 829 696 ἐπερωτᾷ,
858 622 981 675 τίνα
1006 619 1065 674 δέ
1099 619 1150 673 οἰ
1195 619 1477 673 κατάδικοι
1506 616 1917 689 ἀποκρίνονται,
1956 614 2049 666 καί
2078 612 2237 674 ποίας

556 711 824 785 τιμωρίας
845 709 1111 780 δέχονται,
1128 708 1225 761 καὶ
1258 708 1389 777 ποίᾳ
1411 705 1679 775 καταδίκῃ
1701 701 2000 765 ὑπεύθυνος
2028 702 2238 769 γίνεται

555 804 582 856 ὁ
608 800 707 872 τὴν
725 797 996 868 τοσαύτην
1018 794 1313 866 ἐπιϐουλὴν
1333 798 1413 859 εἰς
1433 793 1632 856 αὐτοὺς
1661 789 2061 865 ἐργασάμενος.
2077 786 2239 842 ’Λλλά

558 886 868 941 συντείνατέ
908 882 1363 956 μοι,παρακαλῶ,
1383 881 1481 949 τὴν
1513 878 1887 941 διάνοιαν,καί
1919 875 2008 930 διὰ
2040 873 2237 927 πολλοῦ

556 972 651 1028 τοῦ
682 972 849 1042 φόϐου
897 975 1013 1036 τοῖς
1050 970 1365 1041 λεγομένοις
1399 968 1721 1039 προσέχετε.
1741 967 1802 1019 Εἰ
1841 964 1950 1035 γὰρ
1978 963 2238 1033 δικαστὴν

554 1059 789 1130 ὁρῶντες
808 1059 1050 1129 ἐπίγειον
1066 1060 1150 1128 ἐφ’
1167 1056 1371 1128 ὑψηλοῦ
1391 1056 1635 1126 βήματος
1654 1053 1985 1125 καθήμενον,
2001 1054 2093 1104 καὶ
2113 1051 2238 1115 τοὺς

558 1147 883 1211 καταδίκους
904 1149 985 1210 εἰς
1003 1146 1067 1218 μέ
1076 1162 1165 1199 σον
1186 1144 1515 1213 ἄγοντα,καί
1543 1142 1957 1208 καταξαίνοντα,
1972 1138 2065 1193 καὶ
2077 1157 2127 1190 τι
2134 1155 2239 1208 μω-

561 1234 843 1305 ρούμενον,
869 1233 1005 1305 μετὰ
1034 1231 1230 1285 πολλοῦ
1254 1230 1347 1284 τοῦ
1374 1231 1529 1294 δέους
1552 1229 1978 1300 παρεστήκαμεν
2006 1225 2237 1278 ἀκοῦσαι

560 1322 893 1393 βουλόμενοι,
921 1322 975 1375 τί
1012 1320 1113 1393 μὲν
1147 1322 1175 1372 ὁ
1199 1319 1461 1389 δικαστὴς
1507 1317 1677 1387 λέγει,
1706 1317 1761 1368 τί
1801 1315 1857 1368 δὲ
1884 1318 1912 1368 ὁ
1939 1312 2239 1376 ὑπεύθυνος

556 1409 915 1482 ἀποκρίνεται
935 1426 951 1441 ’
1003 1408 1187 1479 πολλῷ
1224 1407 1424 1479 μᾶλλον
1449 1405 1545 1461 νῦν
1572 1404 1730 1460 τοῦτο
1773 1404 1946 1458 ποιεῖν
1988 1402 2135 1473 ἡμᾶς
2158 1400 2238 1453 δί-

556 1516 731 1562 καιον,
771 1498 1014 1569 ὁρῶντας
1044 1498 1137 1551 τὸν
1169 1495 1516 1568 Δημιουργὸν
1545 1495 1643 1564 τῆς
1682 1492 1896 1563 φύσεως
1926 1490 2078 1561 δίκην
2126 1489 2237 1541 είσ-

559 1585 931 1658 πραττόμενον
966 1584 1076 1638 τῶν
1106 1584 1198 1638 ὑπ’
1221 1583 1388 1637 αὑτοῦ
1416 1579 1954 1653 δημιουργηθέντων.
1981 1576 2118 1630 Ἀλλ’
2141 1574 2237 1627 ἐὰν

559 1672 865 1742 προσέχητε
902 1671 1041 1743 μετὰ
1071 1670 1381 1742 ἀκριϐείας,
1411 1668 1609 1739 ὄψεσθε
1644 1668 1810 1721 πόσον
1841 1666 1903 1719 τὸ
1944 1663 2108 1735 μέσον
2137 1662 2237 1731 τῆς

557 1758 653 1811 τοῦ
673 1757 809 1812 Θεοῦ
832 1756 1023 1826 φιλανθ
1033 1746 1266 1827 ροῖπίας,
1284 1755 1497 1826 καὶτῆς
1512 1754 1619 1808 τῶν
1638 1753 1940 1825 ἀνθρώπων
1964 1749 2089 1821 περί
2111 1750 2237 1811 τοὺς

556 1846 844 1916 ὁμογενεῖς
885 1843 1312 1915 αὐστηρότητος.
1344 1843 1452 1896 Καὶ
1490 1842 1747 1896 ἑκάίεσε
1778 1841 1992 1908 Κύριος
2031 1841 2064 1892 ό
2092 1836 2237 1902 Θεὸς

559 1933 666 1987 τὸν
695 1934 884 2002 Ἀδὰμ,
924 1934 1022 1986 καὶ
1055 1934 1227 1987 εἶπεν
1248 1930 1428 1995 αὐτῷ.
1462 1930 1653 1997 Ἀδὰμ.
1681 1927 1800 1982 ποῦ
1830 1925 1916 1992 εἷ;
1955 1926 2043 1991 Ἐξ
2067 1924 2236 1994 αὑτῆς

561 2022 661 2092 τῆς
702 2024 1024 2095 ἐρωτήσεως
1067 2021 1215 2086 ἄξιον
1249 2020 1589 2090 ἐκπλαγῆναι
1627 2017 1723 2071 τοῦ
1757 2015 1893 2070 Θεοῦ
1930 2014 2028 2085 τὴν
2063 2015 2235 2085 ὑπερ-

558 2110 861 2164 ϐάλλουσαν
897 2108 1342 2181 φιλανθρωπίαν,
1380 2109 1480 2179 οὑχ
1510 2108 1592 2160 ὁτι
1624 2105 1854 2160 ἐκάλεσε
1904 2102 2083 2175 μόνον,
2119 2100 2234 2154 ἀλλ’

556 2198 639 2251 ὅτι
666 2198 761 2251 καί
788 2198 854 2251 δι’
878 2196 1073 2252 ἐαυτοῦ
1104 2196 1362 2251 ἐκάλεσεν
1383 2213 1395 2226 θ
1420 2196 1558 2266 ὅπερ
1582 2193 1860 2265 ἄνθρωποι
1882 2192 1981 2244 οὑκ
2009 2188 2074 2243 ἀν
2104 2205 2235 2240 ποτε

558 2286 880 2357 ἀνάσχοιντο
919 2284 1148 2340 ἐπὶτῶν
1192 2282 1492 2355 ὁμογενῶν,
1524 2282 1619 2335 καὶ
1652 2281 1751 2352 τῆς
1789 2280 1956 2350 αὐτῆς
2000 2278 2180 2343 αὑτοῖς
2207 2288 2233 2317 ει

557 2372 773 2442 φύσεως
796 2372 1218 2427 κοινωνούντων.
1245 2374 1388 2426 ’Ῑστε
1417 2371 1526 2442 γάρ
1549 2371 1654 2434 ὅτι,
1680 2367 1898 2422 ἐπειδάν
1923 2368 2007 2437 ἐφ’
2031 2363 2234 2436 ὑψηλοῦ

556 2461 652 2515 τοῦ
696 2460 940 2532 βήματος
992 2459 1293 2531 καθήμενοι
1341 2458 1500 2528 δίκην
1552 2458 1974 2528 εἰσπράττονται
2011 2455 2137 2516 τοὺς
2167 2452 2235 2507 τά

558 2547 738 2616 φαῦλα
769 2547 1210 2619 ἐργασαμένους,
1237 2545 1338 2599 οὑκ
1388 2543 1632 2611 ἀξιοῦσιν
1662 2543 1859 2607 αὑτοὺς
1890 2541 1990 2612 τῆς
2029 2540 2236 2605 οἰκείας

553 2635 925 2707 ἀποκρίσεως,
947 2636 1043 2689 καὶ
1067 2634 1155 2688 διὰ
1173 2632 1332 2688 τοῦτο
1355 2631 1663 2695 δεικνύντες
1688 2631 1890 2694 αὑτοῖς,
1912 2629 2010 2700 ὅσῃ
2040 2628 2236 2699 ἀτιμίᾳ

556 2724 785 2786 ἑαυτοὺς
807 2721 1235 2792 περιέϐαλονδιά
1257 2722 1358 2793 τῆς
1377 2721 1488 2775 τῶν
1511 2719 1763 2791 πονηρῶν
1790 2716 2044 2790 πράξεων
2070 2719 2236 2787 ἐργα-

559 2810 682 2874 σίας
704 2828 717 2841 ο
752 2810 867 2864 ἀλλ’
900 2812 929 2864 ὁ
969 2811 1071 2881 μέν
1113 2808 1375 2881 δικαστὴς
1407 2807 1783 2879 ἀποκρίνεται,
1825 2805 2011 2876 ἕτερος
2058 2803 2115 2857 δέ
2149 2820 2235 2867 τις

556 2898 728 2963 ἑστὼς
754 2898 1058 2963 διαϐιϐάζει
1094 2898 1164 2952 τὰ
1199 2896 1350 2968 παρὰ
1391 2895 1486 2949 τοῦ
1524 2893 1779 2949 δικαστοῦ
1812 2892 1892 2963 τῷ
1922 2890 2232 2958 ὑπευθύνῳ,

556 2988 650 3041 καὶ
672 2988 739 3041 τά
768 2989 897 3058 παρ’
928 2987 1137 3042 ἐκείνου
1163 2986 1326 3040 πάλιν
1346 2985 1576 3057 διαπορο
1586 2985 1739 3055 μεύει
1755 2983 1833 3056 τῷ
1857 2984 2116 3055 δικαστῇ·
2141 2981 2235 3036 καί

556 3075 796 3130 τοιοῦτον
824 3074 889 3129 ἃν
922 3077 1021 3130 ίδοι
1063 3093 1149 3139 τις
1186 3074 1294 3130 τῶν
1324 3074 1654 3139 δικαζόντων
1688 3070 1967 3143 πανταχοῦ
2006 3071 2066 3124 τὸ
2089 3070 2230 3135 ἔθος.

573 3152 710 3219 Ἀλλ’
731 3166 761 3219 ὁ
787 3164 919 3230 Θεὸς
955 3164 1056 3235 ούχ
1081 3162 1276 3229 οὑτως,
1308 3162 1447 3217 ἀλλά
1473 3163 1559 3229 τί;
1590 3161 1763 3227 Λύτὸς
1799 3162 1865 3215 δι’
1901 3159 2098 3214 ἐαυτοῦ
2135 3177 2236 3214 κα-

555 3253 671 3306 λεῐο
707 3252 816 3308 Καὶ
839 3252 1117 3319 ἐκάλεσε,
1147 3255 1302 3326 φησί.
1325 3254 1541 3322 Κύριος
1565 3256 1599 3307 ό
1626 3252 1773 3317 Θεὸς
1794 3252 1901 3306 τὸν
1935 3250 2108 3320 Ἀδὰμ
2135 3247 2235 3305 καί

550 3334 724 3395 εἶπεν
751 3339 933 3407 αὐτῷ,
970 3341 1161 3413 Ἀδὰμ,
1188 3341 1306 3396 ποῦ
1336 3338 1428 3406 εἴ;
1451 3342 1593 3413 Ὅρα
1620 3342 1761 3412 πόση
1788 3340 2017 3412 δύναμις
2038 3339 2235 3394 ἐναπό-

554 3445 734 3484 κειται
761 3431 820 3484 ἐν
851 3431 919 3501 τῇ
958 3428 1189 3503 βραχείᾳ
1221 3429 1395 3502 ταύτῃ
1427 3429 1592 3495 λέξει.
1633 3430 1745 3483 Καὶ
1785 3428 1918 3483 αὑτὸ
1950 3428 2105 3502 [157]
2136 3429 2235 3499 μὲν

555 3519 665 3590 γὰρ
692 3518 753 3572 τὸ
782 3517 1010 3573 καλέσαι
1052 3517 1258 3589 πολλῆς
1292 3518 1389 3571 καί.
1433 3517 1643 3587 ἀφάτου
1677 3516 2111 3589 φιλανθρωπίας,
2138 3516 2235 3570 καί

555 3607 617 3660 τὸ
640 3606 719 3678 τῷ
753 3606 1258 3678 καταισχυνομένῳ,
1287 3607 1384 3660 καὶ
1420 3607 1555 3678 μηδὲ
1586 3603 1719 3678 ἆραι
1743 3607 1773 3647 ιι
1808 3607 1871 3661 τὸ
1908 3609 2084 3678 στόμα
2113 3607 2237 3659 τολο

559 3695 752 3765 μῶντι,
806 3694 942 3766 μηδὲ
978 3693 1238 3758 διανοῖξαι
1271 3694 1537 3763 γλῶτταν,
1582 3694 1679 3748 καί¹
1730 3696 1989 3768 ἀφορμὴν
2027 3696 2233 3760 δοῦναι,

555 3782 642 3836 διὰ
667 3784 766 3852 τῆς
801 3784 1144 3855 ἐρωτήσεως,
1178 3781 1382 3852 πολλῆς
1418 3780 1754 3853 ἀγαθότητος
1779 3799 1794 3814 ο
1825 3784 1885 3838 τὸ
1923 3785 1981 3838 δὲ
2021 3786 2115 3838 καί
2143 3784 2233 3838 λέ-

555 3887 696 3940 γειν,
722 3871 847 3926 Ποῦ
865 3867 953 3936 aI;
982 3871 1180 3944 πολλὴν
1203 3870 1315 3943 ἔχει
1336 3872 1434 3942 τὴν
1459 3871 1611 3943 ἰσχὺν
1636 3870 1774 3942 μετά
1798 3871 1899 3942 τῆς
1930 3872 2121 3941 φιλανθ
2131 3889 2237 3943 ρω-

555 3959 704 4025 πίας.
729 3960 1026 4031 Μονονουχί
1056 3959 1165 4031 γὰρ
1206 3959 1499 4013 αἰνίττεται
1542 3958 1691 4031 αὑτῷ
1722 3960 1809 4013 διὰ
1841 3960 2029 4015 τούτου
2059 3961 2234 4030 λέγων

554 4049 692 4121 πρὸς
729 4048 922 4103 αὐτόν’
964 4048 1029 4102 Τί
1075 4048 1339 4118 γέγονεν;
1378 4047 1636 4119 Ἐτέρωθί
1679 4065 1738 4102 σε
1785 4047 2100 4116 κατέλιπον,
2142 4049 2236 4104 καὶ

553 4136 784 4208 ἑτέρωθι
813 4135 908 4189 νῦν
934 4136 1211 4208 εὑρίσκω·
1246 4136 1411 4208 ἑτέρᾳ
1439 4136 1566 4208 δόξῃ
1599 4136 1972 4207 ἠμφιεσμένον
2015 4138 2237 4192 καταλι-

555 4219 695 4283 πὼν,
723 4221 819 4276 νῦν
851 4215 1010 4293 εὗρον
1046 4224 1104 4275 ἐν
1132 4221 1454 4294 γυμνότητι.
1489 4223 1614 4277 Ποῦ
1642 4217 1734 4286 si;
1773 4222 1943 4278 Πόθεν
1983 4241 2066 4277 σοι
2106 4240 2224 4277 συνο

553 4309 653 4380 έϐη
682 4309 840 4363 τοῦτο
857 4327 879 4376 ;η
906 4309 1002 4374 Τίς
1029 4326 1090 4362 σε
1112 4312 1194 4374 είς
1216 4309 1483 4364 τοσαύτην
1506 4311 1683 4382 ἤγαγε
1712 4311 2048 4384 μεταϐολήν;
2076 4313 2234 4369 "oio:

553 4397 757 4470 λῃστὴς
777 4397 871 4451 καί
897 4398 1232 4469 τοιχωρύχος
1267 4397 1441 4461 οὕτως
1467 4398 1665 4470 ἁθρόον
1693 4400 1913 4454 ἅπασαν
1941 4399 2038 4454 τοῦ
2065 4400 2228 4453 πλού-

552 4501 649 4540 του
692 4485 793 4556 τὴν
824 4485 1144 4557 περιουσίαν
1174 4485 1544 4557 ἀφελόμενος,
1591 4487 1653 4541 ἐν
1695 4488 1929 4559 τοσαύτῃ
1964 4505 2023 4542 σε
2073 4489 2233 4561 πενίᾳ

552 4571 886 4644 κατέστησες
913 4571 1082 4626 Πόθεν
1101 4588 1182 4627 σοι
1202 4573 1302 4644 τῆς
1324 4572 1711 4645 γυμνώσεωςή
1735 4575 1989 4647 αἴσθησις
2008 4577 2198 4647 γέγονε
2217 4595 2231 4645 ;

554 4660 651 4725 Τίς
684 4677 766 4714 σοι
809 4660 985 4725 αίτιος
1017 4662 1117 4733 τῆς
1148 4660 1489 4732 ἀφαιρέσεως
1525 4662 1620 4714 τοῦ
1653 4661 1969 4733 θαυμαστοῦ
2018 4664 2230 4718 ἐκείνου

551 4748 870 4820 ἐνδύματος,
905 4748 933 4802 ὃ
974 4749 1439 4821 περιϐεϐλημένος
1478 4748 1928 4821 ἐτύγχανες;Τίς
1976 4753 2009 4823 ἡ
2057 4751 2232 4823 ἀθρόα

551 4835 691 4909 αῦτη
746 4837 1055 4909 μεταϐολή;
1115 4837 1251 4892 Ποία
1311 4838 1565 4907 καταιγίς
1596 4837 1740 4893 οὕτω
1775 4838 1980 4913 σφοδρά
2019 4842 2232 4912 ταχέως

551 4924 771 4980 ἅπαντά
800 4942 895 4979 σου
928 4925 1020 4980 τὸν
1054 4925 1254 4996 φόρτον
1290 4926 1591 4993 κατέδυσε;
1623 4926 1690 4981 Τί
1723 4927 1984 4996 γέγονεν,
2026 4928 2108 4984 δτι
2136 4931 2230 4984 τὸν

548 5011 787 5068 τοσαῦτα
835 5012 1296 5084 εὐεργετήσαντα,
1325 5013 1421 5066 καί
1459 5015 1541 5078 εἰς
1581 5013 1852 5087 τοσαύτην
1885 5016 2230 5086 ἀναγαγόντα

547 5099 716 5171 τιμὴν
748 5097 1089 5172 κρύπτεσθαι
1118 5101 1445 5171 ἐπιχειρεῖς;
1472 5099 1605 5155 Τίνα
1632 5100 1883 5167 δεδοικὼς
1906 5100 2002 5156 νῦν
2029 5102 2230 5158 λανθά-

547 5202 663 5240 νειν
705 5187 1060 5256 σπουδάζεις;
1107 5187 1200 5260 Μὴ
1237 5188 1347 5261 γάρ
1398 5190 1708 5262 κατήγορος
1754 5188 2109 5263 παρέστηκε;
2152 5191 2229 5265 μὴ

550 5274 660 5345 γὰρ
693 5274 973 5358 μάρτυρες
1002 5278 1375 5349 ἐφεστήκασι;
1414 5278 1587 5333 Πόθεν
1621 5295 1703 5332 σοι
1732 5279 1769 5350 ή
1791 5279 2030 5351 τοσαύτη
2057 5279 2229 5336 δειλία

552 5361 692 5415 καίὁ
720 5362 882 5428 φόϐος
910 5365 1317 5437 κατεσκεδάσθη
1345 5376 1405 5432 ος
1442 5364 1558 5435 Τῆς
1580 5366 1787 5436 φωνῆς
1817 5381 1934 5421 σου
1965 5368 2226 5436 ἤκουσα,

550 5448 705 5518 φησί,
746 5452 1214 5520 περιπατοῦντος
1251 5454 1323 5507 ἐν
1348 5451 1431 5520 τῷ
1470 5454 1833 5524 παραδείσῳ,
1874 5455 1972 5508 καί
2005 5457 2226 5526 4.5990611-

550 5536 669 5603 θην
724 5533 815 5589 ὅτι
872 5539 1097 5606 γυμνός
1146 5543 1293 5611 εἰμι,
1348 5541 1450 5597 καί
1496 5541 1773 5611 ἐκρύϐην.
1826 5541 1998 5597 Πόθεν
2049 5561 2131 5598 σοι
2193 5546 2226 5617 ή

549 5621 751 5687 γνῶσις
788 5621 888 5692 τῆς
934 5624 1264 5695 γυμνώσεως
1305 5628 1564 5697 γέγονεν;
1607 5629 1731 5683 εἰπέ
1762 5646 1887 5702 μοι’
1921 5629 1975 5683 τί
2017 5631 2079 5684 τὸ
2106 5648 2228 5687 και-

547 5706 637 5763 νὸν
678 5708 774 5763 καὶ
805 5711 1144 5783 παράδοξονς
1186 5714 1283 5777 Τίς
1313 5714 1379 5768 ἂν
1420 5716 1577 5770 τοῦτο
1609 5716 1850 5787 ἠδυνήθη
1892 5718 2023 5771 ποτὲ
2059 5719 2227 5789 ἀναγ-

611 5795 985 5865 ἦΜοτθΙε-ὅπερ
1006 5798 1263 5865 ἀνθρώπων
1287 5816 1370 5865 τις.
1403 5801 1755 5865 ,νᾷνάσχοιταη
1782 5803 1930 5865 αὐτῷ.
1968 5802 1997 5843 Ι)
2020 5803 2146 5865 Reg.
2174 5809 2227 5853 et

611 5818 641 5825 -
670 5818 842 5847 ωυῐει.
868 5818 985 5861 οπερ
1006 5818 1263 5862 ανυρωπων
1287 5818 1370 5857 τις.
1403 5839 1414 5850 .
1439 5818 1755 5864 ανασχοιτο...
1782 5818 1930 5865 αυτφ.
1970 5818 1997 5843 ο
2022 5818 2092 5853 ne.
2135 5841 2146 5851 .
2174 5818 2203 5852 e

549 5854 700 5907 Salvi].
757 5860 889 5931 μηδέΔ
923 5861 1097 5922 διᾶραι.
1149 5861 1261 5911 Mox
1326 5863 1475 5912 Savil.
1524 5868 1713 5920 κινῆσαι
1757 5866 1986 5927 γλῶτταν.
2054 5818 2207 5927 οῗίρε

553 5923 941 5983 ιαπεσχεδιάσθη.

1274 241 1338 297 S.
1374 237 1660 296 JOANNIS
1699 233 2192 295 CI'IRYSOSTOMI
2228 231 2546 290 AHCHIEP.
2587 227 3140 302 CONSTANTINOP.
3889 239 3961 298 ηε

2339 348 2520 418 γεῖλαί
2554 364 2666 411 σοι,
2708 347 2755 399 εί
2804 344 2881 416 μή
2919 344 2985 398 σὺ
3021 342 3205 415 σαυτῷ
3246 341 3449 425 ταύτης
3489 342 3661 408 αἴτιος
3697 345 3860 417 ἐγένου
3883 355 3959 425 τῆς

2328 435 2602 507 αἰσχύνης
2629 450 2641 497 ;
2681 434 2731 486 εἰ
2755 432 2830 503 μὴ
2853 430 2960 484 ἀπὺ
2980 430 3072 484 τοῦ
3105 430 3285 495 ξύλου.
3318 424 3379 485 οὑ
3407 430 3754 503 ἐνετειλάμην
3778 453 3848 489 σοι
3867 442 3960 497 τούς

2336 533 2433 570 του
2473 514 2635 586 μόνου
2679 511 2754 585 μὴ
2795 512 3009 581 φαγεῖν,
3045 510 3140 563 ἀπ’
3179 510 3344 564 αὑτοῦ
3379 510 3613 580 ἐφαγεςς
3642 511 3776 585 ’θρα
3808 517 3957 585 φιλαν.

2339 597 2585 671 θρωπίαν
2608 597 2879 650 Δεσπότου
2909 598 3005 650 καὶ
3037 593 3389 661 ἀνεξικακίας
3411 597 3734 671 ὑπερϐολήν.
3764 587 3985 675 Δυνάμεέ

2338 698 2429 744 νος
2457 680 2566 751 γὰρ
2590 679 2792 741 εὑθὲως
2848 678 2983 749 μηδὲ
3024 677 3373 751 ἀποκρίσεως
3413 680 3644 747 ἀξιῶσαι
3671 682 3756 737 τὸν
3771 688 3963 744 τοσαῦτα

2338 761 2720 835 ἡμαρτηκότα,
2744 758 2863 813 ἀλλ’
2891 759 2998 813 ὑπὸ
3017 759 3079 813 τὸ
3099 759 3380 830 ἐπιτίμιον
3404 762 3650 830 ἀγαγεῖν,
3676 762 3704 815 ὁ
3724 766 3961 835 προλαϐὼν

2341 843 2561 916 ὥρισεν,
2612 845 2661 897 εἰ
2708 841 3010 914 παραϐαίη,
3043 843 3407 914 μακροθυμεῖ,
3449 844 3549 897 καὶ
3601 844 3854 915 ἀνέχεται,
3892 853 3965 905 καὶ

2341 928 2539 998 ἐρωτᾷ,
2579 926 2674 979 καὶ
2719 926 3011 995 ἀπόκρισιν
3034 924 3272 994 δέχεται,
3309 925 3405 979 καὶ
3429 924 3591 979 πάλιν
3625 928 3792 999 ἐοωτᾷ
3815 946 3965 1000 μονον.

2336 1010 2459 1080 ουχὶ
2494 1009 2574 1071 είς
2621 1006 2913 1075 ἀπολογίαν
2959 1005 3122 1059 αὑτὸν
3162 1006 3593 1072 ἐκκαλούμενος,
3637 1010 3721 1061 ἶνα
3757 1011 3963 1083 ἀφορμὴν

2340 1087 2543 1152 λαϐὼν,
2571 1088 2673 1160 τὴν
2705 1088 2914 1143 οἰκείαν
2950 1088 3362 1160 φιλανθρωπίαν
3404 1090 3500 1143 καὶ
3537 1090 3674 1158 μετά
3698 1091 3789 1163 τὴν
3808 1095 3962 1147 τοσαύι

2339 1188 2438 1241 την
2470 1171 2779 1245 παράϐασιν
2810 1171 2938 1241 περί
2969 1170 3132 1223 αὑτὸν
3160 1171 3490 1241 ἐπιδείξηται
3515 1188 3531 1204 ’
3576 1173 3826 1228 παιδεύων
3849 1178 3962 1247 ἡμᾶς

2341 1260 2435 1312 καὶ
2461 1258 2548 1312 δια
2574 1257 2787 1319 τούτου,
2810 1257 3028 1310 ἐπειδάν
3043 1257 3353 1327 δικάζωμεν
3378 1259 3491 1320 τοῖς
3513 1257 3819 1323 ὑπευθύνοις
3831 1262 3873 1323 ἀ,
3903 1263 3959 1334 μὴ

2339 1341 2630 1411 ἀνημέρως
2671 1341 2857 1403 αὑτοῖς
2896 1338 3321 1410 προσφέρεσθαι,
3371 1340 3509 1411 μηδὲ
3546 1340 3645 1411 τὴν
3668 1341 3769 1393 τῶν
3795 1341 3956 1412 θηρίων

2339 1423 2602 1496 ώμότητα
2629 1414 2759 1494 περὶ
2789 1423 2988 1485 αὐτοὺς
3009 1421 3435 1486 ἐπιδείκνυσθαι,
3462 1421 3599 1477 ἀλλά
3621 1423 3778 1495 πολλῇ
3803 1427 3859 1495 τῇ
3884 1441 3961 1495 μα-

2339 1506 2615 1579 κροθυμίετ⁴
2644 1507 2737 1560 καὶ
2774 1509 2842 1577 τῇ
2880 1505 3054 1577 φειδοῖ
3093 1503 3415 1576 κεχρῆσθαι,
3467 1504 3564 1559 ᾶτε
3592 1505 3655 1576 δή
3682 1506 3753 1570 ὡς
3786 1506 3959 1570 οἰκείοις

2344 1591 2529 1660 μέλεσι
2560 1590 2901 1656 δικάζοντας,
2941 1590 3036 1644 καὶ
3088 1589 3150 1644 τὸ
3177 1589 3442 1659 ὁμογενὲς
3480 1589 3785 1653 ἐννοοῦντας
3808 1590 3958 1660 φιλαν-

2341 1672 2561 1745 θρωπίᾳ
2579 1673 2680 1744 τήν
2710 1670 2983 1743 τιμωρίαν
3021 1673 3369 1743 κεραννύναι.
3399 1671 3539 1726 Οὑδὲ
3571 1672 3677 1743 γάρ
3708 1671 3870 1735 ἁπλῶς
3892 1688 3956 1725 το-

2341 1756 2515 1830 σαύτη
2548 1755 2954 1825 συγκαταϐάσει
2991 1755 3025 1825 ὴ
3068 1754 3187 1809 θεία
3231 1752 3421 1826 Γραφὴ
3464 1752 3956 1828 πιέχρηται,ἀλλὰδιὰ

2339 1840 2439 1910 τῆς
2459 1840 2769 1910 παχύτητος
2788 1852 2811 1879 ε
2839 1837 2946 1893 τῶν
2977 1837 3176 1905 λέξεων
3203 1836 3530 1892 διδάσκουσα
3550 1836 3693 1908 ἡμᾶς
3718 1839 3807 1909 τήν
3824 1854 3872 1890 τε
3887 1833 3955 1890 :05

2338 1921 2474 1976 Θεοῦ
2510 1921 2944 1994 φιλανθρωπίαν,
2993 1921 3088 1975 καί
3128 1923 3208 1985 εἰς
3248 1918 3406 1991 ζῆλον
3448 1920 3674 1990 ἄγουσα,
3705 1918 3829 1974 ὥστε
3851 1920 3956 1975 κατὰ

2337 2002 2565 2074 δύναμιν
2591 2003 2936 2075 ἀνθρωπίνην
2962 2003 3251 2075 μιμεῖσθαι
3276 2000 3370 2056 τοῦ
3404 2003 3674 2057 Δεσπότου
3693 2004 3782 2075 τὴν
3801 2002 3955 2072 ἀγαθό-

2337 2101 2496 2153 τητα·
2529 2086 2641 2143 Καὶ
2661 2081 2831 2140 εἶπεν
2853 2083 3033 2150 αὐτῷ,
3068 2085 3162 2151 Τίς
3182 2082 3508 2155 ἀνήγγειλέ
3536 2101 3653 2148 σοι,
3676 2082 3755 2139 ὅτι
3779 2084 3955 2156 γυμνὸς

2338 2162 2410 2229 εἴ.
2453 2170 2503 2221 εἰ
2528 2167 2614 2238 μὴ
2646 2167 2764 2223 ἀπὸ
2793 2167 2900 2222 τοῦ
2926 2166 3119 2232 ξύλου
3147 2160 3218 2222 οὗ
3243 2166 3640 2237 ἐνετειλάμην
3662 2182 3754 2221 σοι
3786 2168 3953 2221 τούτου

2332 2253 2531 2319 μόνου
2558 2251 2644 2320 μὴ
2668 2249 2902 2320 φαγεῖν,
2939 2249 3041 2303 ἀπ’
3072 2249 3262 2303 αὐτοῦ
3299 2249 3561 2319 ﬁguram
3594 2249 3752 2304 Πόθεν
3778 2249 3851 2311 ἂν,
3874 2264 3953 2320 9r,-

2340 2334 2448 2399 σίν,
2485 2334 2759 2405 ήδυνήθης
2778 2332 2935 2388 τοῦτο
2955 2333 3182 2403 γνῶναι,
3213 2334 3305 2386 καί
3327 2333 3571 2406 τοσαύτη
3595 2332 3805 2405 αἰσχύνῃ
3833 2349 3954 2403 περιο

2338 2416 2628 2488 ϐληθῆναι,
2659 2419 2709 2471 εἰ
2757 2417 2832 2489 μὴ
2879 2417 3048 2487 πολλῇ
3081 2419 3147 2488 τῇ
3192 2415 3435 2489 ἀκρασίᾳ
3481 2418 3712 2489 ἐχρήσω,
3755 2416 3834 2470 καί
3854 2432 3952 2469 κατ-

2337 2500 2646 2572 εφρόνησάς
2679 2516 2780 2571 μου
2809 2501 2911 2569 τῆς
2935 2500 3188 2570 ἐντολῆςζ

2411 2582 2562 2656 [158]
2576 2584 2639 2638 δ’.
2656 2583 2873 2647 Σκόπει,
2892 2582 3167 2653 ἀγαπητέ,
3184 2582 3281 2652 τῆς
3299 2582 3637 2653 άγαθότητος
3654 2580 3743 2633 τοῦ
3757 2578 3869 2633 Θεοῦ
3884 2577 3955 2648 τὴν

2340 2667 2668 2740 ὑπερϐολὴν,
2691 2668 2840 2732 ὅπως
2869 2666 3120 2739 καθάπερ
3150 2666 3299 2736 φίλος
3333 2666 3479 2736 φίλῳ
3498 2665 3868 2734 διαλεγόμενος,
3885 2661 3954 2712 καὶ

2338 2750 2584 2819 ἐγκαλῶν
2611 2751 2687 2815 ὡς
2714 2750 3019 2821 παραϐάντι
3048 2750 3116 2804 τά
3147 2746 3277 2820 παρ’
3306 2748 3474 2802 αὑτοῦ
3505 2747 3821 2807 ἐνταλθέντα,
3847 2742 3956 2796 οὕτω

2339 2834 2477 2906 πρὸς
2505 2834 2669 2888 αὑτὸν
2695 2833 2793 2904 τὴν
2839 2832 3074 2897 διάλεξιν
3116 2834 3369 2887 ποιεῖται.
3422 2833 3524 2899 Τίς
3579 2826 3861 2901 ἀνήγγειλέ
3882 2841 3956 2880 σοι

2338 2917 2428 2971 ὅτι
2460 2917 2685 2987 γυμνὸς
2706 2914 2780 2980 εἷ,
2811 2919 2861 2971 εί
2875 2915 2960 2987 μὴ
2978 2916 3096 2971 ἀπὸ
3120 2916 3227 2970 τοῦ
3270 2916 3491 2981 ξύλου,
3532 2911 3603 2971 οὗ
3630 2911 3956 2979 ἐνετειλάμην

2339 3018 2441 3057 σοι
2473 3003 2689 3056 τούτου
2717 3003 2912 3069 μόνου
2938 2999 3026 3070 μὴ
3054 2999 3290 3070 φαγεῖν,
3322 3000 3425 3059 ἀπ’
3449 2999 3638 3069 αὐτοῦ
3658 2998 3874 3067 ἔφαγες
3899 2990 3954 3044 θύ

2341 3083 2545 3157 μικράν
2579 3084 2815 3154 ἔμφασιν
2842 3084 2957 3155 ἔχει
2985 3083 3165 3138 καὶτὸ
3201 3082 3402 3152 λέγειν’
3435 3084 3657 3138 Τούτου
3682 3080 3864 3151 μόνον.
3887 3074 3954 3142 Μὴ

2339 3156 2453 3240 γὰρ
2506 3165 2923 3239 ἐστενοχώρησά
2971 3158 3121 3229 σου,’
3149 3167 3305 3237 φησὶ,
3354 3165 3455 3237 τὴν
3508 3165 3813 3226 ἀπόλαυσινς
3854 3156 3955 3240 υύχί

2340 3238 2522 3303 πᾶσαν
2557 3248 2742 3303 ἄδειάν
2786 3238 2883 3301 σοι
2941 3247 3237 3320 παρέσχον,
3294 3249 3387 3301 καὶ
3438 3248 3656 3303 πάντων
3699 3245 3794 3299 τῶν
3825 3245 3870 3296 ἐν
3897 3238 3954 3309 τῷ

2341 3330 2655 3403 παραδείσῳ
2696 3329 2795 3402 τὴν
2837 3330 3085 3397 ἐξουσίαν
3132 3330 3400 3395 δεδωκὼς,
3454 3331 3577 3394 ἐνὸς
3627 3328 3800 3383 τούτου
3831 3323 3954 3395 μόνον

2339 3413 2638 3486 ἀπέχεσθαι
2662 3413 3036 3485 ἐνετειλάμην,
3071 3414 3157 3467 ἵνα
3182 3413 3380 3467 εἰδέναι
3412 3412 3568 3485 ἔχῃς,
3594 3413 3673 3466 ὅτι
3700 3409 3792 3463 ὑπὸ
3808 3403 3956 3461 δεσπό-

2338 3514 2439 3568 την
2471 3491 2521 3549 εῑ
2542 3496 2588 3559 ί,
2616 3495 2710 3549 καί
2740 3496 2979 3565 ὀφείλεις
3010 3496 3258 3566 ὑπακοήν
3306 3513 3428 3551 τινα
3487 3491 3854 3550 ἐπιδεικνύναις
3885 3486 3956 3548 τίς

2338 3578 2432 3635 οῦν
2460 3583 2492 3652 ή
2524 3581 2761 3651 τοσαύτη
2799 3579 3064 3652 ῥᾳθυμία,
3097 3578 3238 3632 ὥστε
3271 3578 3545 3651 τοσαύτην
3574 3578 3750 3648 ἔχοντα
3769 3570 3955 3652 ἀπόλαυ·

2340 3682 2445 3727 σιν,
2481 3651 2563 3736 μὴ
2590 3651 2920 3734 ἀνασχέσθαι
2971 3663 3106 3734 μηδέ
3135 3662 3325 3715 τούτου
3362 3660 3456 3714 τοῦ
3511 3661 3629 3724 ἐνὸς
3660 3651 3954 3736 ἀποσχέσθᾳεν

2339 3749 2454 3805 ἀλλ’
2480 3733 2624 3803 οὑτω
2670 3733 2882 3819 ταχέως
2917 3733 2998 3811 εἰς
3040 3746 3139 3819 τὴν
3178 3746 3310 3819 παρ’
3343 3745 3485 3817 ἐμοῦ
3524 3744 3754 3808 δοθεῖσαν
3786 3733 3955 3819 ἐντολῂν

2340 3832 2641 3905 ἐξυϐρίσαι,
2671 3813 2774 3886 καί-
2800 3832 3077 3894 τοσούτοις
3097 3813 3299 3894 κακοίς
3340 3813 3537 3882 ἐαυτὸν
3565 3824 3877 3905 περιϐαλείνς
3906 3813 3954 3905 Τί

2341 3899 2424 3970 σοι
2460 3899 2521 3969 τὸ
2552 3915 2742 3984 ὄφελος
2781 3913 3040 3983 γέγονεν;
3076 3914 3152 3967 Οὑ
3186 3911 3477 3984 προλαϐὼν
3519 3899 3685 3965 ταῦτα
3720 3902 3880 3969 εἴπαις
3910 3899 3954 3984 ού

2338 3997 2417 4069 τῷ
2447 3981 2606 4069 φόϐῳ.
2625 3996 2718 4050 τοῦ
2760 3981 3038 4068 ἐπιτιμίου
3079 3981 3507 4068 προαναστεῖλαι
3550 3989 3851 4063 ἠϐουλήθην,
3886 3981 3957 4069 καὶ

2339 4067 2777 4152 ἀσφαλεστέρους
2807 4067 3177 4151 ἐργάσασθαι;
3225 4079 3328 4133 οὑκ
3365 4073 3523 4132 εἷπον
3558 4075 3619 4131 τὸ
3665 4074 3837 4147 μέλλον
3857 4067 3957 4152 ὑμῖν

2338 4147 2752 4236 συμϐήσεσθαις
2787 4147 2854 4217 οὑ
2872 4147 2963 4218 διὰ
2986 4164 3146 4216 τοῦτο
3173 4161 3271 4233 τὴν
3294 4161 3501 4234 βρῶσιν
3526 4160 3779 4223 ἐκώλυσα,
3809 4154 3881 4208 ἶνα
3899 4147 3956 4236 μὴ

2337 4233 2549 4310 τούτοίς
2580 4245 2914 4317 περιπέσητε
2936 4263 2950 4313 ;
2978 4246 3074 4309 Τίς
3097 4244 3162 4299 ἄν
3190 4262 3250 4298 σε
3271 4233 3606 4316 συγγνώμης
3626 4239 3867 4307 ἀξιώσειε,
3887 4233 3955 4285 τὸν

2341 4334 2480 4405 μετά
2506 4332 2774 4397 τοσαύτας
2827 4332 3205 4404 παραγγελίας
3243 4331 3418 4395 οὕτως
3459 4330 3741 4403 ἀγνώμονα
3772 4322 3954 4395 γενόμε-

2337 4438 2460 4487 νονς
2514 4420 2589 4474 Οὑ
2631 4419 2883 4491 καθάπερ
2926 4418 3110 4490 πατὴρ
3153 4418 3309 4472 παιδί
3369 4419 3608 4490 γνησίῳ,
3648 4414 3781 4469 οὓτω
3816 4409 3954 4491 πάντα

2336 4498 2752 4569 διεστειλάμην,
2797 4487 2891 4553 καὶ
2944 4487 3158 4565 ἐδίδαξα
3202 4496 3311 4551 τῶν
3352 4487 3472 4569 μὲν
3496 4487 3666 4552 ἄλλων
3703 4487 3955 4558 ἀπογεύσα-

2343 4581 2489 4645 σθαι,
2524 4581 2716 4634 τούτου
2750 4582 2807 4634 δέ
2832 4580 3190 4651 ἀποσχέσθαι,
3222 4580 3311 4634 ἵνα
3356 4579 3433 4652 μὴ
3455 4579 3589 4633 πᾶσί
3622 4594 3710 4631 σου
3737 4576 3833 4636 τοῖς
3853 4572 3956 4637 ἁγα-

2338 4662 2450 4727 θοῖς
2470 4662 2830 4734 λυμαίνηται;
2874 4662 3013 4716 Ἀλλ’
3050 4662 3181 4726 ἴσως
3218 4662 3430 4733 ἀγαθὴν
3455 4663 3549 4716 καί
3569 4653 3956 4734 ἀξιοπιστοτέραν

2340 4733 2692 4819 ἡγησάμενος
2733 4748 2834 4818 τῆς
2879 4744 3019 4816 ἐμῆς
3049 4744 3270 4813 ἐντολῆς
3310 4744 3411 4815 τὴν
3448 4745 3634 4814 ἐτέρου
3678 4733 3954 4812 συμϐουλὴν.

2336 4831 2432 4884 καὶ
2462 4829 2838 4901 προσδοκήσας
2870 4827 3130 4899 μειζόνων
3151 4827 3437 4896 ἐφικέσθαι
3460 4830 3485 4868 8
3510 4827 3662 4880 τοῦτο
3682 4819 3954 4889 πεποίηκας.

2336 4918 2428 4971 καί
2458 4912 2561 4980 τὰς
2593 4916 2732 4988 ἐμάς
2760 4915 2982 4980 ἐντολάς
3019 4915 3421 4988 παρωσάμενος
3465 4902 3955 4988 κατετόλμησας-τῆς

2334 4998 2426 5051 τοῦ
2463 4986 2637 5064 ξύλου⁷
2660 4996 2938 5071 βρώσεως.
2978 4986 3113 5052 ’ἰδοῦ
3133 4996 3225 5051 διὰ
3243 4997 3341 5068 τῆς
3377 4996 3573 5067 πείρας
3602 4989 3675 5048 ὧν
3709 4986 3953 5071 πέπονθας.

2333 5081 2536 5152 ἔμαθες
2570 5067 2821 5150 ὅσο⁷ν’τῆς
2849 5080 3162 5152 συμϐουλῆς
3195 5067 3409 5151 ἐκείνης
3439 5078 3499 5132 τὸ
3533 5076 3778 5146 ὀλέθριον.
3810 5067 3954 5152 Είδετε

2331 5151 2587 5219 δικαστοῦ
2617 5151 3067 5237 φιλανθρωπίαν;
3098 5151 3267 5217 εἴδετε
3296 5162 3613 5234 ἡμερότητα
3640 5157 3729 5213 καί
3749 5151 3955 5237 ἀνεξικας

2336 5248 2459 5300 κίαν
2488 5227 2694 5315 ἄφατον
2728 5244 2786 5312 h;
2811 5227 2981 5300 έίδετε
3013 5227 3426 5315 συγκατάϐασιν
3480 5227 3657 5298 πάντα
3706 5238 3842 5305 λόγον
3880 5227 3955 5281 καὶ

2331 5330 2573 5384 διάνοιαν
2604 5329 3077 5402 ύπερϐαίνουσαν;
3114 5328 3285 5382 εἴδετε
3307 5329 3424 5392 πῶς
3443 5327 3531 5382 διά
3558 5327 3655 5396 τῆς
3680 5319 3953 5409 ἐρωτήςεωξ

2333 5415 2427 5468 καὶ
2459 5413 2554 5467 τοῦ
2596 5396 2797 5478 λέγειν,
2840 5413 2937 5480 Τίς
2975 5411 3298 5492 ἀνήγγεαέ
3329 5430 3429 5468 σοι
3461 5412 3550 5467 ὅτι
3586 5405 3796 5492 γυμνός
3817 5396 3879 5461 εί,
3913 5396 3953 5492 εἰ

2326 5497 2413 5568 μὴ
2443 5497 2563 5553 εἰπύ
2595 5497 2701 5551 τοῦ
2738 5497 2950 5562 ξύλου,
2995 5491 3067 5552 οὗ
3108 5496 3499 5567 ἐνετειλάμην
3526 5490 3849 5550 σοι-τούτου

2330 5563 2441 5634 ίόὺ
2463 5580 2549 5650 μὴ
2580 5579 2812 5649 φαγεῖν,
2843 5582 2944 5635 ἀπ’
2966 5579 3155 5634 αὐτοῦ
3173 5563 3413 5649 ἔφαγες,
3436 5563 3600 5650 θύρας
3623 5571 3762 5643 αὐτῷ
3781 5563 3950 5626 ἀνοῖξαι

2334 5661 2585 5734 βούλεται
2615 5662 2932 5732 ἀπολογίας,
2974 5662 3062 5716 ἵνα
3100 5662 3195 5716 καὶ
3239 5663 3372 5737 πρὸς
3418 5661 3502 5715 τὸν
3549 5657 3712 5718 οὕτως
3738 5654 3951 5737 ήμᾳρτη·

2396 5745 2423 5785 d
2445 5745 2594 5795 Savil.
2617 5745 2725 5801 τοὺς
2755 5729 3051 5801 ὑπευθύνους.
3120 5748 3143 5776 θ
3176 5729 3299 5806 Reg:
3338 5758 3462 5793 unus
3484 5743 3560 5791 διὰ
3592 5742 3684 5806 ,τὴν
3724 5729 3948 5806 FW}?

2330 5805 2361 5864 ,ί
2391 5791 2506 5858 Αιῑῑ
2520 5791 2945 5856 οποὲέᾶπὸὲἐίᾶν.
2962 5791 3086 5857 ibid.
3110 5791 3298 5858 ὶιοὲἐὶῗ
3321 5791 3673 5864 meamea.
3737 5797 3759 5834 ε
3782 5791 3948 5864 Coisjijj;

2212 5905 2222 5914 .
2330 5846 2946 5931 ’έφὶἒὲὁαῖῗὲιῖξῖιῗὶιἝυὸ
2962 5846 3086 5918 KQS:
3111 5846 3546 5925 ἓέἓὲρὲεὲὀᾶἶῖ””ιῐ
3558 5846 3687 5924 iis;
3714 5866 3826 5909 unus
3842 5846 3951 5899 addi!

2336 5930 2586 5979 δεσπότου.
