4110 6416
269 298 360 349 137
1371 289 1435 346 ΙΝ
1477 293 1628 348 CAP.
1674 293 1760 348 Ill.
1793 295 2037 350 GENI‘ZS.
2083 295 2312 352 HOMIL.
2359 301 2518 354 XV".

268 421 403 462 siros
417 404 971 467 condemnrmnsmisi
988 419 1144 458 causa
1161 415 1314 459 antea
1332 406 1609 474 diligenter
1623 408 1852 476 cognita.

338 497 390 550 3.
410 494 711 550 Audiamus
734 495 910 563 igitur,
934 495 977 548 si
1003 495 1190 562 placet,
1215 511 1333 563 qua:
1351 496 1512 564 judex
1539 497 1851 566 interroget.

267 602 386 656 qua:
414 585 489 639 rei
517 584 903 652 respondeant,
935 599 1067 654 quas
1096 598 1279 654 pmnas
1301 584 1490 650 ferant,
1529 597 1581 639 et
1610 587 1693 640 cui
1724 601 1854 640 con-

267 675 600 731 demnationi
631 674 898 728 obnoxius
923 673 1078 727 fuerit
1103 676 1148 728 is
1177 675 1264 744 qui
1297 675 1348 729 in
1377 675 1496 729 illos
1525 684 1698 729 tantas
1725 675 1854 729 insi-

266 769 384 822 dias
409 766 742 821 machinatus
761 774 862 820 cst.
893 764 1019 832 Sed,
1050 765 1292 832 obsecro,
1313 767 1550 822 animum
1578 769 1854 835 attendite,

261 872 319 914 et
341 858 512 914 multo
525 873 648 912 cum
669 857 860 912 timore
878 857 1014 912 dicta
1032 857 1341 911 auscultate.
1363 857 1419 913 Si
1435 859 1597 925 enim,
1624 872 1744 912 cum
1775 859 1856 912 vi-

262 952 459 1006 demus
489 959 761 1005 terrennm
798 949 1031 1018 judicem
1064 949 1114 1003 in
1143 950 1356 1002 sublimi
1387 949 1635 1004 tribunali
1664 949 1854 1004 seden-

261 1052 402 1107 tem,
424 1054 547 1095 reos
576 1039 627 1093 in
655 1039 886 1094 medium
914 1039 1293 1108 producentem
1315 1081 1330 1105 ,
1362 1050 1415 1094 et
1442 1040 1714 1108 suppliciis
1738 1039 1856 1092 affi-

261 1131 530 1194 cicntcm,
563 1145 669 1183 non
697 1129 813 1182 sine
841 1127 1030 1182 timore
1056 1129 1328 1182 adstamus
1347 1171 1363 1193 ,
1395 1129 1580 1184 audire
1611 1130 1854 1184 volentes

265 1224 525 1292 quidnam
545 1223 703 1290 judex
729 1221 891 1286 dicat,
923 1232 974 1275 ct
1001 1221 1126 1291 quid
1154 1221 1472 1291 respondeat
1499 1236 1620 1276 reus
1650 1238 1661 1273 :
1688 1223 1856 1275 multo

267 1317 440 1384 magis
470 1328 610 1367 nunc
634 1313 734 1367 hoc
761 1313 913 1367 nobis
945 1312 1266 1377 faciendum,
1299 1329 1418 1367 cum
1447 1314 1687 1368 videmus
1724 1313 1853 1382 Opi-

267 1411 423 1459 ticem
451 1412 652 1458 natura:
684 1419 892 1473 poenam
920 1404 1030 1457 suis
1063 1405 1321 1458 creaturis
1348 1405 1628 1459 intentare.
1659 1405 1852 1457 Verum

261 1499 308 1549 si
342 1496 630 1564 diligenter
657 1494 961 1559 attendatis,
995 1494 1239 1548 videbitis
1261 1505 1512 1563 quantum
1537 1495 1746 1548 intersit
1771 1495 1855 1547 in-

266 1599 350 1641 ter
393 1585 811 1640 misericordiam
843 1585 956 1645 Dei.
991 1595 1038 1638 ct
1075 1585 1345 1638 hominum
1379 1600 1501 1651 erga
1530 1599 1854 1652 congenercs

263 1679 630 1734 severitatem.
661 1676 713 1731 9.
766 1677 829 1730 Et
875 1677 1064 1730 vocavit
1113 1676 1359 1730 Dominus
1407 1675 1545 1729 Dens
1591 1676 1778 1741 Adam,
1807 1685 1855 1729 et

261 1772 398 1824 dixit
426 1771 506 1823 illi
538 1785 555 1821 :
586 1769 769 1834 Adam,
801 1770 884 1822 ubi
927 1785 977 1821 es
1003 1768 1026 1820 ?
1069 1767 1160 1822 Vel
1193 1785 1256 1821 ex
1299 1769 1410 1836 ipsa
1439 1769 1854 1839 interrogatione

263 1861 386 1930 jure
415 1859 856 1926 obstupescamus
883 1858 946 1911 ad
979 1858 1301 1912 eminentem
1342 1859 1432 1912 Dei
1473 1857 1808 1913 clementiam
1837 1877 1850 1911 :

267 1970 376 2008 non
399 1954 570 2007 solum
593 1952 732 2021 quod
765 1951 1054 2016 vocaverit,
1082 1951 1175 2004 sed
1206 1951 1346 2020 quod
1375 1967 1468 2020 per
1493 1954 1724 2020 scipsum
1757 1967 1853 2005 vo-

257 2045 470 2098 caverit
499 2061 511 2098 :
546 2042 596 2097 id
617 2042 758 2112 quod
782 2042 1022 2096 homines
1045 2041 1220 2096 facere
1248 2058 1533 2112 numquam
1559 2043 1754 2097 ferrent
1776 2043 1858 2097 in-

267 2147 350 2190 ter
377 2151 456 2196 se,
482 2134 605 2188 licet
633 2133 874 2188 eamdem
906 2143 1146 2186 naturam
1167 2133 1339 2187 sortiti
1362 2134 1487 2187 sint.
1510 2133 1666 2189 Scitis
1686 2135 1850 2200 enim,

259 2243 391 2281 cum
413 2226 622 2295 judices
653 2225 705 2278 in
729 2226 836 2278 alto
862 2225 997 2278 solio
1019 2225 1226 2288 Sedent,
1251 2227 1588 2296 rationesque
1609 2236 1855 2295 repetunt

263 2336 296 2372 τι
327 2317 780 2380 malefactoribus,
815 2333 915 2373 nec
944 2333 1040 2372 suo
1069 2333 1163 2372 eos
1184 2332 1448 2403 responso
1471 2319 1673 2388 dignari
1705 2336 1718 2372 :
1753 2319 1856 2374 hoc

263 2413 388 2479 ipso
411 2409 755 2465 ostendentes
781 2409 904 2473 illis,
933 2418 1125 2477 quanta
1153 2409 1437 2479 ignominia
1468 2425 1586 2465 sese
1614 2410 1726 2465 suis
1755 2410 1854 2465 lla-

263 2502 411 2570 gitiis
449 2501 811 2568 asperserint:
844 2509 897 2555 et
942 2500 1103 2570 judex
1145 2500 1358 2571 quidem
1400 2501 1711 2570 respondet,
1761 2503 1856 2557 sed

267 2593 408 2646 alius
434 2592 694 2660 quispiam
723 2606 754 2646 a
779 2591 955 2660 judice
981 2591 1098 2645 hac
1116 2591 1406 2662 excipiens,
1437 2607 1530 2646 reo
1553 2594 1853 2662 annuntiat,

256 2695 322 2739 et
346 2684 513 2754 judici
534 2697 744 2753 quoque
778 2698 897 2752 qum
923 2698 1047 2737 reus
1071 2682 1280 2737 dixerat
1311 2701 1324 2736 :
1357 2692 1410 2736 et
1440 2683 1523 2738 hic
1551 2683 1715 2739 ferme
1737 2685 1853 2739 ubi-

270 2790 376 2844 qne
399 2773 744 2843 judicantium
775 2787 890 2826 mos
918 2781 1017 2826 est.
1051 2771 1244 2829 Verum
1288 2773 1431 2828 Deus
1471 2789 1575 2828 non
1606 2775 1684 2828 sic
1711 2775 1852 2844 agit,

271 2865 366 2920 sed
405 2865 713 2936 quomodo?
753 2865 869 2934 Ipse
912 2881 1006 2935 per
1043 2879 1163 2920 sese
1205 2875 1359 2919 vocat
1397 2883 1409 2918 :
1446 2865 1510 2919 Et
1539 2867 1749 2930 vocarit,
1779 2866 1858 2920 in-

261 2959 408 3027 quit,
435 2957 684 3011 Dominus
705 2955 842 3010 Deus
868 2957 1052 3020 Adam,
1078 2967 1124 3011 et
1149 2957 1275 3010 dixit
1304 2959 1384 3011 illi
1400 2957 1619 3023 :Adam,
1650 2958 1734 3012 ubi
1762 2975 1814 3011 es
1836 2959 1860 3011 ?

277 3049 409 3104 Vide
442 3049 495 3103 in
533 3048 676 3103 brevi
707 3047 807 3102 hac
840 3047 1073 3103 dictione
1115 3057 1311 3118 quanta
1351 3049 1430 3102 vis
1460 3048 1731 3103 recondita
1762 3049 1850 3102 sit.

269 3140 407 3195 Nam
435 3149 490 3195 et
518 3140 688 3211 ipsum
729 3153 941 3206 vocare,
984 3154 1185 3208 magna:
1222 3148 1276 3193 et
1317 3139 1600 3194 ineffabilis
1635 3149 1719 3195 est
1751 3141 1862 3194 cic-

276 3235 494 3290 mentia:
517 3275 532 3300 ,
568 3233 974 3288 erubescentem
995 3272 1009 3297 ,
1039 3240 1094 3286 et
1117 3247 1291 3302 neque
1331 3248 1390 3285 os
1416 3233 1623 3301 aperire
1642 3274 1656 3297 ,
1689 3247 1861 3302 neque

267 3327 511 3397 linguam
549 3340 764 3380 movere
793 3325 1075 3379 audentem
1109 3340 1333 3389 vocare,
1362 3337 1415 3378 et
1441 3341 1535 3394 per
1560 3324 1859 3395 interroga-

273 3419 476 3472 tionem
508 3416 839 3471 occasionem
866 3415 1014 3479 dare,
1043 3414 1093 3469 id
1118 3415 1340 3485 ingentis
1364 3424 1476 3471 erat
1501 3415 1858 3483 benignitatis:

265 3511 405 3565 illud
427 3520 601 3563 autem
624 3508 823 3574 dicere,
857 3507 954 3562 Ubi
983 3507 1076 3561 es?
1113 3508 1393 3577 plurimam
1423 3522 1525 3561 una
1554 3522 1675 3561 cum
1709 3507 1860 3560 beni-

273 3603 479 3671 gnitate
504 3601 606 3652 vim
635 3599 812 3653 habet.
854 3597 1080 3653 Perinde
1106 3599 1246 3652 enim
1293 3597 1628 3652 subindicare
1654 3598 1864 3652 videtur

274 3708 338 3745 ac
359 3693 402 3747 si
419 3692 647 3745 diceret:
671 3689 806 3754 Quid
833 3689 1028 3742 factum
1056 3689 1173 3742 est?
1200 3687 1255 3742 In
1279 3688 1384 3742 alio
1413 3696 1464 3743 te
1488 3695 1627 3743 statu
1652 3688 1860 3758 reliqui,

275 3781 328 3836 in
361 3782 468 3834 alio
495 3790 545 3836 te
575 3781 786 3834 invenio
816 3795 828 3831 :
861 3779 1025 3850 gloria
1058 3780 1303 3832 vestitum
1334 3787 1386 3832 te
1414 3779 1623 3849 reliqui,
1645 3795 1784 3834 nunc
1811 3779 1862 3832 in

268 3875 519 3930 nuditate
566 3885 615 3926 te
655 3873 888 3926 invenio.
929 3870 1026 3926 Ubi
1055 3871 1142 3924 es?
1185 3870 1337 3926 Unde
1375 3871 1466 3924 tibi
1494 3870 1594 3925 hoc
1638 3871 1864 3925 accidit?

276 3967 412 4033 Quis
435 3977 486 4020 te
521 3966 571 4019 in
602 3973 801 4019 tantam
847 3965 1052 4018 induxit
1082 3963 1542 4019 vicissitudinem?
1573 3965 1699 4032 Quis
1729 3965 1864 4019 latro

280 4057 370 4110 vel
397 4054 484 4108 fur
512 4055 588 4108 sic
616 4055 778 4108 semel
807 4070 1021 4107 omnem
1051 4053 1354 4106 divitiarum
1391 4053 1738 4107 substantiam
1769 4069 1865 4107 au-

274 4148 484 4208 ferens,
509 4145 559 4198 in
592 4153 790 4198 tantam
814 4153 864 4198 te
891 4144 1122 4214 inopiam
1148 4142 1405 4198 deduxit?
1434 4141 1584 4198 Unde
1611 4142 1865 4197 nuditatis

277 4250 474 4291 sensus
503 4234 594 4288 tibi
627 4235 877 4304 contigit?
901 4235 1031 4301 Quis
1063 4233 1153 4287 tibi
1181 4233 1232 4287 in
1261 4248 1420 4288 causa
1451 4233 1566 4298 fuit,
1599 4242 1655 4287 ut
1683 4233 1863 4288 aufer-

275 4337 429 4382 retur
456 4341 486 4380 a
510 4336 560 4381 te
586 4326 958 4381 vestimentum
996 4324 1124 4380 illud
1154 4325 1486 4389 admirabile,
1509 4342 1614 4396 quo
1638 4326 1863 4380 amictus

277 4420 445 4474 eras?
485 4421 613 4487 Quze
653 4421 926 4488 repentina
967 4418 1083 4473 hmc
1121 4418 1379 4473 mutatio?
1420 4418 1549 4487 Qua:
1580 4427 1865 4488 tempestas

279 4514 354 4565 ita
378 4512 554 4565 subito
578 4525 766 4564 omnes
794 4519 909 4564 tuas
933 4524 1139 4564 merces
1167 4509 1453 4564 demersit?
1477 4509 1611 4577 Quid
1639 4510 1827 4563 accidit
1845 4549 1861 4575 ,

277 4603 425 4672 quod
453 4601 520 4656 ab
559 4617 656 4667 eo,
683 4603 772 4672 qui
818 4602 907 4655 tibi
953 4611 1096 4655 tanta
1126 4599 1378 4654 beneficia
1414 4600 1690 4670 praestitit,
1733 4609 1785 4654 et
1813 4599 1865 4654 in

279 4703 492 4747 tantum
529 4692 786 4746 honorem
818 4701 868 4745 te
906 4691 1116 4755 evexit,
1148 4689 1404 4744 occultari
1443 4690 1676 4758 satagis?
1697 4689 1864 4756 Quem

285 4800 430 4840 nunc
453 4787 674 4851 timens,
706 4784 1016 4838 delitescere
1056 4782 1275 4836 studes?
1306 4781 1438 4835 Num
1470 4781 1618 4835 adest
1645 4795 1866 4834 accusa-

282 4875 411 4930 tor?
437 4893 560 4929 ιιιιιιι
593 4877 789 4929 instant
818 4873 1020 4929 testes?
1047 4873 1196 4928 Unde
1218 4882 1357 4926 tanta
1385 4871 1633 4937 formido,
1667 4880 1868 4925 tantus-

283 4983 393 5038 que
417 4977 586 5021 metus
613 4975 664 5020 te
698 4966 926 5020 invasit?
954 4965 1041 5019 10.
1076 4963 1256 5029 Tuam,
1284 4964 1473 5033 inquit,
1504 4963 1869 5017 deambulantis

284 5063 340 5113 in
391 5060 625 5128 paradiso
661 5074 828 5112 vorem
866 5057 1036 5109 audivi
1061 5097 1075 5121 ,
1108 5065 1152 5108 et
1183 5055 1345 5118 timui,
1375 5055 1492 5124 quia
1523 5055 1685 5107 nudus
1714 5070 1866 5121 sum,

285 5161 337 5205 et
379 5150 615 5204 abscondi
662 5165 741 5202 me
775 5149 814 5201 ¹.
862 5147 1015 5204 Unde
1060 5148 1153 5201 tibi
1205 5147 1460 5201 nuditatis
1505 5146 1688 5200 notitia
1735 5159 1868 5198 con-

287 5241 456 5308 tigit?
503 5240 588 5293 dic
636 5239 763 5292 mihi
811 5256 826 5291 :
889 5238 1014 5308 quid
1072 5238 1174 5292 hoc
1229 5253 1423 5291 novum
1482 5246 1530 5291 et
1594 5235 1870 5290 insolens?

288 5332 422 5397 Quis
470 5329 570 5384 hoc
621 5345 872 5399 umquam
921 5329 1238 5382 annuntiare
1291 5328 1548 5397 potuisset
1592 5327 1720 5392 tibi,
1769 5325 1870 5380 nisi

288 5423 405 5491 ipse
450 5420 606 5490 hujus
659 5421 875 5489 pudoris
921 5428 1106 5473 auctor
1159 5419 1248 5473 tibi
1305 5418 1531 5473 fuisses?
1583 5419 1682 5472 nisi
1727 5434 1758 5472 a
1811 5418 1876 5472 li-

287 5529 415 5581 gno,
460 5512 528 5567 de
571 5527 678 5582 quo
718 5510 940 5580 przecepi
963 5550 978 5576 ,
1028 5519 1087 5565 ut
1123 5525 1189 5564 ex
1228 5525 1294 5564 eo
1333 5509 1450 5563 solo
1493 5523 1599 5563 non
1627 5508 1874 5564 comede-

357 5647 371 5678 ³
406 5653 532 5702 rost,
553 5642 780 5692 abscondi
804 5656 896 5701 me,
914 5641 1103 5704 quidam
1139 5647 1245 5690 uss.
1272 5647 1461 5690 textum
1483 5641 1736 5703 Scriptura:
1762 5652 1871 5703 pro-

287 5715 561 5769 sequuntur
583 5717 740 5766 usque
761 5705 836 5760 ad,
856 5703 1118 5755 coiiiedisti.

3445 314 3548 368 4st

1969 425 2087 470 res.
2134 413 2498 467 comedisses’
2543 415 2671 470 Vide
2719 419 2980 488 ingentem
3033 423 3448 479 misericordiam
3495 441 3546 480 et

1967 499 2270 568 patientiam
2325 503 2550 558 Domini.
2601 505 2731 560 Nam
2779 525 2899 564 cum
2947 523 3124 580 posset
3170 529 3237 568 ne
3285 531 3545 585 responSo

1963 590 2178 658 quidem
2207 593 2409 663 dignari
2436 610 2558 650 eum
2587 598 2674 668 qui
2705 611 3050 668 peccaverat,
3084 603 3176 658 sed
3213 605 3391 660 statim
3435 621 3546 674 pte.

1964 694 2086 734 nam
2127 681 2396 753 inﬂigere,
2434 702 2591 756 quam
2635 689 2781 757 prius
2821 699 3073 744 statuerat
3113 695 3543 762 przevaricaturo.

1963 770 2223 838 patienter
2252 781 2425 829 tamen
2453 777 2583 846 agit,
2610 779 2820 844 tolerat,
2844 790 2894 834 et
2924 783 3228 852 interrogat,
3251 795 3300 836 ct
3328 801 3545 856 respon-

1963 876 2078 914 sum
2101 865 2295 933 accipit
2321 883 2335 920 :
2364 875 2419 921 et
2448 867 2639 924 iterum
2668 870 2976 942 interrogat,
3002 875 3151 944 quasi
3181 874 3248 930 ad
3275 875 3542 933 defensio-

1966 967 2084 1004 nem
2113 971 2234 1008 eum
2268 971 2582 1026 provocans,
2612 971 2669 1014 ut
2693 972 2906 1032 arrepta
2927 965 3208 1021 occasione
3237 968 3396 1022 etiam
3428 981 3545 1038 post

1965 1051 2164 1096 tantam
2197 1049 2704 1114 praevaricationem,
2734 1066 2882 1106 suam
2908 1070 3030 1124 erga
3065 1056 3212 1110 illum
3244 1059 3544 1113 miscricor-

1961 1131 2100 1185 diam
2145 1135 2436 1190 exhibeat:
2466 1155 2572 1206 quo
2619 1141 2776 1194 etiam
2826 1159 2924 1197 nos
2961 1147 3136 1212 docet,
3166 1157 3224 1200 ut
3259 1148 3469 1218 quando
3495 1163 3549 1202 et

1965 1239 2060 1276 nos
2093 1226 2196 1278 reis
2222 1226 2309 1295 jus
2334 1228 2557 1283 dicimus
2577 1272 2590 1293 ,
2619 1247 2724 1284 non
2755 1241 2858 1285 tam
2890 1233 3176 1290 inhumane
3217 1238 3318 1292 illis
3358 1239 3546 1308 loqua-

1963 1329 2100 1376 mur,
2129 1331 2298 1384 neque
2333 1315 2498 1372 ferina
2538 1320 2589 1373 in
2628 1322 2745 1375 illos
2786 1333 2995 1376 utamur
3027 1327 3269 1380 smvitia:
3304 1329 3396 1382 sed
3423 1344 3543 1384 cum

1966 1405 2241 1460 tolerantia
2288 1409 2450 1463 multa
2488 1419 2543 1463 et
2585 1413 2945 1468 misericordia
2977 1431 3213 1486 agamus,
3244 1429 3423 1487 utpote
3448 1436 3548 1474 no-

1965 1498 2088 1550 stris
2115 1498 2347 1566 ipsormn
2383 1501 2636 1555 membris
2659 1503 2746 1571 jus
2772 1504 2994 1572 dicturi,
3025 1515 3077 1560 et
3102 1507 3399 1576 cogitantes
3426 1510 3543 1563 illos

1961 1588 2114 1641 nobis
2135 1603 2253 1643 esse
2283 1604 2630 1659 congenercs,
2663 1592 2978 1662 supplicium
3011 1595 3373 1651 misericordia
3409 1609 3543 1651 tem-

1961 1695 2228 1747 peremus.
2267 1680 2382 1734 Non
2413 1683 2553 1736 enim
2582 1682 2776 1738 frustra
2809 1695 2950 1739 tanta
2975 1687 3252 1741 verborum
3285 1697 3545 1760 attempe-

1960 1772 2164 1826 ratione
2192 1772 2356 1826 utitur
2379 1773 2556 1828 divina
2585 1775 2853 1845 Scriptura
2872 1818 2886 1840 ,
2928 1779 3022 1832 sed
3049 1779 3224 1834 verbis
3257 1781 3544 1836 humilibus

1957 1861 2112 1916 docet
2164 1873 2217 1917 ct
2255 1876 2523 1932 provocat,
2565 1877 2621 1920 ut
2670 1885 2764 1936 pro
2803 1869 3000 1924 viribus
3046 1871 3292 1927 humanis
3337 1874 3544 1930 Domini

1959 1952 2337 2022 benignitatem
2357 1957 2646 2010 imitemur.
2662 1959 2748 2012 11.
2783 1958 3023 2030 Dixitque
3043 1979 3061 2014 :
3088 1964 3212 2027 Quis
3228 1965 3544 2018 annuntiavit

1958 2045 2048 2097 tibi
2069 2045 2206 2114 quod
2232 2047 2396 2101 nudus
2424 2065 2582 2114 esses,
2614 2050 2712 2104 nisi
2737 2048 2914 2124 [quod]
2946 2053 3008 2105 de
3037 2055 3194 2124 ligno,
3224 2055 3285 2108 tle
3309 2074 3406 2125 quo
3434 2059 3542 2112 solo

1959 2137 2176 2207 prerepi
2200 2137 2368 2191 tibine
2391 2141 2694 2207 concederes,
2717 2142 2779 2194 de
2798 2143 2887 2194 illo
2907 2143 3015 2213 ipso
3035 2147 3337 2200 comedis-ti?
3367 2147 3539 2214 Unde,

1960 2225 2149 2294 inquit,
2179 2242 2363 2297 posses
2391 2228 2490 2282 hoc
2516 2229 2682 2295 scire,
2729 2241 2779 2286 te
2825 2240 2970 2286 tanto
3005 2235 3206 2302 pudore
3247 2236 3407 2303 affici,
3443 2239 3541 2293 nisi

1959 2317 2182 2371 militum
2227 2317 2586 2386 intemperans
2635 2319 2864 2388 fuisses,
2911 2331 2966 2377 et
3013 2324 3318 2380 mandatum
3363 2343 3538 2382 meum

1959 2408 2373 2478 contempsisses
2391 2409 2414 2463 ?

2031 2499 2085 2553 4.
2125 2499 2438 2568 Considera,
2481 2499 2694 2568 dilecte,
2738 2501 2987 2558 bonitatis
3030 2504 3119 2558 Dei
3153 2505 3538 2567 excellentiam,

1959 2590 2230 2660 quomodo
2269 2593 2419 2662 quasi
2465 2595 2668 2648 amicus
2705 2595 2877 2649 amico
2920 2596 3171 2666 loquitur,
3198 2607 3253 2652 et
3279 2600 3429 2668 quasi
3455 2616 3544 2653 cx-

1960 2681 2194 2751 postulat
2225 2697 2344 2737 cum
2373 2698 2437 2737 co
2461 2683 2550 2753 qui
2582 2685 2824 2738 mandata
2855 2694 3216 2756 transgressus
3239 2699 3372 2742 erat.
3419 2689 3545 2754 Quis

1961 2773 2309 2826 annuntiasset
2338 2774 2427 2828 tibi
2449 2775 2585 2844 quod
2611 2776 2777 2830 nudus
2803 2793 2953 2844 esses,
2983 2779 3081 2832 nisi
3109 2779 3170 2831 de
3198 2780 3334 2848 ligno
3362 2781 3424 2832 de
3447 2797 3546 2850 quo

1961 2864 2070 2917 solo
2093 2863 2313 2934 prtecepi
2331 2866 2418 2918 tibi
2445 2883 2508 2919 ne
2534 2868 2839 2935 comedet-es,
2867 2868 2929 2922 de
2954 2869 3043 2922 illo
3070 2870 3182 2938 ipso
3209 2873 3502 2926 comedisses
3521 2873 3546 2925 ?

1962 2955 2078 3010 Non
2108 2967 2256 3012 caret
2279 2957 2541 3028 emphasi,
2570 2968 2624 3014 et
2653 2961 2833 3014 latenti
2863 2961 3088 3031 quadam
3119 2963 3196 3030 vi,
3225 2965 3365 3034 quod
3394 2966 3542 3029 dicit,

1963 3047 2042 3104 De
2064 3066 2163 3120 quo
2182 3050 2289 3104 solo
2311 3051 2491 3121 :quasi
2513 3050 2734 3117 diceret,
2757 3052 2892 3107 Num
2914 3053 3048 3108 adeo
3066 3065 3315 3124 angustos
3336 3055 3540 3111 fruendi

1964 3141 2157 3196 limites
2181 3141 2272 3196 tibi
2296 3144 2504 3211 praescri
2513 3143 2626 3212 psi?
2653 3143 2838 3198 Nonne
2859 3160 3071 3200 omnem
3091 3148 3296 3215 copiam
3321 3148 3542 3215 praebui,

1964 3241 2019 3286 et
2044 3233 2280 3286 omnium
2309 3249 2427 3303 qua:
2457 3234 2508 3288 in
2534 3235 2775 3304 paradiso
2803 3245 2927 3290 sunt
2956 3245 3268 3306 potestatem
3300 3238 3390 3291 tibi
3419 3252 3546 3293 con-

1965 3325 2182 3392 cedens,
2209 3327 2275 3381 ab
2301 3328 2403 3382 hoc
2426 3329 2581 3383 unico
2617 3338 2674 3383 ut
2711 3330 3008 3386 abstineres
3047 3332 3294 3401 prmcepi,
3325 3345 3380 3385 ttt
3407 3333 3547 3386 scire

1967 3431 2151 3486 posses
2180 3426 2231 3471 te
2257 3418 2356 3472 sub
2378 3417 2596 3473 domino
2625 3419 2856 3489 quodam
2886 3436 3003 3475 esse
3027 3463 3042 3487 ,
3075 3422 3157 3475 cui
3188 3421 3542 3476 obedientiam

1966 3506 2166 3561 debes?
2192 3508 2319 3575 Qua:
2351 3509 2507 3578 igitur
2529 3518 2670 3563 tanta
2699 3511 3019 3580 negligentia
3048 3511 3159 3576 illa,
3187 3520 3239 3563 ut
3265 3511 3421 3564 tantis
3438 3510 3548 3563 fru-

1967 3599 2140 3652 ctibus
2169 3615 2272 3652 non
2295 3609 2593 3664 contentus,
2617 3601 2682 3654 ab
2705 3601 2805 3656 hoc
2827 3602 2982 3656 unico
3006 3602 3272 3656 abstinere
3292 3603 3545 3667 nolueris,

1968 3699 2021 3741 et
2051 3691 2128 3743 sic
2154 3691 2330 3743 statim
2358 3691 2424 3744 ad
2455 3691 2755 3745 violandum
2780 3692 3083 3747 mandatum
3107 3692 3247 3762 quod
3277 3691 3400 3747 dedi
3426 3707 3550 3762 pro-

1970 3781 2212 3849 ruperis,
2245 3796 2307 3835 ac
2347 3790 2397 3834 te
2442 3782 2602 3835 tantis
2649 3782 2800 3835 malis
2847 3783 3239 3850 implicaveris?
3286 3782 3415 3849 Qua:
3457 3783 3550 3836 tibi

1970 3869 2092 3924 inde
2123 3871 2357 3925 utilitas?
2398 3874 2588 3925 Annon
2619 3871 2734 3925 hare
2763 3874 3014 3938 prmalixi?
3055 3889 3229 3926 nonne
3260 3883 3401 3926 metu
3433 3888 3548 3942 pae-

1968 3977 2052 4014 na:
2081 3963 2218 4014 volui
2248 3977 2340 4016 vos
2367 3977 2616 4016 coercere
2641 3972 2694 4016 et
2717 3963 2958 4016 munire?
2989 3978 3163 4017 nerine
3188 3963 3294 4016 dixi
3316 3977 3435 4032 qua:
3459 3977 3549 4014 v0-

1969 4050 2050 4103 bis
2078 4060 2328 4104 eventura
2363 4053 2552 4104 erant?
2586 4067 2763 4103 nonne
2794 4050 2891 4104 hac
2916 4052 2982 4104 de
3007 4065 3164 4104 causa
3186 4091 3202 4116 ,
3232 4066 3299 4104 ne
3325 4052 3375 4104 in
3407 4060 3546 4103 tanta

1968 4140 2105 4193 mala
2138 4139 2461 4203 incidet-etis,
2492 4138 2629 4192 lnmc
2654 4139 2831 4192 cibum
2863 4139 3142 4209 prohibui?
3168 4139 3296 4206 Quis
3337 4148 3387 4194 te
3429 4149 3551 4209 post

1969 4232 2120 4284 venia
2151 4230 2394 4299 dignetur
2419 4272 2434 4295 ,
2477 4232 2562 4300 qui
2597 4241 2710 4299 post
2740 4240 2880 4284 tanta
2913 4232 3159 4286 mandata
3187 4232 3293 4286 Deo
3318 4233 3552 4303 ingratus

1970 4320 2165 4375 fueris?
2192 4321 2376 4374 Nonne
2399 4321 2530 4375 sicut
2555 4333 2703 4391 pater
2727 4321 2974 4376 dilectum
3000 4322 3186 4390 lilium,
3211 4324 3277 4378 de
3304 4325 3550 4378 omnibus

1969 4412 2098 4466 satis
2122 4412 2348 4467 dilucide
2377 4422 2431 4466 et
2475 4413 2721 4468 distincte
2751 4414 2995 4478 instruxi,
3024 4423 3079 4468 ut
3105 4415 3172 4470 de
3197 4416 3314 4469 aliis
3341 4417 3552 4486 quidem

1969 4515 2232 4574 gustares,
2260 4505 2328 4559 ab
2368 4505 2469 4558 hoc
2507 4516 2680 4559 autem
2722 4507 3051 4573 abstineres,
3083 4515 3141 4561 ut
3167 4523 3234 4562 ne
3260 4510 3436 4562 omnia
3467 4518 3555 4562 tua

1973 4596 2108 4649 bona
2138 4595 2297 4649 simul
2327 4595 2616 4664 perderes?
2641 4596 2745 4651 Sed
2768 4595 2904 4651 forte
2933 4607 3075 4651 ratus
3101 4614 3160 4652 es
3186 4597 3406 4654 alterius
3429 4614 3558 4654 con-

1971 4688 2147 4742 silium
2178 4704 2298 4743 meo
2329 4689 2580 4743 mandato
2605 4689 2796 4743 melius
2833 4699 2886 4744 et
2930 4689 3034 4744 fide
3075 4689 3316 4759 dignius;
3366 4699 3421 4745 ct
3458 4707 3555 4745 ex-

1972 4781 2296 4848 spectatione
2338 4779 2600 4848 majorum
2650 4781 2909 4834 bonorum
2956 4780 3069 4834 hzec
3113 4780 3302 4847 fecisti,
3332 4790 3385 4834 et
3425 4797 3553 4834 con-

1975 4879 2176 4939 tempto
2203 4871 2453 4924 mandato
2481 4885 2623 4935 meo,
2653 4868 2720 4923 de
2749 4871 2888 4941 ligno
2916 4871 3074 4924 cdere
3106 4885 3266 4924 ausus
3296 4885 3374 4926 es.
3420 4872 3554 4925 Ecce

1974 4964 2098 5032 quid
2127 4963 2218 5016 tibi
2250 4961 2521 5026 acciderit,
2543 4978 2682 5016 nunc
2697 4961 3020 5030 experientia
3046 4962 3303 5015 malorum
3326 4961 3554 5016 didicisti

1974 5066 2168 5127 quanta
2212 5053 2416 5127 consilii
2463 5054 2600 5107 illius
2645 5053 2928 5122 pernicies.
2977 5052 3192 5106 Vidistis
3222 5051 3419 5120 judicis
3446 5051 3556 5106 cle-

1975 5121 2270 5201 mentiam?
2300 5121 2504 5198 vidistis
2535 5121 2992 5198 mansuetudinem
3025 5153 3078 5196 et
3110 5142 3445 5195 tolerantiam
3477 5141 3558 5196 in-

1977 5234 2370 5290 enarrabilem?
2421 5232 2628 5287 vidistis
2680 5233 2963 5287 verborum
3018 5231 3554 5300 atten'tpcrationem.

1977 5328 2122 5382 omni
2165 5341 2414 5381 sermone
2461 5337 2514 5379 et
2559 5325 2876 5394 cogitatione
2929 5323 3296 5393 superiorem?
3358 5324 3563 5378 vidistis

1977 5418 2247 5488 quomodo
2269 5432 2362 5487 per
2386 5416 2872 5484 interrogationem,
2898 5423 2949 5468 et
2979 5429 3072 5483 per
3095 5413 3210 5467 inec
3232 5413 3409 5477 verba,
3440 5416 3562 5479 Quis

1979 5509 2293 5563 annuntiavit
2319 5508 2407 5562 tibi
2435 5509 2567 5577 quod
2592 5506 2757 5560 nudus
2784 5523 2913 5560 esses
2935 5549 2950 5572 ,
2979 5506 3077 5559 nisi
3105 5505 3166 5559 de
3193 5506 3349 5577 ligno,
3377 5506 3439 5560 de
3464 5523 3561 5576 quo

1979 5603 2088 5657 solo
2109 5603 2326 5672 prtecepi
2353 5601 2440 5654 tibi
2466 5618 2526 5654 ne
2550 5589 2851 5665 comedens,
2885 5603 2947 5652 de
2975 5599 3064 5653 illo
3090 5599 3200 5670 ipso
3223 5597 3520 5652 comedisscs
3544 5641 3558 5662 ,

1973 5694 2167 5764 januas
2195 5691 2268 5747 illi
2294 5690 2500 5762 aperire
2541 5688 2653 5744 vult
2690 5689 3036 5757 defensionis,
3075 5699 3131 5744 ut
3169 5698 3222 5744 et
3265 5688 3556 5744 miscricor-
