4110 6418
584 328 689 386 επ

579 443 721 499 diam
746 455 896 496 suam
921 452 1045 510 erga
1069 452 1196 495 cum
1221 437 1310 510 qui
1336 445 1540 492 tantum
1569 446 1907 510 peccaverat,
1934 434 2169 491 dedam.

580 534 699 591 ret?
746 531 1040 588 Audiamus
1072 538 1132 585 ct
1170 544 1357 596 reum,
1396 525 1524 599 quid
1565 529 1632 585 ad
1673 529 1790 584 tunc
1826 522 2164 597 respondeat.

584 622 667 678 l2.
697 622 765 676 Et
788 621 918 675 dixit
948 620 1110 675 Mam
1132 635 1152 674 :
1177 617 1365 674 Mulier
1382 634 1541 691 quam
1565 620 1746 675 dedisti
1772 628 1827 673 ut
1854 620 1919 672 sit
1949 630 2167 680 mecum,

578 714 691 782 ipsa
717 711 842 766 mihi
862 710 1001 765 dedit
1029 710 1094 764 de
1122 708 1283 781 ligno,
1307 718 1354 763 et
1381 711 1602 765 comedi.
1642 707 1959 766 Miserabilia
1979 700 2164 770 νεὼς),

572 814 633 861 et
660 818 849 875 magna
877 801 1219 859 miseratione
1242 801 1420 874 plena,
1443 819 1505 858 ac
1525 803 1680 873 digna
1702 816 1819 872 qua:
1843 799 1907 855 ad
1931 799 2168 854 clemen-

579 896 705 950 tiam
736 893 1021 949 Dominum
1052 901 1373 967 provocent,
1404 906 1511 950 tant
1543 902 1873 949 mansuetum
1916 899 1970 945 et
2011 889 2166 945 boni-

580 995 691 1042 tate
728 1001 825 1041 sua
863 986 1162 1041 vincentem
1200 992 1386 1043 nostra
1429 995 1663 1058 peccata.
1709 984 1841 1038 Nam
1886 991 2166 1053 postquam

579 1077 805 1132 multum
827 1074 1102 1133 tolerando
1122 1075 1262 1132 illius
1285 1087 1518 1135 mentem
1534 1075 1837 1140 commovit,
1858 1083 1913 1130 et
1936 1072 2171 1129 ostendit

579 1167 783 1235 peccati
828 1166 1268 1237 magnitudinem,
1298 1168 1449 1239 quasi
1485 1166 1848 1222 defensionem
1874 1179 2066 1235 parans
2096 1164 2170 1217 ait

580 1256 654 1310 illi
684 1257 849 1311 Adam
879 1275 895 1310 :
929 1250 1115 1311 Mulier
1134 1274 1288 1329 quam
1308 1259 1491 1314 dedisti
1510 1266 1567 1312 ut
1585 1259 1648 1314 sit
1675 1274 1888 1324 mecum,
1910 1257 2022 1327 ipsa
2045 1256 2167 1309 mihi

577 1347 717 1401 dedit
754 1345 817 1401 de
853 1345 948 1402 hoc
992 1348 1155 1419 ligno,
1192 1360 1239 1407 et
1277 1353 1492 1407 comedi.
1531 1351 1675 1419 Scio,
1708 1351 1897 1422 inquit,
1929 1367 2014 1405 me
2039 1366 2167 1420 pec-

576 1452 729 1493 casse
757 1455 770 1491 :
800 1439 892 1493 sed
921 1439 1118 1498 mulier
1139 1458 1297 1514 quam
1320 1442 1511 1499 dedisti
1545 1453 1600 1497 ut
1626 1444 1695 1497 sit
1720 1458 1950 1508 mecum,
1971 1443 2038 1498 de
2065 1458 2167 1513 qua

580 1528 693 1596 ipse
715 1528 918 1595 dixisti,
963 1529 1237 1589 Faciatttus
1280 1533 1357 1587 illi
1399 1535 1683 1604 adiutorem
1721 1533 1993 1586 secundant
2030 1549 2165 1595 eunt,

579 1620 693 1689 ipsa
723 1620 852 1676 mihi
882 1620 1041 1696 hujus
1073 1627 1242 1680 ruina:
1268 1641 1428 1681 causa
1455 1627 1569 1680 luit.
1600 1624 1788 1679 Mulier
1813 1642 1962 1695 quam
1986 1625 2166 1679 dedisti

581 1718 637 1763 ut
679 1710 746 1764 sit
789 1728 1010 1770 mecum.
1059 1716 1283 1786 Quando
1328 1717 1469 1771 enim
1510 1724 1907 1786 exsltectassem
1940 1724 1996 1771 ut
2024 1726 2169 1772 tanta

581 1801 871 1871 ignominia
897 1822 984 1864 me
1011 1806 1267 1873 afficeret,
1296 1824 1414 1877 qua:
1441 1807 1562 1863 ideo
1589 1808 1799 1863 condita
1830 1818 1931 1873 est,
1959 1816 2019 1861 ιιι
2040 1808 2168 1862 mihi

581 1892 774 1949 solatio
800 1898 980 1952 esset?
1022 1896 1103 1953 Tu
1136 1898 1266 1953 mihi
1307 1898 1474 1969 ipsam
1503 1898 1728 1963 dedisti,
1760 1910 1813 1953 tu
1844 1900 2010 1970 ipsam
2039 1900 2170 1957 mihi

582 1983 870 2041 adduxisti.
912 1986 1049 2058 Ipsa.
1082 1993 1262 2043 nescio
1291 1989 1433 2044 unde
1460 2000 1625 2056 mota,
1647 1989 1797 2045 dedit
1835 1991 1963 2046 mibi
1997 1992 2064 2048 de
2101 1993 2169 2048 li-

581 2087 709 2144 gno,
736 2084 790 2131 et
820 2074 1052 2133 comedi.
1089 2077 1347 2133 Videntur
1384 2078 1499 2136 haec
1540 2080 1755 2151 quidem
1800 2079 2168 2138 defensionem

581 2163 865 2234 quamdam
904 2180 1015 2237 pra:
1058 2181 1118 2222 se
1157 2166 1316 2235 ferre,
1365 2169 1458 2224 sed
1507 2184 1724 2240 prorsus
1769 2172 1924 2226 venia
1961 2183 2168 2229 carent.

583 2257 699 2323 Qua
727 2255 871 2312 enim
897 2259 1052 2315 venia
1080 2256 1273 2329 dignus
1297 2275 1378 2326 es,
1406 2261 1594 2332 inquit,
1625 2261 1716 2332 qui
1755 2277 1872 2316 mea
1905 2275 2168 2335 praecepta

580 2347 779 2402 oblitus
827 2346 1013 2416 fueris,
1054 2358 1110 2404 et
1152 2350 1243 2419 qui
1293 2351 1534 2407 mulieris
1575 2351 1772 2408 donum
1819 2355 1953 2411 meis
1994 2357 2170 2413 verbis

585 2438 970 2508 praeferendum
1000 2440 1307 2510 putaveris?
1350 2442 1480 2496 Nam
1510 2442 1634 2498 licet
1660 2444 1850 2500 mulier
1872 2445 2048 2501 cibum
2076 2447 2171 2504 dc-

582 2528 757 2591 derit,
801 2527 1097 2586 sufﬁciebat
1139 2541 1313 2587 tamen
1359 2532 1663 2589 mandatum
1693 2550 1971 2602 meum,et
2010 2539 2171 2596 timor

581 2617 849 2689 supplicii,
880 2629 937 2675 ut
967 2630 1019 2676 te
1046 2620 1114 2677 ab
1140 2635 1237 2677 esu
1263 2621 1619 2680 deterrerent.
1650 2627 1733 2680 Au
1762 2627 2076 2699 ignorabas?
2100 2647 2167 2688 an

585 2709 901 2766 nesciebas?
942 2711 1067 2767 Ideo
1102 2726 1285 2768 curam
1316 2716 1479 2770 vestri
1505 2730 1695 2786 gerens
1733 2720 1986 2789 praedixi,
2020 2737 2087 2778 ne
2115 2723 2166 2778 in

584 2796 699 2855 lucc
742 2798 1046 2857 incideretls
1074 2817 1089 2857 :
1122 2802 1299 2875 itaque
1343 2804 1468 2861 licet
1508 2808 1700 2863 mulier
1744 2808 1836 2865 tibi
1884 2809 1951 2866 ad
1998 2823 2170 2869 trans-

578 2889 910 2960 gressionem
952 2890 1188 2949 mandati
1226 2896 1565 2961 ministrarit,
1595 2910 1650 2953 tu
1678 2912 1954 2971 propterea
1984 2904 2168 2963 insanus

582 2993 687 3033 non
709 2981 837 3036 eris.
866 2981 1118 3053 Maiorem
1139 2985 1281 3040 enim
1305 2985 1462 3042 fidem
1483 2988 1732 3044 mandato
1753 3007 1875 3046 meo
1895 3002 1946 3048 te
1971 2991 2169 3052 habere

578 3071 878 3140 oportebat,
919 3080 974 3128 et
1009 3088 1117 3130 non
1159 3077 1332 3131 solum
1374 3088 1431 3132 ut
1469 3088 1526 3133 ttt
1570 3080 1684 3150 ipse
1710 3081 1779 3135 ab
1805 3092 1899 3137 esu
1923 3099 2163 3152 caveres,

578 3161 674 3217 sed
709 3172 763 3217 et
805 3172 860 3219 ut
901 3166 1178 3221 mulierem
1217 3165 1439 3223 docercs
1473 3181 1814 3238 peccatorum
1850 3175 2167 3244 magnitudi-

578 3267 723 3309 nem.
754 3251 926 3324 Caput
951 3257 1094 3311 enim
1124 3270 1183 3312 es
1209 3258 1445 3314 mulieris
1472 3258 1548 3333 (ι.
1582 3259 1701 3315 Cor.
1731 3262 1819 3316 ll.
1851 3262 1928 3333 3),
1959 3273 2014 3320 et
2039 3281 2165 3335 pro-

577 3350 696 3412 pter
720 3350 772 3399 te
795 3343 880 3398 illa
908 3345 1162 3415 producta
1182 3357 1266 3403 est
1294 3365 1309 3403 :
1338 3358 1394 3403 tu
1413 3356 1591 3405 autem
1610 3348 1854 3407 ordinem
1880 3352 2163 3422 invertisti,

573 3440 631 3489 ct
656 3447 762 3490 non
788 3437 960 3491 solum
992 3437 1134 3493 illam
1167 3455 1270 3493 non
1301 3441 1580 3497 correxisti
1600 3484 1615 3508 ,
1645 3442 1739 3498 sed
1768 3451 1823 3499 et
1860 3444 1973 3516 ipse
2005 3446 2165 3502 simul

575 3526 826 3596 abreptus
848 3544 909 3583 es
942 3546 957 3583 :
986 3542 1051 3584 ac
1077 3545 1201 3586 cum
1227 3539 1501 3600 oporteret
1528 3547 1722 3605 corpus
1761 3536 2027 3606 reliquum
2068 3552 2164 3593 ca-

576 3616 671 3687 piti
712 3620 955 3690 obsequi,
1002 3620 1220 3678 diverso
1267 3624 1428 3679 modo
1473 3640 1562 3681 res
1606 3627 1802 3692 evenit,
1843 3630 2163 3700 corporique

575 3707 782 3779 reliquo
809 3719 969 3779 caput
993 3710 1343 3783 obsequntem
1373 3723 1453 3769 est
1473 3755 1491 3778 ,
1517 3725 1574 3771 et
1596 3731 1717 3784 qua:
1742 3732 1956 3774 sursum
1987 3729 2162 3786 erant,

576 3796 630 3851 in
652 3797 891 3854 infimum
914 3799 1088 3855 locum
1111 3812 1389 3859 venerunt.
1412 3802 1702 3875 Propterea
1723 3809 1972 3877 quoniam
1995 3816 2163 3866 totum

573 3890 816 3945 ordinem
864 3890 1143 3962 invertisti,
1187 3909 1253 3950 eo
1299 3911 1440 3952 nunc
1487 3897 1731 3953 redactus
1768 3914 1847 3966 es,
1877 3902 1966 3972 qui
2008 3913 2163 3959 antea

575 3990 719 4039 tanta
749 3984 914 4054 gloria
945 3987 1164 4043 vestitus
1190 4003 1328 4043 eras.
1355 3988 1485 4057 Quis
1515 4000 1565 4045 te
1583 3993 1711 4047 satis
1733 3992 1891 4063 digne
1918 3993 2164 4066 deplora-

573 4074 729 4140 verit,
752 4076 837 4130 cui
866 4082 945 4132 tot
968 4088 1022 4132 et
1047 4084 1190 4134 tanta
1223 4078 1359 4136 bona
1390 4081 1564 4137 ablata
1590 4084 1754 4138 sunt?
1785 4083 2161 4142 Verumtamen

572 4165 699 4222 licet
738 4164 854 4223 btec
894 4170 1077 4225 omnia
1118 4171 1208 4227 tibi
1250 4173 1561 4243 acciderint,
1610 4177 1735 4231 nulli
1786 4187 1961 4235 tamen
2008 4180 2160 4235 alteri

570 4262 789 4311 causam
816 4255 1094 4326 adscribe,
1127 4260 1222 4317 scd
1249 4263 1443 4332 tibiipsi
1470 4274 1525 4319 et
1551 4275 1653 4320 tua:
1681 4268 1906 4339 ignaviae
1940 4289 1954 4326 :
1983 4270 2159 4326 neuti-

569 4358 731 4412 quam
757 4346 898 4400 euim
926 4356 980 4402 te
1010 4350 1276 4405 nolentem
1314 4354 1503 4409 mulier
1539 4356 1593 4410 in
1635 4365 1833 4413 tantam
1863 4360 2161 4418 induxisset

573 4430 804 4489 ruinam.
835 4435 969 4492 Num
1001 4439 1206 4496 hortata
1232 4444 1352 4498 est?
1385 4460 1510 4501 num
1542 4446 1831 4505 disseruit?
1854 4469 1978 4507 num
2004 4454 2161 4510 decc-

572 4525 688 4595 pit?
735 4524 890 4582 Dedit
937 4539 1162 4599 tantum,
1194 4542 1248 4588 et
1290 4536 1468 4593 statim
1510 4549 1724 4611 tamque
1766 4544 1920 4599 facile
1956 4547 2023 4602 ad
2069 4564 2162 4603 su-

570 4618 824 4674 mendum
854 4620 1029 4677 cibum
1054 4624 1310 4681 adductus
1333 4644 1412 4693 es,
1441 4630 1643 4685 nullam
1672 4635 1903 4691 mandati
1934 4640 2016 4694 vel
2043 4626 2156 4695 ine-

569 4712 794 4767 tnoriam
832 4712 1003 4769 fecisti
1036 4720 1267 4786 :putasti
1311 4735 1341 4775 a
1381 4737 1467 4776 me
1513 4730 1564 4778 te
1608 4723 1890 4796 deet-ptum
1934 4746 2072 4797 esse,
2104 4743 2158 4788 et

571 4812 854 4873 prepterea
902 4805 1078 4861 cibum
1120 4807 1262 4865 ltunc
1303 4809 1397 4866 tibi
1438 4828 1543 4868 non
1586 4817 1935 4885 concessisse,
1987 4832 2046 4876 ut
2091 4838 2158 4879 ne

574 4893 862 4963 majoribus
891 4894 1162 4953 fruereris.
1207 4899 1275 4955 Et
1311 4918 1416 4971 qua
1455 4905 1662 4961 ratione
1689 4922 1786 4978 ego
1818 4918 1866 4963 te
1893 4911 2154 4981 fallerent,

569 4982 657 5051 qui
685 4992 763 5039 tot
788 4984 841 5038 in
873 4994 927 5040 te
953 4985 1209 5046 beneficia
1235 4993 1471 5048 Contuli?
1499 4995 1564 5049 Et
1604 4996 1741 5051 ismc
1769 4999 1938 5070 ipsum
1961 5014 2157 5071 quanta

572 5077 934 5138 beneficentia:
978 5085 1283 5154 magnitudo
1322 5099 1457 5157 erat,
1488 5099 1547 5145 ut
1590 5091 1925 5161 prmdicendo
1965 5095 2153 5153 distin-

567 5182 784 5235 guerent
810 5186 840 5227 a
867 5189 986 5244 quo.
1002 5176 1376 5235 abstinendum
1406 5189 1570 5249 esset,
1595 5193 1653 5238 ut
1680 5199 1789 5241 non
1819 5186 2080 5244 incidercs
2103 5191 2153 5245 in

569 5271 688 5325 qua:
732 5261 998 5320 incidisti?
1041 5266 1145 5323 Sed
1189 5267 1306 5325 lucc
1348 5273 1526 5327 omnia
1558 5271 1708 5330 nihili
1731 5275 1977 5333 faciebas.
2017 5279 2157 5336 Ecce

573 5362 711 5403 nunc
730 5355 1052 5422 experientia
1081 5368 1131 5413 te
1158 5358 1335 5426 docet,
1357 5372 1553 5433 quanta
1577 5376 1911 5435 peccatorum
1943 5378 2155 5428 tuorum

572 5439 641 5490 sit
668 5443 975 5508 magnitudo
1002 5462 1016 5501 :
1046 5448 1304 5519 reliquum
1334 5460 1449 5517 est,
1482 5461 1539 5507 ut
1571 5454 1671 5510 soli
1702 5456 1909 5514 mulieri
1944 5460 2155 5533 culpam

571 5540 677 5581 non
705 5530 994 5602 adseribas,
1018 5538 1114 5594 scd
1142 5550 1198 5595 et
1216 5543 1549 5616 negligentiae
1580 5556 1707 5605 tute.

640 5616 696 5714 5.
721 5616 1030 5714 Igitursatis
1060 5624 1319 5688 Adamum
1345 5635 1676 5707 alloquutus,
1716 5650 1997 5714 postquam
2024 5661 2155 5702 cou-

570 5704 853 5765 fessionctn
881 5712 969 5771 ille
999 5712 1338 5792 delictorum,
1368 5734 1425 5782 ut
1453 5704 1690 5802 putabat,
1718 5704 1904 5798 edidit.
1935 5751 2151 5809 peccato

1299 320 1359 376 S.
1399 315 1681 377 JUANNIS
1717 316 2187 377 CIIRYSOSTOMI
2227 312 2549 374 ARClllEP.
2585 316 3118 376 CONS'I'AthNOl‘.
3751 328 3837 384 MO

2273 432 2326 487 in
2360 432 2636 487 mulierem
2662 434 2919 488 translato
2941 450 2956 489 :
2976 433 3098 491 vide
3119 435 3316 492 bonum
3339 436 3637 509 Dominum,
3660 457 3839 514 quanta

2275 524 2465 580 iterum
2493 523 2817 597 indulgentia
2838 526 3086 599 dignatur
3103 529 3264 585 etiam
3290 529 3433 586 illam
3454 548 3552 589 suo
3577 550 3838 606 responso.

2275 617 2360 672 15.
2405 614 2474 671 Et
2512 619 2661 684 dixit,
2694 618 2882 689 inquit,
2933 618 3069 675 Deus
3113 622 3356 678 mulieri:
3382 621 3482 678 Cur
3522 625 3617 680 hoc
3653 629 3839 697 fecisti?

2274 706 2480 763 Audisti
2510 710 2678 764 virum
2720 711 2773 765 in
2809 720 2860 766 te
2896 712 3109 783 culpam
3138 712 3651 779 transferentem.'ct
3677 721 3840 774 omnia

2273 796 2365 851 tibi
2402 797 2818 868 adscribeutem,
2860 816 2978 872 qua:
3023 802 3121 872 ipsi
3167 803 3219 858 in
3256 804 3569 874 adjutricem
3607 806 3725 862 data
3765 823 3838 874 es,

2272 896 2432 957 atque
2461 888 2579 943 ideo
2607 890 2842 958 condita,
2874 900 2931 945 ut
2958 892 3062 948 luis
3090 891 3294 949 solatiis
3320 895 3492 965 ipsum
3521 894 3742 964 foveres,
3768 911 3842 953 ut-

2274 992 2397 1049 pote
2422 981 2662 1035 eamdem
2693 993 2937 1038 naturam
2965 999 3086 1040 cum
3123 985 3238 1056 ipso
3265 986 3470 1042 sortita.
3515 988 3623 1043 Cur
3651 991 3745 1045 hoc
3772 991 3842 1046 fe-

2272 1069 2389 1125 cisti
2414 1112 2430 1137 ,
2464 1086 2499 1126 o
2528 1073 2755 1128 mulier?
2784 1088 2880 1128 cur
2904 1084 2958 1129 et
2988 1075 3101 1141 tibi,
3130 1085 3185 1130 et
3208 1078 3322 1132 viro
3351 1087 3510 1133 tantm
3535 1080 3841 1138 confusionis

2274 1158 2410 1217 facta
2451 1178 2508 1218 es
2548 1168 2769 1219 auctor?
2805 1166 2936 1234 Quae
2975 1166 3171 1222 utilitas
3211 1183 3274 1223 ex
3318 1168 3419 1225 hac
3456 1171 3841 1240 intemperantia

2274 1255 2367 1309 tibi
2407 1257 2682 1312 accrevit?
2721 1258 2862 1329 quod
2890 1275 2959 1314 ex
2993 1260 3095 1315 hoc
3121 1276 3306 1317 errore
3332 1261 3534 1317 lucrmn
3560 1264 3649 1318 tibi
3678 1280 3842 1320 acces-

2273 1344 2362 1411 sit,
2394 1361 2500 1416 quo
2525 1356 2714 1416 sponte
2740 1349 2983 1420 decepta,
3011 1352 3169 1405 etiam
3201 1352 3375 1407 virum
3404 1353 3518 1423 ejus
3549 1354 3667 1408 tnali
3696 1357 3842 1425 parti-

2271 1434 2443 1505 cipem
2473 1436 2678 1493 fecisti?
2705 1439 2840 1507 Quid
2867 1457 2997 1512 ergo
3024 1442 3248 1498 mulier?
3274 1442 3499 1511 Serpens
3523 1446 3711 1517 decepit
3738 1464 3835 1513 me,

2272 1536 2319 1579 et
2350 1528 2568 1581 comedi.
2612 1527 2744 1585 Vide
2773 1530 2934 1586 etiam
2963 1531 3099 1588 hanc
3126 1534 3393 1602 quomodo
3422 1538 3699 1606 perterrita
3727 1554 3837 1609 pec-

2272 1627 2389 1671 cata
2411 1632 2507 1673 sua
2536 1619 2807 1677 defendat.
2835 1622 2967 1678 Nam
2996 1624 3135 1680 sicut
3159 1626 3240 1679 vir
3267 1628 3477 1698 culpam
3507 1629 3561 1683 iu
3585 1630 3837 1685 mulierem

2272 1708 2496 1778 rejlccr‘c
2522 1710 2729 1767 videtur
2753 1713 2937 1769 dicens
2967 1734 2980 1770 :
3008 1714 3196 1773 Mulier
3224 1719 3363 1785 tulit,
3386 1729 3441 1774 et
3460 1719 3607 1775 dedit
3632 1722 3771 1787 mihi,
3792 1734 3839 1777 ct

2272 1802 2478 1856 comedi
2506 1820 2519 1857 :
2549 1803 2626 1859 sic
2647 1812 2702 1860 et
2731 1805 2843 1876 ipsa
2867 1807 3071 1863 nullum
3093 1808 3342 1882 effugium
3366 1810 3644 1868 inveniens
3665 1813 3840 1870 fatetur

2274 1890 2490 1959 factum,
2517 1905 2572 1949 et
2602 1895 2771 1967 inquit
2794 1915 2807 1952 :
2833 1897 3056 1968 Serpens
3080 1902 3273 1974 decepit
3294 1919 3392 1966 me,
3414 1914 3465 1958 et
3485 1905 3696 1961 comedi.
3721 1905 3837 1961 Mala

2273 1982 2381 2048 illa,
2413 1984 2601 2057 inquit,
2643 1987 2811 2044 bestia
2857 1988 3001 2047 hunc
3043 1992 3198 2048 nobis
3240 1993 3444 2063 lapsum
3486 1995 3676 2062 attulit,
3715 1996 3838 2052 illius

2271 2075 2628 2143 perniciosum
2657 2081 2936 2137 consilium
2984 2082 3036 2138 in
3078 2083 3217 2140 hanc
3254 2102 3350 2141 nos
3381 2087 3717 2159 ignominiam
3751 2090 3836 2145 ad-

2271 2167 2400 2238 egit,
2436 2168 2524 2224 ille
2551 2185 2638 2226 me
2664 2170 2893 2244 decepit,
2918 2185 2972 2230 et
2997 2175 3226 2232 comedi.
3269 2177 3459 2234 Dilecti
3478 2221 3495 2248 ,
3527 2196 3593 2235 ne
3619 2191 3835 2237 transea-

2272 2273 2393 2314 mus
2433 2261 2767 2332 simpliciter,
2795 2281 2915 2336 qum
2956 2282 3100 2323 nunc
3140 2268 3421 2338 dicuntur;
3461 2272 3558 2328 sed
3583 2273 3838 2346 diligenter

2271 2361 2605 2419 scrutantes,
2648 2356 2931 2425 plurimam
2981 2358 3103 2415 inde
3151 2361 3429 2419 utilitatem
3484 2366 3834 2436 percipiatnus.

2272 2439 2535 2502 Terribile
2583 2447 2724 2503 enim
2771 2450 3026 2518 judicium
3066 2462 3177 2521 est,
3214 2465 3269 2508 et
3322 2454 3551 2513 horrore
3596 2459 3831 2530 plenum:

2271 2542 2587 2608 Oportetque
2625 2549 2875 2596 accurate
2912 2544 3088 2597 omnia
3118 2546 3428 2614 audientes,
3458 2565 3702 2621 maguum
3728 2552 3830 2606 the-

2270 2636 2484 2681 Saurum
2535 2626 2731 2686 inferre
2774 2633 2961 2689 menti.
3005 2632 3295 2692 Considera
3324 2638 3466 2693 enim
3497 2651 3551 2695 et
3580 2642 3741 2697 virum
3767 2643 3835 2697 di-

2270 2726 2501 2779 centem,
2528 2718 2735 2786 Mulier,
2756 2738 2909 2792 quam
2943 2724 3123 2780 dedisti
3164 2737 3218 2780 ut
3260 2727 3323 2783 sit
3364 2745 3583 2797 mecum,
3605 2734 3711 2803 ipsa
3728 2733 3834 2785 milii

2271 2807 2429 2872 dedit,
2459 2819 2503 2864 ct
2537 2811 2752 2867 comedi.
2799 2806 3068 2886 Nusq'uam
3111 2820 3426 2886 necessitas,
3453 2837 3710 2892 nusquam
3734 2823 3833 2877 vio-

2271 2901 2454 2971 lentia,
2477 2904 2571 2960 scd
2599 2905 2791 2962 electio
2818 2916 2873 2964 et
2910 2908 3151 2966 voluntas
3178 2928 3192 2965 :
3221 2912 3366 2968 dedit
3404 2915 3580 2970 solum
3602 2957 3618 2983 ,
3654 2924 3705 2971 et
3743 2931 3833 2970 non

2269 2997 2463 3066 coegit,
2482 3014 2580 3054 nec
2599 3000 2705 3054 vim
2726 3001 2921 3056 attulit.
2947 3002 3082 3071 Quin
3107 3013 3163 3060 ct
3188 3005 3302 3075 ipsa
3322 3022 3540 3077 quoque
3562 3008 3832 3079 apologium
3920 3038 3923 3041 ν

2270 3087 2597 3143 concinnans
2624 3106 2728 3145 non
2754 3091 2887 3148 dixit
2911 3111 2925 3148 :
2946 3091 3181 3165 Serpens
3205 3097 3381 3168 coegit
3405 3114 3516 3164 nte,
3538 3108 3592 3154 et
3614 3099 3829 3155 comedi:

2269 3177 2365 3232 sed
2393 3177 2559 3248 quid?
2587 3179 2808 3251 Serpens
2831 3182 3027 3251 decepit
3050 3201 3132 3240 me
3153 3202 3173 3241 :
3199 3195 3256 3242 ut
3282 3198 3460 3244 autem
3486 3189 3832 3263 deciperetur,

2269 3277 2361 3323 aut
2382 3284 2488 3323 non
2515 3268 2872 3341 deciperetur,
2895 3274 2947 3328 iu
2971 3275 3136 3345 ipsius
3157 3285 3271 3332 erat
3296 3287 3584 3349 poteState.
3611 3282 3829 3351 Serpens,

2271 3360 2473 3433 inquit,
2524 3362 2717 3438 decepit
2762 3381 2859 3420 me.
2912 3364 3198 3423 luimicus'
3240 3368 3382 3425 enint
3427 3383 3627 3428 nostra:
3668 3372 3832 3427 salutis

2268 3468 2431 3524 opera
2462 3453 2617 3525 hujus
2645 3456 2799 3511 malze
2831 3456 3015 3512 bestiae
3041 3473 3193 3527 usus,
3216 3461 3503 3516 consilium
3527 3462 3672 3518 dedit
3694 3462 3830 3518 etde

2268 3545 2410 3616 cepit
2440 3564 2454 3601 :
2480 3561 2586 3602 non
2627 3548 2732 3603 vim
2773 3546 2929 3617 fecit,
2973 3566 3147 3622 neque
3177 3551 3382 3624 coegit,
3421 3555 3523 3610 sed
3560 3554 3832 3627 pernicioso

2268 3636 2492 3691 consilio
2522 3637 2733 3695 fraudes
2760 3655 2888 3697 suas
2912 3656 3076 3711 opere
3098 3642 3387 3713 complevit
3418 3664 3433 3700 :
3460 3648 3706 3716 quoniam
3733 3663 3833 3701 ntu-

2270 3725 2454 3781 lierem
2496 3727 2758 3797 offendit,
2801 3746 2919 3801 qua:
2964 3732 3332 3803 deceptionem
3369 3735 3526 3795 facile
3560 3737 3832 3794 admissura

2269 3826 2404 3884 crat,
2433 3818 2576 3873 nulla
2607 3820 2758 3875 venia
2788 3822 3021 3892 dignam.
3057 3823 3283 3896 Serpens
3305 3827 3505 3900 decepit
3525 3847 3621 3898 me,
3645 3840 3688 3886 et
3711 3845 3832 3885 cout-

2268 3908 2368 3961 edi.
2419 3907 2548 3964 Vide
2584 3911 2779 3965 bonum
2828 3910 3130 3981 Dominum,
3161 3915 3371 3971 illorum
3410 3921 3590 3976 verbis
3631 3931 3827 3976 conten-

2269 4008 2402 4067 tum,
2434 4011 2488 4056 ct
2515 4000 2583 4056 ad
2616 4002 2761 4072 plura
2792 4003 3015 4060 dicenda
3046 4022 3153 4062 non
3180 4021 3478 4078 cogentem.
3513 4013 3828 4084 Quandoqui-

2266 4091 2388 4148 dem
2414 4095 2554 4149 enim
2581 4092 2696 4151 haec
2716 4112 2821 4152 non
2843 4097 3092 4168 ignorans
3112 4099 3493 4174 interrogabat.
3523 4106 3616 4163 sed
3633 4122 3826 4177 gnarus,

2267 4194 2321 4238 et
2345 4184 2628 4240 admodum
2653 4202 2869 4257 gnarus,
2897 4199 2954 4245 ut
2980 4206 3130 4246 suam
3152 4189 3388 4249 declaret
3412 4197 3826 4261 misericordiam,

2265 4272 2330 4329 ad
2365 4276 2574 4331 illorum
2602 4293 2659 4333 se
2681 4278 3039 4337 infirmitatem
3065 4282 3314 4353 demittit,
3343 4298 3397 4342 et
3422 4290 3489 4342 ad
3518 4298 3827 4359 peccatorum

2265 4364 2654 4425 confessionem
2676 4373 2821 4442 ipsos
2848 4385 3118 4444 provocat.
3142 4376 3251 4433 Hac
3274 4378 3437 4449 igitur
3455 4381 3526 4437 de
3538 4397 3690 4438 causa
3713 4381 3827 4436 nihil

2267 4457 2488 4515 ulterius
2521 4476 2587 4516 ex
2623 4462 2701 4517 eis
2738 4465 2946 4534 quaerit.
2990 4466 3243 4525 Edissere
3271 4468 3407 4527 forte
3435 4488 3532 4542 par
3555 4482 3666 4528 erat
3687 4473 3827 4528 dccc-

2265 4549 2461 4619 ptionis
2485 4565 2687 4619 genus;
2730 4570 2915 4611 verum
2938 4567 2995 4611 ut
3022 4558 3177 4613 nobis
3205 4562 3453 4616 ostendat
3479 4579 3539 4619 se
3565 4580 3665 4619 non
3695 4564 3826 4632 igno-

2264 4650 2471 4697 rantem
2516 4644 2888 4716 interrogasse,
2920 4646 3018 4704 fuit
3056 4661 3337 4708 contentus
3379 4656 3555 4712 dictis.
3597 4655 3719 4711 Nam
3750 4655 3824 4709 illa

2264 4730 2492 4788 dicendo
2522 4752 2534 4788 :
2570 4737 2792 4807 Serpens
2810 4740 3004 4810 decepit
3032 4760 3130 4810 me,
3157 4755 3207 4799 et
3238 4749 3432 4801 comedi
3456 4792 3470 4813 ,
3500 4749 3826 4805 subindicat'it

2263 4826 2617 4892 perniciosum
2641 4831 2945 4897 consilium,
2964 4835 3104 4904 quod
3130 4850 3159 4888 a
3189 4836 3400 4892 diabolo
3430 4854 3525 4909 per
3546 4851 3823 4911 serpentem

2264 4918 2504 4985 accepit,
2547 4919 2694 4988 quasi
2726 4932 2847 4990 post
2871 4937 3023 4978 esum
3048 4923 3213 4980 futuri
3240 4939 3421 4983 essent
3458 4939 3716 5000 tamquam
3741 4929 3820 4983 dii.

2267 5002 2485 5061 Vidistis
2504 5021 2698 5078 quanta
2720 5010 2989 5082 diligentia
3012 5015 3180 5070 Adam
3205 5019 3561 5090 interrogatus
3585 5020 3693 5077 est?
3719 5035 3822 5074 cum

2264 5107 2459 5167 quanta
2510 5101 2834 5172 indulgentia
2877 5106 2928 5159 in
2969 5107 3226 5175 jttdicium
3256 5111 3480 5168 adducta
3511 5122 3595 5170 est
3620 5110 3826 5169 mulier?

2264 5189 2532 5258 quomodo
2564 5201 2783 5263 uterque
2806 5211 2866 5251 se
2889 5196 3157 5255 defendit?
3186 5200 3377 5259 Videte
3403 5205 3614 5261 demum
3644 5208 3725 5265 ltic
3750 5205 3822 5258 in-

2263 5277 2527 5337 effabilcm
2582 5285 2963 5344 misericordiae
3007 5289 3209 5348 Judicis
3253 5296 3637 5353 excellentiam.
3684 5296 3822 5352 Post.

2263 5387 2419 5442 quam
2460 5376 2651 5431 mulier
2690 5376 2818 5433 dixit
2853 5397 2867 5434 :
2898 5379 3121 5452 Serpens
3166 5384 3358 5458 decepit
3396 5406 3491 5454 me,
3523 5400 3569 5444 et
3606 5388 3823 5444 comedi:

2264 5479 2369 5519 non
2396 5463 2505 5535 jam
2533 5478 2837 5538 serpentem
2865 5470 3117 5542 dignatur
3142 5479 3519 5550 responsione,
3550 5496 3714 5553 neque
3748 5480 3821 5533 l0-

2261 5570 2383 5612 cum
2411 5558 2459 5613 ei
2486 5557 2578 5616 dat
2602 5576 2721 5618 sese
2745 5566 3007 5635 purgandi
3037 5585 3050 5622 :
3078 5583 3253 5640 neque
3279 5572 3568 5645 interrogat
3603 5575 3730 5629 sicut
3753 5571 3824 5625 vi-

2327 5689 2707 5769 :39”?1‘,t-.”i‘i‘
2719 5694 2870 5769 ἐπέων
3161 5709 3266 5757 ass
3281 5716 3413 5769 pene
3433 5719 3600 5758 omnes
3620 5702 3822 5759 etSsriL:

2266 5748 2445 5803 odium
2464 5752 2592 5806 enim
2606 5755 2776 5809 salutis
2793 5748 2985 5814 nostris.
