4110 6418
274 362 369 424 τω

286 485 422 539 κὸτα
446 481 544 555 τὴν
580 481 797 539 οἰκείαν
825 484 1239 558 φιλανθρωπίαν
1279 490 1656 563 ἐπιδείξηται;
1700 493 1975 547 ’Δκούσω-

292 584 396 639 μιν
427 568 609 623 τοίνυν
632 570 857 650 καίκτοῦ
896 573 1213 637 καταδίκου,
1237 573 1289 626 τί
1321 574 1458 643 πρὸς
1484 574 1660 629 ταῦτα
1684 577 1977 648 ἀποκρίνε-

286 671 398 708 ται.
426 652 531 708 Καὶ
560 649 715 720 εἷπε,
745 649 946 728 φησὶν,
979 660 1013 711 ὀ
1048 656 1220 726 Ἀδάμ
1248 674 1262 690 ·
1316 658 1386 712 Ἡ
1420 658 1600 728 γυνὴ,
1639 659 1720 727 ἢν
1751 660 1977 726 ἔδωκας

282 737 412 802 μετ’
444 735 610 803 ἐμοῦ,
639 737 795 806 αὕτη
811 756 914 807 μοι
936 738 1159 794 ἔδωκεν
1185 739 1303 794 ἀπὸ
1328 740 1436 795 τοῦ
1463 741 1676 808 ξύλου,
1701 743 1800 797 καὶ
1832 743 1974 813 ἔφα-

286 832 420 883 τον.
468 817 709 872 Ἐλεεινά
753 819 825 873 τά
862 822 1112 891 ῥήματα,
1148 823 1242 876 καὶ
1281 823 1479 877 πολλοῦ
1525 824 1621 878 τοῦ
1660 826 1843 880 οἴκτου
1882 826 1973 894 γέ⁴

288 915 482 969 μοντα.
515 902 611 955 καί
636 902 796 957 ἰκανά
834 904 972 975 πρὸς
1005 904 1419 977 φιλανθρωπίαν
1449 909 1858 963 ἐπισπάσασθαι
1881 909 1972 963 τὸν

280 983 587 1054 Δεσπότην,
619 986 711 1039 τὸν
730 985 905 1051 οὕτως
924 988 1156 1059 ἥμερον,
1185 990 1280 1043 καὶ
1303 991 1603 1063 ἀγαθότητι
1637 994 1876 1047 νικῶντα
1903 991 1973 1047 τά

280 1068 537 1140 ἡμέτερα
584 1069 1058 1143 πλημμελήματα.
1104 1073 1323 1146 Ἐπειδὴ
1351 1075 1461 1147 γάρ
1497 1075 1587 1131 διὰ
1623 1077 1725 1146 τῆς
1768 1077 1973 1148 πολλῆς

282 1152 680 1224 μακροθυμίας
696 1156 1014 1209 κατέσεισεν
1042 1155 1207 1209 αὐτοῦ
1234 1158 1333 1229 τὴν
1352 1157 1613 1227 διάνοιαν,
1650 1160 1744 1212 καὶ
1773 1158 1972 1225 ἔδειξεν

281 1234 441 1306 αὐτῷ
460 1236 556 1289 τοῦ
582 1237 977 1309 ἁμαρτήματος
996 1238 1058 1292 τὸ
1087 1239 1337 1309 μέγεθος,
1366 1242 1649 1312 μονονουχί
1676 1240 1970 1312 ἀπολογίαν

294 1318 475 1389 Ἀδάμ
505 1321 794 1385 συντιθεὶς,
829 1322 962 1393 φησί
986 1323 1123 1395 πρὸς
1151 1324 1333 1390 αὐτὸν,
1360 1325 1423 1379 Ἠ
1446 1326 1601 1396 γυνὴ
1635 1324 1716 1393 ἦν
1742 1325 1969 1395 ἔδωκας

272 1402 410 1469 μετ’
454 1401 627 1470 ἐμοῦ,
665 1401 819 1471 αὕτη
862 1421 965 1471 μοι
1017 1403 1242 1460 ἔδωκεν
1287 1406 1407 1461 ἀπὸ
1454 1406 1562 1461 τοῦ
1602 1408 1819 1473 ξύλου,
1869 1408 1969 1465 καί

277 1484 535 1554 ἔφαγον.
569 1480 722 1549 Οἶδα,
748 1486 932 1560 φησὶν,
968 1487 1327 1561 ἡμαρτηκὼς,
1358 1488 1472 1543 ἀλλ’
1502 1492 1535 1561 ή
1566 1490 1704 1563 γυνὴ
1745 1491 1814 1562 ἢν
1838 1492 1968 1546 ἐδω-

279 1583 386 1630 κας
413 1567 534 1636 μετ’
560 1568 720 1639 ἐμοῦ,
759 1572 887 1641 περὶ
906 1564 974 1643 ἦς
1016 1572 1180 1636 αὐτὸς
1205 1568 1387 1641 εἶπας,
1416 1574 1769 1646 Ποιήσωμεν
1804 1576 1967 1643 αὐτῷ

271 1649 516 1717 ,ϐοηθὸν
534 1652 664 1705 κατ’
682 1652 889 1720 αὑτὸν,
912 1653 1050 1726 αὕτη
1075 1673 1165 1726 μοι
1187 1656 1336 1711 αἰτία
1358 1657 1453 1711 τοῦ
1478 1657 1691 1712 ὀλίσθου
1719 1658 1963 1728 γέγονεν.

287 1733 365 1815 Ἦ
394 1732 555 1802 γυνὴ
594 1732 676 1802 ἢν
698 1733 925 1804 ἔδωκας
946 1737 1075 1807 μετ’
1103 1740 1268 1810 ἐμοῦ.
1305 1740 1458 1814 [159]
1491 1743 1630 1798 Πότε
1658 1744 1768 1815 γὰρ
1799 1760 1966 1814 προσ-

275 1814 519 1899 εδόκησα
539 1816 741 1888 ταύτην
767 1821 833 1890 τῇ
859 1821 1089 1895 αἰσχύνῃ
1114 1839 1183 1894 με
1201 1825 1374 1898 ταύτῃ
1396 1814 1852 1899 περιϐαλεῖν,τὴν
1877 1826 1965 1881 διὰ

275 1897 442 1982 τοῦτο
460 1900 983 1972 δημιουργηθεῖσαν,
1009 1904 1096 1958 ἵνα
1128 1923 1220 1976 μοι
1256 1897 1355 1980 τὴν
1387 1897 1516 1980 παρ’
1564 1911 1765 1982 ἐαυτῆς
1791 1897 1964 1981 παρα·

279 1979 486 2051 μυθίαν
515 1982 819 2056 είσαγάγῃ;
844 1984 915 2038 Σύ
945 2004 1035 2057 μοι
1066 1988 1236 2062 αὐτὴν
1261 1979 1519 2056 δέδωκας,
1539 1993 1604 2046 σὺ
1626 1979 1795 2064 αὐτὴν
1826 1979 1962 2064 ἢγα-

274 2080 375 2149 τες
403 2065 544 2149 πρός
575 2084 665 2136 με.
704 2067 853 2140 Αὕτη
885 2069 1084 2136 τοίνυν,
1125 2074 1228 2128 οὐκ
1274 2073 1390 2130 οἶδα
1432 2078 1597 2131 πόθεν
1643 2077 1958 2149 κινουμένη,

475 2166 566 2218 μοι
595 2150 706 2203 ἀπὸ
734 2151 828 2205 τοῦ
867 2152 1046 2221 ξύλου,
1084 2157 1180 2210 καὶ
1211 2157 1436 2228 ἔφαγον.
1469 2159 1656 2215 Ταῦτα
1681 2146 1830 2213 δοκεῖ
1862 2146 1961 2231 μέν

275 2230 576 2298 ἀπολογίαν
609 2232 729 2287 τινὰ
773 2232 936 2305 ἔχειν,
971 2236 1154 2309 πάσης
1189 2239 1246 2292 δὲ
1297 2240 1666 2314 ἀπεστέρηται
1714 2230 1960 2310 συγγνώ-

278 2331 408 2384 μης.
451 2314 622 2380 Ποίας
661 2316 770 2389 γάρ
805 2317 872 2371 ἂν
909 2319 1029 2388 εῖης
1073 2322 1404 2395 συγγνώμης
1440 2325 1608 2391 ἄξιος,
1650 2326 1806 2396 φησί,
1845 2324 1957 2378 τῶν

272 2398 429 2468 ἐμῶν
462 2398 696 2454 ἐντολῶν
731 2401 1145 2474 ἐπιλαθόμενος,
1176 2405 1405 2461 καὶτῶν
1439 2407 1571 2479 παρ’
1601 2408 1736 2479 ἐμοῦ
1765 2407 1959 2480 ρηθένο

272 2495 382 2564 των
415 2483 816 2556 προτιμοτέραν
852 2487 1199 2558 ἡγησάμενος
1233 2488 1330 2561 τὴν
1373 2492 1527 2564 παρὰ
1562 2494 1661 2563 τῆς
1698 2492 1959 2561 γυναικὸς

269 2562 455 2629 δόσιν;
485 2564 549 2616 Εἰ
603 2564 713 2636 γάρ
738 2568 833 2620 καί
862 2567 895 2639 ἡ
935 2568 1073 2639 γυνὴ
1103 2569 1325 2639 ἔδωκεν,
1356 2562 1472 2625 an"
1499 2573 1532 2643 ἡ
1568 2562 1754 2643 ἐντολὴ
1782 2574 1815 2645 ἡ
1849 2574 1956 2645 ἐμὴ

272 2646 368 2699 καὶ
387 2648 416 2699 ὁ
429 2646 593 2715 φόϐος
607 2648 702 2701 τοῦ
728 2650 1005 2722 ἐπιτιμίου
1031 2653 1214 2718 ἱκανὸς
1229 2650 1297 2725 ἦν
1312 2657 1837 2726 παρασκευάσασθαι
1858 2675 1957 2727 φυ-

270 2728 520 2812 γείνλτὴν
545 2730 868 2812 μετάληψιν.
1017 2734 1126 2807 γάρ
1147 2736 1433 2809 οὐκῇδειςς
1454 2738 1528 2811 μὴ
1564 2740 1672 2812 γὰρ
1700 2740 1953 2811 ήγνόειςς

273 2809 576 2880 Προλαϐὼν
614 2811 701 2867 διά
721 2812 881 2867 τοῦτο
905 2809 1059 2870 εἶπον
1088 2818 1384 2890 κηδόμενος
1410 2809 1583 2893 ὑμῶν,
1623 2809 1814 2896 ἵναμὴ
1840 2824 1957 2878 τού⁴

272 2910 387 2981 τοις
414 2897 769 2981 περιπέσητε·
789 2898 953 2967 ὥστε,
975 2902 1022 2955 εἰ
1047 2903 1138 2956 καὶ
1165 2904 1198 2974 ή
1234 2905 1370 2975 γυνή
1391 2922 1473 2958 σοι
1494 2907 1631 2978 πρὸς
1658 2908 1756 2981 τὴν
1778 2909 1957 2979 παρά-

273 2976 436 3032 ϐασιν
458 2979 558 3051 τῆς
589 2980 808 3054 ἐντολῆς
838 2982 1253 3056 ὐπηρετήσατο,
1284 2985 1400 3041 ἀλλ’
1432 2976 1552 3042 οὐδέ
1587 2976 1761 3055 οὕτως
1796 2976 1955 3045 ἀνεύ-

271 3065 434 3132 θυνος
464 3066 586 3140 ἐσῃ.
629 3069 1108 3142 Ἀξιοπιστοτέραν
1147 3073 1255 3146 γάρ
1295 3074 1463 3146 ἐχρῆν
1501 3076 1812 3149 ἡγήσασθαι
1855 3078 1954 3151 τὴν

271 3156 406 3227 παρ’
439 3154 575 3225 ἐμοῦ
611 3156 852 3229 ἐντολὴν,
879 3159 976 3212 καί
1014 3160 1076 3212 οὐ
1109 3159 1269 3231 μόνον
1303 3162 1469 3217 αὐτὸν
1499 3164 1558 3217 σέ
1608 3167 1952 3238 παραιτήσα-

270 3242 396 3297 σθαι
426 3243 526 3314 τὴν
560 3243 783 3315 βρῶσιν,
810 3245 947 3300 ἀλλά
970 3248 1066 3301 καὶ
1096 3250 1161 3319 τῇ
1191 3252 1411 3317 γυναικὶ
1441 3251 1610 3319 δεῖξαι
1640 3253 1748 3309 τῶν
1780 3256 1954 3326 ήμαρ-

265 3330 523 3401 τημένων
553 3332 615 3385 τδ
640 3331 889 3402 μέγεθος.
929 3335 1154 3409 Κεφαλή
1179 3336 1287 3408 γάρ
1317 3332 1370 3390 εἴ
1404 3339 1505 3408 τῆς
1542 3340 1817 3408 γυναικὸς,
1857 3342 1953 3396 καί

266 3418 357 3472 διὰ
385 3416 445 3471 σὲ
474 3417 657 3489 ἐκείνη
705 3419 961 3494 παρήχθη
982 3438 996 3453 ο
1029 3423 1095 3476 σὺ
1129 3423 1184 3477 δέ
1218 3424 1315 3497 τὴν
1343 3424 1496 3492 τάξιν
1534 3428 1873 3499 ἀνέστρεψας
1899 3443 1948 3495 δ,

266 3505 361 3559 καί
388 3505 453 3558 οὐ
492 3506 653 3575 μόνον
678 3507 896 3579 ἐκείνην
926 3508 988 3562 οὐ
1018 3507 1355 3580 διώρθωσας,
1383 3512 1518 3567 ἀλλά
1549 3514 1640 3568 καὶ
1686 3533 1954 3585 συγκατε-

267 3590 521 3663 σπάσθης
540 3608 557 3623 ⁸
584 3594 677 3646 καὶ
703 3593 821 3649 δέον
850 3592 913 3647 τὸ
933 3594 1119 3650 λοιπὸν
1153 3597 1312 3668 σῶμα
1348 3601 1413 3670 τῇ
1447 3600 1654 3672 κεφαλῇ
1681 3601 1910 3658 ἕπεσθαι
1933 3646 1948 3670 ,

262 3679 328 3732 τὸ
372 3679 618 3734 ἐναντίον
662 3681 889 3751 γέγονε,
942 3683 1100 3756 καίή
1141 3685 1353 3758 κεφαλὴ
1397 3685 1476 3759 τῷ
1518 3687 1690 3760 λοιπῷ
1740 3690 1951 3761 σώματι

263 3767 687 3840 ἐξηκολούθησε,
736 3772 831 3826 καὶ
883 3771 951 3827 τά
997 3773 1110 3827 ἀνω
1167 3775 1316 3831 κάτω
1363 3775 1574 3844 γέγονε.
1626 3778 1724 3832 Διὰ
1755 3778 1948 3845 τοῦτο,

264 3856 457 3929 ἐπειδὴ
490 3856 589 3928 τὴν
620 3858 772 3924 τάξιν
805 3859 1023 3915 ἅπασαν
1050 3861 1408 3935 ἀνέστρεψας,
1439 3865 1498 3918 ἐν
1523 3865 1734 3930 τούτοις
1758 3864 1808 3921 εί
1833 3868 1946 3932 νῦν,

263 3945 296 3996 ὁ
326 3944 439 4015 πρὸ
465 3945 655 4000 τούτου
688 3948 927 4021 τοσαύτῃ
956 3948 1082 4021 δόξῃ
1127 3952 1616 4026 περιϐεϐλημένος.
1647 3956 1744 4020 Τίς
1768 3974 1826 4010 σε
1855 3953 1950 4012 οὖν

265 4033 389 4085 κατ’
424 4031 581 4099 ἀξίαν
604 4033 858 4106 ὀδύρηται
890 4036 991 4108 τῆς
1025 4036 1368 4108 ἀφαιρέσεως
1387 4040 1495 4094 τῶν
1524 4040 1791 4097 τοσούτων
1816 4044 1952 4113 ἀγα-

264 4119 415 4184 θῶν;
462 4121 601 4175 Ἀλλ’
627 4123 798 4193 ὅμως,
820 4125 867 4178 εί
903 4126 999 4179 καί
1025 4125 1199 4180 ταῦτά
1238 4143 1320 4181 σοι
1354 4127 1571 4183 ἅπαντα
1609 4131 1948 4203 συμϐέϐηκε,

267 4211 464 4282 μηδενί
502 4212 675 4284 ἑτέρῳ
704 4212 803 4286 τὴν
838 4215 1019 4269 αἰτίαν
1048 4216 1321 4288 ἐπίγραφε
1343 4259 1359 4284 ,
1383 4218 1520 4272 ἀλλά
1549 4219 1728 4292 σαυτῷ
1760 4222 1855 4275 καὶ
1880 4225 1947 4296 τῇ

267 4301 336 4369 σῇ
360 4299 609 4372 ῥᾳθυμίᾳ
633 4318 647 4332 ο
690 4302 752 4356 οὐ
804 4303 913 4375 γὰρ
950 4303 1036 4369 ἂν,
1078 4306 1127 4358 εἰ
1158 4305 1232 4378 μὴ
1275 4305 1606 4380 ἠϐουλήθης,
1640 4311 1675 4380 ή
1719 4311 1857 4381 γυνή
1890 4328 1950 4365 σε

261 4387 500 4458 ἠδύνατο
535 4391 615 4454 εἰς
651 4390 741 4444 τὸν
783 4390 996 4445 ὄλισθον
1032 4392 1218 4446 τοῦτον
1260 4394 1513 4463 ἀγαγεῖν.
1546 4396 1638 4468 Μὴ
1668 4398 1777 4468 γάρ
1806 4416 1948 4469 παρ·

262 4474 530 4542 εκάλεσε;
561 4476 635 4549 μὴ
665 4479 774 4550 γάρ
811 4478 1094 4551 διελέχθη;
1133 4479 1208 4552 μὴ
1244 4470 1353 4554 γάρ
1374 4483 1697 4556 ήπάτησενς
1739 4485 1948 4540 Ἔδωκε

265 4563 451 4634 μόνον,
473 4565 564 4618 καί
587 4565 793 4630 εὐθέως
816 4567 955 4637 μετά
975 4567 1244 4640 τοσαύτης
1269 4570 1519 4635 εὐκολίας
1545 4573 1638 4628 ἐπὶ
1658 4575 1758 4648 τὴν
1786 4576 1949 4645 μετά-

262 4649 431 4722 ληψιν
463 4650 737 4723 ὑπήχθης,
760 4652 1014 4725 οὐδεμίαν
1045 4657 1269 4727 μνήμην
1294 4661 1664 4730 ποιησάμενος
1689 4663 1788 4733 τῆς
1806 4663 1949 4734 ἐμῆς

262 4738 508 4811 ἐντολῆς,
552 4738 667 4793 ἀλλ’
700 4742 958 4812 ἐνόμισας
1002 4744 1319 4815 ήπατῆσθαι
1367 4751 1498 4820 παρ’
1539 4747 1711 4822 ἐμοῦ,
1740 4752 1834 4804 καὶ
1858 4751 1946 4807 διά

262 4825 426 4879 τοῦτο
456 4826 532 4898 μὴ
568 4829 985 4901 συγχωρηθῆναι
1018 4848 1102 4886 σοι
1132 4832 1231 4904 τὴν
1267 4833 1491 4906 βρῶσιν,
1529 4836 1616 4890 ἴνα
1661 4840 1738 4909 μὴ
1767 4840 1948 4910 μειζό-

264 4931 372 4967 νων
404 4914 687 4988 ἐπιτύχῃς.
720 4918 829 4971 Καὶ
876 4917 995 4981 πῶς
1025 4919 1091 4973 ἂν
1122 4920 1235 4992 ἔχοι
1262 4921 1418 4992 λόγον
1465 4927 1601 4996 παρ’
1630 4926 1764 4997 ἐμοῦ
1803 4928 1948 4998 ήπα-

262 5003 463 5073 τῆσθαί
490 5022 571 5067 σε,
589 5003 684 5058 τοῦ
709 5006 978 5073 τοσαύτας
1002 5010 1323 5080 εὐεργεσίας
1350 5012 1431 5078 εἰς
1457 5015 1517 5068 σὲ
1540 5017 1945 5089 καταθεμένου;

264 5091 378 5178 μίαν.
411 5090 566 5144 τοῦτο
597 5093 653 5146 δὲ
683 5093 815 5147 αὐτὸ
841 5096 972 5166 ὅσης
994 5091 1062 5168 ἦν
1088 5099 1411 5170 εὐεργεσίας
1437 5102 1687 5173 μέγεθος,
1725 5106 1788 5160 τὸ
1815 5124 1949 5178 προ⁸

264 5177 454 5235 λαϐεῖν
490 5182 585 5234 καὶ
610 5182 1014 5238 διαστείλασθαι
1056 5185 1154 5256 τὴν
1180 5187 1413 5261 ἀποχὴν,
1445 5190 1588 5244 ὥστε
1619 5192 1693 5265 μὴ
1736 5177 1948 5259 τούτοις

267 5271 622 5339 περιπεσεῖν,
660 5265 742 5334 οἷς
774 5271 869 5326 νῦν
903 5274 1099 5328 ἐαυτὸν
1146 5278 1507 5348 περιέϐαλες;
1556 5281 1716 5336 Ἀλλά
1767 5284 1948 5340 πάντα

261 5356 441 5411 ταῦτα
470 5359 600 5429 παρ’
622 5358 778 5413 οὐδὲν
802 5359 1047 5432 θέμενος,
1088 5363 1199 5417 ἰδοὺ
1242 5364 1332 5419 διά
1373 5370 1473 5438 τῆς
1501 5370 1699 5440 πείρας
1744 5369 1948 5442 ἔμαθες

260 5443 374 5497 τῶν
405 5446 812 5518 ἡμαρτημένων
854 5444 937 5502 σοι
974 5450 1036 5504 τὺ
1071 5450 1337 5521 μέγεθοςο
1365 5453 1549 5509 λοιπὸν
1583 5458 1717 5529 μηδὲ
1742 5463 1808 5532 τῇ
1847 5478 1947 5530 γυ-

264 5532 416 5585 ναικὶ
443 5534 578 5623 μόνῃ
617 5534 720 5606 τὴν
753 5534 935 5592 αἰτίαν
962 5538 1238 5610 ἐπίγραφε
1262 5582 1277 5607 ,
1308 5541 1446 5596 ἀλλά
1476 5545 1573 5598 καὶ
1599 5549 1666 5619 τῇ
1701 5549 1946 5623 ῥᾳθυμίᾳ

260 5621 330 5691 τῇ
366 5620 592 5676 σαυτοῦ.

330 5711 400 5800 ε’.
659 5709 839 5800 τοίνυν
860 5713 1173 5785 ἀρκούντως
1203 5718 1343 5789 πρὸς
1369 5719 1460 5774 τὸν
1489 5721 1660 5794 Ἀδάμ
1673 5724 1943 5800 διελέχθη,

263 5793 482 5886 καίτὴν
510 5796 799 5868 ὁμολογίαν
820 5802 1025 5867 ἐκεῖνος
1055 5805 1353 5877 ἐποιήσατο
1385 5808 1493 5861 τῶν
1513 5793 1940 5886 ἡμαρτημένων,

262 5879 337 5946 ὥς
366 5883 590 5955 ἐνόμισε
642 5887 741 5959 τὴν
782 5889 961 5944 αἰτίαν
993 5892 1075 5957 είς
1120 5893 1220 5965 τὴν
1247 5898 1481 5963 γυναῖκα
1511 5879 1798 5970 μετάθεέξο
1839 5879 1940 5979 ὅρα

321 6036 354 6067 ⁸
378 6034 583 6089 Coislin.
609 6040 922 6107 ἀπέστρεψας.
949 6045 1051 6097 Sex
1075 6062 1192 6099 mss.
1219 6054 1272 6101 et
1291 6050 1442 6102 Savil.
1466 6052 1801 6120 ἀντέπρέψας.

675 6146 942 6211 ΡΑΤιιοι.
986 6150 1101 6212 Gn.
1161 6151 1289 6214 LIII

1424 372 1491 430 IN
1532 374 1687 432 CAP.
1730 375 1795 432 Ill
1835 377 2080 434 GENES.
2125 378 2355 435 HOMIL
2400 379 2560 438 XVII.
2598 398 2603 401 ί

3647 388 3748 443 UO

2078 494 2167 548 τὸν
2222 495 2424 564 ἀγαθὸν
2473 497 2749 569 Δεσπότην
2770 539 2785 565 ,
2831 497 2975 570 πόσῃ
3029 502 3095 571 τῇ
3149 501 3556 571 συγκαταϐάσει
3590 502 3751 558 πάλιν

2080 583 2364 654 κέχρηται,
2391 585 2487 637 καί
2525 584 2669 651 ἀξιοί
2694 586 2788 639 καὶ
2813 585 3018 657 ταύτην
3047 587 3149 659 τῆς
3176 589 3305 659 παρ’
3338 588 3506 643 αὐτοῦ
3531 590 3758 662 ἀποκρί-

2078 689 2235 762 σεως.
2271 672 2381 726 Καὶ
2406 668 2569 739 εἷπε,
2593 673 2779 762 φησὶν,
2808 676 2841 728 ό
2882 674 3026 740 Θεὸς
3048 673 3121 762 τῇ
3156 677 3397 744 γυναικί
3420 692 3438 707 ·
3487 679 3548 732 Τί
3575 677 3753 731 τοῦτο

2073 759 2408 830 ἐποίησαςς
2452 759 2751 828 Ἤκουσας,
2778 763 2934 834 φησί,
2973 761 3066 816 τοῦ
3097 763 3286 834 ἀνδρὸς
3309 764 3402 817 ἐπὶ
3444 763 3505 817 σέ
3540 764 3638 836 τὴν
3666 766 3752 819 αἰ-

2074 847 2196 901 τίαν
2246 848 2685 920 μεταφέροντος,
2734 850 2828 903 καί
2852 850 2931 903 τὸ
2972 852 3079 904 πᾶν
3124 852 3519 925 ἐπιγράφοντός
3563 869 3645 905 σοι
3685 855 3751 923 τῇ

2072 936 2208 1007 πρὸς
2239 935 2492 1008 βοήθειαν
2519 937 2684 991 αὐτοῦ
2717 937 3001 1011 δεδομένῃ,
3028 940 3127 994 καὶ
3159 940 3248 994 διὰ
3274 940 3434 994 τοῦτο
3466 939 3615 1012 [140]
3644 957 3749 992 πα-

2075 1023 2356 1097 ραχθείσῃ,
2391 1025 2478 1080 ἵνα
2501 1025 2601 1097 τὴν
2639 1025 2792 1097 παρὰ
2826 1027 3031 1098 σαυτῆς
3062 1027 3414 1099 παραμυθίαν
3446 1027 3750 1101 εἰσαγάγῃς

2071 1110 2242 1183 αὐτῷ,
2267 1113 2356 1167 οἵα
2375 1112 2439 1183 δὴ
2464 1113 2731 1185 ὁμογενὴς
2755 1116 2849 1169 καὶ
2880 1116 2980 1186 τῆς
3013 1116 3185 1187 αὐτῆς
3208 1115 3358 1188 αὐτῷ
3384 1116 3598 1185 φύσεως
3640 1133 3753 1171 κει--

2071 1198 2333 1256 νωνοῦσα.
2366 1201 2523 1266 Τίνος
2571 1197 2665 1256 οὖν
2706 1203 2893 1257 ἕνεκεν
2936 1203 3096 1257 τοῦτο
3134 1204 3419 1275 ἐποίησας,
3460 1198 3506 1259 ὧ
3556 1203 3750 1274 γύναι;

2071 1289 2164 1341 καὶ
2183 1287 2272 1342 διὰ
2299 1288 2354 1343 τί
2395 1290 2491 1345 καὶ
2535 1293 2705 1363 σαυτῇ
2743 1290 2841 1345 καί
2872 1291 2953 1363 τῷ
2996 1292 3152 1365 ἀνδρὶ
3177 1293 3452 1366 τοσαύτης
3487 1292 3751 1364 αἰσχύνης

2069 1375 2217 1429 αίτία
2241 1375 2553 1448 κατέστης;
2591 1378 2656 1430 Τί
2702 1396 2785 1432 σοι
2818 1378 2881 1432 τὸ
2909 1378 3099 1448 ὄφελος
3129 1379 3351 1449 γέγονεν
3390 1380 3499 1434 ἀπὸ
3539 1380 3639 1449 τῆς
3665 1395 3751 1432 το-

2071 1462 2275 1534 σαύτης
2319 1464 2631 1534 ἀκρασίας;
2673 1465 2726 1519 τί
2771 1482 2854 1520 σοι
2901 1469 3002 1537 τῆς
3051 1467 3270 1538 ἀπάτης
3312 1467 3375 1521 τὸ
3429 1466 3643 1538 κέρδος.
3679 1465 3746 1536 ἦν

2068 1550 2269 1605 ἑκοῦσα
2296 1552 2606 1623 ἠπατήθης,
2639 1552 2852 1606 καὶτὸν
2897 1554 3064 1625 ἄνδρα
3102 1556 3357 1609 κοινωνὸν
3394 1554 3494 1625 τῆς
3529 1553 3749 1624 ἀπάτης

2066 1638 2339 1710 εἰργάσω;
2368 1639 2434 1692 Τί
2480 1635 2574 1693 οὖν
2617 1643 2651 1710 ή
2694 1641 2867 1712 γυνή·
2913 1642 2965 1693 Ὀ
3015 1642 3151 1710 ὄφις
3196 1641 3476 1709 ἠπάτησέ
3503 1658 3611 1710 με,
3648 1640 3747 1695 καὶ

2063 1726 2311 1796 ἔφαγον.
2349 1727 2491 1798 Ὅρα
2521 1728 2613 1781 καὶ
2642 1727 2844 1797 ταύτην
2870 1728 2928 1781 ἐν
2963 1728 3131 1800 πολλῇ
3163 1728 3335 1799 δειλίᾳ
3360 1728 3711 1782 καθεστῶσαν
3731 1770 3746 1794 ,

2065 1814 2159 1868 καί
2185 1814 2627 1887 ἀπολογουμένην
2664 1815 2805 1887 ὑπὲρ
2851 1815 2959 1869 τῶν
3006 1816 3437 1888 ἡμαρτημένων.
3481 1815 3750 1887 Καθάπερ

2063 1901 2173 1973 γὰρ
2206 1903 2234 1955 ὁ
2263 1900 2403 1973 ἀνὴρ
2431 1903 2531 1974 τὴν
2557 1903 2735 1957 αἰτίαν
2767 1903 2860 1956 ἐπὶ
2904 1902 3002 1974 τὴν
3044 1906 3280 1972 γυναῖκα
3310 1901 3456 1967 ἔδοξε
3494 1905 3749 1972 μετάγειν

2063 1986 2257 2056 λέγων·
2303 1988 2366 2041 Ἡ
2400 1988 2537 2060 γυνὴ
2588 1990 2786 2061 ἤνεγκε
2807 2031 2821 2057 ,
2857 1991 2953 2043 καὶ
2987 1990 3157 2044 ἔδωκέ
3205 2006 3293 2061 μοι
3320 2031 3334 2056 ,
3382 1988 3477 2044 καὶ
3510 1988 3742 2058 ἔφαγον·

2061 2074 2205 2130 οὕτω
2232 2075 2326 2130 καί
2357 2075 2495 2148 αὐτὴ
2520 2077 2777 2147 οὐδεμίαν
2805 2077 3138 2150 εὐρίσκουσα
3169 2075 3461 2146 ἀποφυγὴν
3492 2074 3750 2146 ὁμολογεῖ

2059 2163 2121 2216 τὸ
2152 2163 2541 2234 γεγενημένον,
2571 2164 2666 2218 καί
2704 2181 2888 2235 φησιν,
2928 2164 2982 2217 '0
3010 2163 3146 2234 ὄφις
3186 2162 3467 2232 ήπάτησέ
3495 2178 3573 2231 με
3597 2202 3611 2226 ,
3646 2161 3747 2214 καὶ

2059 2250 2304 2321 ἔφαγον.
2340 2251 2413 2304 Τὸ
2437 2251 2672 2323 πονηρὸν
2713 2252 2911 2318 ἐκεῖνο,
2954 2253 3126 2323 φησί,
3163 2250 3350 2321 θηρίον
3388 2248 3579 2303 τοῦτον
3610 2251 3745 2320 ἡμῖν

2057 2337 2149 2391 τὸν
2182 2337 2395 2392 ὄλισθον
2426 2338 2812 2410 προεξένησεν,
2843 2340 3054 2393 ἐκείνου
3092 2339 3125 2409 ή
3175 2337 3421 2410 ὀλέθριος
3464 2336 3743 2409 συμϐουλὴ

2057 2427 2138 2490 εἰς
2171 2425 2375 2497 ταύτην
2398 2428 2547 2496 ἡμᾶς
2574 2426 2674 2496 τὴν
2699 2426 2963 2498 αἰσχύνην
2986 2427 3240 2497 ήνεγκεν,
3270 2423 3479 2488 ἐκεῖνός
3503 2441 3570 2494 με
3600 2423 3744 2494 ὴπά-

2057 2529 2209 2584 τησε,
2244 2514 2339 2569 καί
2366 2513 2590 2584 ἔφαγον.
2617 2513 2710 2585 Μὴ
2737 2513 2923 2579 ἁπλῶς
2952 2513 3411 2586 παρατρέχωμεν,
3444 2510 3741 2583 ἀγαπητοὶ,

2056 2600 2126 2655 τὰ
2156 2601 2447 2674 λεγόμενα,
2473 2600 2588 2657 ἀλλ’
2610 2601 2853 2673 ἀκριϐῶς
2881 2598 3298 2673 διερευνώμενοι
3324 2599 3525 2671 πολλὴν
3557 2597 3745 2652 ἐντεῦ-·

2057 2690 2149 2744 θεν
2170 2688 2595 2763 καρπωσώμεθα
2631 2691 2730 2761 τὴν
2773 2689 3061 2759 ὠφέλειαν.
3102 2688 3458 2759 Δικαστήριον
3491 2687 3599 2757 γάρ
3623 2688 3742 2740 ἐστι

2057 2778 2306 2851 φοϐερὸν,
2332 2779 2427 2832 καὶ
2459 2778 2663 2850 φρίκης
2689 2777 2887 2848 γέμον,
2921 2776 3016 2831 καὶ
3043 2776 3126 2830 δεῖ
3154 2775 3351 2830 πάντα
3378 2776 3520 2846 μετά
3557 2775 3741 2844 ἀσφα-

2054 2866 2206 2931 λείας
2237 2866 2577 2930 ἀκούσαντας
2602 2864 2768 2920 πολὺν
2798 2866 2889 2918 τὸν
2921 2864 3028 2919 ἀπὸ
3052 2863 3162 2917 τῶν
3190 2862 3497 2933 λεγομένων
3531 2859 3738 2931 θησαυ-

2060 2955 2149 3026 ρὸν
2174 2953 2586 3009 ἐναποτίθεσθαι
2622 2956 2687 3025 τῇ
2720 2952 2940 3025 διανοίᾳ.
2971 2951 3175 3006 Σκόπει
3208 2949 3320 3021 γὰρ
3341 2948 3434 3003 καὶ
3454 2947 3545 3002 τὸν
3569 2947 3738 3018 ἀνδρα

2054 3042 2299 3112 λέγοντα,
2335 3043 2417 3097 ὅτι
2456 3043 2523 3096 Ἦ
2549 3039 2704 3112 γυνὴ
2730 3040 2813 3109 ἢν
2848 3040 3077 3107 ἔδωκας
3100 3039 3230 3109 μετ’
3253 3036 3423 3107 ἐμοῦ,
3455 3035 3609 3103 αὕτη
3635 3052 3739 3105 μοι

2054 3130 2238 3185 ἔδωκε
2257 3170 2273 3195 ,
2305 3131 2404 3185 καὶ
2454 3131 2699 3200 ἔφαγον.
2748 3127 2997 3201 Οὐδαμοῦ
3041 3127 3257 3198 ἀνάγκη
3276 3164 3293 3192 ,
3324 3123 3564 3195 οὐδαμοῦ
3597 3123 3688 3194 βία
3718 3164 3734 3190 ,

2053 3218 2191 3272 ἀλλά
2230 3218 2553 3291 προαίρεσις
2599 3220 2695 3273 καὶ
2741 3217 2966 3289 γνώμηο
2999 3216 3168 3271 ἔδωκε
3201 3215 3395 3287 μόνον,
3435 3214 3537 3267 οὐκ
3571 3212 3739 3283 ἠνάγ-

2054 3322 2242 3371 κασεν,
2285 3306 2387 3359 οὐκ
2414 3305 2690 3359 ἐϐιάσατο.
2743 3304 2848 3358 Καὶ
2906 3302 3044 3374 αὐτὴ
3091 3302 3254 3357 πάλιν
3280 3301 3576 3369 ἀπολογίαν
3614 3317 3740 3352 συν-

2032 3395 2263 3448 τιθεῖσα
2282 3432 2296 3458 ,
2323 3393 2423 3447 οὐκ
2456 3391 2638 3446 εἶπεν’
2678 3392 2738 3445 '0
2759 3391 2883 3461 ὄφις
2914 3389 3195 3459 ἠνάγκασέ
3238 3406 3305 3459 με
3326 3430 3340 3453 ,
3373 3389 3465 3441 καὶ
3512 3386 3734 3457 ἔφαγον.

2066 3483 2225 3538 Ἀλλά
2280 3484 2366 3551 τίς
2410 3484 2473 3537 '0
2514 3483 2651 3553 ὄφις
2689 3481 2966 3550 ἠπάτησέ
3001 3478 3234 3551 με·ιτοῦ
3262 3479 3319 3532 δέ
3348 3477 3737 3548 ἀπατηθῆναι,

2053 3570 2149 3623 καὶ⁹
2185 3569 2259 3640 μὴ
2294 3568 2639 3640 ἀπατηθῆναι
2674 3568 2838 3639 κυρία
2868 3563 2956 3640 ἦν.
2996 3567 3058 3620 '0
3082 3566 3237 3636 ὄφις,
3272 3562 3739 3636 φησὶν,ἠπάτησέ

2045 3675 2144 3728 με.
2162 3659 2219 3713 '0
2248 3657 2355 3730 γάρ
2388 3657 2629 3730 ἐχθρὸςιι
2678 3659 2775 3728 τῆς
2834 3656 3108 3727 σωτηρίας
3143 3655 3241 3726 τῆς
3272 3654 3549 3725 ἡμετέρας
3589 3653 3740 3722 ἐνερ-

2051 3748 2226 3819 γήσας
2256 3746 2345 3800 διά
2364 3747 2460 3800 τοῦ
2492 3745 2728 3817 πονηροῦ
2764 3745 2973 3799 ἐκείνου
3003 3743 3193 3816 θηρίου
3212 3784 3227 3808 ,
3254 3743 3348 3797 καί
3374 3743 3471 3813 τὴν
3501 3742 3741 3811 συμϐου-

2051 3835 2149 3906 λὴν
2170 3835 2480 3904 εἰσαγαγὼν
2504 3834 2809 3906 ἠπάτησεν,
2827 3834 2927 3887 οὐκ
2952 3833 3284 3903 ἠνάγκασεν,
3309 3831 3430 3884 οὐδὲ
3460 3829 3736 3893 ἐϐιάσατο,

2052 3922 2191 3976 ἀλλά
2218 3922 2309 3977 διὰ
2327 3923 2428 3991 τῆς
2451 3922 2702 3993 ὀλεθρίας
2734 3921 3046 3992 συμϐουλῆς
3079 3921 3178 3992 τὴν
3216 3920 3434 3989 ἀπάτην
3467 3918 3547 3980 εἰς
3577 3916 3738 3986 ἔργον

2051 4008 2279 4081 ἤγαγεν,
2320 4009 2508 4080 ἐπειδὴ
2553 4001 2681 4080 εὗρε
2722 4008 2819 4078 τὴν
2866 4010 3105 4076 γυναῖκα
3148 4005 3385 4068 εὐκόλως
3431 4003 3738 4072 δυναμένην

2049 4098 2298 4164 δέξασθαι
2329 4098 2425 4170 τὴν
2449 4097 2664 4168 ἀπάτην
2683 4097 2781 4168 τὴν
2814 4096 2993 4166 πάσης
3022 4094 3350 4165 συγγνώμης
3372 4102 3396 4131 ο
3429 4093 3737 4162 ἀπεστερη-

2054 4190 2243 4259 μένην.
2262 4188 2324 4241 '0
2358 4188 2494 4256 ὄφις
2544 4186 2826 4256 ἠπάτησέ
2872 4180 2970 4255 με,
2997 4184 3098 4238 καί
3126 4181 3527 4254 ﬁgurarum”.
3556 4180 3738 4233 τοίνυν

2048 4275 2141 4330 τὸν
2176 4276 2378 4345 ἀγαθὸν
2409 4275 2689 4346 Δεσπότην
2738 4274 3077 4345 ἀρκούμενον
3115 4270 3299 4325 αὐτῶν
3333 4273 3446 4334 τοῖς
3486 4271 3692 4341 ῥήμασι
3719 4309 3733 4330 ,

2051 4365 2142 4419 καί
2194 4364 2346 4419 οὐδὲν
2379 4362 2691 4435 περαιτέρω
2732 4360 3221 4431 καταναγκάζοντα
3261 4359 3459 4428 λέγειν.
3517 4357 3736 4447 Ἐπειδὴ

2050 4455 2159 4527 γὰρ
2190 4455 2290 4509 οὐκ
2323 4454 2534 4525 ἀγνοῶν
2558 4453 2734 4507 ταῦτα
2780 4450 2969 4523 ἠρώτα
2989 4494 3002 4518 ,
3030 4451 3146 4505 ἀλλ’
3178 4449 3334 4513 εἰδὼς
3356 4490 3371 4515 ,
3408 4447 3502 4502 καὶ
3533 4447 3737 4518 σφόδρα

2050 4540 2225 4606 εἰδὼς,
2263 4543 2351 4596 ἴνα
2409 4542 2467 4595 δὲ
2507 4541 2608 4613 τὴν
2664 4540 2870 4595 οἰκείαν
2918 4537 3330 4610 φιλανθρωπίαν
3365 4534 3734 4607 ἐπιδείξηται,

2052 4629 2475 4700 συγκαταϐαίνει
2496 4628 2677 4683 αὐτῶν
2697 4631 2764 4700 τῇ
2791 4627 3065 4699 ἀσθενείᾳ,
3092 4627 3193 4680 καὶ·
3211 4624 3526 4680 ἐκκαλεῖται
3539 4624 3736 4686 αὐτοὺς

2049 4719 2127 4781 είς
2168 4716 2461 4788 ὁμολογίαν
2499 4714 2609 4771 τῶν
2655 4716 3057 4786 ἐπταισμένων.
3110 4714 3209 4768 Διά
3249 4711 3406 4766 τοῦτο
3442 4706 3538 4763 οὖν
3580 4709 3735 4763 οὐδὲν

2050 4805 2211 4859 πλέον
2242 4806 2442 4877 ἐρωτᾷ.
2487 4805 2686 4876 Ἐχρῆν
2715 4803 2827 4875 γὰρ
2869 4805 2978 4875 ἄρα
3010 4802 3201 4874 μαθεῖν
3233 4801 3328 4855 καὶ
3375 4799 3436 4852 τὺ
3463 4794 3604 4861 εἶδος
3633 4797 3736 4867 τῆς

2049 4895 2267 4965 ἀπάτης
2285 4911 2298 4924 ·
2323 4894 2547 4948 ἀλλ’ἵνα
2577 4896 2709 4965 ἡμῖν
2744 4892 2897 4965 δείξῃ
2932 4893 3013 4945 ὅτι
3050 4891 3153 4944 οὐκ
3179 4887 3403 4958 ἀγνοίας
3428 4883 3497 4958 ἦν
3531 4889 3563 4957 ή
3591 4884 3734 4956 ἐρώε-

2047 4999 2205 5053 τησις
2229 5022 2244 5046 ,
2296 4982 2548 5053 ἀρκεῖται
2592 4983 2705 5043 τοῖς
2733 4979 2997 5051 ῥηθεῖσιν.
3049 4976 3294 5032 Είποῦσα
3323 4976 3454 5046 γὰρ,
3498 4975 3561 5027 '0
3594 4974 3733 5041 ὄφις

2046 5069 2330 5140 ἠπάτησέ
2350 5085 2448 5139 με,
2492 5068 2592 5122 καί
2629 5069 2878 5138 ἔφαγον,
2924 5065 3141 5137 ἐκείνην
3188 5064 3407 5136 ᾐνίξατο
3463 5062 3562 5135 τὴν
3614 5062 3733 5114 ὁλε-

2051 5156 2207 5228 θρίαν
2260 5154 2591 5227 συμϐουλὴν,
2637 5156 2703 5226 ἢν
2748 5153 2967 5219 ἐδέξατο
3008 5152 3161 5224 παρά
3199 5150 3294 5205 τοῦ
3347 5151 3593 5206 διαϐόλου
3642 5150 3732 5204 διά

2046 5245 2141 5299 τοῦ
2176 5245 2374 5314 ὄφεως,
2420 5244 2502 5298 ὅτι
2542 5243 2772 5298 Ἔσεσθε
2811 5243 2949 5316 μετά
2981 5243 3079 5315 τὴν
3115 5241 3317 5313 βρῶσιν
3354 5242 3430 5306 ώς
3469 5240 3599 5294 θεοί.
3638 5241 3732 5294 Εἷ-

2046 5333 2166 5386 δετε
2210 5333 2328 5404 μεθ’
2363 5334 2499 5404 ὅσης
2534 5332 2821 5405 ἀκριϐείας
2852 5330 3113 5404 ἠρωτήθη
3145 5332 3174 5383 ὁ
3210 5329 3411 5401 Ἀδάμ;
3451 5330 3572 5398 μεθ’
3601 5332 3734 5401 ὅσης

2048 5420 2398 5487 ἀνεξικακίας
2446 5421 2676 5494 εἰσήχθη
2725 5423 2807 5485 εἰς
2842 5421 2902 5475 τὸ
2945 5420 3313 5493 δικαστήριον,
3340 5418 3436 5474 καὶ
3484 5420 3517 5491 ή
3559 5422 3729 5491 γονης

2049 5509 2166 5573 πῶς
2200 5509 2465 5587 ἑκάτερος
2510 5510 2692 5564 αὐτῶν
2741 5509 2841 5582 τὴν
2888 5506 3187 5578 ἀπολογίαν
3237 5509 3560 5580 ἐποιήσατο;
3597 5506 3734 5561 Βλέ-

2048 5615 2179 5652 πετε
2232 5597 2420 5652 λοιπὸν
2470 5597 2708 5652 ἐνταῦθα
2756 5597 2856 5670 τῆς
2908 5596 3118 5667 ἀφάτου
3172 5595 3581 5668 φιλανθρωπίας
3635 5594 3732 5649 τοῦ

2046 5685 2300 5740 δικαστοῦ
2342 5686 2441 5756 τὴν
2483 5685 2811 5758 ὑπερϐολήν.
2846 5682 3029 5757 [Ml]
3090 5684 3309 5756 Ἐπειδὴ
3354 5684 3462 5755 γὰρ
3502 5679 3650 5737 εἶπεν
3698 5687 3731 5755 ή

2049 5773 2205 5845 γυνὴ,
2229 5774 2309 5827 ὅτι
2339 5772 2393 5826 ’0
2429 5772 2565 5843 ὄφις
2583 5772 2862 5842 ὴπάτησέ
2888 5790 2987 5843 με,
3014 5771 3113 5827 καὶ
3143 5773 3389 5842 ἔφαγον·
3412 5770 3594 5825 οὐκέτι
3623 5770 3730 5824 λοι-

2052 5861 2152 5917 πὸν
2186 5860 2529 5933 ἀποκρίσεως
2576 5860 2720 5926 ἀξιοῖ
2760 5860 2850 5917 τὸν
2881 5860 3027 5931 ὄφιν,
3055 5859 3175 5915 οὐδὲ
3215 5857 3509 5927 ἀπολογίας
3550 5855 3730 5928 χώραν

2115 5999 2145 6066 ἓν
2173 5997 2344 6066 Flore].
2360 6000 2452 6066 δρα
2472 5997 2624 6066 γᾴρ-ὁ
2648 6001 2824 6066 ἐχθρός.
2850 6015 2969 6051 mss.
2993 6013 3125 6066 pene
3150 6013 3322 6052 omnes
3345 5984 3399 6049 et
3422 5993 3571 6047 Savil.
3597 5997 3624 6045 ὁ
3644 5996 3734 6057 γὰρ

2057 6061 2233 6124 ἐχθρός.
2303 6063 2327 6093 °
2358 6061 2831 6124 Ποΐ81,’πάσής’τῆς
2853 6061 3140 6124 συμϐουλῆς.

3227 6165 3265 6225 9
