4110 6428
482 372 572 429 Ml

484 501 601 543 rum
625 493 679 541 et
710 482 986 540 mulierem
1018 501 1032 538 :
1064 483 1159 541 sed
1186 490 1402 554 accepta
1431 481 1500 538 ab
1525 482 1626 537 illis
1646 480 1978 545 defensione,
2012 480 2064 533 in

480 579 651 643 illum,
673 574 823 648 quasi
844 577 1104 632 malorum
1129 585 1426 643 auctorem,
1442 590 1502 631 se
1521 575 1802 632 convertit.
1833 573 1902 629 Et
1921 575 2069 643 quia,

482 678 662 740 utpote
692 671 855 735 Deus,
882 668 970 724 cui
995 669 1155 724 etiam
1184 682 1375 724 arcana
1408 676 1531 725 nota
1559 678 1704 732 sunt,
1732 665 1933 721 sciebat
1959 680 2074 720 ser-

484 770 700 831 pentem
728 759 1111 816 ministravisse
1128 759 1323 815 diaboli
1350 758 1556 815 insidiis
1580 768 1635 814 et
1654 756 1888 821 invidiae,
1913 770 2071 826 quam

483 868 608 921 erga
641 851 910 909 hominem
940 851 1274 918 exhibuerat,
1293 851 1544 907 utdiscas
1568 850 1735 921 ipsius
1756 849 2072 914 bonitatem,

486 942 779 1013 quomodo,
804 957 1000 1011 gnarus
1041 950 1239 1008 tamen,
1270 942 1339 998 ad
1388 942 1555 997 Adam
1594 940 1808 1011 quidem
1851 940 1946 1006 ait,
1980 938 2079 993 Ubi

487 1034 583 1088 es?
623 1032 750 1099 Quis
788 1034 1102 1089 annuntiacit
1127 1033 1216 1088 tibi
1239 1033 1376 1104 quod
1400 1034 1565 1087 nudus
1588 1033 1658 1087 sis
1678 1032 1704 1086 .9
1748 1032 1873 1087 Eva:
1898 1038 2077 1087 autem

490 1122 677 1179 dixit:
710 1122 816 1180 Cur
840 1124 935 1179 hoc
961 1124 1175 1195 fecisti?
1215 1124 1339 1181 huic
1384 1125 1538 1180 make
1580 1122 1766 1181 bestia:
1804 1122 1937 1178 nihil
1975 1121 2081 1176 tale

492 1215 625 1272 dicit
650 1232 665 1283 ;
694 1215 787 1272 sed
812 1217 982 1288 quid?
1008 1219 1096 1275 14.
1130 1217 1195 1273 Et
1221 1218 1351 1274 dixit
1380 1216 1630 1273 Dominus
1655 1216 1794 1273 Deus
1815 1225 2033 1287 serpenti
2060 1229 2079 1269 :

496 1305 630 1373 Quia
666 1308 829 1380 fecisti
865 1308 977 1363 hoc.
1010 1308 1198 1365 Vidisti
1236 1309 1626 1365 dill'ercntiam?
1668 1309 1873 1366 Mulieri
1905 1309 2035 1364 dixit
2065 1325 2081 1363 :

493 1400 599 1456 Cur
643 1400 738 1455 hoc
786 1402 984 1473 fecisti?
1027 1400 1277 1472 Serpenti
1325 1411 1504 1458 autem
1535 1420 1550 1458 :
1584 1401 1719 1470 Quia
1763 1402 1928 1474 fecisti
1965 1402 2081 1456 hoc.

495 1493 629 1561 Quia
659 1492 762 1548 hoc
785 1493 1007 1560 malum,
1036 1496 1236 1565 inquit,
1267 1503 1517 1565 operatus
1542 1509 1602 1551 es
1621 1536 1637 1562 ,
1668 1494 1789 1566 quia
1818 1494 2085 1564 pernicio-

495 1598 616 1637 sum
641 1581 743 1639 hoc
765 1584 1046 1640 consilium
1083 1584 1355 1652 induxisti,
1385 1586 1509 1656 quia
1536 1585 1660 1641 huic
1680 1585 1890 1640 invidia:
1923 1585 2084 1640 mini-

497 1673 717 1739 strasti,
762 1674 884 1744 quia
939 1674 1192 1731 invidiam
1243 1676 1433 1732 acuisti
1483 1676 1742 1732 adversus
1787 1683 2129 1732 creaturam-

501 1778 699 1830 meam,
735 1763 1039 1821 Maledictus
1078 1775 1132 1821 tu
1174 1782 1282 1838 pra:
1319 1766 1550 1821 omnibus
1587 1765 1868 1837 pecoribus,
1903 1776 1950 1821 et
1984 1781 2091 1836 prce

500 1856 732 1910 omnibus
776 1855 946 1912 bestiis
986 1864 1153 1913 teme.
1193 1855 1363 1929 Super
1391 1867 1564 1929 pectus
1595 1866 1740 1911 tuum
1780 1867 1828 1912 et
1872 1866 2092 1913 ventrem

502 1956 644 2001 tuum
662 1948 933 2020 gradieris,
965 1958 1015 2004 et
1047 1959 1235 2004 terram
1269 1951 1497 2005 comedes
1528 1949 1757 2006 omnibus
1785 1949 1956 2005 diebus
1977 1950 2094 2004 vita!

503 2049 623 2097 tum.
656 2042 740 2097 15.
765 2040 834 2096 Et
854 2042 1149 2098 inimicitias
1168 2058 1355 2113 ponam
1376 2043 1507 2098 inter
1527 2051 1575 2097 te
1593 2050 1640 2098 et
1659 2043 1790 2096 inter
1808 2038 2090 2107 mulierem,

505 2142 555 2188 et
583 2134 713 2189 inter
739 2150 909 2188 semen
938 2144 1079 2190 tuum
1104 2143 1150 2188 et
1176 2135 1306 2189 inter
1333 2150 1501 2189 semen
1523 2133 1682 2188 illius.
1718 2132 1843 2205 Ipse
1862 2132 2092 2189 absenta-

507 2223 578 2277 bit
600 2233 750 2293 caput
776 2232 939 2293 tuum,
968 2233 1015 2279 et
1042 2235 1096 2279 tu
1116 2224 1401 2281 observabis
1427 2226 1539 2296 ejus
1563 2225 1881 2281 calcaneum.

579 2312 633 2368 6.
662 2312 926 2384 Serpentis
945 2314 1223 2371 damnatio.
1244 2346 1316 2357 -—
1332 2317 1583 2383 Attende,
1607 2332 1724 2382 oro,
1747 2317 1835 2373 hic
1852 2316 2096 2372 ordinem

509 2413 792 2461 contextus
818 2403 1078 2463 refertum
1117 2405 1215 2463 Dei
1250 2421 1374 2479 erga
1414 2406 1664 2463 homines
1702 2406 2095 2463 benevolentia.

511 2497 644 2555 Nam
673 2498 1006 2571 interrogans
1033 2515 1065 2555 a
1090 2500 1206 2557 viro
1252 2499 1472 2570 incepit,
1502 2500 1697 2558 deinde
1715 2501 1782 2556 ad
1821 2501 2099 2556 mulierem

516 2589 729 2646 transiit
772 2592 839 2647 Et
858 2602 1138 2663 postquam
1167 2594 1278 2662 ipsa
1307 2594 1462 2661 dixit,
1488 2594 1608 2664 quis
1632 2594 1732 2650 sibi
1761 2605 1948 2651 auctor
1974 2594 2107 2650 fuis-

515 2692 599 2740 set
629 2701 642 2738 :
675 2692 733 2739 ut
757 2692 973 2741 ventum
1001 2694 1087 2741 est
1114 2686 1179 2740 ad
1209 2694 1545 2756 serpentem,
1571 2702 1678 2742 non
1700 2685 1813 2757 jam
1842 2687 1992 2742 illum
2017 2686 2102 2741 di-

514 2786 727 2846 gnatur,
751 2785 814 2831 ut
839 2792 1156 2848 responsum
1181 2794 1248 2834 ex
1270 2793 1338 2835 eo
1360 2780 1559 2846 audiat,
1578 2778 1673 2835 sed
1699 2793 1910 2850 poenam
1934 2780 2106 2836 inten-

519 2876 617 2934 tat,
642 2877 699 2924 et
726 2869 887 2925 talem
912 2885 1032 2940 qua:
1057 2870 1112 2925 in
1138 2885 1299 2926 omne
1335 2880 1544 2940 tempus
1570 2871 1911 2940 extendatur,
1941 2879 1996 2927 ct
2022 2871 2105 2926 sui

517 2962 825 3031 spectaculo
859 2963 1108 3019 omnibus
1151 2963 1372 3033 posthac
1411 2963 1605 3020 futuris
1643 2963 1884 3021 doctrina
1920 2966 2010 3032 sit,
2038 2979 2108 3024 ne

523 3052 656 3107 ultra
686 3053 940 3123 pestilens
978 3054 1107 3110 illud
1147 3055 1394 3110 audiatur
1415 3056 1719 3122 consilium,
1752 3071 1926 3127 neque
1960 3057 2110 3113 locus

521 3146 844 3201 concedatur
874 3144 1075 3203 dolosis
1107 3147 1275 3218 ipsius
1312 3148 1539 3205 insidiis.
1586 3148 1692 3206 Sed
1737 3149 1875 3205 forte
1916 3149 2112 3204 dixerit

524 3236 715 3306 aliquis
744 3255 758 3291 :
786 3237 919 3293 Cum
947 3238 1191 3295 diabolus
1216 3241 1482 3311 serpentis
1516 3256 1679 3312 opera
1714 3256 1872 3308 usus,
1913 3242 2111 3297 malum

527 3327 765 3383 attulerit
791 3330 1072 3386 consilium
1097 3371 1113 3395 ,
1152 3346 1250 3387 cur
1284 3332 1471 3389 bestia:
1511 3332 1590 3388 illi
1630 3347 1788 3403 pmna
1818 3330 2114 3403 inﬂigitur?

528 3420 625 3477 Est
645 3431 702 3479 et
725 3423 828 3479 hoc
852 3422 1134 3480 ineti’abilis
1155 3425 1493 3496 benignitatis
1519 3426 1611 3480 Dci
1637 3440 1790 3496 opus.
1818 3425 1950 3481 Nam
1979 3425 2117 3480 sicut

528 3515 927 3572 amantissimus
952 3525 1103 3587 pater
1130 3518 1357 3589 puniens
1384 3534 1507 3575 eum
1536 3518 1626 3589 qui
1656 3517 1819 3572 tilium
1847 3531 1999 3572 suum
2022 3530 2115 3571 oc-

530 3605 738 3672 ciderit,
763 3614 820 3662 et
837 3606 1069 3677 gladium
1094 3616 1149 3664 et
1172 3623 1377 3673 ensem,
1402 3623 1498 3679 per
1519 3623 1678 3679 quem
1706 3608 1845 3663 titius
1868 3621 1997 3663 suus
2026 3620 2120 3662 oc-

530 3696 690 3763 cisus,
715 3696 962 3765 destruit,
984 3709 1038 3754 et
1061 3699 1114 3753 in
1137 3699 1334 3755 multas
1351 3711 1531 3772 partes
1551 3698 1867 3755 comminuit
1889 3715 1904 3753 :
1927 3697 2118 3754 eodem

532 3790 692 3845 modo
736 3791 877 3847 Deus
906 3792 1046 3862 egit;
1091 3792 1214 3863 quia
1240 3806 1462 3863 serpens
1485 3791 1636 3863 quasi
1669 3791 1877 3862 gladius
1904 3789 2118 3860 quidam

532 3881 732 3938 diaboli
758 3882 979 3938 servivit
1001 3883 1238 3948 malitiae,
1267 3891 1577 3954 perpetuam
1607 3882 1704 3952 ipsi
1736 3896 1948 3952 poenam
1976 3879 2119 3936 inlli-

537 3974 631 4042 git,
658 3983 717 4028 ut
745 3990 842 4045 per
863 3974 967 4030 hoc
988 3974 1130 4045 quod
1156 3976 1256 4030 sub
1279 3989 1494 4030 sensum
1519 3983 1577 4031 et
1598 3976 1700 4031 sub
1723 3983 2000 4046 aspectum
2027 3988 2121 4029 ca-

536 4064 635 4130 dit,
679 4065 1038 4136 intelligamus
1079 4067 1133 4120 in
1170 4075 1366 4138 quanta
1412 4066 1700 4137 igne-ninia
1745 4066 1815 4120 sit
1854 4065 2120 4121 diabolus.

538 4153 669 4209 Nam
709 4155 754 4211 si
796 4157 843 4211 is
886 4156 974 4227 qui
1017 4166 1075 4211 ut
1110 4157 1519 4214 instrumentum
1560 4157 1899 4224 ministravit,
1927 4164 2126 4211 tantam

539 4256 790 4316 expertus
813 4257 896 4303 est
924 4248 1337 4319 indignationem
1360 4290 1374 4315 ,
1405 4249 1564 4319 quale
1596 4248 1911 4318 supplicium
1937 4246 2126 4303 verisi-

542 4337 668 4393 mile
707 4346 790 4394 est
827 4349 1197 4410 suscepturum
1232 4338 1538 4396 diabolum?
1582 4337 1694 4397 lino
1737 4340 1840 4397 hoc
1877 4354 1976 4395 nos
2016 4339 2126 4409 jam

541 4426 719 4483 docuit
742 4430 794 4483 in
814 4429 1011 4487 divinis
1038 4433 1328 4502 evangeliis
1350 4431 1597 4488 Christus
1618 4432 1802 4489 dicens
1828 4431 1895 4487 ad
1921 4444 2018 4487 eos
2039 4429 2130 4500 qui

542 4536 574 4575 a
600 4522 816 4579 sinistra
845 4534 971 4579 sunt
997 4527 1267 4581 constituti
1299 4542 1314 4580 :
1341 4524 1599 4581 Discedite
1629 4543 1662 4580 a
1695 4540 1777 4580 me
1798 4523 2053 4580 maledicti
2077 4522 2133 4577 in

546 4612 711 4684 ignem
745 4624 1017 4685 tetes-num,
1046 4618 1134 4688 qui
1166 4629 1483 4689 purpuratus
1516 4627 1589 4673 est
1624 4618 1826 4672 diabolo
1858 4625 1905 4671 et
1942 4614 2135 4687 angelis

549 4708 658 4776 ejus
684 4706 899 4777 (Matth.
924 4706 1014 4763 25.
1032 4709 1145 4779 41).
1176 4709 1253 4764 Illi
1276 4710 1417 4765 enim
1439 4710 1565 4764 olim
1588 4718 1916 4780 praeparatus
1944 4717 2027 4765 est
2054 4708 2137 4763 in-

547 4799 939 4870 cxstiuguihilis
968 4801 1054 4856 ille
1079 4801 1236 4872 ignis.
1275 4801 1413 4868 Quid
1441 4817 1570 4874 ergo
1596 4801 1843 4858 miserius
1873 4801 1978 4856 illis
1998 4842 2013 4867 ,
2043 4801 2133 4871 qui

551 4889 866 4961 negligenda
911 4892 1132 4948 salutem
1172 4908 1323 4948 suam
1366 4893 1574 4963 seipsos
1616 4893 1878 4964 supplicio
1920 4893 1994 4947 illi
2038 4893 2137 4947 ob-

551 4982 742 5037 noxios
766 4981 1021 5051 reddunt,
1047 4985 1188 5054 quod
1226 4984 1438 5040 diabolo
1462 4994 1816 5055 praeparatum
1845 4984 1969 5039 est?
2004 4982 2136 5039 Nam

552 5075 691 5140 qtmd
716 5076 868 5131 nobis
891 5117 906 5141 ,
935 5076 979 5130 si
1010 5077 1334 5131 voluerimus
1359 5077 1611 5131 virtutem
1637 5076 1950 5145 amplexari,
1979 5082 2036 5129 et
2058 5075 2136 5129 le-

552 5182 647 5241 ges
661 5185 690 5225 a
708 5169 924 5227 Christo
943 5181 1020 5226 sta
1030 5178 1166 5227 tutas
1181 5173 1351 5242 sequi,
1371 5182 1609 5241 paratum
1626 5170 1950 5241 sitiregnum,
1970 5171 2138 5239 ipsum

551 5263 677 5318 audi
698 5264 1002 5336 loquentem
1035 5289 1048 5324 :
1083 5266 1273 5334 Venite,
1301 5268 1545 5323 benedicti
1568 5266 1739 5321 Patris
1763 5267 1880 5331 mei,
1901 5265 1955 5318 in
1977 5265 2142 5319 lucre-

548 5359 765 5412 ditatem
801 5360 1015 5430 accipite
1040 5378 1249 5432 regnum
1274 5404 1288 5427 ,
1319 5363 1453 5431 quod
1485 5362 1622 5416 vobis
1647 5368 1986 5432 prtcpai'atum
2011 5366 2084 5412 est
2112 5374 2142 5410 a

554 5451 912 5505 constitutione
939 5454 1115 5506 mundi
1156 5452 1315 5522 (Ibid.
1339 5469 1389 5506 υ.
1420 5452 1531 5523 54).
1564 5452 1751 5507 Vidisti
1777 5450 1851 5505 illi
1883 5450 2136 5505 incitatiu-

558 5541 810 5610 guibilem
837 5544 1010 5614 ignem
1044 5551 1392 5614 pricparatum
1412 5585 1430 5612 ,
1458 5543 1612 5599 nobis
1642 5553 1817 5598 autem
1839 5583 1853 5607 ,
1881 5543 1979 5597 nisi
2006 5541 2147 5597 desi-

564 5637 660 5693 des
701 5638 977 5704 fuerimus,
1008 5638 1272 5708 regnum?
1316 5639 1441 5693 Haec
1480 5637 1638 5708 igitur
1681 5637 1998 5704 cogitantes,
2031 5633 2147 5689 vitae

564 5741 763 5787 nostra:
790 5746 983 5795 curam
1003 5746 1254 5802 agamus,
1293 5739 1346 5786 ct
1380 5729 1634 5785 malitiam
1673 5726 1955 5798 fugientes,
1988 5743 2145 5781 num-

567 5838 726 5891 quam
755 5822 1031 5879 diabolicis
1065 5823 1270 5879 artibus
1297 5821 1643 5893 decipiamur.
1681 5820 1749 5874 At
1778 5819 1821 5873 si
1850 5825 1903 5872 et
1930 5832 2023 5872 vos
2052 5832 2144 5873 vo-

1574 352 1640 423 t‘N
1679 367 1828 429 cate.
1862 364 1948 419 ιιι.
1990 360 2232 420 cenes.
2277 361 2502 421 nontL.
2542 363 2705 425 xvu.

3666 365 3770 423 Hi

2177 478 2404 550 lueritis,
2434 494 2486 537 et
2519 482 2752 537 nondum
2781 481 2905 538 fessi
2935 485 3083 543 estis.
3113 485 3303 541 iterum
3337 485 3390 540 in
3421 483 3655 540 medium
3681 487 3767 540 ai-

2178 574 2408 630 lcramus
2430 590 2644 645 pmnam
2673 590 2790 645 qua:
2816 576 3049 645 serpenti
3080 576 3276 632 inﬂicta
3300 585 3404 644 est,
3429 586 3487 631 ut
3514 577 3765 645 paulatim

2175 666 2244 721 ad
2284 666 2442 724 linem
2486 667 2671 738 judieii
2717 677 3081 739 properantes,
3115 669 3392 725 videamus
3426 669 3622 725 divina:
3658 669 3770 723 cle-

2178 759 2393 815 mentite
2419 759 2859 830 magnitudinem.
2899 758 3032 814 Nam
3076 761 3121 815 si
3162 760 3404 816 homines
3430 761 3662 831 judicem
3683 760 3768 813 vi.

2179 853 2367 909 dentes
2397 853 2607 923 publice
2632 852 2931 918 sedentem,
2959 862 3010 908 et
3058 860 3243 908 contra
3285 867 3410 909 reos
3450 850 3770 908 sententiam

2180 946 2612 1015 pronuntiantem
2634 986 2650 1013 ,
2691 960 2835 1015 smpe
2865 952 2977 1001 toto
3004 945 3091 1001 die
3129 945 3201 1001 ibi
3240 953 3480 1012 manent,
3510 958 3608 999 nec
3646 941 3773 999 inde

2179 1035 2496 1105 abscedunt,
2521 1035 2694 1092 donec
2716 1036 3017 1093 surrexisse
3041 1035 3275 1092 viderint
3297 1036 3532 1106 judicem
3563 1052 3577 1088 :
3606 1035 3775 1089 multo

2183 1128 2354 1199 magis
2376 1144 2519 1184 nunc
2545 1141 2646 1183 nos
2671 1128 2880 1184 decebit
2897 1127 3132 1199 jndicem
3155 1128 3343 1198 majori
3365 1127 3779 1184 cumalacritate

2188 1219 2372 1276 videre
2397 1220 2597 1277 bonum
2623 1220 2788 1278 Deum
2805 1261 2823 1285 ,
2854 1222 3121 1293 quomodo
3147 1223 3378 1292 serpenti
3408 1236 3624 1293 gravem
3666 1234 3781 1291 pte-

2186 1326 2309 1367 nam
2336 1313 2668 1383 imposuerit,
2692 1322 2751 1368 ut
2771 1328 2869 1384 per
2886 1314 3156 1369 sensibilis
3177 1312 3336 1384 hujus
3360 1314 3545 1370 bestiae
3566 1327 3774 1384 poenas,

2187 1419 2290 1477 qua
2321 1406 2465 1461 velut
2488 1419 2689 1477 organo
2733 1420 2860 1462 usus
2897 1414 2981 1462 est
3014 1406 3280 1477 malignus
3306 1406 3394 1462 ille
3415 1405 3625 1460 daemon
3648 1446 3661 1469 ,
3695 1406 3781 1459 in-

2192 1500 2490 1571 telligamus
2509 1541 2523 1566 ,
2551 1514 2684 1571 quas
2709 1500 2782 1555 illi
2812 1514 2995 1570 pinnas
3023 1500 3073 1554 in
3102 1498 3281 1554 futuro
3321 1499 3516 1554 szrcnlo
3548 1498 3784 1552 inﬂictu-

2191 1606 2285 1646 rus
2311 1593 2383 1646 sit
2407 1610 2422 1646 :
2447 1590 2714 1662 quomodo
2744 1592 2868 1646 item
2892 1589 3223 1646 misericordi
3251 1589 3588 1659 correptione
3612 1588 3784 1642 virum

2192 1690 2248 1738 et
2276 1683 2553 1738 mulierem
2586 1685 2829 1753 castiget,
2852 1697 2972 1752 qua:
2998 1680 3294 1737 admonitio
3322 1679 3500 1750 potius
3530 1680 3594 1733 sit
3626 1694 3786 1749 quam

2196 1774 2403 1845 punitio
2433 1790 2448 1828 :
2478 1784 2535 1830 ut
2574 1773 2659 1828 bis
2685 1774 2934 1829 omnibus
2962 1773 3242 1844 diligenter
3263 1771 3668 1835 animadversis,
3695 1770 3792 1823 ad.

2196 1868 2453 1923 miremur
2480 1867 2761 1923 clementis
2787 1865 2879 1923 Dei
2906 1865 3295 1936 providentiam
3317 1905 3333 1933 ,
3358 1879 3519 1935 quam
3545 1864 3636 1919 ille
3648 1877 3790 1936 _erga

2197 1968 2434 2014 nostram
2478 1968 2723 2013 naturam
2763 1924 2999 2013 exhibet.
3026 1956 3164 2024 Quid
3193 1970 3322 2026 ergo
3348 1924 3421 2010 illi
3451 1924 3693 2010 dietum‘?
3727 1924 3792 2007 Iit

2198 2051 2329 2107 dixit
2353 2049 2602 2105 Dominus
2626 2049 2761 2106 Deus
2784 2048 3004 2118 serpenti
3031 2062 3052 2102 :
3089 2047 3224 2113 Quia
3247 2045 3411 2119 fecisti
3438 2045 3552 2111 hac,
3579 2044 3797 2098 maledi-

2199 2152 2310 2197 ctus
2346 2152 2401 2197 tu
2439 2157 2546 2211 pra:
2570 2140 2802 2199 omnibus
2834 2139 3116 2211 pecoribus,
3140 2147 3188 2192 et
3227 2152 3336 2207 pra:
3363 2136 3594 2190 omnibus
3627 2134 3796 2189 bestiis

2200 2253 2313 2308 qua:
2340 2243 2456 2291 sunt
2482 2250 2636 2306 super
2660 2244 2864 2288 terram.
2898 2232 3067 2303 Super
3100 2239 3272 2303 pectus
3307 2238 3452 2284 tuum
3489 2237 3536 2282 et
3570 2237 3794 2282 ventrem

2203 2339 2345 2384 tuum
2369 2326 2638 2399 gradieris,
2670 2336 2715 2382 et
2755 2336 2943 2380 terram
2979 2324 3209 2379 aimcdes
3235 2321 3466 2377 omnibus
3485 2319 3660 2375 diebus
3684 2319 3797 2373 vite

2203 2429 2324 2476 tuae.
2366 2418 2437 2474 Et
2472 2419 2764 2473 inimicitias
2796 2431 2984 2489 ponam
3010 2415 3143 2470 inter
3166 2422 3214 2469 te
3231 2422 3281 2467 et
3299 2413 3429 2467 inter
3445 2411 3727 2469 mulierem,
3751 2417 3798 2462 et

2205 2514 2339 2568 inter
2374 2528 2544 2567 semen
2578 2519 2722 2565 tuum
2756 2518 2801 2566 et
2838 2523 3011 2563 semen
3047 2507 3178 2578 ejus.
3212 2502 3333 2572 Ipse
3356 2509 3497 2557 tuum
3522 2498 3800 2557 obseruabit

2206 2611 2379 2675 caput,
2403 2611 2449 2657 et
2468 2613 2524 2657 tu
2548 2599 2834 2656 obseruabis
2852 2599 2964 2670 ejus
2985 2596 3303 2653 calcaneum.

2279 2698 2333 2751 7.
2381 2694 2572 2752 Gravis
2615 2702 2671 2749 et
2712 2692 3003 2748 vehemens
3050 2686 3346 2759 indignatio
3392 2703 3406 2740 :
3442 2684 3566 2755 quia
3610 2694 3800 2751 magna

2210 2789 2369 2846 ctiam
2400 2797 2454 2844 et
2499 2787 2688 2855 ingens
2729 2783 2994 2853 deceptio,
3043 2794 3202 2850 quam
3235 2792 3331 2847 per
3359 2777 3508 2832 illum
3535 2774 3802 2843 malignus

2209 2881 2421 2936 daemon
2466 2878 2665 2934 intulit.
2697 2876 2764 2931 Et
2789 2875 2919 2930 dixit
2946 2872 3193 2929 Dominus
3221 2871 3357 2924 Deus
3383 2869 3603 2939 serpenti
3627 2881 3646 2920 :
3673 2866 3808 2932 Quia

2215 2971 2375 3042 fecisti
2402 2969 2516 3022 hoc.
2559 2966 2693 3035 Quia
2735 2965 2846 3032 tali,
2895 2964 3087 3034 inquit,
3133 2960 3355 3017 malitiae
3380 2957 3717 3025 ministrasti,
3747 2966 3808 3011 ut

2216 3063 2364 3117 fraus
2408 3060 2495 3114 illa
2543 3071 2708 3128 opere
2726 3055 3104 3126 compleretur,
3146 3052 3345 3107 malum
3371 3049 3650 3124 consilium
3677 3047 3808 3102 all‘e-

2216 3151 2405 3218 rendo,
2450 3159 2504 3206 et
2548 3147 2708 3204 letale
2737 3146 2984 3217 poculum
3015 3141 3393 3214 temperando;
3422 3140 3542 3211 quia
3573 3138 3649 3193 sic
3676 3136 3809 3192 feci-

2216 3248 2309 3315 sti,
2331 3254 2386 3303 et
2408 3260 2440 3301 a
2470 3259 2588 3300 mea
2614 3240 2984 3300 benevolentia
3004 3236 3292 3293 excludere
3307 3234 3516 3289 voluisti
3540 3240 3813 3287 creaturas

2220 3354 2388 3406 meas,
2435 3336 2735 3393 ministerio
2779 3332 2997 3403 maligni
3045 3328 3307 3386 daemonis
3350 3325 3632 3383 sententia:
3655 3324 3803 3380 exhi-

2220 3433 2355 3498 bito,
2386 3430 2475 3501 qui
2506 3428 2574 3484 ob
2602 3426 2849 3482 invidiam
2878 3433 2933 3480 et
2963 3424 3232 3492 ingentem
3258 3416 3563 3489 superbiam
3600 3427 3752 3469 suam
3782 3428 3815 3468 e

2221 3523 2368 3578 cadis
2394 3521 2447 3575 ia
2478 3501 2674 3574 terr'am
2697 3516 2935 3587 deiectus
2965 3521 3047 3569 est
3075 3529 3088 3566 :
3112 3517 3396 3581 propterea
3421 3506 3542 3577 quia
3575 3512 3626 3560 te
3651 3504 3703 3558 in
3730 3502 3816 3557 his

2223 3622 2283 3670 ut
2308 3614 2662 3669 instrumento
2707 3616 2792 3664 est
2832 3620 2981 3670 usus,
3007 3609 3319 3674 perpetuam
3347 3598 3440 3654 tibi
3469 3610 3679 3668 pomum
3709 3594 3815 3649 iiu-

2228 3722 2389 3778 pono,
2440 3714 2498 3760 ut
2534 3720 2631 3775 per
2675 3715 2760 3770 ca,
2805 3715 2923 3771 qua:
2967 3697 3060 3753 tibi
3105 3695 3425 3760 inferuntur,
3467 3698 3523 3747 et
3562 3690 3651 3745 ille
3679 3687 3821 3744 scire

2228 3776 2416 3869 possit,
2446 3793 2714 3866 quodnam
2756 3791 2928 3862 ipsum
2969 3793 3183 3843 maneat
3206 3781 3550 3856 supplicium,
3582 3788 3633 3836 et
3657 3776 3820 3832 futuri

2231 3891 2476 3949 homines
2502 3886 2830 3951 erudiuntur,
2872 3897 2941 3937 ne
2963 3880 3289 3937 scducantur
3325 3873 3523 3932 diaboli
3560 3869 3818 3933 consiliis,

2230 3998 2405 4057 neque
2435 3982 2578 4037 illius
2617 3977 2832 4034 fraudes
2862 3974 3164 4039 admittant,
3192 3977 3251 4024 ut
3275 3983 3343 4023 ne
3370 3968 3423 4021 in
3448 3964 3663 4021 easdem
3692 3962 3823 4017 inci—

2228 4080 2360 4135 dant
2397 4090 2603 4148 pcenas.
2651 4073 2937 4141 Propterea
2966 4065 3279 4121 maledictus
3296 4075 3358 4117 es
3387 4069 3442 4115 tu
3471 4060 3607 4113 inter
3634 4070 3825 4110 omnes

2233 4146 2451 4237 bestias,
2499 4166 2620 4239 quia
2644 4163 2933 4221 calliditate
2949 4162 2965 4192 ¹
2986 4158 3123 4213 male
3147 4164 3202 4212 et
3232 4168 3338 4210 non
3370 4158 3430 4207 ut
3456 4146 3739 4220 oportebat
3765 4160 3825 4202 es

2235 4277 2385 4329 usus,
2416 4257 2509 4316 sed
2539 4255 2871 4328 privilegium
2916 4249 3059 4323 quod
3103 4262 3265 4318 super
3304 4243 3486 4301 omnia
3534 4239 3826 4295 animantia

2235 4352 2570 4426 possidebas,
2598 4349 2702 4404 hoc
2728 4347 2823 4402 tibi
2853 4346 2904 4401 in
2935 4341 3174 4399 omnium
3199 4338 3461 4394 malorum
3480 4333 3646 4390 cessit
3666 4345 3825 4386 occa-

2236 4422 2466 4505 sionem.
2513 4443 2688 4514 lnquit
2734 4439 2879 4496 enim
2928 4456 2942 4494 :
3004 4436 3227 4504 Serpens
3277 4438 3386 4485 erat
3433 4422 3829 4501 prudentissima

2238 4540 2462 4596 omnium
2487 4536 2776 4598 bestiarum,
2802 4545 2918 4594 quae
2939 4535 3081 4584 erant
3118 4540 3271 4597 super
3306 4532 3514 4577 terram.
3542 4518 3830 4587 Propterea

2242 4632 2557 4690 maledictus
2583 4637 2640 4682 tu
2688 4626 2826 4681 inter
2850 4621 3029 4677 omnia
3074 4619 3315 4689 iumenta
3337 4621 3393 4671 et
3417 4625 3605 4668 omnes
3630 4606 3831 4664 bestias

2244 4736 2402 4782 terra:
2449 4721 2659 4777 futurus
2688 4732 2767 4773 es.
2797 4714 2866 4770 Et
2890 4711 3011 4784 quia
3042 4706 3345 4765 maledictio
3373 4717 3481 4758 non
3516 4709 3632 4755 erat
3655 4696 3832 4752 sensi-

2241 4820 2383 4883 bilis,
2416 4827 2590 4885 neque
2630 4809 2798 4866 oculis
2823 4806 2989 4862 videri
3020 4809 3249 4875 poterat,
3277 4802 3499 4868 prepter
3531 4787 3834 4885 hocsensi~

2245 4879 2404 4966 bilem
2444 4879 2518 4962 illi
2557 4918 2769 4975 pugnam
2797 4898 2980 4965 infert,
3016 4904 3075 4950 ut
3104 4891 3358 4950 continuo
3383 4893 3507 4941 ante
3536 4881 3722 4939 oculos
3750 4879 3833 4934 vi-

2246 5004 2373 5058 dere
2401 4997 2666 5071 possimus
2693 4990 2933 5063 supplicii
2957 4988 3074 5057 ejus
3104 4985 3447 5040 monimenta.
3474 4976 3644 5047 Super
3665 4981 3839 5071 pec-tus

2247 5103 2297 5150 et
2338 5063 2488 5162 super
2515 5096 2734 5143 ventrem
2763 5081 3029 5156 gradieris,
3073 5086 3122 5131 et
3143 5087 3327 5129 terram
3351 5068 3577 5124 comedes
3605 5063 3837 5119 omnibus

2248 5157 2420 5241 diebus
2448 5182 2563 5236 uiue
2582 5190 2722 5233 tute:
2751 5175 2873 5247 quia
2895 5173 3063 5228 forma
3088 5178 3174 5224 tua
3201 5166 3395 5221 abusus
3418 5176 3498 5229 es,
3524 5160 3655 5215 etin
3684 5157 3839 5212 fatui-

2250 5280 2532 5334 liaritatem
2578 5268 2856 5327 rationalis
2898 5264 3143 5320 animalis
3187 5275 3216 5314 a
3264 5273 3351 5313 mc
3406 5253 3608 5312 conditi
3648 5249 3839 5307 venire

2251 5387 2358 5427 non
2384 5365 2700 5424 formidasti.
2727 5361 2876 5418 Sicut
2902 5357 3063 5429 igitur
3086 5352 3349 5417 diabolus,
3391 5348 3479 5419 qui
3505 5361 3600 5417 per
3626 5352 3677 5399 te
3704 5357 3841 5413 ope-

2253 5478 2420 5529 ratus,
2465 5470 2521 5517 et
2563 5468 2616 5515 te
2659 5458 3012 5513 instrumento
3054 5462 3185 5502 usus
3214 5453 3315 5511 est,
3362 5440 3563 5498 ecailis
3587 5436 3838 5493 deorsum

2255 5556 2507 5630 depulsus
2552 5556 2651 5613 est,
2706 5545 2825 5617 quia
2875 5543 2997 5614 plus
3042 5554 3200 5610 quam
3241 5532 3511 5607 dignitatis
3558 5544 3671 5588 sua:
3704 5530 3838 5630 erat.

2256 5621 2441 5718 sapere
2475 5643 2686 5697 volebat
2716 5657 2728 5692 :
2762 5638 2832 5692 ita
2872 5633 3118 5690 similiter
3161 5632 3384 5700 impero,
3421 5633 3481 5679 ut
3519 5631 3572 5679 et
3596 5630 3652 5675 ιιι
3689 5621 3841 5675 aliam

2284 5816 2287 5821 ’
2328 5822 2345 5856 ³
2373 5818 2736 5878 Coislin.,voce,
2760 5818 2867 5877 pro,
2891 5809 3157 5862 calliditate
3173 5822 3193 5872 ;
3216 5819 3308 5856 non
3343 5800 3488 5852 male.
