4110 6412
397 355 498 410 Ηό

393 470 725 526 furtnationis
768 471 987 541 figuram
1035 469 1266 534 habeas;
1304 478 1360 524 et
1382 483 1543 538 super
1572 478 1768 523 terram
1799 484 1977 538 repss,

394 579 566 634 eaque
588 563 781 626 alaris;
809 571 970 632 atque
997 561 1132 616 adeo
1160 576 1227 616 ne
1253 561 1407 616 liceat
1438 560 1530 615 tibi
1558 559 1780 629 posthac
1805 561 1982 629 suspi-

394 670 539 718 cere,
579 653 674 708 sed
714 667 927 722 semper
972 651 1026 706 in
1077 652 1178 706 hoc
1214 665 1433 708 maneas
1476 659 1637 716 statu,
1669 661 1723 705 et
1746 651 1891 706 solus
1917 664 1982 705 ex

393 746 714 800 animalibus
736 754 877 800 terra
906 744 1180 814 pascaris;
1204 752 1259 798 et
1281 757 1454 813 neque
1488 742 1590 797 hoc
1615 742 1825 797 solum:
1857 756 1982 796 nam

401 836 468 890 Et
483 837 774 891 ininicitias
799 852 984 905 ponam
1017 836 1147 889 inter
1174 845 1220 890 te
1237 844 1283 889 et
1313 835 1442 888 inter
1454 832 1733 896 mulierem,
1759 833 1888 888 inter
1899 849 1981 886 se-

394 945 506 983 men
527 937 666 984 luunt
688 935 734 982 et
754 943 919 983 semen
941 928 1070 998 ejus.
1092 926 1271 997 Neque
1292 925 1390 979 hoc
1403 932 1680 982 contentus
1701 939 1813 988 ero,
1841 923 1983 993 quod

391 1033 550 1088 super
601 1027 798 1074 terram
847 1028 1058 1088 reptes,
1111 1017 1205 1072 sed
1250 1027 1304 1072 et
1352 1017 1618 1070 inimicam
1664 1013 1982 1084 hederisque

393 1110 626 1165 nesciam
671 1109 858 1166 iaciam
909 1110 1000 1164 tibi
1050 1109 1326 1163 mulierem
1365 1121 1583 1177 :neque
1625 1121 1744 1160 eam
1791 1105 1980 1173 solam,

391 1203 484 1258 sed
524 1212 578 1258 et
619 1219 806 1260 semen
833 1205 950 1273 ejus
992 1203 1182 1258 semini
1215 1211 1306 1258 tuo
1331 1203 1539 1259 hostem
1567 1211 1879 1272 perpetuum
1908 1201 1984 1255 fa-

390 1293 548 1346 ciam.
583 1293 705 1364 Ipse
732 1304 871 1348 tuum
895 1293 1172 1348 observabit
1191 1304 1368 1365 caput,
1410 1303 1458 1347 et
1483 1302 1538 1347 tu
1565 1294 1675 1364 ejus
1704 1291 1983 1346 observabis

393 1383 701 1438 calcaneum.
755 1385 980 1438 Tantum
1027 1384 1171 1439 enim
1224 1385 1297 1439 illi
1343 1385 1509 1440 robur
1551 1383 1873 1449 concedam,
1924 1391 1982 1436 ut

389 1475 643 1530 continuo
690 1475 962 1532 incumbat
1004 1475 1164 1546 capiti
1211 1486 1322 1542 tuo,
1356 1486 1409 1532 te
1455 1487 1633 1532 autem
1670 1477 1856 1530 faciam
1882 1475 1983 1532 sub

391 1565 610 1633 pedibus
653 1567 770 1636 ejus
812 1568 1013 1636 jacere.
1057 1567 1190 1623 Vide
1213 1569 1317 1632 hic,
1364 1568 1576 1632 dilecte,
1627 1582 1723 1637 per
1767 1581 1980 1637 pmnam

393 1657 513 1714 huic
541 1659 728 1714 bestia:
753 1660 1084 1729 deputatam,
1111 1670 1364 1730 quantam
1391 1661 1608 1716 humani
1646 1661 1864 1730 generis
1891 1674 1980 1714 cu-

391 1764 504 1803 ram
533 1749 686 1806 nobis
710 1749 1060 1806 demonstret.
1085 1750 1157 1810 Et,
1182 1751 1283 1806 hoc
1312 1751 1528 1821 quidem
1557 1750 1625 1805 de
1655 1751 1844 1805 visibili
1867 1765 1983 1805 ser-

393 1850 592 1909 pente:
626 1841 748 1897 licet
796 1853 972 1898 autem
1005 1843 1200 1898 volenti
1248 1853 1433 1913 postea
1480 1843 1821 1898 considerare
1844 1843 1979 1898 scri-

395 1942 604 2000 ptorum
634 1933 851 2001 seriem,
874 1941 928 1989 et
951 1948 1277 2004 cognoscere
1303 1933 1345 1987 si
1370 1933 1437 1988 de
1465 1933 1704 1989 sensibili
1732 1942 1981 2002 serpente

392 2023 506 2078 haec
549 2023 688 2081 dicta
717 2037 861 2089 sunt,
905 2025 1072 2080 multo
1102 2026 1269 2096 magis
1296 2025 1604 2096 accipienda
1634 2041 1755 2082 esse
1781 2024 1849 2081 de
1872 2025 1980 2097 spi-

388 2117 564 2172 rituali
617 2128 888 2186 serpente.
936 2117 1146 2172 Etenim
1193 2125 1247 2173 et
1300 2119 1451 2174 illum
1509 2118 1732 2189 pedibus
1781 2119 1980 2174 nostris

388 2208 616 2278 subjecit
649 2209 1002 2276 humiliatum,
1029 2217 1086 2266 et
1114 2209 1166 2265 id
1209 2211 1454 2279 praestitit
1478 2219 1536 2265 ut
1558 2227 1657 2266 nos
1677 2211 1794 2282 ejus
1819 2210 1979 2280 capiti

390 2299 778 2355 incumbamus.
821 2302 1014 2356 Annon
1063 2301 1192 2357 boco
1211 2303 1477 2372 signiﬁcat
1524 2303 1729 2371 dicens,
1780 2303 1982 2361 Calcate

389 2405 542 2459 super
569 2399 843 2459 serpentes,
894 2400 941 2445 et
982 2391 1272 2461 scorpiones
1306 2390 1456 2462 (Luc.
1485 2394 1572 2448 10.
1615 2393 1741 2464 i9)?
1779 2393 1982 2449 Deinde

392 2494 459 2535 nc
489 2488 734 2550 putemus
762 2468 830 2535 de
853 2481 1196 2536 sensibilibus
1225 2481 1353 2536 feris
1377 2497 1498 2537 esse
1523 2482 1744 2550 dictum,
1767 2483 1978 2538 subdit:

400 2569 463 2624 Et
489 2587 641 2640 super
664 2587 862 2625 omnem
890 2573 1121 2626 virtutem
1159 2573 1370 2626 inimici.
1405 2571 1624 2628 Vidistis
1662 2587 1726 2628 ex
1756 2573 1837 2627 his
1862 2588 1982 2644 qua;

391 2660 531 2716 dicta
576 2670 698 2717 sunt
743 2662 810 2718 de
855 2677 1012 2732 poena
1061 2664 1416 2719 instrumento
1459 2664 1723 2720 diabolico
1761 2664 1979 2732 inflicta,

393 2753 664 2822 ingentem
704 2752 798 2808 Dei
851 2753 1276 2810 humanitatem?
1327 2753 1614 2810 Veniamus
1658 2759 1882 2822 iterum,
1935 2756 1981 2811 si

392 2843 585 2914 placet,
633 2845 700 2900 ad
746 2845 1044 2903 mulierem.
1073 2847 1306 2917 Serpens
1333 2849 1453 2918 quia
1481 2848 1741 2904 fallaciam
1783 2849 1978 2914 intulit,

392 2927 672 3004 promeret:
719 2945 775 2992 et
819 2951 1030 3006 pmnam
1074 2939 1186 3008 ipse
1224 2938 1430 3008 primus
1467 2941 1714 3010 accepit:
1757 2947 1812 2995 et
1856 2940 1980 3010 quia

392 3026 565 3094 primo
604 3025 880 3082 mulierem
910 3027 1138 3098 decepit,
1173 3039 1226 3084 et
1256 3029 1348 3083 illa
1374 3039 1556 3099 postea
1595 3030 1767 3084 virum
1797 3044 1980 3086 secum

389 3117 572 3182 traxit,
606 3117 727 3174 ideo
755 3128 808 3174 et
837 3119 951 3190 ipsa
983 3121 1128 3190 prior
1154 3120 1404 3190 plectitur
1431 3136 1585 3189 pmna
1613 3136 1860 3192 magnam
1888 3122 1984 3176 ad-

397 3208 743 3264 monitionem
785 3209 1034 3266 habente.
1083 3211 1170 3266 16.
1200 3209 1268 3264 Et
1293 3211 1494 3264 mulieri
1521 3211 1691 3266 dixit:
1718 3210 1981 3282 Multipli-

391 3315 513 3354 cans
551 3299 892 3368 multiplicabo
933 3318 1186 3362 a'rumnas
1213 3311 1344 3370 tuas,
1372 3311 1419 3356 et
1444 3303 1684 3373 gemitum
1725 3313 1862 3357 tuum
1891 3304 1983 3357 :in

389 3391 648 3448 doloribus
669 3397 837 3464 paries
863 3395 1033 3464 ﬁlios;
1068 3405 1117 3451 et
1143 3397 1211 3450 ad
1234 3397 1396 3451 virum
1425 3406 1562 3451 tuum
1591 3397 1846 3452 conversio
1873 3407 1980 3465 tua,

390 3493 436 3537 et
458 3486 566 3556 ipse
584 3487 655 3541 tui
673 3488 1034 3543 dominabitur.
1058 3489 1192 3546 Vide
1213 3490 1506 3548 bonitatem
1529 3487 1762 3558 Domini,
1785 3495 1982 3562 quanta

381 3586 511 3646 post
559 3586 760 3633 tantam
811 3582 1299 3649 prtevaricationem
1341 3584 1750 3638 mansuetudine
1794 3583 1977 3638 utitur.

395 3667 744 3738 Multiplicans
785 3671 1124 3742 multiplicabo
1169 3689 1423 3728 wrumnas
1462 3684 1595 3728 tuas.
1628 3674 1742 3745 Ego
1769 3675 1980 3744 quidem

394 3760 661 3829 volebam,
695 3761 883 3832 inquit,
903 3771 954 3818 te
973 3763 1103 3818 citra
1125 3764 1363 3820 dolorem
1390 3774 1444 3819 et
1462 3780 1755 3821 aerumnam
1778 3765 1977 3833 vivere,

391 3854 717 3924 liberamque
744 3855 813 3910 ab
839 3856 983 3910 omni
1011 3871 1244 3913 maerore
1269 3865 1322 3912 et
1360 3857 1590 3922 tristitia,
1632 3865 1687 3913 et
1715 3857 1860 3912 omni
1889 3871 1982 3912 vo-

387 3943 588 4012 iuptatc
620 3945 834 4016 repleri,
862 3956 915 4002 et
945 3947 1069 4003 licet
1089 3962 1316 4017 corpore
1341 3947 1746 4015 circumdatam,
1781 3963 1978 4018 corpo-

387 4035 646 4104 poralium
699 4051 862 4093 sensu
908 4055 1014 4094 non
1059 4039 1199 4096 afﬁci
1233 4058 1246 4095 :
1277 4049 1330 4096 at
1374 4041 1497 4111 quia
1543 4057 1650 4096 non
1699 4056 1792 4098 usa
1835 4057 1896 4098 es
1923 4050 1981 4098 ut

385 4133 598 4192 oportet
646 4133 790 4183 tanta
835 4130 1210 4199 prosperitate,
1257 4130 1352 4187 sed
1401 4130 1674 4188 afﬂuentia
1714 4132 1976 4189 bonorum

391 4224 502 4271 tam
529 4217 793 4286 ingratum
837 4218 933 4274 tibi
983 4221 1220 4276 animum
1275 4222 1498 4289 invexit,
1553 4232 1835 4293 propterea
1881 4224 1978 4279 tibi

388 4308 594 4362 frenum
647 4311 883 4380 impono,
942 4319 1004 4366 ut
1048 4327 1116 4368 ne
1169 4313 1397 4384 amplius
1448 4312 1714 4380 lascivias,
1758 4315 1826 4370 ad
1878 4316 1976 4370 tri-

387 4399 563 4453 stitias
623 4408 679 4453 et
743 4401 972 4471 gemitus
1047 4411 1100 4456 te
1159 4402 1544 4459 condcmnans.
1621 4403 1975 4476 Multiplicans

385 4491 728 4556 multiplicabo
787 4509 1043 4548 (erumnas
1097 4504 1238 4560 tuas,
1298 4505 1345 4549 et
1397 4497 1635 4566 gemitum
1702 4507 1841 4552 tuum
1869 4516 1890 4552 :
1921 4499 1978 4553 in

385 4581 645 4638 doloribus
691 4585 856 4654 paries
895 4585 1051 4650 ﬁlios.
1095 4587 1250 4654 Rem,
1297 4587 1488 4658 inquit,
1535 4603 1740 4658 magnae
1784 4591 1977 4645 laetitiae

385 4684 442 4731 et
470 4675 698 4730 ﬁliorum
721 4677 1153 4748 propagationem
1177 4693 1208 4733 a
1235 4677 1422 4734 dolore
1443 4689 1498 4734 ut
1524 4679 1748 4749 incipias
1761 4679 1972 4748 faciam,

387 4775 444 4822 ut
471 4775 526 4822 et
552 4767 662 4838 ipsa
694 4783 792 4838 per
835 4768 1094 4840 cujusque
1124 4778 1303 4839 partus
1336 4770 1548 4827 dolores
1593 4781 1647 4827 et
1675 4788 1972 4845 :erumnas,

388 4867 646 4929 perpetuo
670 4859 940 4915 mouearis
964 4871 1159 4930 quanta
1187 4861 1259 4914 sit
1283 4861 1484 4930 peccati
1508 4871 1561 4916 et
1599 4861 1974 4918 inobedientiae

390 4949 718 5018 magnitudo,
765 4959 819 5007 ct
861 4967 929 5008 ne
953 4967 1206 5022 processu
1237 4954 1488 5022 temporis
1511 4955 1762 5011 oblivioni
1796 4957 1973 5013 tradas

385 5041 529 5110 quod
559 5040 751 5098 factum
781 5051 885 5110 est,
915 5043 1010 5098 sed
1037 5058 1225 5099 noscas
1254 5043 1554 5114 hujusmodi
1585 5045 1847 5103 fallaciam
1876 5049 1974 5103 ho-

386 5146 504 5186 rum
532 5133 623 5187 tibi
651 5150 865 5191 causam
892 5134 1076 5192 fuisse.
1106 5135 1393 5205 Propterea
1420 5137 1770 5209 Multiplicans
1797 5143 1972 5195 multi-

386 5223 581 5290 plicabo
619 5241 868 5281 (erumnas
907 5237 1039 5295 tuas,
1080 5238 1128 5282 et
1152 5229 1391 5299 gemitum
1436 5239 1575 5284 tuum
1594 5248 1612 5285 :
1637 5232 1689 5285 in
1715 5231 1972 5287 doloribus

388 5314 554 5381 paries
613 5315 765 5381 ﬁlios.
809 5317 907 5372 Hic
953 5319 1215 5386 significat
1265 5320 1670 5390 parturientium
1732 5321 1967 5390 dolores,

388 5404 837 5477 multiplicemque
879 5409 1020 5464 illum
1072 5413 1329 5479 laborem,
1377 5429 1534 5483 quem
1564 5413 1705 5470 ferre
1750 5429 1970 5471 necesse

389 5503 516 5547 est:
545 5509 738 5564 nempe
777 5506 856 5552 tot
903 5502 1194 5566 mensibus,
1234 5504 1381 5559 velut
1418 5505 1682 5561 sarcinam
1714 5506 1968 5562 infantem

390 5593 624 5651 gestare,
674 5596 728 5640 et
762 5588 965 5644 sentire
1007 5591 1317 5662 singulares,
1371 5611 1491 5666 quae
1537 5596 1662 5652 inde
1699 5599 1966 5662 oriuntur,

392 5687 679 5740 aerumnas,
706 5677 1066 5734 membrorum
1096 5682 1493 5752 distorsionem,
1527 5697 1581 5742 et
1609 5688 1969 5744 intolerabiles

391 5759 510 5817 illos
537 5763 744 5823 dolores
767 5779 902 5838 quos
932 5766 1058 5823 sola:
1089 5770 1194 5827 illa:
1215 5772 1407 5844 sciunt,
1424 5792 1542 5847 qua:
1571 5788 1804 5850 expertae
1820 5786 1964 5833 sunt.

1137 355 1192 413 S.
1229 353 1508 411 JOANNIS
1544 352 2014 417 CIIRYSOSTOII
2053 354 2369 421 ARCIIIEP.
2409 356 2942 416 CONSTANTINOP.

3576 357 3672 414 t-tt

2163 471 2216 526 8.
2250 472 2382 542 Spes
2408 472 2526 526 boni
2545 473 2702 543 futuri
2732 472 2867 525 mala
2893 472 3023 526 leuat
3049 472 3338 539 prementia.
3363 501 3429 512 -ι
3451 471 3647 528 Verum

2091 567 2268 614 tamen
2300 559 2570 616 doloribus
2609 569 2753 614 tanta
2782 560 2971 615 solatia
3017 561 3174 614 simul
3213 560 3495 615 admiscuit
3522 563 3672 616 beni-

2089 667 2224 722 gnus
2254 653 2414 718 Deus,
2447 663 2502 707 ut
2531 653 2701 708 ferme
2731 652 3114 708 conferendum
3140 654 3210 706 sit
3233 652 3505 722 gaudium,
3534 655 3672 721 quod

2089 758 2155 798 ex
2187 753 2311 798 nato
2355 759 2523 814 puero
2558 744 2816 810 habetur,
2848 760 2968 800 cum
3011 745 3283 800 doloribus
3328 745 3432 799 illis
3467 745 3558 815 qui
3601 754 3676 799 tot

2092 835 2366 890 mensibus
2393 845 2632 890 ventrem
2671 835 2956 892 dissecant.
2989 835 3120 890 Nam
3145 851 3265 906 qua:
3295 844 3499 889 tantum
3531 835 3676 890 labo-

2091 943 2205 982 rem
2238 926 2437 992 ferunt,
2469 937 2652 998 totque
2673 927 2916 981 dolorum
2937 926 3258 981 cruciatibus
3283 925 3672 996 discerpuntur,

2090 1029 2146 1072 ut
2176 1033 2313 1088 pene
2337 1017 2402 1072 de
2432 1019 2543 1088 ipsa
2565 1019 2670 1072 vita
2690 1018 3009 1086 desperent;
3043 1027 3321 1087 postquam
3349 1019 3670 1086 pepercrint,

2088 1116 2142 1161 et
2171 1107 2446 1162 doloribus
2474 1107 2669 1162 fuerint
2693 1109 2881 1162 soluta:
2899 1149 2915 1175 ,
2943 1107 3230 1177 laetitiaque
3261 1107 3361 1161 frui
3390 1108 3673 1177 emperint,

2090 1200 2282 1254 iterum
2307 1200 2459 1269 quasi
2486 1199 2665 1255 oblita:
2694 1199 2934 1254 laborum
2961 1199 3224 1262 omnium,
3255 1199 3484 1252 ﬁliorum
3517 1213 3676 1267 gene-

2089 1289 2281 1345 rationi
2326 1305 2545 1360 operam
2589 1289 2718 1344 dant
2751 1307 2764 1343 :
2795 1290 2874 1344 sic
2901 1289 3246 1359 dispensante
3283 1287 3516 1358 benigno
3545 1289 3674 1351 Deo,

2088 1389 2146 1435 ut
2171 1381 2444 1435 hominum
2473 1389 2716 1435 servetur
2739 1394 2927 1450 genus.
2957 1380 3180 1448 Semper
3205 1378 3348 1432 enim
3377 1376 3674 1432 futurorum

2086 1473 2348 1528 bonorum
2395 1488 2519 1544 spes
2563 1472 2616 1528 id
2665 1473 2866 1539 efficit,
2912 1481 2970 1526 ut
3012 1471 3293 1541 praesentia
3343 1469 3677 1524 incommoda

2086 1565 2254 1620 levius
2283 1564 2536 1618 ferantur.
2567 1563 2622 1619 Id
2653 1563 2792 1634 quod
2825 1564 2878 1618 in
2911 1561 3332 1633 negotiatoribus
3385 1562 3508 1631 quis
3534 1560 3675 1614 vide-

2047 1678 2064 1694 -
2086 1655 2188 1722 rit,
2220 1656 2310 1725 qui
2354 1655 2585 1726 iungentia
2632 1655 2798 1710 maria
2831 1661 3106 1710 transeunt
3126 1695 3141 1721 ,
3173 1651 3445 1722 naufragia
3477 1656 3676 1718 ferunt,

2086 1755 2141 1802 et
2174 1747 2372 1816 piratas
2396 1787 2410 1811 ,
2456 1761 2520 1802 ac
2562 1755 2682 1817 post
2725 1745 2960 1817 pericula
2992 1745 3156 1799 multa
3183 1786 3196 1811 ,
3229 1745 3421 1814 quibus
3469 1744 3677 1798 illorum

2085 1850 2210 1906 spes
2232 1835 2538 1902 frustratur,
2563 1851 2736 1906 neque
2763 1837 2840 1892 sic
2862 1846 3034 1890 tamen
3057 1834 3340 1900 desistunt,
3364 1835 3459 1889 sed
3487 1835 3676 1890 iterum

2084 1926 2272 1983 eadem
2318 1936 2602 1982 attentant.
2651 1927 2762 1982 Hoc
2799 1927 2959 1982 etiam
3003 1926 3071 1981 de
3100 1925 3350 1996 agricolis
3399 1940 3678 1996 possemus

2083 2021 2265 2077 dicere
2288 2022 2305 2054 ί
2335 2037 2350 2074 :
2381 2021 2580 2077 etenim
2610 2030 2665 2076 et
2693 2021 2766 2076 illi
2802 2035 2925 2075 cum
2966 2019 3229 2090 profunde
3255 2019 3527 2074 secuerint
3568 2027 3676 2074 ter-

2084 2129 2222 2179 ram,
2255 2120 2310 2168 et
2346 2112 2634 2182 diligenter
2659 2111 3026 2176 excoluerint,
3053 2126 3117 2166 ac
3155 2111 3354 2181 largam
3381 2119 3675 2165 sementem

2079 2204 2342 2275 jecerint,
2383 2217 2528 2274 saepe
2573 2204 2818 2258 ariditate
2858 2202 2943 2257 vel
2973 2201 3273 2257 immodicis
3325 2201 3558 2271 pluviis,
3594 2201 3677 2254 vel

2086 2296 2303 2351 tandem
2335 2295 2552 2366 quando
2582 2295 2836 2365 manipuli
2864 2293 3185 2366 colligendi,
3217 2293 3467 2363 rubigine
3490 2307 3677 2363 super-

2085 2389 2332 2443 veniente
2351 2429 2366 2453 ,
2399 2401 2493 2456 Spe
2517 2401 2614 2442 sua
2641 2387 2896 2442 excidunt
2927 2404 2940 2440 :
2989 2393 3356 2440 verumtamen
3400 2399 3577 2454 neque
3604 2384 3677 2438 illi

2086 2478 2163 2533 sic
2188 2477 2490 2544 desistunt;
2532 2478 2625 2532 sed
2655 2478 2845 2532 iterum
2873 2486 2931 2532 ut
2961 2486 3169 2546 tempus
3191 2474 3506 2546 appetierit,
3536 2475 3675 2545 agri-

2085 2569 2354 2622 culturam
2392 2577 2670 2624 exercent.
2703 2568 2878 2637 Atqne
2924 2567 2978 2622 in
3021 2567 3446 2637 quibuscumque
3490 2565 3678 2620 studiis

2085 2671 2141 2716 et
2167 2660 2368 2715 artibus
2398 2661 2502 2715 hoc
2531 2659 2745 2716 obvium
2775 2669 2877 2714 est.
2906 2658 2996 2714 Sic
3024 2659 3217 2714 mulier
3244 2673 3460 2729 quoque
3487 2668 3540 2713 et
3567 2659 3677 2728 ipsa

2086 2767 2230 2822 saepe
2258 2761 2376 2821 post
2399 2762 2478 2808 tot
2501 2765 2720 2808 menses
2744 2751 2882 2817 illos,
2907 2758 3028 2820 post
3054 2749 3418 2804 intolerabiles
3443 2749 3675 2813 dolores,

2087 2854 2208 2915 post
2233 2853 2417 2899 noctes
2440 2844 2734 2908 insomnes,
2760 2851 2880 2912 post
2909 2841 3272 2896 membrorum
3293 2840 3674 2908 distensiones,

2087 2951 2251 3006 parvo
2292 2934 2527 3006 quodam
2573 2948 2701 2989 casu
2746 2933 3012 2989 incidente
3037 2973 3052 3001 ,
3099 2932 3223 2988 licet
3267 2942 3393 2989 ante
3424 2942 3676 2988 statutum

2087 3034 2300 3096 tempus
2349 3035 2558 3096 partum
2607 3025 2921 3081 abortiverit
2970 3025 3288 3092 informem,
3339 3035 3394 3080 et
3443 3025 3677 3081 nondum

2089 3119 2428 3175 lineamentis
2475 3117 2797 3189 figuratum;
2829 3116 2915 3172 vel
2960 3115 3244 3171 formatum
3274 3116 3492 3186 quidem
3518 3157 3532 3181 ,
3574 3132 3676 3172 non
3776 3175 3778 3178 ,

2090 3210 2354 3280 integrum
2385 3217 2583 3275 autem,
2619 3223 2794 3278 neque
2819 3223 3030 3275 sanum,
3061 3207 3146 3262 vel
3177 3209 3336 3262 etiam
3367 3223 3514 3278 smpe
3539 3225 3678 3262 mor-

2088 3311 2236 3357 tuum
2262 3343 2276 3365 ,
2308 3301 2396 3354 vix
2438 3315 2468 3354 e
2496 3299 2747 3370 periculis
2777 3299 2956 3368 elapsa
2983 3316 2996 3352 :
3030 3307 3264 3353 attamen
3311 3299 3466 3368 quasi
3515 3299 3674 3352 oblita

2088 3395 2277 3449 hormn
2309 3394 2584 3459 omnium,
2631 3391 2819 3447 eadem
2858 3406 2978 3461 quae
3023 3398 3177 3445 antea
3223 3390 3324 3444 fert
3367 3399 3424 3444 et
3469 3391 3672 3445 tolerat.

2088 3485 2156 3539 Et
2185 3484 2310 3555 quid
2337 3484 2456 3539 dico
2485 3483 2718 3538 eadem?
2765 3481 2919 3551 Saepe
2945 3497 3065 3536 cum
3108 3480 3215 3536 fetu
3261 3489 3386 3534 nato
3416 3481 3675 3537 commori

2087 3592 2180 3632 eas
2223 3577 2485 3647 contingit
2509 3617 2524 3642 ,
2571 3584 2626 3630 ct
2655 3590 2828 3645 neque
2869 3575 2970 3630 hoc
3007 3582 3230 3629 exteras
3258 3582 3464 3640 terret,
3509 3588 3676 3644 neque

2087 3668 2373 3738 persuadet
2401 3678 2456 3722 ut
2484 3683 2598 3723 rem
2627 3667 2828 3738 fugiant
2856 3685 2869 3722 :
2904 3675 3102 3722 tantam
3134 3667 3273 3721 Deus
3303 3667 3544 3721 tristibus
3573 3667 3674 3722 illis

2086 3760 2282 3815 inserit
2318 3759 2644 3828 voluptatem
2688 3757 2848 3813 simul
2890 3767 2945 3812 et
2990 3758 3252 3813 laetitiam.
3298 3757 3529 3828 PrOpter
3575 3757 3673 3811 hoc

2085 3849 2295 3906 dicebat
2335 3868 2348 3903 :
2401 3849 2749 3920 Multiplicans
2805 3849 3150 3919 multiplicabo
3191 3864 3446 3904 wrumnas
3490 3857 3674 3905 tuasel

2083 3941 2322 4010 gemitum
2353 3949 2535 4005 tuum;
2577 3941 2628 3994 in
2672 3938 2930 3992 doloribus
2975 3939 3141 4010 paries
3181 3938 3338 4007 ﬁlios.
3371 3939 3487 3995 lloc
3516 3941 3672 3994 etiam

2085 4031 2332 4088 Christus
2359 4033 2569 4089 dicebat
2596 4032 2871 4101 discipulis
2895 4033 3027 4098 suis,
3055 4039 3362 4088 monstrans
3391 4043 3498 4089 tam
3529 4033 3674 4088 dolo-

2085 4123 2161 4178 ris
2187 4122 2629 4194 magnitudinem,
2651 4138 2809 4192 quam
2834 4122 3030 4176 lmtitiae
3055 4123 3425 4178 excellentiam
3451 4141 3466 4178 :
3489 4122 3673 4177 Mulier

2083 4217 2287 4288 quando
2315 4218 2471 4288 parit,
2505 4217 2757 4270 tristitiam
2789 4215 2962 4282 habet,
2989 4215 3226 4286 quoniam
3254 4216 3386 4270 venit
3416 4216 3542 4270 hora
3567 4217 3672 4286 ejus

2087 4306 2275 4377 (Joan.
2306 4307 2390 4362 l6.
2414 4307 2478 4361 21
2509 4307 2527 4376 )
2559 4323 2574 4362 :
2607 4305 2800 4360 deinde
2825 4306 3013 4361 volens
3038 4305 3192 4360 nobis
3219 4305 3497 4362 declarare
3537 4320 3668 4376 quo-

2083 4400 2244 4455 modo
2265 4399 2436 4452 tristia
2465 4398 2622 4453 simul
2651 4412 2683 4452 e
2707 4397 2886 4453 medio
2913 4398 3189 4460 tollantur,
3211 4396 3464 4467 gaudium
3496 4406 3668 4451 autent

2082 4500 2136 4546 ct
2158 4491 2340 4545 laetitia
2371 4489 2696 4554 succedant,
2727 4488 2896 4559 inquit
2929 4505 2945 4544 :
2981 4488 3202 4556 Quando
3231 4497 3396 4542 autem
3426 4487 3668 4558 pepererit
3759 4507 3771 4516 -

2082 4600 2314 4655 puerum,
2357 4599 2457 4636 non
2493 4586 2607 4653 jam
2635 4597 2824 4635 memor
2855 4591 2928 4636 est
2955 4581 3242 4650 aﬁlictionis
3262 4620 3277 4646 ,
3307 4590 3513 4651 prapter
3537 4595 3666 4649 gutt-

2081 4677 2220 4729 dium
2240 4717 2254 4742 ,
2287 4677 2406 4746 quia
2435 4685 2586 4728 natus
2613 4683 2686 4728 est
2717 4673 2867 4726 homo
2909 4674 2964 4726 in
2989 4671 3256 4726 mundum.
3291 4671 3514 4726 Vidistis
3542 4685 3667 4740 pro-

2079 4767 2367 4822 videntiam
2395 4773 2449 4820 et
2474 4779 2654 4822 curam
2693 4764 2858 4819 nostri
2897 4762 3194 4818 eximiam?
3223 4761 3429 4818 vidistis
3457 4775 3664 4832 pmnam

2037 4879 2042 4882 ·
2079 4857 2458 4913 admonitionis
2500 4854 2749 4926 plenam?
2779 4852 2847 4908 In
2878 4853 3137 4908 doloribus
3167 4853 3333 4922 paries
3363 4853 3515 4921 ﬁlios.
3563 4850 3662 4905 De-

2080 4950 2225 5014 inde,
2252 4949 2332 5002 Ad
2353 4950 2515 5003 uirum
2541 4957 2684 5001 tuum
2709 4948 2968 5001 conversio
2988 4955 3098 5010 tua,
3125 4955 3172 4999 et
3197 4945 3305 5015 ipse
3329 4944 3664 4998 dominabitur

2081 5043 2170 5096 tui.
2219 5041 2380 5110 Quasi
2423 5056 2482 5096 se
2524 5038 2820 5095 defendens
2866 5037 3005 5108 apud
3056 5037 3334 5091 mulierem
3380 5035 3494 5090 hzec
3539 5034 3664 5089 dicit

2079 5134 2338 5204 benignus
2369 5133 2532 5188 Deus.
2562 5132 2705 5202 Ego,
2738 5131 2939 5200 inquit,
2973 5128 3041 5184 ab
3071 5128 3224 5182 initio
3249 5127 3454 5182 honore
3483 5139 3661 5196 parem

2078 5235 2132 5282 te
2161 5227 2415 5292 formavi,
2449 5233 2502 5280 et
2525 5223 2764 5294 ejusdem
2797 5221 3070 5292 dignitatis
3096 5222 3148 5275 in
3177 5219 3426 5275 omnibus
3453 5218 3660 5288 partici—

2077 5332 2197 5388 pem
2222 5359 2238 5383 ,
2281 5326 2337 5372 et
2366 5317 2503 5371 sicut
2543 5317 2688 5379 viro,
2722 5315 2791 5368 ita
2834 5323 2888 5369 et
2920 5315 3011 5369 tibi
3052 5313 3288 5368 omnium
3315 5312 3658 5381 principatum

2076 5406 2381 5463 concredidi
2413 5425 2424 5460 :
2449 5416 2700 5461 czeterum
2729 5403 2849 5474 quia
2873 5404 3036 5458 abusa
3063 5417 3120 5458 es
3146 5402 3364 5456 honoris
3384 5401 3656 5471 dignitate,

2075 5500 2300 5570 subjicio
2347 5508 2398 5553 te
2425 5499 2559 5563 viro,
2609 5496 2672 5550 Et
2696 5497 2764 5549 ad
2793 5497 2954 5549 virum
2993 5505 3134 5548 tuum
3177 5495 3432 5548 conversio
3463 5503 3546 5546 tua
3567 5532 3586 5556 ,
3615 5498 3657 5543 et

2075 5590 2184 5662 ipse
2207 5589 2279 5642 tui
2300 5588 2656 5642 dominabitur.
2687 5585 2819 5652 Quia
2850 5584 3037 5640 relicto
3057 5599 3122 5638 eo
3151 5583 3241 5654 qui
3269 5583 3520 5654 dignitate
3541 5596 3652 5650 par,

2140 5726 2156 5757 ¹
2193 5726 2264 5773 Sic
2286 5723 2424 5773 savil.
2471 5721 2600 5778 Apud
2643 5721 2809 5770 Morel.
2857 5727 2910 5770 et
2953 5717 3143 5772 Montef.
3179 5733 3193 5770 :
3221 5727 3323 5770 Hoc
3359 5717 3499 5772 etiam
3527 5714 3652 5778 apud

2074 5786 2314 5850 agricolas
2326 5783 2644 5837 animadverti
2660 5791 2830 5847 potest.
