4110 6414
377 414 477 468 HT)

371 529 440 604 δὴ
474 531 681 607 τμόπον
720 537 814 592 καί
851 535 910 592 σέ
942 538 1132 611 ἕτερον
1174 536 1359 613 σχῆμα
1397 541 1731 609 διαπλάσεως
1765 546 2055 605 ἀναλαϐεῖν

368 622 715 690 προστάττω,
738 625 832 702 καί
858 625 950 679 ἐπὶ
978 626 1078 699 τῆς
1101 628 1207 699 γῆς
1230 628 1509 701 σύρεσθαι,
1549 631 1643 684 καὶ
1668 633 1872 706 ταύτην
1909 635 2053 705 ἐχειν

366 710 596 781 τροφὴν,
628 710 771 766 ὥστε
802 711 877 785 μὴ
901 713 1098 780 ἐξεῖναί
1129 733 1209 769 σοι
1242 715 1426 770 λοιπὸν
1452 718 1735 772 ἀνανεύειν
1754 720 1887 785 ἄνω,
1913 722 2049 777 ἀλλά

364 795 630 866 διηνεκῶς
664 800 723 854 ἐν
763 801 935 874 ταύτῃ
968 803 1256 875 τυγχάνειν
1288 807 1355 876 τῇ
1385 805 1736 869 καταστάσει,
1774 808 1867 862 καὶ
1901 810 2053 881 παρά

367 885 546 939 πάντα
569 886 735 941 λοιπά
756 888 825 942 τά
855 888 1019 961 θηρία
1046 890 1144 961 τὴν
1175 891 1280 962 γῆν
1309 892 1597 947 σιτεῖσθαι·
1628 894 1722 948 καὶ
1747 894 1869 949 οὐδὲ
1894 895 2052 950 τοῦτο

371 972 557 1041 μόνον,
593 973 730 1031 ἀλλά
764 977 871 1031 Kal
923 978 1147 1048 ἔχθραν
1189 980 1357 1048 θήσω
1401 982 1519 1036 ἀνά
1560 983 1757 1053 μέσον
1801 984 1918 1039 σοῦ
1951 986 2052 1041 καί

365 1062 487 1116 ἀνὰ
505 1062 703 1132 μέσον
744 1064 852 1135 τῆς
881 1067 1189 1137 γυναικὸς,
1223 1068 1324 1123 καὶ
1359 1069 1477 1125 ἀνὰ
1501 1070 1698 1140 μέσον
1728 1071 1835 1126 τοῦ
1865 1072 2053 1141 σπέρ-

365 1149 557 1219 ματός
597 1167 719 1206 σου
765 1153 863 1207 καί
911 1154 1029 1209 ἀνὰ
1067 1155 1264 1225 μέσον
1304 1155 1411 1211 τοῦ
1457 1157 1799 1229 σπέρματος
1835 1160 2048 1229 αὐτῆς.

370 1238 484 1291 Kal
511 1239 632 1292 ούδέ
664 1239 837 1313 τούτῳ
859 1243 1293 1315 ἀρκεσθήσομαι,
1318 1245 1397 1316 τῷ
1422 1246 1516 1299 ἐπὶ
1544 1246 1639 1317 τῆς
1662 1246 1768 1318 γῆς
1792 1248 2052 1319 σύρεσθαί

368 1343 454 1390 σε,
489 1327 625 1381 ἀλλά
664 1329 760 1383 καὶ
793 1330 997 1403 ἐχθρὰν
1027 1333 1290 1387 ἄσπονδόν
1331 1351 1412 1388 σοι
1450 1338 1777 1407 καταστήσω
1810 1336 1911 1407 τὴν
1956 1353 2055 1405 γυ-

367 1418 551 1469 ναῖκα·
579 1417 671 1471 καί⁵
697 1418 798 1472 οὐκ
831 1419 1001 1493 αὐτὴν
1038 1421 1225 1492 μόνην,
1263 1422 1399 1477 ἀλλά
1420 1424 1515 1476 καί
1539 1422 1599 1476 τὸ
1630 1424 1852 1495 σπέρμα
1880 1424 2052 1496 αὐτῆς

366 1502 448 1573 τῷ
479 1504 755 1576 σπέρματί
802 1524 897 1560 σου
940 1507 1196 1580 πολέμιον
1242 1509 1464 1581 διηνεκῆ
1495 1511 1824 1581 ἐργάσομαι.
1858 1513 2052 1580 Αὐτός

365 1602 489 1644 σου
512 1590 762 1658 τηρήσει
791 1595 1087 1664 κεφαλὴν,
1109 1596 1312 1651 καὶσὺ
1346 1594 1630 1665 τηρήσεις
1662 1598 1850 1653 αὺτοῦ
1880 1586 2053 1668 πτέρ-

366 1694 507 1733 ναν.
538 1679 645 1732 Καὶ
670 1679 780 1753 γὰρ
812 1682 1079 1756 τοσαύτην
1117 1685 1311 1757 ἐκείνῳ
1340 1685 1442 1756 μὲν
1478 1686 1700 1759 παρέξω
1730 1686 1828 1758 τήν
1873 1688 2051 1757 ἰσχὺν,
2100 1694 2109 1702 ‘

366 1765 450 1840 ὡς
465 1764 728 1836 διηνεκῶς
748 1770 1056 1825 ἐπικεῖσθαι
1075 1775 1141 1844 τῇ
1164 1776 1232 1845 σῇ
1263 1774 1496 1844 κεφαλῇ,
1539 1774 1597 1828 σέ
1625 1773 1683 1827 δὲ
1702 1775 1818 1838 τοῖς
1844 1775 2052 1828 ἐκείνου

367 1856 531 1908 ποσὶν
559 1857 899 1915 ὑποκεῖσθαι.
925 1862 1094 1932 Ὅρα,
1125 1862 1400 1934 ἀγαπητὴ
1420 1862 1509 1917 διὰ
1543 1863 1643 1935 τῆς
1662 1861 1807 1916 κατὰ
1838 1861 1934 1917 τοῦ
1959 1861 2056 1934 θη-

370 1943 492 2014 ρίου
520 1946 711 2000 τούτου
738 1949 1032 2021 τιμωρίας,
1059 1952 1192 2021 ὅσην
1232 1952 1364 2023 ήμῖν
1397 1950 1733 2005 ἐνδείκνυται
1764 1950 1865 2023 τὴν
1890 1951 2055 2021 κηδε-

370 2030 585 2100 μονίαν,
644 2035 710 2106 ήν
769 2037 900 2109 περὶ
940 2038 1040 2109 τὴν
1081 2038 1189 2092 τῶν
1231 2037 1538 2110 ἀνθρώπων
1569 2038 1734 2108 φύσιν
1766 2038 1900 2110 ἔχει.
1943 2039 2054 2093 Kal

368 2118 540 2173 ταῦτα
579 2121 679 2194 μὲν
713 2124 841 2195 περὶ
869 2123 964 2179 τού
997 2125 1253 2198 αἰσθητοῦ
1283 2127 1481 2195 όφεως⁸
1514 2125 1691 2195 ἔξεστι
1722 2126 1779 2181 δέ
1823 2126 1901 2198 τῷ
1931 2127 2054 2198 βου-

362 2204 578 2280 λομένῳ
627 2210 766 2279 μετά
816 2211 979 2268 τοῦτο
1029 2217 1218 2286 τηρεῖν
1269 2213 1380 2268 τῶν
1430 2213 1902 2288 ἐγγεγραμμένων
1951 2216 2053 2286 τὴν

363 2295 707 2365 ἀκολουθίαν,
744 2298 840 2354 καὶ
867 2299 1087 2369 εἰδέναι,
1107 2302 1191 2355 ὅτι
1221 2303 1271 2355 εί
1302 2302 1433 2371 περὶ
1462 2302 1555 2356 τοῦ
1585 2302 1846 2373 αἰσθητοῦ
1877 2301 2053 2357 ταῦτα

361 2385 608 2456 εἴρηται,
642 2386 822 2459 πολλῷ
844 2389 1046 2459 μᾶλλον
1077 2390 1440 2462 ἐκλαμϐάνειν
1465 2391 1533 2445 τά
1556 2391 1826 2463 εἰρημένα
1853 2391 1934 2445 δεῖ
1959 2393 2054 2446 καὶ

363 2476 496 2547 περὶ
536 2476 631 2529 τοῦ
676 2478 867 2548 νοητοῦ
904 2479 1104 2549 ὄφεως.
1143 2480 1258 2534 Kal
1292 2481 1401 2553 γάρ
1436 2482 1531 2537 καὶ
1555 2482 1762 2536 ἐκεῖνον
1787 2482 1892 2536 ὑπὸ
1926 2481 2053 2546 τοὺς

363 2565 533 2629 πόδας
557 2566 715 2637 ἡμῶν
737 2566 1082 2634 ταπεινώσας
1104 2573 1432 2641 κατήνεγκε,
1458 2571 1554 2626 καὶ
1574 2572 1722 2642 ἡμᾶς
1745 2569 2051 2625 ἐπικεῖσθαι

362 2653 530 2708 αὑτοῦ
572 2657 639 2727 τῇ
680 2657 889 2730 κεφαλῇ
935 2658 1259 2731 πεποίηκεν.
1316 2662 1389 2713 Ἦ
1421 2660 1544 2732 οὐχὶ
1580 2660 1742 2716 τοῦτο
1795 2660 2052 2732 σημαίνει

362 2740 563 2809 λέγων,
596 2744 845 2799 Πατεῖτε
868 2743 1069 2802 ἐπάνω
1094 2742 1291 2816 ὄφεων
1308 2747 1409 2804 καί
1428 2749 1775 2817 σκορπίων;
1802 2744 1938 2802 Εἰτα
1964 2750 2051 2802 ἵνα

366 2828 446 2900 μὴ
462 2830 774 2903 νομίσωμεν
794 2832 1048 2904 περὶτῶν
1064 2833 1338 2906 αἰσθητῶν
1355 2834 1561 2907 θηρίων
1579 2834 1755 2888 ταῦτα
1773 2835 2049 2906 εἰρῆσθαι,

365 2918 638 2988 ἐπήγαγε·
665 2920 776 2974 Kal
811 2919 911 2974 ἐπὶ
950 2920 1160 2977 πᾶσαν
1186 2921 1305 2991 τὴν
1332 2922 1591 2993 δύναμιν
1630 2922 1737 2977 τοῦ
1774 2922 2049 2993 Ἐχθρσῦ.

364 3004 553 3059 Εῖδετε
599 3007 691 3061 καὶ
737 3009 802 3062 ἐκ
831 3009 933 3079 τῆς
970 3008 1302 3081 ἐπαχθείσης
1338 3010 1416 3081 τῷ
1437 3010 1655 3083 ὀργάνῳ
1682 3009 1777 3063 τοῦ
1803 3010 2049 3065 διαϐόλου

364 3093 639 3165 τιμωρίας
679 3095 780 3167 τὴν
815 3096 1263 3168 ὑπερϐάλλουσαν
1305 3096 1398 3151 τοῦ
1433 3096 1569 3153 Θεοῦ
1603 3098 2050 3169 φιλανθρωπίαν;

370 3180 699 3252 Ἐλθωμενι
740 3183 923 3250 πάλιν,
972 3186 1021 3239 εἰ
1063 3184 1240 3250 δοκεῖ,
1273 3186 1368 3241 ἐπὶ
1402 3185 1504 3258 τὴν
1533 3188 1790 3255 γυναῖκα.
1833 3186 2051 3258 Ἐπειδὴ

365 3269 479 3341 γὰρ
511 3262 665 3333 οὗτος
693 3270 791 3342 τὴν
835 3270 1054 3344 ἀπάτην
1089 3273 1374 3344 εἰσήγαγε,
1399 3272 1486 3327 διά
1523 3273 1682 3327 τοῦτο
1717 3270 1868 3346 [Ml]
1898 3267 2054 3338 οὗτος

367 3356 586 3427 πρῶτος
626 3358 724 3431 τὴν
768 3360 1039 3433 τιμωρίαν
1062 3360 1303 3425 ἐδέξατοο
1346 3361 1440 3416 καὶ
1470 3361 1657 3433 ἐπειδὴ
1697 3360 1922 3433 πρώτην
1954 3360 2055 3432 τὴν

367 3448 602 3513 γυναῖκα
655 3447 927 3520 ὴπάτησε,
988 3449 1082 3503 καὶ
1134 3450 1275 3523 τότε.
1318 3448 1503 3520 ἐκείνη
1557 3449 1651 3504 τὸν
1707 3440 1878 3521 ἄνδρα
1923 3466 2055 3517 συγ-

368 3535 709 3598 κατέσπασε,
739 3537 827 3590 διὰ
854 3537 1015 3591 τοῦτο
1038 3538 1254 3611 ἐκείνην
1291 3538 1509 3609 πρῶτον
1532 3540 1853 3611 τιμωρεῖται
1883 3555 2055 3608 τιμω-

369 3622 497 3696 ρίαν
525 3624 806 3679 νουθεσίαν
854 3625 1058 3697 πολλὴν
1111 3626 1360 3697 ἔχουσαν.
1385 3625 1494 3679 Kal
1515 3624 1586 3694 τῇ
1614 3626 1851 3695 γυναικί
1881 3622 2012 3679 εἷπε
2030 3642 2051 3660 π

367 3712 707 3779 Πληθύνων
737 3712 1027 3781 πληθυνῶ
1050 3714 1158 3779 τὰς
1184 3714 1388 3781 λύπας
1407 3727 1525 3768 σου
1562 3713 1661 3767 καὶ
1699 3713 1806 3767 τὸν
1839 3728 2056 3767 ctera-

365 3796 523 3865 τμόν
537 3812 675 3851 σου·
708 3798 779 3851 ἐν
804 3799 1033 3865 λύπαις
1055 3799 1197 3868 τέξῃ
1217 3798 1421 3855 τέκνα⁶
1446 3800 1543 3853 καί
1568 3798 1719 3868 πρὸς
1736 3798 1843 3853 τὸν
1865 3798 2055 3868 ἄνδρα

364 3900 488 3937 σου
504 3884 542 3951 ὴ
566 3884 918 3955 ἀποστροφή
940 3903 1078 3952 σου,
1098 3887 1195 3940 καί
1215 3889 1401 3953 αὐτός
1421 3900 1539 3941 σου
1561 3887 1883 3955 κυριεύσει.
1911 3887 2056 3957 Ὅρα

365 3972 642 4026 Δεσπότω
662 3973 993 4043 ἀγαθότητα,
1007 3975 1108 4048 ὅσῃ
1120 3976 1386 4047 κέχρηται
1402 3977 1467 4046 τῇ
1488 3974 1787 4046 ήμερότητι
1806 3974 2056 4045 peric-31v

366 4059 637 4130 τοσαύτην
664 4061 997 4133 παράϐασιν.
1029 4064 1363 4130 Πληθύνων
1396 4059 1688 4130 πληθυνῶ
1719 4061 1826 4126 τὰς
1851 4062 2056 4127 λύπας

362 4161 487 4202 σου
505 4149 604 4202 καί
618 4148 725 4203 τὸν
734 4152 1073 4222 στεναγμόν
1083 4166 1222 4206 σου.
1241 4150 1382 4221 Ἐγὼ
1398 4150 1496 4221 μέν
1514 4148 1843 4222 ἠϐουλήθην,
1866 4151 2051 4221 φησὶν,

362 4235 638 4291 ἀνώδυνον
678 4238 774 4293 καὶ
805 4240 1188 4312 ἀταλαίπωρόν
1208 4258 1269 4294 σε
1291 4239 1436 4311 ἔχειν
1464 4238 1632 4312 ζωήν,
1666 4240 1847 4311 πάσης
1876 4239 2054 4312 λύπης

366 4326 463 4377 καὶ
503 4326 742 4397 ἀθυμίας
770 4327 1221 4398 ἀπηλλαγμένην,
1271 4327 1368 4381 καὶ
1403 4328 1586 4398 πάσης
1617 4327 1812 4399 ήδονῆς
1841 4326 2053 4397 πεπλη-

362 4414 625 4485 ρωμένην
658 4414 753 4469 καὶ
792 4416 1021 4487 μηδενὸς
1059 4415 1413 4470 αἰσθάνεσθαι
1444 4415 1556 4469 τῶν
1585 4413 1912 4486 σωματικῶν
1946 4415 2055 4469 σῶ-

367 4519 448 4574 μα
503 4505 917 4579 περικειμένηνο
967 4508 1158 4580 ἐπειδὴ
1209 4508 1268 4561 δὲ
1319 4508 1422 4561 οὐκ
1464 4508 1682 4579 ἐχρήσω
1724 4507 1803 4570 είς
1838 4506 1957 4561 δέον
1985 4509 2052 4579 τῇ

365 4594 608 4665 τοσαύτῃ
663 4595 870 4659 ἀνέσει,
927 4595 1045 4650 ἀλλ’
1092 4598 1126 4666 ή
1198 4594 1487 4667 περιουσία
1547 4595 1655 4648 τῶν
1717 4594 1940 4662 ἀγαθῶν
1973 4598 2054 4659 εἰς

367 4681 638 4754 τοσαύτην
666 4700 724 4736 σε
748 4682 1144 4755 ἀγνωμοσύνην
1177 4684 1376 4753 ἤγαγε,
1404 4682 1493 4737 διά
1530 4682 1689 4737 τοῦτό
1728 4699 1811 4735 σοι
1835 4682 2054 4753 χαλινὸν

367 4769 675 4840 ἐπιτίθημι,
706 4768 846 4824 ὥστε
871 4769 947 4843 μὴ
977 4770 1071 4825 ἐπὶ
1103 4770 1265 4825 πλέον
1286 4770 1707 4841 ἀποσκιρτῆσαι,
1732 4770 1828 4824 καὶ
1857 4770 2052 4835 λύπαις

367 4858 464 4911 καί
497 4860 821 4928 στεναγμοῖς
863 4875 922 4911 σε
954 4858 980 4899 δ
1009 4858 1375 4923 καταδικάζω.
1402 4858 1734 4926 Πληθύνων
1765 4857 2054 4924 πληθυνῶ

368 4942 478 5009 τὰς
500 4945 701 5011 λύπας
728 4938 846 5000 σου
886 4945 986 4999 καί
1026 4944 1131 4999 τὸν
1162 4947 1504 5015 στεναγμόν
1519 4959 1637 4998 σου
1662 4961 1675 4975 ο
1703 4944 1773 4998 ἐν
1829 4944 2053 5011 λύπαις

368 5033 514 5100 τέξῃ
534 5030 732 5088 τέκνα.
751 5033 863 5105 Τὴν
884 5033 1162 5097 ὑπόθεσιν,
1183 5034 1339 5105 φησὶ,
1352 5032 1453 5103 τῆς
1466 5031 1668 5102 πολλῆς
1688 5032 2051 5103 εὐφροσύνης,

367 5123 466 5176 καὶ
493 5121 603 5175 τῶν
633 5122 841 5177 τέκνων
889 5123 990 5196 τήν
1030 5124 1281 5195 διαδοχὴν
1316 5122 1424 5177 ἀπὸ
1467 5122 1644 5191 λύπης
1671 5120 1936 5192 ἄρχεσθαί
1970 5138 2051 5174 σοι

366 5209 800 5279 παρασκευάσω,
829 5211 918 5263 ἵνα
936 5211 1161 5283 διηνεκῆ
1186 5211 1315 5284 ἔχῃς
1341 5209 1436 5264 καὶ
1464 5209 1603 5279 αὐτὴ
1624 5208 1722 5280 τὴν
1746 5207 2053 5279 ὑπόμνησιν

363 5295 457 5349 διὰ
488 5289 599 5348 τῶν
626 5297 751 5350 καθ’
782 5297 1017 5352 ἕκαστον
1050 5300 1240 5371 καιρὸν
1269 5298 1495 5362 ὠδίνων,
1522 5297 1616 5350 καὶ
1653 5296 1761 5350 τῶν
1794 5296 2054 5368 λυπηρῶν

365 5382 477 5438 τῶν
504 5384 625 5438 καθ’
647 5386 885 5457 ἑκάστην
920 5387 1277 5458 τικτομένων,
1305 5386 1472 5439 πόσον
1496 5386 1597 5456 τῆς
1627 5385 1902 5456 ἁμαρτίας
1924 5384 2056 5438 ταύ-

365 5489 470 5543 της
502 5474 597 5527 καὶ
621 5475 721 5545 τῆς
753 5475 1043 5547 παρακοῆς
1071 5476 1133 5529 τὸ
1171 5474 1423 5547 μέγεθος,
1470 5473 1565 5528 καὶ
1613 5474 1688 5545 μὴ
1730 5472 1823 5527 τοῦ
1857 5473 2062 5545 χρόνου·

368 5561 650 5628 προϊόντος
698 5562 834 5635 λήθῃ
871 5562 1129 5635 παραδῴς
1166 5564 1227 5617 τὸ
1263 5562 1648 5635 γεγενημένον,
1697 5560 1811 5615 ἀλλ’
1858 5561 2054 5615 εἰδέναι

365 5646 500 5722 ἔχῃς
527 5649 603 5713 ὡς
626 5652 659 5721 ή
686 5651 868 5723 ἀπάτη
891 5652 1098 5706 τούτων
1121 5669 1204 5706 σοι
1233 5650 1405 5715 αἴτιος
1424 5650 1738 5721 γεγένηται.
1766 5649 1864 5703 Διὰ
1896 5648 2057 5704 τοῦτο

364 5737 705 5803 Πληθύνων
713 5736 1003 5807 πληθυνῶ
1017 5739 1122 5805 τὰς
1136 5740 1339 5806 λύπας
1348 5755 1466 5793 σου
1478 5737 1578 5793 καί
1595 5738 1705 5792 τὸν
1718 5738 2057 5808 στεναγμόν

364 5834 509 5873 σου’
524 5820 595 5872 ἐν
614 5823 839 5889 λύπαις
857 5820 1004 5890 τέξῃ
1015 5821 1216 5877 τέκνα.
1230 5822 1343 5885 Τὰς
1363 5821 1561 5886 ὠδῖνας
1573 5820 1808 5876 ἐνταῦθα
1821 5821 2057 5875 αἰνίττε-

365 5917 460 5955 ται
477 5901 574 5956 καὶ
593 5901 687 5956 τὸν
708 5903 875 5960 πολὺν
902 5905 1148 5976 κάματον
1172 5906 1402 5972 ἐκεῖνον,
1423 5904 1482 5960 ὃν
1498 5905 1789 5977 ὑπομένειν
1816 5906 2053 5978 ἀνάγκη,

436 6063 580 6134 [Sig
613 6064 772 6134 βαιῇ.
816 6072 870 6116 el
914 6068 1103 6134 aliquot
1148 6081 1265 6134 mgs.
1301 6066 1474 6134 ﬂore].
1504 6069 1812 6134 μτελοωμεν.
1883 6069 1911 6110 b
1939 6070 2054 6121 Mss.

371 6127 514 6177 multi
536 6132 589 6178 el
608 6127 811 6179 Coislin.
836 6127 1157 6186 καταδικάζω.
1183 6130 1352 6180 Morel.
1380 6127 1707 6181 καταδικασω.

1539 423 1608 481 IN
1641 423 1794 483 CAP.
1834 426 1903 483 HI
1936 427 2185 488 GENES.
2229 432 2466 493 IIOHIL.
2508 432 2672 516 ΧᾛΙ.

3748 433 3855 492 144

2158 552 2414 628 καθάπερ
2438 551 2657 625 φορτίον
2689 551 2747 605 ἐν
2775 552 2910 622 μησὶ
2936 550 3212 619 τοσούτοις
3237 554 3298 609 τὸ
3324 554 3524 627 βρέφος
3547 554 3842 627 βαστάζουι-

2162 650 2283 700 σαν,
2318 635 2414 687 καὶ
2434 633 2533 698 τάς
2559 633 2702 688 κατά
2724 633 2889 705 μέρος
2926 636 3204 706 φυομένας
3239 638 3490 693 ἐντεῦθεν
3517 638 3838 709 ἀλγηδόνας,

2159 715 2389 770 καὶτῶν
2427 715 2607 787 μελῶν
2630 715 2723 770 τὸν
2756 714 3124 788 διασπασμὸν,
3166 719 3262 773 καί
3295 720 3395 786 τὰς
3423 720 3615 785 ὀδύνας
3637 731 3661 759 θ
3693 716 3840 773 ἐκεί-

2156 815 2255 862 νας
2290 798 2390 862 τὰς
2426 799 2753 870 ἀφορήτους,
2794 799 2861 865 ἃς
2890 801 3096 856 ἐκεῖναι
3138 802 3299 875 μόναι
3333 802 3512 860 ἴσασιν
3541 805 3599 860 αἰ
3625 804 3715 859 διὰ
3739 802 3841 873 τῆς

2157 882 2355 955 πείρας
2376 881 2650 938 ἐλθοῦσαι.

2226 972 2297 1037 η’.
2318 965 2456 1018 Ἀλλ’
2488 968 2639 1038 ὅμως
2663 971 2933 1041 τοσαύτην
2958 969 2989 1022 ό
3020 970 3401 1043 φιλάνθρωπος
3424 971 3562 1035 Θεὸς
3598 971 3841 1041 παρέσχε

2159 1048 2298 1117 μετά
2324 1048 2434 1102 τῶν
2466 1049 2726 1122 λυπηρῶν
2750 1051 2848 1123 τὴν
2874 1053 3250 1124 παραμυθίαν,
3285 1053 3361 1118 ὡς
3386 1054 3673 1125 ἰσόρροπον
3701 1046 3839 1104 εἷναι

2155 1130 2254 1199 τὴν
2271 1130 2364 1184 διὰ
2383 1132 2446 1184 τὸ
2468 1132 2660 1203 τεχθὲν
2682 1133 2883 1205 βρέφος
2905 1136 3247 1208 εὐφροσύνην
3265 1137 3374 1190 τῶν
3394 1136 3597 1190 ὠδίνων
3615 1133 3841 1189 ἐκείνων

2154 1210 2264 1265 τῶν
2298 1212 2358 1267 ἐν
2388 1214 2666 1278 τοσούτοις
2692 1217 2831 1288 μησὶ
2857 1217 2957 1289 τὴν
2982 1219 3227 1291 γαστέρα
3259 1217 3668 1274 διακοπτουσῶν
3687 1216 3738 1272 ιι.
3772 1218 3840 1269 Δί

2155 1296 2266 1369 γὰρ
2306 1299 2562 1353 τοσοῦτον
2613 1301 2776 1354 πόνον
2826 1302 3218 1372 ὑπομένουσαι,
3255 1303 3350 1357 καὶ
3383 1302 3558 1367 οὕτως
3597 1301 3704 1357 ὑπὸ
3730 1301 3839 1354 τῶν

2157 1379 2467 1450 ἀλγηδόνων
2518 1383 2983 1454 σπαραττόμεναι,
3021 1385 3115 1438 καὶ
3156 1384 3234 1448 ὡς
3272 1385 3451 1438 εἰπεῖν
3490 1384 3629 1456 πρὸς
3667 1383 3841 1457 αὐτὴν

2155 1461 2253 1534 τὴν
2284 1459 2429 1536 ζωὴν
2472 1465 2937 1537 ἀπαγορεύουσαι,
2973 1469 3111 1538 μετά
3159 1468 3221 1522 τὸ
3257 1469 3436 1523 τεκεῖν
3476 1468 3697 1538 καὶτῆς
3730 1466 3841 1521 ἀπὸ

2156 1543 2266 1598 τῶν
2294 1547 2559 1618 καμάτων
2592 1549 2930 1621 εὐφροσύνης
2961 1550 3289 1616 ἀπολαῦσαι,
3318 1551 3480 1605 πάλιν
3504 1550 3695 1619 ὥσπερ
3720 1551 3842 1606 ἐπι-

2157 1627 2453 1700 λαθόμεναι
2489 1632 2600 1685 τῶν
2632 1633 3013 1705 γεγενημένων
3052 1635 3308 1689 ἁπάντων
3342 1632 3545 1697 ἐαυτάς
3570 1632 3840 1686 ἐκδιδόασι

2159 1713 2294 1782 πρὸς
2325 1715 2425 1786 τὴν
2458 1715 2567 1769 τῶν
2592 1715 2797 1771 τέκνων
2831 1717 3014 1788 γονὴν,
3048 1716 3143 1771 τοῦ
3171 1715 3555 1789 φιλανθρώπου
3586 1713 3720 1768 Θεοῦ
3751 1712 3843 1766 οὓ-

2155 1810 2263 1859 τως
2291 1798 2747 1869 υίκονομήσαντος
2779 1800 2916 1872 πρὸς
2962 1801 3221 1855 σύστασιν
3265 1799 3367 1870 τῆς
3392 1799 3501 1854 τῶν
3538 1795 3842 1868 ἀνθρώπων

2158 1878 2452 1950 σωτηρίας.
2489 1881 2553 1934 Ἦ
2581 1881 2691 1954 γὰρ
2713 1882 2868 1946 ἐλπὶς
2894 1882 2985 1937 ἀεὶ
3013 1887 3122 1937 τῶν
3147 1882 3449 1954 μελλόντων
3474 1880 3696 1950 ἀγαθῶν
3716 1879 3844 1934 κού-

2156 1977 2272 2029 φώς
2295 1965 2440 2016 ποιεῖ
2466 1964 2657 2036 φέρειν
2680 1965 2749 2019 τὰ
2777 1968 3021 2038 παρόντα
3049 1967 3289 2038 λυπηρά.
3320 1968 3431 2021 Καὶ
3456 1966 3616 2019 τοῦτο
3634 1965 3737 2018 ῖδοι
3758 1980 3843 2028 τις

2154 2044 2221 2099 ἂν
2255 2045 2350 2099 καί⁹
2376 2047 2505 2111 τοὺς
2536 2049 2813 2120 ἐμπόρους
2851 2050 3243 2121 ὑπομένοντας,
3286 2050 3378 2104 καὶ
3408 2048 3596 2121 μακρά
3627 2047 3841 2116 πελάγη

2154 2128 2548 2199 διαπερῶντας,
2579 2133 2676 2186 καὶ
2696 2133 2971 2203 ναυαγίων
3002 2134 3362 2204 ἀνεχομένους
3400 2133 3495 2187 καὶ
3524 2131 3839 2202 πειρατῶν,

2157 2211 2253 2267 καὶ
2291 2214 2431 2283 μετά
2455 2216 2581 2279 τοὺς
2617 2216 2846 2281 πολλοὺς
2874 2217 3153 2281 κινδύνους
3184 2216 3425 2281 ἐκείνους
3460 2215 3722 2278 πολλάκις
3746 2216 3843 2269 καὶ

2153 2297 2553 2369 διαμαρτόντας
2579 2303 2680 2372 τῆς
2707 2302 3052 2373 προσδοκίας,
3078 2304 3174 2357 καὶ
3203 2302 3337 2373 μηδέ
3366 2300 3541 2365 οὕτως
3568 2299 3844 2355 ἀποστάν-

2153 2397 2274 2446 τας,
2299 2381 2437 2436 ἀλλά
2471 2383 2634 2437 πάλιν
2665 2385 2776 2439 τῶν
2812 2385 2993 2439 αὐτῶν
3020 2387 3383 2457 ἁπτομένους.
3422 2384 3595 2439 Τοῦτο
3615 2383 3722 2457 καὶ
3750 2381 3845 2436 ἐπὶ

2154 2459 2261 2514 τῶν
2280 2461 2536 2531 γηπόνων
2565 2462 2712 2517 ἔστιν
2741 2466 2916 2519 εἰπεῖν
2947 2475 2993 2504 θ’
3025 2454 3179 2539 [145]
3201 2464 3295 2519 καί¹
3322 2463 3432 2535 τὰρ
3461 2463 3555 2517 καί
3580 2454 3725 2516 οὗτοι
3754 2460 3845 2515 ὅτε

2156 2539 2378 2610 βαθεῖαν
2429 2539 2641 2597 αὔλακα
2678 2543 3016 2615 ἀνατέμωσι,
3043 2544 3136 2598 καὶ
3168 2543 3368 2616 πολλὴν
3397 2542 3495 2615 τὴν
3528 2539 3845 2612 ἐπιμέλειαν

2153 2621 2253 2690 τῆς
2277 2619 2381 2690 γῆς
2414 2620 2808 2687 ἐπιδείξωνται,
2833 2622 2927 2676 καὶ
2961 2621 3159 2694 δαψιλῆ
3182 2623 3250 2676 τὰ
3274 2622 3568 2692 σπέρματα
3603 2618 3846 2672 καταϐά-

2154 2700 2309 2767 λωσι,
2348 2700 2611 2765 πολλάκις
2643 2700 2858 2773 αὐχμοῦ
2894 2702 3188 2774 γενομένου
3218 2702 3251 2773 ἢ
3280 2700 3609 2773 ἐπομϐρίας,
3638 2699 3673 2770 ῆ
3709 2698 3846 2769 πρὸς

2154 2780 2305 2850 αὐτῷ
2323 2780 2403 2851 τῷ
2433 2781 2575 2835 τέλει
2610 2782 2721 2835 τῶν
2738 2783 3069 2854 δραγμάτων
3108 2781 3372 2855 ἐρυσίϐης
3402 2778 3843 2849 κατενεχθείσης,

2154 2860 2253 2930 τῆς
2273 2858 2487 2922 ἐλπίδος
2510 2858 2830 2931 διήμαρτον·
2852 2861 2967 2914 ἀλλ’
2985 2861 3111 2915 ούδέ
3134 2860 3308 2924 οὕτως
3330 2859 3679 2929 ἀφίστανται,
3707 2855 3846 2910 ἀλλά

2156 2940 2320 2994 πάλιν
2342 2939 2435 2993 τοῦ
2461 2940 2657 3011 καιροῦ
2687 2940 3109 3006 καταλαϐόντος,
3136 2942 3399 2996 ἅπτονται
3426 2940 3530 3008 τῆς
3550 2937 3842 3008 γεωργίας.

2156 3020 2269 3075 Kal
2299 3018 2457 3073 τοῦτο
2498 3021 2583 3090 ἐφ’
2615 3020 2847 3073 ἑκάστου
2880 3018 3031 3090 εὖροι
3082 3037 3167 3083 τις
3199 3019 3265 3073 ἀν
3298 3015 3731 3090 ἐπιτηδεύματος
3755 3031 3845 3081 γι-

2155 3100 2401 3171 νόμενον.
2444 3100 2550 3154 Τὸν
2588 3100 2752 3154 αὐτὸν
2793 3101 2859 3173 δὴ
2907 3101 3106 3174 τρόπον
3150 3102 3242 3156 καὶ
3280 3103 3314 3172 ἡ
3355 3099 3495 3171 γυνὴ
3537 3098 3632 3152 καὶ
3664 3094 3843 3166 αὑτὴ(

2157 3179 2417 3245 πολλάκις
2462 3178 2602 3251 μετά
2632 3182 2759 3245 τοὺς
2793 3180 3023 3244 πολλοὺς
3059 3182 3234 3253 μῆνας
3261 3180 3528 3243 ἐκείνους,
3573 3175 3712 3249 μετά
3748 3175 3848 3238 τὰς

2155 3259 2352 3322 ὠδῖνας
2404 3258 2503 3321 τὰς
2544 3260 2874 3331 ἀφορήτους,
2913 3259 3049 3331 μετά
3086 3260 3185 3324 τὰς
3220 3260 3419 3325 νύκτας
3452 3258 3550 3323 τάς
3583 3257 3845 3319 ἀΰπνους,

2159 3340 2295 3412 μετά
2316 3340 2407 3394 τὸν
2427 3339 2536 3394 τῶν
2570 3340 2748 3410 μελῶν
2776 3342 3139 3411 διασπασμὸν,
3176 3343 3380 3413 μικρᾶς
3410 3357 3554 3403 τινος
3584 3338 3847 3410 περιστά-

2158 3442 2297 3488 σεως
2333 3422 2655 3495 γενομένης,
2687 3423 2794 3494 πρὸ
2827 3424 2921 3476 τοῦ
2952 3426 3322 3497 προσήκοντος
3354 3422 3546 3494 καιροῦ
3567 3424 3628 3475 τὸ
3649 3420 3851 3492 βρέφος

2156 3506 2420 3577 ὠθήσασα
2441 3504 2767 3576 ἀμόρφωτον
2799 3506 2893 3558 καὶ
2929 3504 3324 3565 ἀδιατύπωτον,
3352 3503 3385 3574 ἢ
3416 3500 3854 3574 μεμορφωμένου

2160 3586 2284 3656 μὲν,
2310 3586 2412 3639 οὐκ
2446 3585 2633 3655 ἀρτιον
2665 3582 2745 3648 δὲ,
2777 3584 2898 3637 ούδέ
2936 3584 3113 3653 ὑγιὲς,
3149 3584 3183 3654 ἢ
3219 3583 3316 3636 καὶ
3337 3582 3533 3652 νεκρὸν
3561 3580 3848 3644 πολλάκις,

2161 3665 2314 3737 μόλις
2342 3664 2433 3717 τὸν
2464 3663 2706 3729 κίνδυνον
2729 3663 2973 3733 διέφυγε,
3004 3664 3098 3718 καὶ
3126 3662 3274 3733 ὅμως
3300 3660 3491 3732 ὥσπερ
3521 3658 3851 3730 ἐπιλαθομέο

2157 3764 2222 3817 νη
2252 3744 2459 3799 τούτων
2495 3742 2772 3806 ἁπάντων,
2809 3742 2918 3796 τῶν
2954 3741 3135 3796 αὐτῶν
3164 3741 3439 3812 ἀνέχεται,
3477 3741 3573 3794 καὶ
3603 3740 3671 3794 τὰ
3709 3739 3851 3793 αὐτά

2157 3823 2443 3896 ὑπομένει.
2468 3823 2578 3877 Kal
2604 3821 2657 3875 τί
2698 3821 2843 3891 λέγω
2878 3821 2948 3875 τά
2984 3820 3157 3888 αὑτά;
3191 3821 3457 3883 Πολλάκις
3492 3818 3587 3873 καὶ
3627 3835 3854 3874 συναπο-

2159 3905 2343 3959 θανεῖν
2380 3903 2457 3974 τῷ
2494 3901 2740 3972 τεχθέντι
2780 3901 3004 3973 συνέϐη,
3039 3901 3135 3954 καὶ
3175 3900 3297 3954 ούδέ
3340 3900 3501 3953 τοῦτο
3527 3899 3627 3963 τὰς
3654 3898 3850 3961 λοιπὰς

2157 3984 2489 4055 ἐσωφρόνισε
2513 3983 2607 4036 καὶ
2633 3983 2889 4036 ἀνέπεισε
2910 3984 3101 4051 φυγεῖν
3118 3982 3145 4020 ε
3164 3980 3224 4034 τὸ
3245 3981 3497 4052 πρᾶγμα·
3521 3979 3792 4051 τοσαύτην
3823 3982 3851 4033 ὸ

2156 4068 2287 4130 Θεὸς
2326 4064 2727 4135 ἐγκατέσπειρε
2774 4066 2889 4126 τοῖς
2935 4063 3200 4133 λυπηροῖς
3232 4062 3331 4131 τὴν
3358 4060 3552 4132 ἡδονὴν
3591 4061 3728 4132 ὁμοῦ
3755 4062 3853 4116 καὶ

2148 4150 2257 4222 Δτὴν
2292 4146 2655 4221 εὐφροσύνην.
2683 4146 2783 4200 Διά
2806 4145 2967 4200 τοῦτο
2997 4144 3173 4215 ἐλεγε,
3200 4144 3538 4213 Πληθύνων
3557 4144 3851 4213 πληθυνῶ

2156 4234 2265 4299 τὰς
2277 4233 2479 4296 λύπας
2498 4245 2614 4284 σου
2635 4229 2734 4283 καί
2753 4228 2861 4283 τὸν
2874 4228 3215 4296 στεναγμόν
3229 4241 3366 4281 σου’
3385 4226 3455 4280 ἐν
3465 4226 3691 4291 λύπαις
3706 4225 3858 4295 τέξῃ

2160 4312 2364 4367 τέκνα.
2405 4308 2578 4363 Τοῦτο
2613 4308 2794 4362 τοίνυν
2832 4309 2928 4361 καὶ
2963 4310 2993 4362 ό
3051 4306 3286 4379 Χριστὸς
3321 4304 3703 4377 διαλεγόμενος
3739 4308 3852 4369 τοῖς

2161 4392 2431 4465 μαθηταῖς
2470 4390 2564 4443 καὶ
2596 4388 2812 4453 δεικνὺς
2841 4389 2937 4443 καὶ
2959 4388 3058 4459 τῆς
3077 4388 3268 4458 ὀδύνης
3290 4386 3353 4440 τὸ
3378 4386 3608 4465 μέγεθος
3632 4387 3727 4440 καὶ
3751 4386 3852 4455 τῆς

2156 4470 2497 4542 εὐφροσύνης
2520 4467 2618 4540 τὴν
2650 4467 2980 4540 ὑπερϐολὴν,
3000 4468 3206 4535 ἔλεγενο
3240 4467 3312 4521 Ἦ
3515 4464 3663 4519 ὅταν
3682 4466 3851 4530 τίκτῃ

2161 4540 2370 4614 λύπην
2399 4549 2546 4618 ἔχει,
2575 4548 2664 4601 ὅτι
2689 4547 2879 4615 ἦλθεν
2896 4548 2934 4615 ἡ
2957 4546 3083 4614 ὥρα
3105 4544 3296 4614 αὐτῆς
3314 4562 3327 4574 ·
3358 4540 3477 4598 εἶτα
3500 4543 3869 4615 παραστῆσαι.

2158 4633 2290 4702 ἡμῖν
2315 4627 2640 4699 βουλόμενος
2667 4626 2817 4689 ὅπως
2844 4624 2914 4678 τά
2939 4627 3037 4697 μὲν
3058 4625 3160 4695 τῆς
3183 4623 3360 4695 λύπης
3386 4622 3583 4694 ἀθρόον
3608 4621 3853 4702 ἐκποδὼν

2157 4701 2391 4780 γίνεται,
2430 4706 2499 4760 τὰ
2540 4706 2598 4760 δὲ
2628 4706 2729 4775 τῆς
2757 4708 2936 4777 χαρᾶς
2971 4706 3066 4759 καὶ
3101 4704 3205 4774 τῆς
3242 4702 3583 4775 εὐφροσύνης
3607 4701 3852 4771 διαδέχε-

2156 4807 2269 4850 ται,
2284 4805 2357 4858 φη
2366 4785 2470 4840 σίνο
2488 4785 2665 4840 Ὅταν
2682 4784 2751 4837 δὲ
2764 4782 3035 4853 γεννήσῃ
3053 4783 3120 4836 τὸ
3132 4781 3395 4843 παιδίον,
3408 4780 3608 4858 οὐκέτι
3623 4796 3853 4849 μνημο-

2153 4869 2316 4923 νεύει
2340 4857 2450 4934 τῆς
2472 4866 2735 4932 θλίψεως
2747 4862 2846 4917 διὰ
2856 4861 2974 4929 τὴν
2988 4859 3203 4930 χαρὰν,
3222 4858 3313 4914 ὅτι
3327 4857 3619 4929 ἐγεννήθη
3631 4858 3851 4926 ἅνθρω-

2154 4960 2265 5013 πος
2287 4948 2375 5011 είς
2406 4943 2515 4997 τὸν
2550 4941 2812 5010 κόσμον.
2842 4936 2996 5004 Εἶδες
3028 4940 3355 5010 κηδεμονίαν
3374 4936 3849 5008 ὑπερϐάλλουσαν;

2154 5020 2294 5088 εῖδες
2314 5020 2588 5099 τιμωρίαν
2603 5020 2884 5084 νουθεσίας
2905 5017 3375 5099 πεπληρωμένηνς
3405 5017 3508 5099 Ἐν
3520 5016 3745 5099 λύπαις
3767 5015 3852 5069 τέ-

2155 5105 2231 5173 ξῃ
2255 5104 2455 5158 τέκνα.
2473 5096 2624 5166 Εἶτα,
2638 5101 2795 5170 Πρὸς
2814 5099 2919 5153 τὸν
2934 5098 3124 5168 ἄνδρα
3140 5113 3256 5151 σου
3276 5098 3314 5164 ἡ
3336 5094 3690 5165 ἀποστροφή
3706 5112 3848 5154 σου.

2155 5183 2254 5237 καὶ
2272 5180 2457 5244 αὐτός
2467 5194 2584 5234 σου
2600 5178 2924 5247 κυριεύσει.
2940 5176 3242 5247 Μονονουχὶ
3255 5174 3524 5242 ἀπολογού
3534 5191 3692 5245 μενος
3714 5174 3861 5246 πρὸς,

2155 5260 2253 5332 τὴν
2272 5261 2511 5328 γυναῖκα
2523 5260 2551 5311 ό
2568 5256 2759 5327 φιλάνθ
2769 5274 2949 5330 ρωπος
2964 5255 3097 5321 Θεὸς
3109 5253 3281 5308 ταῦτά
3294 5270 3480 5324 φησιν,
3494 5254 3575 5307 ὅτι
3592 5252 3733 5323 Ἐγὼ
3749 5254 3849 5323 μὲν

2157 5339 2217 5405 ἐξ
2237 5339 2413 5409 ἀρχῆς
2433 5336 2694 5408 ὁμότιμόν
2716 5353 2778 5390 σε
2800 5334 3231 5407 ἐδημιούργησα,
3258 5333 3353 5387 καὶ
3372 5333 3469 5404 τῆς
3496 5334 3667 5405 αὐτῆς
3690 5333 3859 5400 ἀξίας

2155 5421 2215 5471 ἐν
2262 5417 2467 5472 ἀπασιν
2512 5414 2665 5486 αύτῷ
2710 5417 2989 5470 κοινωνεῖν
3034 5413 3369 5485 ἠϐουλήθην,
3411 5414 3507 5469 καὶ
3538 5413 3730 5484 ὥσπερ
3770 5414 3850 5483 τῷ

2159 5498 2340 5569 ἀνδρὶ,
2368 5496 2512 5551 οὕτω
2545 5496 2640 5548 καὶ
2670 5495 2754 5549 σοὶ
2784 5495 2883 5567 τὴν
2911 5495 3054 5549 κατά
3073 5494 3292 5548 πάντων
3316 5494 3492 5566 ἀρχὴν
3518 5494 3845 5565 ἐνεχείρισα⁸

2159 5577 2275 5632 ἀ).λῖ
2301 5575 2490 5646 ἐπειδὴ
2526 5575 2626 5627 οὐκ
2652 5574 2873 5645 ἐχρήσω
2898 5575 2979 5637 εἰς
3009 5573 3129 5627 δέον
3156 5575 3223 5644 τῇ
3251 5573 3533 5645 όμοτιμίᾳο
3569 5573 3657 5627 διὰ
3690 5572 3850 5629 τοῦτό

2166 5676 2227 5711 σε
2254 5655 2544 5710 ὑπο-τάττω
2562 5653 2640 5723 τῷ
2655 5653 2832 5724 ἀνδρὶ,
2864 5652 2973 5707 Καὶ
2994 5652 3145 5721 πρὸς
3165 5652 3271 5706 τὸν
3290 5651 3481 5721 ἄνδρα
3500 5667 3618 5707 σου
3639 5653 3678 5720 ἠ
3699 5652 3846 5705 ἀπο-

2158 5733 2393 5804 στροφή
2413 5747 2552 5792 σου.
2576 5731 2675 5785 καὶ
2696 5732 2882 5797 αὐτός
2901 5744 3020 5785 σου
3039 5731 3365 5798 κυριεύσει.
3384 5729 3601 5803 Ἐπειδὴ
3620 5728 3842 5783 καταλι-

2160 5815 2340 5871 ποῦσα
2367 5813 2460 5866 τὸν
2485 5810 2773 5882 ὁμότιμον,
2797 5809 3006 5868 καὶτὸν
3035 5810 3135 5882 τῆς
3166 5810 3336 5879 αὐτῆς
3368 5810 3450 5862 σοὶ
3482 5808 3699 5878 φύσεως
3726 5824 3842 5861 κοι-

2231 6013 2252 6041 ε
2277 6009 2418 6061 (τοιδ.
2444 6009 2527 6067 τὰς
2549 6008 2737 6065 ὠδῖνας.
2803 6004 2829 6045 δ
2855 6006 2939 6056 Sic
2961 6003 3073 6056 Sav.
3105 6003 3275 6067 Morel.
3316 6006 3371 6050 cl
3399 5998 3577 6067 110ml.
3601 6000 3836 6067 ὀριρῶη.

2164 6058 2539 6129 διακοπτόντωιῖ,
2562 6058 2721 6120 male:
2740 6068 2874 6118 Εοιτ.
2946 6069 2971 6097 ⁸
3005 6066 3210 6127 Quidam
3235 6077 3367 6130 ιιι-εδ.
3398 6062 3527 6111 ἰδεῖν.
3592 6058 3640 6130 _'
3665 6058 3837 6107 Ἀοτοί.

2166 6137 2199 6194 ἡ
2215 6136 2347 6197 γυνή.
2374 6136 2468 6184 Καὶ
2490 6125 2578 6198 γὰρ
2596 6133 2733 6190 αὐτή.
2803 6133 2829 6172 ι
2855 6125 3060 6191 Quidam
3084 6141 3199 6176 mss.
3225 6125 3456 6178 ἀνέστησε
3480 6125 3655 6182 φυγεῖν.
