4110 6422
371 365 473 420 1ιῦ

373 491 426 536 et
449 477 603 546 cujus
645 483 849 530 natura:
879 474 1178 545 particeps,
1216 479 1275 528 et
1303 481 1519 542 propter
1547 487 1707 542 quem
1734 469 1963 526 formata

376 589 465 640 es,
496 570 914 626 familiaritatem
945 583 1067 623 eum
1095 575 1345 636 serpente
1391 564 1530 620 mala
1558 565 1643 619 illa
1671 563 1840 619 bestia
1870 562 1966 617 ha-

379 665 504 718 bere
529 705 544 729 ,
582 669 648 718 et
677 661 794 732 ejus
820 660 1065 728 accipere
1092 658 1370 714 consilium
1398 656 1610 712 voluisti
1641 673 1654 709 :
1688 665 1970 726 propterea

379 755 602 824 posthac
629 752 702 807 illi
731 759 782 806 te
806 750 1055 819 subjieio,
1083 757 1138 804 et
1167 749 1316 804 illum
1342 747 1618 803 dominum
1649 754 1799 801 tuum
1825 761 1975 801 asse-

378 861 473 909 ro,
514 852 581 899 ut
625 843 767 898 illius
811 841 1016 897 scilicet
1057 839 1354 896 dominium
1399 853 1658 910 agnoscas
1701 855 1715 892 :
1756 847 1810 893 et
1851 837 1972 908 quia

380 935 655 992 nescivisti
704 935 1005 1004 imperare,
1054 932 1200 988 disce
1249 931 1387 987 bene
1437 947 1646 1002 parere.
1688 930 1769 984 Ad
1813 929 1975 984 virum

380 1028 528 1082 enim
561 1037 700 1080 tuum
724 1066 754 1093 ,_
775 1026 965 1096 inquit,
993 1025 1251 1078 conversio
1278 1034 1364 1077 tua
1385 1065 1401 1090 ,
1433 1033 1480 1078 et
1505 1023 1612 1093 ipse
1637 1021 1978 1077 dominabitur

382 1121 478 1172 sui.
511 1119 698 1174 Melius
726 1127 807 1173 est
836 1125 892 1171 ut
925 1125 980 1171 tu
1018 1117 1119 1171 sub
1147 1116 1238 1171 illo
1267 1115 1376 1181 sis,
1423 1125 1478 1172 et
1519 1115 1666 1170 illum
1701 1113 1976 1168 dominum

387 1211 608 1274 habeas,
655 1224 814 1280 quam
859 1209 1028 1264 libere
1073 1216 1128 1265 et
1167 1223 1289 1264 cum
1337 1216 1602 1279 potestate
1649 1207 1832 1262 vivens
1882 1222 1980 1276 per

385 1302 679 1372 prtecipitia
709 1300 914 1356 feraris.
941 1300 1075 1355 Nam
1104 1308 1159 1355 et
1187 1315 1326 1371 equo
1351 1301 1530 1355 utilius
1555 1309 1637 1355 est
1665 1301 1813 1356 freno
1842 1299 1975 1370 regi,

383 1404 441 1450 et
468 1395 766 1463 composite
792 1394 1077 1464 progredi,
1112 1409 1270 1465 quam
1299 1395 1416 1450 sine
1445 1394 1539 1449 illo
1569 1409 1663 1464 per
1688 1393 1979 1464 praecipitia

386 1485 536 1540 l'erri.
575 1487 755 1556 Itaque
783 1484 1130 1540 considerans
1157 1484 1283 1555 quid
1321 1483 1412 1539 tibi
1443 1485 1511 1540 sit
1539 1485 1666 1539 utile
1686 1526 1701 1551 ,
1730 1483 1796 1539 ad
1828 1484 1979 1538 illum

388 1592 442 1636 te
467 1580 664 1636 habere
685 1580 807 1634 volo
831 1578 1237 1642 conversionem
1264 1596 1276 1631 :
1304 1577 1442 1632 sicut
1461 1578 1703 1647 corporis
1723 1586 1804 1634 est
1820 1585 1983 1646 caput

383 1674 562 1745 sequi,
593 1682 648 1728 et
677 1672 972 1726 dominium
1001 1672 1120 1740 ejus
1139 1672 1378 1727 suaviter
1402 1686 1710 1742 agnoscere.
1736 1670 1862 1727 Seio
1887 1685 1983 1725 vos

384 1766 658 1820 dictorum
680 1764 836 1834 copia
865 1763 1070 1834 fatigari
1096 1780 1112 1830 ;
1139 1763 1234 1818 sed
1256 1763 1564 1818 excitemini
1590 1762 1982 1832 aliquantulum

384 1874 522 1922 oro,
551 1874 621 1914 ne
649 1856 1022 1928 imperfectum
1068 1856 1327 1927 judicium
1373 1856 1777 1927 relinquamus,
1811 1872 1984 1926 neque

386 1951 578 2006 relicto
620 1950 797 2004 adhuc
836 1949 1017 2018 judice
1054 1950 1280 2006 sedente
1308 1949 1644 2006 discedamus
1673 1968 1687 2005 :
1719 1950 1982 2021 siquidem

389 2041 561 2094 lerme
592 2040 658 2094 ad
689 2040 846 2094 linem
881 2041 1239 2110 pervenimus.

463 2132 517 2188 9.
557 2131 846 2187 Videamus
890 2133 1069 2203 itaque
1111 2133 1238 2203 quid
1280 2142 1401 2202 post
1441 2147 1742 2188 sermonem
1772 2131 1982 2186 mulieri

389 2224 629 2289 factum,
680 2225 797 2280 viro
842 2225 1024 2292 dicat,
1074 2237 1128 2281 et
1171 2241 1328 2297 quam
1381 2228 1454 2281 illi
1501 2241 1715 2297 poenam
1761 2225 1980 2295 inﬂigat.

397 2318 484 2372 17.
521 2317 647 2372 Adae
673 2327 840 2372 autem
869 2317 997 2372 dixit
1023 2334 1042 2372 :
1068 2319 1199 2386 Quia
1240 2319 1429 2372 audisti
1457 2335 1622 2373 vocem
1661 2318 1834 2373 uxoris
1868 2328 1988 2381 tum,

387 2420 438 2463 et
462 2411 727 2464 contedisti
763 2411 826 2464 de
855 2410 992 2481 ligno
1013 2453 1027 2476 ,
1075 2413 1139 2466 de
1181 2428 1281 2482 quo
1317 2411 1554 2465 mandavi
1584 2412 1672 2465 tibi
1695 2453 1712 2478 ,
1759 2421 1813 2464 ut
1839 2427 1902 2464 ea:
1928 2426 1987 2464 eo

391 2506 502 2558 solo
532 2521 631 2558 non
672 2505 926 2570 comedas,
971 2505 1036 2559 de
1078 2505 1170 2559 illo
1214 2507 1326 2575 ipso
1370 2506 1674 2567 comedlsti;
1719 2504 1988 2558 maledicta

393 2607 530 2649 terra
554 2595 606 2648 in
633 2596 870 2665 operibus
894 2597 1013 2650 tuis.
1044 2595 1111 2650 In
1133 2597 1374 2650 (erumnis
1398 2595 1628 2650 comedes
1655 2594 1799 2650 illaut
1823 2597 1988 2651 omni-

393 2687 488 2742 bus
511 2686 683 2740 diebus
703 2687 817 2742 vitta
837 2696 956 2741 tuae.
985 2686 1072 2742 18.
1098 2686 1293 2757 Spinas
1317 2695 1363 2742 et
1387 2685 1595 2740 tribulos
1616 2687 1705 2740 tibi
1724 2686 1984 2757 producet,

390 2789 443 2833 et
469 2778 698 2833 comedes
722 2779 913 2848 frenum
941 2779 1073 2850 agri.
1106 2777 1192 2833 i9.
1219 2777 1288 2832 In
1313 2777 1498 2832 sudore
1518 2779 1671 2849 faciei
1700 2789 1801 2833 tua:
1824 2795 1989 2833 vesce-

393 2871 465 2924 ris
496 2885 626 2940 pane
658 2878 744 2924 tuo
767 2911 783 2936 ,
831 2869 990 2924 donec
1033 2870 1297 2924 revertaris
1342 2877 1397 2922 tu
1439 2871 1492 2923 in
1523 2880 1740 2937 terram,
1783 2870 1848 2924 de
1888 2885 1988 2940 qua

392 2973 624 3033 sumptus
649 2979 700 3016 es
724 2978 744 3015 :
771 2963 893 3034 quia
922 2971 1056 3017 terra
1074 2980 1146 3030 es,
1179 2971 1224 3016 et
1249 2964 1302 3017 in
1330 2971 1516 3018 terram
1542 2963 1720 3018 abibis.
1753 2963 1986 3018 Plurima

390 3064 448 3109 et
480 3053 766 3109 ineﬂ'abilis
795 3055 959 3109 etiam
988 3054 1091 3108 hoc
1118 3055 1235 3109 loco
1263 3056 1562 3110 ostenditur
1588 3055 1797 3109 Domini
1823 3056 1837 3086 ¹
1862 3071 1987 3125 erga

395 3148 668 3202 hominem
701 3147 1032 3217 providentia
1063 3156 1115 3203 et
1141 3163 1267 3202 cura
1297 3165 1311 3201 :
1341 3147 1434 3202 sed
1463 3147 1739 3202 audiamus
1765 3147 1989 3216 diligen-

393 3252 478 3296 ter
526 3239 940 3309 unumquodque
983 3239 1271 3294 dictorum.
1302 3241 1430 3294 Atla:
1457 3251 1622 3293 autem
1652 3240 1781 3293 dixit
1810 3255 1827 3292 :
1856 3238 1990 3303 Quia

391 3333 584 3386 audisti
609 3348 778 3386 vocem
807 3332 976 3386 umoris
1002 3341 1119 3397 tuaz,
1148 3339 1194 3385 et
1219 3331 1479 3386 comedisti
1507 3333 1570 3384 de
1595 3333 1731 3401 ligno
1752 3373 1766 3397 ,
1800 3332 1861 3384 de
1888 3348 1988 3402 quo

396 3445 735 3499 praeceperant
779 3427 888 3492 tibi,
935 3436 990 3479 ut
1020 3444 1082 3480 ex
1109 3442 1167 3480 eo
1193 3427 1303 3481 solo
1349 3442 1449 3479 non
1491 3425 1756 3488 comedas,
1798 3425 1861 3478 de
1898 3425 1989 3480 illo

392 3523 508 3589 ipso
544 3520 824 3574 comrdisti.
858 3518 1158 3584 Quoniam,
1205 3518 1414 3588 inquit,
1461 3517 1660 3572 audisti
1706 3518 1986 3571 mulierem

393 3624 564 3679 tuam,
597 3622 652 3668 et
672 3612 954 3667 eomedisti
983 3612 1050 3666 de
1081 3612 1225 3682 ligno
1245 3653 1261 3678 ,
1307 3620 1360 3666 et
1385 3611 1667 3666 consilium
1696 3610 1838 3665 illius
1867 3625 1990 3666 meo

393 3707 651 3761 mandato
677 3706 845 3777 pluris
875 3704 1046 3761 fecisti
1067 3747 1082 3771 ,
1112 3715 1166 3761 et
1191 3705 1408 3760 noluisti
1437 3705 1506 3759 ab
1533 3704 1693 3760 unico
1721 3704 1822 3759 hoc
1848 3704 1990 3775 ligno

394 3799 687 3863 abstinere,
732 3797 801 3852 de
843 3811 949 3867 quo
978 3797 1096 3851 solo
1125 3797 1354 3867 prmcepi
1401 3796 1493 3851 tibi
1537 3811 1605 3851 ne
1633 3795 1987 3850 comedet-es:

395 3904 526 3944 num
568 3889 664 3944 tibi
713 3887 939 3959 praecepi
980 3897 1038 3943 ut
1078 3903 1108 3942 a
1155 3887 1336 3942 multis
1375 3885 1718 3942 abstineres?
1757 3886 1838 3942 Ab
1881 3902 1990 3940 uno

395 3981 536 4046 solo,
562 3989 618 4036 et
644 3995 817 4050 neque
845 3981 913 4035 ab
943 3979 1036 4034 illo
1064 3979 1364 4034 abstinuisti
1381 4019 1396 4044 ,
1423 3977 1518 4033 sed
1546 3977 1743 4033 oblitus
1769 3961 1988 4031 manda:

398 4083 865 4128 torummeorum
890 4114 905 4139 ,
956 4071 1168 4127 mulieri
1213 4069 1640 4139 obtemperasti:
1687 4069 1888 4124 ideirco
1930 4084 1990 4123 re

396 4167 512 4237 ipsa
541 4165 716 4222 disces
735 4206 751 4230 ,
779 4175 1033 4235 quantum
1064 4164 1263 4218 malum
1288 4163 1364 4219 sis
1398 4171 1668 4232 operatus.

454 4257 673 4324 _U:t:ores
699 4258 818 4310 viris
845 4272 1020 4324 parere
1047 4255 1246 4310 debent.
1274 4286 1344 4295 —
1372 4254 1602 4308 Audiam
1625 4253 1745 4318 viri,
1773 4253 1989 4308 audiant

393 4351 690 4416 mulieres,
721 4358 778 4403 et
805 4348 882 4402 illi
909 4347 1124 4419 quidem
1147 4390 1162 4414 ,
1194 4356 1251 4402 ut
1276 4363 1344 4402 ne
1371 4347 1546 4401 ferant
1569 4361 1663 4401 eas
1692 4347 1828 4400 mala
1855 4361 1990 4400 con-

395 4443 678 4508 sulentes;
719 4440 804 4495 ha:
846 4449 1045 4505 autem,
1093 4448 1151 4494 ut
1189 4454 1258 4494 ne
1287 4438 1409 4493 talia
1455 4438 1754 4492 consulant.
1785 4437 1916 4492 Nam
1945 4436 1991 4492 si

396 4535 492 4588 hic
518 4532 673 4601 culpa
705 4533 756 4586 in
787 4531 1063 4586 mulierem
1108 4530 1303 4600 rejects
1326 4571 1340 4596 ,
1373 4529 1572 4583 nullam
1602 4529 1808 4584 veniam
1841 4543 1990 4584 asse-

397 4634 598 4695 quutus
637 4631 756 4688 est,
802 4623 1012 4694 qualem
1057 4622 1177 4692 quis
1215 4620 1438 4676 haberet
1465 4621 1673 4675 veniam
1699 4662 1714 4687 ,
1760 4620 1990 4675 dicens:

400 4717 632 4785 Pr0pter
658 4730 876 4771 uxorem
907 4713 1011 4771 hoc
1035 4713 1222 4769 ethoc
1267 4713 1517 4783 peccavi,
1563 4721 1618 4768 et
1660 4712 1763 4767 hoc
1800 4721 1854 4767 et
1892 4711 1995 4766 hoc

400 4809 549 4864 ieci?
595 4807 670 4861 Ea
713 4809 858 4862 enim
885 4805 953 4861 de
994 4820 1154 4861 causa
1185 4804 1284 4860 sub
1315 4814 1400 4858 tua
1432 4813 1696 4873 potestate
1723 4802 1862 4858 facta
1889 4811 1990 4870 est,

401 4909 458 4954 ct
487 4899 738 4954 dominus
765 4899 884 4969 ejus
925 4897 1299 4967 pronuntiatus
1338 4910 1397 4950 es
1418 4937 1431 4960 ,
1467 4903 1524 4950 ut
1548 4896 1636 4950 illa
1665 4895 1758 4950 tibi
1786 4903 1988 4965 pareat,

400 5002 457 5048 et
490 5006 598 5046 non
635 4997 795 5060 caput
825 4989 984 5060 pedes
1025 4996 1296 5059 sequatur.
1330 4986 1523 5042 Verum
1554 5002 1659 5041 non
1698 5002 1820 5041 raro
1845 4987 1994 5042 vide-

405 5097 527 5137 mus
569 5082 894 5136 contrarium
938 5097 1036 5135 usu
1083 5081 1339 5147 evenire,
1383 5090 1438 5136 ut
1488 5081 1534 5135 is
1562 5078 1654 5150 qui
1683 5093 1782 5134 suo
1808 5081 1996 5136 ordine

402 5184 566 5245 Caput
592 5189 711 5230 esse
735 5175 978 5240 deberet,
1006 5189 1178 5243 neque
1206 5173 1398 5243 pedum
1423 5172 1668 5228 ordinem
1693 5181 1870 5228 servet
1898 5191 1910 5225 :
1941 5183 1996 5228 et

393 5281 464 5321 ea
514 5283 636 5334 qua:
665 5267 720 5320 in
762 5265 960 5335 pedum
1008 5266 1128 5320 loco
1171 5274 1272 5330 est,
1318 5266 1370 5319 in
1415 5273 1574 5334 caput
1616 5265 1993 5318 constituatur.

391 5358 603 5416 idcirco
639 5365 697 5410 et
734 5356 923 5412 beatus
952 5356 1152 5410 Paulus
1195 5356 1451 5426 magister
1487 5355 1634 5410 orbis
1679 5355 1791 5409 haec
1816 5355 1995 5408 on‘mia

395 5449 700 5524 pravidens
727 5490 744 5515 ,
778 5447 1044 5502 clamabat
1069 5463 1082 5499 :
1113 5445 1260 5502 Unde
1288 5462 1505 5516 namque
1531 5445 1629 5500 scis
1672 5445 1856 5498 mulier
1883 5487 1898 5512 ,
1929 5462 1997 5499 an

398 5535 570 5586 virum
601 5535 678 5588 sis
712 5539 972 5601 salvatura
994 5539 1019 5591 ?
1061 5547 1152 5591 aut
1180 5537 1264 5604 qui
1307 5538 1406 5590 scis
1435 5539 1509 5590 vir
1530 5577 1547 5603 ,
1593 5554 1658 5590 an
1686 5552 1895 5614 uxorem
1927 5537 1997 5591 sis

397 5627 704 5685 salvaturus
737 5631 817 5698 (l.
844 5632 962 5686 Cor.
993 5632 1046 5684 7.
1079 5629 1147 5685 16
1167 5628 1232 5700 )?
1262 5627 1642 5684 Verumtamen
1669 5627 1764 5681 viri
1791 5637 1908 5694 est,
1941 5637 1997 5682 ut

469 5823 485 5852 ι
507 5817 564 5869 ιη
587 5816 878 5876 quibusdam
898 5816 1014 5870 Mss.
1032 5830 1145 5878 vos,
1161 5809 1354 5864 Domini
1378 5807 1484 5872 (τοῦ
1515 5809 1980 5874 Δεσπότου),ᾱυεει.

1476 354 1541 411 lN
1579 354 1733 412 CAP.
1773 353 1863 410 lli.
1902 351 2146 411 GENES.
2191 349 2418 406 ilOMIL.
2460 349 2622 408 XVII.

3559 352 3665 407 ΠΒ

2081 467 2319 538 diligenti
2368 481 2531 536 opera
2581 467 2721 522 male
2765 466 3135 523 consulentem
3179 466 3445 539 repellat.
3473 469 3666 524 mulier

2082 575 2208 614 vero
2239 574 2452 629 semper
2495 559 2547 614 in
2582 559 2841 614 memoria
2869 559 3096 614 retinent
3124 560 3442 629 supplicium
3468 601 3482 626 ,
3525 562 3668 628 quod

2083 651 2209 705 Eva:
2247 651 2536 721 irrogatam
2568 659 2682 714 est,
2729 666 2847 721 qua:
2892 649 3197 720 pestiferum
3229 651 3359 706 illud
3387 651 3668 707 consilium

2082 743 2197 797 viro
2227 749 2562 812 suggesserat
2596 759 2609 796 :
2643 757 2712 797 ne
2753 741 2950 797 audeat
2981 742 3100 796 talia
3131 742 3416 798 consulere
3439 784 3455 810 ,
3500 757 3673 814 neque

2081 832 2319 888 imitetur
2358 830 2525 887 Evam
2557 851 2569 887 :
2601 832 2698 888 sed
2743 833 2883 889 illius
2929 835 3174 903 exemplo
3205 835 3517 903 prudentior
3557 834 3670 900 liat,

2084 934 2137 980 et
2168 925 2291 979 talia
2319 925 2582 989 consulat,
2609 941 2728 995 quae
2755 925 2926 996 ipsam
2955 933 3009 980 ct
3035 925 3206 980 virum
3239 926 3381 980 omni
3413 925 3674 996 supplicio

2085 1018 2370 1073 liberatura
2417 1017 2542 1071 sint.
2577 1017 2743 1072 Porro
2772 1017 2839 1072 ad
2873 1018 3170 1072 institutum
3217 1018 3517 1072 redeamus.
3553 1017 3678 1070 Atla:

2084 1118 2250 1162 autem
2278 1109 2404 1162 dixit
2437 1107 2574 1164 Deus
2611 1125 2629 1163 :
2660 1109 2794 1177 Quia
2837 1109 3026 1163 audisti
3056 1125 3222 1162 vocem
3266 1109 3437 1163 uxoris
3468 1117 3599 1174 tute,
3633 1119 3680 1162 et

2085 1200 2345 1256 comedisti
2373 1202 2436 1254 de
2481 1201 2618 1270 ligno
2640 1243 2656 1266 ,
2703 1200 2764 1255 de
2791 1218 2890 1271 quo
2918 1201 3136 1271 prazcepi
3180 1199 3269 1254 tibi
3305 1200 3369 1254 de
3394 1216 3452 1255 eo
3481 1199 3590 1253 solo
3622 1216 3682 1253 ne

2086 1291 2406 1356 comederes,
2450 1291 2516 1347 de
2559 1293 2649 1346 illo
2693 1293 2804 1362 ipso
2834 1291 3112 1346 comedisti.
3155 1291 3440 1360 Quoniam,
3488 1291 3680 1361 inquit,

2089 1393 2196 1440 tam
2223 1386 2497 1456 negligens
2523 1385 2668 1440 luisti
2699 1386 2750 1441 in
2776 1384 3107 1440 observando
3137 1383 3387 1439 mandato
3413 1399 3556 1451 meo,
3588 1399 3682 1437 ne-

2086 1492 2192 1548 que
2222 1477 2382 1532 timor
2411 1486 2462 1532 te
2480 1479 2747 1544 coercuit,
2779 1493 2949 1548 neque
2979 1467 3290 1546 prsccedens
3318 1475 3682 1530 interminum

2089 1570 2408 1625 calamitatis
2439 1585 2587 1626 esum
2637 1578 3048 1638 consequuturze
3081 1569 3173 1624 tibi
3219 1567 3506 1639 quidquam
3555 1582 3680 1637 pro-

2089 1662 2208 1730 l‘uit,
2236 1664 2332 1719 sed
2359 1663 2410 1718 in
2443 1672 2643 1718 tantam
2673 1663 2961 1734 nequitiam
2987 1661 3302 1734 pervenisti,
3336 1669 3392 1716 ut
3417 1674 3592 1730 neque
3616 1658 3683 1714 ab

2092 1755 2250 1810 unico
2276 1755 2378 1812 hoc
2407 1756 2551 1826 ligno
2578 1755 2669 1812 tibi
2701 1757 3104 1826 temperaveris,
3135 1755 3347 1811 tametsi
3373 1762 3452 1809 tot
3480 1763 3533 1809 et
3564 1763 3683 1808 tan—

2091 1847 2160 1902 tis
2191 1846 2286 1900 tibi
2315 1846 2418 1901 l'rui
2448 1847 2632 1903 liceret
2662 1866 2676 1902 :
2710 1848 2832 1904 ideo
2859 1847 3133 1902 Maledicta
3158 1848 3251 1902 erit
3279 1858 3413 1902 terra
3440 1846 3491 1900 in
3519 1836 3688 1915 operi-

2092 1939 2182 1992 bus
2223 1939 2343 1992 tuis.
2384 1939 2512 1995 Vide
2558 1939 2938 2011 benignitatem
2969 1940 3216 2005 Domini,
3263 1938 3532 2010 quomodo
3572 1953 3686 1993 ser-

2094 2039 2305 2099 pentem
2337 2033 2527 2101 punit,
2577 2032 2845 2102 quomodo
2892 2033 3020 2088 item
3067 2041 3122 2087 et
3171 2031 3431 2086 rationale
3466 2030 3679 2084 animal.

2091 2121 2169 2176 llli
2219 2123 2362 2178 enim
2405 2122 2539 2178 dixit
2572 2143 2584 2177 :
2616 2123 2922 2177 Malcdictus
2965 2132 3019 2176 tu
3061 2124 3124 2177 de
3162 2131 3296 2176 terra
3333 2138 3352 2175 :
3383 2121 3468 2176 hic
3506 2129 3686 2174 autem

2093 2231 2198 2269 non
2228 2215 2342 2280 sic;
2392 2214 2487 2270 sed
2514 2214 2684 2285 quid?
2713 2214 2991 2268 Maledicta
3031 2223 3164 2268 terra
3202 2214 3256 2267 in
3283 2211 3518 2284 operibus
3561 2212 3681 2267 tuis.

2094 2305 2160 2360 Et
2190 2305 2403 2360 merito.
2435 2305 2566 2360 Nam
2597 2307 2720 2376 quia
2753 2314 2970 2376 propter
2992 2304 3263 2361 hominem
3293 2303 3548 2374 producta
3579 2311 3683 2366 est,

2092 2407 2152 2452 ut
2181 2399 2271 2453 ille
2321 2407 2501 2468 posset
2548 2397 2650 2452 l‘rui
2705 2399 2767 2454 iis
2800 2413 2920 2468 quae
2969 2413 3036 2452 ex
3087 2412 3151 2452 ea
3197 2403 3532 2451 nascuntur:
3567 2394 3687 2449 ideo

2094 2489 2286 2543 iterum
2336 2498 2552 2559 propter
2596 2489 2868 2544 hominem
2919 2495 3226 2559 peccantem
3271 2486 3609 2542 maledictum
3639 2485 3688 2540 ci

2095 2579 2293 2634 inditur
2327 2581 2494 2651 :quia
2539 2580 2880 2636 maledictum
2923 2589 3081 2634 terra;
3119 2578 3408 2645 eveniens,
3455 2575 3689 2631 hominis

2092 2673 2367 2727 securitati
2398 2682 2452 2728 et
2480 2673 2647 2742 quieti
2673 2673 2848 2738 obest,
2886 2671 3162 2726 Maledicta
3182 2712 3196 2735 ,
3229 2671 3437 2740 inquit,
3475 2678 3609 2723 terra
3635 2669 3687 2723 in

2093 2764 2326 2835 operibus
2357 2765 2474 2818 tuis.
2509 2763 2644 2817 Exin
2677 2772 2733 2818 ut
2772 2762 3042 2818 discamus
3085 2761 3212 2832 quid
3242 2761 3351 2828 sit,
3390 2759 3686 2821 Maledicta,

2094 2854 2272 2908 subdit
2301 2872 2314 2906 :
2340 2852 2406 2908 In
2436 2853 2692 2906 doloribus
2720 2852 2951 2907 comedes
2979 2869 3092 2906 eam
3117 2851 3347 2906 omnibus
3376 2849 3550 2904 diebus
3575 2850 3688 2903 vita:

2093 2954 2214 3000 true.
2242 2946 2370 2999 Vide
2393 2960 2820 3015 unamquamque
2842 2959 3054 3014 pmnam
3081 2945 3134 2998 in
3164 2942 3360 2998 smcula
3382 2941 3685 3005 durantem,

2095 3048 2152 3094 ut
2182 3055 2285 3094 non
2319 3039 2490 3094 Solum
2532 3037 2637 3093 illis
2667 3037 2718 3092 id
2748 3037 2876 3091 utile
2906 3037 3006 3101 sit,
3052 3033 3145 3090 sed
3175 3043 3230 3089 et
3257 3034 3455 3103 pastori
3497 3032 3687 3088 iisdem

2094 3130 2254 3185 rebus
2281 3129 2607 3196 doceantur,
2642 3127 2782 3182 unde
2825 3127 2930 3183 illis
2978 3126 3095 3181 hazc
3131 3124 3390 3195 supplicia
3436 3132 3560 3178 sunt
3605 3122 3679 3177 in-

2094 3233 2246 3279 vecta
2280 3242 2295 3278 :
2333 3222 2400 3277 In
2443 3221 2738 3290 doloribus,
2787 3220 2988 3291 inquit,
3033 3218 3262 3274 comedas
3304 3232 3415 3270 eam
3458 3214 3686 3269 omnibus

2094 3317 2268 3371 diebus
2295 3317 2410 3370 vita:
2437 3325 2556 3369 tum.
2603 3311 2794 3368 Postea
2840 3311 3146 3383 diligentius
3175 3309 3374 3363 docens
3417 3306 3685 3360 maledicti

2094 3408 2328 3479 speciem
2356 3416 2410 3464 et
2437 3407 2640 3463 doloris
2668 3421 2907 3472 causam,
2938 3402 3117 3459 subdit
3145 3419 3158 3455 :
3187 3401 3379 3471 Spinas
3405 3408 3450 3452 et
3477 3397 3687 3452 tribulos

2099 3499 2185 3554 tibi
2215 3500 2476 3570 producet.
2507 3497 2649 3553 Ecce
2675 3495 2941 3551 maledicti
2982 3495 3328 3550 monimenta.
3361 3491 3572 3561 Spinas,
3603 3489 3687 3543 in-

2094 3592 2209 3661 quit
2234 3633 2248 3658 ,
2279 3600 2334 3646 et
2361 3589 2588 3645 tribulos
2628 3586 2864 3658 proferet
2902 3595 3042 3642 terra
3072 3603 3085 3639 :
3119 3587 3298 3655 itaque
3325 3582 3506 3637 multis
3537 3581 3687 3635 labo-

2095 3684 2240 3739 ribus
2270 3692 2322 3737 et
2351 3682 2606 3738 aerumnis
2643 3680 2972 3751 operandum
3015 3677 3151 3743 tibi,
3182 3686 3236 3732 et
3261 3675 3406 3729 omni
3449 3684 3690 3742 tempore

2095 3790 2216 3830 cum
2249 3774 2457 3828 tristitia
2495 3776 2672 3829 vivere
2716 3780 2768 3827 te
2811 3770 3041 3836 curabo,
3088 3779 3146 3823 ut
3191 3766 3295 3822 hoc
3339 3764 3436 3820 tibi
3483 3766 3687 3820 [renum

2096 3865 2185 3929 sit,
2216 3880 2282 3918 ne
2309 3864 2434 3934 quid
2461 3879 2621 3934 supra
2644 3862 2956 3933 dignitatem
2986 3860 3054 3915 de
3086 3868 3136 3914 te
3161 3857 3360 3913 sentias
3390 3875 3404 3911 :
3435 3855 3530 3911 sed
3557 3869 3688 3909 con-

2097 3959 2245 4013 tinuo
2275 3958 2478 4027 cogites
2508 3967 2651 4010 tuam
2703 3955 2869 4025 ipsius
2910 3951 3260 4007 substantiam
3287 3990 3302 4014 ,
3351 3962 3521 4014 neque
3550 3946 3690 3999 feras

2097 4060 2155 4104 ut
2183 4049 2406 4121 posthac
2437 4049 2516 4102 sic
2539 4047 2843 4114 decipiaris.
2877 4043 2943 4097 Et
2973 4040 3200 4096 comedes
3225 4043 3415 4110 fanum
3443 4037 3574 4107 agri.
3621 4035 3688 4088 In

2097 4143 2285 4197 sudore
2321 4140 2470 4210 faciei
2495 4149 2596 4192 tuae
2625 4137 2834 4190 vesceris
2873 4150 3004 4204 pane
3030 4142 3136 4186 tuo.
3175 4127 3553 4185 Animadverte
3581 4142 3687 4196 quo

2095 4243 2251 4303 pacto
2281 4240 2402 4300 post
2441 4227 2855 4284 inobedientiam
2883 4224 3064 4280 omnia
3107 4219 3432 4290 contigerint
3474 4225 3686 4272 contra-

2092 4326 2170 4379 ria
2206 4323 2368 4393 priori
2397 4323 2518 4377 vita:
2547 4318 2862 4376 conditioni.
2895 4317 3006 4386 Ego
3032 4313 3245 4382 quidem
3267 4353 3284 4380 ,
3322 4311 3491 4382 inquit
3517 4351 3534 4377 ,
3566 4323 3690 4364 cum

2097 4415 2150 4470 in
2183 4416 2326 4470 hunc
2355 4423 2406 4470 te
2437 4412 2693 4468 mundum
2726 4408 2973 4480 produxi,
2997 4405 3243 4460 volebam
3271 4411 3325 4458 te
3344 4401 3536 4472 degere
3565 4399 3692 4454 abs-

2097 4522 2200 4576 que
2227 4504 2522 4570 doloribus,
2551 4501 2825 4557 laboribus
2842 4542 2855 4562 ,
2884 4497 3170 4554 sudoribus
3191 4536 3206 4562 ,
3233 4503 3286 4550 et
3314 4491 3568 4548 :crumnis
3591 4532 3606 4557 ,
3638 4498 3692 4544 et

2099 4597 2245 4652 omni
2285 4597 2540 4652 felicitate
2577 4593 2702 4659 frui,
2745 4605 2918 4661 neque
2962 4586 3331 4659 corporalibus
3359 4581 3692 4640 necessitati-

2100 4689 2198 4744 bus
2225 4686 2516 4744 obnosium
2556 4698 2710 4751 esse,
2744 4681 2837 4738 sed
2866 4679 2933 4734 ab
2957 4676 3208 4734 erunibus
3239 4675 3345 4730 illis
3379 4687 3601 4727 vacuum
3637 4671 3690 4723 in

2099 4779 2244 4834 omni
2294 4777 2539 4832 libertate
2582 4773 2802 4829 versari.
2849 4769 2983 4837 Quia
3021 4782 3150 4823 vero
3196 4780 3302 4820 non
3348 4762 3548 4832 proluit
3598 4759 3689 4814 tibi

2103 4879 2248 4925 tanta
2279 4871 2557 4930 securitas,
2587 4873 2872 4932 eapropter
2898 4870 2953 4915 et
2975 4868 3136 4914 terra:
3163 4853 3499 4917 maledicam,
3535 4851 3602 4904 ita
3636 4860 3693 4904 ut

2099 4965 2303 5034 absque
2331 4961 2538 5015 satione
2563 4967 2616 5012 et
2644 4957 2885 5012 aratione
2909 4968 3016 5007 non
3056 4948 3280 5020 proferat
3311 4960 3438 5000 suos
3468 4944 3691 5006 fructus,

2101 5057 2238 5111 sicut
2265 5060 2421 5107 antea
2453 5067 2467 5102 :
2500 5049 2595 5105 sed
2625 5057 2679 5102 et
2705 5061 2828 5102 cum
2859 5046 3030 5099 multo
3070 5040 3251 5095 labore
3272 5078 3288 5104 ,
3317 5034 3576 5090 molestiis
3597 5072 3612 5096 ,
3637 5038 3694 5086 et

2102 5147 2380 5211 aerumnis,
2403 5143 2632 5198 alliciam
2657 5150 2710 5195 te
2733 5136 3029 5201 doloribus,
3057 5143 3110 5188 et
3130 5128 3403 5186 continuis
3425 5125 3693 5196 fatigatio-

2104 5243 2260 5296 nibus
2289 5257 2301 5294 :
2333 5235 2563 5293 efﬁciam
2595 5235 2721 5289 item
2748 5240 2809 5287 ut
2837 5228 2967 5284 nihil
3005 5236 3322 5298 promoveas
3357 5219 3560 5289 absque
3598 5233 3693 5274 su-

2101 5334 2357 5398 doribus;
2406 5339 2465 5384 ut
2513 5329 2598 5383 his
2640 5325 2991 5385 exercitatus,
3036 5324 3350 5390 perpetuam
3394 5312 3693 5368 doctrinam

2105 5426 2301 5482 habeas
2321 5423 2561 5480 modeste
2573 5419 2786 5492 agendi,
2807 5426 3054 5482 tuamque
3089 5411 3252 5480 ipsius
3275 5416 3518 5462 naturam
3537 5418 3694 5474 agno-

2103 5518 2308 5574 scendi.
2339 5515 2526 5585 Neque
2545 5513 2651 5568 hoc
2675 5510 2742 5566 ad
2765 5507 3031 5564 modicum
3050 5511 3110 5559 et
3139 5501 3299 5584 bre'te
3331 5509 3540 5569 tempus
3569 5495 3693 5556 erit,

2103 5610 2196 5666 sed
2223 5608 2368 5665 omni
2401 5617 2638 5677 tempore
2657 5603 2783 5658 vitae
2803 5597 3017 5654 durabit
3042 5615 3055 5651 :
3085 5594 3144 5648 ln
3169 5591 3354 5649 sudore
3377 5591 3518 5645 enim
3547 5587 3694 5657 faciei

2104 5717 2205 5761 tua:
2229 5702 2439 5759 vesceris
2481 5714 2611 5771 pane
2640 5708 2726 5752 tuo
2747 5738 2762 5764 ,
2793 5695 2950 5748 donec
2995 5687 3258 5745 revertaris
3304 5694 3357 5737 tu
3388 5684 3441 5736 in
3482 5691 3692 5741 terram,

2103 5803 2168 5857 de
2204 5818 2301 5868 (tua
2327 5810 2557 5870 sumptus
2594 5814 2646 5855 es
2670 5811 2690 5853 .'
2715 5794 2834 5865 quia
2863 5801 2998 5847 terra
3018 5803 3074 5842 es
3095 5827 3114 5852 ,
3149 5793 3197 5839 et
3220 5782 3272 5836 in
3297 5790 3484 5834 terram
3507 5771 3685 5827 abibis.
