  <div class='ocr_page' id='page_1' title='image "/cluster/home/n/w/nwhite01/storage/ocr_20150623/53:no.4:pt.1/coo.31924054869536/147.png"; bbox 0 0 4110 6430; ppageno 0'>
   <div class='ocr_carea' id='block_1_1' title="bbox 415 373 518 428">
    <p class='ocr_par' dir='ltr' id='par_1_1' title="bbox 415 373 518 428">
     <span class='ocr_line' id='line_1_1' title="bbox 415 373 518 428; baseline 0 -1"><span class='ocrx_word' id='word_1_1' title='bbox 415 373 518 428; x_wconf 72' lang='grc'><strong>117</strong></span> 
     </span>
    </p>
   </div>
   <div class='ocr_carea' id='block_1_2' title="bbox 414 485 1998 559">
    <p class='ocr_par' dir='ltr' id='par_1_2' title="bbox 414 485 1998 559">
     <span class='ocr_line' id='line_1_2' title="bbox 414 485 1998 559; baseline 0.001 -20"><span class='ocrx_word' id='word_1_2' title='bbox 414 485 536 540; x_wconf 73' lang='lat' dir='ltr'><strong>llrc</strong></span> <span class='ocrx_word' id='word_1_3' title='bbox 566 487 851 542; x_wconf 78' lang='lat' dir='ltr'><strong>sustinebis</strong></span> <span class='ocrx_word' id='word_1_4' title='bbox 882 503 1049 559; x_wconf 85' lang='lat' dir='ltr'><strong>usque</strong></span> <span class='ocrx_word' id='word_1_5' title='bbox 1080 489 1144 544; x_wconf 89' lang='lat' dir='ltr'><strong>ad</strong></span> <span class='ocrx_word' id='word_1_6' title='bbox 1178 490 1335 545; x_wconf 90' lang='lat' dir='ltr'><strong>ﬁnem</strong></span> <span class='ocrx_word' id='word_1_7' title='bbox 1366 491 1487 545; x_wconf 80' lang='lat' dir='ltr'><strong>vitae</strong></span> <span class='ocrx_word' id='word_1_8' title='bbox 1519 500 1642 553; x_wconf 85' lang='lat' dir='ltr'><strong>tuae,</strong></span> <span class='ocrx_word' id='word_1_9' title='bbox 1671 501 1723 545; x_wconf 88' lang='lat' dir='ltr'><strong>et</strong></span> <span class='ocrx_word' id='word_1_10' title='bbox 1749 489 1919 546; x_wconf 90' lang='lat' dir='ltr'><strong>donec</strong></span> <span class='ocrx_word' id='word_1_11' title='bbox 1947 489 1998 542; x_wconf 89' lang='lat' dir='ltr'><strong>in</strong></span> 
     </span>
    </p>
   </div>
   <div class='ocr_carea' id='block_1_3' title="bbox 415 577 2001 650">
    <p class='ocr_par' dir='ltr' id='par_1_3' title="bbox 415 577 2001 650">
     <span class='ocr_line' id='line_1_3' title="bbox 415 577 2001 650; baseline 0.003 -21"><span class='ocrx_word' id='word_1_12' title='bbox 415 577 557 632; x_wconf 74' lang='lat' dir='ltr'><strong>illam</strong></span> <span class='ocrx_word' id='word_1_13' title='bbox 591 580 870 636; x_wconf 86' lang='lat' dir='ltr'><strong>resolvaris</strong></span> <span class='ocrx_word' id='word_1_14' title='bbox 898 623 911 646; x_wconf 95' lang='lat'><strong>,</strong></span> <span class='ocrx_word' id='word_1_15' title='bbox 946 597 1009 637; x_wconf 81' lang='lat' dir='ltr'><strong>ex</strong></span> <span class='ocrx_word' id='word_1_16' title='bbox 1041 597 1142 650; x_wconf 90' lang='lat' dir='ltr'><strong>qua</strong></span> <span class='ocrx_word' id='word_1_17' title='bbox 1189 582 1444 637; x_wconf 86' lang='lat' dir='ltr'><strong>formatus</strong></span> <span class='ocrx_word' id='word_1_18' title='bbox 1471 596 1548 637; x_wconf 90' lang='lat' dir='ltr'><strong>es.</strong></span> <span class='ocrx_word' id='word_1_19' title='bbox 1592 581 1722 636; x_wconf 83' lang='lat' dir='ltr'><strong>Nam</strong></span> <span class='ocrx_word' id='word_1_20' title='bbox 1759 579 2001 650; x_wconf 80' lang='lat' dir='ltr'><strong>quamvis</strong></span> 
     </span>
    </p>
   </div>
   <div class='ocr_carea' id='block_1_4' title="bbox 417 669 1996 739">
    <p class='ocr_par' dir='ltr' id='par_1_4' title="bbox 417 669 1996 739">
     <span class='ocr_line' id='line_1_4' title="bbox 417 669 1996 739; baseline 0.002 -18"><span class='ocrx_word' id='word_1_21' title='bbox 417 669 508 722; x_wconf 86' lang='lat' dir='ltr'><strong>tibi</strong></span> <span class='ocrx_word' id='word_1_22' title='bbox 541 671 781 739; x_wconf 85' lang='lat' dir='ltr'><strong>corporis</strong></span> <span class='ocrx_word' id='word_1_23' title='bbox 807 672 1046 727; x_wconf 86' lang='lat' dir='ltr'><strong>dederim</strong></span> <span class='ocrx_word' id='word_1_24' title='bbox 1088 683 1329 728; x_wconf 85' lang='lat' dir='ltr'><strong>naturam</strong></span> <span class='ocrx_word' id='word_1_25' title='bbox 1370 675 1439 729; x_wconf 91' lang='lat' dir='ltr'><strong>ob</strong></span> <span class='ocrx_word' id='word_1_26' title='bbox 1466 689 1638 728; x_wconf 89' lang='lat' dir='ltr'><strong>meam</strong></span> <span class='ocrx_word' id='word_1_27' title='bbox 1685 673 1996 736; x_wconf 76' lang='lat' dir='ltr'><strong>bonitatem,</strong></span> 
     </span>
    </p>
   </div>
   <div class='ocr_carea' id='block_1_5' title="bbox 415 761 2000 836">
    <p class='ocr_par' dir='ltr' id='par_1_5' title="bbox 415 761 2000 836">
     <span class='ocr_line' id='line_1_5' title="bbox 415 761 2000 836; baseline 0.003 -24"><span class='ocrx_word' id='word_1_28' title='bbox 415 761 587 830; x_wconf 88' lang='lat' dir='ltr'><strong>ipsum</strong></span> <span class='ocrx_word' id='word_1_29' title='bbox 619 769 792 817; x_wconf 80' lang='lat' dir='ltr'><strong>tamen</strong></span> <span class='ocrx_word' id='word_1_30' title='bbox 835 763 936 819; x_wconf 87' lang='lat' dir='ltr'><strong>hoc</strong></span> <span class='ocrx_word' id='word_1_31' title='bbox 976 779 1171 836; x_wconf 86' lang='lat' dir='ltr'><strong>corpus</strong></span> <span class='ocrx_word' id='word_1_32' title='bbox 1201 781 1266 820; x_wconf 83' lang='lat' dir='ltr'><strong>ex</strong></span> <span class='ocrx_word' id='word_1_33' title='bbox 1298 774 1437 820; x_wconf 87' lang='lat' dir='ltr'><strong>terra</strong></span> <span class='ocrx_word' id='word_1_34' title='bbox 1466 765 1759 828; x_wconf 86' lang='lat' dir='ltr'><strong>cxsistens,</strong></span> <span class='ocrx_word' id='word_1_35' title='bbox 1807 763 2000 817; x_wconf 90' lang='lat' dir='ltr'><strong>iterum</strong></span> 
     </span>
    </p>
   </div>
   <div class='ocr_carea' id='block_1_6' title="bbox 413 853 2001 926">
    <p class='ocr_par' dir='ltr' id='par_1_6' title="bbox 413 853 2001 926">
     <span class='ocr_line' id='line_1_6' title="bbox 413 853 2001 926; baseline 0.001 -20"><span class='ocrx_word' id='word_1_36' title='bbox 413 853 515 907; x_wconf 91' lang='lat' dir='ltr'><strong>crit</strong></span> <span class='ocrx_word' id='word_1_37' title='bbox 541 862 700 908; x_wconf 82' lang='lat' dir='ltr'><strong>terra.</strong></span> <span class='ocrx_word' id='word_1_38' title='bbox 730 854 889 909; x_wconf 81' lang='lat' dir='ltr'><strong><em>Terra</em></strong></span> <span class='ocrx_word' id='word_1_39' title='bbox 930 857 1071 910; x_wconf 84' lang='lat' dir='ltr'><strong>enim</strong></span> <span class='ocrx_word' id='word_1_40' title='bbox 1101 874 1180 926; x_wconf 85' lang='lat' dir='ltr'><strong>es,</strong></span> <span class='ocrx_word' id='word_1_41' title='bbox 1224 868 1268 913; x_wconf 89' lang='lat' dir='ltr'><strong>et</strong></span> <span class='ocrx_word' id='word_1_42' title='bbox 1297 858 1350 912; x_wconf 87' lang='lat' dir='ltr'><strong>in</strong></span> <span class='ocrx_word' id='word_1_43' title='bbox 1375 867 1560 911; x_wconf 89' lang='lat' dir='ltr'><strong>terram</strong></span> <span class='ocrx_word' id='word_1_44' title='bbox 1596 856 1775 910; x_wconf 81' lang='lat' dir='ltr'><strong>abibis.</strong></span> <span class='ocrx_word' id='word_1_45' title='bbox 1814 854 2001 908; x_wconf 85' lang='lat' dir='ltr'><strong>Enim—</strong></span> 
     </span>
    </p>
   </div>
   <div class='ocr_carea' id='block_1_7' title="bbox 412 947 2000 1019">
    <p class='ocr_par' dir='ltr' id='par_1_7' title="bbox 412 947 2000 1019">
     <span class='ocr_line' id='line_1_7' title="bbox 412 947 2000 1019; baseline 0.003 -23"><span class='ocrx_word' id='word_1_46' title='bbox 412 961 540 1000; x_wconf 85' lang='lat' dir='ltr'><strong>vero</strong></span> <span class='ocrx_word' id='word_1_47' title='bbox 571 955 628 1000; x_wconf 79' lang='grc' dir='ltr'><strong>ιιι</strong></span> <span class='ocrx_word' id='word_1_48' title='bbox 668 964 733 1002; x_wconf 90' lang='lat' dir='ltr'><strong>ne</strong></span> <span class='ocrx_word' id='word_1_49' title='bbox 780 948 893 1003; x_wconf 61' lang='lat' dir='ltr'><strong>haec</strong></span> <span class='ocrx_word' id='word_1_50' title='bbox 937 949 1165 1019; x_wconf 86' lang='lat' dir='ltr'><strong>ﬁerent,</strong></span> <span class='ocrx_word' id='word_1_51' title='bbox 1205 950 1348 1018; x_wconf 92' lang='lat' dir='ltr'><strong>dixi,</strong></span> <span class='ocrx_word' id='word_1_52' title='bbox 1394 949 1477 1004; x_wconf 90' lang='lat' dir='ltr'><strong>Ne</strong></span> <span class='ocrx_word' id='word_1_53' title='bbox 1517 947 1788 1003; x_wconf 77' lang='lat' dir='ltr'><strong>comedetis</strong></span> <span class='ocrx_word' id='word_1_54' title='bbox 1815 948 1877 1002; x_wconf 85' lang='lat' dir='ltr'><strong>de</strong></span> <span class='ocrx_word' id='word_1_55' title='bbox 1905 948 2000 1000; x_wconf 83' lang='lat' dir='ltr'><strong>hoc</strong></span> 
     </span>
    </p>
   </div>
   <div class='ocr_carea' id='block_1_8' title="bbox 413 1035 2002 1110">
    <p class='ocr_par' dir='ltr' id='par_1_8' title="bbox 413 1035 2002 1110">
     <span class='ocr_line' id='line_1_8' title="bbox 413 1035 2002 1110; baseline 0.002 -22"><span class='ocrx_word' id='word_1_56' title='bbox 413 1035 552 1106; x_wconf 86' lang='lat' dir='ltr'><strong>ligno</strong></span> <span class='ocrx_word' id='word_1_57' title='bbox 580 1053 598 1090; x_wconf 92' lang='lat'><strong><em>:</em></strong></span> <span class='ocrx_word' id='word_1_58' title='bbox 624 1052 936 1110; x_wconf 86' lang='lat' dir='ltr'><strong>quocumque</strong></span> <span class='ocrx_word' id='word_1_59' title='bbox 966 1042 1096 1094; x_wconf 85' lang='lat' dir='ltr'><strong>enim</strong></span> <span class='ocrx_word' id='word_1_60' title='bbox 1138 1041 1219 1095; x_wconf 85' lang='lat' dir='ltr'><strong>die</strong></span> <span class='ocrx_word' id='word_1_61' title='bbox 1259 1041 1602 1105; x_wconf 86' lang='lat' dir='ltr'><strong>comederilis,</strong></span> <span class='ocrx_word' id='word_1_62' title='bbox 1636 1049 1796 1094; x_wconf 87' lang='lat' dir='ltr'><strong>morte</strong></span> <span class='ocrx_word' id='word_1_63' title='bbox 1819 1039 2002 1092; x_wconf 88' lang='lat' dir='ltr'><strong>morie-</strong></span> 
     </span>
    </p>
   </div>
   <div class='ocr_carea' id='block_1_9' title="bbox 412 1128 2000 1202">
    <p class='ocr_par' dir='ltr' id='par_1_9' title="bbox 412 1128 2000 1202">
     <span class='ocr_line' id='line_1_9' title="bbox 412 1128 2000 1202; baseline 0.003 -23"><span class='ocrx_word' id='word_1_64' title='bbox 412 1129 555 1182; x_wconf 84' lang='lat' dir='ltr'><strong>mini.</strong></span> <span class='ocrx_word' id='word_1_65' title='bbox 587 1128 702 1184; x_wconf 88' lang='lat' dir='ltr'><strong>Non</strong></span> <span class='ocrx_word' id='word_1_66' title='bbox 746 1131 888 1186; x_wconf 87' lang='lat' dir='ltr'><strong>enim</strong></span> <span class='ocrx_word' id='word_1_67' title='bbox 917 1131 1019 1186; x_wconf 91' lang='lat' dir='ltr'><strong>hoc</strong></span> <span class='ocrx_word' id='word_1_68' title='bbox 1046 1132 1286 1187; x_wconf 83' lang='lat' dir='ltr'><strong>volebam</strong></span> <span class='ocrx_word' id='word_1_69' title='bbox 1321 1150 1334 1186; x_wconf 88' lang='lat'><strong>:</strong></span> <span class='ocrx_word' id='word_1_70' title='bbox 1363 1131 1456 1187; x_wconf 91' lang='lat' dir='ltr'><strong>sed</strong></span> <span class='ocrx_word' id='word_1_71' title='bbox 1491 1132 1612 1202; x_wconf 86' lang='lat' dir='ltr'><strong>quia</strong></span> <span class='ocrx_word' id='word_1_72' title='bbox 1652 1146 1836 1187; x_wconf 91' lang='lat' dir='ltr'><strong>eorum</strong></span> <span class='ocrx_word' id='word_1_73' title='bbox 1879 1145 2000 1200; x_wconf 70' lang='lat' dir='ltr'><strong>qum</strong></span> 
     </span>
    </p>
   </div>
   <div class='ocr_carea' id='block_1_10' title="bbox 412 1219 1998 1288">
    <p class='ocr_par' dir='ltr' id='par_1_10' title="bbox 412 1219 1998 1288">
     <span class='ocr_line' id='line_1_10' title="bbox 412 1219 1998 1288; baseline 0.003 -17"><span class='ocrx_word' id='word_1_74' title='bbox 412 1219 480 1271; x_wconf 87' lang='lat' dir='ltr'><strong>ad</strong></span> <span class='ocrx_word' id='word_1_75' title='bbox 511 1234 597 1274; x_wconf 91' lang='lat' dir='ltr'><strong>me</strong></span> <span class='ocrx_word' id='word_1_76' title='bbox 621 1221 936 1288; x_wconf 88' lang='lat' dir='ltr'><strong>attinebant,</strong></span> <span class='ocrx_word' id='word_1_77' title='bbox 965 1222 1094 1276; x_wconf 85' lang='lat' dir='ltr'><strong>nihil</strong></span> <span class='ocrx_word' id='word_1_78' title='bbox 1119 1222 1480 1277; x_wconf 91' lang='lat' dir='ltr'><strong>intermissum</strong></span> <span class='ocrx_word' id='word_1_79' title='bbox 1505 1230 1588 1277; x_wconf 88' lang='lat' dir='ltr'><strong>est</strong></span> <span class='ocrx_word' id='word_1_80' title='bbox 1613 1240 1626 1276; x_wconf 92' lang='lat'><strong>:</strong></span> <span class='ocrx_word' id='word_1_81' title='bbox 1656 1231 1713 1276; x_wconf 90' lang='lat' dir='ltr'><strong>tu</strong></span> <span class='ocrx_word' id='word_1_82' title='bbox 1741 1229 1916 1276; x_wconf 89' lang='lat' dir='ltr'><strong>autem</strong></span> <span class='ocrx_word' id='word_1_83' title='bbox 1947 1229 1998 1276; x_wconf 91' lang='lat' dir='ltr'><strong>te</strong></span> 
     </span>
    </p>
   </div>
   <div class='ocr_carea' id='block_1_11' title="bbox 412 1308 1994 1382">
    <p class='ocr_par' dir='ltr' id='par_1_11' title="bbox 412 1308 1994 1382">
     <span class='ocr_line' id='line_1_11' title="bbox 412 1308 1994 1382; baseline 0.004 -20"><span class='ocrx_word' id='word_1_84' title='bbox 412 1308 584 1377; x_wconf 88' lang='lat' dir='ltr'><strong>ipsum</strong></span> <span class='ocrx_word' id='word_1_85' title='bbox 618 1311 671 1364; x_wconf 92' lang='lat' dir='ltr'><strong>in</strong></span> <span class='ocrx_word' id='word_1_86' title='bbox 702 1312 815 1366; x_wconf 71' lang='lat' dir='ltr'><strong>hzec</strong></span> <span class='ocrx_word' id='word_1_87' title='bbox 841 1313 1116 1382; x_wconf 89' lang='lat' dir='ltr'><strong>conjecisti</strong></span> <span class='ocrx_word' id='word_1_88' title='bbox 1137 1354 1152 1380; x_wconf 97' lang='lat'><strong>,</strong></span> <span class='ocrx_word' id='word_1_89' title='bbox 1198 1329 1264 1370; x_wconf 92' lang='lat' dir='ltr'><strong>ne</strong></span> <span class='ocrx_word' id='word_1_90' title='bbox 1292 1313 1342 1368; x_wconf 90' lang='lat' dir='ltr'><strong>in</strong></span> <span class='ocrx_word' id='word_1_91' title='bbox 1372 1314 1532 1368; x_wconf 90' lang='lat' dir='ltr'><strong>alium</strong></span> <span class='ocrx_word' id='word_1_92' title='bbox 1560 1328 1772 1370; x_wconf 85' lang='lat' dir='ltr'><strong>causam</strong></span> <span class='ocrx_word' id='word_1_93' title='bbox 1803 1313 1994 1369; x_wconf 90' lang='lat' dir='ltr'><strong>retule-</strong></span> 
     </span>
    </p>
   </div>
   <div class='ocr_carea' id='block_1_12' title="bbox 406 1399 1996 1473">
    <p class='ocr_par' dir='ltr' id='par_1_12' title="bbox 406 1399 1996 1473">
     <span class='ocr_line' id='line_1_12' title="bbox 406 1399 1996 1473; baseline 0.006 -20"><span class='ocrx_word' id='word_1_94' title='bbox 406 1399 520 1464; x_wconf 79' lang='lat' dir='ltr'><strong>ris,</strong></span> <span class='ocrx_word' id='word_1_95' title='bbox 573 1401 666 1456; x_wconf 92' lang='lat' dir='ltr'><strong>sed</strong></span> <span class='ocrx_word' id='word_1_96' title='bbox 714 1411 815 1458; x_wconf 67' lang='lat' dir='ltr'><strong>tua:</strong></span> <span class='ocrx_word' id='word_1_97' title='bbox 855 1403 1022 1473; x_wconf 83' lang='lat' dir='ltr'><strong>ipsius</strong></span> <span class='ocrx_word' id='word_1_98' title='bbox 1050 1405 1269 1461; x_wconf 62' lang='lat' dir='ltr'><strong>desidiae</strong></span> <span class='ocrx_word' id='word_1_99' title='bbox 1315 1415 1482 1461; x_wconf 90' lang='lat' dir='ltr'><strong>totum</strong></span> <span class='ocrx_word' id='word_1_100' title='bbox 1527 1407 1831 1462; x_wconf 91' lang='lat' dir='ltr'><strong>abscribito.</strong></span> <span class='ocrx_word' id='word_1_101' title='bbox 1877 1405 1996 1462; x_wconf 84' lang='lat' dir='ltr'><strong>Jam</strong></span> 
     </span>
    </p>
   </div>
   <div class='ocr_carea' id='block_1_13' title="bbox 407 1489 1994 1569">
    <p class='ocr_par' dir='ltr' id='par_1_13' title="bbox 407 1489 1994 1569">
     <span class='ocr_line' id='line_1_13' title="bbox 407 1489 1994 1569; baseline 0.009 -26"><span class='ocrx_word' id='word_1_102' title='bbox 407 1489 585 1547; x_wconf 91' lang='lat' dir='ltr'><strong>denuo</strong></span> <span class='ocrx_word' id='word_1_103' title='bbox 613 1493 716 1548; x_wconf 89' lang='lat' dir='ltr'><strong>alia</strong></span> <span class='ocrx_word' id='word_1_104' title='bbox 744 1497 896 1551; x_wconf 91' lang='lat' dir='ltr'><strong>nobis</strong></span> <span class='ocrx_word' id='word_1_105' title='bbox 922 1498 1145 1567; x_wconf 71' lang='lat' dir='ltr'><strong>quaestio</strong></span> <span class='ocrx_word' id='word_1_106' title='bbox 1174 1497 1300 1555; x_wconf 90' lang='lat' dir='ltr'><strong>hinc</strong></span> <span class='ocrx_word' id='word_1_107' title='bbox 1329 1499 1598 1565; x_wconf 89' lang='lat' dir='ltr'><strong>nascitur,</strong></span> <span class='ocrx_word' id='word_1_108' title='bbox 1627 1514 1727 1569; x_wconf 90' lang='lat' dir='ltr'><strong>qua</strong></span> <span class='ocrx_word' id='word_1_109' title='bbox 1749 1539 1765 1566; x_wconf 95' lang='lat'><strong>,</strong></span> <span class='ocrx_word' id='word_1_110' title='bbox 1807 1498 1851 1553; x_wconf 87' lang='lat' dir='ltr'><strong>si</strong></span> <span class='ocrx_word' id='word_1_111' title='bbox 1881 1499 1994 1568; x_wconf 86' lang='lat' dir='ltr'><strong>pla-</strong></span> 
     </span>
    </p>
   </div>
   <div class='ocr_carea' id='block_1_14' title="bbox 407 1584 1996 1655">
    <p class='ocr_par' dir='ltr' id='par_1_14' title="bbox 407 1584 1996 1655">
     <span class='ocr_line' id='line_1_14' title="bbox 407 1584 1996 1655; baseline 0.006 -21"><span class='ocrx_word' id='word_1_112' title='bbox 407 1584 613 1650; x_wconf 90' lang='lat' dir='ltr'><strong>cuerit,</strong></span> <span class='ocrx_word' id='word_1_113' title='bbox 653 1584 884 1641; x_wconf 79' lang='lat' dir='ltr'><strong>breviter</strong></span> <span class='ocrx_word' id='word_1_114' title='bbox 911 1587 1151 1643; x_wconf 91' lang='lat' dir='ltr'><strong>absoluta</strong></span> <span class='ocrx_word' id='word_1_115' title='bbox 1176 1630 1192 1655; x_wconf 79' lang='lat'><strong>,</strong></span> <span class='ocrx_word' id='word_1_116' title='bbox 1241 1589 1397 1644; x_wconf 85' lang='lat' dir='ltr'><strong>linem</strong></span> <span class='ocrx_word' id='word_1_117' title='bbox 1427 1591 1688 1645; x_wconf 89' lang='lat' dir='ltr'><strong>sermonis</strong></span> <span class='ocrx_word' id='word_1_118' title='bbox 1718 1590 1803 1645; x_wconf 88' lang='lat' dir='ltr'><strong>hic</strong></span> <span class='ocrx_word' id='word_1_119' title='bbox 1831 1588 1996 1644; x_wconf 87' lang='lat' dir='ltr'><strong>faeie-</strong></span> 
     </span>
    </p>
   </div>
   <div class='ocr_carea' id='block_1_15' title="bbox 408 1676 1998 1751">
    <p class='ocr_par' dir='ltr' id='par_1_15' title="bbox 408 1676 1998 1751">
     <span class='ocr_line' id='line_1_15' title="bbox 408 1676 1998 1751; baseline 0.006 -24"><span class='ocrx_word' id='word_1_120' title='bbox 408 1689 545 1730; x_wconf 89' lang='lat' dir='ltr'><strong>mus.</strong></span> <span class='ocrx_word' id='word_1_121' title='bbox 578 1676 749 1744; x_wconf 85' lang='lat' dir='ltr'><strong>Dixit,</strong></span> <span class='ocrx_word' id='word_1_122' title='bbox 782 1677 986 1749; x_wconf 87' lang='lat' dir='ltr'><strong>inquit,</strong></span> <span class='ocrx_word' id='word_1_123' title='bbox 1028 1680 1167 1734; x_wconf 88' lang='lat' dir='ltr'><strong>Deus</strong></span> <span class='ocrx_word' id='word_1_124' title='bbox 1193 1698 1206 1734; x_wconf 90' lang='lat'><strong>:</strong></span> <span class='ocrx_word' id='word_1_125' title='bbox 1234 1680 1558 1751; x_wconf 84' lang='lat' dir='ltr'><strong>Quocumque</strong></span> <span class='ocrx_word' id='word_1_126' title='bbox 1581 1681 1662 1734; x_wconf 82' lang='lat' dir='ltr'><strong>die</strong></span> <span class='ocrx_word' id='word_1_127' title='bbox 1684 1681 1998 1736; x_wconf 84' lang='lat' dir='ltr'><strong>comederitis</strong></span> 
     </span>
    </p>
   </div>
   <div class='ocr_carea' id='block_1_16' title="bbox 408 1769 1993 1842">
    <p class='ocr_par' dir='ltr' id='par_1_16' title="bbox 408 1769 1993 1842">
     <span class='ocr_line' id='line_1_16' title="bbox 408 1769 1993 1842; baseline 0.004 -24"><span class='ocrx_word' id='word_1_128' title='bbox 408 1779 472 1820; x_wconf 76' lang='lat' dir='ltr'><strong>ex</strong></span> <span class='ocrx_word' id='word_1_129' title='bbox 495 1782 573 1831; x_wconf 87' lang='lat' dir='ltr'><strong>eo,</strong></span> <span class='ocrx_word' id='word_1_130' title='bbox 603 1780 762 1822; x_wconf 88' lang='lat' dir='ltr'><strong>morte</strong></span> <span class='ocrx_word' id='word_1_131' title='bbox 781 1769 1063 1824; x_wconf 83' lang='lat' dir='ltr'><strong>moriemini</strong></span> <span class='ocrx_word' id='word_1_132' title='bbox 1088 1769 1240 1842; x_wconf 81' lang='lat' dir='ltr'><strong>(Gen.</strong></span> <span class='ocrx_word' id='word_1_133' title='bbox 1263 1770 1318 1824; x_wconf 78' lang='grc'><strong>2.</strong></span> <span class='ocrx_word' id='word_1_134' title='bbox 1348 1773 1438 1840; x_wconf 82' lang='grc'><strong>17)</strong></span> <span class='ocrx_word' id='word_1_135' title='bbox 1465 1790 1480 1828; x_wconf 86' lang='lat'><strong>:</strong></span> <span class='ocrx_word' id='word_1_136' title='bbox 1502 1772 1789 1826; x_wconf 78' lang='lat' dir='ltr'><strong>multorum</strong></span> <span class='ocrx_word' id='word_1_137' title='bbox 1817 1780 1993 1826; x_wconf 88' lang='lat' dir='ltr'><strong>autem</strong></span> 
     </span>
    </p>
   </div>
   <div class='ocr_carea' id='block_1_17' title="bbox 403 1853 1994 1932">
    <p class='ocr_par' dir='ltr' id='par_1_17' title="bbox 403 1853 1994 1932">
     <span class='ocr_line' id='line_1_17' title="bbox 403 1853 1994 1932; baseline 0.006 -25"><span class='ocrx_word' id='word_1_138' title='bbox 403 1869 667 1911; x_wconf 82' lang='lat' dir='ltr'><strong>annorum</strong></span> <span class='ocrx_word' id='word_1_139' title='bbox 695 1874 921 1915; x_wconf 91' lang='lat' dir='ltr'><strong>numero</strong></span> <span class='ocrx_word' id='word_1_140' title='bbox 958 1861 1258 1919; x_wconf 87' lang='lat' dir='ltr'><strong>ostenditur</strong></span> <span class='ocrx_word' id='word_1_141' title='bbox 1282 1863 1478 1918; x_wconf 83' lang='lat' dir='ltr'><strong>vixisse</strong></span> <span class='ocrx_word' id='word_1_142' title='bbox 1507 1862 1625 1916; x_wconf 92' lang='lat' dir='ltr'><strong>illos</strong></span> <span class='ocrx_word' id='word_1_143' title='bbox 1655 1853 1772 1932; x_wconf 79' lang='lat' dir='ltr'><strong>post</strong></span> <span class='ocrx_word' id='word_1_144' title='bbox 1809 1862 1994 1918; x_wconf 87' lang='lat' dir='ltr'><strong>inobe-</strong></span> 
     </span>
    </p>
   </div>
   <div class='ocr_carea' id='block_1_18' title="bbox 404 1946 1996 2024">
    <p class='ocr_par' dir='ltr' id='par_1_18' title="bbox 404 1946 1996 2024">
     <span class='ocr_line' id='line_1_18' title="bbox 404 1946 1996 2024; baseline 0.004 -23"><span class='ocrx_word' id='word_1_145' title='bbox 404 1946 656 2002; x_wconf 89' lang='lat' dir='ltr'><strong>dieutiam</strong></span> <span class='ocrx_word' id='word_1_146' title='bbox 678 1990 692 2015; x_wconf 97' lang='lat'><strong>,</strong></span> <span class='ocrx_word' id='word_1_147' title='bbox 726 1958 780 2005; x_wconf 90' lang='lat' dir='ltr'><strong>et</strong></span> <span class='ocrx_word' id='word_1_148' title='bbox 805 1951 908 2006; x_wconf 90' lang='lat' dir='ltr'><strong>cibi</strong></span> <span class='ocrx_word' id='word_1_149' title='bbox 936 1952 1080 2007; x_wconf 85' lang='lat' dir='ltr'><strong>vetiti</strong></span> <span class='ocrx_word' id='word_1_150' title='bbox 1112 1967 1284 2008; x_wconf 91' lang='lat' dir='ltr'><strong>esum.</strong></span> <span class='ocrx_word' id='word_1_151' title='bbox 1315 1953 1376 2007; x_wconf 89' lang='lat' dir='ltr'><strong>Et</strong></span> <span class='ocrx_word' id='word_1_152' title='bbox 1410 1956 1633 2023; x_wconf 58' lang='lat' dir='ltr'><strong>quaestio</strong></span> <span class='ocrx_word' id='word_1_153' title='bbox 1658 1953 1871 2024; x_wconf 86' lang='lat' dir='ltr'><strong>quidem</strong></span> <span class='ocrx_word' id='word_1_154' title='bbox 1899 1953 1996 2008; x_wconf 82' lang='lat' dir='ltr'><strong>ali-</strong></span> 
     </span>
    </p>
   </div>
   <div class='ocr_carea' id='block_1_19' title="bbox 401 2042 1995 2115">
    <p class='ocr_par' dir='ltr' id='par_1_19' title="bbox 401 2042 1995 2115">
     <span class='ocr_line' id='line_1_19' title="bbox 401 2042 1995 2115; baseline 0.006 -21"><span class='ocrx_word' id='word_1_155' title='bbox 401 2054 505 2108; x_wconf 89' lang='lat' dir='ltr'><strong>qua</strong></span> <span class='ocrx_word' id='word_1_156' title='bbox 536 2054 656 2096; x_wconf 89' lang='lat' dir='ltr'><strong>esse</strong></span> <span class='ocrx_word' id='word_1_157' title='bbox 680 2042 890 2098; x_wconf 89' lang='lat' dir='ltr'><strong>videtur</strong></span> <span class='ocrx_word' id='word_1_158' title='bbox 917 2045 981 2100; x_wconf 90' lang='lat' dir='ltr'><strong>iis</strong></span> <span class='ocrx_word' id='word_1_159' title='bbox 1004 2045 1092 2114; x_wconf 90' lang='lat' dir='ltr'><strong>qui</strong></span> <span class='ocrx_word' id='word_1_160' title='bbox 1123 2061 1153 2100; x_wconf 92' lang='lat' dir='ltr'><strong>a</strong></span> <span class='ocrx_word' id='word_1_161' title='bbox 1194 2046 1478 2115; x_wconf 89' lang='lat' dir='ltr'><strong>superﬁcie</strong></span> <span class='ocrx_word' id='word_1_162' title='bbox 1514 2047 1746 2101; x_wconf 90' lang='lat' dir='ltr'><strong>salutant</strong></span> <span class='ocrx_word' id='word_1_163' title='bbox 1783 2047 1995 2103; x_wconf 87' lang='lat' dir='ltr'><strong>divinas</strong></span> 
     </span>
    </p>
   </div>
   <div class='ocr_carea' id='block_1_20' title="bbox 406 2128 1997 2205">
    <p class='ocr_par' dir='ltr' id='par_1_20' title="bbox 406 2128 1997 2205">
     <span class='ocr_line' id='line_1_20' title="bbox 406 2128 1997 2205; baseline 0.007 -23"><span class='ocrx_word' id='word_1_164' title='bbox 406 2128 612 2185; x_wconf 87' lang='lat' dir='ltr'><strong>Literas</strong></span> <span class='ocrx_word' id='word_1_165' title='bbox 642 2148 656 2183; x_wconf 86' lang='lat'><strong>:</strong></span> <span class='ocrx_word' id='word_1_166' title='bbox 690 2142 740 2186; x_wconf 89' lang='lat' dir='ltr'><strong>at</strong></span> <span class='ocrx_word' id='word_1_167' title='bbox 779 2133 824 2188; x_wconf 89' lang='lat' dir='ltr'><strong>si</strong></span> <span class='ocrx_word' id='word_1_168' title='bbox 856 2135 973 2204; x_wconf 86' lang='lat' dir='ltr'><strong>quis</strong></span> <span class='ocrx_word' id='word_1_169' title='bbox 1003 2151 1156 2205; x_wconf 77' lang='lat' dir='ltr'><strong>trqno</strong></span> <span class='ocrx_word' id='word_1_170' title='bbox 1182 2138 1362 2191; x_wconf 89' lang='lat' dir='ltr'><strong>animo</strong></span> <span class='ocrx_word' id='word_1_171' title='bbox 1390 2152 1545 2192; x_wconf 89' lang='lat' dir='ltr'><strong>aures</strong></span> <span class='ocrx_word' id='word_1_172' title='bbox 1573 2137 1849 2201; x_wconf 86' lang='lat' dir='ltr'><strong>adhibeat,</strong></span> <span class='ocrx_word' id='word_1_173' title='bbox 1883 2153 1997 2193; x_wconf 89' lang='lat' dir='ltr'><strong>ma-</strong></span> 
     </span>
    </p>
   </div>
   <div class='ocr_carea' id='block_1_21' title="bbox 407 2217 1995 2297">
    <p class='ocr_par' dir='ltr' id='par_1_21' title="bbox 407 2217 1995 2297">
     <span class='ocr_line' id='line_1_21' title="bbox 407 2217 1995 2297; baseline 0.006 -23"><span class='ocrx_word' id='word_1_174' title='bbox 407 2219 656 2275; x_wconf 85' lang='lat' dir='ltr'><strong>nifestum</strong></span> <span class='ocrx_word' id='word_1_175' title='bbox 680 2233 763 2278; x_wconf 88' lang='lat' dir='ltr'><strong>est</strong></span> <span class='ocrx_word' id='word_1_176' title='bbox 785 2225 925 2293; x_wconf 88' lang='lat' dir='ltr'><strong>quod</strong></span> <span class='ocrx_word' id='word_1_177' title='bbox 955 2225 1170 2294; x_wconf 89' lang='lat' dir='ltr'><strong>dicitur,</strong></span> <span class='ocrx_word' id='word_1_178' title='bbox 1197 2242 1367 2296; x_wconf 89' lang='lat' dir='ltr'><strong>neque</strong></span> <span class='ocrx_word' id='word_1_179' title='bbox 1391 2228 1614 2297; x_wconf 75' lang='lat' dir='ltr'><strong>quaestio</strong></span> <span class='ocrx_word' id='word_1_180' title='bbox 1638 2217 1796 2284; x_wconf 68' lang='lat' dir='ltr'><strong>fuerit</strong></span> <span class='ocrx_word' id='word_1_181' title='bbox 1823 2238 1995 2284; x_wconf 88' lang='lat' dir='ltr'><strong>atten—</strong></span> 
     </span>
    </p>
   </div>
   <div class='ocr_carea' id='block_1_22' title="bbox 403 2311 1994 2387">
    <p class='ocr_par' dir='ltr' id='par_1_22' title="bbox 403 2311 1994 2387">
     <span class='ocr_line' id='line_1_22' title="bbox 403 2311 1994 2387; baseline 0.008 -23"><span class='ocrx_word' id='word_1_182' title='bbox 403 2311 570 2366; x_wconf 88' lang='lat' dir='ltr'><strong>denti.</strong></span> <span class='ocrx_word' id='word_1_183' title='bbox 615 2312 747 2368; x_wconf 89' lang='lat' dir='ltr'><strong>Nam</strong></span> <span class='ocrx_word' id='word_1_184' title='bbox 793 2314 917 2370; x_wconf 88' lang='lat' dir='ltr'><strong>licet</strong></span> <span class='ocrx_word' id='word_1_185' title='bbox 962 2318 1159 2372; x_wconf 90' lang='lat' dir='ltr'><strong>multos</strong></span> <span class='ocrx_word' id='word_1_186' title='bbox 1186 2333 1354 2375; x_wconf 91' lang='lat' dir='ltr'><strong>annos</strong></span> <span class='ocrx_word' id='word_1_187' title='bbox 1398 2321 1662 2387; x_wconf 87' lang='lat' dir='ltr'><strong>vixerint,</strong></span> <span class='ocrx_word' id='word_1_188' title='bbox 1696 2330 1928 2376; x_wconf 87' lang='lat' dir='ltr'><strong>attamen</strong></span> <span class='ocrx_word' id='word_1_189' title='bbox 1965 2335 1994 2377; x_wconf 88' lang='lat' dir='ltr'><strong>a</strong></span> 
     </span>
    </p>
   </div>
   <div class='ocr_carea' id='block_1_23' title="bbox 405 2407 1992 2479">
    <p class='ocr_par' dir='ltr' id='par_1_23' title="bbox 405 2407 1992 2479">
     <span class='ocr_line' id='line_1_23' title="bbox 405 2407 1992 2479; baseline 0.006 -23"><span class='ocrx_word' id='word_1_190' title='bbox 405 2418 512 2470; x_wconf 86' lang='lat' dir='ltr'><strong>quo</strong></span> <span class='ocrx_word' id='word_1_191' title='bbox 539 2411 776 2474; x_wconf 90' lang='lat' dir='ltr'><strong>tempore</strong></span> <span class='ocrx_word' id='word_1_192' title='bbox 806 2407 1087 2462; x_wconf 88' lang='lat' dir='ltr'><strong>audierunt</strong></span> <span class='ocrx_word' id='word_1_193' title='bbox 1117 2426 1130 2462; x_wconf 90' lang='lat'><strong>:</strong></span> <span class='ocrx_word' id='word_1_194' title='bbox 1157 2408 1312 2463; x_wconf 80' lang='lat' dir='ltr'><strong>Terra</strong></span> <span class='ocrx_word' id='word_1_195' title='bbox 1341 2426 1412 2478; x_wconf 87' lang='lat' dir='ltr'><strong>es,</strong></span> <span class='ocrx_word' id='word_1_196' title='bbox 1453 2419 1498 2465; x_wconf 86' lang='lat' dir='ltr'><strong>et</strong></span> <span class='ocrx_word' id='word_1_197' title='bbox 1523 2413 1576 2464; x_wconf 89' lang='lat' dir='ltr'><strong>in</strong></span> <span class='ocrx_word' id='word_1_198' title='bbox 1601 2419 1785 2465; x_wconf 82' lang='lat' dir='ltr'><strong>terram</strong></span> <span class='ocrx_word' id='word_1_199' title='bbox 1815 2412 1992 2479; x_wconf 77' lang='lat' dir='ltr'><strong>abibis,</strong></span> 
     </span>
    </p>
   </div>
   <div class='ocr_carea' id='block_1_24' title="bbox 405 2497 1992 2568">
    <p class='ocr_par' dir='ltr' id='par_1_24' title="bbox 405 2497 1992 2568">
     <span class='ocr_line' id='line_1_24' title="bbox 405 2497 1992 2568; baseline 0.009 -22"><span class='ocrx_word' id='word_1_200' title='bbox 405 2503 460 2547; x_wconf 90' lang='lat' dir='ltr'><strong>et</strong></span> <span class='ocrx_word' id='word_1_201' title='bbox 487 2497 802 2550; x_wconf 83' lang='lat' dir='ltr'><strong>sententiam</strong></span> <span class='ocrx_word' id='word_1_202' title='bbox 833 2508 1155 2568; x_wconf 89' lang='lat' dir='ltr'><strong>acceperunt</strong></span> <span class='ocrx_word' id='word_1_203' title='bbox 1183 2501 1371 2555; x_wconf 84' lang='lat' dir='ltr'><strong>mortis</strong></span> <span class='ocrx_word' id='word_1_204' title='bbox 1395 2543 1410 2568; x_wconf 94' lang='lat'><strong>,</strong></span> <span class='ocrx_word' id='word_1_205' title='bbox 1453 2503 1709 2558; x_wconf 89' lang='lat' dir='ltr'><strong>mortales</strong></span> <span class='ocrx_word' id='word_1_206' title='bbox 1739 2502 1948 2560; x_wconf 89' lang='lat' dir='ltr'><strong>fuerunt</strong></span> <span class='ocrx_word' id='word_1_207' title='bbox 1977 2521 1992 2559; x_wconf 87' lang='lat'><strong>:</strong></span> 
     </span>
    </p>
   </div>
   <div class='ocr_carea' id='block_1_25' title="bbox 404 2585 1995 2664">
    <p class='ocr_par' dir='ltr' id='par_1_25' title="bbox 404 2585 1995 2664">
     <span class='ocr_line' id='line_1_25' title="bbox 404 2585 1995 2664; baseline 0.009 -28"><span class='ocrx_word' id='word_1_208' title='bbox 404 2590 459 2636; x_wconf 90' lang='lat' dir='ltr'><strong>et</strong></span> <span class='ocrx_word' id='word_1_209' title='bbox 481 2598 546 2638; x_wconf 81' lang='lat' dir='ltr'><strong>ex</strong></span> <span class='ocrx_word' id='word_1_210' title='bbox 577 2585 668 2639; x_wconf 85' lang='lat' dir='ltr'><strong>illo</strong></span> <span class='ocrx_word' id='word_1_211' title='bbox 704 2594 944 2657; x_wconf 90' lang='lat' dir='ltr'><strong>tempore</strong></span> <span class='ocrx_word' id='word_1_212' title='bbox 973 2587 1188 2644; x_wconf 90' lang='lat' dir='ltr'><strong>fuerunt</strong></span> <span class='ocrx_word' id='word_1_213' title='bbox 1235 2591 1455 2661; x_wconf 89' lang='lat' dir='ltr'><strong>perinde</strong></span> <span class='ocrx_word' id='word_1_214' title='bbox 1478 2633 1492 2658; x_wconf 91' lang='lat'><strong>,</strong></span> <span class='ocrx_word' id='word_1_215' title='bbox 1541 2607 1601 2648; x_wconf 89' lang='lat' dir='ltr'><strong>ae</strong></span> <span class='ocrx_word' id='word_1_216' title='bbox 1646 2594 1688 2648; x_wconf 92' lang='lat' dir='ltr'><strong>si</strong></span> <span class='ocrx_word' id='word_1_217' title='bbox 1728 2594 1846 2664; x_wconf 85' lang='lat' dir='ltr'><strong>quis</strong></span> <span class='ocrx_word' id='word_1_218' title='bbox 1876 2595 1995 2650; x_wconf 78' lang='lat' dir='ltr'><strong>illos</strong></span> 
     </span>
    </p>
   </div>
   <div class='ocr_carea' id='block_1_26' title="bbox 404 2673 1995 2758">
    <p class='ocr_par' dir='ltr' id='par_1_26' title="bbox 404 2673 1995 2758">
     <span class='ocr_line' id='line_1_26' title="bbox 404 2673 1995 2758; baseline 0.009 -30"><span class='ocrx_word' id='word_1_219' title='bbox 404 2673 548 2730; x_wconf 87' lang='lat' dir='ltr'><strong>dicat</strong></span> <span class='ocrx_word' id='word_1_220' title='bbox 573 2687 812 2734; x_wconf 91' lang='lat' dir='ltr'><strong>mortuos</strong></span> <span class='ocrx_word' id='word_1_221' title='bbox 856 2680 1040 2736; x_wconf 89' lang='lat' dir='ltr'><strong>fuisse.</strong></span> <span class='ocrx_word' id='word_1_222' title='bbox 1073 2681 1185 2737; x_wconf 84' lang='lat' dir='ltr'><strong>Hoc</strong></span> <span class='ocrx_word' id='word_1_223' title='bbox 1215 2682 1372 2753; x_wconf 80' lang='lat' dir='ltr'><strong>igitur</strong></span> <span class='ocrx_word' id='word_1_224' title='bbox 1408 2695 1461 2740; x_wconf 90' lang='lat' dir='ltr'><strong>et</strong></span> <span class='ocrx_word' id='word_1_225' title='bbox 1491 2684 1763 2756; x_wconf 88' lang='lat' dir='ltr'><strong>Scriptura</strong></span> <span class='ocrx_word' id='word_1_226' title='bbox 1795 2688 1995 2758; x_wconf 87' lang='lat' dir='ltr'><strong>signiﬁ-</strong></span> 
     </span>
    </p>
   </div>
   <div class='ocr_carea' id='block_1_27' title="bbox 404 2767 1990 2844">
    <p class='ocr_par' dir='ltr' id='par_1_27' title="bbox 404 2767 1990 2844">
     <span class='ocr_line' id='line_1_27' title="bbox 404 2767 1990 2844; baseline 0.009 -25"><span class='ocrx_word' id='word_1_227' title='bbox 404 2779 555 2831; x_wconf 86' lang='lat' dir='ltr'><strong>cans,</strong></span> <span class='ocrx_word' id='word_1_228' title='bbox 583 2767 749 2834; x_wconf 87' lang='lat' dir='ltr'><strong>dixit,</strong></span> <span class='ocrx_word' id='word_1_229' title='bbox 783 2769 1109 2843; x_wconf 80' lang='lat' dir='ltr'><strong>Quocumque</strong></span> <span class='ocrx_word' id='word_1_230' title='bbox 1139 2774 1220 2828; x_wconf 87' lang='lat' dir='ltr'><strong>die</strong></span> <span class='ocrx_word' id='word_1_231' title='bbox 1241 2775 1573 2844; x_wconf 86' lang='lat' dir='ltr'><strong>comederitis,</strong></span> <span class='ocrx_word' id='word_1_232' title='bbox 1610 2788 1768 2833; x_wconf 86' lang='lat' dir='ltr'><strong>morte</strong></span> <span class='ocrx_word' id='word_1_233' title='bbox 1805 2781 1990 2834; x_wconf 86' lang='lat' dir='ltr'><strong>morie-</strong></span> 
     </span>
    </p>
   </div>
   <div class='ocr_carea' id='block_1_28' title="bbox 403 2854 1991 2940">
    <p class='ocr_par' dir='ltr' id='par_1_28' title="bbox 403 2854 1991 2940">
     <span class='ocr_line' id='line_1_28' title="bbox 403 2854 1991 2940; baseline 0.012 -33"><span class='ocrx_word' id='word_1_234' title='bbox 403 2854 528 2908; x_wconf 85' lang='lat' dir='ltr'><strong>mini</strong></span> <span class='ocrx_word' id='word_1_235' title='bbox 558 2873 577 2910; x_wconf 89' lang='lat'><strong><em>:</em></strong></span> <span class='ocrx_word' id='word_1_236' title='bbox 607 2855 708 2912; x_wconf 88' lang='lat' dir='ltr'><strong>hoc</strong></span> <span class='ocrx_word' id='word_1_237' title='bbox 733 2869 835 2923; x_wconf 91' lang='lat' dir='ltr'><strong>est,</strong></span> <span class='ocrx_word' id='word_1_238' title='bbox 875 2864 1193 2919; x_wconf 82' lang='lat' dir='ltr'><strong>sententiam</strong></span> <span class='ocrx_word' id='word_1_239' title='bbox 1222 2866 1493 2936; x_wconf 87' lang='lat' dir='ltr'><strong>accipietis</strong></span> <span class='ocrx_word' id='word_1_240' title='bbox 1518 2910 1531 2932; x_wconf 91' lang='lat'><strong>,</strong></span> <span class='ocrx_word' id='word_1_241' title='bbox 1565 2871 1815 2925; x_wconf 88' lang='lat' dir='ltr'><strong>mortales</strong></span> <span class='ocrx_word' id='word_1_242' title='bbox 1842 2881 1991 2940; x_wconf 87' lang='lat' dir='ltr'><strong>post-</strong></span> 
     </span>
    </p>
   </div>
   <div class='ocr_carea' id='block_1_29' title="bbox 405 2946 1992 3032">
    <p class='ocr_par' dir='ltr' id='par_1_29' title="bbox 405 2946 1992 3032">
     <span class='ocr_line' id='line_1_29' title="bbox 405 2946 1992 3032; baseline 0.013 -34"><span class='ocrx_word' id='word_1_243' title='bbox 405 2946 503 3001; x_wconf 89' lang='lat' dir='ltr'><strong>bae</strong></span> <span class='ocrx_word' id='word_1_244' title='bbox 547 2963 643 3004; x_wconf 84' lang='lat' dir='ltr'><strong>vos</strong></span> <span class='ocrx_word' id='word_1_245' title='bbox 688 2950 912 3007; x_wconf 86' lang='lat' dir='ltr'><strong>futuros.</strong></span> <span class='ocrx_word' id='word_1_246' title='bbox 975 2952 1124 3010; x_wconf 88' lang='lat' dir='ltr'><strong>Sicut</strong></span> <span class='ocrx_word' id='word_1_247' title='bbox 1165 2958 1309 3012; x_wconf 89' lang='lat' dir='ltr'><strong>enim</strong></span> <span class='ocrx_word' id='word_1_248' title='bbox 1360 2959 1410 3013; x_wconf 95' lang='lat' dir='ltr'><strong>in</strong></span> <span class='ocrx_word' id='word_1_249' title='bbox 1459 2958 1706 3016; x_wconf 90' lang='lat' dir='ltr'><strong>humanis</strong></span> <span class='ocrx_word' id='word_1_250' title='bbox 1754 2961 1992 3032; x_wconf 89' lang='lat' dir='ltr'><strong>judiciis,</strong></span> 
     </span>
    </p>
   </div>
   <div class='ocr_carea' id='block_1_30' title="bbox 401 3039 1991 3122">
    <p class='ocr_par' dir='ltr' id='par_1_30' title="bbox 401 3039 1991 3122">
     <span class='ocr_line' id='line_1_30' title="bbox 401 3039 1991 3122; baseline 0.014 -33"><span class='ocrx_word' id='word_1_251' title='bbox 401 3039 614 3106; x_wconf 85' lang='lat' dir='ltr'><strong>quando</strong></span> <span class='ocrx_word' id='word_1_252' title='bbox 631 3041 756 3109; x_wconf 86' lang='lat' dir='ltr'><strong>quis</strong></span> <span class='ocrx_word' id='word_1_253' title='bbox 781 3045 1042 3100; x_wconf 89' lang='lat' dir='ltr'><strong>sententia</strong></span> <span class='ocrx_word' id='word_1_254' title='bbox 1069 3046 1170 3100; x_wconf 88' lang='lat' dir='ltr'><strong>lata</strong></span> <span class='ocrx_word' id='word_1_255' title='bbox 1195 3058 1250 3102; x_wconf 91' lang='lat' dir='ltr'><strong>ut</strong></span> <span class='ocrx_word' id='word_1_256' title='bbox 1276 3050 1448 3118; x_wconf 90' lang='lat' dir='ltr'><strong>capite</strong></span> <span class='ocrx_word' id='word_1_257' title='bbox 1473 3051 1778 3122; x_wconf 86' lang='lat' dir='ltr'><strong>mulctctur,</strong></span> <span class='ocrx_word' id='word_1_258' title='bbox 1802 3055 1991 3111; x_wconf 90' lang='lat' dir='ltr'><strong>iterum</strong></span> 
     </span>
    </p>
   </div>
   <div class='ocr_carea' id='block_1_31' title="bbox 404 3126 1988 3218">
    <p class='ocr_par' dir='ltr' id='par_1_31' title="bbox 404 3126 1988 3218">
     <span class='ocr_line' id='line_1_31' title="bbox 404 3126 1988 3218; baseline 0.014 -38"><span class='ocrx_word' id='word_1_259' title='bbox 404 3126 457 3181; x_wconf 85' lang='lat' dir='ltr'><strong>in</strong></span> <span class='ocrx_word' id='word_1_260' title='bbox 484 3144 754 3186; x_wconf 87' lang='lat' dir='ltr'><strong>carcerem</strong></span> <span class='ocrx_word' id='word_1_261' title='bbox 779 3135 1094 3206; x_wconf 86' lang='lat' dir='ltr'><strong>conjicitur,</strong></span> <span class='ocrx_word' id='word_1_262' title='bbox 1127 3139 1251 3194; x_wconf 90' lang='lat' dir='ltr'><strong>licet</strong></span> <span class='ocrx_word' id='word_1_263' title='bbox 1287 3140 1358 3196; x_wconf 89' lang='lat' dir='ltr'><strong>ibi</strong></span> <span class='ocrx_word' id='word_1_264' title='bbox 1387 3142 1554 3197; x_wconf 92' lang='lat' dir='ltr'><strong>multo</strong></span> <span class='ocrx_word' id='word_1_265' title='bbox 1585 3152 1824 3214; x_wconf 91' lang='lat' dir='ltr'><strong>tempore</strong></span> <span class='ocrx_word' id='word_1_266' title='bbox 1849 3157 1988 3218; x_wconf 82' lang='lat' dir='ltr'><strong>agat,</strong></span> 
     </span>
    </p>
   </div>
   <div class='ocr_carea' id='block_1_32' title="bbox 403 3218 1992 3319">
    <p class='ocr_par' dir='ltr' id='par_1_32' title="bbox 403 3218 1992 3319">
     <span class='ocr_line' id='line_1_32' title="bbox 403 3218 1992 3319; baseline 0.016 -50"><span class='ocrx_word' id='word_1_267' title='bbox 403 3218 536 3319; x_wconf 71' lang='lat' dir='ltr'><strong>piliil</strong></span> <span class='ocrx_word' id='word_1_268' title='bbox 568 3221 756 3278; x_wconf 89' lang='lat' dir='ltr'><strong>melius</strong></span> <span class='ocrx_word' id='word_1_269' title='bbox 783 3232 959 3280; x_wconf 89' lang='lat' dir='ltr'><strong>tamen</strong></span> <span class='ocrx_word' id='word_1_270' title='bbox 984 3227 1142 3284; x_wconf 91' lang='lat' dir='ltr'><strong>habet</strong></span> <span class='ocrx_word' id='word_1_271' title='bbox 1162 3229 1425 3287; x_wconf 90' lang='lat' dir='ltr'><strong>defunctis</strong></span> <span class='ocrx_word' id='word_1_272' title='bbox 1452 3241 1506 3289; x_wconf 92' lang='lat' dir='ltr'><strong>et</strong></span> <span class='ocrx_word' id='word_1_273' title='bbox 1535 3237 1780 3306; x_wconf 87' lang='lat' dir='ltr'><strong>mortuis,</strong></span> <span class='ocrx_word' id='word_1_274' title='bbox 1808 3246 1992 3308; x_wconf 88' lang='lat' dir='ltr'><strong>utpote</strong></span> 
     </span>
    </p>
   </div>
   <div class='ocr_carea' id='block_1_33' title="bbox 397 3315 1992 3396">
    <p class='ocr_par' dir='ltr' id='par_1_33' title="bbox 397 3315 1992 3396">
     <span class='ocr_line' id='line_1_33' title="bbox 397 3315 1992 3396; baseline 0.016 -36"><span class='ocrx_word' id='word_1_275' title='bbox 397 3315 506 3375; x_wconf 82' lang='lat' dir='ltr'><strong>jam</strong></span> <span class='ocrx_word' id='word_1_276' title='bbox 537 3324 632 3378; x_wconf 88' lang='lat' dir='ltr'><strong>per</strong></span> <span class='ocrx_word' id='word_1_277' title='bbox 658 3315 973 3371; x_wconf 88' lang='lat' dir='ltr'><strong>sententiam</strong></span> <span class='ocrx_word' id='word_1_278' title='bbox 1000 3330 1242 3376; x_wconf 89' lang='lat' dir='ltr'><strong>mortuus</strong></span> <span class='ocrx_word' id='word_1_279' title='bbox 1270 3338 1282 3374; x_wconf 95' lang='lat'>:</span> <span class='ocrx_word' id='word_1_280' title='bbox 1317 3323 1504 3379; x_wconf 92' lang='lat' dir='ltr'><strong>eodem</strong></span> <span class='ocrx_word' id='word_1_281' title='bbox 1529 3328 1688 3382; x_wconf 91' lang='lat' dir='ltr'><strong>modo</strong></span> <span class='ocrx_word' id='word_1_282' title='bbox 1717 3336 1772 3383; x_wconf 92' lang='lat' dir='ltr'><strong>et</strong></span> <span class='ocrx_word' id='word_1_283' title='bbox 1805 3328 1856 3382; x_wconf 91' lang='lat' dir='ltr'><strong>bi</strong></span> <span class='ocrx_word' id='word_1_284' title='bbox 1877 3371 1892 3396; x_wconf 94' lang='lat'><strong>,</strong></span> <span class='ocrx_word' id='word_1_285' title='bbox 1925 3329 1992 3386; x_wconf 89' lang='lat' dir='ltr'><strong>ab</strong></span> 
     </span>
    </p>
   </div>
   <div class='ocr_carea' id='block_1_34' title="bbox 399 3399 1990 3488">
    <p class='ocr_par' dir='ltr' id='par_1_34' title="bbox 399 3399 1990 3488">
     <span class='ocr_line' id='line_1_34' title="bbox 399 3399 1990 3488; baseline 0.016 -36"><span class='ocrx_word' id='word_1_286' title='bbox 399 3412 468 3453; x_wconf 89' lang='lat' dir='ltr'><strong>eo</strong></span> <span class='ocrx_word' id='word_1_287' title='bbox 496 3399 583 3455; x_wconf 91' lang='lat' dir='ltr'><strong>die</strong></span> <span class='ocrx_word' id='word_1_288' title='bbox 607 3415 636 3456; x_wconf 91' lang='lat' dir='ltr'><strong>a</strong></span> <span class='ocrx_word' id='word_1_289' title='bbox 658 3419 763 3473; x_wconf 87' lang='lat' dir='ltr'><strong>quo</strong></span> <span class='ocrx_word' id='word_1_290' title='bbox 789 3408 1126 3464; x_wconf 89' lang='lat' dir='ltr'><strong>mortalitatis</strong></span> <span class='ocrx_word' id='word_1_291' title='bbox 1153 3414 1471 3469; x_wconf 89' lang='lat' dir='ltr'><strong>sententiam</strong></span> <span class='ocrx_word' id='word_1_292' title='bbox 1499 3429 1839 3488; x_wconf 87' lang='lat' dir='ltr'><strong>acceperunt,</strong></span> <span class='ocrx_word' id='word_1_293' title='bbox 1866 3431 1990 3478; x_wconf 85' lang='lat' dir='ltr'><strong>tam-</strong></span> 
     </span>
    </p>
   </div>
   <div class='ocr_carea' id='block_1_35' title="bbox 402 3491 1989 3573">
    <p class='ocr_par' dir='ltr' id='par_1_35' title="bbox 402 3491 1989 3573">
     <span class='ocr_line' id='line_1_35' title="bbox 402 3491 1989 3573; baseline 0.018 -31"><span class='ocrx_word' id='word_1_294' title='bbox 402 3491 503 3544; x_wconf 89' lang='lat' dir='ltr'><strong>etsi</strong></span> <span class='ocrx_word' id='word_1_295' title='bbox 533 3491 694 3565; x_wconf 88' lang='lat' dir='ltr'><strong>longo</strong></span> <span class='ocrx_word' id='word_1_296' title='bbox 725 3505 965 3568; x_wconf 91' lang='lat' dir='ltr'><strong>tempore</strong></span> <span class='ocrx_word' id='word_1_297' title='bbox 991 3501 1319 3573; x_wconf 90' lang='lat' dir='ltr'><strong>duraverint,</strong></span> <span class='ocrx_word' id='word_1_298' title='bbox 1351 3508 1698 3566; x_wconf 88' lang='lat' dir='ltr'><strong>nihilominus</strong></span> <span class='ocrx_word' id='word_1_299' title='bbox 1727 3517 1989 3571; x_wconf 90' lang='lat' dir='ltr'><strong>sententia</strong></span> 
     </span>
    </p>
   </div>
   <div class='ocr_carea' id='block_1_36' title="bbox 401 3583 1990 3674">
    <p class='ocr_par' dir='ltr' id='par_1_36' title="bbox 401 3583 1990 3674">
     <span class='ocr_line' id='line_1_36' title="bbox 401 3583 1990 3674; baseline 0.018 -41"><span class='ocrx_word' id='word_1_300' title='bbox 401 3583 596 3674; x_wconf 81' lang='lat' dir='ltr'><strong>mortui</strong></span> <span class='ocrx_word' id='word_1_301' title='bbox 623 3595 795 3642; x_wconf 90' lang='lat' dir='ltr'><strong>erant.</strong></span> <span class='ocrx_word' id='word_1_302' title='bbox 822 3588 946 3645; x_wconf 91' lang='lat' dir='ltr'><strong>Scio</strong></span> <span class='ocrx_word' id='word_1_303' title='bbox 972 3607 1058 3647; x_wconf 92' lang='lat' dir='ltr'><strong>me</strong></span> <span class='ocrx_word' id='word_1_304' title='bbox 1081 3597 1380 3664; x_wconf 92' lang='lat' dir='ltr'><strong>copiosiore</strong></span> <span class='ocrx_word' id='word_1_305' title='bbox 1407 3613 1655 3655; x_wconf 83' lang='lat' dir='ltr'><strong>sermone</strong></span> <span class='ocrx_word' id='word_1_306' title='bbox 1676 3612 1730 3658; x_wconf 93' lang='lat' dir='ltr'><strong>et</strong></span> <span class='ocrx_word' id='word_1_307' title='bbox 1751 3604 1990 3674; x_wconf 90' lang='lat' dir='ltr'><strong>longiore</strong></span> 
     </span>
    </p>
   </div>
   <div class='ocr_carea' id='block_1_37' title="bbox 399 3672 1986 3764">
    <p class='ocr_par' dir='ltr' id='par_1_37' title="bbox 399 3672 1986 3764">
     <span class='ocr_line' id='line_1_37' title="bbox 399 3672 1986 3764; baseline 0.016 -38"><span class='ocrx_word' id='word_1_308' title='bbox 399 3672 644 3732; x_wconf 82' lang='lat' dir='ltr'><strong>doctrina</strong></span> <span class='ocrx_word' id='word_1_309' title='bbox 675 3693 827 3734; x_wconf 92' lang='lat' dir='ltr'><strong>usum</strong></span> <span class='ocrx_word' id='word_1_310' title='bbox 861 3699 876 3736; x_wconf 86' lang='lat'>:</span> <span class='ocrx_word' id='word_1_311' title='bbox 910 3682 1032 3739; x_wconf 90' lang='lat' dir='ltr'><strong>ideo</strong></span> <span class='ocrx_word' id='word_1_312' title='bbox 1057 3686 1180 3755; x_wconf 88' lang='lat' dir='ltr'><strong>quia</strong></span> <span class='ocrx_word' id='word_1_313' title='bbox 1226 3703 1322 3757; x_wconf 89' lang='lat' dir='ltr'><strong>per</strong></span> <span class='ocrx_word' id='word_1_314' title='bbox 1348 3691 1570 3759; x_wconf 84' lang='lat' dir='ltr'><strong>gratiam</strong></span> <span class='ocrx_word' id='word_1_315' title='bbox 1602 3693 1691 3747; x_wconf 92' lang='lat' dir='ltr'><strong>Dei</strong></span> <span class='ocrx_word' id='word_1_316' title='bbox 1717 3734 1731 3758; x_wconf 93' lang='lat'><strong>,</strong></span> <span class='ocrx_word' id='word_1_317' title='bbox 1766 3672 1864 3764; x_wconf 80' lang='lat' dir='ltr'><strong>pro</strong></span> <span class='ocrx_word' id='word_1_318' title='bbox 1890 3711 1986 3750; x_wconf 90' lang='lat' dir='ltr'><strong>no-</strong></span> 
     </span>
    </p>
   </div>
   <div class='ocr_carea' id='block_1_38' title="bbox 399 3766 1990 3851">
    <p class='ocr_par' dir='ltr' id='par_1_38' title="bbox 399 3766 1990 3851">
     <span class='ocr_line' id='line_1_38' title="bbox 399 3766 1990 3851; baseline 0.015 -34"><span class='ocrx_word' id='word_1_319' title='bbox 399 3766 527 3820; x_wconf 86' lang='lat' dir='ltr'><strong>stris</strong></span> <span class='ocrx_word' id='word_1_320' title='bbox 556 3767 757 3825; x_wconf 89' lang='lat' dir='ltr'><strong>viribus</strong></span> <span class='ocrx_word' id='word_1_321' title='bbox 797 3773 973 3828; x_wconf 91' lang='lat' dir='ltr'><strong>omnia</strong></span> <span class='ocrx_word' id='word_1_322' title='bbox 1006 3776 1058 3830; x_wconf 91' lang='lat' dir='ltr'><strong>in</strong></span> <span class='ocrx_word' id='word_1_323' title='bbox 1091 3778 1324 3833; x_wconf 90' lang='lat' dir='ltr'><strong>medium</strong></span> <span class='ocrx_word' id='word_1_324' title='bbox 1369 3781 1574 3850; x_wconf 89' lang='lat' dir='ltr'><strong>prolata</strong></span> <span class='ocrx_word' id='word_1_325' title='bbox 1613 3793 1770 3851; x_wconf 93' lang='lat' dir='ltr'><strong>sunt,</strong></span> <span class='ocrx_word' id='word_1_326' title='bbox 1813 3797 1865 3840; x_wconf 91' lang='lat' dir='ltr'><strong>et</strong></span> <span class='ocrx_word' id='word_1_327' title='bbox 1906 3785 1990 3842; x_wconf 92' lang='lat' dir='ltr'><strong>his</strong></span> 
     </span>
    </p>
   </div>
   <div class='ocr_carea' id='block_1_39' title="bbox 398 3857 1986 3940">
    <p class='ocr_par' dir='ltr' id='par_1_39' title="bbox 398 3857 1986 3940">
     <span class='ocr_line' id='line_1_39' title="bbox 398 3857 1986 3940; baseline 0.016 -31"><span class='ocrx_word' id='word_1_328' title='bbox 398 3871 518 3925; x_wconf 81' lang='lat' dir='ltr'><strong>quae</strong></span> <span class='ocrx_word' id='word_1_329' title='bbox 547 3857 683 3915; x_wconf 85' lang='lat' dir='ltr'><strong>lecta</strong></span> <span class='ocrx_word' id='word_1_330' title='bbox 713 3873 837 3918; x_wconf 90' lang='lat' dir='ltr'><strong>sunt</strong></span> <span class='ocrx_word' id='word_1_331' title='bbox 860 3863 1020 3922; x_wconf 91' lang='lat' dir='ltr'><strong>ﬁnem</strong></span> <span class='ocrx_word' id='word_1_332' title='bbox 1065 3869 1416 3940; x_wconf 90' lang='lat' dir='ltr'><strong>imposuimus</strong></span> <span class='ocrx_word' id='word_1_333' title='bbox 1439 3914 1456 3940; x_wconf 93' lang='lat'><strong>,</strong></span> <span class='ocrx_word' id='word_1_334' title='bbox 1498 3889 1639 3930; x_wconf 92' lang='lat' dir='ltr'><strong>nunc</strong></span> <span class='ocrx_word' id='word_1_335' title='bbox 1681 3889 1986 3934; x_wconf 89' lang='lat' dir='ltr'><strong>sermonem</strong></span> 
     </span>
    </p>
   </div>
   <div class='ocr_carea' id='block_1_40' title="bbox 396 3950 796 4008">
    <p class='ocr_par' dir='ltr' id='par_1_40' title="bbox 396 3950 796 4008">
     <span class='ocr_line' id='line_1_40' title="bbox 396 3950 796 4008; baseline 0.023 -8"><span class='ocrx_word' id='word_1_336' title='bbox 396 3950 796 4008; x_wconf 76' lang='lat' dir='ltr'><strong>contrahemus.</strong></span> 
     </span>
    </p>
   </div>
   <div class='ocr_carea' id='block_1_41' title="bbox 467 4041 1986 4131">
    <p class='ocr_par' dir='ltr' id='par_1_41' title="bbox 467 4041 1986 4131">
     <span class='ocr_line' id='line_1_41' title="bbox 467 4041 1986 4131; baseline 0.014 -35"><span class='ocrx_word' id='word_1_337' title='bbox 467 4041 554 4096; x_wconf 76' lang='lat' dir='ltr'><strong>I0.</strong></span> <span class='ocrx_word' id='word_1_338' title='bbox 587 4041 834 4118; x_wconf 76' lang='lat' dir='ltr'><strong>Epilogus</strong></span> <span class='ocrx_word' id='word_1_339' title='bbox 854 4050 1396 4111; x_wconf 46' lang='lat' dir='ltr'><strong>humiliter-Possem</strong></span> <span class='ocrx_word' id='word_1_340' title='bbox 1416 4057 1630 4128; x_wconf 88' lang='lat' dir='ltr'><strong>quidem</strong></span> <span class='ocrx_word' id='word_1_341' title='bbox 1655 4068 1710 4115; x_wconf 89' lang='lat' dir='ltr'><strong>et</strong></span> <span class='ocrx_word' id='word_1_342' title='bbox 1729 4060 1829 4114; x_wconf 88' lang='lat' dir='ltr'><strong>alia</strong></span> <span class='ocrx_word' id='word_1_343' title='bbox 1859 4076 1986 4131; x_wconf 87' lang='lat' dir='ltr'><strong>pro-</strong></span> 
     </span>
    </p>
   </div>
   <div class='ocr_carea' id='block_1_42' title="bbox 391 4130 1987 4221">
    <p class='ocr_par' dir='ltr' id='par_1_42' title="bbox 391 4130 1987 4221">
     <span class='ocr_line' id='line_1_42' title="bbox 391 4130 1987 4221; baseline 0.016 -36"><span class='ocrx_word' id='word_1_344' title='bbox 391 4130 522 4187; x_wconf 83' lang='lat' dir='ltr'><strong>ferri</strong></span> <span class='ocrx_word' id='word_1_345' title='bbox 547 4175 562 4201; x_wconf 91' lang='lat'><strong>,</strong></span> <span class='ocrx_word' id='word_1_346' title='bbox 589 4144 637 4190; x_wconf 89' lang='lat' dir='ltr'><strong>cl</strong></span> <span class='ocrx_word' id='word_1_347' title='bbox 672 4137 864 4195; x_wconf 89' lang='lat' dir='ltr'><strong>iterum</strong></span> <span class='ocrx_word' id='word_1_348' title='bbox 894 4145 1181 4199; x_wconf 88' lang='lat' dir='ltr'><strong>monstrari</strong></span> <span class='ocrx_word' id='word_1_349' title='bbox 1210 4145 1466 4204; x_wconf 85' lang='lat' dir='ltr'><strong>inﬂictam</strong></span> <span class='ocrx_word' id='word_1_350' title='bbox 1500 4149 1623 4206; x_wconf 89' lang='lat' dir='ltr'><strong>hinc</strong></span> <span class='ocrx_word' id='word_1_351' title='bbox 1648 4130 1897 4221; x_wconf 17' lang='lat' dir='ltr'><strong>ptenami,</strong></span> <span class='ocrx_word' id='word_1_352' title='bbox 1931 4165 1987 4210; x_wconf 90' lang='lat' dir='ltr'><strong>et</strong></span> 
     </span>
    </p>
   </div>
   <div class='ocr_carea' id='block_1_43' title="bbox 396 4225 1984 4313">
    <p class='ocr_par' dir='ltr' id='par_1_43' title="bbox 396 4225 1984 4313">
     <span class='ocr_line' id='line_1_43' title="bbox 396 4225 1984 4313; baseline 0.015 -37"><span class='ocrx_word' id='word_1_353' title='bbox 396 4225 773 4284; x_wconf 88' lang='lat' dir='ltr'><strong>mortalitatem</strong></span> <span class='ocrx_word' id='word_1_354' title='bbox 807 4232 857 4284; x_wconf 92' lang='lat' dir='ltr'><strong>in</strong></span> <span class='ocrx_word' id='word_1_355' title='bbox 886 4247 985 4287; x_wconf 92' lang='lat' dir='ltr'><strong>nos</strong></span> <span class='ocrx_word' id='word_1_356' title='bbox 1011 4235 1281 4291; x_wconf 89' lang='lat' dir='ltr'><strong>inductam</strong></span> <span class='ocrx_word' id='word_1_357' title='bbox 1311 4279 1326 4305; x_wconf 93' lang='lat'><strong>,</strong></span> <span class='ocrx_word' id='word_1_358' title='bbox 1357 4239 1576 4294; x_wconf 88' lang='lat' dir='ltr'><strong>multam</strong></span> <span class='ocrx_word' id='word_1_359' title='bbox 1605 4241 1855 4313; x_wconf 87' lang='lat' dir='ltr'><strong>abyssum</strong></span> <span class='ocrx_word' id='word_1_360' title='bbox 1885 4244 1984 4300; x_wconf 84' lang='lat' dir='ltr'><strong>ha-</strong></span> 
     </span>
    </p>
   </div>
   <div class='ocr_carea' id='block_1_44' title="bbox 387 4315 1987 4392">
    <p class='ocr_par' dir='ltr' id='par_1_44' title="bbox 387 4315 1987 4392">
     <span class='ocr_line' id='line_1_44' title="bbox 387 4315 1987 4392; baseline 0.016 -24"><span class='ocrx_word' id='word_1_361' title='bbox 387 4315 527 4371; x_wconf 89' lang='lat' dir='ltr'><strong>bere</strong></span> <span class='ocrx_word' id='word_1_362' title='bbox 555 4317 746 4374; x_wconf 76' lang='lat' dir='ltr'><strong>divina:</strong></span> <span class='ocrx_word' id='word_1_363' title='bbox 776 4323 1156 4383; x_wconf 72' lang='lat' dir='ltr'><strong>misericordiae</strong></span> <span class='ocrx_word' id='word_1_364' title='bbox 1181 4346 1193 4381; x_wconf 92' lang='lat'><strong>:</strong></span> <span class='ocrx_word' id='word_1_365' title='bbox 1226 4330 1322 4385; x_wconf 90' lang='lat' dir='ltr'><strong>sed</strong></span> <span class='ocrx_word' id='word_1_366' title='bbox 1351 4347 1420 4386; x_wconf 92' lang='lat' dir='ltr'><strong>ne</strong></span> <span class='ocrx_word' id='word_1_367' title='bbox 1450 4333 1788 4391; x_wconf 84' lang='lat' dir='ltr'><strong>multitudine</strong></span> <span class='ocrx_word' id='word_1_368' title='bbox 1816 4336 1987 4392; x_wconf 89' lang='lat' dir='ltr'><strong>dicto-</strong></span> 
     </span>
    </p>
   </div>
   <div class='ocr_carea' id='block_1_45' title="bbox 392 4417 1980 4499">
    <p class='ocr_par' dir='ltr' id='par_1_45' title="bbox 392 4417 1980 4499">
     <span class='ocr_line' id='line_1_45' title="bbox 392 4417 1980 4499; baseline 0.016 -40"><span class='ocrx_word' id='word_1_369' title='bbox 392 4421 511 4460; x_wconf 89' lang='lat' dir='ltr'><strong>rum</strong></span> <span class='ocrx_word' id='word_1_370' title='bbox 535 4418 766 4466; x_wconf 90' lang='lat' dir='ltr'><strong>mentcm</strong></span> <span class='ocrx_word' id='word_1_371' title='bbox 786 4424 1017 4470; x_wconf 88' lang='lat' dir='ltr'><strong>vestram</strong></span> <span class='ocrx_word' id='word_1_372' title='bbox 1039 4417 1348 4486; x_wconf 90' lang='lat' dir='ltr'><strong>obruamus,</strong></span> <span class='ocrx_word' id='word_1_373' title='bbox 1363 4436 1480 4493; x_wconf 90' lang='lat' dir='ltr'><strong>age,</strong></span> <span class='ocrx_word' id='word_1_374' title='bbox 1495 4424 1842 4484; x_wconf 85' lang='lat' dir='ltr'><strong>Obsecremus</strong></span> <span class='ocrx_word' id='word_1_375' title='bbox 1863 4446 1980 4499; x_wconf 92' lang='lat' dir='ltr'><strong>vos,</strong></span> 
     </span>
    </p>
   </div>
   <div class='ocr_carea' id='block_1_46' title="bbox 393 4499 1980 4589">
    <p class='ocr_par' dir='ltr' id='par_1_46' title="bbox 393 4499 1980 4589">
     <span class='ocr_line' id='line_1_46' title="bbox 393 4499 1980 4589; baseline 0.018 -40"><span class='ocrx_word' id='word_1_376' title='bbox 393 4504 453 4551; x_wconf 89' lang='lat' dir='ltr'><strong>ut</strong></span> <span class='ocrx_word' id='word_1_377' title='bbox 475 4511 596 4552; x_wconf 91' lang='lat' dir='ltr'><strong>cum</strong></span> <span class='ocrx_word' id='word_1_378' title='bbox 625 4499 748 4556; x_wconf 90' lang='lat' dir='ltr'><strong>hinc</strong></span> <span class='ocrx_word' id='word_1_379' title='bbox 777 4504 1035 4574; x_wconf 89' lang='lat' dir='ltr'><strong>abieritis,</strong></span> <span class='ocrx_word' id='word_1_380' title='bbox 1067 4525 1135 4565; x_wconf 90' lang='lat' dir='ltr'><strong>ne</strong></span> <span class='ocrx_word' id='word_1_381' title='bbox 1157 4511 1208 4565; x_wconf 93' lang='lat' dir='ltr'><strong>in</strong></span> <span class='ocrx_word' id='word_1_382' title='bbox 1227 4515 1596 4570; x_wconf 88' lang='lat' dir='ltr'><strong>conventicula</strong></span> <span class='ocrx_word' id='word_1_383' title='bbox 1620 4518 1980 4589; x_wconf 88' lang='lat' dir='ltr'><strong>insipientium</strong></span> 
     </span>
    </p>
   </div>
   <div class='ocr_carea' id='block_1_47' title="bbox 393 4591 1977 4684">
    <p class='ocr_par' dir='ltr' id='par_1_47' title="bbox 393 4591 1977 4684">
     <span class='ocr_line' id='line_1_47' title="bbox 393 4591 1977 4684; baseline 0.019 -45"><span class='ocrx_word' id='word_1_384' title='bbox 393 4603 487 4684; x_wconf 82' lang='lat' dir='ltr'><strong>vos</strong></span> <span class='ocrx_word' id='word_1_385' title='bbox 507 4591 817 4664; x_wconf 79' lang='lat' dir='ltr'><strong>conferatis,</strong></span> <span class='ocrx_word' id='word_1_386' title='bbox 838 4613 1012 4668; x_wconf 91' lang='lat' dir='ltr'><strong>neque</strong></span> <span class='ocrx_word' id='word_1_387' title='bbox 1038 4601 1422 4674; x_wconf 83' lang='lat' dir='ltr'><strong>intempestiva:</strong></span> <span class='ocrx_word' id='word_1_388' title='bbox 1443 4612 1729 4678; x_wconf 85' lang='lat' dir='ltr'><strong>nugaeitati</strong></span> <span class='ocrx_word' id='word_1_389' title='bbox 1755 4616 1977 4684; x_wconf 87' lang='lat' dir='ltr'><strong>vacetis,</strong></span> 
     </span>
    </p>
   </div>
   <div class='ocr_carea' id='block_1_48' title="bbox 391 4681 1980 4775">
    <p class='ocr_par' dir='ltr' id='par_1_48' title="bbox 391 4681 1980 4775">
     <span class='ocr_line' id='line_1_48' title="bbox 391 4681 1980 4775; baseline 0.015 -38"><span class='ocrx_word' id='word_1_390' title='bbox 391 4681 490 4775; x_wconf 67' lang='lat' dir='ltr'><strong>sed</strong></span> <span class='ocrx_word' id='word_1_391' title='bbox 513 4684 652 4752; x_wconf 90' lang='lat' dir='ltr'><strong>apud</strong></span> <span class='ocrx_word' id='word_1_392' title='bbox 698 4703 792 4743; x_wconf 86' lang='lat' dir='ltr'><strong>vos</strong></span> <span class='ocrx_word' id='word_1_393' title='bbox 847 4689 1124 4762; x_wconf 89' lang='lat' dir='ltr'><strong>intelligite</strong></span> <span class='ocrx_word' id='word_1_394' title='bbox 1172 4705 1226 4750; x_wconf 88' lang='lat' dir='ltr'><strong>et</strong></span> <span class='ocrx_word' id='word_1_395' title='bbox 1267 4710 1388 4751; x_wconf 91' lang='lat' dir='ltr'><strong>cum</strong></span> <span class='ocrx_word' id='word_1_396' title='bbox 1433 4698 1551 4753; x_wconf 92' lang='lat' dir='ltr'><strong>aliis</strong></span> <span class='ocrx_word' id='word_1_397' title='bbox 1590 4701 1821 4773; x_wconf 82' lang='lat' dir='ltr'><strong>colligite</strong></span> <span class='ocrx_word' id='word_1_398' title='bbox 1861 4681 1980 4775; x_wconf 82' lang='lat' dir='ltr'><strong>quae</strong></span> 
     </span>
    </p>
   </div>
   <div class='ocr_carea' id='block_1_49' title="bbox 391 4773 1975 4864">
    <p class='ocr_par' dir='ltr' id='par_1_49' title="bbox 391 4773 1975 4864">
     <span class='ocr_line' id='line_1_49' title="bbox 391 4773 1975 4864; baseline 0.014 -36"><span class='ocrx_word' id='word_1_399' title='bbox 391 4773 532 4830; x_wconf 90' lang='lat' dir='ltr'><strong>dicta</strong></span> <span class='ocrx_word' id='word_1_400' title='bbox 556 4786 680 4832; x_wconf 90' lang='lat' dir='ltr'><strong>sunt</strong></span> <span class='ocrx_word' id='word_1_401' title='bbox 707 4820 722 4845; x_wconf 91' lang='lat'><strong>,</strong></span> <span class='ocrx_word' id='word_1_402' title='bbox 746 4787 801 4835; x_wconf 89' lang='lat' dir='ltr'><strong>et</strong></span> <span class='ocrx_word' id='word_1_403' title='bbox 831 4781 882 4834; x_wconf 91' lang='lat' dir='ltr'><strong>in</strong></span> <span class='ocrx_word' id='word_1_404' title='bbox 916 4785 1228 4839; x_wconf 87' lang='lat' dir='ltr'><strong>memoriam</strong></span> <span class='ocrx_word' id='word_1_405' title='bbox 1265 4786 1460 4843; x_wconf 78' lang='lat' dir='ltr'><strong>referte</strong></span> <span class='ocrx_word' id='word_1_406' title='bbox 1484 4831 1499 4856; x_wconf 95' lang='lat'><strong>,</strong></span> <span class='ocrx_word' id='word_1_407' title='bbox 1531 4791 1784 4860; x_wconf 89' lang='lat' dir='ltr'><strong>quidnam</strong></span> <span class='ocrx_word' id='word_1_408' title='bbox 1815 4773 1975 4864; x_wconf 81' lang='lat' dir='ltr'><strong>judex</strong></span> 
     </span>
    </p>
   </div>
   <div class='ocr_carea' id='block_1_50' title="bbox 391 4869 1979 4954">
    <p class='ocr_par' dir='ltr' id='par_1_50' title="bbox 391 4869 1979 4954">
     <span class='ocr_line' id='line_1_50' title="bbox 391 4869 1979 4954; baseline 0.014 -35"><span class='ocrx_word' id='word_1_409' title='bbox 391 4869 769 4937; x_wconf 84' lang='lat' dir='ltr'><strong>responderit,</strong></span> <span class='ocrx_word' id='word_1_410' title='bbox 798 4873 924 4943; x_wconf 90' lang='lat' dir='ltr'><strong>quid</strong></span> <span class='ocrx_word' id='word_1_411' title='bbox 969 4875 1044 4930; x_wconf 91' lang='lat' dir='ltr'><strong>rei</strong></span> <span class='ocrx_word' id='word_1_412' title='bbox 1084 4891 1180 4944; x_wconf 88' lang='lat' dir='ltr'><strong>pro</strong></span> <span class='ocrx_word' id='word_1_413' title='bbox 1226 4893 1284 4934; x_wconf 92' lang='lat' dir='ltr'><strong>se</strong></span> <span class='ocrx_word' id='word_1_414' title='bbox 1321 4879 1596 4949; x_wconf 85' lang='lat' dir='ltr'><strong>dixerint,</strong></span> <span class='ocrx_word' id='word_1_415' title='bbox 1625 4891 1680 4937; x_wconf 90' lang='lat' dir='ltr'><strong>et</strong></span> <span class='ocrx_word' id='word_1_416' title='bbox 1711 4886 1979 4954; x_wconf 91' lang='lat' dir='ltr'><strong>quomodo</strong></span> 
     </span>
    </p>
   </div>
   <div class='ocr_carea' id='block_1_51' title="bbox 389 4958 1978 5046">
    <p class='ocr_par' dir='ltr' id='par_1_51' title="bbox 389 4958 1978 5046">
     <span class='ocr_line' id='line_1_51' title="bbox 389 4958 1978 5046; baseline 0.013 -35"><span class='ocrx_word' id='word_1_417' title='bbox 389 4958 560 5013; x_wconf 85' lang='lat' dir='ltr'><strong>Adam</strong></span> <span class='ocrx_word' id='word_1_418' title='bbox 587 4961 800 5030; x_wconf 89' lang='lat' dir='ltr'><strong>culpam</strong></span> <span class='ocrx_word' id='word_1_419' title='bbox 831 4965 882 5018; x_wconf 91' lang='lat' dir='ltr'><strong>in</strong></span> <span class='ocrx_word' id='word_1_420' title='bbox 909 4979 1128 5021; x_wconf 84' lang='lat' dir='ltr'><strong>uxorem</strong></span> <span class='ocrx_word' id='word_1_421' title='bbox 1159 4971 1524 5036; x_wconf 89' lang='lat' dir='ltr'><strong>transtulerit,</strong></span> <span class='ocrx_word' id='word_1_422' title='bbox 1552 4972 1642 5027; x_wconf 88' lang='lat' dir='ltr'><strong>illa</strong></span> <span class='ocrx_word' id='word_1_423' title='bbox 1666 4973 1716 5028; x_wconf 92' lang='lat' dir='ltr'><strong>in</strong></span> <span class='ocrx_word' id='word_1_424' title='bbox 1753 4990 1978 5046; x_wconf 80' lang='lat' dir='ltr'><strong>serpen-</strong></span> 
     </span>
    </p>
   </div>
   <div class='ocr_carea' id='block_1_52' title="bbox 381 5057 1976 5139">
    <p class='ocr_par' dir='ltr' id='par_1_52' title="bbox 381 5057 1976 5139">
     <span class='ocr_line' id='line_1_52' title="bbox 381 5057 1976 5139; baseline 0.013 -34"><span class='ocrx_word' id='word_1_425' title='bbox 381 5057 517 5116; x_wconf 87' lang='lat' dir='ltr'><strong>tem,</strong></span> <span class='ocrx_word' id='word_1_426' title='bbox 547 5057 815 5124; x_wconf 89' lang='lat' dir='ltr'><strong>quomodo</strong></span> <span class='ocrx_word' id='word_1_427' title='bbox 837 5058 963 5114; x_wconf 90' lang='lat' dir='ltr'><strong>item</strong></span> <span class='ocrx_word' id='word_1_428' title='bbox 989 5059 1129 5116; x_wconf 89' lang='lat' dir='ltr'><strong>Deus</strong></span> <span class='ocrx_word' id='word_1_429' title='bbox 1146 5063 1304 5117; x_wconf 87' lang='lat' dir='ltr'><strong>etiam</strong></span> <span class='ocrx_word' id='word_1_430' title='bbox 1334 5063 1476 5121; x_wconf 91' lang='lat' dir='ltr'><strong>hunc</strong></span> <span class='ocrx_word' id='word_1_431' title='bbox 1507 5066 1756 5135; x_wconf 89' lang='lat' dir='ltr'><strong>punierit,</strong></span> <span class='ocrx_word' id='word_1_432' title='bbox 1786 5078 1839 5124; x_wconf 91' lang='lat' dir='ltr'><strong>et</strong></span> <span class='ocrx_word' id='word_1_433' title='bbox 1861 5084 1976 5139; x_wconf 77' lang='lat' dir='ltr'><strong>poe-</strong></span> 
     </span>
    </p>
   </div>
   <div class='ocr_carea' id='block_1_53' title="bbox 388 5147 1976 5232">
    <p class='ocr_par' dir='ltr' id='par_1_53' title="bbox 388 5147 1976 5232">
     <span class='ocr_line' id='line_1_53' title="bbox 388 5147 1976 5232; baseline 0.014 -36"><span class='ocrx_word' id='word_1_434' title='bbox 388 5159 509 5199; x_wconf 87' lang='lat' dir='ltr'><strong>nam</strong></span> <span class='ocrx_word' id='word_1_435' title='bbox 542 5147 615 5201; x_wconf 93' lang='lat' dir='ltr'><strong>illi</strong></span> <span class='ocrx_word' id='word_1_436' title='bbox 646 5155 760 5205; x_wconf 89' lang='lat' dir='ltr'><strong>toto</strong></span> <span class='ocrx_word' id='word_1_437' title='bbox 786 5151 983 5207; x_wconf 64' lang='lat' dir='ltr'><strong>saaculo</strong></span> <span class='ocrx_word' id='word_1_438' title='bbox 1003 5152 1310 5210; x_wconf 89' lang='lat' dir='ltr'><strong>duraturam</strong></span> <span class='ocrx_word' id='word_1_439' title='bbox 1335 5157 1586 5214; x_wconf 80' lang='lat' dir='ltr'><strong>indixerit</strong></span> <span class='ocrx_word' id='word_1_440' title='bbox 1605 5201 1620 5227; x_wconf 91' lang='lat'><strong>,</strong></span> <span class='ocrx_word' id='word_1_441' title='bbox 1653 5176 1976 5232; x_wconf 84' lang='lat' dir='ltr'><strong>gravemque</strong></span> 
     </span>
    </p>
   </div>
   <div class='ocr_carea' id='block_1_54' title="bbox 388 5236 1978 5320">
    <p class='ocr_par' dir='ltr' id='par_1_54' title="bbox 388 5236 1978 5320">
     <span class='ocr_line' id='line_1_54' title="bbox 388 5236 1978 5320; baseline 0.013 -33"><span class='ocrx_word' id='word_1_442' title='bbox 388 5236 440 5288; x_wconf 92' lang='lat' dir='ltr'><strong>in</strong></span> <span class='ocrx_word' id='word_1_443' title='bbox 483 5236 628 5292; x_wconf 90' lang='lat' dir='ltr'><strong>illum</strong></span> <span class='ocrx_word' id='word_1_444' title='bbox 673 5240 1095 5312; x_wconf 83' lang='lat' dir='ltr'><strong>indignationem</strong></span> <span class='ocrx_word' id='word_1_445' title='bbox 1133 5246 1523 5317; x_wconf 86' lang='lat' dir='ltr'><strong>declaraverit,</strong></span> <span class='ocrx_word' id='word_1_446' title='bbox 1571 5260 1730 5320; x_wconf 85' lang='lat' dir='ltr'><strong>atque</strong></span> <span class='ocrx_word' id='word_1_447' title='bbox 1764 5266 1831 5305; x_wconf 85' lang='lat' dir='ltr'><strong>ex</strong></span> <span class='ocrx_word' id='word_1_448' title='bbox 1875 5253 1978 5307; x_wconf 89' lang='lat' dir='ltr'><strong>hoc</strong></span> 
     </span>
    </p>
   </div>
   <div class='ocr_carea' id='block_1_55' title="bbox 385 5326 1972 5408">
    <p class='ocr_par' dir='ltr' id='par_1_55' title="bbox 385 5326 1972 5408">
     <span class='ocr_line' id='line_1_55' title="bbox 385 5326 1972 5408; baseline 0.011 -30"><span class='ocrx_word' id='word_1_449' title='bbox 385 5326 682 5381; x_wconf 88' lang='lat' dir='ltr'><strong>ostenderit</strong></span> <span class='ocrx_word' id='word_1_450' title='bbox 727 5346 875 5390; x_wconf 90' lang='lat' dir='ltr'><strong>suam</strong></span> <span class='ocrx_word' id='word_1_451' title='bbox 923 5351 1046 5406; x_wconf 88' lang='lat' dir='ltr'><strong>erga</strong></span> <span class='ocrx_word' id='word_1_452' title='bbox 1078 5336 1331 5408; x_wconf 88' lang='lat' dir='ltr'><strong>deceptos</strong></span> <span class='ocrx_word' id='word_1_453' title='bbox 1373 5353 1577 5393; x_wconf 91' lang='lat' dir='ltr'><strong>curam.</strong></span> <span class='ocrx_word' id='word_1_454' title='bbox 1620 5339 1696 5394; x_wconf 86' lang='lat' dir='ltr'><strong>Ex</strong></span> <span class='ocrx_word' id='word_1_455' title='bbox 1725 5356 1790 5396; x_wconf 89' lang='lat' dir='ltr'><strong>eo</strong></span> <span class='ocrx_word' id='word_1_456' title='bbox 1831 5343 1972 5396; x_wconf 89' lang='lat' dir='ltr'><strong>enim</strong></span> 
     </span>
    </p>
   </div>
   <div class='ocr_carea' id='block_1_56' title="bbox 385 5415 1969 5500">
    <p class='ocr_par' dir='ltr' id='par_1_56' title="bbox 385 5415 1969 5500">
     <span class='ocr_line' id='line_1_56' title="bbox 385 5415 1969 5500; baseline 0.014 -34"><span class='ocrx_word' id='word_1_457' title='bbox 385 5415 527 5482; x_wconf 66' lang='lat' dir='ltr'><strong>quoxl</strong></span> <span class='ocrx_word' id='word_1_458' title='bbox 555 5415 903 5487; x_wconf 88' lang='lat' dir='ltr'><strong>deeipientem</strong></span> <span class='ocrx_word' id='word_1_459' title='bbox 931 5426 1008 5481; x_wconf 91' lang='lat' dir='ltr'><strong>sic</strong></span> <span class='ocrx_word' id='word_1_460' title='bbox 1039 5427 1177 5483; x_wconf 90' lang='lat' dir='ltr'><strong>ultus</strong></span> <span class='ocrx_word' id='word_1_461' title='bbox 1211 5438 1294 5483; x_wconf 92' lang='lat' dir='ltr'><strong>est</strong></span> <span class='ocrx_word' id='word_1_462' title='bbox 1316 5470 1330 5494; x_wconf 95' lang='lat'><strong>,</strong></span> <span class='ocrx_word' id='word_1_463' title='bbox 1359 5429 1670 5500; x_wconf 81' lang='lat' dir='ltr'><strong>intelligitur</strong></span> <span class='ocrx_word' id='word_1_464' title='bbox 1693 5431 1762 5486; x_wconf 90' lang='lat' dir='ltr'><strong>ab</strong></span> <span class='ocrx_word' id='word_1_465' title='bbox 1784 5446 1849 5486; x_wconf 90' lang='lat' dir='ltr'><strong>eo</strong></span> <span class='ocrx_word' id='word_1_466' title='bbox 1874 5432 1969 5488; x_wconf 88' lang='lat' dir='ltr'><strong>de-</strong></span> 
     </span>
    </p>
   </div>
   <div class='ocr_carea' id='block_1_57' title="bbox 385 5509 1970 5592">
    <p class='ocr_par' dir='ltr' id='par_1_57' title="bbox 385 5509 1970 5592">
     <span class='ocr_line' id='line_1_57' title="bbox 385 5509 1970 5592; baseline 0.013 -35"><span class='ocrx_word' id='word_1_467' title='bbox 385 5514 570 5574; x_wconf 79' lang='lat' dir='ltr'><strong>ceptos</strong></span> <span class='ocrx_word' id='word_1_468' title='bbox 595 5521 688 5562; x_wconf 91' lang='lat' dir='ltr'><strong>eos</strong></span> <span class='ocrx_word' id='word_1_469' title='bbox 709 5509 890 5580; x_wconf 81' lang='lat' dir='ltr'><strong>fuisse,</strong></span> <span class='ocrx_word' id='word_1_470' title='bbox 910 5517 997 5584; x_wconf 88' lang='lat' dir='ltr'><strong>qui</strong></span> <span class='ocrx_word' id='word_1_471' title='bbox 1021 5517 1130 5573; x_wconf 89' lang='lat' dir='ltr'><strong>Deo</strong></span> <span class='ocrx_word' id='word_1_472' title='bbox 1144 5519 1295 5574; x_wconf 89' lang='lat' dir='ltr'><strong>valde</strong></span> <span class='ocrx_word' id='word_1_473' title='bbox 1309 5520 1444 5590; x_wconf 85' lang='lat' dir='ltr'><strong>grati</strong></span> <span class='ocrx_word' id='word_1_474' title='bbox 1462 5529 1631 5585; x_wconf 89' lang='lat' dir='ltr'><strong>erant,</strong></span> <span class='ocrx_word' id='word_1_475' title='bbox 1648 5531 1700 5576; x_wconf 93' lang='lat' dir='ltr'><strong>et</strong></span> <span class='ocrx_word' id='word_1_476' title='bbox 1723 5537 1819 5590; x_wconf 90' lang='lat' dir='ltr'><strong>pro</strong></span> <span class='ocrx_word' id='word_1_477' title='bbox 1851 5523 1970 5592; x_wconf 86' lang='lat' dir='ltr'><strong>qui-</strong></span> 
     </span>
    </p>
   </div>
   <div class='ocr_carea' id='block_1_58' title="bbox 387 5594 1972 5684">
    <p class='ocr_par' dir='ltr' id='par_1_58' title="bbox 387 5594 1972 5684">
     <span class='ocr_line' id='line_1_58' title="bbox 387 5594 1972 5684; baseline 0.015 -39"><span class='ocrx_word' id='word_1_478' title='bbox 387 5594 488 5684; x_wconf 88' lang='lat' dir='ltr'><strong>bus</strong></span> <span class='ocrx_word' id='word_1_479' title='bbox 530 5597 752 5652; x_wconf 89' lang='lat' dir='ltr'><strong>multum</strong></span> <span class='ocrx_word' id='word_1_480' title='bbox 791 5604 1045 5663; x_wconf 90' lang='lat' dir='ltr'><strong>sollicitus</strong></span> <span class='ocrx_word' id='word_1_481' title='bbox 1077 5609 1265 5665; x_wconf 88' lang='lat' dir='ltr'><strong>fuerat.</strong></span> <span class='ocrx_word' id='word_1_482' title='bbox 1318 5609 1447 5666; x_wconf 90' lang='lat' dir='ltr'><strong>Dein</strong></span> <span class='ocrx_word' id='word_1_483' title='bbox 1493 5623 1817 5668; x_wconf 89' lang='lat' dir='ltr'><strong>mementote</strong></span> <span class='ocrx_word' id='word_1_484' title='bbox 1846 5627 1972 5684; x_wconf 88' lang='lat' dir='ltr'><strong>sup-</strong></span> 
     </span>
    </p>
   </div>
   <div class='ocr_carea' id='block_1_59' title="bbox 387 5683 1972 5773">
    <p class='ocr_par' dir='ltr' id='par_1_59' title="bbox 387 5683 1972 5773">
     <span class='ocr_line' id='line_1_59' title="bbox 387 5683 1972 5773; baseline 0.005 -23"><span class='ocrx_word' id='word_1_485' title='bbox 387 5683 526 5749; x_wconf 85' lang='lat' dir='ltr'><strong>incii</strong></span> <span class='ocrx_word' id='word_1_486' title='bbox 559 5689 817 5758; x_wconf 86' lang='lat' dir='ltr'><strong>mulieris,</strong></span> <span class='ocrx_word' id='word_1_487' title='bbox 842 5705 894 5750; x_wconf 89' lang='lat' dir='ltr'><strong>et</strong></span> <span class='ocrx_word' id='word_1_488' title='bbox 910 5712 1083 5766; x_wconf 68' lang='lat' dir='ltr'><strong>poma:</strong></span> <span class='ocrx_word' id='word_1_489' title='bbox 1103 5715 1219 5769; x_wconf 75' lang='lat' dir='ltr'><strong>qua:</strong></span> <span class='ocrx_word' id='word_1_490' title='bbox 1236 5701 1311 5756; x_wconf 91' lang='lat' dir='ltr'><strong>illi</strong></span> <span class='ocrx_word' id='word_1_491' title='bbox 1332 5701 1528 5756; x_wconf 78' lang='lat' dir='ltr'><strong>inflicta</strong></span> <span class='ocrx_word' id='word_1_492' title='bbox 1549 5712 1650 5767; x_wconf 90' lang='lat' dir='ltr'><strong>est,</strong></span> <span class='ocrx_word' id='word_1_493' title='bbox 1670 5703 1778 5758; x_wconf 91' lang='lat' dir='ltr'><strong>imo</strong></span> <span class='ocrx_word' id='word_1_494' title='bbox 1796 5683 1972 5773; x_wconf 86' lang='lat' dir='ltr'><strong>potius</strong></span> 
     </span>
    </p>
   </div>
   <div class='ocr_carea' id='block_1_60' title="bbox 381 5773 1968 5865">
    <p class='ocr_par' dir='ltr' id='par_1_60' title="bbox 381 5773 1968 5865">
     <span class='ocr_line' id='line_1_60' title="bbox 381 5773 1968 5865; baseline 0.007 -28"><span class='ocrx_word' id='word_1_495' title='bbox 381 5773 763 5837; x_wconf 56' lang='lat' dir='ltr'><strong>admonitionis</strong></span> <span class='ocrx_word' id='word_1_496' title='bbox 793 5822 806 5849; x_wconf 88' lang='lat'><strong>,</strong></span> <span class='ocrx_word' id='word_1_497' title='bbox 846 5795 898 5842; x_wconf 87' lang='lat' dir='ltr'><strong>et</strong></span> <span class='ocrx_word' id='word_1_498' title='bbox 939 5789 1016 5844; x_wconf 91' lang='lat' dir='ltr'><strong>sic</strong></span> <span class='ocrx_word' id='word_1_499' title='bbox 1053 5803 1264 5860; x_wconf 87' lang='lat' dir='ltr'><strong>quoque</strong></span> <span class='ocrx_word' id='word_1_500' title='bbox 1300 5791 1654 5850; x_wconf 85' lang='lat' dir='ltr'><strong>rccordemiui</strong></span> <span class='ocrx_word' id='word_1_501' title='bbox 1699 5809 1819 5865; x_wconf 70' lang='lat' dir='ltr'><strong>qua:</strong></span> <span class='ocrx_word' id='word_1_502' title='bbox 1864 5794 1968 5850; x_wconf 81' lang='lat' dir='ltr'><strong>sint</strong></span> 
     </span>
    </p>
   </div>
   <div class='ocr_carea' id='block_1_61' title="bbox 1121 368 2941 432">
    <p class='ocr_par' dir='ltr' id='par_1_61' title="bbox 1121 368 2941 432">
     <span class='ocr_line' id='line_1_61' title="bbox 1121 368 2941 432; baseline -0.003 0"><span class='ocrx_word' id='word_1_503' title='bbox 1121 375 1177 432; x_wconf 91' lang='lat' dir='ltr'><strong>S.</strong></span> <span class='ocrx_word' id='word_1_504' title='bbox 1217 374 1496 432; x_wconf 80' lang='lat' dir='ltr'><strong>JOANNIS</strong></span> <span class='ocrx_word' id='word_1_505' title='bbox 1533 368 2011 431; x_wconf 68' lang='lat' dir='ltr'><strong>CIIRYSOSTOMI</strong></span> <span class='ocrx_word' id='word_1_506' title='bbox 2059 368 2374 427; x_wconf 76' lang='lat' dir='ltr'><strong>ARCIIIEP.</strong></span> <span class='ocrx_word' id='word_1_507' title='bbox 2406 368 2941 429; x_wconf 71' lang='lat' dir='ltr'><strong>CONSTANTINOP.</strong></span> 
     </span>
    </p>
   </div>
   <div class='ocr_carea' id='block_1_62' title="bbox 3596 359 3698 418">
    <p class='ocr_par' dir='ltr' id='par_1_62' title="bbox 3596 359 3698 418">
     <span class='ocr_line' id='line_1_62' title="bbox 3596 359 3698 418; baseline 0.039 -5"><span class='ocrx_word' id='word_1_508' title='bbox 3596 359 3698 418; x_wconf 77' lang='grc'><strong>118</strong></span> 
     </span>
    </p>
   </div>
   <div class='ocr_carea' id='block_1_63' title="bbox 2120 482 3688 555">
    <p class='ocr_par' dir='ltr' id='par_1_63' title="bbox 2120 482 3688 555">
     <span class='ocr_line' id='line_1_63' title="bbox 2120 482 3688 555; baseline 0.002 -17"><span class='ocrx_word' id='word_1_509' title='bbox 2120 484 2249 539; x_wconf 73' lang='lat' dir='ltr'><strong>Adin</strong></span> <span class='ocrx_word' id='word_1_510' title='bbox 2300 485 2438 539; x_wconf 89' lang='lat' dir='ltr'><strong>dicta</strong></span> <span class='ocrx_word' id='word_1_511' title='bbox 2468 528 2482 552; x_wconf 91' lang='lat'><strong>,</strong></span> <span class='ocrx_word' id='word_1_512' title='bbox 2525 487 2947 555; x_wconf 88' lang='lat' dir='ltr'><strong>sententiamque</strong></span> <span class='ocrx_word' id='word_1_513' title='bbox 3007 485 3142 539; x_wconf 91' lang='lat' dir='ltr'><strong>hanc</strong></span> <span class='ocrx_word' id='word_1_514' title='bbox 3199 482 3378 539; x_wconf 89' lang='lat' dir='ltr'><strong>animo</strong></span> <span class='ocrx_word' id='word_1_515' title='bbox 3425 486 3688 554; x_wconf 80' lang='lat' dir='ltr'><strong>repetite,</strong></span> 
     </span>
    </p>
   </div>
   <div class='ocr_carea' id='block_1_64' title="bbox 2115 575 3695 648">
    <p class='ocr_par' dir='ltr' id='par_1_64' title="bbox 2115 575 3695 648">
     <span class='ocr_line' id='line_1_64' title="bbox 2115 575 3695 648; baseline 0.003 -19"><span class='ocrx_word' id='word_1_516' title='bbox 2115 575 2272 630; x_wconf 85' lang='lat' dir='ltr'><strong>Terra</strong></span> <span class='ocrx_word' id='word_1_517' title='bbox 2301 594 2354 632; x_wconf 83' lang='lat' dir='ltr'><strong>es</strong></span> <span class='ocrx_word' id='word_1_518' title='bbox 2378 619 2392 645; x_wconf 93' lang='lat'><strong>,</strong></span> <span class='ocrx_word' id='word_1_519' title='bbox 2431 588 2478 632; x_wconf 82' lang='lat' dir='ltr'><strong>et</strong></span> <span class='ocrx_word' id='word_1_520' title='bbox 2506 579 2558 633; x_wconf 87' lang='lat' dir='ltr'><strong>in</strong></span> <span class='ocrx_word' id='word_1_521' title='bbox 2589 588 2774 633; x_wconf 86' lang='lat' dir='ltr'><strong>terram</strong></span> <span class='ocrx_word' id='word_1_522' title='bbox 2803 578 2978 632; x_wconf 84' lang='lat' dir='ltr'><strong>abibis.</strong></span> <span class='ocrx_word' id='word_1_523' title='bbox 3012 578 3146 632; x_wconf 90' lang='lat' dir='ltr'><strong>IIinc</strong></span> <span class='ocrx_word' id='word_1_524' title='bbox 3171 577 3533 648; x_wconf 85' lang='lat' dir='ltr'><strong>obstupescite</strong></span> <span class='ocrx_word' id='word_1_525' title='bbox 3558 579 3695 633; x_wconf 83' lang='lat' dir='ltr'><strong>inef-</strong></span> 
     </span>
    </p>
   </div>
   <div class='ocr_carea' id='block_1_65' title="bbox 2112 665 3697 739">
    <p class='ocr_par' dir='ltr' id='par_1_65' title="bbox 2112 665 3697 739">
     <span class='ocr_line' id='line_1_65' title="bbox 2112 665 3697 739; baseline 0.004 -19"><span class='ocrx_word' id='word_1_526' title='bbox 2112 665 2322 721; x_wconf 84' lang='lat' dir='ltr'><strong>fabilem</strong></span> <span class='ocrx_word' id='word_1_527' title='bbox 2367 669 2458 722; x_wconf 90' lang='lat' dir='ltr'><strong>Dei</strong></span> <span class='ocrx_word' id='word_1_528' title='bbox 2503 669 2921 723; x_wconf 88' lang='lat' dir='ltr'><strong>miscricordiam</strong></span> <span class='ocrx_word' id='word_1_529' title='bbox 2949 710 2962 731; x_wconf 93' lang='lat'><strong>,</strong></span> <span class='ocrx_word' id='word_1_530' title='bbox 3001 668 3141 738; x_wconf 89' lang='lat' dir='ltr'><strong>quod</strong></span> <span class='ocrx_word' id='word_1_531' title='bbox 3179 684 3309 733; x_wconf 87' lang='lat' dir='ltr'><strong>nos,</strong></span> <span class='ocrx_word' id='word_1_532' title='bbox 3334 671 3423 739; x_wconf 91' lang='lat' dir='ltr'><strong>qui</strong></span> <span class='ocrx_word' id='word_1_533' title='bbox 3451 685 3515 724; x_wconf 89' lang='lat' dir='ltr'><strong>ex</strong></span> <span class='ocrx_word' id='word_1_534' title='bbox 3557 679 3697 726; x_wconf 86' lang='lat' dir='ltr'><strong>terra</strong></span> 
     </span>
    </p>
   </div>
   <div class='ocr_carea' id='block_1_66' title="bbox 2108 760 3688 825">
    <p class='ocr_par' dir='ltr' id='par_1_66' title="bbox 2108 760 3688 825">
     <span class='ocr_line' id='line_1_66' title="bbox 2108 760 3688 825; baseline 0.001 -15"><span class='ocrx_word' id='word_1_535' title='bbox 2108 769 2292 813; x_wconf 89' lang='lat' dir='ltr'><strong>sumus</strong></span> <span class='ocrx_word' id='word_1_536' title='bbox 2311 801 2326 825; x_wconf 96' lang='lat'><strong>,</strong></span> <span class='ocrx_word' id='word_1_537' title='bbox 2355 768 2409 814; x_wconf 91' lang='lat' dir='ltr'><strong>et</strong></span> <span class='ocrx_word' id='word_1_538' title='bbox 2439 760 2488 814; x_wconf 91' lang='lat' dir='ltr'><strong>in</strong></span> <span class='ocrx_word' id='word_1_539' title='bbox 2518 767 2719 816; x_wconf 90' lang='lat' dir='ltr'><strong>terram</strong></span> <span class='ocrx_word' id='word_1_540' title='bbox 2741 760 3126 825; x_wconf 75' lang='lat' dir='ltr'><strong>dissolvemur,</strong></span> <span class='ocrx_word' id='word_1_541' title='bbox 3159 761 3204 816; x_wconf 92' lang='lat' dir='ltr'><strong>si</strong></span> <span class='ocrx_word' id='word_1_542' title='bbox 3243 761 3565 815; x_wconf 81' lang='lat' dir='ltr'><strong>voluerimus</strong></span> <span class='ocrx_word' id='word_1_543' title='bbox 3590 762 3688 813; x_wconf 78' lang='lat' dir='ltr'><strong>Vir-</strong></span> 
     </span>
    </p>
   </div>
   <div class='ocr_carea' id='block_1_67' title="bbox 2109 850 3694 921">
    <p class='ocr_par' dir='ltr' id='par_1_67' title="bbox 2109 850 3694 921">
     <span class='ocr_line' id='line_1_67' title="bbox 2109 850 3694 921; baseline 0.003 -19"><span class='ocrx_word' id='word_1_544' title='bbox 2109 859 2272 903; x_wconf 88' lang='lat' dir='ltr'><strong>tutem</strong></span> <span class='ocrx_word' id='word_1_545' title='bbox 2303 850 2600 919; x_wconf 84' lang='lat' dir='ltr'><strong>amplexari</strong></span> <span class='ocrx_word' id='word_1_546' title='bbox 2632 891 2647 916; x_wconf 91' lang='lat'><strong>,</strong></span> <span class='ocrx_word' id='word_1_547' title='bbox 2680 860 2732 905; x_wconf 90' lang='lat' dir='ltr'><strong>et</strong></span> <span class='ocrx_word' id='word_1_548' title='bbox 2757 850 2880 904; x_wconf 89' lang='lat' dir='ltr'><strong>vitia</strong></span> <span class='ocrx_word' id='word_1_549' title='bbox 2908 851 3087 921; x_wconf 87' lang='lat' dir='ltr'><strong>fugere</strong></span> <span class='ocrx_word' id='word_1_550' title='bbox 3117 892 3132 915; x_wconf 94' lang='lat'><strong>,</strong></span> <span class='ocrx_word' id='word_1_551' title='bbox 3162 851 3370 920; x_wconf 85' lang='lat' dir='ltr'><strong>assequi</strong></span> <span class='ocrx_word' id='word_1_552' title='bbox 3403 850 3694 919; x_wconf 85' lang='lat' dir='ltr'><strong>poterimus</strong></span> 
     </span>
    </p>
   </div>
   <div class='ocr_carea' id='block_1_68' title="bbox 2109 939 3694 1013">
    <p class='ocr_par' dir='ltr' id='par_1_68' title="bbox 2109 939 3694 1013">
     <span class='ocr_line' id='line_1_68' title="bbox 2109 939 3694 1013; baseline 0.004 -22"><span class='ocrx_word' id='word_1_553' title='bbox 2109 939 2393 996; x_wconf 82' lang='lat' dir='ltr'><strong>iuetfabilia</strong></span> <span class='ocrx_word' id='word_1_554' title='bbox 2421 941 2510 996; x_wconf 88' lang='lat' dir='ltr'><strong>illa</strong></span> <span class='ocrx_word' id='word_1_555' title='bbox 2550 941 2689 997; x_wconf 92' lang='lat' dir='ltr'><strong>bona</strong></span> <span class='ocrx_word' id='word_1_556' title='bbox 2713 983 2728 1007; x_wconf 95' lang='lat'><strong>,</strong></span> <span class='ocrx_word' id='word_1_557' title='bbox 2751 957 2868 1013; x_wconf 72' lang='lat' dir='ltr'><strong>qua:</strong></span> <span class='ocrx_word' id='word_1_558' title='bbox 2897 943 3106 1012; x_wconf 87' lang='lat' dir='ltr'><strong>paravit</strong></span> <span class='ocrx_word' id='word_1_559' title='bbox 3124 950 3178 997; x_wconf 91' lang='lat' dir='ltr'><strong>et</strong></span> <span class='ocrx_word' id='word_1_560' title='bbox 3202 942 3444 1012; x_wconf 85' lang='lat' dir='ltr'><strong>promisit</strong></span> <span class='ocrx_word' id='word_1_561' title='bbox 3470 942 3694 1011; x_wconf 39' lang='lat' dir='ltr'><strong>diligens</strong></span> 
     </span>
    </p>
   </div>
   <div class='ocr_carea' id='block_1_69' title="bbox 2107 1031 3694 1103">
    <p class='ocr_par' dir='ltr' id='par_1_69' title="bbox 2107 1031 3694 1103">
     <span class='ocr_line' id='line_1_69' title="bbox 2107 1031 3694 1103; baseline 0.004 -19"><span class='ocrx_word' id='word_1_562' title='bbox 2107 1031 2247 1087; x_wconf 89' lang='lat' dir='ltr'><strong>tibus</strong></span> <span class='ocrx_word' id='word_1_563' title='bbox 2263 1048 2339 1093; x_wconf 88' lang='lat' dir='ltr'><strong>se.</strong></span> <span class='ocrx_word' id='word_1_564' title='bbox 2355 1049 2471 1103; x_wconf 79' lang='lat' dir='ltr'><strong>quae</strong></span> <span class='ocrx_word' id='word_1_565' title='bbox 2487 1035 2673 1090; x_wconf 89' lang='lat' dir='ltr'><strong>oculus</strong></span> <span class='ocrx_word' id='word_1_566' title='bbox 2688 1050 2793 1090; x_wconf 90' lang='lat' dir='ltr'><strong>non</strong></span> <span class='ocrx_word' id='word_1_567' title='bbox 2806 1035 2937 1090; x_wconf 84' lang='lat' dir='ltr'><strong>vidit</strong></span> <span class='ocrx_word' id='word_1_568' title='bbox 2955 1037 2992 1100; x_wconf 75' lang='grc' dir='ltr'><strong>ί,</strong></span> <span class='ocrx_word' id='word_1_569' title='bbox 3016 1036 3267 1091; x_wconf 90' lang='lat' dir='ltr'><strong>necauris</strong></span> <span class='ocrx_word' id='word_1_570' title='bbox 3284 1035 3505 1102; x_wconf 87' lang='lat' dir='ltr'><strong>audivit,</strong></span> <span class='ocrx_word' id='word_1_571' title='bbox 3525 1051 3622 1091; x_wconf 86' lang='lat' dir='ltr'><strong>nec</strong></span> <span class='ocrx_word' id='word_1_572' title='bbox 3640 1039 3694 1091; x_wconf 89' lang='lat' dir='ltr'><strong>in</strong></span> 
     </span>
    </p>
   </div>
   <div class='ocr_carea' id='block_1_70' title="bbox 2105 1123 3688 1198">
    <p class='ocr_par' dir='ltr' id='par_1_70' title="bbox 2105 1123 3688 1198">
     <span class='ocr_line' id='line_1_70' title="bbox 2105 1123 3688 1198; baseline 0.005 -23"><span class='ocrx_word' id='word_1_573' title='bbox 2105 1136 2199 1176; x_wconf 81' lang='lat' dir='ltr'><strong>cor</strong></span> <span class='ocrx_word' id='word_1_574' title='bbox 2217 1123 2446 1178; x_wconf 87' lang='lat' dir='ltr'><strong>hominis</strong></span> <span class='ocrx_word' id='word_1_575' title='bbox 2461 1125 2816 1180; x_wconf 90' lang='lat' dir='ltr'><strong>ascenderunt</strong></span> <span class='ocrx_word' id='word_1_576' title='bbox 2836 1126 2913 1196; x_wconf 87' lang='grc'><strong>(1.</strong></span> <span class='ocrx_word' id='word_1_577' title='bbox 2938 1125 3056 1180; x_wconf 87' lang='lat' dir='ltr'><strong>Cor.</strong></span> <span class='ocrx_word' id='word_1_578' title='bbox 3095 1127 3148 1180; x_wconf 71' lang='grc'><strong>2.</strong></span> <span class='ocrx_word' id='word_1_579' title='bbox 3179 1123 3256 1198; x_wconf 88' lang='grc'><strong>9).</strong></span> <span class='ocrx_word' id='word_1_580' title='bbox 3295 1125 3503 1181; x_wconf 88' lang='lat' dir='ltr'><strong>Gratias</strong></span> <span class='ocrx_word' id='word_1_581' title='bbox 3530 1127 3688 1196; x_wconf 81' lang='lat' dir='ltr'><strong>igitur</strong></span> 
     </span>
    </p>
   </div>
   <div class='ocr_carea' id='block_1_71' title="bbox 2105 1215 3694 1287">
    <p class='ocr_par' dir='ltr' id='par_1_71' title="bbox 2105 1215 3694 1287">
     <span class='ocr_line' id='line_1_71' title="bbox 2105 1215 3694 1287; baseline 0.004 -21"><span class='ocrx_word' id='word_1_582' title='bbox 2105 1215 2297 1268; x_wconf 88' lang='lat' dir='ltr'><strong>multas</strong></span> <span class='ocrx_word' id='word_1_583' title='bbox 2322 1215 2546 1270; x_wconf 92' lang='lat' dir='ltr'><strong>Domino</strong></span> <span class='ocrx_word' id='word_1_584' title='bbox 2575 1226 2757 1272; x_wconf 89' lang='lat' dir='ltr'><strong>nostro</strong></span> <span class='ocrx_word' id='word_1_585' title='bbox 2781 1217 3038 1272; x_wconf 90' lang='lat' dir='ltr'><strong>debemus</strong></span> <span class='ocrx_word' id='word_1_586' title='bbox 3063 1231 3158 1286; x_wconf 92' lang='lat' dir='ltr'><strong>pro</strong></span> <span class='ocrx_word' id='word_1_587' title='bbox 3187 1225 3262 1271; x_wconf 89' lang='lat' dir='ltr'><strong>tot</strong></span> <span class='ocrx_word' id='word_1_588' title='bbox 3287 1216 3584 1287; x_wconf 89' lang='lat' dir='ltr'><strong>talibusque</strong></span> <span class='ocrx_word' id='word_1_589' title='bbox 3605 1217 3694 1272; x_wconf 85' lang='lat' dir='ltr'><strong>be-</strong></span> 
     </span>
    </p>
   </div>
   <div class='ocr_carea' id='block_1_72' title="bbox 2104 1306 3689 1380">
    <p class='ocr_par' dir='ltr' id='par_1_72' title="bbox 2104 1306 3689 1380">
     <span class='ocr_line' id='line_1_72' title="bbox 2104 1306 3689 1380; baseline 0.004 -21"><span class='ocrx_word' id='word_1_590' title='bbox 2104 1306 2307 1361; x_wconf 89' lang='lat' dir='ltr'><strong>neﬁciis</strong></span> <span class='ocrx_word' id='word_1_591' title='bbox 2327 1325 2340 1362; x_wconf 92' lang='lat'>:</span> <span class='ocrx_word' id='word_1_592' title='bbox 2359 1318 2410 1362; x_wconf 91' lang='lat' dir='ltr'><strong>et</strong></span> <span class='ocrx_word' id='word_1_593' title='bbox 2425 1323 2485 1363; x_wconf 90' lang='lat' dir='ltr'><strong>ea</strong></span> <span class='ocrx_word' id='word_1_594' title='bbox 2504 1324 2836 1380; x_wconf 90' lang='lat' dir='ltr'><strong>nequaquam</strong></span> <span class='ocrx_word' id='word_1_595' title='bbox 2862 1325 2925 1364; x_wconf 80' lang='lat' dir='ltr'><strong>ex</strong></span> <span class='ocrx_word' id='word_1_596' title='bbox 2946 1310 3202 1364; x_wconf 90' lang='lat' dir='ltr'><strong>memoria</strong></span> <span class='ocrx_word' id='word_1_597' title='bbox 3219 1308 3530 1363; x_wconf 89' lang='lat' dir='ltr'><strong>dimittendo</strong></span> <span class='ocrx_word' id='word_1_598' title='bbox 3549 1352 3561 1373; x_wconf 93' lang='lat'><strong>,</strong></span> <span class='ocrx_word' id='word_1_599' title='bbox 3596 1325 3689 1379; x_wconf 83' lang='lat' dir='ltr'><strong>per</strong></span> 
     </span>
    </p>
   </div>
   <div class='ocr_carea' id='block_1_73' title="bbox 2104 1395 3690 1470">
    <p class='ocr_par' dir='ltr' id='par_1_73' title="bbox 2104 1395 3690 1470">
     <span class='ocr_line' id='line_1_73' title="bbox 2104 1395 3690 1470; baseline 0.003 -20"><span class='ocrx_word' id='word_1_600' title='bbox 2104 1395 2239 1450; x_wconf 88' lang='lat' dir='ltr'><strong>bona</strong></span> <span class='ocrx_word' id='word_1_601' title='bbox 2266 1410 2426 1466; x_wconf 90' lang='lat' dir='ltr'><strong>opera</strong></span> <span class='ocrx_word' id='word_1_602' title='bbox 2446 1440 2460 1463; x_wconf 95' lang='lat'><strong>,</strong></span> <span class='ocrx_word' id='word_1_603' title='bbox 2494 1407 2543 1452; x_wconf 89' lang='lat' dir='ltr'><strong>et</strong></span> <span class='ocrx_word' id='word_1_604' title='bbox 2571 1398 2808 1469; x_wconf 83' lang='lat' dir='ltr'><strong>diligenti</strong></span> <span class='ocrx_word' id='word_1_605' title='bbox 2843 1399 3106 1453; x_wconf 89' lang='lat' dir='ltr'><strong>malorum</strong></span> <span class='ocrx_word' id='word_1_606' title='bbox 3142 1397 3258 1468; x_wconf 88' lang='lat' dir='ltr'><strong>fuga</strong></span> <span class='ocrx_word' id='word_1_607' title='bbox 3283 1398 3451 1468; x_wconf 90' lang='lat' dir='ltr'><strong>ipsum</strong></span> <span class='ocrx_word' id='word_1_608' title='bbox 3479 1399 3690 1470; x_wconf 73' lang='lat' dir='ltr'><strong>mitige-</strong></span> 
     </span>
    </p>
   </div>
   <div class='ocr_carea' id='block_1_74' title="bbox 2102 1488 3687 1558">
    <p class='ocr_par' dir='ltr' id='par_1_74' title="bbox 2102 1488 3687 1558">
     <span class='ocr_line' id='line_1_74' title="bbox 2102 1488 3687 1558; baseline 0.003 -18"><span class='ocrx_word' id='word_1_609' title='bbox 2102 1500 2242 1551; x_wconf 88' lang='lat' dir='ltr'><strong>mus,</strong></span> <span class='ocrx_word' id='word_1_610' title='bbox 2258 1501 2320 1541; x_wconf 90' lang='lat' dir='ltr'><strong>ac</strong></span> <span class='ocrx_word' id='word_1_611' title='bbox 2336 1488 2618 1558; x_wconf 88' lang='lat' dir='ltr'><strong>propitium</strong></span> <span class='ocrx_word' id='word_1_612' title='bbox 2638 1488 2790 1544; x_wconf 91' lang='lat' dir='ltr'><strong>nobis</strong></span> <span class='ocrx_word' id='word_1_613' title='bbox 2806 1488 3110 1544; x_wconf 88' lang='lat' dir='ltr'><strong>reddamus.</strong></span> <span class='ocrx_word' id='word_1_614' title='bbox 3136 1489 3412 1556; x_wconf 86' lang='lat' dir='ltr'><strong>Quomodo</strong></span> <span class='ocrx_word' id='word_1_615' title='bbox 3423 1490 3565 1544; x_wconf 93' lang='lat' dir='ltr'><strong>enim</strong></span> <span class='ocrx_word' id='word_1_616' title='bbox 3583 1506 3687 1545; x_wconf 89' lang='lat' dir='ltr'><strong>non</strong></span> 
     </span>
    </p>
   </div>
   <div class='ocr_carea' id='block_1_75' title="bbox 2104 1577 3688 1650">
    <p class='ocr_par' dir='ltr' id='par_1_75' title="bbox 2104 1577 3688 1650">
     <span class='ocr_line' id='line_1_75' title="bbox 2104 1577 3688 1650; baseline 0.003 -20"><span class='ocrx_word' id='word_1_617' title='bbox 2104 1577 2294 1647; x_wconf 81' lang='lat' dir='ltr'><strong>ingrati</strong></span> <span class='ocrx_word' id='word_1_618' title='bbox 2327 1593 2546 1648; x_wconf 91' lang='lat' dir='ltr'><strong>prorsus</strong></span> <span class='ocrx_word' id='word_1_619' title='bbox 2574 1579 2735 1633; x_wconf 88' lang='lat' dir='ltr'><strong>animi</strong></span> <span class='ocrx_word' id='word_1_620' title='bbox 2763 1580 2974 1650; x_wconf 87' lang='lat' dir='ltr'><strong>signum</strong></span> <span class='ocrx_word' id='word_1_621' title='bbox 3007 1580 3201 1645; x_wconf 90' lang='lat' dir='ltr'><strong>fuerit,</strong></span> <span class='ocrx_word' id='word_1_622' title='bbox 3227 1579 3270 1634; x_wconf 90' lang='lat' dir='ltr'><strong>si</strong></span> <span class='ocrx_word' id='word_1_623' title='bbox 3299 1581 3411 1650; x_wconf 89' lang='lat' dir='ltr'><strong>ipse</strong></span> <span class='ocrx_word' id='word_1_624' title='bbox 3433 1581 3647 1650; x_wconf 87' lang='lat' dir='ltr'><strong>quidem</strong></span> <span class='ocrx_word' id='word_1_625' title='bbox 3668 1623 3688 1646; x_wconf 80' lang='lat'><strong>,</strong></span> 
     </span>
    </p>
   </div>
   <div class='ocr_carea' id='block_1_76' title="bbox 2101 1668 3690 1741">
    <p class='ocr_par' dir='ltr' id='par_1_76' title="bbox 2101 1668 3690 1741">
     <span class='ocr_line' id='line_1_76' title="bbox 2101 1668 3690 1741; baseline 0.004 -20"><span class='ocrx_word' id='word_1_626' title='bbox 2101 1681 2221 1722; x_wconf 91' lang='lat' dir='ltr'><strong>eum</strong></span> <span class='ocrx_word' id='word_1_627' title='bbox 2268 1668 2408 1724; x_wconf 87' lang='lat' dir='ltr'><strong>Deus</strong></span> <span class='ocrx_word' id='word_1_628' title='bbox 2453 1670 2523 1724; x_wconf 90' lang='lat' dir='ltr'><strong>sit</strong></span> <span class='ocrx_word' id='word_1_629' title='bbox 2566 1678 2622 1724; x_wconf 90' lang='lat' dir='ltr'><strong>et</strong></span> <span class='ocrx_word' id='word_1_630' title='bbox 2673 1669 2988 1724; x_wconf 90' lang='lat' dir='ltr'><strong>immortalis</strong></span> <span class='ocrx_word' id='word_1_631' title='bbox 3033 1678 3234 1724; x_wconf 68' lang='lat' dir='ltr'><strong>natura!</strong></span> <span class='ocrx_word' id='word_1_632' title='bbox 3265 1711 3280 1735; x_wconf 96' lang='lat'><strong>,</strong></span> <span class='ocrx_word' id='word_1_633' title='bbox 3310 1685 3417 1724; x_wconf 85' lang='lat' dir='ltr'><strong>non</strong></span> <span class='ocrx_word' id='word_1_634' title='bbox 3466 1670 3690 1741; x_wconf 83' lang='lat' dir='ltr'><strong>refugiat</strong></span> 
     </span>
    </p>
   </div>
   <div class='ocr_carea' id='block_1_77' title="bbox 2101 1763 3690 1817">
    <p class='ocr_par' dir='ltr' id='par_1_77' title="bbox 2101 1763 3690 1817">
     <span class='ocr_line' id='line_1_77' title="bbox 2101 1763 3690 1817; baseline 0.001 -3"><span class='ocrx_word' id='word_1_635' title='bbox 2101 1773 2375 1816; x_wconf 85' lang='lat' dir='ltr'><strong>assumere</strong></span> <span class='ocrx_word' id='word_1_636' title='bbox 2415 1764 2693 1817; x_wconf 88' lang='lat' dir='ltr'><strong>mortalem</strong></span> <span class='ocrx_word' id='word_1_637' title='bbox 2738 1770 2792 1816; x_wconf 73' lang='grc' dir='ltr'><strong>Θῑ</strong></span> <span class='ocrx_word' id='word_1_638' title='bbox 2837 1771 3144 1816; x_wconf 88' lang='lat' dir='ltr'><strong>terrestrem</strong></span> <span class='ocrx_word' id='word_1_639' title='bbox 3171 1771 3410 1816; x_wconf 87' lang='lat' dir='ltr'><strong>nostram</strong></span> <span class='ocrx_word' id='word_1_640' title='bbox 3441 1763 3690 1817; x_wconf 85' lang='lat' dir='ltr'><strong>substan-</strong></span> 
     </span>
    </p>
   </div>
   <div class='ocr_carea' id='block_1_78' title="bbox 2102 1852 3688 1924">
    <p class='ocr_par' dir='ltr' id='par_1_78' title="bbox 2102 1852 3688 1924">
     <span class='ocr_line' id='line_1_78' title="bbox 2102 1852 3688 1924; baseline 0.001 -17"><span class='ocrx_word' id='word_1_641' title='bbox 2102 1854 2251 1919; x_wconf 89' lang='lat' dir='ltr'><strong>tiam,</strong></span> <span class='ocrx_word' id='word_1_642' title='bbox 2282 1863 2339 1909; x_wconf 92' lang='lat' dir='ltr'><strong>ut</strong></span> <span class='ocrx_word' id='word_1_643' title='bbox 2365 1863 2417 1910; x_wconf 91' lang='lat' dir='ltr'><strong>et</strong></span> <span class='ocrx_word' id='word_1_644' title='bbox 2438 1855 2506 1909; x_wconf 86' lang='lat' dir='ltr'><strong>ab</strong></span> <span class='ocrx_word' id='word_1_645' title='bbox 2529 1855 2742 1924; x_wconf 88' lang='lat' dir='ltr'><strong>antiqua</strong></span> <span class='ocrx_word' id='word_1_646' title='bbox 2773 1863 2944 1908; x_wconf 89' lang='lat' dir='ltr'><strong>morte</strong></span> <span class='ocrx_word' id='word_1_647' title='bbox 2975 1868 3073 1908; x_wconf 89' lang='lat' dir='ltr'><strong>nos</strong></span> <span class='ocrx_word' id='word_1_648' title='bbox 3096 1852 3303 1920; x_wconf 87' lang='lat' dir='ltr'><strong>liberet,</strong></span> <span class='ocrx_word' id='word_1_649' title='bbox 3335 1868 3496 1923; x_wconf 91' lang='lat' dir='ltr'><strong>supra</strong></span> <span class='ocrx_word' id='word_1_650' title='bbox 3522 1854 3688 1910; x_wconf 70' lang='lat' dir='ltr'><strong>cat-los</strong></span> 
     </span>
    </p>
   </div>
   <div class='ocr_carea' id='block_1_79' title="bbox 2101 1943 3688 2014">
    <p class='ocr_par' dir='ltr' id='par_1_79' title="bbox 2101 1943 3688 2014">
     <span class='ocr_line' id='line_1_79' title="bbox 2101 1943 3688 2014; baseline 0.001 -16"><span class='ocrx_word' id='word_1_651' title='bbox 2101 1945 2312 2010; x_wconf 84' lang='lat' dir='ltr'><strong>evehat,</strong></span> <span class='ocrx_word' id='word_1_652' title='bbox 2347 1956 2570 2014; x_wconf 84' lang='lat' dir='ltr'><strong>paterno</strong></span> <span class='ocrx_word' id='word_1_653' title='bbox 2594 1959 2851 2000; x_wconf 87' lang='lat' dir='ltr'><strong>consessu</strong></span> <span class='ocrx_word' id='word_1_654' title='bbox 2873 1945 3121 2011; x_wconf 89' lang='lat' dir='ltr'><strong>honoret,</strong></span> <span class='ocrx_word' id='word_1_655' title='bbox 3153 1953 3206 1998; x_wconf 91' lang='lat' dir='ltr'><strong>et</strong></span> <span class='ocrx_word' id='word_1_656' title='bbox 3229 1944 3297 1998; x_wconf 89' lang='lat' dir='ltr'><strong>ab</strong></span> <span class='ocrx_word' id='word_1_657' title='bbox 3316 1943 3460 1998; x_wconf 90' lang='lat' dir='ltr'><strong>omni</strong></span> <span class='ocrx_word' id='word_1_658' title='bbox 3487 1944 3688 1999; x_wconf 76' lang='lat' dir='ltr'><strong>czelcsti</strong></span> 
     </span>
    </p>
   </div>
   <div class='ocr_carea' id='block_1_80' title="bbox 2100 2034 3690 2092">
    <p class='ocr_par' dir='ltr' id='par_1_80' title="bbox 2100 2034 3690 2092">
     <span class='ocr_line' id='line_1_80' title="bbox 2100 2034 3690 2092; baseline -0.001 -1"><span class='ocrx_word' id='word_1_659' title='bbox 2100 2037 2338 2092; x_wconf 78' lang='lat' dir='ltr'><strong>exercitu</strong></span> <span class='ocrx_word' id='word_1_660' title='bbox 2380 2036 2590 2091; x_wconf 89' lang='lat' dir='ltr'><strong>adorari</strong></span> <span class='ocrx_word' id='word_1_661' title='bbox 2621 2045 2808 2091; x_wconf 91' lang='lat' dir='ltr'><strong>curet:</strong></span> <span class='ocrx_word' id='word_1_662' title='bbox 2835 2049 2929 2090; x_wconf 89' lang='lat' dir='ltr'><strong>nos</strong></span> <span class='ocrx_word' id='word_1_663' title='bbox 2960 2045 3138 2089; x_wconf 91' lang='lat' dir='ltr'><strong>autem</strong></span> <span class='ocrx_word' id='word_1_664' title='bbox 3173 2034 3440 2088; x_wconf 88' lang='lat' dir='ltr'><strong>contraria</strong></span> <span class='ocrx_word' id='word_1_665' title='bbox 3485 2034 3558 2088; x_wconf 89' lang='lat' dir='ltr'><strong>illi</strong></span> <span class='ocrx_word' id='word_1_666' title='bbox 3603 2050 3690 2089; x_wconf 83' lang='lat' dir='ltr'><strong>re-</strong></span> 
     </span>
    </p>
   </div>
   <div class='ocr_carea' id='block_1_81' title="bbox 2102 2125 3689 2195">
    <p class='ocr_par' dir='ltr' id='par_1_81' title="bbox 2102 2125 3689 2195">
     <span class='ocr_line' id='line_1_81' title="bbox 2102 2125 3689 2195; baseline -0.001 -15"><span class='ocrx_word' id='word_1_667' title='bbox 2102 2126 2336 2182; x_wconf 90' lang='lat' dir='ltr'><strong>tribuere</strong></span> <span class='ocrx_word' id='word_1_668' title='bbox 2376 2141 2482 2182; x_wconf 92' lang='lat' dir='ltr'><strong>non</strong></span> <span class='ocrx_word' id='word_1_669' title='bbox 2521 2127 2902 2182; x_wconf 88' lang='lat' dir='ltr'><strong>erubescamus</strong></span> <span class='ocrx_word' id='word_1_670' title='bbox 2927 2167 2944 2195; x_wconf 91' lang='lat'><strong>,</strong></span> <span class='ocrx_word' id='word_1_671' title='bbox 2978 2125 3072 2181; x_wconf 90' lang='lat' dir='ltr'><strong>sed</strong></span> <span class='ocrx_word' id='word_1_672' title='bbox 3107 2135 3161 2181; x_wconf 93' lang='lat' dir='ltr'><strong>et</strong></span> <span class='ocrx_word' id='word_1_673' title='bbox 3195 2125 3546 2181; x_wconf 85' lang='lat' dir='ltr'><strong>immortalem</strong></span> <span class='ocrx_word' id='word_1_674' title='bbox 3575 2127 3689 2180; x_wconf 90' lang='lat' dir='ltr'><strong>ani-</strong></span> 
     </span>
    </p>
   </div>
   <div class='ocr_carea' id='block_1_82' title="bbox 2101 2215 3686 2287">
    <p class='ocr_par' dir='ltr' id='par_1_82' title="bbox 2101 2215 3686 2287">
     <span class='ocr_line' id='line_1_82' title="bbox 2101 2215 3686 2287; baseline 0 -17"><span class='ocrx_word' id='word_1_675' title='bbox 2101 2231 2265 2283; x_wconf 92' lang='lat' dir='ltr'><strong>mam,</strong></span> <span class='ocrx_word' id='word_1_676' title='bbox 2291 2217 2438 2286; x_wconf 91' lang='lat' dir='ltr'><strong>quasi</strong></span> <span class='ocrx_word' id='word_1_677' title='bbox 2459 2216 2652 2273; x_wconf 81' lang='lat' dir='ltr'><strong>dixerit</strong></span> <span class='ocrx_word' id='word_1_678' title='bbox 2670 2217 2808 2287; x_wconf 88' lang='lat' dir='ltr'><strong>quis.</strong></span> <span class='ocrx_word' id='word_1_679' title='bbox 2831 2217 2978 2271; x_wconf 88' lang='lat' dir='ltr'><strong>carni</strong></span> <span class='ocrx_word' id='word_1_680' title='bbox 3000 2215 3400 2286; x_wconf 84' lang='lat' dir='ltr'><strong>agglutinatam,</strong></span> <span class='ocrx_word' id='word_1_681' title='bbox 3424 2225 3686 2271; x_wconf 84' lang='lat' dir='ltr'><strong>terrenam</strong></span> 
     </span>
    </p>
   </div>
   <div class='ocr_carea' id='block_1_83' title="bbox 2100 2298 3687 2378">
    <p class='ocr_par' dir='ltr' id='par_1_83' title="bbox 2100 2298 3687 2378">
     <span class='ocr_line' id='line_1_83' title="bbox 2100 2298 3687 2378; baseline -0.001 -16"><span class='ocrx_word' id='word_1_682' title='bbox 2100 2316 2155 2363; x_wconf 91' lang='lat' dir='ltr'><strong>et</strong></span> <span class='ocrx_word' id='word_1_683' title='bbox 2183 2317 2448 2362; x_wconf 92' lang='lat' dir='ltr'><strong>mortuam</strong></span> <span class='ocrx_word' id='word_1_684' title='bbox 2481 2349 2495 2375; x_wconf 94' lang='lat'><strong>,</strong></span> <span class='ocrx_word' id='word_1_685' title='bbox 2518 2316 2574 2364; x_wconf 94' lang='lat' dir='ltr'><strong>et</strong></span> <span class='ocrx_word' id='word_1_686' title='bbox 2599 2307 2729 2362; x_wconf 89' lang='lat' dir='ltr'><strong>nihil</strong></span> <span class='ocrx_word' id='word_1_687' title='bbox 2759 2308 2971 2378; x_wconf 90' lang='lat' dir='ltr'><strong>operari</strong></span> <span class='ocrx_word' id='word_1_688' title='bbox 2995 2298 3258 2362; x_wconf 77' lang='lat' dir='ltr'><strong>valentem</strong></span> <span class='ocrx_word' id='word_1_689' title='bbox 3293 2347 3307 2372; x_wconf 93' lang='lat'><strong>,</strong></span> <span class='ocrx_word' id='word_1_690' title='bbox 3340 2306 3568 2362; x_wconf 86' lang='lat' dir='ltr'><strong>evadere</strong></span> <span class='ocrx_word' id='word_1_691' title='bbox 3595 2321 3687 2360; x_wconf 92' lang='lat' dir='ltr'><strong>cu-</strong></span> 
     </span>
    </p>
   </div>
   <div class='ocr_carea' id='block_1_84' title="bbox 2101 2398 3686 2468">
    <p class='ocr_par' dir='ltr' id='par_1_84' title="bbox 2101 2398 3686 2468">
     <span class='ocr_line' id='line_1_84' title="bbox 2101 2398 3686 2468; baseline -0.001 -14"><span class='ocrx_word' id='word_1_692' title='bbox 2101 2400 2319 2454; x_wconf 81' lang='lat' dir='ltr'><strong>remus?</strong></span> <span class='ocrx_word' id='word_1_693' title='bbox 2344 2400 2601 2463; x_wconf 90' lang='lat' dir='ltr'><strong>Obsecro,</strong></span> <span class='ocrx_word' id='word_1_694' title='bbox 2639 2414 2708 2456; x_wconf 89' lang='lat' dir='ltr'><strong>ne</strong></span> <span class='ocrx_word' id='word_1_695' title='bbox 2749 2401 2828 2454; x_wconf 91' lang='lat' dir='ltr'><strong>sic</strong></span> <span class='ocrx_word' id='word_1_696' title='bbox 2873 2400 3009 2464; x_wconf 90' lang='lat' dir='ltr'><strong>ﬁat,</strong></span> <span class='ocrx_word' id='word_1_697' title='bbox 3055 2413 3124 2454; x_wconf 90' lang='lat' dir='ltr'><strong>ne</strong></span> <span class='ocrx_word' id='word_1_698' title='bbox 3166 2399 3242 2453; x_wconf 91' lang='lat' dir='ltr'><strong>sic</strong></span> <span class='ocrx_word' id='word_1_699' title='bbox 3281 2398 3469 2468; x_wconf 86' lang='lat' dir='ltr'><strong>ingrati</strong></span> <span class='ocrx_word' id='word_1_700' title='bbox 3519 2398 3686 2452; x_wconf 90' lang='lat' dir='ltr'><strong>simus</strong></span> 
     </span>
    </p>
   </div>
   <div class='ocr_carea' id='block_1_85' title="bbox 2100 2492 3686 2562">
    <p class='ocr_par' dir='ltr' id='par_1_85' title="bbox 2100 2492 3686 2562">
     <span class='ocr_line' id='line_1_85' title="bbox 2100 2492 3686 2562; baseline -0.001 -14"><span class='ocrx_word' id='word_1_701' title='bbox 2100 2507 2224 2562; x_wconf 85' lang='lat' dir='ltr'><strong>erga</strong></span> <span class='ocrx_word' id='word_1_702' title='bbox 2256 2501 2459 2547; x_wconf 89' lang='lat' dir='ltr'><strong>tantum</strong></span> <span class='ocrx_word' id='word_1_703' title='bbox 2511 2493 2906 2548; x_wconf 89' lang='lat' dir='ltr'><strong>benefactorem</strong></span> <span class='ocrx_word' id='word_1_704' title='bbox 2949 2501 3192 2547; x_wconf 88' lang='lat' dir='ltr'><strong>nostrum</strong></span> <span class='ocrx_word' id='word_1_705' title='bbox 3223 2492 3355 2547; x_wconf 92' lang='lat' dir='ltr'><strong>:sed</strong></span> <span class='ocrx_word' id='word_1_706' title='bbox 3383 2493 3521 2547; x_wconf 93' lang='lat' dir='ltr'><strong>illius</strong></span> <span class='ocrx_word' id='word_1_707' title='bbox 3551 2508 3686 2562; x_wconf 72' lang='lat' dir='ltr'><strong>prte-</strong></span> 
     </span>
    </p>
   </div>
   <div class='ocr_carea' id='block_1_86' title="bbox 2098 2582 3684 2654">
    <p class='ocr_par' dir='ltr' id='par_1_86' title="bbox 2098 2582 3684 2654">
     <span class='ocr_line' id='line_1_86' title="bbox 2098 2582 3684 2654; baseline 0 -17"><span class='ocrx_word' id='word_1_708' title='bbox 2098 2584 2267 2652; x_wconf 89' lang='lat' dir='ltr'><strong>ceptis</strong></span> <span class='ocrx_word' id='word_1_709' title='bbox 2295 2582 2608 2639; x_wconf 89' lang='lat' dir='ltr'><strong>obedientes</strong></span> <span class='ocrx_word' id='word_1_710' title='bbox 2630 2625 2645 2648; x_wconf 96' lang='lat'><strong>,</strong></span> <span class='ocrx_word' id='word_1_711' title='bbox 2678 2599 2796 2654; x_wconf 67' lang='lat' dir='ltr'><strong>quae</strong></span> <span class='ocrx_word' id='word_1_712' title='bbox 2831 2583 2930 2653; x_wconf 88' lang='lat' dir='ltr'><strong>ipsi</strong></span> <span class='ocrx_word' id='word_1_713' title='bbox 2964 2592 3111 2653; x_wconf 86' lang='lat' dir='ltr'><strong>grata</strong></span> <span class='ocrx_word' id='word_1_714' title='bbox 3134 2592 3254 2638; x_wconf 83' lang='lat' dir='ltr'><strong>sunt</strong></span> <span class='ocrx_word' id='word_1_715' title='bbox 3282 2591 3332 2637; x_wconf 89' lang='lat' dir='ltr'><strong>et</strong></span> <span class='ocrx_word' id='word_1_716' title='bbox 3360 2583 3684 2652; x_wconf 88' lang='lat' dir='ltr'><strong>probantur,</strong></span> 
     </span>
    </p>
   </div>
   <div class='ocr_carea' id='block_1_87' title="bbox 2099 2671 3684 2744">
    <p class='ocr_par' dir='ltr' id='par_1_87' title="bbox 2099 2671 3684 2744">
     <span class='ocr_line' id='line_1_87' title="bbox 2099 2671 3684 2744; baseline -0.001 -15"><span class='ocrx_word' id='word_1_717' title='bbox 2099 2689 2387 2744; x_wconf 90' lang='lat' dir='ltr'><strong>operemur</strong></span> <span class='ocrx_word' id='word_1_718' title='bbox 2423 2691 2435 2726; x_wconf 92' lang='lat'>:</span> <span class='ocrx_word' id='word_1_719' title='bbox 2470 2684 2528 2729; x_wconf 89' lang='lat' dir='ltr'><strong>ut</strong></span> <span class='ocrx_word' id='word_1_720' title='bbox 2565 2682 2620 2729; x_wconf 91' lang='lat' dir='ltr'><strong>et</strong></span> <span class='ocrx_word' id='word_1_721' title='bbox 2651 2689 2748 2729; x_wconf 91' lang='lat' dir='ltr'><strong>nos</strong></span> <span class='ocrx_word' id='word_1_722' title='bbox 2775 2675 2990 2729; x_wconf 66' lang='lat' dir='ltr'><strong>internis</strong></span> <span class='ocrx_word' id='word_1_723' title='bbox 3026 2673 3182 2728; x_wconf 90' lang='lat' dir='ltr'><strong>bonis</strong></span> <span class='ocrx_word' id='word_1_724' title='bbox 3219 2673 3406 2743; x_wconf 90' lang='lat' dir='ltr'><strong>dignos</strong></span> <span class='ocrx_word' id='word_1_725' title='bbox 3455 2671 3684 2728; x_wconf 77' lang='lat' dir='ltr'><strong>efﬁciat:</strong></span> 
     </span>
    </p>
   </div>
   <div class='ocr_carea' id='block_1_88' title="bbox 2099 2762 3688 2835">
    <p class='ocr_par' dir='ltr' id='par_1_88' title="bbox 2099 2762 3688 2835">
     <span class='ocr_line' id='line_1_88' title="bbox 2099 2762 3688 2835; baseline 0 -17"><span class='ocrx_word' id='word_1_726' title='bbox 2099 2779 2218 2835; x_wconf 67' lang='lat' dir='ltr'><strong>quae</strong></span> <span class='ocrx_word' id='word_1_727' title='bbox 2249 2779 2346 2819; x_wconf 93' lang='lat' dir='ltr'><strong>nos</strong></span> <span class='ocrx_word' id='word_1_728' title='bbox 2371 2779 2560 2821; x_wconf 92' lang='lat' dir='ltr'><strong>omnes</strong></span> <span class='ocrx_word' id='word_1_729' title='bbox 2590 2765 2804 2835; x_wconf 88' lang='lat' dir='ltr'><strong>assequi</strong></span> <span class='ocrx_word' id='word_1_730' title='bbox 2831 2765 3140 2834; x_wconf 85' lang='lat' dir='ltr'><strong>contingat,</strong></span> <span class='ocrx_word' id='word_1_731' title='bbox 3167 2763 3334 2834; x_wconf 87' lang='lat' dir='ltr'><strong>gratia</strong></span> <span class='ocrx_word' id='word_1_732' title='bbox 3363 2772 3418 2818; x_wconf 91' lang='lat' dir='ltr'><strong>et</strong></span> <span class='ocrx_word' id='word_1_733' title='bbox 3440 2762 3688 2834; x_wconf 85' lang='lat' dir='ltr'><strong>benigni-</strong></span> 
     </span>
    </p>
   </div>
   <div class='ocr_carea' id='block_1_89' title="bbox 2101 2851 3688 2918">
    <p class='ocr_par' dir='ltr' id='par_1_89' title="bbox 2101 2851 3688 2918">
     <span class='ocr_line' id='line_1_89' title="bbox 2101 2851 3688 2918; baseline -0.001 -10"><span class='ocrx_word' id='word_1_734' title='bbox 2101 2862 2208 2908; x_wconf 87' lang='lat' dir='ltr'><strong>tate</strong></span> <span class='ocrx_word' id='word_1_735' title='bbox 2250 2853 2460 2908; x_wconf 91' lang='lat' dir='ltr'><strong>Domini</strong></span> <span class='ocrx_word' id='word_1_736' title='bbox 2491 2854 2660 2908; x_wconf 87' lang='lat' dir='ltr'><strong>nostri</strong></span> <span class='ocrx_word' id='word_1_737' title='bbox 2699 2853 2826 2909; x_wconf 83' lang='lat' dir='ltr'><strong>Jesu</strong></span> <span class='ocrx_word' id='word_1_738' title='bbox 2870 2851 3105 2918; x_wconf 89' lang='lat' dir='ltr'><strong>Christi,</strong></span> <span class='ocrx_word' id='word_1_739' title='bbox 3138 2853 3224 2907; x_wconf 92' lang='lat' dir='ltr'><strong>cui</strong></span> <span class='ocrx_word' id='word_1_740' title='bbox 3265 2867 3387 2907; x_wconf 92' lang='lat' dir='ltr'><strong>eum</strong></span> <span class='ocrx_word' id='word_1_741' title='bbox 3433 2851 3591 2907; x_wconf 87' lang='lat' dir='ltr'><strong>Patre</strong></span> <span class='ocrx_word' id='word_1_742' title='bbox 3633 2861 3688 2907; x_wconf 90' lang='lat' dir='ltr'><strong>et</strong></span> 
     </span>
    </p>
   </div>
   <div class='ocr_carea' id='block_1_90' title="bbox 2097 2944 3687 3015">
    <p class='ocr_par' dir='ltr' id='par_1_90' title="bbox 2097 2944 3687 3015">
     <span class='ocr_line' id='line_1_90' title="bbox 2097 2944 3687 3015; baseline -0.001 -16"><span class='ocrx_word' id='word_1_743' title='bbox 2097 2944 2297 3014; x_wconf 89' lang='lat' dir='ltr'><strong>Spiritu</strong></span> <span class='ocrx_word' id='word_1_744' title='bbox 2321 2954 2506 3000; x_wconf 90' lang='lat' dir='ltr'><strong>sancto</strong></span> <span class='ocrx_word' id='word_1_745' title='bbox 2530 2945 2599 3000; x_wconf 91' lang='lat' dir='ltr'><strong>sit</strong></span> <span class='ocrx_word' id='word_1_746' title='bbox 2627 2944 2792 3015; x_wconf 85' lang='lat' dir='ltr'><strong>gloria</strong></span> <span class='ocrx_word' id='word_1_747' title='bbox 2812 2985 2827 3010; x_wconf 94' lang='lat'><strong>,</strong></span> <span class='ocrx_word' id='word_1_748' title='bbox 2857 2944 3029 2998; x_wconf 87' lang='lat' dir='ltr'><strong>honor</strong></span> <span class='ocrx_word' id='word_1_749' title='bbox 3054 2985 3069 3009; x_wconf 94' lang='lat'><strong>,</strong></span> <span class='ocrx_word' id='word_1_750' title='bbox 3099 2945 3380 3012; x_wconf 86' lang='lat' dir='ltr'><strong>imperium</strong></span> <span class='ocrx_word' id='word_1_751' title='bbox 3409 2985 3424 3011; x_wconf 95' lang='lat'><strong>,</strong></span> <span class='ocrx_word' id='word_1_752' title='bbox 3462 2958 3601 2998; x_wconf 90' lang='lat' dir='ltr'><strong>nunc</strong></span> <span class='ocrx_word' id='word_1_753' title='bbox 3629 2955 3687 2998; x_wconf 86' lang='lat' dir='ltr'><strong>et</strong></span> 
     </span>
    </p>
   </div>
   <div class='ocr_carea' id='block_1_91' title="bbox 2098 3035 3305 3107">
    <p class='ocr_par' dir='ltr' id='par_1_91' title="bbox 2098 3035 3305 3107">
     <span class='ocr_line' id='line_1_91' title="bbox 2098 3035 3305 3107; baseline -0.003 -16"><span class='ocrx_word' id='word_1_754' title='bbox 2098 3049 2330 3107; x_wconf 90' lang='lat' dir='ltr'><strong>semper,</strong></span> <span class='ocrx_word' id='word_1_755' title='bbox 2362 3045 2415 3091; x_wconf 93' lang='lat' dir='ltr'><strong>et</strong></span> <span class='ocrx_word' id='word_1_756' title='bbox 2441 3035 2494 3091; x_wconf 92' lang='lat' dir='ltr'><strong>in</strong></span> <span class='ocrx_word' id='word_1_757' title='bbox 2523 3036 2718 3091; x_wconf 61' lang='lat' dir='ltr'><strong>saecula</strong></span> <span class='ocrx_word' id='word_1_758' title='bbox 2739 3035 3078 3091; x_wconf 65' lang='lat' dir='ltr'><strong>saeculorum.</strong></span> <span class='ocrx_word' id='word_1_759' title='bbox 3110 3035 3305 3090; x_wconf 85' lang='lat' dir='ltr'><strong>Amen.</strong></span> 
     </span>
    </p>
   </div>
   <div class='ocr_carea' id='block_1_92' title="bbox 2636 3169 3149 3226">
    <p class='ocr_par' dir='ltr' id='par_1_92' title="bbox 2636 3169 3149 3226">
     <span class='ocr_line' id='line_1_92' title="bbox 2636 3169 3149 3226; baseline 0 -1"><span class='ocrx_word' id='word_1_760' title='bbox 2636 3169 2915 3226; x_wconf 76' lang='lat' dir='ltr'><strong>HOMILIA</strong></span> <span class='ocrx_word' id='word_1_761' title='bbox 2962 3169 3149 3225; x_wconf 84' lang='lat' dir='ltr'><strong>XVIII.</strong></span> 
     </span>
    </p>
   </div>
   <div class='ocr_carea' id='block_1_93' title="bbox 2099 3280 3687 3351">
    <p class='ocr_par' dir='ltr' id='par_1_93' title="bbox 2099 3280 3687 3351">
     <span class='ocr_line' id='line_1_93' title="bbox 2099 3280 3687 3351; baseline -0.001 -16"><span class='ocrx_word' id='word_1_762' title='bbox 2099 3281 2166 3335; x_wconf 81' lang='lat' dir='ltr'><strong>Et</strong></span> <span class='ocrx_word' id='word_1_763' title='bbox 2193 3283 2384 3339; x_wconf 83' lang='lat' dir='ltr'><strong>vocavit</strong></span> <span class='ocrx_word' id='word_1_764' title='bbox 2409 3283 2574 3336; x_wconf 78' lang='lat' dir='ltr'><strong>Adam</strong></span> <span class='ocrx_word' id='word_1_765' title='bbox 2603 3299 2784 3337; x_wconf 83' lang='lat' dir='ltr'><strong>nomen</strong></span> <span class='ocrx_word' id='word_1_766' title='bbox 2825 3282 3000 3337; x_wconf 77' lang='lat' dir='ltr'><strong>uxoris</strong></span> <span class='ocrx_word' id='word_1_767' title='bbox 3036 3297 3142 3337; x_wconf 74' lang='lat' dir='ltr'><strong>suae</strong></span> <span class='ocrx_word' id='word_1_768' title='bbox 3191 3280 3357 3335; x_wconf 75' lang='lat' dir='ltr'><strong>Vitam</strong></span> <span class='ocrx_word' id='word_1_769' title='bbox 3383 3322 3398 3348; x_wconf 92' lang='lat'><strong>,</strong></span> <span class='ocrx_word' id='word_1_770' title='bbox 3428 3280 3548 3350; x_wconf 84' lang='lat' dir='ltr'><strong>quia</strong></span> <span class='ocrx_word' id='word_1_771' title='bbox 3572 3280 3687 3351; x_wconf 82' lang='lat' dir='ltr'><strong>ipsa</strong></span> 
     </span>
    </p>
   </div>
   <div class='ocr_carea' id='block_1_94' title="bbox 2169 3369 3688 3440">
    <p class='ocr_par' dir='ltr' id='par_1_94' title="bbox 2169 3369 3688 3440">
     <span class='ocr_line' id='line_1_94' title="bbox 2169 3369 3688 3440; baseline -0.001 -14"><span class='ocrx_word' id='word_1_772' title='bbox 2169 3382 2241 3426; x_wconf 85' lang='lat' dir='ltr'><strong>est</strong></span> <span class='ocrx_word' id='word_1_773' title='bbox 2272 3382 2429 3427; x_wconf 88' lang='lat' dir='ltr'><strong>mater</strong></span> <span class='ocrx_word' id='word_1_774' title='bbox 2459 3374 2685 3426; x_wconf 90' lang='lat' dir='ltr'><strong>omnium</strong></span> <span class='ocrx_word' id='word_1_775' title='bbox 2721 3372 3007 3426; x_wconf 80' lang='lat' dir='ltr'><strong>viventium.</strong></span> <span class='ocrx_word' id='word_1_776' title='bbox 3039 3371 3105 3424; x_wconf 82' lang='lat' dir='ltr'><strong>Et</strong></span> <span class='ocrx_word' id='word_1_777' title='bbox 3130 3372 3248 3440; x_wconf 83' lang='lat' dir='ltr'><strong>fecit</strong></span> <span class='ocrx_word' id='word_1_778' title='bbox 3275 3371 3522 3425; x_wconf 88' lang='lat' dir='ltr'><strong>Dominus</strong></span> <span class='ocrx_word' id='word_1_779' title='bbox 3549 3369 3688 3425; x_wconf 77' lang='lat' dir='ltr'><strong>Deus</strong></span> 
     </span>
    </p>
   </div>
   <div class='ocr_carea' id='block_1_95' title="bbox 2102 3459 3685 3534">
    <p class='ocr_par' dir='ltr' id='par_1_95' title="bbox 2102 3459 3685 3534">
     <span class='ocr_line' id='line_1_95' title="bbox 2102 3459 3685 3534; baseline -0.002 -16"><span class='ocrx_word' id='word_1_780' title='bbox 2102 3459 2107 3464; x_wconf 79' lang='grc'><strong>’</strong></span> <span class='ocrx_word' id='word_1_781' title='bbox 2169 3465 2294 3518; x_wconf 71' lang='lat' dir='ltr'><strong>Ade:</strong></span> <span class='ocrx_word' id='word_1_782' title='bbox 2319 3474 2363 3517; x_wconf 84' lang='lat' dir='ltr'><strong>et</strong></span> <span class='ocrx_word' id='word_1_783' title='bbox 2395 3466 2542 3519; x_wconf 74' lang='lat' dir='ltr'><strong>uxori</strong></span> <span class='ocrx_word' id='word_1_784' title='bbox 2567 3465 2676 3534; x_wconf 87' lang='lat' dir='ltr'><strong>ejus</strong></span> <span class='ocrx_word' id='word_1_785' title='bbox 2690 3465 2884 3518; x_wconf 86' lang='lat' dir='ltr'><strong>tunicas</strong></span> <span class='ocrx_word' id='word_1_786' title='bbox 2909 3464 3162 3534; x_wconf 86' lang='lat' dir='ltr'><strong>petliceas,</strong></span> <span class='ocrx_word' id='word_1_787' title='bbox 3195 3474 3242 3516; x_wconf 88' lang='lat' dir='ltr'><strong>et</strong></span> <span class='ocrx_word' id='word_1_788' title='bbox 3273 3463 3435 3516; x_wconf 87' lang='lat' dir='ltr'><strong>induit</strong></span> <span class='ocrx_word' id='word_1_789' title='bbox 3460 3462 3597 3516; x_wconf 87' lang='lat' dir='ltr'><strong>illos.</strong></span> <span class='ocrx_word' id='word_1_790' title='bbox 3619 3460 3685 3515; x_wconf 86' lang='lat' dir='ltr'><strong>Et</strong></span> 
     </span>
    </p>
   </div>
   <div class='ocr_carea' id='block_1_96' title="bbox 2167 3555 3683 3628">
    <p class='ocr_par' dir='ltr' id='par_1_96' title="bbox 2167 3555 3683 3628">
     <span class='ocr_line' id='line_1_96' title="bbox 2167 3555 3683 3628; baseline -0.003 -16"><span class='ocrx_word' id='word_1_791' title='bbox 2167 3560 2239 3612; x_wconf 85' lang='lat' dir='ltr'><strong>ait</strong></span> <span class='ocrx_word' id='word_1_792' title='bbox 2265 3557 2441 3612; x_wconf 89' lang='lat' dir='ltr'><strong>Deus:</strong></span> <span class='ocrx_word' id='word_1_793' title='bbox 2474 3557 2603 3611; x_wconf 88' lang='lat' dir='ltr'><strong>Ecce</strong></span> <span class='ocrx_word' id='word_1_794' title='bbox 2627 3557 2791 3611; x_wconf 82' lang='lat' dir='ltr'><strong>Adam</strong></span> <span class='ocrx_word' id='word_1_795' title='bbox 2819 3560 2986 3628; x_wconf 78' lang='lat' dir='ltr'><strong>factus</strong></span> <span class='ocrx_word' id='word_1_796' title='bbox 3025 3566 3096 3611; x_wconf 86' lang='lat' dir='ltr'><strong>est</strong></span> <span class='ocrx_word' id='word_1_797' title='bbox 3132 3557 3262 3611; x_wconf 89' lang='lat' dir='ltr'><strong>sicut</strong></span> <span class='ocrx_word' id='word_1_798' title='bbox 3285 3572 3414 3609; x_wconf 86' lang='lat' dir='ltr'><strong>unus</strong></span> <span class='ocrx_word' id='word_1_799' title='bbox 3442 3571 3504 3609; x_wconf 74' lang='lat' dir='ltr'><strong>ea:</strong></span> <span class='ocrx_word' id='word_1_800' title='bbox 3540 3555 3683 3609; x_wconf 84' lang='lat' dir='ltr'><strong>nobis</strong></span> 
     </span>
    </p>
   </div>
   <div class='ocr_carea' id='block_1_97' title="bbox 2170 3647 2650 3720">
    <p class='ocr_par' dir='ltr' id='par_1_97' title="bbox 2170 3647 2650 3720">
     <span class='ocr_line' id='line_1_97' title="bbox 2170 3647 2650 3720; baseline -0.006 -17"><span class='ocrx_word' id='word_1_801' title='bbox 2170 3649 2325 3720; x_wconf 80' lang='lat' dir='ltr'><strong>(Gen.</strong></span> <span class='ocrx_word' id='word_1_802' title='bbox 2359 3649 2414 3703; x_wconf 81' lang='grc'><strong>5.</strong></span> <span class='ocrx_word' id='word_1_803' title='bbox 2437 3648 2508 3702; x_wconf 72' lang='grc' dir='ltr'><strong>ΞΟ</strong></span> <span class='ocrx_word' id='word_1_804' title='bbox 2537 3647 2650 3718; x_wconf 71' lang='grc'>22).</span> 
     </span>
    </p>
   </div>
   <div class='ocr_carea' id='block_1_98' title="bbox 2169 3778 3681 3850">
    <p class='ocr_par' dir='ltr' id='par_1_98' title="bbox 2169 3778 3681 3850">
     <span class='ocr_line' id='line_1_98' title="bbox 2169 3778 3681 3850; baseline -0.002 -14"><span class='ocrx_word' id='word_1_805' title='bbox 2169 3783 2218 3836; x_wconf 83' lang='grc'><strong>1.</strong></span> <span class='ocrx_word' id='word_1_806' title='bbox 2252 3780 2328 3834; x_wconf 84' lang='lat' dir='ltr'><strong>De</strong></span> <span class='ocrx_word' id='word_1_807' title='bbox 2356 3789 2558 3850; x_wconf 86' lang='lat' dir='ltr'><strong>peccato</strong></span> <span class='ocrx_word' id='word_1_808' title='bbox 2599 3780 2782 3834; x_wconf 85' lang='lat' dir='ltr'><strong>Adami</strong></span> <span class='ocrx_word' id='word_1_809' title='bbox 2821 3780 3050 3850; x_wconf 83' lang='lat' dir='ltr'><strong>superius</strong></span> <span class='ocrx_word' id='word_1_810' title='bbox 3075 3779 3211 3833; x_wconf 85' lang='lat' dir='ltr'><strong>dicta</strong></span> <span class='ocrx_word' id='word_1_811' title='bbox 3237 3779 3526 3834; x_wconf 83' lang='lat' dir='ltr'><strong>summatim</strong></span> <span class='ocrx_word' id='word_1_812' title='bbox 3554 3778 3681 3833; x_wconf 80' lang='lat' dir='ltr'><strong>rele-</strong></span> 
     </span>
    </p>
   </div>
   <div class='ocr_carea' id='block_1_99' title="bbox 2094 3871 3678 3950">
    <p class='ocr_par' dir='ltr' id='par_1_99' title="bbox 2094 3871 3678 3950">
     <span class='ocr_line' id='line_1_99' title="bbox 2094 3871 3678 3950; baseline -0.002 -23"><span class='ocrx_word' id='word_1_813' title='bbox 2094 3877 2185 3950; x_wconf 80' lang='lat' dir='ltr'><strong>git.</strong></span> <span class='ocrx_word' id='word_1_814' title='bbox 2216 3872 2431 3928; x_wconf 85' lang='lat' dir='ltr'><strong>Gravior</strong></span> <span class='ocrx_word' id='word_1_815' title='bbox 2461 3889 2609 3942; x_wconf 78' lang='lat' dir='ltr'><strong>paena</strong></span> <span class='ocrx_word' id='word_1_816' title='bbox 2647 3881 2815 3926; x_wconf 84' lang='lat' dir='ltr'><strong>manet</strong></span> <span class='ocrx_word' id='word_1_817' title='bbox 2842 3888 2927 3926; x_wconf 89' lang='lat' dir='ltr'><strong>eos</strong></span> <span class='ocrx_word' id='word_1_818' title='bbox 2960 3912 2974 3937; x_wconf 96' lang='lat'><strong>,</strong></span> <span class='ocrx_word' id='word_1_819' title='bbox 3008 3872 3094 3941; x_wconf 87' lang='lat' dir='ltr'><strong>qui</strong></span> <span class='ocrx_word' id='word_1_820' title='bbox 3119 3880 3230 3942; x_wconf 83' lang='lat' dir='ltr'><strong>post</strong></span> <span class='ocrx_word' id='word_1_821' title='bbox 3255 3871 3415 3942; x_wconf 85' lang='lat' dir='ltr'><strong>legem</strong></span> <span class='ocrx_word' id='word_1_822' title='bbox 3450 3881 3678 3942; x_wconf 84' lang='lat' dir='ltr'><strong>peccant.</strong></span> 
     </span>
    </p>
   </div>
   <div class='ocr_carea' id='block_1_100' title="bbox 2092 3961 3676 4033">
    <p class='ocr_par' dir='ltr' id='par_1_100' title="bbox 2092 3961 3676 4033">
     <span class='ocr_line' id='line_1_100' title="bbox 2092 3961 3676 4033; baseline -0.003 -13"><span class='ocrx_word' id='word_1_823' title='bbox 2092 3964 2386 4020; x_wconf 81' lang='lat' dir='ltr'><strong>-—Vidistis</strong></span> <span class='ocrx_word' id='word_1_824' title='bbox 2412 3965 2527 4020; x_wconf 89' lang='lat' dir='ltr'><strong>heri</strong></span> <span class='ocrx_word' id='word_1_825' title='bbox 2552 3963 2753 4019; x_wconf 72' lang='lat' dir='ltr'><strong>Iudicis</strong></span> <span class='ocrx_word' id='word_1_826' title='bbox 2775 3963 3194 4033; x_wconf 84' lang='lat' dir='ltr'><strong>benignitatem?</strong></span> <span class='ocrx_word' id='word_1_827' title='bbox 3215 3961 3421 4016; x_wconf 90' lang='lat' dir='ltr'><strong>vidistis</strong></span> <span class='ocrx_word' id='word_1_828' title='bbox 3449 3976 3676 4016; x_wconf 86' lang='lat' dir='ltr'><strong>examen</strong></span> 
     </span>
    </p>
   </div>
   <div class='ocr_carea' id='block_1_101' title="bbox 2092 4051 3680 4123">
    <p class='ocr_par' dir='ltr' id='par_1_101' title="bbox 2092 4051 3680 4123">
     <span class='ocr_line' id='line_1_101' title="bbox 2092 4051 3680 4123; baseline -0.003 -11"><span class='ocrx_word' id='word_1_829' title='bbox 2092 4055 2328 4112; x_wconf 88' lang='lat' dir='ltr'><strong>bonitate</strong></span> <span class='ocrx_word' id='word_1_830' title='bbox 2345 4054 2599 4110; x_wconf 84' lang='lat' dir='ltr'><strong>refertum</strong></span> <span class='ocrx_word' id='word_1_831' title='bbox 2615 4056 2638 4109; x_wconf 87' lang='lat'><strong>?</strong></span> <span class='ocrx_word' id='word_1_832' title='bbox 2654 4055 2860 4109; x_wconf 90' lang='lat' dir='ltr'><strong>vidistis</strong></span> <span class='ocrx_word' id='word_1_833' title='bbox 2875 4053 3254 4123; x_wconf 86' lang='lat' dir='ltr'><strong>suppliciorum</strong></span> <span class='ocrx_word' id='word_1_834' title='bbox 3277 4051 3638 4108; x_wconf 87' lang='lat' dir='ltr'><strong>diversitatem</strong></span> <span class='ocrx_word' id='word_1_835' title='bbox 3656 4053 3680 4107; x_wconf 86' lang='lat'><strong>?</strong></span> 
     </span>
    </p>
   </div>
   <div class='ocr_carea' id='block_1_102' title="bbox 2091 4144 3674 4218">
    <p class='ocr_par' dir='ltr' id='par_1_102' title="bbox 2091 4144 3674 4218">
     <span class='ocr_line' id='line_1_102' title="bbox 2091 4144 3674 4218; baseline -0.003 -18"><span class='ocrx_word' id='word_1_836' title='bbox 2091 4146 2363 4218; x_wconf 89' lang='lat' dir='ltr'><strong>quomodo</strong></span> <span class='ocrx_word' id='word_1_837' title='bbox 2390 4146 2606 4216; x_wconf 88' lang='lat' dir='ltr'><strong>punitus</strong></span> <span class='ocrx_word' id='word_1_838' title='bbox 2631 4146 2701 4200; x_wconf 90' lang='lat' dir='ltr'><strong>sit</strong></span> <span class='ocrx_word' id='word_1_839' title='bbox 2726 4145 2946 4200; x_wconf 81' lang='lat' dir='ltr'><strong>dolosas</strong></span> <span class='ocrx_word' id='word_1_840' title='bbox 2973 4145 3062 4199; x_wconf 89' lang='lat' dir='ltr'><strong>ille</strong></span> <span class='ocrx_word' id='word_1_841' title='bbox 3087 4144 3456 4214; x_wconf 88' lang='lat' dir='ltr'><strong>supplantator</strong></span> <span class='ocrx_word' id='word_1_842' title='bbox 3487 4184 3504 4209; x_wconf 94' lang='lat'><strong>,</strong></span> <span class='ocrx_word' id='word_1_843' title='bbox 3537 4157 3674 4212; x_wconf 82' lang='lat' dir='ltr'><strong>quo-</strong></span> 
     </span>
    </p>
   </div>
   <div class='ocr_carea' id='block_1_103' title="bbox 2090 4235 3674 4309">
    <p class='ocr_par' dir='ltr' id='par_1_103' title="bbox 2090 4235 3674 4309">
     <span class='ocr_line' id='line_1_103' title="bbox 2090 4235 3674 4309; baseline -0.003 -14"><span class='ocrx_word' id='word_1_844' title='bbox 2090 4241 2259 4295; x_wconf 78' lang='lat' dir='ltr'><strong>‘modo</strong></span> <span class='ocrx_word' id='word_1_845' title='bbox 2284 4241 2443 4295; x_wconf 88' lang='lat' dir='ltr'><strong>etiam</strong></span> <span class='ocrx_word' id='word_1_846' title='bbox 2463 4239 2698 4308; x_wconf 87' lang='lat' dir='ltr'><strong>deceptis</strong></span> <span class='ocrx_word' id='word_1_847' title='bbox 2723 4253 2880 4308; x_wconf 86' lang='lat' dir='ltr'><strong>poena</strong></span> <span class='ocrx_word' id='word_1_848' title='bbox 2909 4237 2978 4290; x_wconf 89' lang='lat' dir='ltr'><strong>sit</strong></span> <span class='ocrx_word' id='word_1_849' title='bbox 3006 4235 3226 4302; x_wconf 80' lang='lat' dir='ltr'><strong>inﬂicta,</strong></span> <span class='ocrx_word' id='word_1_850' title='bbox 3259 4250 3381 4305; x_wconf 86' lang='lat' dir='ltr'><strong>quae</strong></span> <span class='ocrx_word' id='word_1_851' title='bbox 3425 4250 3674 4309; x_wconf 79' lang='lat' dir='ltr'><strong>magnam</strong></span> 
     </span>
    </p>
   </div>
   <div class='ocr_carea' id='block_1_104' title="bbox 2091 4327 3678 4404">
    <p class='ocr_par' dir='ltr' id='par_1_104' title="bbox 2091 4327 3678 4404">
     <span class='ocr_line' id='line_1_104' title="bbox 2091 4327 3678 4404; baseline -0.003 -15"><span class='ocrx_word' id='word_1_852' title='bbox 2091 4334 2186 4389; x_wconf 91' lang='lat' dir='ltr'><strong>Dei</strong></span> <span class='ocrx_word' id='word_1_853' title='bbox 2231 4349 2340 4404; x_wconf 83' lang='lat' dir='ltr'><strong>prae</strong></span> <span class='ocrx_word' id='word_1_854' title='bbox 2382 4347 2444 4388; x_wconf 91' lang='lat' dir='ltr'><strong>se</strong></span> <span class='ocrx_word' id='word_1_855' title='bbox 2485 4331 2650 4387; x_wconf 86' lang='lat' dir='ltr'><strong>ferret</strong></span> <span class='ocrx_word' id='word_1_856' title='bbox 2693 4329 3111 4401; x_wconf 82' lang='lat' dir='ltr'><strong>benignitatem?</strong></span> <span class='ocrx_word' id='word_1_857' title='bbox 3161 4327 3369 4382; x_wconf 89' lang='lat' dir='ltr'><strong>vidistis</strong></span> <span class='ocrx_word' id='word_1_858' title='bbox 3410 4328 3678 4398; x_wconf 85' lang='lat' dir='ltr'><strong>quomodo</strong></span> 
     </span>
    </p>
   </div>
   <div class='ocr_carea' id='block_1_105' title="bbox 2093 4407 3672 4486">
    <p class='ocr_par' dir='ltr' id='par_1_105' title="bbox 2093 4407 3672 4486">
     <span class='ocr_line' id='line_1_105' title="bbox 2093 4407 3672 4486; baseline -0.004 -6"><span class='ocrx_word' id='word_1_859' title='bbox 2093 4425 2247 4480; x_wconf 91' lang='lat' dir='ltr'><strong>nobis</strong></span> <span class='ocrx_word' id='word_1_860' title='bbox 2270 4422 2675 4480; x_wconf 91' lang='lat' dir='ltr'><strong>commodorum</strong></span> <span class='ocrx_word' id='word_1_861' title='bbox 2707 4407 2917 4476; x_wconf 85' lang='lat' dir='ltr'><strong>occasio</strong></span> <span class='ocrx_word' id='word_1_862' title='bbox 2943 4419 3080 4485; x_wconf 90' lang='lat' dir='ltr'><strong>fuit,</strong></span> <span class='ocrx_word' id='word_1_863' title='bbox 3113 4420 3367 4476; x_wconf 89' lang='lat' dir='ltr'><strong>assistere</strong></span> <span class='ocrx_word' id='word_1_864' title='bbox 3395 4419 3672 4486; x_wconf 86' lang='lat' dir='ltr'><strong>tribunali,</strong></span> 
     </span>
    </p>
   </div>
   <div class='ocr_carea' id='block_1_106' title="bbox 2091 4511 3675 4586">
    <p class='ocr_par' dir='ltr' id='par_1_106' title="bbox 2091 4511 3675 4586">
     <span class='ocr_line' id='line_1_106' title="bbox 2091 4511 3675 4586; baseline -0.005 -11"><span class='ocrx_word' id='word_1_865' title='bbox 2091 4527 2145 4575; x_wconf 87' lang='lat' dir='ltr'><strong>et</strong></span> <span class='ocrx_word' id='word_1_866' title='bbox 2168 4516 2352 4572; x_wconf 89' lang='lat' dir='ltr'><strong>videre</strong></span> <span class='ocrx_word' id='word_1_867' title='bbox 2376 4515 2644 4586; x_wconf 89' lang='lat' dir='ltr'><strong>quomodo</strong></span> <span class='ocrx_word' id='word_1_868' title='bbox 2673 4513 2993 4584; x_wconf 84' lang='lat' dir='ltr'><strong>processerit</strong></span> <span class='ocrx_word' id='word_1_869' title='bbox 3021 4513 3284 4568; x_wconf 79' lang='lat' dir='ltr'><strong>examen?</strong></span> <span class='ocrx_word' id='word_1_870' title='bbox 3313 4511 3675 4582; x_wconf 84' lang='lat' dir='ltr'><strong>Cognovimus</strong></span> 
     </span>
    </p>
   </div>
   <div class='ocr_carea' id='block_1_107' title="bbox 2089 4603 3674 4677">
    <p class='ocr_par' dir='ltr' id='par_1_107' title="bbox 2089 4603 3674 4677">
     <span class='ocr_line' id='line_1_107' title="bbox 2089 4603 3674 4677; baseline -0.003 -13"><span class='ocrx_word' id='word_1_871' title='bbox 2089 4609 2231 4664; x_wconf 89' lang='lat' dir='ltr'><strong>enim</strong></span> <span class='ocrx_word' id='word_1_872' title='bbox 2257 4649 2270 4674; x_wconf 95' lang='lat'><strong>,</strong></span> <span class='ocrx_word' id='word_1_873' title='bbox 2294 4608 2506 4677; x_wconf 88' lang='lat' dir='ltr'><strong>quantis</strong></span> <span class='ocrx_word' id='word_1_874' title='bbox 2529 4607 2738 4676; x_wconf 87' lang='lat' dir='ltr'><strong>seipsos</strong></span> <span class='ocrx_word' id='word_1_875' title='bbox 2777 4605 2931 4660; x_wconf 91' lang='lat' dir='ltr'><strong>bonis</strong></span> <span class='ocrx_word' id='word_1_876' title='bbox 2975 4603 3209 4659; x_wconf 88' lang='lat' dir='ltr'><strong>mandati</strong></span> <span class='ocrx_word' id='word_1_877' title='bbox 3252 4604 3674 4674; x_wconf 80' lang='lat' dir='ltr'><strong>transgressione</strong></span> 
     </span>
    </p>
   </div>
   <div class='ocr_carea' id='block_1_108' title="bbox 2088 4694 3670 4772">
    <p class='ocr_par' dir='ltr' id='par_1_108' title="bbox 2088 4694 3670 4772">
     <span class='ocr_line' id='line_1_108' title="bbox 2088 4694 3670 4772; baseline -0.004 -15"><span class='ocrx_word' id='word_1_878' title='bbox 2088 4703 2347 4772; x_wconf 84' lang='lat' dir='ltr'><strong>privarim</strong></span> <span class='ocrx_word' id='word_1_879' title='bbox 2372 4700 2542 4755; x_wconf 81' lang='lat' dir='ltr'><strong>Adam</strong></span> <span class='ocrx_word' id='word_1_880' title='bbox 2592 4709 2648 4755; x_wconf 89' lang='lat' dir='ltr'><strong>et</strong></span> <span class='ocrx_word' id='word_1_881' title='bbox 2678 4699 2788 4754; x_wconf 88' lang='lat' dir='ltr'><strong>Eva</strong></span> <span class='ocrx_word' id='word_1_882' title='bbox 2813 4740 2828 4765; x_wconf 93' lang='lat'><strong>,</strong></span> <span class='ocrx_word' id='word_1_883' title='bbox 2858 4697 3044 4752; x_wconf 88' lang='lat' dir='ltr'><strong>nudati</strong></span> <span class='ocrx_word' id='word_1_884' title='bbox 3073 4697 3239 4767; x_wconf 81' lang='lat' dir='ltr'><strong>gloria</strong></span> <span class='ocrx_word' id='word_1_885' title='bbox 3265 4696 3351 4750; x_wconf 88' lang='lat' dir='ltr'><strong>illa</strong></span> <span class='ocrx_word' id='word_1_886' title='bbox 3378 4694 3629 4750; x_wconf 81' lang='lat' dir='ltr'><strong>ineffabili</strong></span> <span class='ocrx_word' id='word_1_887' title='bbox 3653 4737 3670 4761; x_wconf 89' lang='lat'><strong>,</strong></span> 
     </span>
    </p>
   </div>
   <div class='ocr_carea' id='block_1_109' title="bbox 2087 4786 3673 4859">
    <p class='ocr_par' dir='ltr' id='par_1_109' title="bbox 2087 4786 3673 4859">
     <span class='ocr_line' id='line_1_109' title="bbox 2087 4786 3673 4859; baseline -0.006 -9"><span class='ocrx_word' id='word_1_888' title='bbox 2087 4802 2142 4850; x_wconf 90' lang='lat' dir='ltr'><strong>et</strong></span> <span class='ocrx_word' id='word_1_889' title='bbox 2168 4793 2272 4848; x_wconf 85' lang='lat' dir='ltr'><strong>vita</strong></span> <span class='ocrx_word' id='word_1_890' title='bbox 2300 4805 2407 4847; x_wconf 90' lang='lat' dir='ltr'><strong>non</strong></span> <span class='ocrx_word' id='word_1_891' title='bbox 2436 4789 2686 4845; x_wconf 87' lang='lat' dir='ltr'><strong>inferiore</strong></span> <span class='ocrx_word' id='word_1_892' title='bbox 2714 4804 2874 4859; x_wconf 91' lang='lat' dir='ltr'><strong>quam</strong></span> <span class='ocrx_word' id='word_1_893' title='bbox 2915 4788 3176 4857; x_wconf 85' lang='lat' dir='ltr'><strong>angelica.</strong></span> <span class='ocrx_word' id='word_1_894' title='bbox 3197 4786 3448 4841; x_wconf 66' lang='lat' dir='ltr'><strong>“Vidimus</strong></span> <span class='ocrx_word' id='word_1_895' title='bbox 3478 4786 3673 4854; x_wconf 89' lang='lat' dir='ltr'><strong>patien-</strong></span> 
     </span>
    </p>
   </div>
   <div class='ocr_carea' id='block_1_110' title="bbox 2087 4875 3670 4949">
    <p class='ocr_par' dir='ltr' id='par_1_110' title="bbox 2087 4875 3670 4949">
     <span class='ocr_line' id='line_1_110' title="bbox 2087 4875 3670 4949; baseline -0.006 -11"><span class='ocrx_word' id='word_1_896' title='bbox 2087 4885 2212 4938; x_wconf 90' lang='lat' dir='ltr'><strong>tiam</strong></span> <span class='ocrx_word' id='word_1_897' title='bbox 2240 4881 2474 4949; x_wconf 91' lang='lat' dir='ltr'><strong>Domini,</strong></span> <span class='ocrx_word' id='word_1_898' title='bbox 2493 4881 2776 4936; x_wconf 89' lang='lat' dir='ltr'><strong>didicimus</strong></span> <span class='ocrx_word' id='word_1_899' title='bbox 2796 4890 3053 4949; x_wconf 86' lang='lat' dir='ltr'><strong>quantum</strong></span> <span class='ocrx_word' id='word_1_900' title='bbox 3084 4877 3280 4932; x_wconf 87' lang='lat' dir='ltr'><strong>malum</strong></span> <span class='ocrx_word' id='word_1_901' title='bbox 3319 4877 3390 4930; x_wconf 91' lang='lat' dir='ltr'><strong>sit</strong></span> <span class='ocrx_word' id='word_1_902' title='bbox 3425 4875 3626 4930; x_wconf 89' lang='lat' dir='ltr'><strong>desidia</strong></span> <span class='ocrx_word' id='word_1_903' title='bbox 3651 4916 3670 4943; x_wconf 92' lang='lat'><strong>,</strong></span> 
     </span>
    </p>
   </div>
   <div class='ocr_carea' id='block_1_111' title="bbox 2083 4969 3669 5046">
    <p class='ocr_par' dir='ltr' id='par_1_111' title="bbox 2083 4969 3669 5046">
     <span class='ocr_line' id='line_1_111' title="bbox 2083 4969 3669 5046; baseline -0.005 -16"><span class='ocrx_word' id='word_1_904' title='bbox 2083 4973 2352 5046; x_wconf 90' lang='lat' dir='ltr'><strong>quomodo</strong></span> <span class='ocrx_word' id='word_1_905' title='bbox 2381 4983 2432 5028; x_wconf 89' lang='lat' dir='ltr'><strong>et</strong></span> <span class='ocrx_word' id='word_1_906' title='bbox 2459 4972 2808 5042; x_wconf 88' lang='lat' dir='ltr'><strong>praesentibus</strong></span> <span class='ocrx_word' id='word_1_907' title='bbox 2837 4971 3049 5040; x_wconf 89' lang='lat' dir='ltr'><strong>spoliet,</strong></span> <span class='ocrx_word' id='word_1_908' title='bbox 3082 4977 3138 5024; x_wconf 92' lang='lat' dir='ltr'><strong>et</strong></span> <span class='ocrx_word' id='word_1_909' title='bbox 3161 4984 3350 5039; x_wconf 87' lang='lat' dir='ltr'><strong>magna</strong></span> <span class='ocrx_word' id='word_1_910' title='bbox 3381 4969 3669 5038; x_wconf 84' lang='lat' dir='ltr'><strong>ignominia</strong></span> 
     </span>
    </p>
   </div>
   <div class='ocr_carea' id='block_1_112' title="bbox 2084 5058 3669 5129">
    <p class='ocr_par' dir='ltr' id='par_1_112' title="bbox 2084 5058 3669 5129">
     <span class='ocr_line' id='line_1_112' title="bbox 2084 5058 3669 5129; baseline -0.004 -10"><span class='ocrx_word' id='word_1_911' title='bbox 2084 5064 2298 5120; x_wconf 87' lang='lat' dir='ltr'><strong>afﬁciat.</strong></span> <span class='ocrx_word' id='word_1_912' title='bbox 2322 5063 2545 5129; x_wconf 83' lang='lat' dir='ltr'><strong>Idcirco,</strong></span> <span class='ocrx_word' id='word_1_913' title='bbox 2573 5063 2818 5127; x_wconf 89' lang='lat' dir='ltr'><strong>obsecro,</strong></span> <span class='ocrx_word' id='word_1_914' title='bbox 2847 5059 3012 5115; x_wconf 91' lang='lat' dir='ltr'><strong>sobrii</strong></span> <span class='ocrx_word' id='word_1_915' title='bbox 3038 5059 3226 5126; x_wconf 87' lang='lat' dir='ltr'><strong>simus,</strong></span> <span class='ocrx_word' id='word_1_916' title='bbox 3253 5058 3487 5129; x_wconf 90' lang='lat' dir='ltr'><strong>ﬁantque</strong></span> <span class='ocrx_word' id='word_1_917' title='bbox 3511 5058 3669 5113; x_wconf 84' lang='lat' dir='ltr'><strong>nobis</strong></span> 
     </span>
    </p>
   </div>
   <div class='ocr_carea' id='block_1_113' title="bbox 2083 5149 3667 5223">
    <p class='ocr_par' dir='ltr' id='par_1_113' title="bbox 2083 5149 3667 5223">
     <span class='ocr_line' id='line_1_113' title="bbox 2083 5149 3667 5223; baseline -0.003 -14"><span class='ocrx_word' id='word_1_918' title='bbox 2083 5157 2291 5210; x_wconf 91' lang='lat' dir='ltr'><strong>illorum</strong></span> <span class='ocrx_word' id='word_1_919' title='bbox 2320 5154 2502 5223; x_wconf 89' lang='lat' dir='ltr'><strong>lapsus</strong></span> <span class='ocrx_word' id='word_1_920' title='bbox 2522 5151 2781 5217; x_wconf 88' lang='lat' dir='ltr'><strong>remedia,</strong></span> <span class='ocrx_word' id='word_1_921' title='bbox 2810 5158 2864 5204; x_wconf 91' lang='lat' dir='ltr'><strong>et</strong></span> <span class='ocrx_word' id='word_1_922' title='bbox 2895 5149 3105 5204; x_wconf 90' lang='lat' dir='ltr'><strong>illorum</strong></span> <span class='ocrx_word' id='word_1_923' title='bbox 3137 5149 3338 5205; x_wconf 90' lang='lat' dir='ltr'><strong>desidia</strong></span> <span class='ocrx_word' id='word_1_924' title='bbox 3365 5149 3667 5205; x_wconf 89' lang='lat' dir='ltr'><strong>securitatis</strong></span> 
     </span>
    </p>
   </div>
   <div class='ocr_carea' id='block_1_114' title="bbox 2083 5240 3666 5315">
    <p class='ocr_par' dir='ltr' id='par_1_114' title="bbox 2083 5240 3666 5315">
     <span class='ocr_line' id='line_1_114' title="bbox 2083 5240 3666 5315; baseline -0.003 -14"><span class='ocrx_word' id='word_1_925' title='bbox 2083 5261 2274 5301; x_wconf 85' lang='lat' dir='ltr'><strong>causa:</strong></span> <span class='ocrx_word' id='word_1_926' title='bbox 2306 5243 2734 5315; x_wconf 85' lang='lat' dir='ltr'><strong>quandoquidem</strong></span> <span class='ocrx_word' id='word_1_927' title='bbox 2754 5241 2924 5310; x_wconf 85' lang='lat' dir='ltr'><strong>major</strong></span> <span class='ocrx_word' id='word_1_928' title='bbox 2945 5257 3100 5310; x_wconf 55' lang='lat' dir='ltr'><strong>paena</strong></span> <span class='ocrx_word' id='word_1_929' title='bbox 3119 5249 3200 5296; x_wconf 91' lang='lat' dir='ltr'><strong>est</strong></span> <span class='ocrx_word' id='word_1_930' title='bbox 3220 5253 3404 5295; x_wconf 92' lang='lat' dir='ltr'><strong>eorum</strong></span> <span class='ocrx_word' id='word_1_931' title='bbox 3426 5240 3518 5311; x_wconf 89' lang='lat' dir='ltr'><strong>qui</strong></span> <span class='ocrx_word' id='word_1_932' title='bbox 3544 5249 3666 5310; x_wconf 87' lang='lat' dir='ltr'><strong>post</strong></span> 
     </span>
    </p>
   </div>
   <div class='ocr_carea' id='block_1_115' title="bbox 2081 5331 3667 5406">
    <p class='ocr_par' dir='ltr' id='par_1_115' title="bbox 2081 5331 3667 5406">
     <span class='ocr_line' id='line_1_115' title="bbox 2081 5331 3667 5406; baseline -0.003 -14"><span class='ocrx_word' id='word_1_933' title='bbox 2081 5337 2200 5392; x_wconf 90' lang='lat' dir='ltr'><strong>illos</strong></span> <span class='ocrx_word' id='word_1_934' title='bbox 2225 5345 2464 5406; x_wconf 88' lang='lat' dir='ltr'><strong>peccant,</strong></span> <span class='ocrx_word' id='word_1_935' title='bbox 2489 5345 2542 5391; x_wconf 88' lang='lat' dir='ltr'><strong>et</strong></span> <span class='ocrx_word' id='word_1_936' title='bbox 2565 5349 2632 5390; x_wconf 92' lang='lat' dir='ltr'><strong>eo</strong></span> <span class='ocrx_word' id='word_1_937' title='bbox 2658 5335 2826 5403; x_wconf 86' lang='lat' dir='ltr'><strong>major</strong></span> <span class='ocrx_word' id='word_1_938' title='bbox 2845 5333 2986 5403; x_wconf 91' lang='lat' dir='ltr'><strong>quod</strong></span> <span class='ocrx_word' id='word_1_939' title='bbox 3016 5331 3274 5400; x_wconf 90' lang='lat' dir='ltr'><strong>exemplis</strong></span> <span class='ocrx_word' id='word_1_940' title='bbox 3299 5332 3586 5387; x_wconf 88' lang='lat' dir='ltr'><strong>emendare</strong></span> <span class='ocrx_word' id='word_1_941' title='bbox 3607 5347 3667 5388; x_wconf 87' lang='lat' dir='ltr'><strong>se</strong></span> 
     </span>
    </p>
   </div>
   <div class='ocr_carea' id='block_1_116' title="bbox 2080 5424 3663 5498">
    <p class='ocr_par' dir='ltr' id='par_1_116' title="bbox 2080 5424 3663 5498">
     <span class='ocr_line' id='line_1_116' title="bbox 2080 5424 3663 5498; baseline -0.003 -14"><span class='ocrx_word' id='word_1_942' title='bbox 2080 5430 2268 5485; x_wconf 89' lang='lat' dir='ltr'><strong>nolint.</strong></span> <span class='ocrx_word' id='word_1_943' title='bbox 2297 5427 2412 5482; x_wconf 85' lang='lat' dir='ltr'><strong>Non</strong></span> <span class='ocrx_word' id='word_1_944' title='bbox 2438 5428 2577 5482; x_wconf 90' lang='lat' dir='ltr'><strong>enim</strong></span> <span class='ocrx_word' id='word_1_945' title='bbox 2609 5428 2698 5497; x_wconf 89' lang='lat' dir='ltr'><strong>qui</strong></span> <span class='ocrx_word' id='word_1_946' title='bbox 2725 5435 2909 5498; x_wconf 89' lang='lat' dir='ltr'><strong>postea</strong></span> <span class='ocrx_word' id='word_1_947' title='bbox 2931 5424 3117 5480; x_wconf 88' lang='lat' dir='ltr'><strong>eadem</strong></span> <span class='ocrx_word' id='word_1_948' title='bbox 3146 5433 3371 5495; x_wconf 90' lang='lat' dir='ltr'><strong>peccant</strong></span> <span class='ocrx_word' id='word_1_949' title='bbox 3402 5439 3521 5495; x_wconf 67' lang='lat' dir='ltr'><strong>quae</strong></span> <span class='ocrx_word' id='word_1_950' title='bbox 3553 5425 3663 5494; x_wconf 89' lang='lat' dir='ltr'><strong>pri-</strong></span> 
     </span>
    </p>
   </div>
   <div class='ocr_carea' id='block_1_117' title="bbox 2079 5515 3665 5588">
    <p class='ocr_par' dir='ltr' id='par_1_117' title="bbox 2079 5515 3665 5588">
     <span class='ocr_line' id='line_1_117' title="bbox 2079 5515 3665 5588; baseline -0.003 -12"><span class='ocrx_word' id='word_1_951' title='bbox 2079 5522 2151 5576; x_wconf 91' lang='lat' dir='ltr'><strong>mi</strong></span> <span class='ocrx_word' id='word_1_952' title='bbox 2177 5562 2192 5588; x_wconf 96' lang='lat'><strong>,</strong></span> <span class='ocrx_word' id='word_1_953' title='bbox 2217 5521 2270 5575; x_wconf 90' lang='lat' dir='ltr'><strong>in</strong></span> <span class='ocrx_word' id='word_1_954' title='bbox 2297 5519 2538 5574; x_wconf 89' lang='lat' dir='ltr'><strong>eamdem</strong></span> <span class='ocrx_word' id='word_1_955' title='bbox 2561 5532 2773 5587; x_wconf 72' lang='lat' dir='ltr'><strong>pinnam</strong></span> <span class='ocrx_word' id='word_1_956' title='bbox 2801 5517 3055 5571; x_wconf 91' lang='lat' dir='ltr'><strong>incident.</strong></span> <span class='ocrx_word' id='word_1_957' title='bbox 3086 5515 3142 5570; x_wconf 89' lang='lat' dir='ltr'><strong>Id</strong></span> <span class='ocrx_word' id='word_1_958' title='bbox 3171 5515 3313 5586; x_wconf 85' lang='lat' dir='ltr'><strong>quod</strong></span> <span class='ocrx_word' id='word_1_959' title='bbox 3341 5515 3577 5572; x_wconf 87' lang='lat' dir='ltr'><strong>breviter</strong></span> <span class='ocrx_word' id='word_1_960' title='bbox 3595 5515 3665 5571; x_wconf 88' lang='lat' dir='ltr'><strong>ab</strong></span> 
     </span>
    </p>
   </div>
   <div class='ocr_carea' id='block_1_118' title="bbox 2141 5605 3658 5670">
    <p class='ocr_par' dir='ltr' id='par_1_118' title="bbox 2141 5605 3658 5670">
     <span class='ocr_line' id='line_1_118' title="bbox 2141 5605 3658 5670; baseline 0.004 -15"><span class='ocrx_word' id='word_1_961' title='bbox 2141 5608 2236 5670; x_wconf 8' lang='lat' dir='ltr'><strong>‘qln</strong></span> <span class='ocrx_word' id='word_1_962' title='bbox 2263 5612 2374 5654; x_wconf 89' lang='lat' dir='ltr'><strong>octo</strong></span> <span class='ocrx_word' id='word_1_963' title='bbox 2395 5606 2506 5654; x_wconf 81' lang='lat' dir='ltr'><strong>Mss.</strong></span> <span class='ocrx_word' id='word_1_964' title='bbox 2531 5612 2585 5654; x_wconf 86' lang='lat' dir='ltr'><strong>et</strong></span> <span class='ocrx_word' id='word_1_965' title='bbox 2607 5620 2702 5670; x_wconf 80' lang='lat' dir='ltr'><strong>uno</strong></span> <span class='ocrx_word' id='word_1_966' title='bbox 2735 5605 2925 5670; x_wconf 87' lang='lat' dir='ltr'><strong>_Savilii,</strong></span> <span class='ocrx_word' id='word_1_967' title='bbox 2950 5608 3081 5656; x_wconf 88' lang='lat' dir='ltr'><strong>bene</strong></span> <span class='ocrx_word' id='word_1_968' title='bbox 3117 5613 3290 5668; x_wconf 84' lang='lat' dir='ltr'><strong>multa,</strong></span> <span class='ocrx_word' id='word_1_969' title='bbox 3324 5611 3384 5660; x_wconf 87' lang='lat' dir='ltr'><strong>ab</strong></span> <span class='ocrx_word' id='word_1_970' title='bbox 3417 5612 3494 5660; x_wconf 89' lang='lat' dir='ltr'><strong>his</strong></span> <span class='ocrx_word' id='word_1_971' title='bbox 3528 5613 3658 5661; x_wconf 82' lang='lat' dir='ltr'><strong>voci-</strong></span> 
     </span>
    </p>
   </div>
   <div class='ocr_carea' id='block_1_119' title="bbox 2074 5664 3656 5734">
    <p class='ocr_par' dir='ltr' id='par_1_119' title="bbox 2074 5664 3656 5734">
     <span class='ocr_line' id='line_1_119' title="bbox 2074 5664 3656 5734; baseline 0.003 -17"><span class='ocrx_word' id='word_1_972' title='bbox 2074 5664 2181 5734; x_wconf 75' lang='lat' dir='ltr'><strong>bus,</strong></span> <span class='ocrx_word' id='word_1_973' title='bbox 2212 5680 2321 5734; x_wconf 74' lang='lat' dir='ltr'><strong>qua:</strong></span> <span class='ocrx_word' id='word_1_974' title='bbox 2343 5671 2508 5716; x_wconf 80' lang='lat' dir='ltr'><strong>oculus</strong></span> <span class='ocrx_word' id='word_1_975' title='bbox 2530 5680 2624 5734; x_wconf 86' lang='lat' dir='ltr'><strong>non</strong></span> <span class='ocrx_word' id='word_1_976' title='bbox 2645 5665 2767 5734; x_wconf 71' lang='lat' dir='ltr'><strong>vidit</strong></span> <span class='ocrx_word' id='word_1_977' title='bbox 2792 5669 3101 5734; x_wconf 47' lang='lat' dir='ltr'><strong>(assuetae;</strong></span> <span class='ocrx_word' id='word_1_978' title='bbox 3128 5671 3215 5718; x_wconf 77' lang='grc' dir='ltr'><strong>οὐκ</strong></span> <span class='ocrx_word' id='word_1_979' title='bbox 3253 5664 3387 5732; x_wconf 78' lang='grc' dir='ltr'><strong>εἶδε),</strong></span> <span class='ocrx_word' id='word_1_980' title='bbox 3413 5687 3572 5734; x_wconf 89' lang='lat' dir='ltr'><strong>usque</strong></span> <span class='ocrx_word' id='word_1_981' title='bbox 3598 5674 3656 5722; x_wconf 88' lang='lat' dir='ltr'><strong>ad</strong></span> 
     </span>
    </p>
   </div>
   <div class='ocr_carea' id='block_1_120' title="bbox 2075 5729 3654 5796">
    <p class='ocr_par' dir='ltr' id='par_1_120' title="bbox 2075 5729 3654 5796">
     <span class='ocr_line' id='line_1_120' title="bbox 2075 5729 3654 5796; baseline 0.007 -21"><span class='ocrx_word' id='word_1_982' title='bbox 2075 5731 2197 5796; x_wconf 53' lang='lat' dir='ltr'><strong>hinc,</strong></span> <span class='ocrx_word' id='word_1_983' title='bbox 2224 5729 2381 5796; x_wconf 67' lang='lat' dir='ltr'><strong>tribus</strong></span> <span class='ocrx_word' id='word_1_984' title='bbox 2402 5735 2518 5796; x_wconf 82' lang='lat' dir='ltr'><strong>ante</strong></span> <span class='ocrx_word' id='word_1_985' title='bbox 2544 5732 2693 5796; x_wconf 77' lang='lat' dir='ltr'><strong>tinem</strong></span> <span class='ocrx_word' id='word_1_986' title='bbox 2712 5729 2931 5796; x_wconf 61' lang='lat' dir='ltr'><strong>homines</strong></span> <span class='ocrx_word' id='word_1_987' title='bbox 2952 5729 3194 5790; x_wconf 81' lang='lat' dir='ltr'><strong>versibus,</strong></span> <span class='ocrx_word' id='word_1_988' title='bbox 3216 5744 3325 5796; x_wconf 66' lang='lat' dir='ltr'><strong>qua:</strong></span> <span class='ocrx_word' id='word_1_989' title='bbox 3354 5729 3450 5784; x_wconf 46' lang='lat' dir='ltr'><strong>&#39;th</strong></span> <span class='ocrx_word' id='word_1_990' title='bbox 3490 5729 3654 5786; x_wconf 71' lang='lat' dir='ltr'><strong>battles</strong></span> 
     </span>
    </p>
   </div>
   <div class='ocr_carea' id='block_1_121' title="bbox 2077 5790 3122 5858">
    <p class='ocr_par' dir='ltr' id='par_1_121' title="bbox 2077 5790 3122 5858">
     <span class='ocr_line' id='line_1_121' title="bbox 2077 5790 3122 5858; baseline 0.002 -18"><span class='ocrx_word' id='word_1_991' title='bbox 2077 5792 2161 5858; x_wconf 71' lang='lat' dir='ltr'><strong>(div</strong></span> <span class='ocrx_word' id='word_1_992' title='bbox 2184 5791 2365 5854; x_wconf 80' lang='grc' dir='ltr'><strong>γένοιτο</strong></span> <span class='ocrx_word' id='word_1_993' title='bbox 2387 5794 2562 5846; x_wconf 82' lang='grc' dir='ltr'><strong>πάντας</strong></span> <span class='ocrx_word' id='word_1_994' title='bbox 2581 5791 2725 5853; x_wconf 81' lang='grc' dir='ltr'><strong>ἡμᾶς)</strong></span> <span class='ocrx_word' id='word_1_995' title='bbox 2759 5790 3122 5845; x_wconf 83' lang='lat' dir='ltr'><strong>desiderantur.</strong></span> 
     </span>
    </p>
   </div>
  </div>
