4110 6436
372 389 475 447 ΗΊ

366 506 579 576 Μέχρις
608 503 816 559 ἐκείνου
854 503 1028 559 ταῦτα
1079 503 1386 575 ὑπομενεῖς,
1422 503 1527 568 ἐως
1558 504 1623 558 ἂν
1656 505 1715 558 τὸ
1757 505 1910 568 τέλος
1935 504 2034 574 τῆς

368 592 516 662 ζωῆς
547 610 630 645 σοι
662 605 688 634 ι
712 591 1098 664 ἐπαχθήσεται,
1127 591 1221 645 καὶ
1242 593 1322 656 εἰς
1348 592 1563 664 ἐκείνην
1581 592 1860 663 διαλυθῇς,
1889 592 1949 656 ἐξ
1969 585 2037 664 ἦς

369 684 465 736 καὶ
494 682 796 753 ἐπλάσθης.
828 682 890 734 Εἰ
920 680 1029 752 γὰρ
1078 682 1174 735 καὶ
1200 680 1452 751 σώματός
1480 698 1562 734 σοι
1592 680 1752 750 φύσιν
1776 681 2038 753 ἐχαρισά-

370 788 483 841 μην
511 769 600 824 διά
626 769 724 840 τὴν
749 767 989 841 ἐμαυτοῦ
1018 767 1450 841 φιλανθρωπίαν,
1479 768 1594 822 ἀλλ’
1622 767 1752 821 αὐτὸ
1780 769 1841 822 τὸ
1878 768 2037 839 σῶμα

367 838 478 910 ἀπὸ
526 856 634 926 γῆς
681 838 761 920 δν,
785 838 880 926 *γῆ
916 854 1076 909 πάλιν
1098 838 1270 908 ἔσται.
1300 853 1392 922 Γῆ
1418 855 1528 926 γὰρ
1554 850 1628 919 εἴ,
1658 854 1756 908 καὶ
1779 857 1867 921 είς
1919 838 2038 925 γῆν

365 942 825 1012 ἀπελεύσῃ.Ἵνα
845 943 953 1013 γὰρ
985 942 1058 1012 μὴ
1091 940 1260 995 ταῦτα
1284 941 1528 1011 γένηται,
1563 940 1649 995 διὰ
1668 941 1825 995 τοῦτο
1860 936 2034 1009 εἶπον,

365 1029 463 1096 Μὴ
499 1029 739 1099 ἄψησθε
766 1028 872 1083 τοῦ
929 1028 1120 1093 ξύλου
1147 1069 1162 1094 ,
1214 1026 1416 1094 εἰπὼν,
1458 1029 1542 1082 δτι
1592 1024 1678 1101 *ῌ
1722 1029 1801 1083 ἂν
1846 1027 2037 1098 ἡμέρᾳ

365 1116 596 1187 φάγητε
641 1117 743 1172 ἀπ’
790 1114 999 1182 αὐτοῦ,
1037 1115 1271 1179 θανάτῳ
1325 1115 1744 1171 ἀποθανεῖσθε.
1803 1116 1877 1169 Οὐ
1927 1115 2037 1187 γὰρ

363 1204 665 1275 ἐϐουλόμην
697 1203 853 1257 τοῦτο
871 1218 886 1233 ’
916 1202 1030 1258 ἀλλ’
1059 1202 1247 1274 ἐπειδὴ
1274 1203 1344 1256 τὰ
1369 1202 1467 1273 μὲν
1497 1203 1626 1274 παρ’
1656 1202 1791 1274 ἐμοῦ
1823 1203 2037 1258 ἅπαντα

364 1292 675 1363 γεγένηται,
702 1292 766 1344 σὺ
800 1291 856 1344 δὲ
883 1290 1064 1361 σαυτῷ
1091 1289 1261 1346 ταῦτα
1284 1288 1674 1362 προεξένησας,
1706 1291 1800 1343 ἐπὶ
1826 1290 2032 1361 μηδένα

363 1380 550 1452 ἕτερον
585 1380 683 1451 τὴν
718 1378 897 1431 αἰτίαν
940 1376 1163 1446 ἓπαγεὶι
1189 1417 1205 1442 ,
1253 1378 1390 1432 ἀλλά
1427 1381 1493 1448 τῇ
1541 1377 1738 1431 σαυτοῦ
1793 1377 2034 1449 ῥᾳθυμίᾳ

365 1469 474 1522 πᾶν
503 1467 795 1538 ἐπίγραφε.
832 1465 991 1519 Ἀλλά
1011 1464 1170 1520 πάλιν
1193 1466 1321 1536 ἡμῖν
1340 1465 1527 1537 ἕτερον
1543 1465 1761 1542 ζήτημα
1789 1464 2036 1520 ἐντεῦθεν

363 1555 627 1617 τίκτεται,
658 1554 814 1624 ὅπερ,
846 1555 893 1605 εἰ
924 1546 1178 1623 βούλεσθε
1199 1592 1214 1618 ,
1252 1554 1531 1624 συντόμως
1576 1552 1927 1616 διαλύσαντες
1974 1554 2037 1607 τὸ

364 1641 662 1715 τηνικαῦτα
698 1639 1120 1711 καταπαύσομεν
1173 1641 1264 1693 τὸν
1313 1639 1489 1710 λόγον.
1545 1637 1711 1704 Εῐπε,
1763 1640 1928 1711 φησὶν
1949 1682 1964 1706 ,
2007 1642 2035 1694 6

364 1729 522 1792 Θεός·
547 1722 632 1800 ⁷ῌ
650 1727 929 1796 εἰν-ἡμέρᾳ
953 1726 1181 1797 φάγητε
1194 1727 1296 1782 ἀπ’
1326 1727 1534 1791 αὑτοῦ,
1557 1727 1790 1793 θανάτῳ
1816 1729 2035 1781 ἀποθα-

363 1816 584 1871 νεῖσθε·
606 1806 910 1868 δείκνυνται
935 1814 991 1868 δὲ
1009 1814 1273 1887 ζήσαντες
1303 1815 1441 1885 μετά
1476 1815 1578 1885 τὴν
1608 1818 1918 1886 παρακοήν,
1939 1815 2035 1868 καὶ

363 1905 426 1960 τὸ
447 1905 549 1975 τῆς
575 1903 830 1975 βρώσεως
856 1906 1168 1975 μετασχεῖν,
1199 1901 1406 1957 πολλῶν
1437 1902 1574 1956 ἐτῶν
1596 1901 1849 1974 ἀριθμόν.
1864 1898 2035 1956 Τοῦτο

362 1993 510 2047 δοκεῖ
564 1994 663 2051 μὲν
712 1991 898 2056 ἁπλῶς
947 1994 1059 2055 τοῖς
1107 1990 1439 2056 ἐπιπολαίως
1490 1992 1877 2062 ἐντυγχάνουσι
1921 1992 2034 2055 τοῖς

364 2081 707 2151 ἐγκειμένοις
754 2078 898 2150 ἔχειν
930 2078 1154 2151 ζήτησίν
1203 2097 1325 2134 τινα
1347 2094 1360 2108 ·
1407 2080 1457 2132 εἰ
1497 2079 1554 2132 δέ
1574 2096 1656 2142 τις
1678 2078 2034 2149 εὐγνωμόνως

362 2170 461 2242 τὴν
505 2168 674 2240 ἀκοὴν
702 2167 1012 2238 ὑπόσχοιτο,
1038 2166 1210 2236 σαφές
1244 2168 1360 2220 ἐστι
1394 2166 1457 2220 τὸ
1498 2165 1785 2237 εἰρημένον
1812 2166 1908 2219 καὶ
1944 2165 2035 2219 οὐ·

362 2256 551 2326 δεμ-ίαν
589 2253 665 2325 τῷ
697 2253 1018 2324 προσέχοντι
1044 2254 1269 2325 ζήτησιν
1311 2252 1451 2324 ἐχον.
1496 2252 1562 2307 Εἰ
1590 2252 1700 2324 γὰρ
1733 2251 1828 2306 καὶ
1867 2251 2034 2304 πολὺν

362 2341 498 2395 ἐτῶν
525 2341 717 2412 χρόνον
738 2339 959 2411 ἔζησαν,
986 2339 1100 2395 ἀλλ’
1116 2341 1266 2411 ὅμως
1282 2340 1376 2410 ἀφ’
1405 2335 1474 2413 ἦς
1495 2341 1736 2412 ῆκουσαν
1750 2340 1833 2404 τὸ,
1853 2337 1942 2408 Γῆ
1958 2335 2031 2405 εἴ,

361 2430 461 2485 καὶ
492 2432 580 2496 εἰς
600 2428 715 2500 γῆν
739 2429 1070 2498 ἀπελεύσῃ,
1105 2428 1197 2483 καὶ
1222 2428 1321 2501 τὴν
1347 2428 1620 2498 ἀπόφασιν
1666 2427 1914 2492 ἐδέξαντο
1938 2426 2031 2481 τοῦ

363 2518 614 2585 θανάτου,
652 2518 746 2571 καὶ
800 2516 983 2588 θνητοὶ
1032 2517 1311 2587 γεγόνασι,
1362 2518 1458 2571 καλ⁵
1488 2517 1549 2582 ἐξ
1581 2516 1791 2571 ἐκείνου
1837 2515 1903 2571 άν
1949 2532 2034 2580 τις

361 2601 513 2659 εἶπεν
540 2605 738 2667 αὐτοὺς
764 2603 1104 2675 τεθνηκέναι.
1136 2604 1307 2657 Τοῦτο
1335 2600 1430 2658 οὖν
1458 2605 1552 2657 καὶ
1573 2605 1607 2675 ή
1645 2602 1835 2675 Γραφὴ
1862 2603 2034 2657 αἰνιτ-

351 2693 563 2764 .τομένη
589 2688 764 2756 εἶπεν,
799 2691 882 2745 ὅτι
928 2683 1012 2763 ⁷ῌ
1063 2690 1117 2745 δ’
1146 2691 1225 2747 ἂν
1276 2691 1469 2762 ἡμέρᾳ
1511 2691 1760 2762 φάγητε,
1801 2690 2033 2757 θανάτῳ

360 2778 758 2836 ἀποθανεῖσθε
772 2795 786 2811 ο
806 2778 926 2833 ἀντὶ
952 2777 1185 2851 τοῦ,Τὴν
1207 2779 1479 2849 ἀπόφασιν
1499 2778 1715 2846 δέξεσθε
1736 2777 1832 2833 τοῦ
1851 2778 2033 2850 θνητοὶ

362 2867 547 2921 λοιπὸν
606 2863 765 2921 εἶναι.
823 2865 1092 2937 Καθάπερ
1127 2866 1237 2939 7&9
1270 2867 1495 2921 ἐπὶτῶν
1524 2866 1893 2939 δικαστηρίων
1921 2868 2031 2921 τῶν

361 2952 739 3023 ἀνθρωπίνων,
782 2951 1002 3006 ἐπειδὰν
1032 2953 1306 3022 ἀπόφασίν
1336 2970 1418 3017 τις
1445 2952 1739 3025 δεξάμενος
1768 2953 1864 3007 τοῦ
1894 2955 2031 3009 πάν-

357 3055 467 3103 τως
498 3040 596 3111 τὴν
619 3040 861 3110 κεφαλὴν
882 3039 1290 3112 ἀποτμηθῆναι,
1316 3037 1436 3096 εἶτα
1466 3041 1547 3105 εἰς
1570 3041 1633 3094 τὸ
1660 3041 2031 3114 δεσμωτήριον

359 3126 627 3198 ἐμϐληθῇ,
674 3127 780 3180 κᾶν
811 3128 904 3180 ἐπὶ
930 3127 1097 3182 πολὺν
1124 3128 1314 3200 χρόνον
1340 3128 1593 3201 διαμένῃ,
1628 3128 1780 3183 οὐδὲν
1808 3128 2031 3200 ἄμεινον

360 3215 469 3270 τῶν
495 3215 703 3286 νεκρῶν
730 3215 824 3268 καὶ
849 3214 1189 3285 τεθνηκότων
1214 3214 1408 3283 διάξει,
1435 3218 1503 3288 τῇ
1532 3215 1806 3286 ἀποφάσει
1842 3216 2032 3287 τεθνη-

361 3302 507 3366 κώς⁶
556 3303 650 3357 τὸν
701 3303 863 3356 αὐτὸν
899 3301 964 3374 δὴ
993 3302 1194 3374 τρόπον
1223 3303 1316 3357 καί⁵
1356 3297 1525 3369 οῦτοι,
1582 3302 1640 3371 ἐξ
1680 3304 1896 3375 ἐκείνης
1934 3305 2033 3376 τῆς

358 3392 594 3464 ἡμέρας,
618 3390 678 3456 ἐξ
696 3386 766 3462 ἧς
791 3390 889 3461 τὴν
908 3389 1184 3459 ἀπόφασιν
1215 3391 1465 3456 ἐδέξαντο
1486 3392 1585 3463 τῆς
1611 3390 1954 3463 θνητότητος,
1985 3394 2033 3446 εἰ

358 3481 454 3535 καὶ
484 3479 651 3534 πολὺν
691 3477 985 3549 διήρκεσαν
1013 3478 1224 3550 χρόνον,
1251 3477 1388 3532 ἀλλὰ
1436 3481 1503 3550 τῇ
1536 3479 1808 3549 ἀποφάσει
1838 3480 2032 3550 τεθνή-

360 3584 541 3623 κασιν.
575 3562 707 3621 Οἶδα
728 3566 811 3619 ὃτι
836 3565 1011 3620 πολλὰ
1039 3566 1108 3619 τά
1145 3566 1415 3638 εἰρημένα
1466 3567 1561 3621 καὶ
1585 3567 1665 3631 εἰς
1696 3568 1830 3621 πολὺ
1861 3568 2034 3639 μῆκος

358 3658 495 3728 ἡμῖν
553 3654 783 3725 ἐξετάθη
823 3653 891 3708 τά
936 3653 1038 3724 τῆς
1083 3654 1465 3718 διδασκαλίας·
1497 3654 1577 3708 διὸ
1611 3654 1798 3726 ἐπειδὴ
1842 3658 1908 3727 τῇ
1937 3655 2033 3709 τοῦ

359 3742 498 3798 Θεοῦ
526 3744 711 3814 χάριτι
737 3740 878 3796 κατά
906 3740 1136 3811 δύναμιν
1164 3741 1439 3813 ἡμετέραν
1483 3742 1700 3797 ἅπαντα
1740 3742 1819 3805 εἰς
1871 3742 2034 3813 μέσον

360 3832 492 3902 ὑμῖν
530 3830 823 3900 προθέντες
851 3828 1004 3893 τέλος
1036 3827 1392 3899 ἐπεθήκαμεν
1434 3831 1549 3894 τοῖς
1599 3828 2031 3899 ἀναγνωσθεῖσι,

362 3918 733 3989 συστείλωμεν
766 3915 1003 3971 ἐνταῦθα
1030 3914 1124 3970 τὸν
1160 3915 1341 3985 λόγον.
1634 3923 1642 3930 “

435 4012 491 4066 ι’.
530 4006 686 4077 Ἐνῆν
730 4005 831 4076 μὲν
857 4002 969 4074 7&9
997 4002 1092 4058 καὶ
1117 4002 1279 4075 ἐτερα
1309 4003 1642 4076 προσθέντας
1672 4004 1845 4073 δεῖξαι
1873 4007 2035 4062 πάλιν

360 4096 460 4151 καὶ
486 4093 688 4164 ταύτην
717 4093 890 4164 αὐτὴν
920 4092 1021 4163 τήν
1042 4092 1315 4165 τιμωρίαν
1338 4091 1438 4164 τὴν
1467 4092 1819 4163 ἐπαχθεῖσαν,
1846 4095 1942 4147 καὶ
1973 4094 2036 4148 τὸ

362 4182 593 4254 θνητοὺς
607 4180 858 4250 γενέσθαι
876 4176 1078 4249 πολλὴν
1098 4179 1328 4251 ἔχουσαν
1346 4180 1580 4235 ἄϐυσσον
1604 4180 1792 4251 φιλανθ
1801 4181 2031 4252 ρωπίαςο

363 4270 499 4327 ἀλλά
527 4270 615 4324 ἵνα
648 4269 725 4341 μὴ
748 4267 828 4340 τῷ
860 4265 1039 4339 πολλῷ
1071 4267 1267 4339 πλήθει
1294 4266 1699 4340 καταχώσωμεν
1753 4268 1908 4339 ὑμῶν
1936 4269 2036 4342 τὴν

359 4359 624 4423 διάνοιαν,
680 4357 829 4428 φέρε,
883 4355 1357 4427 παρακαλέσωμεν
1402 4357 1548 4426 ὑμᾶς
1582 4355 1735 4429 [149]
1781 4358 2036 4413 ἐντεῦθεν

361 4443 677 4511 ἐξελθόντας
714 4442 788 4514 μὴ
822 4444 901 4506 εἰς
950 4443 1242 4514 ἀνονήτους
1270 4454 1293 4482 ο
1328 4442 1619 4512 συλλόγους
1657 4444 1886 4509 ἐαυτοὺς
1938 4447 2032 4500 ἐκ·

360 4532 586 4597 διδόναι,
628 4530 761 4602 μηδὲ
785 4530 864 4594 εἰς
892 4529 1162 4603 φλυαρίας
1186 4531 1470 4602 ἀκαίρους,
1497 4530 1634 4586 ἀλλά
1659 4531 1784 4587 καθ’
1806 4534 2036 4595 ἑαυτοὺς

363 4614 645 4679 συνιέντας
672 4614 788 4685 μετ’
815 4613 1059 4685 ἀλλήλων
1085 4614 1366 4684 συλλέγειν
1391 4615 1462 4668 τὰ
1493 4616 1616 4687 είρη
1625 4617 1761 4687 μένα
1779 4657 1794 4684 ,
1839 4618 1931 4671 καὶ
1955 4619 2037 4683 εἰς

363 4705 669 4775 ὑπόμνησιν
696 4702 923 4765 ἑαυτοὺς
944 4700 1121 4770 ἀγειν,
1152 4700 1206 4754 τί
1232 4701 1330 4772 μὲν
1350 4702 1378 4754 6
1399 4701 1660 4775 δικαστὴς
1679 4705 2032 4775 ἀπεκρίνατο,

363 4793 416 4847 τί
439 4792 496 4846 δὲ
523 4793 573 4844 οἱ
599 4789 889 4845 ὑπεύθυνοι
916 4788 1326 4861 ἀπελογήσαντο
1353 4830 1369 4856 ,
1420 4789 1514 4843 καὶ
1560 4790 1679 4854 πῶς
1707 4791 1735 4844 6
1790 4791 1890 4863 μὲν
1946 4792 2033 4846 ἐπ’

362 4879 581 4949 ἐκείνην
602 4877 702 4950 τὴν
735 4876 913 4931 αἰτίαν
943 4878 1274 4948 μετήγαγεν,
1301 4874 1482 4947 ἐκείνη
1521 4875 1578 4928 δὲ
1623 4876 1717 4929 ἐπὶ
1743 4876 1833 4931 τὸν
1869 4876 1992 4947 δφιν
2017 4918 2031 4939 ,

362 4967 462 5023 καὶ
486 4964 605 5030 πῶς
642 4964 737 5019 καὶ
766 4954 955 5018 τοῦτον
992 4964 1377 5036 ἐτιμωρήσατο
1401 5004 1416 5027 ,
1456 4964 1550 5016 καὶ
1578 4963 1659 5017 ὅτι
1691 4963 1912 5035 διηνεκῆ
1941 4967 2036 5020 καὶ

363 5052 443 5126 τῷ
470 5052 638 5107 παντὶ
654 5051 812 5105 αἰῶνι
849 5068 913 5104 συ
920 5049 1460 5121 μπαρεκτεινομένην
1485 5049 1743 5123 αὐτῷτὴν
1764 5052 2036 5124 τιμωρίαν

362 5144 636 5216 ἐπήγαγε,
697 5139 795 5195 καὶ
854 5137 1089 5209 σφοδρὰν
1143 5137 1242 5210 τὴν
1289 5137 1410 5191 κατ’
1443 5137 1609 5193 αὐτοῦ
1659 5139 2035 5211 ἀγανάκτησιν

364 5230 679 5300 ἐποιήσατο,
719 5228 814 5284 καὶ
835 5227 924 5282 διὰ
965 5226 1156 5280 τούτου
1182 5225 1396 5290 δεικνὺς
1419 5224 1520 5298 τὴν
1557 5225 1696 5297 πρὸς
1733 5228 1860 5291 τοὺς
1892 5229 2037 5284 ἀπα-

360 5316 626 5388 τηθέντας
656 5315 1002 5387 κηδεμονίαν.
1026 5315 1104 5366 Δι’
1136 5306 1211 5367 ὧν
1231 5311 1339 5384 7&9
1360 5313 1452 5367 τὸν
1480 5313 1837 5384 ἀπατήσαντα
1865 5313 2039 5382 οὕτως

364 5398 630 5470 ήμύνατο,
656 5398 813 5471 δῆλον
828 5399 911 5451 ὅτι
942 5398 1023 5459 εἰς
1041 5397 1168 5460 τοὺς
1202 5396 1343 5450 πάνυ
1367 5394 1517 5466 αὐτῷ
1540 5396 2039 5469 περισπουδάστους

360 5484 464 5557 τὴν
496 5485 710 5555 ἀπάτην
731 5484 1044 5554 εἰργάσατο.
1072 5478 1205 5535 Εἶτα
1228 5479 1476 5535 ἐντεῦθεν
1506 5496 1612 5552 μνη
1621 5481 1917 5551 μονεύσατε
1939 5484 2034 5537 τοῦ

362 5570 641 5644 ἐπιτιμίου
683 5572 787 5642 τῆς
823 5569 1101 5639 γυναικὸς,
1156 5568 1253 5622 καὶ
1301 5568 1401 5638 τῆς
1458 5567 1734 5632 κολάσεως
1781 5569 1883 5640 τῆς
1933 5571 2035 5624 ἐπ-

363 5659 624 5731 ἀχθείσης
652 5658 814 5729 αὐτῇ,
856 5656 1058 5728 μᾶλλον
1103 5655 1163 5709 δέ
1192 5655 1290 5727 τῆς
1321 5654 1624 5721 νουθεσίας,
1664 5657 1759 5711 καὶ
1789 5656 1934 5713 οὕτω
1968 5660 2036 5714 τὰ

362 5746 503 5819 πρὸς
556 5746 649 5799 τὸν
691 5744 861 5815 Ἀδὰμ
901 5742 1166 5816 εἰρημένα
1214 5741 1687 5815 μνημονεύσαντες
1711 5785 1729 5812 ,
1787 5745 1885 5801 καὶ
1936 5747 2039 5819 τῆς

425 5879 452 5909 ⁸
498 5875 704 5936 Quidam
745 5890 860 5927 mss.
882 5882 935 5925 et
952 5875 1106 5938 Savilz
1127 5879 1250 5932 ζωῆς
1274 5891 1379 5925 σου.
1404 5873 1532 5926 Infra
1555 5876 1653 5924 duo
1672 5890 1785 5926 mae.
1813 5885 1871 5938 γῆ
1896 5880 2037 5928 πάλιν

360 5941 555 6000 γίνεται.
623 5938 650 5978 ιι
674 5938 1018 6003 ὕει’ἱίιάπαγε.
1067 5936 1241 6003 Mprgl.
1284 5938 1504 6003 ἐπάγαγε.
1531 5939 1672 5988 Alius
1694 5936 1880 6003 μέταγε,
1908 5940 2035 5995 Infra

358 5997 557 6065 Quidam
585 6016 697 6054 mss.
727 5998 922 6051 ἐνταῦθα
942 5997 1047 6049 κατ.
1117 6001 1137 6028 ε’
1168 5997 1337 6069 Μοιοι.
1378 5997 1618 6058 ἀνοήτους.

1470 385 1536 443 ΙΝ
1573 386 1727 444 CAP.
1770 386 1834 442 III
1875 384 2120 442 GENES.
2162 384 2398 445 IIOMIL.
2431 388 2617 446 XVIII.

3719 388 3818 445 με

2142 503 2473 574 ἀποφάσεως
2506 507 2588 570 εἰς
2632 505 2837 561 ἐννοιαν
2888 504 3155 570 ἐλθόντες,
3181 505 3309 560 Ὀτι
3346 504 3423 575 τῆ
3458 498 3531 569 εἴ,
3580 505 3675 557 καὶ
3725 509 3816 571 εις

2139 589 2254 659 γῆν
2267 592 2603 662 ἀπελεύσῃ,
2629 592 2878 647 ἐντεῦθεν
2896 593 3207 665 ἐκπλάγητε
3218 595 3317 665 τὴν
3332 593 3538 662 ἄφατον
3564 590 3658 644 τοῦ
3681 591 3821 645 Θεοῦ

2139 678 2571 750 φιλανθρωπίαν,
2599 680 2682 734 ὅτι
2708 681 2857 752 ἡμᾶς
2876 681 3003 744 τοὺς
3036 681 3101 734 ἐκ
3133 682 3233 752 τῆς
3257 680 3363 751 γῆς
3391 679 3572 744 ὄντας,
3608 680 3702 732 καὶ
3736 681 3815 743 εἰς

2136 765 2243 835 γῆν
2293 765 2693 838 διαλυομένους,
2734 770 2783 821 εί
2827 767 3218 838 βουληθείημεν
3265 766 3468 839 ἀρετὴν
3497 767 3815 836 μετελθεῖν,

2137 853 2233 905 καὶ
2283 852 2483 907 κακίαν
2533 855 2747 923 φυγεῖν,
2802 853 2913 908 τῶν
2956 855 3285 926 ἀπορρήτων
3326 853 3549 907 ἐκείνων
3594 851 3817 922 ἀγαθῶν

2136 939 2321 1006 ἀξιοῦν
2343 940 2705 1012 ἐπηγγείλατο
2735 943 2843 996 τῶν
2878 941 3293 1013 ἡτοιμασμένων
3317 942 3430 1005 τοίς
3470 940 3816 1011 ἠγαπηκόσιν

2136 1024 2319 1095 αὐτὸν,
2360 1028 2421 1082 Ἃ
2449 1028 2756 1099 ὀφθαλμὸς
2788 1031 2899 1083 οὐκ
2928 1026 3071 1093 εῖὸε,
3111 1029 3212 1083 καί
3259 1023 3370 1094 οὖς
3407 1029 3519 1082 οὐκ
3558 1027 3812 1097 ἢκουσε,

2137 1112 2238 1166 καὶ
2274 1112 2373 1167 ἐπὶ
2403 1112 2656 1182 καρδίαν
2694 1113 3011 1183 ἀνθρώπου
3049 1117 3162 1170 οὐκ
3185 1114 3393 1183 ἀνέϐη.
3427 1114 3603 1185 Χάριν
3634 1113 3814 1166 τοίνυν

2136 1198 2337 1272 πολλὴν
2373 1199 2660 1273 ὀφείλομεν
2701 1201 2860 1273 ήμῶν
2913 1201 3195 1273 ὁμολογεῖν
3247 1201 3325 1272 τῷ
3376 1200 3622 1271 Δεσπότῃ
3675 1199 3813 1270 ὑπὲρ

2135 1285 2244 1341 τῶν
2265 1287 2600 1358 τηλικούτων
2621 1288 2972 1360 εὐεργεσιῶν,
3007 1289 3104 1343 καὶ
3135 1288 3411 1360 μηδέποτε
3447 1286 3589 1359 λήθη
3629 1284 3812 1341 ταῦτα

2138 1375 2555 1446 παραπέμπειν,
2614 1375 2751 1429 ἀλλά
2797 1375 2885 1430 διὰ
2935 1375 3046 1429 τῶν
3093 1374 3316 1444 ἀγαθῶν
3352 1374 3533 1446 ἔργων
3568 1375 3662 1427 καὶ
3710 1373 3813 1443 τῆς

2135 1461 2336 1535 πολλῆς
2359 1463 2466 1516 τῶν
2490 1462 2709 1533 φαύλων
2730 1464 3040 1535 ἀποφυγῆς,
3062 1463 3253 1517 τοῦτον
3279 1461 3694 1533 ἐξιλεωσώμεθα
3716 1461 3814 1514 καὶ

2134 1550 2336 1622 εὐμενῆ
2385 1552 2516 1621 ἡμῖν
2566 1551 3020 1623 καταστήσωμεν.
3054 1549 3179 1614 Πῶς
3209 1549 3319 1620 γάρ
3344 1549 3405 1603 οὑ
3448 1549 3630 1620 πάσης
3653 1546 3813 1601 τοῦτο

2134 1636 2527 1708 ἀγνωμοσύνης
2563 1637 2782 1709 δεῖγμα,
2813 1639 2862 1690 εἰ
2887 1637 3049 1701 αὐτὸς
3083 1636 3202 1708 μὲν,
3237 1635 3370 1699 Θεὸς
3394 1634 3470 1690 ὢν
3503 1636 3598 1689 καὶ
3617 1634 3813 1688 ἀθάνα-

2134 1741 2247 1788 τος.
2280 1723 2377 1795 τὴν
2401 1725 2561 1789 φύσιν
2586 1724 2952 1778 ἀναλαϐέσθαι
2981 1723 3081 1796 τὴν
3104 1723 3307 1794 θνητὴν
3329 1722 3488 1793 ήμῶν
3510 1722 3604 1776 καὶ
3626 1723 3812 1791 γήϊνον

2134 1811 2322 1867 οὐσίαν
2360 1813 2420 1867 οὐ
2456 1813 2852 1887 παρῃτήσατο,
2904 1813 2998 1867 καὶ
3050 1812 3153 1883 τῆς
3200 1812 3436 1884 ἀρχαίας
3492 1811 3813 1883 νεκρώσεως

2133 1901 2459 1967 ἀπαλλάξαι,
2493 1902 2588 1956 καὶ
2634 1901 2771 1971 ὑπὲρ
2800 1902 2892 1955 τὸν
2920 1901 3150 1974 οὐρανὸν
3181 1899 3388 1971 ταύτην
3441 1898 3810 1964 ἀναϐιϐάσαι,

2133 1988 2231 2043 καὶ
2260 1991 2328 2061 τῇ
2360 1991 2603 2061 πατρικῇ
2653 1988 2909 2060 συνεδρίᾳ
2935 1989 3186 2059 τιμῆσαι,
3235 1988 3329 2041 καὶ
3360 1986 3466 2040 ὑπὸ
3491 1987 3675 2058 πάσης
3713 1986 3813 2057 τῆς

2132 2078 2390 2149 οὐρανίας
2412 2080 2671 2148 στρατιᾶς
2700 2077 3122 2150 προσκυνεῖσθαι
3151 2076 3509 2143 καταξιῶσαι,
3560 2079 3725 2148 ἡμεῖς
3753 2077 3811 2130 δὲ

2131 2166 2201 2217 τὰ
2217 2166 2433 2218 ἐναντία
2458 2164 2634 2236 τούτῳ
2653 2165 2984 2236 ἀνταμεῖψαι
3006 2165 3068 2218 οὑ
3092 2163 3399 2237 κατῃδέσθη
3407 2181 3528 2234 μεν,
3553 2162 3693 2216 ἀλλά
3715 2164 3810 2215 καὶ

2131 2251 2234 2325 τὴν
2254 2251 2518 2307 ἀθάνατον
2546 2252 2744 2324 ψυχὴν,
2778 2253 2854 2314 ὠς
2875 2253 2941 2308 άν
2961 2270 3044 2316 τις
3066 2250 3231 2317 εἴποι,
3262 2252 3329 2322 τῇ
3354 2251 3518 2323 σαρκὶ
3540 2248 3810 2322 προσκολ-

2132 2339 2420 2411 λήσαντες,
2454 2341 2644 2412 γήῖνον
2691 2340 2860 2413 αὐτὴν
2916 2339 3013 2394 καί⁸
3068 2339 3270 2410 νεκρὰν
3314 2341 3409 2393 καὶ
3452 2338 3811 2411 ἀνενέργητον

2132 2426 2386 2495 γενέσθαι
2426 2428 2946 2498 κατεσκευάσαμεν;
2999 2426 3112 2498 Μή,
3155 2424 3480 2497 παρακαλῶ,
3523 2424 3597 2497 μὴ
3640 2424 3813 2488 οὕτως

2133 2513 2447 2586 ἀγνώμονες
2466 2508 2616 2586 ὦμεν
2646 2516 2773 2586 περί
2796 2514 2888 2568 τὸν
2936 2512 3172 2568 τοσαῦτα
3198 2514 3345 2585 ἡμᾶς
3377 2512 3808 2584 εὐηργετηκότα,

2133 2601 2270 2657 ἀλλὰ
2301 2604 2412 2666 τοῖς
2432 2602 2597 2657 αὐτοῦ
2622 2603 2807 2674 νόμοις
2837 2601 3114 2672 ἑπόμενοι,
3148 2600 3217 2654 τὰ
3255 2600 3407 2671 αὐτῷ
3430 2599 3692 2654 δοκοῦντα
3718 2602 3812 2653 καὶ

2134 2690 2408 2762 εὐάρεστα
2458 2691 2588 2744 δντα
2635 2687 3119 2762 διαπραττὼμεθα,
3174 2688 3261 2741 ἵνα
3297 2688 3392 2743 καὶ
3435 2686 3545 2739 τῶν
3578 2687 3814 2741 αἰωνίων

2133 2777 2356 2847 ἀγαθῶν
2384 2778 2568 2845 ἀξίους
2594 2779 2743 2849 ἡμᾶς
2766 2776 3021 2848 ἀναδείξῃ
3039 2792 3053 2807 ο
3085 2768 3161 2829 ὧν
3186 2775 3398 2844 γένοιτο
3427 2774 3637 2838 πάντας
3665 2776 3813 2844 ἡμᾶς

2135 2864 2453 2935 ἀξιωθῆναι,
2513 2865 2697 2937 χάριτι
2732 2865 2825 2918 καὶ
2857 2863 3236 2934 φιλανθρωπία
3289 2861 3383 2916 τοῦ
3416 2861 3622 2933 Κυρίου
3655 2861 3814 2932 ήμῶν

2148 2951 2324 3023 Ἰησοῦ
2349 2952 2605 3023 Χριστοῦ,
2643 2951 2764 3023 μεθ’
2801 2943 2863 3004 οὗ
2895 2951 2971 3022 τῷ
3011 2950 3207 3021 Πατρὶ,
3233 2948 3352 3020 ἃμα
3371 2948 3449 3019 τῷ
3482 2949 3623 3019 ἁγίῳ
3646 2949 3816 3001 Πνεύ-

2138 3056 2273 3111 ματι
2317 3039 2466 3105 δόξα,
2501 3041 2739 3109 κράτος,
2782 3040 2939 3111 τιμὴ,
2992 3038 3089 3094 νῦν
3136 3038 3231 3092 καὶ
3270 3038 3393 3105 ἀεὶ,
3434 3038 3530 3123 καθ
3568 3037 3649 3101 εἰς
3689 3038 3816 3101 τοὺς

2133 3128 2337 3192 αἰῶνας
2366 3127 2474 3182 τῶν
2497 3126 2733 3183 αἰώνων.
2781 3129 2974 3199 Ἀμήν.

2698 3289 2848 3364 [150]
2874 3291 3117 3345 OMIAIA
3149 3291 3259 3344 111'.

2135 3420 2256 3506 Καὶ
2282 3422 2582 3506 ἐκάλεσεν
2600 3420 2891 3506 ..Ἀδὰμπὸ
2922 3421 3109 3506 ὄνομα
3138 3418 3250 3489 τῆς
3288 3418 3573 3506 γυναεκὸς
3601 3417 3811 3506 αὐτοῦΞ

2206 3491 2404 3559 Ζωὴά,
2435 3492 2523 3545 ὅτι
2549 3491 2700 3556 αὕτη
2727 3487 2931 3560 μήτηρ
2958 3487 3212 3560 πάντωνῆ
3250 3487 3368 3543 τῶν
3407 3487 3656 3560 ζώντων.
3704 3489 3813 3560 Καὶ

2208 3558 2463 3629 ἐποίησε
2514 3558 2969 3628 Κύριοςοθεός
3001 3559 3084 3624 τῷ
3128 3558 3305 3629 Ἀδὰμ
3338 3561 3436 3613 καὶ
3464 3559 3539 3627 τῇ
3574 3559 3814 3628 rvi-and

2208 3578 2463 3629 εποίησε
2514 3578 2730 3628 ις-υριος
2756 3578 2787 3614 ο
2824 3578 2969 3626 υεος
3001 3578 3084 3624 τῳ
3133 3578 3263 3613 Ἀοα
3286 3578 3305 3613 ι
3338 3578 3436 3613 και
3464 3578 3539 3627 τῃ
3574 3578 3810 3628 γυναῖκα

2204 3632 2394 3700 αὐτοῦ
2418 3630 2675 3700 χιτῶνας
2696 3630 3116 3700 δερματίνους,
3132 3631 3228 3683 καὶ
3249 3578 3543 3683 ἐνέδυσεν
3569 3630 3810 3700 αὺζούς,

2206 3700 2318 3756 Καὶ
2345 3694 2515 3755 εἶπεν
2541 3705 2573 3756 ό
2602 3694 2983 3767 Θεόςῖ⁷Ἶὸοὺ
3031 3699 3214 3769 Ἀδὰμ
3241 3700 3488 3770 γέγονεν
3515 3700 3594 3767 ὠς
3629 3694 3717 3765 εἷς
3745 3699 3815 3765 ἐξ

2207 3769 2395 3842 ἡμῶν.

2209 3914 2277 3962 α’.
2294 3908 2479 3962 Εῐδετε
2500 3906 2620 3979 χθὲς
2640 3905 2906 3961 Δικαστοῦ
2925 3905 3335 3977 φιλανθρωπίαν
3350 3921 3365 3970 ;
3383 3904 3551 3959 εἴδετε
3569 3904 3816 3971 ἐξέτασιν

2136 3996 2474 4065 ἀγαθότητος
2502 3995 2784 4065 γέμουσαν
2812 4012 2827 4061 ;
2852 3995 3022 4047 εῖδετε
3057 3994 3338 4064 τιμωριῶν
3371 3993 3668 4064 διαίροράνῖ
3697 3993 3817 4058 πῶς

2139 4084 2240 4155 μὲν
2268 4086 2296 4137 6
2328 4082 2417 4136 διὰ
2454 4082 2556 4152 τῆς
2581 4082 2801 4152 ἀπάτης
2838 4080 3206 4142 ὑποσκελίσας
3235 4080 3576 4151 ἐτιμωρήθη,
3606 4082 3724 4144 πῶς
3756 4081 3815 4134 δέ

2135 4173 2170 4243 ἡ
2194 4171 2305 4234 τοῖς
2329 4168 2799 4224 ὑποσκελισθεϊσιν
2830 4167 3134 4237 ἐπαχθεῖσα
3177 4166 3422 4237 τιμωρία
3452 4166 3654 4237 πολλὴν
3702 4168 3813 4222 δεί-

2136 4275 2295 4313 κνυσι
2322 4255 2555 4329 τὴνκτοῦ
2586 4255 2722 4309 Θεοῦ
2766 4253 3212 4325 φιλανθρωπίαν;
3247 4253 3419 4307 εἴδετε
3466 4254 3643 4327 πόσης
3680 4258 3814 4326 ἡμῖν

2134 4344 2402 4415 ὠφελείας
2434 4343 2658 4412 γέγονεν
2687 4342 2947 4405 ὑπόθεσις
2975 4340 3038 4395 τὸ
3077 4340 3426 4412 παραστῆναι
3457 4341 3537 4413 τῷ
3554 4342 3814 4413 δικαστη-

2138 4432 2259 4505 ρίῳ,
2292 4433 2388 4486 καὶ
2414 4431 2543 4484 ἰδεῖν
2560 4431 2711 4494 ὅπως
2731 4427 3122 4502 προεχώρησεν
3142 4431 3175 4501 ή
3202 4428 3454 4494 ἐξέτασις
3474 4447 3489 4497 ;
3526 4431 3814 4502 Ἔγνωμεν

2134 4519 2266 4592 γὰρ,
2304 4520 2445 4573 ὅσων
2473 4536 2532 4571 τε
2556 4518 2653 4572 κα)⁸
2683 4517 2890 4588 ἡλίκων
2918 4516 3142 4587 ἀγαθῶν
3173 4519 3402 4583 ἑαυτοὺς
3426 4519 3814 4590 ἀπεστέρησαν

2134 4608 2164 4662 δ
2188 4625 2249 4661 τε
2284 4606 2475 4679 Ἀδὰμ,
2505 4607 2540 4678 ἡ
2569 4623 2630 4660 τε
2659 4604 2797 4673 Εὔα,
2821 4606 2910 4660 διὰ
2928 4606 3028 4677 τῆς
3052 4606 3419 4678 παραϐάσεως
3446 4607 3549 4677 τῆς
3568 4607 3815 4678 δοθείσης

2134 4695 2358 4766 ἐντολῆς
2379 4735 2394 4760 ,
2443 4695 2821 4767 γυμνωθέντες
2850 4695 2951 4767 τῆς
2991 4694 3151 4765 δόξης
3185 4694 3404 4766 ἐκείνης
3430 4696 3530 4765 τῆς
3558 4695 3772 4764 ἀφάτου
3794 4737 3811 4763 ,

2135 4785 2234 4839 καὶ
2260 4783 2360 4852 τῆς
2391 4783 2538 4852 ζωῆς
2560 4782 2661 4853 τῆς
2708 4782 2860 4836 οὐδὲν
2906 4782 3128 4836 ἐλαττον
3177 4782 3366 4852 σχεδὸν
3390 4793 3413 4821 ο
3448 4781 3681 4852 ἐχούσης
3704 4783 3813 4837 τῶν

2136 4869 2404 4939 ἀγγέλων.
2428 4870 2656 4940 Εἴδαμεν
2688 4869 2788 4940 τὴν
2811 4867 3168 4933 ἀνεξικακίαν
3194 4868 3291 4922 τοῦ
3319 4868 3614 4932 Δεσπότου,
3655 4870 3814 4922 ἐπαι-

2136 4959 2408 5031 δεύθημεν
2438 4961 2562 5013 ὅσον
2599 4958 2769 5013 κακόν
2799 4960 2916 5013 ἐστι
2962 4957 3225 5029 ῥᾳθυμία,
3262 4958 3357 5011 καὶ
3388 4958 3537 5021 ὅπως
3569 4958 3666 5012 καὶ
3704 4959 3813 5011 τῶν

2137 5047 2241 5118 ’ήδη
2280 5046 2650 5117 ὑπηργμένων
2687 5046 2909 5114 ἀγαθῶν
2936 5046 3181 5117 γυμνοὺς
3227 5046 3323 5099 καὶ
3372 5045 3615 5118 ἐρήμους
3662 5048 3812 5118 ἡμᾶς

2138 5133 2452 5206 ἐργάζεται,
2485 5133 2578 5187 καὶ
2625 5135 2684 5186 ἐν
2730 5133 2901 5203 πολλῇ
2949 5131 3241 5202 καθίστησι
3279 5134 3347 5205 τῇ
3393 5131 3647 5206 αἰσχύνῃ.
3698 5133 3811 5201 Διὸ,

2140 5220 2460 5293 παρακαλῶ,
2498 5222 2780 5293 νήφωμεν,
2829 5220 2924 5274 καὶ
2974 5219 3047 5274 τὰ
3097 5218 3325 5273 ἐκείνων
3366 5218 3636 5290 πτώματα
3683 5222 3817 5293 ἡμῖν

2139 5309 2381 5379 γενέσθω
2398 5308 2686 5380 φάρμακα,
2715 5309 2809 5363 καὶ
2838 5310 2873 5377 ἡ
2901 5306 3125 5362 ἐκείνων
3151 5305 3395 5379 ῥᾳθυμία
3420 5308 3551 5379 ἡμῖν
3576 5309 3819 5377 γενέσθω

2141 5396 2441 5467 ἀσφαλείας
2472 5396 2728 5460 ὑπόθεσις
2749 5412 2764 5428 '
2792 5395 2982 5467 ἐπειδὴ
3013 5395 3107 5448 καὶ
3138 5393 3343 5465 μείζων
3372 5395 3406 5467 ἡ
3439 5396 3682 5467 τιμωρία
3705 5399 3820 5462 τοῖς

2140 5486 2222 5548 εἰς
2250 5485 2309 5537 τὸ
2337 5485 2465 5554 ἑξῆς
2490 5483 2561 5537 τὰ
2581 5483 2723 5538 αὐτὰ
2756 5480 3191 5553 πλημμελοῦσιν.
3229 5481 3340 5553 ὅσῳ
3377 5483 3511 5554 μηδὲ
3541 5486 3652 5547 τοῖς
3684 5485 3820 5539 ὑπο-

2139 5569 2395 5642 δείγμασι
2413 5570 2842 5645 σωφρονέστεροι
2857 5566 3113 5638 γενέσθαι
3126 5567 3529 5641 ἠϐουλήθησαν.
3553 5571 3689 5624 Οὐδὲ
3708 5571 3819 5643 γάρ

2139 5658 2190 5711 οἱ
2214 5658 2353 5728 μετὰ
2384 5656 2556 5711 ταῦτα
2583 5656 2652 5710 τὰ
2674 5657 2813 5710 αὐτὰ
2845 5658 2959 5719 τοῖς
2985 5655 3274 5727 προτέροις
3294 5657 3702 5729 ἁμαρτάνοντες
3722 5658 3821 5728 τὴν

2140 5743 2310 5817 αὐτὴν
2347 5743 2767 5814 εἰσπράττονται
2796 5742 2973 5815 δίκην.
2998 5743 3109 5797 Καὶ
3126 5743 3286 5797 τοῦτο
3313 5743 3599 5815 συντόμως
3628 5746 3820 5816 μαθεῖν

2143 5830 2352 5896 ἔξεστιν
2377 5831 2486 5886 ἀπὸ
2519 5830 2614 5884 τοῦ
2640 5831 2807 5902 σοφοῦ
2840 5831 3164 5887 διδασκάλου
3193 5832 3294 5904 τῆς
3332 5833 3683 5905 οἰκουμένης,
3723 5833 3818 5887 τοῦ

2209 6008 2237 6048 ά
2257 6008 2408 6060 Savil.
2435 6009 2551 6069 Εὔα,
2579 6011 2693 6073 ὅπερ
2718 6012 2816 6061 ἐστὶ
2842 6014 2957 6071 ζωή.
3007 6026 3028 6055 e
3076 6011 3246 6074 Σχεδὸν
3267 6010 3409 6062 deest
3431 6011 3484 6061 in
3504 6010 3671 6059 Morel.
3773 6078 3778 6083 .
