4110 6422
323 336 423 393 ίῖθ

321 449 593 522 μακαρίου
622 448 835 502 Παύλου
866 447 1033 518 φημὶ,
1082 448 1367 515 λέγοντος*
1402 448 1573 502 Ὅσοι
1604 447 1715 517 γὰρ
1761 444 1993 515 ἀνόμως

322 538 609 607 ἥμαρτον,
626 537 861 605 ἀνόμως
891 536 987 591 καί
1014 536 1409 591 ἀπολοῦνται·
1430 536 1525 590 καί
1546 535 1679 590 ὅσοι
1703 534 1999 602 ἑννόμωςα

320 627 607 696 ἥμαρτον,
640 624 739 679 διὰ
758 625 944 694 νόμου
987 624 1397 692 κριθήσονται.
1439 624 1504 677 Ὀ
1525 623 1581 677 δὲ
1600 622 1747 691 λέγει
1766 620 2003 676 τοιοῦτόν

317 715 500 768 ἐστιν’
533 713 606 766 Ού
642 713 742 783 τὴν
788 710 960 784 αὐτὴν
988 709 1220 764 δώσουσι
1259 711 1416 781 δίκην
1445 710 1496 763 οἱ
1541 710 1649 782 πρὸ
1686 707 1780 763 τοῦ
1812 707 2002 778 νόμου,

318 800 416 854 καὶ
448 802 495 854 οί
526 799 669 872 μετά
713 800 806 855 τὸν
835 799 1001 871 νόμον
1027 838 1043 863 ,
1093 798 1230 853 ἀλλά
1263 797 1572 870 βαρυτέρας
1603 796 2004 866 ὑποστήσονται

317 890 589 962 τιμωρίας
628 888 847 960 οἱμετά
894 888 994 959 τὴν
1043 886 1137 941 τοῦ
1187 888 1356 958 νόμου
1386 887 1533 940 δόσιν
1573 885 2003 959 ἁμαρτάνοντες.

324 978 489 1031 Ὅσοι
513 976 622 1048 γὰρ
653 976 887 1045 ἀνόμως
920 974 1207 1044 ἥμαρτον,
1229 973 1467 1044 ἀνόμως
1487 973 1587 1028 καί
1609 970 2005 1027 ἀπολοῦνται*

320 1065 636 1128 τουτέστιν,
685 1063 1047 1135 ήμερωτὲραν
1090 1063 1273 1126 αὐτοῖς
1310 1060 1584 1133 ποιεῖτὴν
1620 1058 1894 1131 τιμωρίαν
1944 1059 2007 1112 τὸ

328 1153 402 1224 μὴ
424 1152 570 1225 ἔχειν
588 1153 689 1224 τὴν
714 1150 928 1205 ἀπὸτοῦ
949 1150 1116 1222 νόμου
1147 1147 1496 1203 διδασκαλίαν
1523 1164 1582 1201 τε
1612 1148 1705 1201 καὶ
1727 1145 2003 1218 βοήθειαν.

322 1240 436 1295 Kal
488 1240 619 1295 ὅσοι
648 1240 719 1294 ἐν
744 1239 904 1309 νόμῳ
936 1237 1223 1308 ἥμαρτον,
1263 1236 1361 1291 διὰ
1380 1236 1570 1306 νόμου
1598 1232 2003 1304 κριθήσονται.

322 1321 588 1394 Οὗτοιδέ,
613 1327 799 1400 φησὶν,
826 1325 1016 1396 ἐπειδὴ
1042 1326 1136 1379 καὶ
1159 1325 1254 1379 τὸν
1283 1323 1450 1395 νόμον
1473 1323 1634 1394 ἔσχον
1662 1322 2006 1386 διδάσκαλον,

325 1417 421 1471 καὶ
447 1414 569 1469 οὐδὲ
602 1414 777 1477 οὕτως
805 1412 1315 1486 ἐσωφρονίσθησαν,
1351 1411 1489 1465 ἀλλά
1508 1410 1577 1464 τὰ
1605 1410 1748 1464 αύτά
1779 1410 2010 1474 ἐκείνοις

324 1504 592 1575 ἥμαρτον,
626 1502 852 1573 μείζονα
883 1502 978 1555 καὶ
1001 1500 1101 1571 τὴν
1145 1500 1309 1572 δίκην
1336 1499 1547 1553 τίσουσι
1577 1500 1626 1551 ι’.
1676 1498 1815 1552 Ἀλλ’
1844 1497 2011 1565 ἀκού-τ

328 1605 514 1660 σωμεν
541 1590 638 1643 καὶ
663 1587 773 1642 τῶν
794 1588 862 1659 σή
871 1605 938 1658 με
949 1603 1040 1659 ρον
1070 1585 1553 1656 ἀναγνωσθέντων.
1593 1586 1701 1641 Kal
1725 1583 2007 1651 ἐκάλεσε,

328 1680 517 1750 φησὶν.
568 1677 753 1747 Ἀδὰμ
790 1677 855 1730 τὸ
907 1677 1096 1745 ὄνομα
1124 1676 1237 1745 τῆς
1273 1674 1563 1746 γυναικὸς
1607 1673 1817 1738 αὐτοῦ,
1845 1674 1970 1729 Εὔα
1991 1713 2008 1742 ,

328 1766 475 1834 ὅπερ
502 1765 633 1819 ἐστὶ
659 1764 795 1834 (toi),
826 1764 915 1819 ὅτι
944 1765 1100 1833 αὕτη
1110 1764 1310 1834 μήτηρ
1337 1763 1584 1818 πάντων
1616 1762 1737 1817 τῶν
1756 1759 2006 1823 ζώντων.

331 1856 478 1923 "091
497 1851 598 1924 τῆς
625 1852 776 1915 θείας
801 1853 1028 1924 Γραφῆς
1065 1853 1165 1923 τὴν
1206 1852 1513 1923 ἀκρίϐειαν,
1554 1849 1673 1913 πῶς
1700 1849 1822 1903 ούδέ
1851 1849 2011 1904 τοῦτο

328 1942 601 2013 παρῆκεν,
648 1940 765 1994 ἀλλ’
794 1938 1030 2004 ἐδίδαξεν
1062 1940 1231 2010 ἡμᾶς,
1261 1939 1343 1992 ὅτι
1372 1939 1467 1992 καὶ
1495 1940 1561 2008 τῇ
1589 1937 1811 2007 γυναικὶ
1842 1953 2013 2007 προσ-

327 2029 561 2101 ηγορίαν
612 2029 641 2081 ὁ
689 2028 862 2099 ’Δδάμ
899 2026 1190 2097 ἐπέθηκεν.
1232 2024 1534 2092 Ἑκάλεσε,
1565 2024 1712 2097 7&9,
1754 2023 1911 2095 φησι,
1946 2023 2013 2078 τὸ

331 2118 518 2187 ὄνομα
549 2115 661 2185 τῆς
685 2115 972 2186 γυναικὸς
1009 2114 1222 2180 αὐτοῦ,
1249 2114 1397 2179 Εὕα,
1444 2114 1582 2185 ὅπερ
1611 2112 1728 2166 ἐστὶ
1756 2111 1894 2182 ζωὴ,
1922 2111 2013 2167 ὅτι

329 2204 481 2273 αὕτη
506 2203 703 2273 μήτηρ
729 2201 971 2258 πάντων
1001 2201 1123 2256 τῶν
1165 2199 1398 2263 (ibrth
1428 2217 1443 2232 ο
1499 2199 1803 2265 τουτέστιν,
1871 2200 2012 2273 αῦτη

322 2292 475 2363 ἀρχή
505 2292 623 2345 ἐστι
674 2290 895 2345 πάντων
941 2288 1051 2343 τῶν
1082 2289 1147 2355 ἐξ
1190 2289 1365 2359 αὐτῆς
1412 2288 1712 2359 ἐσομένων,
1735 2289 1832 2342 καὶ
1861 2286 2011 2361 [-151]

322 2379 462 2451 ῥίζα
492 2378 587 2432 καὶ
616 2376 866 2448 θεμέλιος
894 2377 995 2447 τῆς
1025 2375 1164 2446 μετά
1193 2376 1368 2431 ταῦτα
1419 2378 1636 2445 γενεᾶς.
1690 2371 1825 2430 Εἶτα
1874 2376 2018 2447 μετά

323 2466 397 2521 τὸ
415 2465 622 2533 διδάξαι
660 2466 813 2537 ἡμᾶς
851 2463 950 2535 τὴν
981 2463 1326 2518 ἑπιτεθεῖσαν
1359 2466 1426 2536 τῇ
1474 2464 1696 2534 γυναικὶ
1745 2480 2017 2535 προσηγο-

334 2555 482 2627 ρίαν,
530 2553 696 2608 πάλιν
738 2553 1013 2608 δείκνυσιν
1041 2554 1174 2624 ἡμῖν
1223 2551 1319 2605 τοῦ
1368 2552 1504 2606 Θεοῦ
1532 2552 1633 2624 τὴν
1679 2551 2017 2623 ἀγαθότητα,

335 2643 485 2705 ὅπως
525 2641 587 2694 ού
636 2642 868 2713 περιορᾷ
912 2642 972 2695 ἐν
1008 2640 1247 2712 τοσαύτῃ
1293 2640 1526 2713 αίσχύνῃ
1564 2641 1659 2695 καὶ
1716 2641 2019 2713 γυμνότητι

335 2730 463 2792 τοὺς
504 2728 596 2781 ὑπ’
622 2726 790 2781 αὑτοῦ
822 2727 1349 2799 δημιουργηθέντας.
1381 2728 1493 2782 Kal
1542 2728 1819 2797 ἐποίησε,
1860 2730 2019 2799 φησι,

336 2816 558 2883 Κύριος
591 2818 625 2870 ό
656 2815 803 2882 θεὸς
832 2813 912 2880 τῷ
948 2814 1131 2884 ’Δδάμ
1153 2815 1251 2869 καί
1277 2813 1352 2884 τῇ
1377 2814 1615 2885 γυναικί
1643 2814 1833 2870 αὑτοῦ
1850 2815 2022 2884 χιτῶ-

336 2919 451 2969 νας
495 2901 926 2971 δερματίνους,
980 2901 1080 2956 καὶ
1129 2901 1424 2956 ἐνέδυσεν
1475 2902 1718 2970 αὐτούς.
1754 2902 2022 2974 Καθάπερ

338 2991 448 3061 7&9
489 2988 670 3083 πατὴρ
704 2987 1079 3083 εὔσπλαγχνος
1111 2989 1279 3083 παῖδα
1299 2988 1442 3060 ἔχων
1465 2990 1664 3061 εὐγενῆ
1682 3000 1731 3083 ἶ,
1757 2991 1851 3083 καὶ
1882 2991 2024 3083 μετά

343 3078 525 3148 πάσης
554 3075 875 3147 ἐπῖμελείας
903 3076 1363 3148 ἀνατρεφόμενον,
1399 3078 1494 3131 καὶ
1539 3076 1754 3148 τρυφῆς
1805 3077 2025 3149 ἀπάσης

341 3163 709 3228 ἀπολαύοντα,
736 3164 830 3218 καὶ
858 3164 1013 3236 ἑστίᾳ
1042 3164 1274 3235 λαμπρᾷ
1304 3164 1664 3236 κεχρημένον,
1696 3165 1793 3220 καὶ
1823 3166 2026 3237 σηρικά

346 3250 540 3321 ίμάτια
570 3249 1063 3322 περιϐεϐλημένον,
1088 3252 1186 3305 καὶ
1217 3250 1356 3322 μετά
1408 3251 1593 3315 ἀδείας
1632 3253 1698 3323 τῇ
1735 3252 2026 3325 περιουσίᾳ

343 3339 439 3393 καὶ
468 3338 546 3409 τῷ
568 3340 784 3411 πλούτῳ
815 3339 1158 3412 κεχρημένον
1182 3338 1260 3412 τῷ
1290 3338 1564 3410 πατρικῷ,
1611 3340 1755 3412 ὀρῶν
1795 3339 2026 3412 ὕστερον

340 3427 453 3483 ἀπὸ
477 3428 578 3499 τῆς
605 3428 843 3492 ἀνέσεως
867 3430 1074 3501 ταύτης
1096 3429 1198 3500 τῆς
1231 3428 1430 3500 πολλῆς
1460 3430 1540 3491 είς
1559 3428 1805 3500 κρημνὸν
1828 3430 2028 3495 κακίας

344 3514 712 3582 ἐξοκείλαντα,
739 3515 954 3571 πάντων
975 3516 1198 3571 ἐκείνων
1220 3518 1602 3588 ἀποστερήσας
1627 3516 1722 3570 καὶ
1737 3518 1807 3589 τῇ
1828 3517 2027 3571 ἐαυτοῦ

343 3603 566 3675 ἐξουσίᾳ
588 3604 882 3670 ὑποτάξας,
915 3604 1011 3657 καὶ
1038 3604 1139 3674 τῆς
1167 3604 1396 3675 ἐσθῆτος
1444 3602 1766 3674 γυμνώσας,
1812 3605 2028 3675 ἱμάτιον

344 3690 564 3754 εὐτελὲς
596 3689 746 3761 αὑτῷ
778 3689 1039 3753 πολλάκις
1085 3692 1182 3744 καὶ
1211 3690 1458 3745 δουλικὸν
1489 3691 1856 3762 περιτίθησιν.
1887 3691 2029 3745 ὥστε

351 3778 428 3851 μὴ
453 3780 632 3850 πάντη
671 3779 878 3851 γυμνὴν
911 3774 1052 3833 εῐναι
1104 3780 1199 3834 καὶ
1248 3780 1582 3851 ἀσχημονεῖν
1605 3798 1620 3812 ο
1650 3779 1794 3833 οὕτω
1835 3781 1900 3853 δὴ
1935 3783 2032 3838 καὶ

342 3870 378 3921 ὸ
395 3866 781 3939 φιλάνθρωπος
814 3867 970 3934 Θεὸς,
1016 3867 1205 3939 ἐπειδὴ
1237 3868 1493 3936 ἀναξίους
1514 3866 1744 3932 ἑαυτοὺς
1764 3868 2033 3942 κατέστη-

351 3972 453 4010 σαν
494 3955 589 4010 τοῦ
624 3955 880 4029 λαμπροῦ
931 3957 1142 4011 ἐκείνου
1173 3957 1269 4013 καὶ
1318 3956 1551 4028 φαιδροῦ
1580 3956 1901 4028 ἐνδύματος,
1931 3958 2028 4014 τοῦ

349 4044 795 4116 περιπέλλοντος
822 4044 1056 4112 αὐτοὺς,
1085 4046 1180 4099 καὶ
1227 4044 1746 4118 παρασκευάζοντος
1768 4045 1798 4087 ιι
1826 4046 2031 4102 ἀνωτέ-

354 4148 480 4203 ρους
512 4127 655 4187 εἷναι
683 4131 794 4187 τῶν
817 4133 1147 4203 σωματικῶν
1172 4134 1450 4203 ἀναγκῶν,
1506 4133 1808 4205 γυμνώσας
1831 4135 2032 4199 αὐτοὺς

350 4218 453 4290 τῆς
465 4219 625 4284 δόξης
661 4218 875 4292 ἐκείνης
904 4221 1143 4291 ἀπάσης,
1162 4221 1257 4275 καὶ
1284 4222 1384 4292 τῆς
1405 4221 1781 4288 ἀπολαύσεως,
1811 4216 1881 4293 ἧς
1895 4224 2033 4294 πρό-

346 4322 510 4372 τερον
544 4310 815 4377 μετεῖχον,
852 4310 987 4379 πρὶν
1030 4308 1066 4380 ἢ
1091 4311 1279 4361 πεσεῖν
1309 4309 1374 4363 τὸ
1407 4309 1613 4381 πτῶμα
1644 4310 1806 4365 τοῦτο
1838 4312 1900 4365 τὸ
1940 4329 2035 4384 χα-

344 4393 537 4459 λεπὸν,
584 4394 753 4449 πολὺν
800 4396 930 4467 περὶ
956 4396 1153 4459 αὐτοὺς
1196 4396 1289 4451 τὸν
1333 4392 1513 4451 οἶκτον
1559 4399 2029 4470 ἐπιδεικνύμενος,

342 4481 450 4541 ςκαὶ
477 4479 644 4536 ἐλεῶν
669 4482 869 4545 αὐτοὺς
899 4483 999 4553 τῆς
1033 4481 1388 4548 ἐκπτώσεως,
1412 4486 1508 4538 καὶ⁹
1535 4484 1678 4557 ὁρῶν
1706 4486 1909 4559 πολλὴν
1933 4488 2034 4559 τὴν

342 4567 744 4640 ,ἀσχημοσύνην
767 4570 1287 4642 περιϐεϐλημένους,
1308 4573 1403 4626 καὶ
1420 4571 1519 4625 οὐκ
1543 4573 1775 4638 εἰδότας,
1799 4574 1829 4630 ὅ
1852 4590 1907 4628 τι
1936 4575 2034 4629 καὶ

353 4660 643 4731 πράξουσι,
677 4660 816 4732 πρὸς
837 4661 898 4716 τὸ
934 4660 1009 4732 μὴ
1039 4663 1285 4731 γυμνοὺς
1315 4656 1456 4717 εἶναι
1484 4664 1581 4717 καὶ
1614 4667 2031 4739 ἐνασχημονεῖν,

350 4750 587 4823 χιτῶνας
639 4748 823 4812 αὐτοῖς
893 4749 1185 4820 ἐργάζεται
1247 4750 1607 4823 δερματίνους
1660 4753 1755 4808 καὶ
1804 4755 2033 4826 ἀμφιέν-

354 4851 494 4895 νυσι.
528 4834 767 4890 Τοιαῦτα
790 4837 899 4909 γὰρ
916 4837 986 4890 τὰ
1007 4837 1157 4908 παρά
1183 4837 1279 4891 τοῦ
1305 4849 1329 4878 ο
1350 4839 1597 4894 διαϐόλου
1632 4844 1999 4913 μηχανήματα
2014 4860 2028 4875 ο

346 4925 694 4998 ,ἐπειδάνγάρ
709 4926 843 4999 εὕρῃ
855 4929 981 4992 τοὺς
995 4926 1145 4999 αύτῷ
1158 4928 1535 5001 πειθομένους,
1552 4930 1642 4984 διὰ
1650 4932 1750 5001 τῆς
1769 4930 2027 5004 βραχείας

346 5013 548 5085 -ήδονῆς
574 5014 962 5079 ὑποσκελίσας,
986 5015 1082 5069 καὶ
1103 5017 1183 5080 είς
1208 5017 1371 5071 αὑτὸν
1400 5018 1501 5088 τῆς
1526 5018 1724 5083 κακίας
1753 5019 1844 5073 τὸν
1872 5021 2032 5090 βυθὸν

344 5101 686 5171 έκαταγαγὼν
719 5099 765 5167 ί,
792 5102 888 5156 καὶ
918 5102 1101 5173 πάσης
1140 5103 1405 5174 αἰσχύνης
1433 5106 1526 5159 καὶ
1552 5105 1776 5178 ἀτιμίας
1809 5108 2033 5181 πληρώ-

346 5203 478 5253 έτας,
513 5189 706 5258 ἀφίησι
744 5188 958 5244 κεῖσθαι
990 5189 1162 5254 κάτω,
1194 5190 1427 5245 ἐλεεινὸν
1457 5190 1638 5263 θέαμα
1665 5195 1774 5257 τοῖς
1807 5194 2029 5267 ὁρῶσιν.

371 5274 509 5327 Ἀλλ’
543 5277 572 5327 ὁ
599 5277 708 5329 τῶν
748 5277 1031 5348 ἡμετέρων
1052 5276 1243 5348 ψυχῶν
1269 5277 1543 5348 κηδεμὼν,
1575 5279 1718 5351 ὀρῶν
1748 5282 1947 5345 αὐτοὺς
1974 5284 2033 5337 ἐν

347 5360 643 5430 ἀμηχανίᾳ
684 5362 874 5433 πολλῇ.
920 5364 1045 5417 ούδέ
1089 5362 1232 5417 οὕτω
1278 5365 1538 5434 περιιδεῖν
1587 5365 1861 5437 ἀνέχεται,
1896 5368 2034 5425 ἀλλά

334 5446 571 5515 Δισκέπην
598 5447 780 5511 αὐτοῖς
813 5449 1036 5514 ἐπινοεῖ,
1066 5448 1155 5505 διά
1179 5451 1280 5522 τῆς
1305 5451 1581 5517 εὐτελείας
1605 5453 1700 5506 τοῦ
1733 5453 2034 5526 ἐνδύματος

347 5534 574 5598 δεικνὺς
616 5535 797 5603 αὐτοῖς
839 5537 967 5591 o'unv
1001 5540 1225 5605 ἑαυτοὺς
1272 5539 1615 5610 κατέστησαν
1654 5540 1841 5606 ἀξίους
1882 5544 2034 5597 ἐνδυ-

356 5639 567 5694 ματων.

337 5846 373 5862 __
423 5794 570 5862 ἐει
611 5795 971 5862 ιηεεωιδενὶι.
1019 5798 1067 5846 ἐν
1321 5798 1349 5839 b
1391 5800 1594 5862 Quidam
1639 5813 1750 5849 mss.
1798 5802 2024 5852 elSavil.

358 5856 725 5912 ὑποστήσονται.
796 5861 818 5887 (⁵
856 5860 1072 5915 Quatuor
1090 5856 1427 5918 εύειδῆί
1476 5858 1503 5898 τι
1530 5862 1623 5909 Alli
1651 5865 2028 5919 κατασκευάζονο

356 5932 453 5987 τος.
526 5935 547 5961 e
574 5919 723 5990 Sa-y-il:
755 5924 805 5997 οἱ
825 5920 907 5967 alii
1006 5937 1051 5968 τι
1070 5923 1149 5997 καὶ
1168 5920 1436 5997 ,πράξομαι
1473 5922 1689 5997 Τοιαῦτα
1714 5923 1801 5997 γὰρ
1823 5925 1880 5973 τὰ
1904 5925 2030 5989 παρὰ

358 5979 465 6037 ζοῦ,
493 5980 685 6029 omissis
710 5980 1034 6032 iulermcdiis.
1107 5980 1126 6021 ῐ
1155 5979 1358 6043 Aliquot
1383 5995 1495 6033 mss.
1537 5979 1833 6033 καταϐαλών.

1101 331 1158 387 S.
1202 330 1489 388 JOANNIS
1528 327 2021 388 CIIIIY‘SOSTOM
2056 326 2380 385 ARCHIEP.
2422 328 2973 387 CONS'I'ANTINOP.

3660 328 3767 386 150

2173 443 2283 497 Kal
2316 445 2570 513 ἐποίησε
2607 447 2823 513 Κὺμος
2852 448 2886 499 ό
2925 443 3069 512 Θεὸς
3100 443 3181 511 τῷ
3226 442 3408 514 Ἀδὰμ
3437 443 3538 499 καί
3565 443 3639 514 τῇ
3671 463 3773 514 ru-

2100 531 2261 585 ναικί
2292 531 2480 586 αὐτοῦ
2506 530 2765 601 χιτῶνας
2786 532 3202 602 δερματίνους,
3232 531 3333 586 καί
3362 529 3658 586 ἐνέδυσεν
3671 532 3781 586 αὐ-

2102 618 2266 684 τούς.
2312 620 2455 692 Ὅρα
2485 620 2626 690 πόση
2655 620 2755 689 τῆς
2794 619 2946 683 θείας
2997 619 3220 691 Γραφῆς
3263 621 3299 691 ἠ
3343 619 3777 689 συγκατάϐασις.

2117 705 2255 759 Ἀλλ’
2282 707 2421 778 ὅπερ
2472 706 2732 770 πολλάκις
2772 701 2949 771 εἶπον,
2982 708 3077 762 καὶ
3114 706 3209 761 νῦν
3252 707 3425 777 λέγω·
3458 707 3780 779 θεοπρεπῶς

2106 793 2323 848 ἅπαντα
2356 793 2584 866 νοῶμεν,
2627 794 2719 848 καὶ
2756 796 2839 859 τὸ,
2893 794 3237 862 Ἐποίησεν,
3270 794 3394 850 ἀντὶ
3437 793 3553 858 τοῦ,
3598 796 3780 867 Προσ-

2106 879 2314 947 έταξεν,
2339 881 2569 953 νοῶμεν.
2614 882 2899 936 Ἐκέλευσε
2931 882 3165 953 χιτῶνας
3200 882 3556 955 δερματίνους
3584 884 3781 948 αὐτοὺς

2105 967 2495 1039 περιϐαλέσθαι
2520 970 2547 1010 ε
2580 968 2882 1040 ὑπόμνημα
2917 969 3162 1040 διηνεκὲς
3190 969 3288 1041 τῆς
3321 970 3625 1042 παρακοῆς.

2179 1056 2245 1128 β’.
2277 1058 2653 1114 ’Δκουέτωσαν
2688 1061 2739 1115 οί
2772 1060 3153 1126 πλουτοῦντες,
3183 1063 3234 1115 οί
3267 1062 3645 1133 ἐντρυφῶντες
3667 1065 3782 1130 τοῖς

2105 1145 2214 1199 τῶν
2241 1146 2541 1217 σκωλήκων
2575 1149 2800 1218 νήμασι,
2836 1149 2933 1202 καὶ
2963 1148 3037 1203 τὰ
3064 1149 3271 1221 σηρικά
3302 1149 3781 1221 περιϐαλλόμενοι,

2108 1232 2203 1286 καὶ
2237 1232 2662 1303 μανθανέτωσαν
2682 1235 2801 1300 πῶς
2822 1235 2882 1299 ἐξ
2904 1237 3078 1308 ἀρχῆς
3104 1236 3201 1290 καὶ
3226 1238 3292 1291 ἐκ
3321 1238 3625 1310 προοιμίων
3652 1257 3786 1295 παι-

2106 1319 2277 1374 δεύων
2306 1320 2405 1392 τὴν
2431 1321 2782 1394 ἀνθρωπίνην
2808 1323 2972 1394 φύσιν
3002 1325 3031 1378 ὁ
3063 1323 3449 1397 φιλάνθρωπος
3481 1327 3782 1399 Δεσπότης,

2109 1407 2299 1479 ἐπειδὴ
2346 1407 2435 1463 διὰ
2478 1408 2579 1482 τὴν
2629 1400 2943 1482 παράϐασιν
2974 1412 3055 1484 τῷ
3105 1413 3374 1487 ἐπιτιμίῳ
3402 1416 3501 1471 τοῦ
3550 1416 3784 1473 θανάτου

2109 1494 2334 1566 γέγονεν
2370 1497 2673 1563 ὑπεύθυνος
2706 1502 2734 1554 δ
2772 1500 3219 1572 πρωτόπλαστος,
3256 1504 3427 1576 ἐχρῆν
3465 1505 3522 1560 δὲ
3569 1507 3787 1577 ἱμάτιον

2110 1582 2263 1655 αύτῷ
2295 1585 2649 1657 περιτεθῆναι
2680 1586 2742 1641 τὸ
2758 1587 2859 1659 τὴν
2888 1588 3154 1660 αίοχύνην
3182 1588 3481 1658 καλύπτον,
3523 1593 3786 1665 δερματί-

2109 1688 2235 1734 νους
2260 1672 2444 1737 αὑτοῖς
2461 1673 2689 1745 ἐποίησε
2716 1675 2971 1746 χιτῶνας,
2988 1676 3257 1732 διδάσκων
3281 1680 3428 1750 ἡμᾶς
3449 1680 3674 1751 φεύγειν
3695 1681 3790 1738 τὸν

2112 1760 2278 1831 ὑγρὸν
2309 1760 2404 1814 καὶ
2431 1760 2812 1833 διαλελυμένον
2834 1762 2969 1834 βίον,
3009 1763 3105 1818 καὶ
3141 1765 3219 1837 μὴ
3245 1766 3341 1820 τὸν
3369 1768 3656 1838 ἀνειμένον
3689 1771 3787 1825 καὶ

2114 1845 2375 1917 βλακείας
2407 1847 2645 1920 γέμοντα
2669 1850 3050 1921 μεταδιώκειν,
3074 1852 3213 1908 ἀλλά
3231 1854 3322 1907 τὸν
3349 1854 3623 1929 αὐστηρὸν
3652 1858 3789 1928 μᾶλ-

2112 1932 2205 1987 λον
2244 1932 2403 2008 [152]
2427 1937 2792 2002 ἀσπάζεσθαι.
2841 1939 2982 1993 ’Δλλ’
3034 1941 3169 2005 ἴσως
3208 1942 3502 2015 ἀχθόμενοι
3539 1946 3678 2016 πρὸς
3720 1947 3789 2002 τά

2114 2018 2388 2094 λεγόμενα
2424 2025 2477 2077 οί
2514 2025 2874 2093 πλουτοῦντες
2912 2029 3134 2102 ἐροῦσι’
3165 2030 3231 2084 Τί
3277 2027 3407 2099 οὖν;
3433 2032 3792 2105 δερματίνους

2116 2108 2266 2179 ἡμᾶς
2302 2112 2537 2182 χιτῶνας
2564 2113 2811 2179 κελεύεις
2844 2116 3272 2188 περιϐαλέσθαις
3307 2120 3383 2174 Ού
3413 2118 3575 2174 τοῦτο
3612 2121 3786 2192 λέγω·

2117 2196 2239 2251 ούδέ
2267 2198 2376 2271 7&9
2425 2200 2624 2256 ἐκεῖνοι
2663 2203 2744 2268 είς
2775 2202 2836 2257 τὸ
2863 2204 3112 2277 διηνεκὲς
3153 2205 3384 2271 ἐκείνοις
3419 2210 3534 2273 τοῖς
3565 2209 3793 2280 χιτῶσιν

2117 2285 2417 2357 ἐκέχρηντο
2440 2303 2453 2317 ·
2491 2290 2520 2342 ὁ
2549 2288 2659 2361 γάρ
2684 2290 3070 2364 φιλάνθρωπος
3101 2294 3383 2367 Δεσπότης
3410 2296 3500 2350 ἀεὶ
3521 2299 3645 2361 ταῖς
3668 2314 3796 2370 προ-

2118 2370 2407 2438 λαϐούσαις
2441 2374 2784 2446 εὐεργεσίαις
2802 2379 2999 2452 ἐτέρας
3027 2381 3403 2453 προστίθησιν.
3442 2383 3662 2456 Ἐπειδὴ
3685 2385 3794 2458 7&9

2117 2458 2305 2515 λοιπὸν
2326 2462 2663 2530 ὑπευθύνους
2688 2468 2913 2533 ἑαυτοὺς
2944 2470 3289 2542 κατέστησαν
3314 2473 3436 2536 ταῖς
3452 2477 3795 2544 σωματικαῖς

2119 2545 2409 2616 ἀνάγκαις,
2442 2549 2542 2621 τῆς
2581 2552 2849 2619 ἀπαθείας
2882 2555 3097 2627 ἐκείνης
3130 2559 3226 2610 καὶ
3261 2560 3360 2628 τῆς
3396 2557 3694 2630 ἀγγελικῆς
3719 2559 3799 2613 δι-

2120 2635 2342 2706 αγωγῆς
2385 2636 2874 2711 ἀποστερηθέντες,
2914 2642 3055 2712 μετά
3085 2642 3259 2699 ταῦτα
3286 2644 3660 2717 ᾠκονόμησεν,
3688 2646 3799 2702 ἀπδ

2119 2720 2229 2775 τῶν
2270 2723 2436 2795 ἐρίων
2468 2726 2576 2780 τῶν
2606 2727 2895 2799 προϐάτων
2932 2730 3002 2786 τά
3029 2730 3307 2804 ἐνδύματα
3344 2735 3457 2798 τοῖς
3489 2732 3800 2805 ἀνθρώποις

2122 2812 2658 2881 κατασκευάζεσθαι,
2686 2816 2901 2881 οὐδενὸς
2915 2817 3103 2889 ἐτέρου
3127 2819 3338 2886 ἕνεκεν,
3362 2820 3557 2893 ῆῶστε
3589 2822 3801 2894 σκέπην

2123 2897 2399 2966 γενέσθαι,
2436 2901 2533 2956 καὶ
2568 2902 2644 2975 μὴ
2683 2904 2745 2957 τὸ
2770 2904 2987 2973 λογικὸν
3018 2905 3181 2961 τοῦτο
3207 2908 3346 2973 ζῶον
3383 2908 3527 2965 κατά
3569 2909 3634 2964 τὸ
3667 2911 3803 2965 αὐτὸ

2123 2991 2238 3052 τοῖς
2269 2990 2487 3060 ἀλόγοις
2525 2993 2584 3047 ἐν
2617 2995 2919 3067 γυμνότητι
2952 3000 3048 3053 καὶ
3074 3000 3432 3074 ἀσχημοσύνῃ
3463 3002 3691 3072 διάγειν.
3735 3004 3801 3058 Ἦ

2124 3078 2306 3131 τοίνυν
2345 3078 2454 3133 τῶν
2498 3081 2728 3151 ἱματίων
2762 3085 3024 3157 περιϐολὴ
3067 3087 3375 3160 ὑπόμνησις
3400 3091 3533 3161 ἡμῖν
3559 3091 3804 3160 γενέσθω

2125 3162 2380 3251 διηνεκὴς
2394 3166 2502 3238 τῆς
2526 3168 2635 3222 τῶν
2664 3169 2887 3240 ἀγαθῶν
2908 3173 3257 3241 ἐκπτώσεως,
3284 3177 3498 3249 καὶτῆς
3526 3178 3803 3251 τιμωρίας

2126 3250 2468 3319 διδασκαλία,
2503 3257 2570 3327 ἢν
2593 3256 2684 3311 διὰ
2714 3258 2814 3331 τὴν
2846 3262 3138 3334 παρακοήν
3162 3263 3224 3316 τὸ
3248 3263 3359 3319 τῶν
3383 3264 3689 3336 ἀνθρώπων
3710 3266 3804 3336 γέ-

2127 3356 2217 3404 νος
2258 3340 2499 3407 ἐδέξατο.
2532 3345 2860 3414 Λεγέτωσαν
2891 3350 3072 3405 τοίνυν
3095 3353 3231 3423 ἡμῖν
3254 3353 3305 3406 οί
3334 3353 3575 3428 τοσαύτῃ
3598 3372 3806 3428 κεχρη-

2132 3429 2284 3499 μένοι
2315 3435 2382 3503 τῇ
2415 3436 2711 3508 φαντασία,
2740 3437 2818 3502 ὡς
2848 3439 2985 3509 μηδὲ
3015 3440 3217 3495 είδέναι
3244 3442 3430 3497 λοιπὸν
3470 3443 3543 3497 τά
3570 3444 3681 3499 ἀπὸ
3710 3445 3807 3499 τοῦ

2129 3515 2280 3604 ἐρίου
2312 3519 2421 3573 τῶν
2456 3523 2746 3594 προϐάτων
2790 3526 3085 3599 ἐνδύματα,
3119 3529 3256 3584 ἀλλά
3292 3529 3363 3585 τά
3397 3531 3603 3604 σηρικά
3650 3549 3808 3604 περι-

2129 3602 2452 3675 ϐαλλόμενοι
2475 3608 2573 3663 καὶ
2594 3611 2675 3675 εἰς
2700 3612 2957 3667 τοσοῦτον
2979 3615 3350 3681 ἐξοκείλαντες
3379 3602 3599 3689 μανίας,
3615 3618 3692 3684 ὡς
3710 3602 3810 3674 καὶ

2129 3692 2356 3762 χρυσίον
2376 3696 2725 3764 συνυφαίνειν
2745 3701 2859 3765 τοῖς
2884 3701 3149 3773 ἐνδύμασι
3168 3720 3184 3736 ο
3212 3704 3447 3775 μάλιστα
3477 3706 3589 3777 7&9
3614 3707 3678 3761 τὸ
3695 3708 3809 3761 τῶν

2130 3780 2407 3846 γυναικῶν
2426 3782 2585 3851 γένος
2606 3785 2812 3855 ταύτην
2834 3788 2966 3859 ἡμῖν
2988 3790 3360 3848 ἐπιδείκνυται
3383 3794 3484 3866 τὴν
3514 3795 3772 3866 βλακείαν
3790 3814 3806 3829 ·

2129 3866 2277 3931 τίνος
2312 3869 2425 3941 7&9
2456 3870 2665 3938 ἐνεκεν,
2699 3874 2821 3930 είπέ
2855 3893 2967 3947 μοι,
2997 3878 3211 3945 τούτοις
3249 3882 3312 3936 τὸ
3342 3882 3507 3953 σῶμα
3536 3883 3811 3938 καλλωπί-

2132 3954 2268 4021 ζεις,
2304 3957 2402 4011 καὶ
2431 3960 2646 4033 χαίρεις
2668 3965 2737 4035 τῇ
2762 3964 3015 4020 ἐντεῦθεν
3043 3968 3327 4041 περιϐολῇ,
3355 3970 3452 4025 καὶ
3482 3971 3584 4026 ούκ
3603 3972 3810 4037 ἐννοεῖς

2130 4041 2215 4132 ὅτι
2248 4045 2371 4100 ἀντὶ
2402 4047 2669 4119 μεγίστης
2695 4053 2970 4125 τιμωρίας
2997 4054 3089 4109 διὰ
3108 4054 3208 4127 τὴν
3229 4056 3544 4128 παράϐασιν
3564 4060 3599 4130 ἡ
3623 4058 3807 4132 σκέπη

2131 4130 2275 4204 αῦτη
2306 4134 2578 4209 ἐπενοήθη
2596 4154 2612 4204 ;
2629 4137 2730 4193 Διά
2751 4140 2804 4193 τί
2830 4140 2940 4213 7&9
2964 4142 3040 4214 μὴ
3063 4143 3282 4209 ἀκούεις
3296 4144 3513 4201 Παύλου
3530 4130 3807 4215 λέγοντοςλ

2138 4221 2421 4290 Ἔχοντες
2442 4223 2766 4295 διατροφὰς
2792 4227 2895 4282 καί
2929 4230 3350 4301 σκεπάσματα,
3374 4234 3608 4299 τούτοις
3635 4234 3813 4303 ἀρκε-

2133 4311 2520 4380 σθησόμεοα;
2559 4314 2722 4386 Ὁρᾷς
2749 4316 2832 4370 ὅτι
2879 4317 3000 4381 ἐνὸς
3033 4317 3198 4389 μόνου
3237 4319 3320 4374 δεῖ
3348 4320 3679 4392 φροντίζειν,
3710 4322 3810 4376 τοῦ

2137 4396 2214 4468 μὴ
2241 4397 2448 4469 γυμνὸν
2473 4395 2616 4455 εἷναι
2645 4400 2706 4456 τὸ
2735 4402 2913 4474 σῶμα,
2946 4402 3042 4460 τοῦ
3074 4405 3376 4461 σκέπεσθαι
3403 4407 3567 4478 μόνον
3597 4408 3649 4473 ιι,
3703 4426 3811 4481 μη-

2135 4483 2253 4538 κέτι
2285 4483 2345 4538 δέ
2386 4486 2482 4540 καὶ
2512 4489 2640 4560 περὶ
2669 4489 2932 4562 διαφορᾶς
2956 4491 3186 4564 ἐσθῆτος
3211 4493 3469 4565 φροντίδα
3492 4495 3762 4550 ποιεῖσθαι
3789 4514 3807 4563 ;

2094 4630 2097 4635 ν
2147 4572 2289 4625 Ἀλλ’
2318 4574 2412 4628 ἐπὶ
2446 4575 2541 4646 τὴν
2569 4577 2890 4634 ἀκολουθίαν
2916 4579 3181 4651 ἔλθωμεν·
3215 4584 3327 4637 Kal
3357 4579 3530 4638 εἶπεν
3566 4586 3599 4639 ό
3623 4586 3774 4651 Θεός
3792 4603 3809 4620 ’

2148 4656 2303 4714 Ἰδοὺ
2348 4659 2522 4728 Ἀδὰμ
2556 4659 2802 4731 γέγονεν
2830 4664 2910 4729 ὡς
2933 4659 3022 4729 εἷς
3044 4663 3114 4730 ἐξ
3132 4661 3323 4734 ήμῶν,
3353 4666 3460 4722 τοῦ
3488 4667 3814 4737 γινώσκειν

2134 4744 2329 4798 καλὸν
2370 4746 2467 4800 καὶ
2502 4749 2792 4815 πονηρόν.
2838 4749 2949 4805 Kal
2980 4750 3099 4805 νῦν
3137 4750 3372 4820 μήποτε
3405 4753 3646 4824 ἐκτεινῃ
3694 4754 3816 4824 τὴν

2134 4831 2305 4902 χεῖρα
2329 4832 2538 4898 αὑτοῦ,
2574 4835 2671 4891 καί
2703 4836 2855 4907 λάϐῃ
2886 4838 3004 4892 ἀπὸ
3033 4838 3141 4894 τοῦ
3165 4838 3359 4905 ξύλου
3385 4842 3498 4911 τῆς
3512 4841 3684 4911 ζωῆς,
3710 4845 3815 4897 καὶ

2134 4920 2296 4991 φάγῃ
2330 4921 2432 4976 καί
2460 4919 2702 4992 ζήσεται
2733 4926 2821 4991 εἰς
2849 4925 2957 4979 τὸν
2995 4924 3200 4982 αἰῶνα.
3235 4924 3347 4983 Kal
3374 4928 3815 4994 ἐξαπέστειλεν

2133 5007 2323 5063 αὐτὸν
2344 5010 2560 5080 Κύριος
2584 5015 2621 5068 ό
2647 5012 2792 5078 Θεὸς
2811 5013 2881 5067 ἐκ
2911 5013 3016 5069 τοῦ
3038 5014 3409 5084 παραδείσου
3424 5017 3536 5086 τῆς
3552 5017 3812 5088 τρυφῆς,

2131 5094 2480 5167 ἐργάζεσθαι
2508 5097 2622 5168 τὴν
2659 5097 2778 5169 γῆν
2814 5100 2884 5165 ἐξ
2912 5096 2989 5173 ἧς
3019 5101 3274 5173 ἐλήφθη.
3308 5104 3452 5178 Ὅρα
3479 5105 3642 5160 πάλιν
3671 5106 3813 5161 Θεοῦ

2137 5184 2570 5253 συγκατάϐασιν.
2599 5186 2711 5241 Kal
2736 5187 2887 5250 εἷπε.
2921 5188 3077 5260 φησὶ,
3120 5191 3338 5260 Κύριος
3364 5196 3398 5248 ό
3432 5194 3612 5261 Θεόςο
3652 5193 3814 5249 Ἰδοὺ

2148 5271 2321 5342 Ἀδὰμ
2347 5271 2597 5344 γέγονεν
2612 5274 2696 5340 ὡς
2726 5271 2815 5342 εἵς
2840 5274 2910 5341 ἐξ
2929 5278 3120 5347 ἡμῶν,
3147 5279 3256 5333 τοῦ
3277 5280 3598 5350 γινώσκειν
3616 5283 3816 5337 καλὸν

2136 5359 2237 5413 καί
2281 5361 2573 5429 πονηρόν.
2606 5358 2942 5434 Εἶδεςιπόση
2985 5366 3086 5437 τῆς
3130 5365 3329 5433 λέξεως
3374 5369 3408 5426 ἠ
3445 5369 3813 5437 ταπείνωσιςς

2136 5444 2323 5501 Ταῦτα
2351 5446 2409 5501 δέ
2437 5447 2654 5504 ἅπαντα
2682 5450 3004 5518 θεοπρεπῶς
3037 5453 3269 5523 νοῶμεν.
3303 5455 3565 5511 Βούλεται
3589 5456 3701 5531 7&9
3724 5459 3813 5512 ἐν·

2134 5533 2307 5589 ταῦθα
2329 5535 2418 5589 διὰ
2449 5537 2558 5592 τῶν
2592 5539 2853 5610 ῥημάτων
2878 5539 3085 5595 τούτων
3110 5543 3213 5613 τῆς
3248 5544 3468 5615 ἀπάτης
3503 5546 3653 5617 ἡμᾶς
3679 5546 3813 5599 ὑπο-

2039 5625 2043 5629 ·
2140 5620 2363 5691 μνῆσαι,
2396 5623 2463 5693 ἢν
2482 5625 2845 5697 ἠπατήθησαν
2864 5628 2970 5681 ὑπὸ
2996 5627 3089 5681 τοῦ
3119 5627 3367 5684 διαϐόλου
3387 5629 3475 5685 διά
3491 5630 3587 5685 τοῦ
3608 5630 3809 5699 ϐφεως.

2149 5711 2367 5784 Ἐπειδὴ
2399 5713 2509 5786 γὰρ
2538 5714 2725 5786 ἔλεγεν
2753 5719 2983 5785 ἐκεῖνος,
3018 5720 3102 5773 ὅτι
3140 5720 3283 5776 Ἐὰν
3310 5718 3563 5791 φάγητε,
3591 5720 3815 5778 ἔσεσθε

2177 6035 2185 6044 .
2210 5992 2233 6031 δ
2257 5966 2356 6041 Alli
2376 5990 2756 6054 περιϐεϐλῆσθαι·
2827 5991 2855 6031 h
2877 5993 3028 6045 SaVil.
3057 6000 3109 6046 et
3132 5995 3217 6050 alii
3236 5996 3350 6047 αὐτο
3381 5993 3540 6058 μόνον.
