4110 6484
324 424 428 481 “.9

323 535 469 589 orbis
502 531 726 589 doctore.
762 534 1155 604 sapientissimo
1178 576 1194 600 ,
1240 533 1397 589 beato
1445 530 1613 587 Paulo
1656 531 1868 602 inquam
1893 571 1911 600 ,

324 629 533 684 discere
564 643 850 698 possumus
873 670 887 695 ,
932 629 1018 699 qui
1057 629 1187 685 dicit
1229 647 1242 683 :
1287 629 1601 700 Quicumque
1634 628 1769 683 enim
1808 627 1918 682 sine

326 720 435 791 lege
460 736 795 790 peccauerunt
815 760 832 787 ,
875 721 983 775 sine
1009 721 1117 792 lege
1144 722 1293 775 etiam
1319 720 1547 791 peribunt
1571 736 1591 775 :
1616 730 1662 775 et
1689 721 1916 791 quicum-

316 829 416 883 que
444 812 500 867 in
526 812 635 884 lege
658 827 867 883 peccare
899 822 986 866 unt
1010 853 1023 876 ,
1057 830 1146 881 per
1165 814 1323 884 legem
1340 811 1710 883 judicabantur
1734 811 1911 874 (Rom.

318 903 519 975 2.12).
552 904 646 960 llis
684 904 859 960 verbis
901 904 1204 973 signiﬁcat,
1248 919 1355 959 non
1398 902 1641 960 eamdem
1691 902 1914 958 inituros

325 1010 539 1063 pmnam
589 1009 686 1050 eos
727 996 817 1065 qui
855 1004 982 1050 ante
1022 996 1194 1066 legem
1226 1037 1242 1062 ,
1273 1004 1327 1052 et
1354 1010 1446 1051 eos
1473 995 1563 1066 qui
1593 1005 1713 1064 post
1738 995 1913 1065 legem

324 1094 699 1153 peccaverunt.
731 1084 959 1142 Gravius
980 1087 1123 1140 enim
1157 1087 1445 1156 punientur
1470 1087 1559 1157 qui
1588 1094 1711 1156 post
1739 1085 1913 1156 legem

320 1175 501 1230 datam
526 1178 884 1247 peccaverint.
912 1176 1045 1233 Nam
1072 1177 1382 1249 Quicumque
1398 1179 1507 1233 sine
1533 1178 1641 1250 lege
1667 1194 1911 1250 peccave-

322 1276 463 1333 runt,
495 1267 646 1321 etiam
672 1268 782 1322 sine
806 1267 916 1339 lege
951 1268 1182 1339 peribunt
1210 1284 1228 1324 :
1256 1268 1494 1339 proﬁciet
1516 1269 1622 1324 illis
1647 1269 1713 1324 ad
1742 1270 1912 1325 levio-

322 1371 438 1412 rem
478 1372 690 1427 pinnam
712 1399 729 1425 ,
756 1358 899 1429 quod
933 1360 1064 1430 legis
1101 1360 1343 1416 doctrina
1371 1371 1428 1417 et
1454 1360 1780 1416 adminiculo
1817 1376 1909 1416 ca-

324 1449 553 1505 ruerint.
582 1448 649 1504 Et
668 1450 973 1521 quicumque
1005 1452 1096 1505 sub
1121 1451 1230 1522 lege
1252 1438 1604 1522 peccauerunt,
1636 1468 1726 1523 per
1748 1454 1908 1523 legem

319 1549 370 1594 et
387 1540 776 1610 judicaltunIur.
803 1541 891 1598 Isti
920 1583 938 1611 ,
968 1543 1158 1613 inquit,
1185 1544 1308 1613 quia
1335 1554 1390 1600 et
1409 1544 1583 1614 legem
1609 1542 1911 1599 habuerunt

321 1630 630 1701 magistram
655 1671 672 1698 ,
705 1639 760 1688 et
785 1648 959 1703 neque
983 1633 1064 1688 sic
1098 1632 1369 1689 emendati
1407 1642 1575 1699 sunt,
1597 1632 1699 1689 sed
1720 1633 1906 1687 eadem

318 1737 441 1791 qua:
471 1722 545 1776 illi
574 1732 930 1793 peccaverunt
959 1763 975 1792 ,
1007 1724 1306 1796 graviorem
1333 1738 1547 1795 quoque
1570 1738 1784 1794 poenam
1808 1722 1907 1778 da-

317 1812 471 1867 bunt.
509 1812 617 1868 Sed
657 1814 938 1870 audiamus
984 1830 1104 1886 quas
1142 1814 1302 1872 hodie
1343 1827 1468 1872 sunt
1499 1817 1656 1872 lecta.
1701 1816 1794 1872 20.
1839 1815 1908 1870 Et

318 1908 531 1973 uocauit,
563 1906 754 1977 inquit,
786 1908 950 1962 Adam
976 1925 1158 1963 nomen
1174 1909 1349 1963 uxoris
1374 1924 1500 1976 sure,
1531 1909 1658 1974 Eua,
1689 1908 1745 1963 id
1771 1907 1908 1979 quod

316 2009 390 2054 est
417 2001 537 2068 vita,
568 2001 688 2071 quia
707 2001 820 2072 ipsa
844 2010 1005 2056 mater
1031 2002 1257 2056 omnium
1279 2002 1572 2057 viventium.
1601 2000 1737 2058 Vide
1764 2001 1907 2058 divi-

318 2106 404 2147 nae
444 2092 735 2162 Scriptura.-
763 2092 1115 2165 diligentiam,
1139 2093 1409 2166 quomodo
1438 2111 1614 2166 neque
1641 2094 1745 2152 hoc
1765 2111 1904 2165 praes

321 2184 465 2248 terit,
494 2185 591 2239 sed
616 2184 773 2241 docet
796 2200 918 2250 nos,
946 2186 1208 2243 Adamum
1248 2188 1413 2243 etiam
1451 2189 1663 2245 mulieri
1706 2205 1903 2244 nomen

318 2275 658 2345 imposuisse.
738 2275 944 2333 Vocauit
972 2320 987 2345 ,
1047 2280 1254 2351 inquit,
1299 2297 1481 2337 nomen
1553 2284 1730 2339 uxoris
1800 2300 1908 2338 8MB

317 2364 429 2420 Eva
451 2407 467 2431 ,
512 2367 567 2420 id
620 2377 696 2424 est
743 2368 846 2423 vita
875 2384 894 2423 :
924 2370 1043 2440 quia
1075 2372 1188 2441 ipsa
1239 2382 1400 2427 mater
1450 2382 1523 2428 est
1564 2376 1788 2428 omnium
1826 2375 1904 2429 vi-

318 2458 539 2512 ueutiun:
562 2474 582 2513 :
615 2461 716 2515 hoc
752 2469 835 2515 est
858 2499 875 2527 ,
918 2460 1033 2532 ipsa
1068 2471 1152 2518 est
1174 2463 1324 2534 origo
1347 2478 1535 2520 eorum
1582 2465 1674 2536 qui
1709 2481 1775 2521 ex
1816 2466 1906 2521 illa

317 2558 441 2603 sunt
483 2548 643 2604 futuri
663 2590 678 2615 ,
706 2550 963 2623 radixque
998 2561 1053 2608 et
1078 2552 1480 2611 fundamentum
1509 2557 1784 2627 sequentis
1807 2571 1904 2629 ge-

319 2640 629 2696 nerationis.
667 2641 795 2696 Dein
828 2652 1107 2714 postquam
1143 2644 1323 2701 docuit
1362 2662 1461 2702 nos
1488 2647 1760 2716 quomodo
1790 2663 1907 2702 mn-

316 2729 432 2784 lieri
449 2731 753 2801 impositum
767 2748 960 2789 nomen
976 2733 1157 2803 fuerit,
1174 2736 1365 2793 iterum
1377 2738 1613 2794 ostendit
1633 2738 1790 2794 nobis
1811 2738 1904 2794 Dei

319 2820 635 2890 bonitatem,
659 2839 780 2894 qua:
805 2840 910 2880 non
928 2826 1172 2898 despexit
1187 2842 1281 2884 eos
1297 2829 1388 2900 qui
1412 2844 1441 2883 a
1462 2845 1527 2887 se
1542 2831 1709 2886 creati
1729 2839 1901 2897 erant,

316 2912 375 2966 in
399 2921 541 2967 tanta
568 2913 809 2971 nuditate
835 2925 892 2971 ct
917 2917 1205 2988 ignominia
1225 2929 1521 2977 versantes.
1548 2921 1641 2977 21.
1665 2922 1735 2977 Et
1762 2922 1903 2995 fecit,

317 3003 489 3074 inquit
512 3046 529 3071 ,
560 3004 812 3062 Dominus
838 3005 979 3063 Deus
1014 3010 1141 3065 Adte
1163 3020 1209 3066 et
1228 3012 1378 3067 uxori
1399 3013 1541 3068 illius
1567 3025 1724 3071 vestes
1753 3014 1908 3086 pelli-

315 3108 430 3149 ceas
459 3134 477 3162 ,
510 3104 557 3149 et
582 3097 746 3151 induit
770 3098 905 3153 illos.
939 3098 1088 3155 Sicut
1113 3100 1418 3160 misericors
1446 3113 1597 3175 pater
1615 3104 1781 3162 lilium
1809 3105 1907 3161 ha-

315 3184 450 3241 bens
476 3186 613 3244 bona
634 3188 813 3246 indole
831 3192 847 3223 ¹
869 3193 1172 3262 praeditum,
1199 3203 1255 3251 et
1277 3197 1424 3252 omni
1443 3211 1572 3253 cura
1597 3199 1903 3265 educatum,

317 3285 374 3330 et
399 3275 666 3334 fruentem
690 3281 939 3338 omnibus
966 3282 1173 3340 deliciis
1195 3326 1212 3352 ,
1261 3295 1413 3343 veste
1441 3288 1606 3344 nitida
1629 3305 1694 3346 ac
1716 3291 1906 3346 sericis

315 3367 569 3423 amictum
593 3411 610 3436 ,
642 3374 988 3445 paternisque
1024 3376 1215 3447 opibus
1241 3392 1430 3434 secure
1469 3389 1708 3436 utentem
1737 3423 1752 3449 ,
1779 3396 1902 3438 cum

316 3460 510 3518 viderit
532 3477 658 3519 eum
682 3465 845 3520 nimia
867 3470 1222 3538 prOSperitate
1241 3471 1294 3525 in
1315 3473 1533 3528 malitia:
1548 3475 1901 3546 praecipitium

315 3556 643 3626 prolapsum,
666 3560 842 3629 privat
863 3561 969 3616 illis
991 3564 1259 3629 omnibus,
1278 3575 1332 3620 et
1358 3580 1470 3621 sua:
1495 3567 1746 3636 potestati
1772 3569 1904 3625 sub-

318 3645 450 3717 iicit,
481 3657 633 3704 veste
653 3649 878 3720 spoliat,
904 3666 970 3707 ac
989 3653 1079 3709 vili
1106 3655 1395 3727 servilique
1412 3657 1609 3714 amictu
1635 3658 1786 3714 illum
1814 3659 1898 3714 in-

314 3737 450 3804 duit,
480 3754 550 3794 ne
573 3741 793 3797 omnino
820 3743 994 3799 nudus
1023 3744 1094 3799 sit
1131 3754 1188 3801 et
1219 3749 1388 3817 turpis
1418 3766 1433 3805 :
1464 3748 1539 3803 ita
1567 3757 1622 3804 et
1644 3749 1904 3820 benignus

316 3830 491 3898 Deus,
518 3832 768 3901 quoniam
798 3833 971 3891 Adam
997 3845 1054 3892 et
1079 3838 1190 3892 Eva
1215 3838 1466 3911 indignos
1492 3855 1614 3897 sese
1641 3842 1905 3898 esbibuco

315 3930 443 3978 runt
458 3922 775 3980 indumento
799 3927 1031 3996 glorioso
1053 3928 1147 3983 illo
1160 3938 1217 3985 et
1234 3930 1426 3999 nitido,
1447 3947 1557 4003 quo
1579 3933 1906 3990 amicieban-

317 4021 404 4066 tur
432 4054 449 4078 ,
494 4022 553 4069 et
598 4015 744 4084 quod
771 4017 933 4073 nullis
972 4020 1344 4089 corporalibus
1367 4037 1466 4078 eos
1490 4024 1904 4081 necessitatibus

313 4103 576 4163 obnoxios
619 4120 742 4163 esse
768 4108 976 4165 sinebat
1005 4151 1021 4177 ,
1054 4111 1274 4167 nudavit
1303 4113 1425 4169 illos
1441 4116 1588 4170 omni
1617 4116 1707 4170 illa
1732 4117 1902 4187 gloria

314 4206 372 4252 et
392 4197 663 4267 fruittone,
686 4214 791 4270 qua
809 4212 934 4257 ante
950 4217 1165 4273 gravem
1193 4203 1332 4260 hanc
1353 4206 1561 4261 ruinam
1577 4208 1900 4278 gaudebant:

316 4292 646 4360 multamque
664 4306 788 4363 erga
814 4293 934 4349 illos
961 4295 1013 4349 in
1044 4302 1243 4351 tantam
1276 4296 1565 4368 perniciem
1603 4299 1782 4369 lapsos
1810 4316 1905 4356 ex-

317 4378 508 4437 hibens
549 4383 944 4441 miserationem
975 4426 992 4452 ,
1035 4386 1327 4458 vidensque
1355 4402 1548 4459 magno
1576 4389 1780 4461 pudore
1802 4392 1906 4448 cir-

316 4473 592 4529 cumfusos
622 4514 639 4542 ,
670 4475 988 4548 consiliique
1034 4477 1222 4549 inopes
1251 4521 1267 4547 ,
1299 4494 1369 4535 ne
1416 4481 1545 4536 nudi
1599 4491 1780 4538 essent
1805 4524 1821 4549 ,
1850 4490 1906 4538 et

321 4562 574 4619 indecore
601 4579 661 4620 se
683 4578 953 4636 gererent,
980 4579 1159 4624 vestes
1185 4569 1314 4638 ipsis
1343 4572 1594 4641 pelliceas
1615 4572 1761 4639 facit,
1791 4588 1905 4629 eos-

316 4668 422 4724 que
444 4655 698 4726 contegit.
720 4656 879 4712 Tales
898 4658 1042 4715 enim
1063 4662 1209 4715 sunt’
1225 4659 1424 4717 diaboli
1446 4663 1900 4722 machinationes:

315 4747 365 4803 si
393 4747 605 4816 quando
624 4748 767 4804 enim
788 4749 996 4821 aliquos
1016 4752 1280 4808 invenerit
1302 4753 1392 4824 qui
1413 4753 1514 4810 sibi
1540 4765 1780 4825 parcant,
1811 4773 1904 4813 eos

318 4836 591 4907 voluptate
604 4838 831 4909 quadam
853 4841 1062 4897 modica
1089 4843 1482 4914 supplantatos,
1512 4855 1569 4902 et
1596 4847 1650 4902 in
1682 4849 1902 4917 profun-

315 4928 443 4984 dum
468 4930 686 4985 malitiae
715 4932 982 5002 proiectos
1006 4973 1021 4998 ,
1050 4935 1305 5006 omnique
1333 4937 1649 4995 confusione
1677 4948 1731 4994 et
1754 4940 1906 5011 igno-

318 5020 482 5076 tninia
509 5022 717 5091 plenos,
740 5024 923 5092 jacere
962 5025 1253 5096 relinquit,
1303 5029 1607 5085 miserabile
1654 5032 1904 5088 omnibus

317 5109 411 5180 qui
439 5111 584 5166 illum
614 5111 801 5169 vident
845 5116 1232 5187 spectaculum.
1262 5121 1330 5173 At
1357 5121 1657 5175 animarum
1688 5133 1902 5177 nostra-

315 5217 435 5257 rum
458 5203 685 5261 Curator
719 5246 735 5273 ,
764 5205 954 5262 videns
978 5207 1099 5262 illos
1124 5209 1177 5263 in
1204 5210 1366 5265 tantis
1389 5210 1814 5278 difﬁcultatibus,
1848 5215 1903 5269 in

318 5294 425 5351 hoc
447 5305 587 5351 statu
617 5300 819 5369 positos
841 5315 946 5355 non
977 5299 1203 5371 despicit
1232 5343 1248 5368 ,
1282 5303 1376 5357 sed
1413 5296 1770 5359 velamentum
1799 5305 1904 5360 illis

315 5388 582 5457 excogitat
614 5429 630 5456 ,
662 5405 759 5459 per
782 5400 986 5446 vestem
1028 5391 1190 5447 vilem
1233 5394 1527 5451 ostendens
1555 5398 1803 5466 qualibus
1843 5412 1903 5454 se

317 5476 649 5536 vestimentis
677 5480 866 5551 dignos
891 5481 1134 5536 fecerint.

306 5716 311 5725 ,
382 5680 399 5745 ξ
431 5685 643 5745 Quatuor
665 5686 794 5745 Mss,
821 5681 1014 5741 decore,
1038 5696 1142 5745 pro,
1167 5681 1290 5733 bona
1312 5683 1490 5736 indole.

381 5743 402 5773 '
433 5740 596 5801 Savi|.,
619 5740 910 5808 titullumque
931 5740 1053 5808 erga
1070 5740 1177 5797 illas
1197 5745 1413 5808 exhibuit
1436 5747 1805 5808 miserationem,
1842 5747 1905 5798 ri-

315 5803 435 5876 dens
460 5815 630 5876 magno
665 5803 851 5876 pudore
872 5803 1099 5876 annilius,
1118 5806 1397 5873 consiliique
1420 5821 1600 5873 tttopes.
1624 5811 1756 5862 Tales
1775 5803 1903 5862 enim

312 5868 442 5920 sunt,
468 5873 587 5926 etc.,
612 5870 803 5920 omissis
824 5868 1146 5932 interpositis.

1396 419 1460 475 IN
1497 417 1648 475 CAP.
1682 417 1768 473 lli.
1796 415 2039 474 GENES.
2076 416 2301 474 llOSllL.
2345 416 2534 475 XVIII.

3511 428 3614 483 iiii)

2099 531 2362 598 Quomodo
2387 544 2543 588 vestes
2562 534 2796 605 pelliceas
2825 537 2993 606 primo
3037 540 3234 608 parenti
3258 548 3306 594 et
3323 542 3469 595 uxori
3494 544 3615 613 [erit

2025 620 2186 678 Deus.
2243 623 2419 680 Luxus
2460 626 2514 679 in
2539 626 2753 682 vestibus
2794 636 3017 700 tempore
3053 628 3422 702 Chrysostomi.
3448 663 3521 674 -
3545 633 3612 690 Et

2024 714 2147 780 fecit
2171 715 2422 770 Dominus
2447 715 2586 770 Deus
2607 717 2733 773 Adae
2764 728 2811 772 et
2842 720 2989 774 umori
3006 721 3144 775 illius
3163 732 3321 777 vestes
3345 724 3606 794 pelliceas,

2021 813 2070 861 et
2111 805 2276 860 induit
2322 806 2458 862 illos.
2512 808 2667 878 Vide,
2689 825 2891 880 quaeso,
2933 822 3182 883 quantam
3213 817 3479 871 sermonis
3510 818 3612 871 hu-

2020 898 2298 953 militatem
2362 900 2518 957 nobis
2566 911 2887 973 attemperat
2934 905 3113 962 divina
3168 906 3463 979 Scriptura.
3504 909 3609 967 Sed

2017 986 2161 1059 quod
2184 1006 2327 1060 saepe
2356 992 2487 1060 dixi,
2522 992 2574 1048 id
2604 1003 2658 1049 et
2685 1010 2826 1050 nunc
2847 997 2969 1053 dico
2997 1015 3010 1052 :
3035 1002 3215 1055 omnia
3243 1002 3313 1056 ita
3342 1002 3607 1072 intelliga-

2017 1096 2139 1136 mus
2170 1122 2185 1146 .
2214 1083 2352 1138 sicut
2391 1100 2488 1154 par
2529 1087 2708 1142 estde
2753 1087 2864 1144 Deo
2900 1089 3145 1163 intelligi.
3191 1091 3425 1150 Verbum
3466 1094 3611 1150 Fecit

2013 1173 2199 1243 accipe
2244 1188 2341 1244 pro
2387 1190 2453 1230 eo
2476 1176 2618 1244 quod
2646 1187 2732 1233 est
2764 1219 2779 1244 ,
2823 1180 3108 1251 imperavit
3134 1191 3194 1238 ut
3218 1192 3419 1240 essent.
3443 1185 3611 1240 Jussit

2011 1265 2157 1319 enim
2200 1266 2390 1323 tunicis
2431 1268 2669 1338 pelliceis
2711 1272 2894 1328 vestiri
2934 1273 2987 1329 in
3037 1283 3349 1345 perpetuam
3390 1277 3609 1333 inobse-

2014 1356 2246 1426 quentiae
2273 1358 2607 1414 memoriam.

2081 1448 2134 1502 2.
2151 1449 2380 1506 Audiant
2390 1453 2648 1522 opulenti,
2663 1463 2719 1510 et
2733 1455 2824 1525 qui
2842 1456 3108 1512 luxuriant
3133 1459 3184 1513 in
3203 1460 3463 1515 vermium
3490 1470 3608 1516 tes-

2014 1539 2213 1609 tilibus,
2235 1556 2299 1597 ac
2323 1542 2623 1600 vestiuntur
2648 1545 2835 1603 sericis
2857 1589 2876 1616 ,
2897 1547 3212 1620 discantque
3240 1551 3510 1621 quomodo
3535 1551 3603 1607 alt

2012 1633 2167 1690 initio
2197 1635 2484 1691 humanam
2509 1636 2710 1694 docens
2729 1645 2977 1695 naturam
3001 1639 3263 1712 benignus
3306 1642 3564 1698 Dominus
3590 1680 3605 1706 .

2011 1726 2135 1795 quia
2170 1734 2390 1797 propter
2411 1729 2892 1800 transgressionem
2920 1744 3095 1801 poenae
3122 1731 3311 1787 mortis
3336 1747 3460 1787 rcus
3489 1740 3604 1787 erat

2013 1819 2216 1890 primus
2244 1819 2409 1876 homo
2431 1861 2446 1886 ,
2472 1835 2716 1892 opusque
2742 1822 2973 1879 habebat
3000 1831 3152 1879 veste
3177 1839 3295 1893 quae
3338 1823 3600 1894 pudorem

2012 1917 2248 1981 tegeret,
2278 1910 2529 1981 pelliceas
2571 1913 2671 1982 ipsi
2695 1912 2821 1969 fecit
2847 1922 3024 1970 vestes
3055 1931 3068 1967 :
3102 1929 3209 1984 quo
3246 1913 3429 1969 docuit
3454 1930 3554 1969 nos
3576 1955 3594 1981 ,

2010 2011 2070 2057 ιιι
2098 2001 2318 2060 mollem
2339 2012 2393 2058 et
2420 2002 2732 2059 dissolutam
2750 2006 2914 2060 vitam
2941 2004 3231 2077 fugiamus,
3255 2020 3428 2077 neque
3453 2007 3602 2061 iner-

2013 2100 2117 2146 tem
2145 2100 2201 2147 et
2225 2092 2503 2147 remissam
2534 2103 2838 2160 sectemur,
2870 2095 2965 2152 sed
2993 2096 3162 2166 magis
3191 2105 3461 2151 austeram
3486 2110 3604 2150 am-

2011 2183 2304 2254 plexemur.
2336 2183 2442 2240 Sed
2464 2182 2601 2240 forte
2623 2185 2883 2255 gravatim
2916 2184 3149 2242 ferentes
3165 2186 3281 2241 haec
3297 2186 3509 2252 divites,
3525 2186 3606 2240 di-

2008 2287 2129 2331 cent
2159 2293 2172 2330 :
2202 2275 2339 2344 Quid
2365 2277 2557 2347 igitur?
2580 2291 2650 2331 an
2678 2277 2902 2347 pellibus
2926 2277 3110 2333 vestiri
3139 2290 3236 2332 nos
3256 2277 3412 2347 jubes
3431 2276 3456 2330 ?
3474 2276 3597 2332 Non

2009 2366 2114 2423 hoc
2136 2366 2259 2424 dico
2291 2386 2307 2424 :
2338 2383 2462 2423 nam
2492 2384 2668 2440 neque
2710 2367 2785 2423 illi
2834 2378 3096 2438 perpetuo
3137 2367 3221 2423 usi
3264 2367 3478 2421 fuerunt
3519 2367 3603 2421 bis

2008 2460 2282 2526 vestibus;
2309 2461 2574 2532 benignus
2605 2462 2749 2517 enim
2798 2461 3056 2519 Dominus
3097 2462 3365 2532 prioribus
3388 2472 3605 2531 semper

2010 2552 2285 2609 beneﬁciis
2313 2557 2615 2610 recentiora
2638 2555 2883 2625 quaedam
2917 2555 3246 2626 superaddit.
3278 2555 3410 2610 Nam
3452 2564 3604 2624 post-

2009 2659 2167 2715 quam
2184 2657 2305 2701 scse
2321 2646 2692 2716 corporalibus
2705 2646 3109 2702 necessitatibus
3125 2646 3386 2701 obnoxios
3404 2644 3600 2711 fecere,

2009 2744 2065 2790 et
2092 2749 2120 2790 a
2146 2736 2332 2792 dolore
2361 2751 2524 2791 vacua
2554 2745 2609 2792 et
2627 2738 2864 2807 angelica
2888 2737 2997 2791 vita
3018 2737 3352 2802 exciderunt,
3378 2736 3601 2805 dispen-

2010 2828 2147 2883 savit
2198 2829 2378 2895 Deus,
2412 2837 2471 2883 ut
2498 2843 2565 2884 ex
2612 2829 2791 2884 ovium
2834 2829 3123 2884 velleribus
3164 2827 3409 2884 homines
3455 2828 3605 2883 indu-

2011 2928 2189 2974 menta
2217 2919 2319 2975 sibi
2351 2927 2620 2989 pararent,
2652 2935 2759 2975 non
2785 2919 2889 2974 alia
2930 2919 2999 2975 de
3027 2933 3186 2975 causa
3207 2960 3223 2987 ,
3250 2934 3408 2990 quam
3441 2928 3497 2974 ut
3520 2928 3599 2973 te-

2009 3020 2318 3084 gumentum
2350 3011 2582 3068 habeant
2606 3053 2621 3077 ,
2652 3021 2708 3068 et
2734 3028 2803 3069 ne
2832 3013 3092 3069 rationale
3120 3013 3319 3068 animal
3359 3012 3464 3068 hoc
3491 3029 3599 3068 non

2010 3117 2167 3158 secus
2194 3118 2259 3160 ac
2283 3103 2438 3159 bruta
2478 3104 2531 3159 in
2560 3104 2802 3161 nuditate
2828 3114 2884 3160 et
2920 3104 3190 3161 dedecore
3226 3106 3389 3161 vitam
3419 3104 3599 3176 degat.

2009 3195 2192 3264 Itaque
2228 3194 2458 3250 vestium
2501 3194 2727 3250 amictus
2754 3195 3068 3250 continuum
3117 3195 3272 3251 nobis
3318 3196 3388 3250 sit
3430 3195 3597 3250 moni-

2011 3294 2248 3340 mentum
2274 3326 2288 3352 ,
2316 3300 2424 3356 quo
2454 3300 2721 3341 memores
2764 3286 2934 3341 simus
2957 3328 2973 3354 ,
3003 3286 3218 3356 quantis
3265 3285 3420 3342 bonis
3445 3287 3603 3342 exci-

2009 3377 2271 3444 derimus,
2294 3387 2348 3433 et
2377 3377 2647 3431 discamus
2671 3385 2872 3447 quanto
2897 3377 3161 3448 supplicio
3190 3377 3478 3432 humanum
3503 3393 3599 3446 ge-

2010 3483 2109 3523 nus
2125 3466 2197 3523 ob
2220 3466 2637 3522 inobedientiam
2663 3467 2734 3521 sit
2757 3465 3031 3522 affectum.
3051 3466 3236 3523 Dicant
3258 3466 3416 3537 igitur
3441 3465 3598 3522 nobis

2007 3556 2098 3628 qui
2132 3566 2278 3612 tanto
2302 3565 2523 3613 utuntur
2538 3566 2815 3629 apparatu,
2835 3567 2895 3613 ut
2910 3558 3021 3627 jam
3045 3556 3351 3613 usumlante
3381 3573 3603 3629 prorsus

2009 3664 2169 3705 nosse
2198 3650 2410 3717 nolint,
2442 3649 2539 3704 sed
2591 3650 2767 3706 serico
2809 3650 3127 3718 vestiantur,
3156 3663 3332 3720 eoque
3377 3649 3600 3704 insaniat

2008 3756 2338 3811 pervenere,
2371 3750 2429 3796 ut
2479 3755 2668 3796 aurum
2714 3740 2951 3796 vestibus
2996 3740 3282 3796 intexunt:
3313 3740 3366 3794 in
3415 3739 3602 3809 primis

2007 3835 2150 3890 enim
2196 3835 2450 3890 mulieres
2495 3835 2619 3890 huic
2656 3835 2899 3890 mollitiei
2947 3833 3143 3890 deditae
3189 3843 3352 3890 sunt:
3380 3834 3596 3902 Quare,

2007 3924 2116 3992 die,
2143 3926 2370 3981 obsecro
2388 3966 2403 3991 ,
2436 3940 2632 3996 corpus
2654 3926 2725 3981 ita
2753 3940 2933 3989 ornas,
2963 3934 3019 3980 et
3042 3924 3241 3996 gaudes
3268 3924 3598 3995 ejuscemodi

2008 4018 2255 4073 amictu?
2282 4033 2390 4074 non
2422 4017 2629 4088 cogitas
2674 4031 2772 4086 pro
2814 4031 3006 4086 magno
3045 4015 3339 4086 supplicio,
3383 4025 3603 4086 propter

2010 4109 2489 4180 transgressionem
2510 4149 2526 4174 ,
2560 4116 2771 4178 tegmen
2817 4106 2921 4160 hoc
2965 4108 3323 4177 excogitatum
3345 4106 3509 4161 esse?
3537 4106 3602 4160 Et

2009 4216 2177 4272 quare
2201 4216 2307 4255 non
2344 4200 2499 4256 audis
2524 4199 2744 4254 Paulum
2773 4199 3040 4254 dicentem
3067 4215 3081 4251 :
3117 4197 3375 4254 Habentes
3411 4199 3600 4252 victum

2010 4305 2056 4349 et
2081 4294 2320 4348 amictum
2346 4333 2362 4359 ,
2384 4290 2491 4348 illis
2518 4292 2739 4346 contenti
2761 4292 2951 4345 erimus
2977 4291 3053 4361 (l.
3083 4289 3220 4344 Tim.
3244 4290 3296 4346 6.
3325 4290 3404 4361 8).
3439 4290 3603 4346 Vides

2011 4387 2167 4441 unius
2194 4384 2474 4441 dumtaxat
2510 4382 2590 4438 rei
2642 4381 2944 4438 habendam
2989 4397 3112 4438 esse
3137 4396 3321 4437 curam
3359 4398 3374 4435 :
3405 4380 3602 4436 videli-

2010 4488 2116 4547 cet,
2139 4494 2208 4533 ne
2229 4491 2427 4547 corpus
2450 4476 2650 4531 nudum
2677 4476 2766 4540 sit,
2795 4474 2889 4530 sed
2913 4483 2969 4529 ut
3000 4482 3227 4545 tegatur,
3249 4488 3348 4529 nec
3371 4474 3603 4543 amplius

2009 4572 2079 4628 de
2109 4571 2363 4626 varietate
2387 4570 2619 4624 vestium
2658 4583 2780 4624 esse
2811 4583 2910 4623 nos
2936 4567 3199 4622 sollicitos
3224 4576 3457 4637 oportet.
3487 4565 3598 4620 Cte-

2010 4673 2179 4718 tcrmn
2206 4661 2274 4717 ad
2310 4661 2586 4731 sequentia
2614 4661 2914 4717 veniamus.
2954 4658 3047 4712 22.
3088 4656 3156 4710 Et
3189 4657 3319 4711 dixit
3348 4656 3601 4713 Dominus

2008 4755 2149 4812 Deus
2179 4770 2199 4810 :
2224 4753 2358 4808 Ecce
2385 4753 2550 4808 Adam
2579 4752 2744 4821 factus
2785 4760 2856 4806 est
2893 4751 3021 4804 sicut
3059 4765 3190 4803 unus
3228 4764 3293 4802 ea:
3328 4748 3472 4802 nobis
3491 4786 3505 4807 ,
3534 4745 3608 4801 ad

2006 4846 2267 4902 sciendum
2293 4845 2479 4899 bonum
2523 4852 2572 4898 et
2599 4842 2808 4897 malum.
2841 4841 2911 4894 Et
2938 4856 3072 4894 nunc
3113 4854 3175 4893 ne
3206 4841 3336 4909 forte
3370 4836 3605 4893 extendat

2007 4954 2217 4993 manum
2242 4952 2388 4991 suam
2406 4977 2421 5001 ,
2445 4944 2492 4988 et
2511 4933 2729 5002 accipiat
2762 4932 2825 4984 de
2851 4930 2987 5002 ligno
3006 4931 3123 4984 vitat
3142 4970 3157 4991 ,
3184 4936 3234 4982 et
3261 4934 3489 4980 comedat
3510 4965 3525 4988 ,
3555 4934 3603 4979 et

2005 5030 2141 5085 uiuat
2164 5030 2218 5083 in
2246 5027 2508 5082 saxulum.
2533 5024 2626 5079 23.
2654 5023 2722 5078 Et
2743 5023 2909 5077 emisit
2931 5021 3079 5075 illum
3107 5019 3360 5073 Dominus
3381 5016 3517 5071 Deus
3538 5032 3603 5077 ea

2009 5118 2250 5190 paradiso
2273 5116 2548 5187 uoluptatis
2564 5157 2578 5183 ,
2607 5123 2664 5168 ut
2681 5121 2979 5184 cperaretur
3004 5120 3190 5164 terram
3207 5150 3221 5172 ,
3245 5108 3310 5163 de
3330 5123 3430 5179 qua
3457 5123 3599 5160 sum.

2008 5220 2126 5281 plus
2165 5218 2296 5265 erat.
2324 5207 2422 5263 Hic
2444 5220 2657 5277 quoque
2686 5204 2809 5260 vide
2851 5217 3011 5274 quam
3058 5199 3263 5255 idoneis
3300 5197 3594 5253 inﬁrmitati

2007 5312 2206 5358 nostra:
2234 5300 2420 5356 verbis
2442 5308 2622 5354 utatur
2644 5298 2803 5352 Deus.
2837 5294 2906 5349 Et
2934 5292 3064 5347 dixit
3084 5334 3100 5360 ,
3130 5292 3320 5362 inquit,
3347 5289 3598 5351 Dominus

2008 5394 2151 5451 Deus
2183 5409 2203 5447 :
2229 5392 2364 5447 Ecce
2387 5391 2556 5445 Adam
2585 5391 2753 5461 factus
2801 5395 2874 5442 est
2908 5384 3056 5455 quasi
3088 5398 3221 5437 unus
3246 5399 3309 5436 ea:
3332 5381 3474 5439 nobis
3493 5421 3508 5448 ,
3530 5379 3598 5442 ad

2007 5485 2271 5543 sciendum
2310 5487 2497 5541 bonum
2545 5494 2591 5538 et
2627 5482 2840 5537 malum.
2869 5477 3062 5534 Vidisti
3100 5484 3299 5547 quanta
3344 5473 3597 5531 dictionis

2007 5578 2324 5636 humilitas?
2352 5577 2477 5632 [hoc
2502 5587 2702 5642 autem,
2736 5583 2792 5629 ut
2819 5572 2992 5638 decet,
3017 5570 3176 5641 digne
3194 5569 3262 5624 de
3291 5568 3405 5624 Deo
3433 5566 3597 5623 intel-

2009 5675 2256 5746 ligamus.
2293 5671 2415 5726 tht
2440 5670 2582 5725 enim
2610 5684 2705 5738 per
2731 5668 2846 5721 haec
2869 5664 3029 5721 verba
3049 5664 3103 5719 in
3144 5661 3459 5717 memoriam
3505 5674 3595 5714 re.-

2010 5768 2171 5831 ferre,
2193 5760 2464 5834 quomodo
2498 5757 2709 5829 decepti
2737 5758 2934 5813 fuerint
2956 5770 2985 5809 a
3014 5754 3230 5810 diabolo
3255 5767 3350 5822 per
3370 5765 3595 5822 serpen-

2009 5867 2135 5915 tem.
2159 5853 2600 5926 Quandoquidcm
2626 5848 2713 5908 ille
2737 5849 2950 5907 diccbat
2970 5890 2986 5919 ,
3013 5847 3075 5905 Si
3092 5844 3437 5914 comederitt's,
3451 5843 3597 5906 eritis
