4110 6432
529 338 620 393 151

525 465 577 505 ut
616 455 707 521 ait,
741 462 796 510 et
825 471 920 526 spe
968 459 1230 528 potienda:
1262 467 1580 534 t-cqualilatis
1629 484 1750 524 eum
1798 472 1909 527 Deo
1937 475 2114 529 cibum

531 543 670 598 hunc
701 559 916 602 sumere
944 550 1059 604 ausi
1086 560 1230 606 sunt.
1264 555 1437 625 Atque
1459 557 1558 612 hac
1587 557 1654 614 de
1680 575 1838 614 causa
1865 562 2009 618 Deus
2030 564 2121 618 ite-

526 649 644 688 rutn
678 636 794 689 illos
825 653 1046 696 monere
1067 643 1254 698 volens
1274 685 1289 709 ,
1321 655 1377 700 ut
1406 648 1670 704 sentirent
1703 666 1861 720 quam
1887 654 2121 723 graviter

526 737 708 781 essent
755 729 889 799 lapsi
921 748 1020 802 per
1061 734 1481 794 inobedientiam
1523 750 1578 794 et
1602 741 1972 813 deccptionem
1994 789 2009 813 ,
2039 747 2120 803 in-

523 817 640 885 quit
675 835 688 868 :
721 818 851 874 Ecce
887 822 1052 877 Adam
1082 829 1247 896 factus
1293 837 1365 883 est
1392 831 1539 898 quasi
1585 849 1718 887 unus
1743 850 1808 888 ea:
1845 837 2006 891 nobis.
2063 837 2119 893 In

527 919 733 964 tantum
763 913 1016 970 ruborem
1047 916 1148 973 hoc
1187 920 1406 976 verbum
1440 923 1642 991 injicit,
1675 934 1734 980 ut
1762 935 2123 998 transgresso-

526 1014 637 1054 rcm
688 1004 922 1072 graviter
950 1015 1167 1078 tangere
1214 1011 1411 1066 valeat.
1459 1013 1615 1082 Ideo,
1647 1016 1852 1087 inquit,
1881 1029 2122 1076 contem-

527 1091 679 1159 psisti
722 1094 1029 1151 mandatum
1080 1115 1256 1156 meum
1284 1103 1428 1172 quod
1467 1105 1723 1175 asqualem
1770 1115 1823 1162 te
1853 1109 1964 1165 Deo
2009 1111 2121 1168 fore

531 1193 745 1252 putares
779 1189 834 1241 ’?
864 1188 1005 1245 Ecce
1031 1190 1202 1250 factus
1228 1210 1288 1249 es
1314 1196 1454 1264 quod
1481 1202 1800 1268 exspectasti
1829 1221 1842 1255 :
1874 1203 1981 1256 imo
2011 1219 2117 1260 non

526 1274 668 1342 quod
694 1281 1052 1347 exspectasti,
1084 1283 1178 1338 sed
1221 1286 1432 1355 qualem
1475 1296 1527 1343 te
1581 1290 1693 1344 ﬁeri
1722 1291 1942 1362 dignum
1979 1305 2115 1350 erat.

526 1363 679 1430 Ecce,
715 1368 904 1437 inquit,
938 1371 1102 1426 Adam
1139 1373 1300 1443 {actus
1322 1387 1394 1431 est
1429 1379 1575 1447 quasi
1597 1397 1727 1435 unus
1758 1399 1821 1436 ea:
1845 1385 1989 1439 nobis
2009 1427 2023 1450 ,
2049 1387 2118 1440 ad

521 1457 780 1511 sciendum
803 1460 989 1516 bonum
1017 1475 1062 1518 et
1085 1467 1292 1521 malum.
1326 1469 1438 1524 lloc
1476 1472 1620 1526 enim
1671 1473 1828 1528 fallax
1874 1475 2118 1534 diabolus

523 1546 734 1603 diccbat
761 1567 854 1620 per
879 1566 1202 1625 serpentem,
1233 1559 1538 1629 Aperiantur
1571 1567 1706 1619 oculi
1751 1569 1899 1621 vestri
1916 1609 1931 1635 ,
1956 1571 2120 1627 eritis-

521 1655 620 1706 t/ue
655 1639 782 1694 sicut
810 1643 916 1709 dii,
965 1647 1176 1702 scientes
1212 1648 1400 1704 bonum
1431 1662 1477 1706 et
1521 1656 1732 1709 malum.
1778 1655 1845 1711 Et
1880 1676 2012 1714 nunc
2056 1679 2120 1716 ne

531 1733 660 1796 forte
682 1735 918 1788 extendat
973 1753 1182 1792 manuni
1225 1749 1273 1793 et
1301 1748 1476 1810 tangat
1503 1744 1694 1814 lignum
1729 1748 1842 1802 vitae
1861 1791 1874 1815 ,
1908 1760 1954 1804 et
1980 1767 2120 1805 com-

523 1817 660 1884 edat,
686 1831 732 1874 et
762 1823 889 1875 vivat
906 1826 957 1876 in
977 1837 1244 1885 teternum.
1261 1828 1414 1894 Vide,
1435 1847 1552 1900 oro,
1583 1834 1670 1889 hic
1692 1837 2116 1897 misericordiam

523 1911 751 1966 Domini.
808 1914 1030 1984 Oportet
1077 1922 1219 1974 enim
1264 1923 1406 1992 quod
1451 1925 1652 1980 dictum
1701 1939 1784 1982 est
1833 1931 2117 2001 diligenter

520 2005 746 2057 scrutari
769 2047 783 2072 ,
818 2014 876 2061 ut
909 2008 1042 2063 nihil
1069 2026 1254 2066 eorum
1283 2029 1404 2083 qua:
1449 2016 1504 2070 in
1544 2018 1706 2073 fundo
1740 2031 1864 2076 sunt
1889 2023 2119 2080 abscon-

519 2091 651 2161 dita,
679 2095 844 2152 latere
873 2115 970 2155 nos
1009 2111 1189 2171 queat.
1215 2105 1349 2160 Cum
1400 2108 1542 2164 Deus
1572 2111 1779 2168 Adamo
1805 2117 2114 2173 mandatum

519 2184 672 2241 daret
695 2228 710 2254 ,
739 2204 768 2243 a
797 2192 941 2246 nullo
963 2194 1069 2248 alio
1088 2195 1360 2255 abstinere
1383 2204 1657 2274 prmcepit,
1685 2221 1844 2276 quam
1867 2208 1934 2264 ab
1955 2210 2116 2267 unico

520 2275 684 2346 ligno,
715 2279 782 2335 de
813 2296 920 2352 quo
951 2285 1072 2354 quia
1094 2287 1256 2344 edere
1284 2288 1382 2345 fuit
1407 2307 1590 2362 ausus,
1616 2275 1772 2364 ptena
1797 2299 1986 2355 mortis
2016 2301 2116 2371 ipsi

518 2366 748 2438 irrogata
796 2382 878 2427 est
908 2376 1088 2445 :quod
1118 2393 1238 2432 cum
1289 2383 1607 2453 praeciperet
1652 2386 1723 2440 illi
1756 2387 1996 2444 deﬁnivit
2019 2366 2049 2456 ξ
2066 2391 2112 2446 si

519 2462 999 2533 prmvaricaretur,
1063 2467 1132 2523 de
1189 2469 1333 2540 ligno
1392 2473 1516 2528 vita:
1585 2477 1718 2531 nihil
1774 2481 2110 2551 praecipiens.

515 2550 959 2622 Quandoquidem
988 2559 1132 2613 enim
1154 2602 1168 2626 ,
1194 2569 1253 2616 ut
1273 2564 1524 2621 existimo
1548 2607 1563 2632 ,
1587 2575 1644 2622 et
1673 2550 1969 2640 intelligere
1994 2581 2107 2640 est,

518 2640 872 2698 immortalem
903 2646 1053 2703 illum
1084 2652 1319 2719 creavit,
1353 2657 1617 2724 potuisset
1663 2659 1804 2729 ipse,
1834 2663 1878 2716 si
1907 2663 2109 2720 voluis-

514 2739 614 2799 θυι,
639 2748 760 2789 cum
789 2737 908 2793 aliis
936 2741 1097 2795 etiam
1125 2741 1194 2797 de
1221 2743 1323 2800 hoc
1350 2748 1491 2802 vesci
1513 2749 1653 2819 quod
1687 2761 1997 2822 perpetuam
2028 2755 2105 2811 illi

511 2826 826 2883 contulisset
865 2831 1026 2886 vitam
1060 2848 1262 2904 :quare
1303 2838 1510 2894 nullum
1555 2841 1867 2899 mandatum
1897 2845 1966 2902 de
2013 2847 2107 2904 ilio

513 2918 738 2986 accepit.

589 3010 641 3064 5.
670 3011 726 3066 Si
763 3021 941 3068 autem
973 3017 1219 3075 curiosus
1251 3021 1444 3093 aliquis
1471 3033 1661 3095 rogat,
1690 3042 1856 3097 quare
1907 3029 2108 3101 lignum

513 3099 636 3154 vitae
684 3102 756 3156 sit
805 3106 1126 3172 appellatum
1156 3127 1168 3163 :
1198 3110 1365 3177 sciat,
1422 3128 1528 3167 non
1585 3129 1744 3185 posse
1795 3099 2105 3189 hominem,

509 3191 623 3245 suis
655 3192 893 3248 innixum
925 3199 1218 3255 ratiociniis
1240 3243 1253 3266 ,
1285 3203 1466 3258 omnia
1498 3205 1591 3262 Dei
1631 3222 1795 3278 opera
1837 3215 2103 3270 contueri.

512 3280 693 3336 Visum
721 3285 863 3340 enim
891 3285 988 3341 fuit
1010 3289 1255 3360 Domino,
1276 3302 1333 3348 ut
1357 3297 1791 3354 exercitationem
1814 3305 2103 3372 quamdam

506 3373 829 3430 obcdientia:
858 3388 914 3432 et
939 3379 1552 3445 inobedientiznhaberct
1581 3390 1742 3448 homo
1770 3410 1802 3450 a
1829 3412 1889 3452 se
1909 3397 2102 3467 factus,

506 3475 564 3520 et
595 3467 646 3520 in
698 3469 947 3538 paradiso
977 3472 1302 3544 degens,_ut
1339 3479 1447 3536 duo
1477 3481 1574 3537 ista
1614 3485 1753 3555 ligna
1784 3487 1855 3543 ibi
1901 3495 2103 3546 consti-

507 3566 679 3613 tueret
702 3601 718 3626 ,
750 3559 976 3618 alterum
1021 3567 1238 3634 quidem
1268 3571 1391 3626 vitae
1411 3612 1426 3639 ,
1463 3573 1692 3631 alterum
1721 3593 1885 3641 vero.
1939 3591 1997 3636 ut
2025 3583 2104 3638 sic

506 3647 710 3715 lojuar,
739 3654 945 3708 mortis.
972 3655 1103 3712 Nam
1124 3659 1242 3728 ejus
1273 3677 1399 3717 esus
1419 3671 1473 3718 et
1492 3670 1842 3737 transgressio
1868 3674 2100 3730 mandati

509 3751 738 3795 mortem
770 3742 844 3796 illi
905 3747 1102 3803 attulit.
1136 3750 1360 3817 Quando
1381 3753 1560 3824 igitur,
1593 3758 1680 3812 ubi
1728 3759 1796 3814 de
1822 3760 1923 3816 hoc
1949 3779 2102 3818 com-

504 3830 637 3894 edit,
669 3833 910 3890 mortalis
935 3835 1103 3893 factus
1147 3849 1262 3906 est,
1299 3846 1644 3916 corporisque
1691 3852 2100 3912 necessitatibus

501 3921 762 3978 obnoxius
779 3962 800 3992 ,
828 3934 881 3980 et
905 3927 1078 3996 primo
1103 3941 1377 3999 peccatum
1410 3935 1703 4006 ingressum
1730 3951 1812 3996 est
1836 3984 1851 4009 ,
1884 3957 2099 4016 prepter

504 4016 647 4084 quod
687 4025 741 4072 et
767 4033 916 4074 mors
945 4036 976 4075 a
1017 4022 1247 4081 Domino
1271 4027 1473 4084 utiliter
1508 4029 1814 4101 dispensata
1845 4045 1928 4092 est
1949 4077 1964 4104 ,
1990 4054 2096 4094 non

501 4108 726 4174 posthac
753 4111 805 4165 in
838 4114 1084 4182 paradiso
1128 4119 1383 4190 relinquit
1428 4121 1632 4192 Adam,
1663 4125 1758 4182 sed
1785 4129 1934 4184 exire
1975 4130 2099 4189 inde

494 4196 669 4265 jubet,
702 4214 1009 4260 monstrans
1056 4222 1115 4264 se
1145 4220 1364 4279 propter
1398 4213 1527 4268 nihil
1553 4216 1699 4273 aliud
1745 4219 1847 4276 hoc
1876 4221 2054 4280 facere
2076 4265 2092 4293 ,

501 4305 661 4356 quam
689 4303 907 4362 propter
935 4294 1316 4370 benignitatem
1338 4319 1442 4373 qua
1473 4305 1620 4362 illum
1651 4313 2091 4383 prosequebatur.

501 4380 569 4434 Et
623 4392 679 4436 ut
727 4383 830 4439 hoc
855 4399 1102 4445 accurate
1125 4391 1395 4451 discamus
1415 4436 1430 4461 ,
1474 4412 1652 4467 operae
1678 4380 1904 4470 pretium
1934 4405 2093 4463 fuerit

503 4471 659 4525 verba
677 4471 872 4530 divina:
892 4476 1182 4548 Scriptura:
1206 4483 1384 4540 denuo
1409 4488 1604 4558 legere.
1629 4489 1697 4545 Et
1714 4511 1866 4563 nunc,
1898 4497 2087 4568 inquit,

498 4578 560 4615 ne
602 4566 805 4633 quando
830 4570 1065 4624 extendat
1094 4589 1337 4644 manum,
1370 4587 1419 4631 et
1439 4580 1656 4650 accipiat
1680 4584 1742 4638 de
1769 4584 1905 4655 ligno
1935 4566 2049 4644 vitae
2072 4631 2088 4658 ,

500 4664 554 4710 et
583 4658 835 4726 comedat,
859 4669 907 4714 et
929 4661 1058 4716 vivat
1096 4666 1149 4718 in
1193 4677 1455 4724 wternum.
1484 4671 1618 4728 Nam
1643 4677 1766 4744 quia
1791 4693 1980 4750 magna
2007 4682 2092 4737 in-

495 4750 886 4820 temperantiae,
919 4753 1107 4824 inquit,
1144 4758 1335 4814 indicia
1357 4762 1631 4832 exhibuit,
1658 4771 2087 4836 praevaricando-

491 4853 595 4908 que
617 4839 925 4896 mandatum
952 4847 1194 4902 mortalis
1215 4847 1386 4906 factus
1404 4861 1508 4920 est,
1531 4870 1598 4910 ne
1616 4873 1757 4913 nunc
1777 4868 1830 4914 et
1861 4861 2084 4931 lignum,

488 4930 628 4998 Quod
659 4931 819 4986 vitam
860 4935 1063 5003 prtebet
1081 4940 1408 5009 continuam,
1438 4945 1701 5016 attingere
1723 4930 1936 5020 audeat,
1967 4969 2090 5024 pec-

487 5030 707 5076 caturus
736 5033 1001 5094 perpetuo
1021 5067 1036 5093 ,
1067 5030 1234 5085 satius
1281 5031 1442 5089 fuerit
1479 5035 1604 5093 hinc
1627 5039 1798 5110 ipsum
1828 5043 1982 5113 ejici;
2013 5047 2082 5104 ita

487 5123 544 5168 ut
570 5115 742 5186 magis
769 5118 1146 5188 providentiae,
1175 5138 1334 5193 quam
1366 5126 1746 5199 indignationis
1790 5134 1950 5192 fuerit
1995 5140 2082 5194 illa

484 5204 695 5273 ejectio.
731 5207 828 5263 llic
851 5211 995 5265 enim
1042 5228 1162 5269 mos
1187 5224 1271 5270 est
1297 5217 1506 5274 Domini
1538 5223 1737 5287 nostri,
1767 5234 1826 5280 ut
1855 5229 2082 5298 puniens

485 5311 590 5350 non
613 5299 789 5355 minus
815 5317 972 5373 quam
1004 5305 1348 5366 benefaciens
1386 5325 1536 5367 suam
1564 5329 1691 5385 erga
1717 5332 1814 5374 nos
1840 5319 2082 5378 declaret

489 5391 877 5453 providentiam
899 5437 916 5462 ,
943 5399 1141 5469 quippe
1177 5410 1232 5458 et
1263 5403 1400 5460 hanc
1452 5421 1666 5476 pmnam
1696 5409 2077 5471 admonitionis

483 5480 650 5543 gratia
677 5483 831 5537 nobis
857 5485 1126 5558 irrogavit.
1159 5492 1292 5560 Quia
1321 5497 1501 5568 utique
1535 5499 1582 5553 si
1609 5500 1798 5556 scisset
1839 5518 1937 5558 nos
1966 5521 2070 5560 non

481 5570 696 5636 pejores
725 5570 841 5628 ﬁeri
884 5577 1101 5649 impune
1130 5585 1400 5652 peccando
1419 5627 1434 5653 ,
1465 5591 1773 5660 neutiquam
1802 5593 1940 5648 ultra
1973 5611 2074 5664 pn-

555 5661 1269 5749 Lilia:voﬁﬁs,“qugdﬁequalem
1293 5681 1338 5749 te
1361 5678 1460 5749 _De_o
1479 5684 1676 5749 putares
1701 5683 1932 5749 (Viaooreiav
1959 5705 2074 5749 φαν-

491 5721 928 5844 αοδύιιί
947 5732 994 5779 in
1021 5721 1333 5795 ποῖ-ριξηέῶ
1359 5721 1610 5790 Meﬁtis?
1701 5721 2069 5800 ‘S'avilimetya‘l;

1255 348 1310 404 S.
1354 349 1630 408 JO.\NNIS
1669 354 2148 418 CllRYSOSTOMl
2181 363 2494 425 ARClllEP.
2537 369 3070 438 CONSTANTINOP.

3717 395 3816 453 152

2228 481 2414 538 niisset
2447 502 2460 540 :
2490 487 2582 542 sed
2614 499 2670 544 ut
2719 494 2974 561 reprimat
3016 507 3256 554 nostrum
3285 501 3351 556 ad
3396 501 3662 563 deteriora
3688 525 3819 580 pro—

2223 585 2465 641 gressum
2491 617 2506 642 ,
2552 589 2609 634 et
2666 581 2817 638 tollat
2856 585 3112 641 malitiam
3167 589 3390 648 ulterius
3431 607 3764 665 grassantem
3796 641 3816 670 ,

2226 678 2376 720 suam
2425 672 2690 727 servando
2736 675 3157 734 misericordiam
3185 721 3200 744 ,
3245 683 3397 752 punit
3426 702 3442 740 :
3475 686 3527 742 id
3569 690 3711 758 quod
3761 701 3819 748 et

2225 773 2368 814 nunc
2408 759 2551 818 fecit.
2583 763 2777 821 Curam
2821 771 2964 824 enim
3009 787 3172 843 agens
3217 777 3516 846 primigenii
3547 779 3816 849 hominis,

2225 849 2344 918 ejici
2377 851 2546 922 ipsum
2595 873 2626 912 e
2652 860 2898 927 paradiso
2928 867 3196 934 praecepit.
3245 868 3335 922 εδ.
3366 869 3433 924 Et
3460 874 3622 928 emisit
3667 876 3818 930 illum

2228 939 2476 1000 Dominus
2521 946 2657 1002 Deus
2700 967 2763 1004 ea:
2801 955 3040 1020 paradiso
3076 958 3374 1030 uoluptatis,
3423 973 3477 1016 ut
3522 978 3822 1036 operaretur

2225 1037 2410 1086 terram
2436 1035 2499 1088 de
2521 1054 2623 1106 qua
2667 1053 2896 1112 sumptus
2924 1053 3014 1099 est.
3047 1046 3242 1102 lterum
3271 1065 3388 1118 oro,
3422 1063 3481 1108 ut
3509 1035 3594 1111 hic
3619 1057 3820 1114 divina:

2224 1118 2512 1192 Scriptura:
2535 1127 2861 1198 diligentiam
2879 1133 3079 1190 videas.
3106 1136 3287 1193 Emisit
3307 1141 3473 1210 illum,
3501 1144 3691 1216 inquit,
3719 1147 3822 1204 Do-

2225 1214 2394 1270 minus
2419 1215 2559 1273 Deus
2588 1237 2652 1274 ea:
2693 1225 2936 1292 paradiso
2977 1229 3252 1298 voluptatis
3271 1274 3286 1296 ,
3311 1243 3364 1286 ut
3391 1214 3687 1300 operaretur
3711 1250 3817 1294 ter-

2224 1321 2333 1359 ram
2359 1306 2421 1360 de
2436 1325 2538 1376 qua
2576 1324 2920 1384 sumptusest.
2952 1317 3092 1373 Ecce
3122 1324 3440 1378 sententiam
3461 1339 3612 1382 suam
3640 1331 3816 1398 reipsa

2225 1398 2568 1468 exsequitur;
2617 1412 2673 1458 et
2715 1421 2785 1460 ex
2817 1409 3066 1477 paradiso
3091 1414 3378 1485 voluptatis
3417 1418 3667 1488 ejectum,
3702 1433 3818 1479 ter-

2223 1501 2338 1541 ram
2366 1489 2432 1545 de
2456 1506 2559 1561 qua
2599 1504 2844 1565 sumptus
2865 1508 2983 1554 erat
3009 1505 3219 1571 operari
3261 1505 3432 1575 jubet.
3460 1508 3570 1564 Nec
3610 1520 3814 1570 temere

2222 1579 2388 1647 dixit,
2418 1583 2491 1638 De
2527 1602 2627 1656 qua
2648 1599 2877 1660 sumptus
2905 1603 2979 1645 est
3007 1608 3026 1647 :
3054 1595 3147 1649 sed
3193 1606 3250 1650 ut
3282 1608 3538 1669 perpetuo
3567 1616 3807 1659 commo-

2224 1673 2447 1730 nclieret
2489 1676 2805 1735 humilitatis
2849 1683 2988 1738 inter
3015 1687 3376 1754 operandum.
3405 1691 3651 1762 scireque
3691 1709 3818 1763 pos-

2223 1772 2306 1818 set
2327 1779 2387 1820 se
2413 1765 2536 1822 inde
2560 1784 2680 1824 esse
2707 1773 3080 1842 constitutum,
3109 1785 3164 1830 et
3189 1777 3538 1835 subsmntiam
3569 1785 3814 1853 corporis

2222 1871 2287 1911 ex
2335 1865 2477 1914 terra
2529 1861 2727 1918 habere
2769 1864 2837 1920 ab
2866 1866 3017 1921 initio
3049 1886 3061 1922 :
3094 1877 3154 1922 ut
3192 1869 3336 1924 illam
3378 1871 3576 1942 ipsam,
3605 1875 3811 1945 inquit,

2221 1961 2474 2021 operetur
2503 1962 2723 2019 terram,
2753 1972 2818 2012 ex
2844 1974 2945 2029 qua
2973 1969 3028 2014 et
3049 1962 3163 2030 ipse
3195 1964 3516 2020 constitutus
3545 1977 3648 2023 est.
3679 1967 3812 2024 Nam

2222 2042 2324 2098 hoc
2349 2045 2489 2114 quod
2519 2047 2573 2102 in
2607 2050 2868 2104 sententia
2917 2051 3168 2118 dicebat,
3219 2053 3284 2108 In
3321 2057 3506 2112 sudare
3534 2059 3683 2129 faciei
3713 2071 3817 2114 tua:

2219 2137 2427 2192 vesceris
2477 2154 2608 2207 pane
2645 2149 2730 2194 tuo
2771 2157 2790 2195 :
2823 2140 3050 2212 idipsutn
3105 2152 3161 2198 et
3207 2161 3346 2201 nunc
3391 2147 3551 2214 dicit,
3599 2151 3814 2220 quando

2220 2225 2408 2297 inquit,
2439 2228 2508 2285 Ut
2533 2242 2826 2301 aperaretur
2861 2242 3046 2288 terram
3073 2235 3136 2288 de
3154 2253 3254 2306 qua
3278 2249 3506 2306 sumptus
3535 2248 3627 2294 est.
3660 2239 3814 2295 Post-

2222 2317 2336 2385 hac,
2373 2330 2428 2375 ut
2449 2321 2720 2377 discamus
2748 2335 2946 2394 quanto
2967 2328 3140 2396 spatio
3159 2329 3328 2398 ipsum
3357 2344 3386 2382 a
3415 2329 3661 2398 paradiso
3692 2331 3809 2386 col-

2218 2408 2450 2476 locavit,
2495 2413 2653 2467 etiam
2695 2414 2824 2469 illud
2853 2415 3023 2485 ipsum
3051 2415 3326 2487 Scriptura
3371 2419 3551 2474 divina
3584 2436 3682 2476 nos
3707 2421 3808 2476 do-

2216 2507 2338 2555 cet:
2362 2500 2453 2557 24.
2484 2502 2744 2574 Ejecitque
2786 2505 3034 2562 Dominus
3076 2507 3213 2562 Deus
3239 2508 3434 2578 Adam,
3461 2518 3506 2564 et
3545 2511 3809 2567 collocavit

2214 2607 2330 2646 eum
2357 2609 2383 2647 e
2402 2595 2603 2665 regione
2627 2597 2852 2667 paradisi
2879 2599 3170 2670 voluptatis.

2289 2681 2391 2736 Cur
2407 2700 2470 2738 ea:
2484 2685 2692 2740 adverso
2708 2688 2936 2758 paradisi
2960 2693 3154 2760 positus
3169 2691 3470 2748 Δάαι-Α
3479 2693 3656 2749 nimad
3664 2705 3810 2753 verte

2213 2785 2552 2829 communem
2573 2776 2852 2832 Dominutn
2871 2788 3112 2835 nostrum
3133 2781 3184 2835 in
3206 2783 3429 2853 singulis
3442 2785 3695 2854 operibus
3717 2787 3806 2842 he-

2214 2863 2485 2934 nignitatis
2502 2881 2870 2939 argumentum
2893 2872 3169 2939 exhibere,
3190 2883 3246 2930 et
3273 2875 3506 2946 singulas
3526 2893 3805 2948 pceuarum

2211 2959 2420 3026 species
2450 2959 2687 3017 bonitate
2711 2963 2895 3033 plenas
2919 2979 3060 3021 esse.
3089 2964 3204 3020 Non
3232 2967 3375 3020 enim
3397 2967 3499 3022 hoc
3513 2971 3686 3024 solum
3707 2971 3806 3024 mi-

2211 3049 2588 3108 sericordizcet
2606 3053 2947 3124 benignitatis
2958 3066 3330 3126 argumentum
3349 3066 3484 3126 erat,
3503 3059 3643 3130 quod
3657 3061 3806 3116 emit-

2213 3147 2348 3194 teret
2371 3152 2424 3195 et
2450 3142 2700 3211 ejiceret;
2725 3147 2818 3200 sed
2841 3157 2894 3201 et
2932 3147 3074 3217 quod
3101 3147 3248 3202 illum
3288 3157 3472 3204 contra
3498 3151 3802 3220 paradisum

2209 3231 2514 3299 collocaret,
2535 3245 2592 3288 ut
2615 3235 2795 3307 jugem
2812 3237 3053 3294 dolorem
3073 3237 3289 3295 haberet
3306 3241 3543 3310 quotidie
3563 3243 3804 3314 cogitans

2211 3323 2354 3378 unde
2376 3325 2683 3396 exciderat,
2714 3339 2770 3384 et
2812 3331 2866 3384 in
2887 3345 3045 3400 quem
3075 3340 3274 3386 statum
3299 3348 3358 3388 se
3380 3335 3704 3406 conjccerat.
3735 3337 3803 3392 Et

2207 3415 2452 3484 quamvis
2495 3419 2796 3487 gravissimi
2841 3421 3045 3477 doloris
3097 3425 3463 3492 spectaculum
3508 3438 3687 3493 esset,
3717 3437 3801 3483 ta-

2207 3523 2329 3563 men
2357 3523 2562 3580 magnaa
2585 3512 2825 3568 utilitatis
2848 3523 2964 3570 erat
2988 3515 3222 3583 occasio,
3246 3525 3303 3572 ut
3331 3517 3525 3574 dolens
3545 3521 3802 3576 continuo

2205 3609 2446 3671 aspectu,
2481 3603 2739 3659 munitior
2763 3613 2818 3660 et
2845 3608 3052 3663 cautior
3073 3616 3219 3663 esset
3248 3608 3300 3663 in
3330 3609 3450 3665 aliis
3469 3653 3485 3677 ,
3509 3625 3577 3666 ne
3605 3611 3798 3667 iterum

2205 3691 2259 3744 in
2285 3689 2471 3747 eadem
2496 3704 2708 3762 peccata
2737 3694 3020 3751 incideret.
3057 3697 3191 3752 Nam
3217 3700 3471 3768 quoniam
3508 3700 3594 3756 hic
3621 3701 3798 3758 homi-

2205 3783 2290 3838 nis
2317 3794 2372 3839 ut
2398 3785 2684 3856 plurimum
2710 3803 2826 3844 mos
2845 3798 2948 3857 est,
2981 3798 3040 3845 ut
3067 3791 3192 3846 dum
3214 3791 3370 3848 bonis
3398 3792 3644 3861 fruimur,
3668 3795 3798 3865 ipsis

2204 3883 2262 3928 ut
2299 3885 2508 3943 oportet
2544 3879 2619 3933 uti
2646 3879 2950 3935 nesciamus
2973 3923 2988 3947 ,
3017 3881 3230 3936 illorum
3271 3884 3568 3952 privatione
3606 3900 3797 3942 emcn-

2202 3963 2412 4032 damur,
2445 3977 2497 4022 et
2538 3977 2664 4024 tunc
2688 3970 3022 4040 experientia
3041 3971 3183 4028 docti
3209 3973 3412 4029 sentire
3438 3984 3674 4031 nostram
3699 3977 3796 4033 de-

2201 4057 2390 4113 sidiam
2419 4059 2701 4130 incipimus
2723 4104 2736 4126 .
2769 4072 2927 4134 atque
2975 4065 3047 4119 ita
3096 4074 3241 4119 tanta
3293 4082 3476 4122 rerum
3503 4070 3796 4126 mutatione

2201 4148 2476 4216 docemur,
2503 4162 2558 4207 et
2583 4167 2612 4206 a
2638 4153 2832 4224 quibus
2852 4155 3148 4212 excidimus
3165 4199 3178 4223 ,
3205 4167 3258 4212 et
3287 4159 3482 4229 quibus
3523 4175 3621 4215 nos
3648 4162 3796 4230 ipsos

2201 4241 2356 4298 malis
2374 4243 2844 4301 circumdedimus.
2868 4247 3052 4318 Itaque
3078 4250 3221 4319 quod
3253 4266 3418 4322 prope
3443 4260 3497 4308 et
3520 4268 3552 4310 e
3572 4255 3795 4322 regione

2201 4333 2430 4402 paradisi
2469 4350 2592 4390 eum
2639 4337 2729 4406 qui
2775 4338 2920 4394 illinc
2973 4340 3245 4396 exciderat
3292 4343 3531 4399 habitare
3594 4345 3787 4415 jussit,

2199 4426 2445 4481 maxima:
2488 4428 2836 4496 providentiae
2863 4439 2917 4486 et
2954 4446 3098 4487 cum
3141 4433 3352 4503 signum
3399 4435 3496 4490 fuit
3522 4477 3539 4503 ,
3565 4445 3624 4492 ut
3662 4453 3791 4508 spe-

2198 4517 2395 4572 ctando
2421 4534 2629 4575 memor
2649 4531 2794 4577 esset
2823 4531 2879 4578 et
2902 4523 3025 4578 inde
3050 4525 3255 4580 lucrum
3278 4525 3498 4594 faceret,
3526 4543 3591 4584 ac
3617 4543 3793 4599 neque

2198 4609 2481 4666 immodica
2502 4613 2712 4668 vivendi
2737 4616 3192 4685 concupiscentia,
3225 4618 3309 4672 vel
3339 4617 3468 4674 foris
3496 4619 3787 4688 exsistens,

2195 4698 2263 4755 de
2292 4701 2433 4771 ligno
2453 4704 2736 4759 comedere
2756 4716 3125 4776 prtesumeret.
3148 4707 3330 4763 Divina
3353 4710 3493 4765 enim
3517 4710 3791 4780 Scriptura

2195 4796 2371 4849 omnia
2401 4797 2575 4862 nobis,
2596 4807 2752 4867 prout
2779 4809 2977 4854 nostra:
3005 4801 3299 4856 infirmitati
3321 4813 3639 4872 congruunt,
3664 4818 3796 4858 nar-

2195 4895 2298 4941 rat.
2328 4886 2396 4940 Et
2420 4888 2681 4944 collocavit
2726 4890 2992 4946 Clierubim
3022 4903 3067 4946 et
3093 4895 3385 4964 ﬂammeum
3411 4895 3642 4967 gladium
3672 4913 3792 4951 uer-

2192 4979 2388 5033 satiicm
2415 4981 2482 5033 ad
2520 4983 2901 5037 custodiendam
2935 4985 3067 5038 viam
3101 4987 3226 5058 ligni
3259 4989 3390 5043 uiue.
3421 4988 3789 5060 Negligeutia,

2191 5086 2349 5140 quam
2385 5072 2496 5142 jam
2541 5074 2682 5129 circa
2728 5075 2979 5131 traditum
3028 5089 3351 5148 prtcceptum
3392 5081 3786 5148 exbibuerant,

2192 5165 2244 5218 in
2274 5180 2432 5220 causa
2463 5165 2640 5222 fuitut
2685 5177 2826 5223 tanta
2871 5172 3122 5228 cautione
3163 5173 3338 5230 aditus
3366 5174 3497 5246 ipsis
3525 5177 3785 5234 interclu-

2189 5257 2425 5314 deretur.
2442 5261 2826 5318 Animadverte
2839 5263 2926 5319 hic
2943 5265 3231 5336 benignum
3250 5267 3413 5322 Deum
3435 5284 3539 5324 non
3558 5279 3786 5327 conten-

2196 5357 2306 5402 tum
2341 5349 2504 5406 fuisse
2529 5350 2800 5409 hominem
2829 5367 2862 5410 e
2891 5354 3108 5426 regione
3136 5357 3370 5426 paradisi
3393 5359 3656 5426 habitare,
3684 5363 3782 5418 sed

2188 5443 2507 5512 praecepisse
2533 5446 2691 5500 etiam
2713 5487 2728 5512 ,
2757 5454 2816 5500 ut
2843 5447 3064 5503 virtutes
3092 5449 3196 5502 illa:
3226 5449 3513 5506 Cherubim
3543 5459 3598 5506 et
3621 5449 3783 5506 llam-

2189 5549 2338 5588 meus
2366 5535 2574 5605 gladius
2607 5537 2698 5593 ille
2723 5541 2991 5594 versatilis
3021 5541 3356 5596 custodirent
3374 5543 3540 5606 viam,
3572 5558 3691 5612 qua:
3719 5543 3782 5597 il-

2187 5625 2273 5680 luc
2304 5627 2606 5683 inducebat.
2641 5629 2750 5684 Nec
2776 5630 2980 5700 absque
3001 5647 3162 5687 causa
3193 5634 3414 5702 addidit,
3448 5633 3784 5699 Versatilem,

2182 5717 2276 5772 sed
2305 5717 2565 5774 utdoceat
2609 5734 2708 5775 nos
2727 5762 2740 5785 ,
2774 5736 2990 5777 omnem
3020 5723 3158 5778 viam
3189 5723 3284 5779 illo
3323 5723 3606 5780 ducentem
3634 5740 3778 5792 pne-

2185 5807 2389 5863 elusam
2436 5807 2598 5866 fuisse
2619 5849 2635 5880 ,
2667 5826 2733 5866 eo
2752 5811 2893 5882 quod
2928 5813 3134 5886 gladius
3175 5814 3264 5872 ille
3287 5816 3416 5872 dum
3449 5824 3774 5880 versaretur,
