4110 6416
155 354 245 408 151

180 471 264 538 ὠς
284 470 432 538 θεοὶ,
452 471 549 526 καὶ
577 472 809 539 ίσοθεῖας
836 473 1010 527 ἐλπίδι
1031 473 1132 545 τῆς
1151 473 1406 546 βρώσεως
1427 476 1864 547 κατετόλμησαψ

181 559 277 614 διὰ
299 560 461 614 τοῦτο
493 562 590 614 καὶ
616 562 645 613 ὁ
677 562 810 626 Θεὸς
838 562 1002 615 πάλιν
1023 563 1281 634 ἐντρέψαι
1299 564 1496 627 αὐτοὺς
1523 563 1868 634 βουλόμενος,

187 649 284 702 καὶ
308 650 387 711 είς
418 648 675 720 αἴσθησιν
703 651 932 718 ἀγαγεῖν
948 649 1056 703 τῶν
1082 650 1483 722 ἐπταισμένων,
1511 651 1605 704 καὶ
1636 650 1735 720 τῆς
1770 667 1872 703 πα-

189 735 396 806 ρακοῆς
420 734 484 788 rb
530 736 759 807 μέγεθος
783 737 974 804 δεῖξαι,
1004 737 1100 791 καὶ¹
1135 739 1233 809 τῆς
1263 739 1478 810 ἀπάτης
1508 737 1606 810 τὴν
1635 736 1870 809 ὑπερϐο-

185 823 308 894 λὴν,
339 823 534 893 φησίψ
587 824 744 879 Ἰδοὺ
768 824 1018 895 γέγονεν
1050 826 1222 897 Ἀδὰμ
1245 827 1326 893 ὡς
1349 821 1436 893 εἷς
1461 826 1531 889 ἐξ
1553 824 1741 895 ήμῶν.
1767 827 1873 879 Με-

187 910 330 982 γάλη
359 909 454 963 τοῦ
496 913 742 982 ῥήματος
773 913 806 983 ή
847 912 1103 984 ἐντροπὴ,
1129 913 1451 968 καθικέσθαι
1476 912 1749 984 δυναμένη
1777 909 1871 964 τοῦ

188 998 564 1069 παραϐάντος.
603 999 701 1052 Διά
732 999 912 1066 τοῦτο,
964 1001 1120 1071 φησὶ,
1152 1001 1566 1073 κατεφρόνησας
1599 1001 1697 1071 τῆς
1727 1001 1872 1052 ἐντο-

187 1086 290 1156 λῆς
341 1087 441 1156 τῆς
481 1086 625 1156 ἐμῆς
675 1087 913 1142 ίσοθεῖαν
960 1088 1325 1156 φαντασθείς;
1383 1089 1514 1142 Ἰδοὺ
1569 1087 1798 1155 γέγονας
1845 1085 1874 1139 ὃ

187 1175 636 1246 προσεδόκησαςο
671 1174 823 1248 [155]
875 1176 1077 1246 μᾶλλον
1127 1177 1184 1230 δὲ
1226 1177 1324 1247 οὐχ
1367 1175 1396 1228 ὃ
1445 1175 1870 1246 προσεδόκησας,

186 1261 305 1315 ἀλλ’
322 1264 462 1333 ὅπερ
482 1257 550 1333 ἧς
567 1262 716 1329 ἀξιος
739 1263 1014 1331 γενέσθαι.
1051 1263 1227 1327 Ἰδοὺ,
1245 1265 1398 1334 φησι,
1414 1263 1664 1334 γέγονεν
1690 1261 1873 1332 Ἀδὰμ

184 1350 272 1415 ὡς
297 1346 388 1415 εἷς
418 1349 488 1414 ἐξ
518 1348 712 1419 ἡμῶν,
745 1350 854 1406 τοῦ
883 1351 1206 1422 γινώσκειν
1226 1351 1421 1406 καλὸν
1454 1351 1555 1405 καί
1583 1351 1869 1419 πονηρόν.

188 1436 364 1490 Τοῦτο
406 1438 516 1508 γὰρ
548 1439 576 1490 ὁ
605 1438 863 1492 ἀπατεὼν
905 1439 1153 1505 διάϐολος
1197 1441 1383 1504 αὐτοῖς
1437 1441 1591 1509 ἔλεγε
1639 1439 1728 1492 διά
1777 1437 1870 1491 τοῦ

186 1525 388 1593 ὄφεως,
411 1527 494 1578 ὅτι
534 1527 1069 1596 Διανοιχθήσονται
1108 1527 1278 1598 ὑμῶν
1320 1531 1374 1582 οί
1417 1527 1736 1598 ὀφθαλμοὶ,
1771 1526 1870 1580 καὶ

184 1613 415 1666 ἔσεσθε
440 1613 518 1679 ὡς
559 1614 706 1680 θεοί,
747 1614 1152 1683 γινώσκοντες
1195 1617 1388 1672 καλὸν
1427 1617 1527 1670 καί
1577 1615 1868 1684 πονηρόν.

185 1703 297 1756 Καὶ
323 1703 448 1757 νῦν
471 1702 557 1772 μή
588 1719 735 1758 ποτε
761 1704 1001 1774 ἐκτείνῃ
1021 1705 1138 1772 τὴν
1169 1705 1358 1774 χεῖρα,
1381 1705 1481 1758 καί
1510 1705 1735 1772 ἅψηται
1763 1701 1872 1756 τοῦ

187 1791 387 1856 ξύλου
409 1790 518 1860 τῆς
535 1791 705 1861 ζωῆς,
724 1793 823 1846 καὶ
848 1793 1032 1863 φάγῃ,
1057 1793 1154 1847 καὶ
1179 1791 1419 1859 ζήσεται
1439 1795 1526 1859 είς
1542 1792 1650 1846 τὸν
1662 1791 1868 1846 αἰῶνα.

189 1881 339 1952 Ὅρα
370 1897 458 1951 μοι
486 1880 722 1935 ἐνταῦθα
744 1881 1153 1953 φιλανθρωπίαν
1171 1881 1462 1934 Δεσπότου.
1488 1883 1581 1933 Δεῖ
1599 1881 1709 1952 γὰρ
1734 1879 1872 1952 μετὰ

186 1967 476 2040 ἀκριϐείας
513 1968 856 2039 διερευνῆσαι
893 1981 920 2010 α
952 1969 1014 2022 rb
1052 1969 1363 2040 εἰρημένον,
1405 1968 1492 2022 ἵνα
1532 1969 1698 2039 μηδὲν
1724 1969 1871 2038 ἡμᾶς

189 2055 374 2109 λαθεῖν
410 2055 613 2128 δυνηθῇ
660 2056 768 2110 τῶν
813 2057 870 2109 ἐν
915 2055 996 2127 τῷ
1049 2057 1202 2127 βάθει
1227 2056 1402 2128 τούτῳ
1450 2055 1866 2129 κεκρυμμένων.

201 2142 398 2196 ⁹ιινίκα
435 2143 534 2215 τὴν
572 2143 794 2214 ἐντολὴν
838 2144 1008 2198 ἐδίδου
1065 2144 1141 2216 τῷ
1182 2143 1354 2215 Ἀδὰμ
1403 2144 1432 2196 ό
1460 2143 1614 2207 Θεὸς,
1657 2141 1871 2205 οὐδενὸς

189 2231 380 2302 ἐτέρου
406 2232 742 2301 ἀποσχέσθαι
764 2232 926 2286 αὑτὸν
951 2231 1304 2304 προσέταξεν,
1328 2233 1362 2304 ἢ
1393 2233 1553 2302 μόνον
1575 2230 1668 2284 τοῦ
1688 2230 1869 2297 ξύλου,

188 2313 250 2373 οὗ
282 2318 385 2389 τῆς
417 2319 674 2391 βρώσεως
713 2321 1134 2392 κατατολμήσας
1167 2321 1229 2375 rb
1265 2321 1540 2392 ἐπιτίμιον
1585 2318 1680 2373 τοῦ
1710 2319 1873 2375 θανά-

187 2424 282 2460 του
310 2407 561 2473 ἐδέξατο·
591 2409 730 2479 ὅπερ
761 2409 1148 2480 ἐντελλόμενος
1174 2408 1325 2479 αὐτῷ
1360 2407 1580 2479 ὥρισεν,
1617 2409 1665 2461 εἰ
1693 2424 1872 2478 παρα-

186 2494 340 2564 ϐαίη,
381 2497 510 2566 περὶ
553 2495 646 2548 τοῦ
688 2497 788 2566 τῆς
834 2495 981 2568 ζωῆς
1016 2497 1174 2563 ξύλου
1214 2497 1364 2550 οὐδὲν
1406 2495 1869 2566 διαστειλάμενος.

199 2584 420 2657 Ἐπειδὴ
452 2585 586 2657 γάρ,
617 2585 694 2650 ὡς
738 2586 980 2656 ήγοῦμαι
1025 2587 1118 2640 καὶ
1155 2585 1271 2639 ἐστι
1317 2585 1569 2649 συνιδεῖν,
1601 2584 1871 2638 ἀθάνατον

185 2672 349 2726 αὐτὸν
379 2672 834 2744 ἐδημιούργησεν,
871 2673 998 2744 ἐξῆν
1025 2672 1195 2744 αὐτῷ,
1235 2672 1395 2743 εἴπερ
1432 2671 1704 2738 ἐϐούλετο,
1734 2671 1873 2742 μετὰ

184 2759 298 2813 τῶν
325 2759 501 2814 ἄλλων
541 2761 639 2814 καὶ
679 2760 889 2815 ἐκείνου
937 2759 1399 2831 μεταλαμϐάνειν,
1446 2760 1745 2830 δυναμένου
1795 2760 1874 2813 δι-

184 2848 358 2919 ηνεκῆ
384 2847 482 2920 τὴν
511 2847 656 2919 ζωὴν
690 2847 842 2919 αὐτῷ
873 2846 1184 2918 προξενεῖν
1221 2847 1409 2920 διόπερ
1441 2847 1697 2920 οὐδεμίαν
1724 2849 1873 2901 ἐντο-

187 2935 285 3006 λὴν
316 2936 445 3006 περὶ
476 2936 687 2990 ἐκείνου
719 2937 952 3006 δέχεται.

258 3031 331 3091 γ’.
352 3022 416 3076 Εἰ
435 3024 494 3077 δέ
511 3041 596 3088 τις
619 3023 862 3095 βούλοιτο
881 3023 1172 3096 περίεργος
1193 3023 1268 3076 ὢν
1297 3021 1502 3095 ζητεῖν,
1519 3023 1606 3078 διά
1633 3023 1685 3077 τί
1717 3022 1871 3088 ξύλον

189 3111 334 3181 ζωῆς
357 3111 626 3179 ἐκαλεῖτο,
653 3112 973 3183 μανθανέτω
999 3112 1071 3184 μὴ
1093 3112 1270 3166 πάντα
1296 3111 1434 3183 μετά
1454 3112 1740 3182 ἀκριϐείας
1759 3114 1871 3176 τοῖς

187 3199 407 3260 οἰκείοις
432 3199 715 3270 λογισμοῖς
738 3199 1136 3254 ἀκολουθοῦντα
1162 3199 1424 3253 δύνασθαι
1460 3199 1552 3254 rbv
1586 3199 1871 3270 ἄνθρωπον

189 3286 282 3340 καὶ
311 3286 382 3340 τά
421 3286 516 3341 τοῦ
543 3286 680 3341 Θεοῦ
709 3287 844 3359 ἔργα
877 3287 1452 3353 κατοπτεύειν.”Εδοξε
1499 3289 1609 3358 γὰρ
1653 3287 1731 3358 τῷ
1776 3289 1873 3340 Δε-

187 3375 385 3446 σπότῃ,
419 3375 506 3428 ἵνα
531 3377 844 3446 γυμνασίαν
873 3376 971 3448 ἐχῃ
1001 3377 1250 3446 ὑπακοῆς
1281 3377 1376 3430 καὶ
1407 3376 1694 3446 παρακοῆς
1728 3377 1756 3427 ὁ
1779 3375 1870 3428 ὑπ’

185 3461 353 3515 αὐτοῦ
380 3462 808 3535 δημιουργηθεὶς
833 3463 929 3518 ἀνθ
940 3481 1120 3534 ρωπος
1140 3465 1196 3517 ἐν
1211 3463 1290 3534 τῷ
1312 3464 1626 3535 παραδείσῳ
1645 3463 1868 3531 διάγων,

187 3551 282 3604 καὶ
304 3551 374 3604 τὰ
398 3551 493 3604 δύο
522 3551 700 3605 ταῦτα
727 3551 855 3616 ξύλα
885 3554 1002 3606 ἐκεῖ
1026 3551 1322 3617 ἀναδεῖξαι,
1347 3553 1409 3605 rb
1447 3552 1546 3622 μέν
1571 3551 1673 3622 τῆς
1702 3550 1870 3621 ζωῆς,

184 3641 247 3694 τὸ
275 3641 356 3707 δέ,
397 3640 475 3704 ὡς
513 3641 708 3700 εἰπεῖν.
743 3641 837 3694 τοῦ
872 3640 1125 3696 θανάτου.
1181 3643 1244 3694 'H
1291 3641 1400 3712 γάρ
1445 3640 1635 3694 τούτου
1669 3639 1873 3711 βρῶσις

188 3730 282 3783 καὶ
311 3730 346 3800 ἡ
381 3729 699 3802 παράϐασις
726 3729 825 3801 τῆς
850 3730 1070 3800 ἐντολῆς
1102 3730 1194 3784 rbv
1224 3731 1453 3785 θάνατον
1482 3729 1632 3798 αὐτῷ
1662 3730 1874 3799 ἐπήγα-

187 3833 304 3885 γεν.
347 3815 504 3870 Ἐπεὶ
531 3812 625 3871 οὖν
646 3817 838 3870 τούτου
874 3816 1160 3888 μετασχὼν
1185 3816 1377 3888 θνητὸς
1399 3818 1612 3886 γέγονε,
1643 3819 1736 3870 καὶ
1753 3820 1874 3881 ταῖς

187 3907 286 3962 τοῦ
335 3908 587 3980 σώματος
639 3909 909 3978 ἀνάγκαις
953 3909 1140 3963 λοιπὸν
1184 3909 1503 3972 ὑπεύθυνος,
1554 3909 1648 3962 καὶ
1700 3907 1873 3978 ἀρχὴν

185 3995 350 4048 ἔλαϐε
383 3996 483 4067 τῆς
521 3997 795 4068 ἁμαρτίας
821 3996 1101 4068 ήείσοδος,
1134 3997 1204 4050 δι’
1233 3997 1299 4068 ἢν
1333 3997 1428 4050 καὶ
1458 3997 1487 4048 ὁ
1510 3995 1740 4059 θάνατος
1769 3996 1874 4048 ὑπὸ

185 4082 285 4136 τοῦ
323 4085 598 4139 Δεσπότου
643 4086 1038 4157 συμφερόντως
1071 4085 1420 4157 ᾠκονομήθη,
1458 4083 1640 4138 οὐκέτι
1687 4083 1873 4136 λοιπὸν

187 4171 417 4242 ἀφίησιν
444 4175 503 4226 ἐν
521 4173 600 4244 τῷ
631 4175 946 4245 παραδείσῳ
972 4173 1065 4228 rbv
1105 4173 1296 4244 Ἀδὰμ,
1328 4173 1445 4226 ἀλλ’
1472 4172 1707 4239 ἐξελθεῖν
1730 4173 1874 4224 ἐκεῖ-

186 4259 285 4313 θεν
312 4260 663 4330 προστάττει,
687 4262 922 4327 δεικνὺς,
954 4263 1036 4315 ὅτι
1052 4262 1118 4315 δι’
1139 4261 1293 4314 οὐδὲν
1316 4259 1504 4332 ἓτερον
1523 4259 1684 4313 τοῦτο
1705 4261 1869 4324 ποιεῖ,

189 4346 224 4416 ἢ
256 4347 284 4387 b
317 4347 407 4400 διά
439 4348 537 4420 τὴν
562 4348 977 4420 φιλανθρωπίαν
1003 4350 1105 4420 τὴν
1136 4349 1266 4420 περὶ
1296 4349 1480 4402 αὐτόν.
1510 4348 1620 4402 Καὶ
1654 4347 1741 4402 ἵνα
1771 4349 1874 4418 μά-

190 4433 378 4505 θωμεν
412 4436 678 4507 ἀκριϐῶς,
710 4438 1011 4505 ἀναγκαῖον
1059 4435 1199 4489 αύτά
1251 4437 1414 4491 πάλιν
1465 4435 1774 4503 ἀναγνῶναι
1804 4436 1873 4489 τὰ

188 4524 416 4594 ῥήματα
439 4523 538 4595 τῆς
569 4523 721 4588 θείας
753 4525 1000 4597 Γραφῆς.
1028 4523 1140 4579 Καὶ
1160 4525 1296 4588 νῦν,
1323 4523 1477 4593 φησι,
1499 4522 1747 4592 μήποτε
1776 4523 1873 4577 ἐκ·

188 4611 359 4680 τείνῃ
391 4611 507 4680 τὴν
535 4610 728 4681 χεῖρα,
759 4611 858 4666 καί
888 4611 1044 4682 λάϐῃ
1066 4611 1183 4666 ἀπὸ
1203 4611 1311 4665 τοῦ
1335 4611 1528 4675 ξύλου
1556 4609 1668 4676 τῆς
1701 4608 1870 4679 ζωῆς,

188 4699 293 4752 καὶ
336 4699 521 4770 φάγῃ,
561 4700 661 4754 καὶ
695 4698 936 4768 ζήσεται
975 4702 1064 4766 εὶς
1097 4699 1204 4753 τὸν
1244 4698 1451 4753 αίῶνα.
1489 4697 1708 4768 Ἐπειδὴ
1741 4697 1872 4768 γὰρ,

191 4787 351 4856 φησὶ,
387 4787 589 4858 πολλῆς
617 4787 890 4859 ἀκρασίας
937 4787 1207 4857 δείγματα
1241 4785 1484 4856 παρέσχε
1513 4784 1602 4837 διὰ
1629 4785 1728 4856 τῆς
1771 4784 1872 4856 ῆδη

188 4873 443 4945 δοθείσης
498 4875 741 4946 ἐντολῆς,
783 4877 880 4928 καὶ
923 4874 1118 4944 θνητὸς
1155 4873 1397 4942 γέγονεν,
1434 4873 1522 4925 ἵνα
1566 4872 1642 4943 μὴ
1685 4871 1871 4933 πάλιν,

192 4962 350 5031 φησὶ,
376 4961 768 5036 κατατολμήσῃ
799 4964 893 5016 καὶ
914 4962 1106 5016 τούτου
1131 4961 1226 5014 τοῦ
1255 4960 1412 5026 ξύλου
1438 4959 1746 5029 ἐφάψασθαι
1779 4959 1872 5012 τοῦ

189 5047 292 5119 τὴν
322 5047 468 5120 ζωὴν
507 5051 840 5123 παρέχοντος
880 5051 978 5122 τὴν
1008 5050 1252 5120 διηνεκῆ,
1295 5049 1390 5102 καὶ
1429 5048 1598 5121 μέλλῃ
1628 5047 1873 5102 ἀθάνατα

192 5137 567 5206 ἁμαρτάνειν,
620 5137 828 5208 βέλτιον
876 5138 1039 5191 αὑτὸν
1085 5136 1336 5190 ἐντεῦθεν
1375 5136 1479 5201 ἐξω
1526 5135 1785 5206 βληθῆναι
1812 5147 1872 5172 ε·

192 5224 337 5278 ὥστε
381 5226 708 5297 κηδεμονίας
742 5227 944 5298 μᾶλλον
971 5221 1038 5298 ἦν
1069 5227 1101 5297 ἦ
1145 5226 1574 5296 ἀγανακτήσεως
1604 5226 1636 5295 ἡ
1677 5223 1874 5294 ἐκϐολὴ

191 5311 289 5365 τοῦ
321 5313 676 5384 παραδείσου.
710 5315 965 5378 Τοιοῦτος
1006 5315 1117 5387 γὰρ
1149 5316 1177 5368 ὁ
1206 5315 1484 5385 Δεσπότης
1517 5319 1544 5367 ὁ
1574 5313 1872 5384 ἡμέτερος·

189 5401 290 5454 καὶ
333 5403 749 5474 τιμωρούμενος
776 5404 876 5457 οὐκ
903 5403 1125 5457 ἐλαττον
1163 5403 1198 5473 ἢ
1252 5402 1558 5474 εὐεργετῶν
1602 5401 1699 5470 τὴν
1748 5402 1876 5472 περὶ

188 5490 343 5560 ἡμᾶς
373 5490 705 5562 κηδεμονίαν
731 5493 1090 5555 ἐνδείκνυται,
1122 5491 1218 5544 καὶ
1245 5490 1346 5560 τὴν
1381 5490 1653 5560 τιμωρίαν
1682 5489 1740 5542 δὲ
1768 5489 1878 5541 ἐνε-

188 5595 288 5630 κεν
306 5576 592 5643 νουθεσίας
616 5582 749 5651 ἡμῖν
771 5579 944 5650 ἐπάγε
955 5597 988 5632 ι.
1017 5579 1104 5642 Ὠς
1122 5577 1237 5646 εἴγε
1253 5577 1371 5648 ᾔδει
1394 5577 1543 5646 ἡμᾶς
1568 5577 1642 5649 μὴ
1661 5577 1879 5648 χείρους

192 5665 524 5733 γενομένους
554 5667 634 5738 τῷ
659 5668 971 5740 ἀτιμωρητὶ
999 5665 1361 5737 ἁμαρτάνειν,
1392 5665 1493 5718 ούκ
1524 5665 1590 5719 ἂν
1620 5664 1742 5718 ούδέ
1769 5664 1880 5716 ἐτι-

196 5755 496 5826 μωρήσατο
517 5773 530 5787 ·
555 5757 691 5810 ἀλλά
715 5756 1164 5829 προαναστέλλων
1192 5755 1348 5826 ήμῶν
1379 5754 1478 5826 τὴν
1501 5753 1595 5806 ἐπὶ
1617 5754 1678 5807 rb
1699 5757 1879 5825 χεῖρον

196 5844 444 5914 πρόοδον.
469 5845 566 5900 καὶ
587 5845 685 5916 τὴν
713 5846 980 5916 πονηρίαν
1010 5844 1295 5898 ἐκκόπτων
1327 5845 1426 5915 τὴν
1455 5843 1548 5896 ἐπὶ
1581 5842 1643 5895 τὸ
1668 5841 1877 5916 πρόσω,

192 5924 206 5996 Ι
225 5925 350 5998 154]
375 5943 474 5997 την
487 5925 698 5979 οἰκείαν
726 5928 920 5995 φιλανθ
930 5923 1140 5996 ρωπίαν
1160 5923 1496 5995 μιμούμενος
1516 5925 1842 5993 τιμωρεῖται
1858 5936 1871 5950 ⁸

253 6018 280 6045 ⁸
317 6018 518 6084 (Σοίσιιη.
553 6020 903 6084 όιερμηνεῦσαι.
970 6017 1000 6058 δ
1036 6017 1162 6069 Tres
1199 6030 1316 6066 mss.
1362 6016 1465 6066 ἀλλ’
1511 6017 1560 6074 ἦ.
1629 6017 1651 6046 ε
1701 6014 1877 6064 Morel.

190 6080 475 6140 ἐξωσθῆναι.

1366 355 1433 412 IN
1472 357 1626 414 CAP.
1668 355 1733 412 III
1765 353 2010 412 GENES.
2046 353 2279 412 IIOMIL.
2319 354 2505 413 XVIII.

3556 363 3653 417 I59

1969 472 1998 525 ὃ
2028 471 2092 543 δὴ
2120 472 2214 526 καὶ
2245 472 2338 524 νῦν
2376 471 2667 543 πεποίηκε.
2704 473 3019 546 Κηδόμενος
3062 476 3172 546 γὰρ
3206 476 3299 530 τοῦ
3330 477 3651 547 πρωτοπλά-

1973 576 2123 623 στου,
2158 559 2493 630 ἐκϐληθῆναι
2523 559 2617 614 τοῦ
2649 562 2981 631 παραδείσου
3003 564 3164 617 αὑτὸν
3187 563 3510 634 προσέταξε.
3543 567 3653 619 Καὶ

1968 645 2406 711 ἐξαπέστειλεν
2427 647 2636 713 αὐτὸν,
2664 649 2817 718 φησὶ,
2849 651 3067 717 Κύριος
3087 654 3119 704 ό
3143 653 3286 717 Θεὸς
3316 653 3385 705 ἐκ
3413 652 3520 707 τοῦ
3543 667 3654 706 πα-

1961 733 2254 802 ραδείσου
2306 733 2416 802 τῆς
2455 735 2710 804 τρυφῆς,
2761 735 3106 806 ἐργάζεσθαι
3154 737 3270 806 τὴν
3307 739 3424 807 γῆν
3462 739 3532 804 ἐξ
3575 734 3654 810 ἧς

1968 821 2225 890 ἐλήφθη.
2263 823 2406 894 Ὅρα
2434 842 2523 894 μοι
2551 824 2710 878 πάλιν
2741 824 2976 878 ἐνταῦθα
3010 827 3109 897 τῆς
3131 826 3281 890 θείας
3311 827 3532 898 Γραφῆς
3549 829 3652 898 τὴν

1969 910 2278 982 ἀκρίϐειαν.
2321 911 2778 976 ξαπέστειλεν
2803 913 3011 975 αὑτὸν,
3034 914 3189 982 φησὶ,
3221 913 3436 980 Κύριος
3456 917 3488 967 ό
3509 914 3654 978 Θεὸς

1967 997 2036 1050 ἐκ
2054 997 2159 1051 τοῦ
2176 998 2545 1066 παραδείσου
2565 997 2676 1068 τῆς
2691 999 2943 1068 τρυφῆς,
2956 1000 3299 1070 ἐργάζεσθαι
3322 1000 3435 1069 thr
3453 1001 3569 1070 γῆν
3584 1001 3653 1064 ἐξ

1968 1079 2043 1152 ἧς
2073 1084 2332 1154 ἐλήφθη.
2383 1085 2514 1138 Ἰδοὺ
2544 1086 2643 1148 τὰς
2670 1086 2978 1156 ἀποφάσεις
3007 1087 3172 1142 αὑτοῦ
3201 1089 3280 1152 είς
3319 1088 3479 1158 ἔργον
3507 1088 3651 1157 ἀγει,

1971 1171 2065 1223 καὶ
2081 1173 2145 1224 ἐκ
2173 1172 2266 1225 τοῦ
2301 1172 2632 1242 παραδείσου
2652 1173 2753 1242 τῆς
2778 1174 2992 1245 τρυφῆς
3016 1173 3303 1244 ἐξαγαγὼν
3322 1175 3654 1246 ἐργάζεσθαι

1969 1258 2069 1329 τὴν
2106 1258 2209 1329 γῆν
2247 1259 2409 1311 αὑτὸν
2446 1263 2611 1324 ποιεῖ,
2643 1261 2701 1326 ἐξ
2734 1255 2802 1331 ἦς
2828 1260 3057 1332 ἐλήφθη.
3093 1263 3204 1314 Καὶ
3232 1261 3331 1332 οὐχ
3364 1261 3548 1326 ἁπλῶς
3573 1260 3650 1315 εἷ-

1970 1361 2092 1411 πεν,
2137 1345 2233 1410 Ἐξ
2261 1342 2336 1416 ἧς
2368 1346 2624 1416 ἐλήφθη·
2669 1347 2784 1401 ἀλλ’
2821 1348 2909 1400 ἵνα
2943 1348 3165 1418 διηνεκῆ
3211 1348 3310 1420 τὴν
3344 1349 3654 1420 ὑπόμνησιν

1969 1428 2068 1500 ἐχῃ
2097 1428 2201 1499 τῆς
2228 1429 2733 1498 ταπεινοφροσύνης
2763 1429 2860 1501 τὴν
2892 1431 3176 1501 ἐργασίαν,
3209 1431 3304 1486 καὶ
3327 1431 3528 1484 εἰδέναι
3553 1431 3654 1503 ἔχῃ

1968 1515 2043 1580 ὡς
2076 1515 2286 1570 ἐκεῖθεν
2320 1515 2468 1586 αὐτῷ
2506 1517 2540 1587 ἡ
2579 1515 2859 1591 σύστασις,
2897 1518 2989 1570 καὶ
3016 1519 3049 1588 ή
3079 1517 3236 1570 οὐσία
3261 1516 3368 1584 ,τοῦ
3399 1517 3654 1588 σώματος

1968 1602 2034 1654 ἐκ
2059 1603 2158 1672 τῆς
2183 1603 2286 1673 γῆς
2316 1602 2376 1669 ἐξ
2403 1603 2580 1673 ἀρχῆς
2608 1603 2933 1674 γεγένηται·
2976 1603 3214 1674 ἐκείνην,
3252 1606 3436 1674 φησὶν,
3483 1604 3652 1674 ἐργά-

1969 1687 2160 1752 ζεσθαι
2181 1690 2283 1758 τὴν
2311 1689 2436 1759 γῆν,
2454 1688 2514 1756 ἐξ
2538 1683 2606 1760 ἦς
2639 1689 2734 1742 καὶ
2763 1690 2927 1753 αὐτὸς
2949 1690 3203 1761 συνέστη.
3233 1690 3405 1742 Τοῦτο
3431 1691 3542 1762 γάρ
3559 1691 3654 1744 καὶ

1968 1778 2026 1830 ἐν
2054 1779 2119 1847 τῇ
2155 1776 2430 1845 ἀποφάσει
2461 1776 2668 1844 ἔλεγεν,
2699 1779 2795 1830 Ἐν
2823 1777 3018 1847 ίδρῶτι
3051 1777 3156 1832 τοῦ
3195 1777 3517 1846 προσώπου
3536 1793 3653 1831 σου

1967 1864 2128 1936 φάγῃ
2160 1865 2264 1918 τὸν
2278 1863 2462 1933 ἄρτον
2483 1880 2620 1919 σου.
2658 1866 2731 1918 Τὸ
2760 1867 2892 1918 αὐτὸ
2915 1866 3094 1918 τοίνυν
3125 1867 3217 1918 καὶ
3243 1864 3337 1918 νῦν
3378 1865 3525 1934 λέγει
3567 1865 3655 1920 διὰ

1967 1951 2063 2004 τοῦ
2113 1953 2310 2018 είπεῖν,
2355 1951 2737 2021 Ἐργάζεσθαι
2761 1952 2876 2021 τὴν
2899 1951 3018 2022 γῆν
3031 1953 3100 2016 ἐξ
3117 1949 3184 2022 ἧς
3210 1951 3464 2022 ἐλήφθη.
3498 1949 3650 2018 Εἶτα,

1969 2039 2060 2093 ἵνα
2099 2040 2362 2110 μάθωμεν
2393 2040 2544 2110 πόσῳ
2577 2039 2913 2110 διαστήματι
2950 2041 3113 2094 αὑτὸν
3141 2040 3390 2110 ἀπῴκισε
3421 2040 3514 2092 τοῦ
3546 2059 3649 2093 πα-

1972 2127 2244 2197 ραδείσου,
2261 2126 2531 2180 καὶτοῦτο
2547 2127 2790 2180 διδάσκει
2810 2129 2958 2197 ἡμᾶς
2974 2129 3007 2197 ή
3037 2127 3156 2180 θεία
3179 2128 3370 2198 Γραφὴ
3396 2126 3648 2195 λέγουσαο

1968 2215 2077 2268 Καὶ
2099 2214 2347 2277 ἐξέϐαλε
2375 2215 2590 2282 Κύριος
2609 2217 2641 2268 ό
2665 2213 2810 2278 Θεὸς
2830 2214 2938 2267 τὸν
2969 2214 3168 2284 Ἀδὰμ,
3191 2215 3288 2268 καί
3321 2214 3654 2280 κατῴκισεν

1967 2303 2156 2356 αὑτὸν
2171 2302 2460 2358 ἀπέναντι
2482 2301 2588 2356 τοῦ
2608 2301 2980 2370 παραδείσου
2997 2301 3107 2370 τῆς
3131 2301 3382 2371 τρυφῆς.

2041 2390 2244 2454 Σκόπει
2286 2389 2405 2454 πῶς
2438 2389 2670 2443 ἕκαστον
2699 2389 2809 2442 τῶν
2839 2389 3141 2459 γινομένων
3188 2390 3290 2442 ὑπὸ
3335 2390 3430 2443 τοῦ
3471 2389 3652 2444 κοινοῦ

1971 2479 2244 2532 Δεσπότου
2267 2477 2460 2547 φιλανθ
2471 2479 2680 2548 ρωπίας
2708 2477 2965 2541 ὑπόθεσις
2988 2473 3076 2550 ἦν,
3107 2478 3200 2531 καὶ
3223 2478 3451 2531 ἕκαστον
3484 2495 3650 2550 τιμωο

1973 2567 2094 2638 ρίας
2119 2563 2257 2630 εἶδος
2284 2565 2619 2636 ἀγαθότητος
2645 2568 2806 2635 γέμει
2838 2565 3058 2636 πολλῆς.
3083 2567 3158 2619 Οὐ
3181 2566 3290 2638 γὰρ
3311 2567 3370 2619 τὸ
3399 2567 3654 2620 ἐκϐαλεῖν

1972 2655 2134 2725 μόνον
2175 2653 2589 2725 φιλανθρωπίας
2629 2653 2724 2706 καὶ
2770 2653 3109 2724 ἀγαθότητος
3150 2649 3251 2724 ἦν’
3299 2639 3561 2709 ἀλλὰκαὶ
3593 2655 3656 2708 rb

1970 2741 2234 2795 ἀπέναντι
2270 2740 2362 2793 τοῦ
2391 2740 2723 2811 παραδείσου
2757 2741 3134 2809 ἐγκατοικίσαι
3171 2742 3357 2805 αὐτὸν,
3391 2744 3477 2795 ἵνα
3503 2744 3656 2797 ἀδιάο

1969 2831 2186 2884 λειπτον
2213 2828 2404 2899 ὀδύνην
2438 2829 2559 2900 ἔχῃ,
2595 2828 2717 2882 καθ’
2753 2829 2990 2901 ἐκάστην
3018 2831 3234 2899 ἡμέραν
3263 2830 3654 2902 ἀναλογιζόμεα

1971 2936 2083 2984 νος,
2115 2917 2241 2970 οἴων
2272 2915 2657 2979 ἐκπεπτωκὼς
2688 2918 2767 2980 είς
2800 2917 2920 2970 οἵαν
2949 2917 3140 2969 ἐαυτὸν
3171 2917 3507 2972 κατάστασιν
3527 2921 3656 2989 ἠγα-

1968 3023 2086 3074 γεν.
2127 3004 2268 3056 Ἀλλ’
2312 3005 2464 3075 ὅμως
2507 3006 2556 3057 εί
2607 3005 2698 3059 καὶ¹
2731 3004 2925 3076 ὀδύνην
2963 3006 3237 3076 ἀφόρητον
3275 3009 3308 3077 ή
3349 3006 3448 3060 θέα
3483 3003 3652 3076 εἶχεν,

1969 3094 2083 3149 ἀλλ’
2105 3094 2166 3146 ού
2193 3095 2396 3164 μικρᾶς
2421 3093 2687 3162 ὠφελείας
2719 3092 2974 3157 ὑπόθεσίς
2999 3096 3135 3158 ἐστι,
3164 3095 3258 3148 καὶ
3281 3094 3417 3165 πρὸς
3437 3095 3497 3147 rb
3528 3095 3656 3165 ἑξῆς

1970 3180 2246 3250 ἀσφάλεια
2266 3180 2344 3250 τῷ
2373 3180 2698 3252 ὀδυνωμένῳ
2721 3181 2752 3251 ἡ
2788 3179 3016 3251 συνεχὴς
3042 3180 3138 3234 θέα
3164 3181 3393 3249 ἐγίνετο,
3432 3180 3568 3252 πρὸς
3594 3181 3656 3234 rb

1972 3271 2048 3343 μὴ
2086 3273 2198 3332 τοῖς
2239 3270 2421 3332 αὐτοῖς
2451 3269 2614 3322 πάλιν
2640 3268 2803 3321 αὑτὸν
2835 3272 3172 3338 περιπεσεῖν.
3198 3269 3308 3322 Καὶ
3334 3269 3442 3338 γάρ
3467 3269 3542 3332 ὼς
3565 3270 3656 3321 ἐπὶ

1968 3361 2029 3414 rb
2059 3361 2311 3413 πλεῖστον
2348 3361 2446 3430 τῆς
2493 3357 2844 3429 ἀνθρωπίνης
2879 3358 3096 3425 φύσεως
3129 3357 3370 3410 τοιοῦτον
3409 3357 3468 3410 τὸ
3499 3357 3650 3418 ἐθοςο

1969 3448 2190 3502 ἐπειδὰν
2219 3448 2328 3517 γάρ
2359 3447 2418 3498 ἐν
2450 3445 2750 3500 ἀπολαύσει
2782 3444 2891 3497 τῶν
2929 3443 3151 3512 ἀγαθῶν
3191 3443 3343 3507 ὄντες
3389 3445 3463 3515 μὴ
3501 3444 3655 3497 εἰδῶ-

1970 3536 2116 3607 μενά
2157 3537 2340 3598 αὐτοῖς
2378 3534 2684 3605 κεχρῆσθαι
2733 3533 2997 3597 δεόντως,
3044 3535 3111 3603 τῇ
3156 3533 3408 3602 στερήσει
3445 3532 3654 3585 τούτων

1972 3622 2440 3694 σωφρονιζόμεθα,
2469 3622 2564 3675 καὶ⁸
2587 3622 2708 3674 τότε
2738 3621 2828 3674 διὰ
2858 3622 2956 3692 τῆς
2988 3622 3186 3691 πείρας
3219 3619 3483 3690 μαθόντες
3512 3632 3534 3660 ο
3567 3621 3655 3674 αε-

1972 3712 2163 3782 σθησιν
2197 3711 2546 3781 λαμϐάνομεν
2574 3709 2672 3779 τῆς
2699 3707 2908 3769 οίκείας
2934 3707 3229 3778 ῥᾳθυμίας,
3268 3707 3360 3761 καὶ
3395 3706 3536 3760 οὕτω
3565 3710 3655 3761 διά

1969 3800 2070 3868 τῆς
2103 3798 2209 3852 τῶν
2249 3798 2592 3870 πραγμάτων
2627 3795 2930 3867 μεταϐολῆς
2965 3793 3330 3864 διδασκόμεθα
3361 3794 3522 3847 τίνων
3558 3795 3658 3865 μὲν

1969 3886 2330 3956 ἐξεπέσαμεν,
2355 3885 2464 3937 τίσι
2483 3884 2540 3937 δέ
2559 3886 2750 3946 κακοῖς
2778 3883 3003 3945 ἑαυτοὺς
3021 3881 3342 3952 περιεπείρα
3351 3899 3474 3952 μεν.
3494 3882 3655 3934 Ὥστε

1971 3977 2065 4029 καὶ
2099 3974 2159 4028 rb
2192 3974 2428 4041 πλησίον
2469 3973 2561 4025 καὶ
2583 3971 2847 4024 ἀπέναντι
2873 3971 2967 4022 τοῦ
2993 3969 3326 4040 παραδείσου
3355 3969 3655 4038 προστάξαι

1971 4063 2246 4115 κατοικεῖν
2266 4059 2358 4112 τὸν
2380 4058 2590 4111 ἐκεῖθεν
2614 4056 3010 4110 ἐκπεπτωκότα
3036 4055 3300 4125 μεγίστης
3326 4055 3654 4125 κηδεμονίας

1972 4151 2198 4220 σημεῖον
2228 4142 2316 4216 ἦν,
2350 4145 2436 4198 ἵνα
2458 4145 2554 4198 καὶ
2580 4144 2680 4214 τὴν
2708 4145 2772 4195 ἐκ
2803 4142 2905 4211 τῆς
2926 4141 3054 4205 θέας
3078 4141 3382 4212 ὑπόμνησιν
3413 4140 3533 4212 ἔχῃ,
3561 4143 3654 4194 καὶ

1968 4236 2062 4289 τοῦ
2099 4233 2350 4288 ἐντεῦθεν
2379 4231 2606 4304 κέρδους
2637 4229 2906 4301 ἀπολαύῃ,
2942 4229 3037 4281 καὶ
3075 4227 3210 4299 μηδὲ
3235 4227 3532 4297 ἐπιθυμίαν
3555 4228 3655 4298 τῆς

1970 4321 2266 4392 φιλοζωῒας
2313 4319 2472 4389 ἔχων,
2515 4317 2611 4371 καὶ¹
2645 4317 2751 4381 ἔξω
2783 4315 3090 4386 τυγχάνων,
3128 4314 3518 4385 κατατολμήσῃ
3553 4314 3655 4384 τῆς

1969 4409 2063 4464 τοῦ
2091 4408 2248 4475 ξύλου
2277 4405 2554 4478 βρώσεως.
2591 4406 2678 4468 Ὠς
2699 4403 2806 4475 γὰρ
2840 4402 2974 4474 πρὸς
2999 4403 3099 4474 τὴν
3119 4401 3468 4471 ἀνθρωπίνην
3491 4401 3654 4454 ἀσθέο

1970 4514 2118 4552 νειαν
2153 4495 2666 4563 συγκαταϐαίνουσα
2698 4492 2915 4547 ἅπαντα
2944 4491 3250 4559 διαλέγεται
3285 4491 3416 4560 ἡμῖν
3459 4492 3491 4559 ἡ
3535 4489 3656 4542 θεία

1971 4586 2186 4658 Γραφή.
2218 4583 2330 4638 Καὶ
2372 4581 2551 4647 ἔταξε
2605 4582 2677 4636 τὰ
2721 4580 3012 4648 Χερουϐὶμ
3057 4578 3156 4630 καὶ
3202 4575 3318 4643 τὴν
3357 4576 3658 4646 φλογίνην

1962 4673 2272 4744 ῥομφαίαν
2298 4670 2413 4740 τὴν
2434 4668 2854 4739 στρεφομένην
2868 4665 3219 4736 φυλάσσειν
3239 4663 3353 4731 τὴν
3372 4664 3617 4717 εἴσοδον
3633 4661 3653 4701 ί

1970 4763 2078 4817 τοῦ
2125 4761 2318 4826 ξύλου
2350 4758 2464 4828 τῆς
2507 4757 2677 4826 ζωῆς.
2706 4757 2771 4808 'II
2807 4753 3050 4827 ῥᾳθυμία
3079 4753 3284 4815 αὐτοῖς,
3309 4751 3374 4820 ἣν
3400 4750 3499 4821 ήδη
3528 4749 3658 4820 περὶ

1969 4851 2069 4920 τὴν
2096 4848 2338 4903 δοθεῖσαν
2360 4845 2578 4917 ἐντολὴν
2599 4842 2961 4908 ἐπεδείξαντο,
2988 4841 3159 4895 αίτιον
3187 4838 3376 4907 γέγονε
3398 4837 3490 4890 τοῦ
3517 4835 3657 4906 μετά

1971 4935 2238 5005 τοσαύτης
2265 4933 2564 5003 ἀσφαλείας
2600 4928 3046 5000 ἀποτειχισθῆναι
3079 4927 3260 4988 αὐτοῖς
3294 4924 3391 4995 τὴν
3429 4923 3651 4977 εἴσοδον.

1972 5025 2128 5098 rI55]
2173 5024 2456 5093 Ἐννόησον
2487 5020 2597 5091 γάρ
2631 5036 2721 5089 μοι
2748 5019 2830 5071 ὅτι
2863 5017 2985 5070 ούδέ
3026 5018 3091 5086 τῇ
3123 5014 3386 5069 ἀπέναντι
3431 5010 3525 5065 τοῦ
3554 5029 3656 5064 πα-

1976 5113 2225 5186 ραδείσου
2252 5113 2463 5182 οἰκήσει
2483 5107 2728 5179 ἠρκέσθη
2753 5107 2781 5158 ὁ
2799 5103 3204 5175 φιλάνθρωπος,
3229 5099 3342 5154 ἀλλ’
3369 5099 3524 5165 ἐταξε
3557 5099 3657 5163 τὰς

1972 5201 2232 5273 δυνάμεις
2245 5200 2446 5261 ταύτας
2463 5196 2531 5248 τά
2548 5197 2622 5248 Χε
2633 5193 2853 5265 ρουϐἱμ,
2880 5193 2976 5246 καὶ
2986 5193 3085 5262 τὴν
3104 5189 3361 5260 φλογίνην
3379 5187 3658 5258 ῥομφαίαν

1973 5290 2073 5359 τὴν
2109 5287 2487 5359 στρεφομένην
2533 5281 2831 5352 φυλάσσειν
2872 5280 2972 5350 τὴν
3012 5278 3132 5332 ὁδὸν
3176 5276 3274 5348 τὴν
3321 5277 3509 5359 ἐκεῖσε,
3547 5277 3658 5328 εἰσ-

1975 5358 2232 5441 άγουσαν.
2258 5370 2372 5438 Οὺχ
2402 5366 2590 5428 ἁπλῶς
2609 5365 2666 5418 δέ
2701 5363 3033 5434 προσέθηκε,
3073 5360 3191 5428 Τὴν
3213 5358 3658 5428 στρεφομένην,

1975 5456 2196 5512 ἀλλ’ἵνα
2218 5453 2596 5526 διδάξῃήμᾶς,
2618 5450 2700 5503 ὅτι
2726 5451 2878 5502 πάσα
2899 5447 3018 5510 ὁδὸς
3040 5444 3191 5515 αὐτῷ
3223 5443 3657 5512 ἀπτετείχιστο,

2040 5579 2067 5618 ἀ
2094 5580 2247 5630 Savll.
2277 5580 2340 5641 μὴ
2363 5579 2575 5641 ᾔδειμεν.
2809 5637 2821 5641 ,
2844 5634 2854 5641 ,
3063 5631 3102 5641 _.
3140 5635 3150 5641 ,
3413 5629 3423 5641 .
3620 5629 3629 5639 .

2045 5654 2069 5682 0
2091 5629 2241 5690 Sévil.
2266 5629 2538 5701 él'séplém
2563 5649 2678 5701 mss.
2712 5634 3033 5701 μανθάνοντες.
3063 5631 3241 5701 Τρωῐη
3267 5643 3392 5701 νεηο
3413 5629 3569 5678 locum
3588 5629 3664 5701 sjc

1978 5704 2126 5753 eﬂ'ert
2169 5704 2356 5764 Regius
2385 5691 2528 5764 [Inui
2552 5691 2746 5764 codeg':
2783 5697 2879 5764 Δδιεὶι
2911 5702 3001 5764 τῆς
3041 5695 3205 5756 πείρας
3249 5691 3554 5764 μανθάνωμεν

2644 5760 2820 5830 aliquj_
2841 5748 3024 5812 ἑαυτοῖς
3063 5748 3442 5830 περιεπείραμεν.
3472 5748 3480 5753 ⁷
3513 5748 3535 5828 ξ
3560 5751 3661 5828 A‘III

1977 5829 2064 5884 τήν
2089 5819 2215 5874 ὁδόν.
2241 5819 2428 5874 Ibidem
2451 5824 2602 5872 Savil.
2630 5828 2684 5884 eg
2704 5819 2901 5882 quidam
2941 5831 3057 5866 mss.
3101 5825 3185 5884 τῆς
3210 5819 3434 5884 ῥᾳθυμίας
3473 5819 3662 5884 αύτοὺς,

1978 5876 2036 5946 ἣν
2057 5890 2326 5948 ἦδηηυειηι
2353 5886 2616 5948 Ιει-ιὶοῃειη
2629 5876 3316 5948 -ἰίιεῖυτεευβρεξειαιη,ὴέὖει
3332 5884 3383 5946 ει
3394 5876 3661 5948 τρειὶιιεείικε

2490 5945 2662 5994 Morel.
2710 5932 2758 6008 cI
2788 5940 2872 5991 alii
2917 5932 2970 5998 ἡ·
2995 5939 3196 6008 ῥᾳθυμία
3244 5933 3423 6008 ἀρα-οἷς,
3451 5932 3660 6008 ᾒν-ἦδῃ,

1979 6012 2188 6118 ουριὶἓηρ.
2214 6008 2344 6060 Infra
2368 6008 2522 6060 SavII.
2562 6013 2616 6057 et
2638 6005 2838 6068 quidam
2863 6016 2978 6054 mss.
2997 5999 3399 6063 ’ἀποτειχισθῆναι
3423 5999 3553 6056 αὐτῷ
3575 5999 3666 6050 τήν

1980 6087 2085 6118 εισο
2117 6087 2186 6118 ον.

1980 6074 2186 6122 εἴσοδον.
