4110 6456
396 399 498 459 153

391 516 668 571 obturaret
709 519 766 569 et
807 508 1150 582 praemuniret
1187 519 1379 563 omnes
1411 504 1524 561 vias
1553 519 1671 574 qua:
1703 503 1794 558 illo
1821 501 1979 557 duce-

394 617 553 674 rent,
586 615 641 661 et
670 613 729 661 ut
763 604 1072 660 continuam
1100 601 1416 658 memoriam
1455 607 1511 656 et
1536 599 1785 653 timorem
1836 596 1985 652 inca.

396 709 511 754 tere
536 696 611 750 illi
639 703 823 765 posset
853 695 893 748 ⁸.

466 788 520 843 4.
561 786 730 840 Adam
752 794 922 839 autem
947 782 1175 855 cognovit
1202 780 1367 836 Evam
1392 795 1603 836 uxorem
1618 793 1765 834 suam
1805 774 1826 850 (
1852 774 1983 847 Cap.

396 881 448 933 4.
484 895 531 932 υ.
564 876 642 948 1).
670 875 962 933 Considera
1009 873 1222 946 quando
1262 874 1364 928 hoc
1394 871 1587 927 factum
1629 870 1719 925 sit.
1747 870 1874 924 Post
1903 869 1987 923 in-

396 966 777 1032 oliedientiam,
800 974 918 1035 post
948 963 1179 1035 paradisi
1205 961 1572 1027 amissionem,
1594 970 1722 1016 tunc
1757 959 2028 1030 primum.

400 1073 529 1112 usus
560 1058 635 1113 rei
666 1071 911 1113 venereae
964 1054 1147 1124 cepit.
1194 1054 1336 1111 Ante
1378 1051 1795 1108 inobedientiam
1844 1049 1988 1105 enim

399 1149 698 1219 angelicam
730 1148 890 1203 vitam
923 1146 1290 1213 imitabantur,
1319 1154 1375 1201 et
1395 1144 1574 1201 nullus
1595 1143 1662 1199 de
1681 1158 1740 1199 re
1763 1155 1988 1198 venerea

399 1256 581 1296 sermo
610 1248 737 1295 erat.
771 1239 871 1305 Qui
894 1238 1036 1293 enim
1059 1238 1249 1308 potuit,
1272 1251 1393 1292 cum
1422 1251 1597 1306 neque
1622 1232 1993 1302 corporalibus

403 1330 806 1385 itecessiuttibus
828 1329 1041 1384 obnoxii
1060 1327 1296 1384 fuerint?
1327 1326 1508 1397 itaque
1532 1326 1600 1381 ab
1630 1325 1782 1379 initio
1829 1322 1994 1393 virgi-

393 1423 544 1486 nitas
567 1423 797 1492 palmam
822 1421 1146 1493 principatus
1176 1421 1381 1490 accepit
1414 1438 1428 1475 :
1456 1419 1550 1475 sed
1575 1427 1854 1489 postquam
1901 1431 1996 1487 per

409 1515 665 1571 desidiam
689 1516 904 1570 intravit
929 1513 1307 1578 inobedientia,
1362 1520 1418 1568 et
1465 1511 1642 1567 aditus
1698 1510 1997 1581 patefactus

407 1619 493 1667 est
520 1618 760 1680 peccato,
791 1609 878 1663 illa
905 1607 1120 1679 quidem
1141 1606 1396 1672 avolavit,
1444 1614 1633 1676 utpote
1688 1603 1757 1659 ab
1801 1602 1868 1658 iis
1908 1600 1998 1671 qui

412 1690 609 1773 indigni
639 1709 801 1757 tanta:
827 1700 1040 1756 virtutis
1067 1698 1436 1770 magnitudine
1472 1697 1596 1752 facti
1644 1703 1798 1751 erant
1825 1709 1841 1749 :
1869 1693 1999 1749 sub-

413 1796 629 1850 intravit
651 1803 829 1849 autem
877 1792 964 1848 lex
1003 1805 1342 1861 congressus.
1372 1789 1554 1860 Cogita
1579 1786 1757 1858 igitur,
1784 1785 1999 1852 dilecte,

412 1895 607 1957 quanta
629 1885 955 1956 virginitatis
975 1883 1226 1955 dignitas,
1261 1897 1420 1953 quam
1452 1878 1696 1936 sublimis
1724 1885 1781 1933 et
1807 1891 2002 1946 magna

414 1978 702 2047 possessio,
729 1992 850 2047 qua:
872 1977 942 2031 sit
969 1990 1130 2045 supra
1153 1975 1438 2030 humanam
1469 1981 1715 2029 naturam
1738 2010 1756 2036 ,
1803 1978 1859 2025 et
1885 1985 2006 2040 qua:

415 2082 551 2139 opus
578 2068 776 2125 habeat
804 2083 964 2123 manu
985 2069 1006 2099 ⁸
1035 2082 1288 2137 superna.
1316 2065 1466 2134 Quod
1489 2064 1635 2120 enim
1658 2063 1692 2119 ii
1722 2063 1811 2133 qui
1837 2060 2005 2132 virgi-

419 2159 635 2215 nitatem
665 2160 913 2215 alacriter
936 2157 1220 2229 arripiunt,
1250 2158 1302 2213 in
1327 2170 1554 2225 corpore
1581 2169 1647 2211 ea
1689 2160 1848 2225 agant
1884 2166 2004 2223 quae

421 2248 857 2319 incorporearum
879 2257 1010 2306 sunt
1033 2248 1313 2316 virtutum,
1342 2247 1465 2303 audi
1492 2245 1766 2301 Christum
1793 2243 2007 2301 Saddu-

418 2346 546 2396 emis
572 2341 842 2396 dicentem
867 2356 893 2394 ε.
916 2356 1038 2395 nam
1090 2340 1160 2396 de
1209 2338 1606 2396 resurrectione
1656 2335 2008 2408 quaestionem

421 2418 724 2500 moventes,
747 2432 1080 2489 sciscitantes
1099 2431 1385 2488 dicebant:
1409 2429 1673 2499 Magister,
1704 2437 1846 2482 erant
1867 2425 2007 2498 apud

421 2539 515 2578 nos
537 2532 724 2593 septem
746 2529 948 2597 fratres,
977 2534 1030 2578 et
1051 2525 1248 2595 primus
1268 2539 1426 2578 uxore
1449 2522 1601 2576 ducta
1621 2521 1889 2592 defunctus
1916 2528 2010 2587 est,

422 2633 524 2670 non
551 2616 737 2672 habens
767 2617 981 2685 liberos,
998 2627 1046 2671 et
1072 2617 1262 2671 dimisit
1300 2631 1510 2671 uxorem
1549 2631 1696 2669 suam
1721 2613 1872 2685 fratri
1897 2628 2021 2667 suo.

426 2706 674 2762 Similiter
691 2716 741 2762 et
767 2708 1042 2775 secundus,
1074 2716 1122 2763 et
1146 2708 1340 2774 tertius,
1374 2715 1421 2761 et
1447 2716 1678 2776 quartus,
1707 2714 1754 2759 et
1778 2705 2010 2776 quintus,

426 2806 473 2853 et
498 2808 690 2865 sextus,
712 2808 761 2853 et
786 2800 1047 2871 septimus.
1079 2797 1145 2853 In
1174 2798 1541 2854 resurrectione
1587 2814 1704 2867 ergo
1723 2798 1868 2869 cujus
1892 2813 1918 2851 e
1939 2813 2029 2851 sev

429 2899 563 2957 ptem
587 2889 689 2944 illis
715 2890 810 2944 erit
832 2906 959 2944 uxor
978 2890 1004 2944 .9
1034 2889 1218 2945 Omnes
1243 2889 1375 2943 enim
1390 2888 1668 2943 habuerunt
1686 2887 1848 2941 illam.
1880 2886 2017 2955 Quid

428 2979 590 3051 igitur
627 2981 758 3037 dicit
784 2982 888 3038 illis
907 2981 1193 3048 Christus?
1220 2982 1443 3045 Erratis,
1473 2982 1750 3036 nescientes
1779 2978 2027 3047 Scriptu-

429 3087 535 3135 rus,
561 3090 721 3142 neque
738 3074 971 3128 virtutem
997 3072 1115 3128 Dei.
1159 3074 1228 3128 1n
1274 3073 1637 3128 resurrectione
1677 3072 1812 3125 enim
1863 3085 2023 3139 neque

432 3179 615 3219 uxores
634 3165 846 3231 ducunt,
900 3181 1061 3235 neque
1103 3164 1321 3231 nubunt,
1375 3164 1464 3218 sed
1510 3172 1626 3218 sunt
1684 3163 1815 3217 sicut
1857 3163 2025 3231 angeli

436 3258 666 3326 (Matth.
722 3259 812 3315 22.
869 3259 1062 3317 25-50.
1131 3259 1260 3315 Luc.
1324 3259 1417 3314 20.
1483 3258 1675 3315 28-56.
1747 3267 1793 3313 et
1853 3256 2022 3311 Marc.

439 3350 526 3406 l2.
558 3351 771 3425 19-25).
800 3352 988 3409 Vidisti
1017 3352 1288 3424 quomodo
1336 3352 1390 3406 in
1415 3360 1555 3407 terra
1583 3350 2026 3416 ambulantes,.et

438 3458 661 3515 corpore
698 3445 1011 3501 circumdati
1040 3446 1335 3516 angelicam
1395 3446 1557 3499 vitam
1609 3443 1886 3498 imitantur
1937 3441 2025 3512 qui

438 3533 637 3589 Christi
674 3550 860 3591 amore
888 3535 1207 3605 virginitatis
1261 3544 1460 3591 sortem
1506 3534 1868 3604 acceperunt?
1894 3531 2027 3587 Nam

441 3635 639 3694 quanto
660 3626 775 3682 hare
799 3628 972 3698 major
1012 3637 1097 3683 est
1148 3635 1204 3684 et
1248 3627 1549 3694 sublimior,
1600 3633 1749 3682 tanto
1798 3625 2031 3695 majores

441 3727 565 3774 sunt
604 3730 655 3776 et
683 3735 920 3789 corona},
948 3733 1005 3778 et
1032 3722 1430 3790 retributiones,
1479 3730 1535 3777 et
1563 3720 1889 3792 repromissa
1931 3720 2032 3777 bo-

444 3825 511 3865 na
536 3826 723 3866 eorum
739 3813 970 3882 quicum
999 3813 1100 3868 hac
1126 3813 1179 3868 in
1208 3813 1329 3867 aliis
1356 3813 1510 3868 bonis
1531 3812 1785 3883 operibus
1799 3826 1857 3868 se
1877 3827 2035 3867 exer-

442 3913 585 3960 cent.
611 3905 775 3960 Adam
790 3916 978 3974 autem,
1005 3906 1195 3977 inquit,
1217 3906 1447 3977 cognovit
1462 3903 1624 3960 Euam
1644 3918 2033 3972 mremsuam,

445 4008 492 4051 et
508 3999 768 4066 concepit,
800 4008 847 4052 et
877 4000 1068 4069 peperit
1096 3996 1245 4053 Cain.
1277 3998 1563 4069 POSIquam
1594 4011 1691 4066 per
1716 3994 2032 4050 inobedien-

450 4091 575 4146 tiam
608 4090 827 4146 intravit
849 4101 1146 4161 peccatum,
1177 4100 1232 4155 et
1251 4088 1515 4145 sententia
1545 4088 1801 4142 mortales
1822 4086 1942 4141 illos
1963 4086 2038 4141 ie-

448 4181 541 4247 cit,
569 4189 963 4250 consequmter
990 4181 1331 4250 omnipotens
1371 4178 1511 4233 Deus
1538 4176 1832 4232 secundum
1885 4193 2037 4234 suam

453 4271 768 4341 sapientiam
792 4270 1009 4326 humani
1053 4270 1268 4342 generis
1294 4267 1661 4340 prOpagationi
1700 4267 1986 4322 consulens
2019 4306 2036 4332 ,

448 4363 715 4418 concessit
760 4378 857 4433 per
881 4364 1079 4419 coitum
1108 4371 1321 4417 auctum
1351 4362 1417 4416 iri
1445 4367 1686 4416 nostrum
1730 4373 1919 4429 genus.
1970 4356 2040 4411 Et

452 4453 600 4517 dixit,
636 4452 845 4508 Possedi
874 4453 1125 4508 hominem
1152 4468 1241 4522 per
1268 4450 1454 4508 Deum.
1483 4450 1617 4507 Vide
1635 4449 1907 4521 quomodo
1924 4461 2042 4520 poe-

454 4562 520 4600 na
549 4545 749 4601 inflicta
779 4547 1058 4602 mulierem
1081 4545 1468 4612 emendaverit,
1501 4544 1887 4615 melioremque
1915 4544 2043 4599 red-

453 4641 674 4699 diderit.
698 4640 830 4696 Nam
860 4642 1096 4711 puellum
1139 4647 1323 4695 uatum
1367 4655 1472 4693 non
1517 4645 1722 4692 natura:
1745 4676 1760 4700 ,
1786 4635 1881 4692 sed
1933 4634 2044 4690 Deo

454 4741 729 4802 acet-ptum
753 4732 939 4800 refert,
969 4738 1286 4803 gratumque
1310 4730 1549 4785 animum
1574 4728 1831 4784 declarat.
1852 4725 2044 4783 Vidisti

456 4824 726 4894 quomodo
748 4839 907 4895 poena
934 4824 1316 4881 admonitionis
1339 4821 1458 4877 loco
1480 4821 1585 4876 illis
1611 4818 1807 4874 fuerit?
1835 4816 2046 4874 Possedi

458 4917 624 4980 enim,
644 4916 835 4988 inquit,
860 4916 1114 4970 hominem
1140 4931 1231 4987 per
1254 4913 1442 4968 Deum.
1467 4912 1582 4968 Non
1615 4922 1827 4975 natura,
1852 4910 2044 4980 inquit,

460 5008 736 5077 puerulum
766 5007 897 5063 mihi
917 5006 1090 5075 dedit,
1121 5007 1216 5063 sed
1245 5007 1423 5061 divina
1445 5004 1635 5074 gratia.
1660 5001 1717 5056 2.
1752 5002 1815 5056 Et
1861 5002 2048 5071 adjecit

460 5110 514 5154 ut
541 5107 736 5169 pareret
756 5103 966 5171 fratrem
993 5098 1132 5153 illius
1159 5096 1304 5152 Abel.
1333 5097 1465 5163 Quia
1495 5109 1595 5165 pro
1620 5102 1746 5149 nato
1775 5093 1884 5148 filio
1899 5101 2045 5163 grata

459 5192 580 5260 luit,
611 5202 665 5247 et
689 5191 840 5263 prius
870 5189 1188 5247 beneﬁcium
1226 5188 1465 5260 agnovit,
1520 5194 1811 5257 asscquuta
1853 5193 1937 5240 est
1995 5193 2051 5238 et

525 5327 545 5357 ι
581 5331 689 5375 Post
708 5325 799 5376 has
824 5336 987 5382 voces,
1009 5322 1226 5387 incutere
1246 5316 1327 5374 illi
1339 5327 1512 5387 posset,
1552 5318 1875 5387 sieMclandunt
1894 5316 2051 5387 homi-

462 5386 579 5437 liam
592 5388 691 5437 duo
713 5395 817 5437 Mss.
845 5396 860 5437 :
890 5378 1041 5456 Igitur
1057 5378 1557 5456 gratiarmn'dctiqttt’;
1578 5378 2054 5456 οΙῙεναηιῑωψεζζζξειιξ

462 5462 580 5500 vero
594 5458 696 5511 Deo
718 5456 880 5499 nostra
892 5438 1044 5511 ;"quia
1057 5438 1224 5511 ipsum
1244 5446 1381 5496 decet
1416 5438 1590 5508 gloria,
1606 5438 1887 5511 imperium,
1902 5439 2052 5511 (tenor

460 5519 507 5560 et
536 5510 772 5570 adat-alio,
797 5502 921 5561 nunc
942 5502 990 5560 'et
1012 5502 1221 5573 semper,
1244 5514 1342 5558 etc.
1368 5502 1612 5570 Et'postea
1634 5502 1878 5554 humilium
1903 5503 1960 5552 l9
1982 5503 2054 5551 sic

460 5575 716 5623 ordiuntur
750 5587 765 5623 :

900 5630 1109 5684 amna
1142 5630 1219 5681 t9.

529 5696 681 5746 Adam
695 5701 855 5746 mitem
886 5694 1098 5757 cognovit
1127 5702 1292 5757 Evltm_
1308 5702 1516 5757 uxorem
1539 5701 1761 5757 suam...
1786 5695 1837 5737 et
1860 5692 2054 5757 textum

464 5765 842 5823 prosatuutstur,
869 5747 1198 5820 claudumque
1214 5757 1264 5804 in
1282 5753 1386 5801 haec
1408 5753 1579 5813 verba,
1594 5758 1641 5803 et
1674 5748 1796 5801 Cain
1817 5747 2052 5812 agricola.

528 5820 550 5852 ³
584 5820 783 5879 Quidam
807 5827 932 5879 3155.,
951 5817 1129 5879 gratia,
1156 5829 1263 5879 pro.
1287 5826 1453 5868 manu.

807 5827 932 5879 3155.,
951 5826 1129 5883 gratia,
1156 5829 1263 5881 pro.
1287 5826 1453 5868 manu.

1579 389 1642 445 lN
1679 388 1835 445 CAP-
1874 385 1962 443 iV.
2003 385 2249 443 GENES.
2292 388 2520 445 llOMlL.
2565 388 2749 445 XVIII.

3574 392 3678 449 55.5.

2087 504 2256 560 aliud.
2284 506 2427 562 Talis
2450 507 2594 562 enim
2623 517 2708 563 est
2728 508 2983 563 Dominus
3010 523 3232 565 noszcr:
3261 507 3474 580 quando
3495 508 3548 564 in
3571 513 3679 581 pri-

2090 596 2195 652 mis
2235 607 2442 667 gratum
2483 598 2720 652 animum
2768 597 3137 662 declaramus,
3183 609 3237 654 et
3278 597 3689 654 benefactorem-

2089 691 2451 760 agnoscimus,
2494 691 2693 761 largius
2722 705 2818 747 Sua
2847 692 2988 747 dona
3036 692 3189 746 nobis
3233 701 3438 763 erogat.
3500 691 3687 761 Itaque

2091 784 2211 851 quia
2234 793 2286 838 et
2313 783 2410 838 ista
2441 784 2549 840 Deo
2580 794 2784 854 partum
2815 784 3116 854 adscripsit,
3150 794 3428 858 propterea
3450 794 3502 840 et
3517 785 3690 840 alium

2092 873 2600 945 accipitpuerulum.
2634 875 2851 931 Summa
2880 875 3044 939 enim,
3100 885 3447 947 posteaquam
3493 877 3682 931 subin-

2093 966 2259 1022 travit
2297 968 2614 1033 mortalitas,
2643 967 2940 1023 consolatio
2980 977 3095 1023 erat
3135 967 3360 1023 liliormn
3386 982 3683 1022 successio.

2098 1060 2164 1114 Et
2194 1059 2393 1115 idcirco
2418 1059 2679 1130 benignus
2714 1060 2854 1114 Deus
2881 1059 3062 1114 statim
3110 1058 3178 1114 ab
3230 1058 3382 1113 initio
3429 1056 3695 1128 puniendi»

2095 1152 2438 1207 severitatem
2463 1152 2805 1215 imminuens,
2835 1160 2889 1206 et
2916 1151 3208 1206 terribilem
3242 1152 3260 1183 ί
3288 1151 3478 1205 mortis
3499 1163 3687 1218 perso-

2095 1259 2219 1298 nam
2242 1243 2511 1311 auferens,
2555 1244 2847 1299 liberorum
2874 1243 3269 1298 successionem
3301 1241 3525 1312 largitus
3553 1251 3634 1296 est
3660 1281 3675 1302 .

2098 1334 2496 1404 quodammodo
2522 1335 2809 1406 imaginem
2839 1333 3249 1389 resurrectionis
3280 1348 3377 1403 per
3416 1332 3517 1386 hoc
3563 1330 3690 1386 sub-

2099 1426 2358 1493 indicans,
2392 1434 2446 1481 et
2465 1426 2802 1496 diSpensans,
2831 1433 2889 1480 ut
2915 1440 3011 1496 pro
3032 1424 3345 1480 cadentibus
3387 1425 3477 1477 alii
3506 1438 3691 1477 resnr~

2102 1528 2250 1590 gant.
2281 1519 2348 1572 Et
2376 1512 2543 1590 factus
2561 1528 2656 1586 est,
2690 1518 2884 1589 inquit,
2918 1517 3040 1571 Abel
3066 1525 3239 1586 pastor
3259 1516 3425 1570 ovium
3448 1531 3467 1581 ;
3490 1523 3536 1567 et
3559 1512 3695 1566 Cain

2102 1611 2407 1682 aperabatur
2427 1620 2629 1664 terram.
2652 1610 2840 1665 Docuit
2859 1624 2957 1665 nos
2982 1608 3157 1664 divina
3185 1607 3484 1678 Scriptura,
3532 1621 3692 1676 quam

2111 1713 2337 1774 uterque
2363 1712 2610 1759 natorum
2634 1711 2804 1758 artem
2825 1700 3146 1767 exercuerit,
3185 1709 3243 1756 et
3284 1708 3344 1754 ut
3366 1699 3502 1754 alter
3529 1698 3703 1751 vitam-

2104 1796 2450 1867 pastoralcm,
2476 1795 2615 1852 alter
2642 1794 3021 1866 agriculturam
3048 1792 3265 1862 delegit.
3297 1790 3356 1849 5,
3387 1788 3454 1844 Et
3504 1788 3698 1859 factum

2106 1898 2179 1942 est
2200 1896 2311 1958 post
2340 1888 2469 1953 dies,
2492 1886 2670 1941 obtulit
2699 1886 2827 1941 Cain
2851 1885 2915 1939 de
2941 1883 3187 1957 fructibus
3212 1890 3360 1936 terra:
3394 1880 3712 1949 sacriﬁcium.

2107 1979 2348 2035 Domino.
2379 1978 2672 2034 Considera
2702 1977 2972 2049 quomodo
2998 1985 3203 2031 natura:
3243 1973 3503 2030 Conditor
3528 1972 3704 2027 scicn-

2112 2073 2237 2126 tiam
2263 2071 2609 2126 conscientiae
2638 2068 2850 2124 indidit.
2878 2067 3008 2136 Quis
3028 2067 3171 2122 enim
3196 2065 3368 2130 illum,
3402 2063 3488 2117 die
3515 2102 3531 2129 ,
3560 2075 3657 2116 oro
3684 2100 3700 2125 ,

2110 2162 2177 2219 ad
2204 2162 2343 2217 hanc
2370 2160 2732 2232 cognitionem
2765 2157 3141 2230 perduxisset?
3172 2155 3359 2211 Nullus
3386 2153 3522 2208 alius
3542 2167 3703 2223 quam

2110 2274 2230 2330 quae
2257 2258 2308 2313 in
2339 2258 2518 2312 animo
2548 2255 2765 2311 conscio
2788 2255 3035 2310 scientia.
3070 2252 3263 2308 Obtulit
3291 2253 3336 2320 ',
3374 2249 3583 2321 inquit,
3639 2248 3704 2301 de

2114 2349 2360 2424 [motibus
2383 2359 2531 2403 terra:
2554 2348 2863 2417 sacriﬁcium
2910 2345 3149 2400 Domino.
3203 2343 3420 2399 Sciebat
3463 2341 3606 2396 enim
3654 2347 3710 2393 et

2114 2440 2472 2513 cognoscebat
2486 2453 2779 2509 congruum
2805 2452 2927 2493 esse
2942 2453 3009 2491 ex
3031 2435 3141 2490 suis
3161 2433 3588 2506 possessionibus
3609 2431 3709 2486 ali-

2117 2534 2244 2604 quid
2276 2533 2543 2589 fructuum
2573 2532 2682 2587 Deo
2710 2530 2906 2586 oﬂ'crre
2937 2547 2950 2584 :
2984 2545 3090 2583 non
3118 2526 3258 2598 quod
3297 2524 3362 2581 iis
3392 2526 3531 2580 Deus
3575 2523 3712 2578 indi-

2117 2636 2261 2698 geat,
2291 2625 2385 2682 sed
2415 2634 2471 2680 ut
2495 2632 2703 2697 gratum
2726 2622 2968 2677 animum
3002 2634 3156 2675 suum
3202 2618 3444 2674 declaret
3489 2617 3579 2687 qui
3622 2615 3715 2671 tali

2120 2719 2384 2775 beneﬁcio
2406 2716 2623 2773 fruitur.
2646 2714 2803 2770 Nulla
2825 2715 2966 2770 enim
2998 2728 3058 2767 re
3082 2712 3283 2782 indiget
3304 2710 3470 2777 Deus,
3522 2708 3716 2763 nullis-

2123 2826 2229 2880 que
2257 2809 2456 2864 nostris
2477 2823 2611 2877 Opus
2642 2806 2841 2871 habet;
2874 2812 3128 2859 cii-terum
3158 2801 3227 2857 ob
3252 2800 3573 2856 ineffabilem
3624 2798 3721 2853 bc-

2125 2901 2439 2973 nignitatcm
2472 2900 2545 2954 ita
2592 2909 2791 2953 nosme
2836 2893 3133 2951 infirmitati
3177 2907 3235 2948 se
3279 2899 3618 2960 attemperat,
3665 2898 3721 2944 et

2125 3002 2346 3066 propter
2372 2991 2602 3047 salutem
2623 2995 2863 3044 nostram
2897 2987 3012 3041 huic
3046 2984 3164 3040 fieri
3194 2983 3342 3050 sinit,
3368 2992 3427 3037 ut
3450 2982 3543 3036 Dei
3572 2980 3731 3051 agni—

2131 3084 2206 3140 tio
2234 3085 2483 3139 hnmanze
2504 3088 2710 3136 natura:
2727 3078 2939 3134 virtutis
2960 3076 3032 3131 sit
3052 3074 3254 3130 schola.
3276 3073 3331 3129 4.
3348 3071 3415 3126 Et
3435 3071 3559 3125 Abel
3572 3072 3723 3126 etiam

2127 3177 2237 3249 ipse
2254 3175 2432 3231 obtulit
2454 3173 2518 3227 de
2542 3170 2893 3245 primogenitis
2920 3183 3133 3224 suarum
3161 3166 3349 3221 ovium.
3378 3164 3494 3220 Non
3521 3164 3725 3233 absque

2129 3285 2289 3325 causa
2317 3269 2403 3324 vel
2431 3267 2624 3322 frustra
2653 3265 2704 3319 in
2727 3261 2894 3336 priori
2923 3274 3173 3316 sermone
3198 3266 3433 3314 vestram
3460 3255 3616 3311 docui
3637 3270 3727 3309 ca-

2129 3364 2364 3426 ritatem,
2400 3357 2683 3415 Dominum
2730 3364 2971 3411 nostrum
3026 3351 3339 3406 varietatem
3379 3361 3737 3418 personarum:

2133 3455 2414 3525 ignorare:
2440 3449 2538 3507 sed
2564 3449 2893 3504 volunt-item
2917 3443 3166 3507 scrutari,
3197 3455 3261 3496 ac
3287 3450 3522 3495 mentem
3547 3439 3729 3492 inten-

2133 3550 2444 3619 tionemque
2472 3556 2758 3600 coronare.
2788 3540 2855 3596 Et
2899 3551 3043 3593 nunc
3070 3549 3286 3608 quoque
3337 3533 3482 3589 idem
3531 3531 3729 3587 factum
3824 3528 3829 3533 ’

2134 3641 2523 3697 animadverte.

2210 3734 2480 3804 Scriptura
2502 3745 2649 3785 sacra
2669 3726 2799 3782 nihil
2827 3725 3019 3796 frustra
3038 3720 3180 3777 dicit.
3195 3718 3437 3775 —Dictis
3451 3717 3737 3788 diligenter

2137 3826 2532 3887 auscultemus,
2564 3829 2619 3876 et
2645 3818 2920 3873 videamus
2943 3812 3070 3886 quid
3096 3812 3164 3868 de
3197 3811 3327 3867 Cain
3377 3820 3559 3865 narret
3584 3808 3733 3865 Scri—

2140 3930 2328 3991 ptura,
2361 3912 2563 3983 etquid
2596 3910 2665 3966 de
2686 3909 2851 3972 Abel,
2883 3915 2940 3962 et
2968 3921 3036 3960 ne
3064 3901 3526 3960 inconsideranter
3555 3909 3734 3955 trans-

2140 4023 2344 4066 eamus.
2374 4006 2517 4061 Nihil
2546 4003 2690 4059 enim
2722 4011 2924 4056 temere
2950 3998 3033 4052 vel
3059 3996 3279 4050 fortuito
3304 3993 3537 4063 loquitur
3556 3993 3735 4046 divina

2142 4101 2442 4170 Scriptura,
2477 4094 2571 4150 sed
2605 4101 2660 4147 et
2685 4090 2885 4163 syllaba
2906 4127 2921 4155 ,
2950 4095 3007 4143 et
3044 4086 3285 4157 apiculus
3314 4084 3504 4138 unicus
3538 4098 3735 4139 recon-

2143 4194 2312 4249 ditum
2361 4189 2523 4244 habet
2565 4184 2916 4241 thesaurum:
2965 4194 3088 4235 nam
3131 4178 3184 4232 in
3234 4176 3377 4232 hunc
3417 4175 3634 4232 modum
3677 4191 3749 4231 se

2147 4287 2341 4342 habent
2366 4278 2659 4353 spiritualia
2677 4275 2876 4329 omnia.
2893 4272 3029 4340 Quid
3056 4269 3213 4341 igitur
3230 4266 3426 4338 inquit?
3447 4266 3512 4320 Et
3539 4271 3732 4339 factum

2145 4389 2215 4433 est
2246 4385 2357 4448 post
2378 4374 2516 4439 dies,
2540 4367 2718 4425 obtulit
2738 4365 2866 4422 Cain
2888 4366 2952 4419 de
2986 4360 3230 4435 fructibus
3260 4369 3409 4415 terra:
3435 4359 3747 4428 sacriﬁcium

2150 4470 2365 4525 Domino
2382 4510 2399 4536 ,
2432 4475 2478 4521 et
2495 4461 2618 4518 Abel
2637 4459 2813 4516 obtulit
2834 4459 2985 4512 etiam
3004 4457 3113 4526 ipse
3132 4454 3194 4509 de
3209 4453 3557 4527 primogenitis
3576 4453 3749 4508 ovium

2148 4576 2377 4626 suarum,
2394 4568 2439 4611 ct
2461 4556 2524 4609 de
2542 4553 2780 4625 adipibus
2795 4550 3021 4605 illarum.

2221 4655 2276 4712 5.
2318 4652 2387 4707 lis
2411 4650 2502 4720 qui
2545 4646 2752 4702 acutius
2800 4642 2981 4697 valent
3026 4638 3259 4706 intueri,
3284 4635 3396 4708 jam
3425 4651 3489 4691 ex
3516 4633 3759 4690 lectione'

2151 4748 2266 4819 ipsa
2295 4743 2555 4815 liquidum
2583 4747 2666 4795 est
2690 4735 2817 4808 quid
2843 4735 3049 4789 dicatur
3079 4750 3092 4785 :
3125 4744 3310 4785 verum
3354 4727 3477 4798 quia
3507 4724 3756 4781 omnium

2150 4840 2305 4894 simul
2334 4830 2575 4889 habenda
2605 4838 2689 4888 est
2715 4841 2839 4883 cura
2861 4868 2876 4893 ,
2894 4830 2955 4879 et
2994 4820 3351 4878 differentiam
3397 4829 3758 4889 personarum:

2152 4933 2323 4990 nescit
2338 4924 2629 4999 spiritualis
2653 4919 2896 4976 doctrina
2926 4935 2940 4971 :
2967 4929 3063 4985 age
3082 4909 3413 4968 manifestius
3430 4906 3578 4962 vobis
3597 4904 3753 4959 deto~

2152 5039 2338 5098 gamus
2351 4995 2469 5090 qnzr
2482 5018 2620 5072 dicta
2638 5010 2979 5077 sunt,itcrum
2992 5021 3055 5062 ea
3068 4995 3752 5098 repetentes.Cain,inquit,

2154 5084 2416 5172 bbtulitde
2450 5106 2694 5180 fructibus
2731 5114 2878 5157 teme
2901 5096 3208 5167 sacriﬁcium
3247 5091 3467 5146 Domino
3496 5105 3516 5143 :
3552 5084 3761 5142 deinde

2153 5211 2339 5267 volens
2363 5216 2416 5262 et
2447 5178 2514 5259 de
2558 5198 2691 5255 Abel
2718 5197 2913 5251 docere
2934 5205 3033 5247 nos
3065 5188 3338 5257 Scriptura
3368 5181 3547 5237 divina
3583 5178 3712 5235 dicit
3733 5216 3763 5244 ,.

2221 5369 2238 5400 ⁸
2262 5366 2386 5423 Vos,
2408 5356 2676 5412 terribilem
2702 5351 2967 5423 (eaSepov),
2985 5345 3034 5423 in
3056 5341 3347 5423 quibqsdam
3359 5339 3574 5423 deest;

2219 5396 2241 5463 ;
2274 5396 3122 5481 agg’gg'fggx'sit'ﬁoét'mw
3141 5396 3770 5481 9”!!“‘L33...‘.’.‘93£l‘:.1§f

2154 5457 3111 5557 sane:
3125 5468 3255 5557 ιςιηιέξ

2177 5519 3764 5615 ftisli'iféinwéiéasubigimnfwlﬂiﬁmiﬂﬁd‘E‘lt‘i'ﬂ:323°:

2177 5570 2421 5615 nusquam
2440 5570 2649 5597 “mutaui
2674 5570 3145 5605 ικῦιιιαιιιανυιτ-ν,ιυ,
3166 5570 3247 5592 π.--
3268 5570 3375 5580 ---νγ
3394 5570 3417 5572 _,
3458 5570 3491 5586 ,-
3514 5570 3519 5571 ,
3597 5570 3606 5605 ζ
3674 5581 3681 5587 ι
3736 5570 3752 5581 1

2156 5570 2280 5672 bace,
2306 5610 2472 5663 multis
2490 5606 2699 5672 omissis,
2724 5600 2871 5672 effert
2893 5588 3500 5672 commentis-5“:
3515 5581 3759 5672 plantat;

2156 5639 2280 5672 nux,
2306 5639 2472 5663 "suum
2490 5639 2699 5663 υιιιιωω,
2725 5639 2871 5650 ειη..-
2897 5639 3201 5663 νν---ν-Σιηῑη
3426 5647 3435 5656 ⁸

2156 5676 2329 5740 manu
2356 5691 2379 5720 ι
2399 5672 2463 5740 .de
2496 5652 3254 5740 traditaeeumenien?
3268 5657 3559 5740 ...’.’.°.’!.’.'.’.'°;T.
3572 5639 3767 5740 55.15:”:

2345 5703 3052 5795 Ets‘iin'iﬁ‘s‘é'iZ"pr'iizb'g'eaiia
3070 5703 3243 5769 brium
3265 5720 3481 5764 suarum.
3503 5703 3634 5759 etde
3649 5703 3764 5754 ads-

2159 5801 2300 5866 pibus
2320 5796 2537 5848 illarum.
