4110 6436
421 371 520 426 155

415 487 555 556 quod
582 497 638 542 et
682 489 794 558 ipse
834 487 902 544 de
950 501 1046 543 sua
1071 499 1216 556 arte,
1266 505 1459 560 nempe
1497 489 1771 560 pastor-ilia
1794 528 1810 555 ,
1851 501 2004 542 suum

417 581 654 636 attulerit
685 581 1024 638 sacriﬁcium.
1058 581 1252 636 Obtulit
1277 583 1416 638 enim
1441 623 1456 648 ,
1501 581 1698 652 inquit,
1729 589 1774 633 et
1811 581 1916 648 ipse
1951 579 2013 630 de

419 672 770 743 primogenitis
807 673 975 728 ovium
1014 689 1226 728 suarum
1261 715 1276 740 ,
1329 684 1376 728 et
1419 674 1480 728 de
1524 672 1757 743 adipibus
1785 672 2010 724 illarum.

417 761 655 818 Observa
685 765 954 834 quomodo
976 766 1128 822 nobis
1155 767 1482 835 pientiSsima
1514 766 1652 820 illius
1675 777 1824 818 mens
1853 762 2016 832 signi-

422 853 638 919 ficetur,
670 862 725 910 et
754 870 859 910 non
906 864 1110 910 tantum
1143 855 1213 912 de
1249 856 1435 910 ovibus
1465 853 1750 918 obtulerit,
1783 851 1907 917 sed,
1939 850 2017 904 De

426 945 775 1016 primogenitis
794 988 810 1013 ,
853 945 956 1002 hoc
981 953 1062 1002 est
1083 989 1097 1014 ,
1128 947 1196 1002 de
1237 944 1634 1016 pretiosissimis
1655 985 1671 1009 ,
1704 952 1755 998 et
1786 942 2016 997 maxime

421 1036 634 1091 eximiis
666 1054 680 1092 :
707 1036 900 1093 deinde
929 1047 982 1094 et
1010 1053 1077 1092 ex
1107 1038 1212 1093 illis
1251 1037 1380 1107 ipsis
1407 1035 1774 1106 primogenitis
1813 1034 2015 1105 pretio-

423 1127 632 1182 sissima
677 1145 937 1199 qumque:
986 1129 1049 1183 Et
1099 1130 1162 1183 de
1211 1129 1484 1199 adipibus,
1533 1128 1732 1199 inquit,
1775 1128 2015 1192 illarum,

429 1219 529 1274 hoc
557 1229 658 1286 est,
677 1220 744 1276 dc
767 1221 1130 1292 pinguissimis
1151 1232 1204 1276 et
1229 1221 1465 1292 optimis.
1498 1221 1574 1276 De
1601 1221 1728 1276 Cain
1757 1220 1885 1274 nihil
1915 1221 2018 1276 tale

425 1309 734 1366 adnotatum
756 1321 837 1366 est
866 1329 880 1369 :
907 1312 1002 1367 sed
1029 1312 1285 1368 obtulisse
1309 1314 1321 1344 '
1342 1312 1425 1368 De
1449 1313 1680 1384 frugibus
1705 1323 1852 1366 terra:
1870 1310 2022 1365 sacrin

428 1402 602 1468 ﬁcium
626 1417 645 1455 :
685 1404 838 1472 quasi
901 1403 1137 1472 diceret,
1187 1405 1596 1475 qualiacumque
1621 1404 1975 1459 obveniebaut
2003 1444 2018 1470 ,

430 1490 570 1546 nulla
618 1491 685 1547 ad
714 1493 982 1548 delectum
1027 1495 1262 1551 adhibita
1289 1511 1453 1567 opera
1482 1497 1566 1551 vel
1593 1495 1888 1566 diligentia.
1919 1495 2020 1551 lte-

430 1597 551 1636 rum
572 1583 710 1649 dico,
736 1593 790 1639 et
810 1584 988 1640 dicere
1009 1602 1114 1641 non
1143 1588 1401 1643 cessabo:
1428 1603 1531 1642 non
1557 1588 1680 1657 quia
1705 1588 1842 1643 Deus
1863 1587 2025 1643 rebus

430 1675 627 1727 nostris
656 1674 884 1744 indiget,
928 1677 1102 1732 oblata
1133 1678 1388 1747 suscipit,
1438 1679 1530 1732 sed
1568 1679 1678 1732 vult
1703 1687 1758 1733 et
1780 1694 1872 1749 per
1911 1679 2026 1735 hanc

430 1762 637 1817 ostendi
668 1772 876 1834 gratum
905 1773 1148 1821 nostrum
1178 1767 1438 1822 animum.
1469 1767 1599 1822 Nam
1641 1783 1763 1822 eum
1787 1768 1875 1838 qui
1915 1768 2026 1822 Deo

433 1855 718 1924 oﬂ'erebat,
751 1865 805 1912 et
829 1857 1088 1914 offerebat
1122 1875 1189 1914 ex
1214 1860 1278 1914 iis
1313 1875 1432 1930 qua:
1463 1861 1555 1915 Dei
1603 1868 1759 1926 sunt,
1792 1875 1910 1914 cum
1943 1858 2026 1914 in-

437 1947 699 2018 telligeret
745 1960 1000 2018 quantum
1027 1949 1264 2006 differret
1306 1960 1492 2006 natura
1517 1993 1532 2019 ,
1564 1961 1618 2008 et
1644 1967 1704 2008 se
1747 1953 2022 2008 hominem

439 2045 642 2092 tantum
693 2038 911 2096 honoris
954 2043 1199 2096 sortitum
1246 2057 1401 2106 esse,
1433 2042 1743 2113 oportebat,
1773 2053 2028 2113 quantum

437 2129 550 2182 ﬁeri
583 2138 818 2198 poterat,
849 2147 1003 2186 suum
1035 2133 1222 2188 testari
1250 2133 1484 2189 officium
1505 2175 1521 2202 ,
1551 2145 1606 2190 et
1645 2136 2030 2206 pretiosissima

431 2219 648 2276 offerre.
678 2222 783 2278 Sed
815 2224 936 2280 vide
956 2267 971 2292 ,
999 2225 1227 2282 obsecro
1251 2268 1267 2294 ,
1296 2227 1507 2284 dilecte.
1545 2227 1720 2283 [labes
1750 2228 1836 2284 hic
1877 2243 2032 2282 occa-

439 2311 617 2367 siones
645 2322 702 2366 ut
741 2314 882 2383 quod
914 2325 1126 2385 oportet
1164 2317 1573 2388 contempleris,
1620 2319 1812 2373 merito
1844 2333 2030 2387 pmuas

438 2401 586 2466 lucr,e
631 2417 752 2457 cum
808 2403 896 2473 qui
943 2419 1093 2458 suam
1141 2405 1210 2459 ob
1253 2405 1515 2474 ignaviam
1566 2407 1744 2476 prodit
1785 2407 2028 2460 salutem.

437 2491 618 2562 Neque
647 2495 789 2548 enim
822 2495 908 2549 ille
936 2495 1211 2551 doctorem
1243 2498 1469 2568 aliquem
1496 2498 1710 2568 habuit,
1751 2516 1922 2570 neque
1950 2501 2034 2555 hic

438 2593 812 2653 suggerentem
841 2594 897 2640 ct
933 2587 1330 2656 consiliarium,
1377 2589 1472 2645 sed
1503 2599 1722 2660 uterque
1751 2592 2034 2646 conscien-

441 2676 528 2730 ti:e
557 2691 668 2731 sua:
698 2679 1033 2750 magisterio,
1080 2690 1135 2736 et
1185 2683 1444 2751 sapientia
1493 2682 1750 2740 divinitus
1795 2686 2030 2741 humano

441 2768 624 2836 generi
663 2769 1030 2838 suppeditata,
1077 2771 1144 2826 ad
1190 2771 1328 2827 hanc
1372 2773 1697 2830 oblationem
1742 2776 2032 2833 incitatur:

442 2862 534 2915 sed
566 2862 879 2916 excellentia
899 2865 1154 2934 propositi
1181 2873 1236 2920 et
1261 2865 1552 2922 voluntatis
1593 2869 1846 2939 segnities
1890 2866 2033 2923 illius

441 2949 654 3021 quidem
684 2953 1110 3024 acceptissimam
1142 2955 1265 3011 fecit
1287 2957 1613 3012 oblationem
1634 3000 1650 3026 ,
1681 2957 1836 3029 hujus
1857 2968 2036 3014 autem

447 3042 797 3112 repudiatam.
829 3044 896 3098 Et
923 3046 1118 3116 aspexit
1133 3045 1268 3102 Deus
1282 3047 1350 3100 ad
1363 3047 1504 3115 Abel,
1526 3057 1572 3102 et
1596 3049 1663 3102 ad
1687 3048 1822 3103 dona
1852 3051 2034 3120 ipsius.

454 3133 585 3189 Vide
625 3135 894 3205 quomodo
934 3137 1185 3207 impletur
1228 3137 1314 3192 hic
1353 3138 1494 3209 quod
1541 3139 1593 3193 in
1637 3140 1914 3210 evangelio
1956 3153 2039 3197 est

443 3223 642 3279 dictum
667 3244 680 3279 :
715 3226 876 3281 Primi
906 3237 1062 3282 erunt
1091 3229 1292 3294 ultimi,
1322 3238 1376 3284 et
1421 3230 1591 3284 ultimi
1640 3232 1792 3300 primi
1821 3230 2036 3304 (Matth.

446 3317 532 3371 l9.
566 3317 653 3372 30.
685 3317 847 3372 Marc.
885 3319 970 3373 10.
1002 3320 1090 3374 3t.
1120 3318 1246 3374 Luc.
1286 3321 1370 3376 l5.
1406 3320 1536 3393 50).
1584 3322 1721 3377 Ecce
1767 3323 1908 3377 enim
1947 3324 2036 3394 qui

445 3407 514 3462 ob
559 3408 1026 3478 primogenituram
1069 3410 1400 3481 privilegium
1450 3410 1708 3478 habebat,
1737 3421 1791 3468 et
1817 3413 2038 3481 pro'ndc

446 3498 592 3566 prior
636 3499 925 3565 offerebat,
957 3501 1135 3555 tniuor
1180 3501 1329 3556 visus
1362 3510 1445 3557 est
1471 3501 1653 3568 fratre,
1687 3511 1743 3556 ut
1768 3504 1858 3573 qui
1884 3519 2040 3560 secus

445 3591 660 3646 offerret
680 3608 836 3661 quam
860 3593 1155 3661 oportebat.
1180 3593 1310 3648 Nam
1329 3608 1449 3648 cum
1476 3603 1701 3664 uterque
1723 3595 2033 3660 obtulisset,

447 3681 578 3734 dicit
603 3680 779 3735 divina
801 3682 1071 3752 Scriptura
1099 3699 1112 3734 :
1146 3682 1212 3734 Et
1241 3685 1436 3752 aspexit
1467 3683 1604 3738 Deus
1624 3684 1692 3736 ad
1715 3684 1869 3751 Abel,
1901 3695 1946 3738 et
1971 3685 2039 3738 ad

446 3773 582 3825 dona
617 3774 748 3841 ejus.
791 3772 928 3840 Quid
959 3782 1076 3838 cst,
1108 3773 1175 3827 Et
1196 3775 1389 3845 aspexit
1413 3774 1438 3827 ?
1466 3774 1520 3828 Id
1547 3783 1662 3839 est,
1689 3777 2033 3846 approbavit,

451 3863 684 3918 laudavit
725 3875 994 3931 mentem,
1046 3868 1322 3922 coronavit
1377 3867 1736 3934 voluntatem,
1785 3878 1840 3924 et
1889 3871 2039 3940 quasi

446 3956 567 4022 quis
607 3955 782 4024 dicat,
826 3957 963 4011 facto
1003 3968 1287 4014 contentus
1331 3957 1446 4013 fuit.
1491 3959 1621 4013 Nam
1653 3969 1708 4015 et
1751 3960 1794 4015 si
1835 3960 1904 4016 dc
1932 3961 2041 4017 Deo

450 4045 746 4115 loquimur,
792 4055 846 4101 et
890 4046 956 4102 de
984 4048 1267 4103 itmnortali
1299 4057 1487 4104 natura
1519 4050 1728 4120 aperire
1772 4065 1834 4105 os
1876 4052 2039 4108 aude-

453 4152 604 4204 mus,
637 4138 763 4205 sed,
791 4140 1201 4216 cum-homines
1230 4142 1426 4206 simus,
1459 4157 1565 4196 non
1609 4157 1890 4211 possumus
1926 4142 2041 4198 lucc

449 4229 602 4283 aliter
613 4245 768 4299 quam
788 4246 881 4300 per
896 4232 1122 4301 linguam
1139 4233 1433 4301 percipere.
1451 4232 1679 4287 Attende
1697 4249 1808 4288 rem
1827 4235 2035 4288 miram.

452 4319 691 4388 Aspexit,
711 4321 899 4390 inquit,
924 4320 1062 4376 Deus
1088 4322 1156 4375 ad
1180 4321 1324 4389 Abel,
1342 4332 1388 4377 et
1399 4323 1466 4376 ad
1486 4323 1620 4376 dona
1645 4325 1822 4393 ipsius.
1853 4323 2041 4380 Ovium

451 4411 775 4467 oblationem
802 4413 938 4468 dona
972 4414 1176 4468 vocavit
1203 4432 1216 4468 :
1259 4415 1380 4484 quia
1422 4415 1685 4484 pretiosa,
1729 4415 1922 4470 eximia
1943 4457 1957 4481 ,
1987 4424 2044 4472 et.

456 4504 794 4559 immaculata
822 4505 1110 4562 obtulerat.
1156 4507 1380 4576 Aspexit
1407 4506 1564 4577 igitur
1592 4507 1657 4561 ad
1683 4506 1888 4577 ipsum,
1920 4508 2042 4578 quia

455 4612 589 4652 sano
617 4606 670 4653 et
695 4597 904 4654 sincero
929 4600 1110 4654 animo
1141 4601 1443 4667 obtulerat;
1483 4609 1537 4656 et
1565 4603 1631 4656 ad
1659 4603 1800 4657 dona
1829 4603 2004 4658 oblata
2025 4644 2040 4670 ,

453 4707 559 4746 non
593 4692 735 4761 quod
763 4692 924 4747 nullis
965 4692 1187 4748 maculis
1232 4708 1448 4764 aspersa
1495 4701 1699 4748 tantum
1720 4736 1735 4762 ,
1771 4693 1874 4752 sed
1900 4694 2044 4764 quod

454 4785 600 4840 omni
631 4800 696 4840 ex
743 4793 892 4855 parte
935 4785 1168 4855 pretiosa
1199 4793 1384 4848 erant,
1420 4795 1529 4839 tum
1572 4788 1642 4841 ob
1671 4794 1905 4840 mentem
1930 4786 2046 4855 ejus

452 4880 540 4948 qui
589 4879 884 4945 obtulerat,
930 4888 1040 4934 tum
1079 4877 1219 4948 quod
1271 4877 1620 4948 primogenita
1670 4885 1855 4942 erant,
1885 4885 1938 4931 et
1980 4892 2045 4930 ex

460 4971 562 5024 illis
601 4969 956 5031 electissima,
1005 4977 1060 5022 et
1087 4984 1153 5023 ex
1200 4967 1446 5037 adipibus
1490 4969 1654 5038 ipsis,
1687 4967 1788 5022 hoc
1835 4977 1950 5032 est,
1980 4982 2047 5020 ex

457 5062 669 5130 optimis
698 5062 918 5131 optima.
948 5060 1014 5114 Et
1057 5061 1250 5129 aspexit
1277 5059 1416 5113 Deus
1457 5060 1525 5112 ad
1554 5060 1712 5125 Abel,
1753 5069 1799 5113 et
1823 5058 1891 5111 ad
1917 5059 2049 5112 dona

458 5153 616 5219 ipsius
636 5168 655 5206 .'
684 5154 736 5208 5.
765 5153 834 5206 ad
875 5151 1001 5207 Cain
1037 5161 1204 5206 autem
1233 5193 1248 5217 ,
1287 5162 1334 5206 et
1363 5155 1434 5204 ad
1456 5152 1712 5220 sacriﬁcia
1748 5153 1908 5220 ipsius
1947 5168 2048 5205 non

459 5245 688 5296 attendit.
714 5243 851 5310 Quid
877 5253 1018 5298 recta
1043 5243 1337 5298 intentione
1354 5285 1368 5308 ,
1395 5252 1447 5297 et
1477 5242 1684 5296 sincera
1707 5251 1883 5296 mente
1904 5242 2047 5297 ohtu-

461 5336 597 5390 lerat
644 5335 809 5404 Abel,
843 5337 1084 5408 Aspexit,
1127 5336 1328 5406 inquit,
1357 5334 1532 5400 Deus,
1590 5335 1691 5388 hec
1732 5345 1851 5400 est,
1889 5351 2048 5392 acu:-

461 5427 571 5494 pit,
603 5432 811 5494 gratum
836 5425 1050 5492 habuit,
1082 5425 1315 5480 laudavit
1343 5441 1357 5490 ;
1385 5435 1640 5479 cancrum
1683 5425 1860 5479 oblata
1888 5439 2048 5478 voca-

466 5518 539 5571 vit
587 5517 762 5584 dona,
833 5527 891 5572 ut
942 5533 1036 5587 per
1083 5518 1188 5573 hoc
1246 5517 1522 5574 offerentis
1565 5518 1745 5571 animo
1794 5516 2046 5582 majorem

461 5608 726 5659 honorem
768 5606 1048 5674 pra-heret.
1091 5608 1173 5661 Ad
1210 5607 1336 5663 Cain
1382 5620 1581 5672 autem,
1628 5619 1673 5661 et
1711 5608 1778 5659 ad
1803 5606 2052 5674 sacrificia

460 5695 600 5749 illius
650 5709 751 5748 non
788 5696 1021 5750 attendit.
1069 5698 1446 5754 Animadverte
1487 5698 1779 5768 Scriptura:
1829 5696 2052 5765 diligen-

523 5833 538 5863 ι
574 5825 720 5878 Savil.
748 5837 796 5878 et
819 5832 1036 5893 quinque
1058 5837 1184 5892 Mss,
1220 5835 1305 5884 sed
1339 5829 1454 5894 quid
1479 5832 1504 5883 .’

1131 371 1187 429 S.
1232 372 1513 430 JOANNIS
1545 367 2018 429 CIIRYSOSTUMI
2058 369 2377 426 ARCIIIEP.
2419 371 2958 430 CONSTAN'I'INOP.

3605 372 3706 428 156

2126 490 2252 544 tiam
2281 492 2320 542 ‘.
2347 488 2479 543 Cum
2509 489 2660 552 dixit,
2695 489 2814 543 Non
2837 489 3068 554 attendit,
3105 486 3418 542 monstravit
3455 485 3706 555 reproba—

2121 582 2318 636 tionem
2347 581 2644 636 oblatorum
2671 598 2683 634 :
2714 589 2768 635 et
2791 596 2910 634 cum
2933 579 3232 634 oblationes
3262 577 3526 632 fructuum
3551 587 3710 631 terra:

2119 673 2377 730 sacrificia
2427 683 2619 740 vocat,
2667 672 2812 728 aliud
2866 687 2964 727 nos
3018 671 3192 726 docet.
3247 669 3384 724 Vide
3439 668 3713 740 quomodo

2124 781 2218 835 per
2260 763 2399 820 facta
2437 775 2492 820 et
2540 765 2704 820 verba
2735 765 2847 834 ipsa
2899 763 3091 819 doceat
3143 761 3401 816 Dominus
3427 799 3442 824 ,
3490 775 3550 814 sc
3596 758 3714 814 haec

2129 857 2306 911 omnia
2351 871 2382 910 a
2431 856 2586 911 nobis
2619 856 2754 910 velle
2786 853 3063 925 praestari,
3113 863 3170 907 ut
3210 851 3375 907 animi
3403 851 3570 906 nostri
3619 867 3716 920 per

2123 963 2184 1003 ea
2227 962 2346 1018 quae
2383 961 2413 1000 a
2460 946 2612 1001 nobis
2656 946 2829 1012 fiunt,
2877 943 3145 999 manifesti
3190 942 3519 1008 reddantur,
3565 950 3620 995 et
3660 952 3718 996 ut

2122 1040 2355 1094 sciamus
2394 1050 2491 1093 nos
2537 1037 2816 1092 Dominum
2872 1034 3072 1091 habere
3103 1043 3160 1090 et
3201 1033 3542 1090 Conditorem
3590 1049 3715 1088 eum

2124 1130 2214 1199 qui
2244 1145 2308 1184 ex
2359 1129 2526 1183 nihilo
2557 1143 2654 1184 nos
2678 1136 2737 1182 ut
2783 1141 3026 1182 essemus
3073 1125 3340 1195 produxit.
3387 1123 3528 1179 Oves
3570 1123 3716 1180 enim

2128 1235 2348 1276 munera
2398 1219 2722 1274 nominando
2768 1217 2948 1273 divina
2991 1216 3298 1286 Scriptura,
3333 1224 3487 1270 terra:
3539 1222 3716 1268 autem

2130 1311 2331 1367 fructus
2365 1309 2623 1366 sacrificia
2678 1307 3038 1379 appellando,
3092 1307 3368 1361 docetnos
3433 1305 3717 1358 Dominum

2131 1417 2303 1472 neque
2331 1410 2386 1458 ut
2430 1401 2583 1456 bruta
2609 1400 2969 1463 adducantur,
3014 1413 3187 1468 neque
3229 1406 3287 1452 ut
3313 1406 3473 1451 terra:
3521 1395 3722 1450 fructus

2129 1495 2424 1550 offerantur
2445 1535 2461 1560 ,
2493 1493 2586 1549 sed
2618 1502 2822 1548 tantum
2867 1491 3062 1546 mentis
3097 1489 3431 1544 affectionem
3459 1501 3720 1558 quaerere.

2068 1651 2073 1655 _
2131 1587 2285 1644 Unde
2313 1596 2367 1640 et
2395 1601 2537 1640 nunc
2565 1593 2782 1656 propter
2811 1581 3007 1638 mentis
3027 1580 3362 1637 affectionem
3388 1579 3480 1634 ille
3502 1577 3718 1650 quidem

2132 1695 2252 1734 cum
2282 1678 2438 1732 donis
2483 1677 2806 1748 approbatus
2836 1684 2954 1741 est,
2981 1684 3037 1729 et
3076 1681 3260 1744 gratus
3291 1671 3389 1726 fuit
3415 1687 3434 1726 :
3466 1671 3566 1727 iste
3596 1685 3728 1726 vero

2129 1787 2250 1828 cum
2278 1771 2543 1826 sacrificio
2563 1785 2661 1825 suo
2681 1769 2913 1838 rejectus
2928 1775 3030 1822 est.
3051 1765 3182 1821 Illud
3204 1773 3380 1819 autem
3397 1806 3413 1832 ,
3434 1764 3637 1833 Aspeait
3659 1763 3730 1816 ad

2133 1864 2286 1930 Abel,
2316 1874 2360 1916 et
2383 1862 2451 1916 ad
2472 1877 2681 1915 munera
2702 1841 2860 1929 ipsius
2883 1900 2900 1926 ,
2924 1858 2991 1911 ad
3018 1856 3147 1912 Cain
3167 1865 3366 1920 autem,
3389 1863 3434 1909 et
3455 1853 3527 1907 ad
3574 1852 3730 1906 sacri-

2135 1957 2254 2027 ﬁcia
2296 1957 2435 2010 illius
2477 1971 2580 2008 non
2629 1952 2876 2020 attendit,
2927 1952 2998 2005 ita
3049 1949 3412 2019 intelligamus
3459 1955 3517 2001 ut
3562 1946 3728 2001 Deum

2135 2048 2310 2104 decet.
2344 2046 2472 2100 Vult
2500 2045 2642 2101 enim
2689 2044 2904 2110 dicere,
2939 2043 3107 2097 Deum
3139 2040 3242 2096 illis
3273 2048 3456 2094 notum
3505 2039 3729 2104 fecisse,

2135 2157 2194 2199 se
2217 2144 2357 2199 illius
2373 2141 2669 2213 approbare
2692 2139 3040 2203 voluntatem,
3071 2135 3226 2204 hujus
3263 2143 3439 2188 autem
3469 2131 3733 2203 repellere

2137 2235 2401 2306 ingratum
2432 2232 2686 2287 animum.
2719 2227 3032 2300 Hujusmodi
3053 2237 3178 2281 sunt
3201 2240 3262 2281 ea
3280 2239 3400 2295 quae
3428 2239 3457 2277 a
3478 2224 3586 2278 Deo
3610 2231 3729 2276 acta

2139 2326 2317 2382 fuere:
2351 2324 2627 2380 videamus
2655 2334 2832 2377 autem
2875 2320 3172 2391 sequentia.
3197 2318 3264 2375 Et
3309 2317 3516 2372 tristitia
3560 2314 3730 2382 aﬂ‘eeit

2138 2419 2264 2474 Cain
2288 2417 2434 2472 valde
2461 2415 2534 2487 (a)
2555 2458 2569 2483 ,
2599 2425 2644 2470 et
2673 2413 2892 2469 concidit
2910 2414 3072 2466 vultus
3095 2411 3223 2480 ejus.
3255 2408 3392 2477 Quid
3427 2417 3527 2472 est,
3557 2405 3617 2459 Et
3645 2406 3734 2459 tri-

2137 2513 2276 2567 stitia
2318 2510 2488 2578 a/i'ecit
2533 2509 2660 2565 Cain
2703 2508 2892 2562 valde?
2919 2505 3126 2576 Duplex
3153 2503 3226 2558 illi
3264 2501 3475 2557 tristitia
3515 2497 3730 2562 accidit,

2139 2618 2245 2658 non
2274 2612 2480 2656 tantum
2527 2600 2668 2671 quod
2713 2599 2860 2654 solus
2905 2598 3019 2668 ipse
3065 2594 3413 2666 repudiatus,
3442 2590 3535 2646 sed
3593 2589 3736 2658 quod

2144 2693 2324 2748 fratris
2378 2691 2578 2746 donum
2642 2697 2918 2758 acceptum
2973 2685 3152 2740 fuerit.
3204 2682 3273 2736 Et
3320 2682 3523 2737 tristitia
3567 2679 3737 2746 affecit

2139 2783 2267 2840 Cain
2295 2785 2459 2849 valde,
2488 2794 2535 2837 et
2562 2782 2779 2836 concidit
2805 2780 2971 2836 vultus
3012 2779 3172 2832 illius.
3204 2775 3340 2843 Quid
3383 2773 3560 2829 affecit
3587 2772 3735 2826 illum

2142 2877 2390 2933 tristitia?
2433 2877 2666 2946 Utraque
2709 2873 2823 2929 hzce
2847 2871 3002 2928 valde
3054 2870 3268 2925 tristitia
3311 2867 3635 2930 all‘ccerunt,
3683 2873 3740 2918 et

2139 2968 2282 3040 quod
2325 2967 2580 3022 Dominus
2622 2980 2728 3019 non
2774 2962 3062 3019 attenderit.
3096 2959 3424 3016 sacrificium
3470 2957 3655 3028 ipsius,
3683 2965 3739 3010 et

2139 3057 2282 3130 quod
2325 3057 2524 3112 donum
2569 3054 2747 3110 fratris
2787 3062 3066 3122 acceptum
3109 3051 3158 3106 ei
3199 3049 3377 3104 fuerit.
3410 3047 3540 3102 Cum
3581 3047 3739 3115 igitur

2141 3165 2277 3222 Opus
2303 3158 2446 3205 esset
2475 3157 2533 3203 ut
2561 3148 2625 3212 is,
2656 3147 2744 3218 qui
2791 3145 3046 3201 delictum
3076 3142 3385 3208 admiserat,
3418 3139 3542 3195 illud
3570 3140 3737 3194 corri-

2143 3253 2329 3314 geret:
2365 3239 2620 3296 Dominus
2665 3237 2807 3293 enim
2837 3236 3073 3291 clemens
3103 3249 3226 3289 cum
3249 3233 3340 3298 sit,
3374 3247 3480 3285 non
3507 3239 3612 3283 tam
3641 3245 3738 3283 nos

2141 3343 2419 3390 aversatur
2447 3333 2492 3385 si
2521 3329 2916 3399 delinquamus,
2950 3339 3108 3396 quam
3145 3324 3188 3378 si
3221 3323 3274 3378 in
3301 3321 3497 3377 delicto
3525 3333 3736 3390 perma-

2143 3441 2366 3484 ncamus
2398 3441 2413 3476 :
2446 3423 2535 3478 ille
2563 3430 2747 3476 contra
2773 3419 2972 3474 nullam
2995 3416 3110 3486 ejus
3127 3415 3385 3470 rationem
3413 3411 3622 3466 habuit.

2215 3519 2270 3573 6.
2300 3516 2511 3570 Bonitas
2539 3512 2634 3566 Dei
2693 3527 2815 3581 ergo
2857 3509 3090 3563 Cainunt.
3139 3505 3207 3559 In
3252 3502 3586 3558 oblationibus
3619 3499 3740 3570 quid

2143 3609 2526 3667 obseruandum.
2555 3635 2627 3646 —-
2666 3605 2733 3660 Et
2758 3612 2816 3657 ut
2841 3602 2942 3656 hoc
2981 3599 3255 3656 evidenter
3291 3594 3450 3661 scias,
3480 3602 3537 3649 et
3586 3592 3739 3648 beni-

2143 3701 2364 3774 gnitatis
2421 3698 2590 3768 ipsius
2647 3692 3063 3765 magnitudinem
3123 3688 3446 3745 inell'abilem
3480 3684 3738 3757 .videas,

2150 3792 2267 3847 vide
2330 3805 2398 3846 ex
2457 3789 2540 3843 his
2595 3801 2716 3857 qua:
2773 3797 2915 3838 nunc
2965 3781 3098 3836 fiunt
3145 3779 3399 3835 bonitatis
3449 3777 3589 3832 illius
3643 3789 3740 3828 cx-

2145 3883 2480 3946 cellentiam,
2525 3888 2580 3935 et
2617 3876 2884 3949 patientiae
2927 3872 3368 3943 magnitudinem.
3417 3869 3550 3925 Nam
3596 3877 3740 3939 post-

2144 3991 2302 4048 quam
2355 3972 2488 4029 vidit
2528 3971 2675 4027 illum
2729 3981 2889 4038 supra
2942 3965 3156 4021 modum
3213 3970 3491 4027 mcestum,
3537 3969 3619 4022 et,
3684 3965 3742 4012 ut

2147 4073 2218 4124 ita
2243 4068 2438 4133 dicam,
2466 4080 2495 4118 a
2523 4062 2751 4119 tristitia:
2775 4059 3022 4115 fluctibus
3051 4056 3386 4112 submersum
3417 4053 3504 4120 iri,
3525 4067 3628 4106 nou
3646 4050 3740 4104 de-

2146 4161 2340 4231 spexit,
2361 4158 2458 4214 sed
2483 4171 2640 4228 quam
2670 4170 2794 4225 erga
2818 4161 3019 4222 patrem
3045 4149 3209 4219 ipsius
3233 4146 3615 4213 benignitatem
3639 4142 3739 4196 dc-

2145 4253 2444 4308 claraverat
2462 4291 2476 4314 ,
2495 4248 2630 4302 dans
2653 4245 2728 4300 illi
2748 4241 3109 4299 satisfaciendi
3130 4239 3440 4294 occasiones
3469 4243 3588 4306 post
3614 4247 3737 4304 gra-

2146 4359 2268 4402 vem
2306 4342 2454 4397 illum
2493 4342 2697 4410 lapsum
2720 4379 2736 4402 ,
2778 4351 2840 4391 ac
2883 4334 3091 4390 fiducita
3129 4333 3346 4403 januam
3375 4329 3653 4400 aperiens,
3683 4333 3739 4379 et

2146 4439 2330 4495 dicens
2354 4455 2367 4489 :
2399 4435 2496 4490 Ubi
2522 4434 2609 4488 es?
2627 4430 2871 4488 eamdem
2901 4441 2953 4484 et
2982 4441 3126 4484 nunc
3146 4441 3271 4498 erga
3297 4426 3563 4495 ingratum
3590 4420 3737 4474 illmn

2149 4530 2420 4593 declarat,
2467 4539 2684 4582 manum
2731 4523 2805 4576 illi
2845 4520 2996 4592 quasi
3033 4520 3084 4574 in
3124 4531 3364 4590 prmceps
3391 4513 3536 4569 eunti
3566 4510 3738 4581 porri-

2153 4635 2326 4692 gens;
2373 4629 2429 4675 et
2465 4617 2800 4673 occasionem
2844 4611 3083 4683 praebere
3125 4609 3346 4672 volens,
3391 4616 3448 4660 ut
3488 4603 3739 4658 delictum

2150 4712 2420 4782 corrigat,
2469 4710 2542 4763 illi
2591 4707 2721 4763 dicit
2767 4723 2780 4758 :
2831 4704 2885 4760 6.
2933 4703 3103 4767 Quare
3142 4709 3344 4754 mmslus
3382 4704 3547 4767 [actus
3575 4693 3745 4748 es?et

2148 4820 2306 4875 quare
2337 4803 2552 4856 concidit
2587 4799 2753 4853 vultus
2793 4795 2952 4851 tuus?
2991 4795 3042 4848 7.
3085 4791 3300 4856 Nonne,
3327 4791 3370 4842 si
3394 4796 3523 4842 recte
3545 4785 3743 4840 obtule-

2151 4897 2242 4961 ris,
2269 4903 2403 4948 recte
2434 4903 2602 4947 autem
2631 4907 2730 4944 non
2761 4889 3010 4951 diviseris,
3044 4883 3304 4956 peccasti?
3327 4882 3555 4949 Quiesce.
3589 4879 3670 4932 Ad
3699 4887 3746 4932 te

2151 4986 2403 5042 conversio
2425 4985 2564 5038 illius
2583 5025 2597 5047 ,
2625 4990 2672 5035 et
2694 4990 2747 5034 tu
2772 4980 2910 5033 illius
2935 4975 3293 5030 dominaberis.
3326 4969 3743 5034 Animadverte,

2153 5077 2368 5138 dilecte,
2395 5071 2716 5127 ineffabilem
2772 5067 3119 5139 providentia:
3161 5061 3564 5133 indulgentiam.
3611 5057 3742 5126 Quia

2153 5167 2297 5223 enim
2325 5162 2457 5218 vidit
2494 5161 2642 5216 illum
2669 5159 2738 5214 ab
2763 5157 3069 5212 invidentia:
3099 5155 3320 5221 morbo,
3351 5161 3410 5207 ut
3434 5151 3505 5205 ita
3533 5149 3742 5204 dicam.

2147 5244 2441 5316 Oppugnari
2463 5285 2478 5309 ,
2508 5243 2629 5296 vide
2657 5239 2928 5310 quomodo
2953 5254 3050 5310 pro
3071 5254 3163 5294 sua
3184 5238 3419 5294 bonitate
3445 5254 3746 5310 congruen-

2149 5348 2218 5393 tia
2246 5352 2348 5406 tpsr
2373 5335 2606 5390 remedia
2630 5332 2849 5403 apponit
2873 5373 2888 5398 ,
2923 5341 2983 5386 ut
3006 5332 3188 5387 statim
3219 5332 3495 5398 educatur,
3518 5341 3571 5386 et
3591 5334 3745 5402 aquis

2147 5447 2252 5486 non
2285 5429 2560 5485 obruatur.
2594 5428 2765 5494 Quare
2785 5434 2990 5480 maestus
3015 5425 3179 5495 factus
3205 5441 3256 5478 es
3273 5425 3299 5478 .9
3327 5435 3371 5479 et
3391 5442 3546 5494 quare
3571 5427 3742 5478 conci-

2146 5524 2220 5577 dit
2244 5523 2406 5577 vultus
2451 5531 2563 5574 tuus
2585 5522 2610 5575 .’
2632 5518 2808 5586 Quare
2837 5527 2979 5573 tanta
3002 5518 3260 5573 detineris
3284 5518 3516 5582 tristitia,
3536 5528 3590 5570 ut
3614 5519 3741 5571 etin

2142 5617 2277 5675 facie
2304 5614 2554 5671 mmroris
2571 5610 2987 5682 magnitudinem
3006 5610 3298 5667 ostendas?
3327 5612 3498 5679 Quare
3521 5609 3741 5664 concidit

2228 5765 2245 5798 ι
2279 5759 2470 5810 Cois-lin.
2486 5792 2500 5815 ,
2530 5753 2785 5815 veritatem.

2229 5805 2613 5887 (dilidam:
2638 5813 2778 5877 hujus
2798 5808 2934 5869 tomi,
2956 5805 2982 5868 §
3007 5806 3083 5856 lV.
