  <div class='ocr_page' id='page_1' title='image "/cluster/home/n/w/nwhite01/storage/ocr_20150623/53:no.4:pt.1/coo.31924054869536/156.png"; bbox 0 0 4110 6418; ppageno 0'>
   <div class='ocr_carea' id='block_1_1' title="bbox 356 419 457 479">
    <p class='ocr_par' dir='ltr' id='par_1_1' title="bbox 356 419 457 479">
     <span class='ocr_line' id='line_1_1' title="bbox 356 419 457 479; baseline -0.01 0"><span class='ocrx_word' id='word_1_1' title='bbox 356 419 457 479; x_wconf 69' lang='grc'>155</span> 
     </span>
    </p>
   </div>
   <div class='ocr_carea' id='block_1_2' title="bbox 351 532 2026 609">
    <p class='ocr_par' dir='ltr' id='par_1_2' title="bbox 351 532 2026 609">
     <span class='ocr_line' id='line_1_2' title="bbox 351 532 2026 609; baseline -0.006 -16"><span class='ocrx_word' id='word_1_2' title='bbox 351 538 459 594; x_wconf 82' lang='grc' dir='ltr'>άπὸ</span> <span class='ocrx_word' id='word_1_3' title='bbox 492 538 587 592; x_wconf 84' lang='lat'>:06</span> <span class='ocrx_word' id='word_1_4' title='bbox 627 537 1053 609; x_wconf 74' lang='grc' dir='ltr'>ἐπιτηδεύματος</span> <span class='ocrx_word' id='word_1_5' title='bbox 1096 537 1279 599; x_wconf 78' lang='grc' dir='ltr'>αὐτοῦ,</span> <span class='ocrx_word' id='word_1_6' title='bbox 1304 536 1398 591; x_wconf 74' lang='grc' dir='ltr'>καὶ</span> <span class='ocrx_word' id='word_1_7' title='bbox 1436 537 1499 590; x_wconf 84' lang='grc' dir='ltr'>ἐκ</span> <span class='ocrx_word' id='word_1_8' title='bbox 1533 536 1633 606; x_wconf 82' lang='grc' dir='ltr'>τῆς</span> <span class='ocrx_word' id='word_1_9' title='bbox 1661 532 2026 605; x_wconf 80' lang='grc' dir='ltr'>ποιμαντικῆς</span> 
     </span>
    </p>
   </div>
   <div class='ocr_carea' id='block_1_3' title="bbox 351 620 2027 699">
    <p class='ocr_par' dir='ltr' id='par_1_3' title="bbox 351 620 2027 699">
     <span class='ocr_line' id='line_1_3' title="bbox 351 620 2027 699; baseline -0.004 -20"><span class='ocrx_word' id='word_1_10' title='bbox 351 627 448 698; x_wconf 82' lang='grc' dir='ltr'>τὴν</span> <span class='ocrx_word' id='word_1_11' title='bbox 482 627 675 681; x_wconf 81' lang='grc' dir='ltr'>θυσίαν</span> <span class='ocrx_word' id='word_1_12' title='bbox 709 628 1331 699; x_wconf 75' lang='grc' dir='ltr'>προσήνεγκε.Ἢνεγκε</span> <span class='ocrx_word' id='word_1_13' title='bbox 1370 625 1499 696; x_wconf 72' lang='grc' dir='ltr'>γὰρ,</span> <span class='ocrx_word' id='word_1_14' title='bbox 1523 624 1675 694; x_wconf 77' lang='grc' dir='ltr'>φησὶ,</span> <span class='ocrx_word' id='word_1_15' title='bbox 1707 621 1806 677; x_wconf 76' lang='grc' dir='ltr'>καὶ</span> <span class='ocrx_word' id='word_1_16' title='bbox 1846 620 2027 686; x_wconf 74' lang='grc' dir='ltr'>αὐτὸς</span> 
     </span>
    </p>
   </div>
   <div class='ocr_carea' id='block_1_4' title="bbox 349 708 2028 783">
    <p class='ocr_par' dir='ltr' id='par_1_4' title="bbox 349 708 2028 783">
     <span class='ocr_line' id='line_1_4' title="bbox 349 708 2028 783; baseline -0.007 -13"><span class='ocrx_word' id='word_1_17' title='bbox 349 715 469 770; x_wconf 79' lang='grc' dir='ltr'>ἀπὸ</span> <span class='ocrx_word' id='word_1_18' title='bbox 508 713 629 768; x_wconf 83' lang='grc' dir='ltr'>τῶν</span> <span class='ocrx_word' id='word_1_19' title='bbox 666 717 1055 783; x_wconf 75' lang='grc' dir='ltr'>πρωτοτόκων</span> <span class='ocrx_word' id='word_1_20' title='bbox 1084 712 1205 767; x_wconf 85' lang='grc' dir='ltr'>τῶν</span> <span class='ocrx_word' id='word_1_21' title='bbox 1237 711 1545 781; x_wconf 79' lang='grc' dir='ltr'>προϐάτων</span> <span class='ocrx_word' id='word_1_22' title='bbox 1562 709 1768 773; x_wconf 82' lang='grc' dir='ltr'>αὐτοῦ,</span> <span class='ocrx_word' id='word_1_23' title='bbox 1790 709 1887 763; x_wconf 76' lang='grc' dir='ltr'>καί</span> <span class='ocrx_word' id='word_1_24' title='bbox 1911 708 2028 762; x_wconf 83' lang='grc' dir='ltr'>ἀπὸ</span> 
     </span>
    </p>
   </div>
   <div class='ocr_carea' id='block_1_5' title="bbox 349 796 2028 870">
    <p class='ocr_par' dir='ltr' id='par_1_5' title="bbox 349 796 2028 870">
     <span class='ocr_line' id='line_1_5' title="bbox 349 796 2028 870; baseline -0.005 -14"><span class='ocrx_word' id='word_1_25' title='bbox 349 803 459 856; x_wconf 65' lang='grc' dir='ltr'>τῶν</span> <span class='ocrx_word' id='word_1_26' title='bbox 487 801 755 857; x_wconf 79' lang='grc' dir='ltr'>στεάτων</span> <span class='ocrx_word' id='word_1_27' title='bbox 771 800 987 856; x_wconf 81' lang='grc' dir='ltr'>αὐτῶν.</span> <span class='ocrx_word' id='word_1_28' title='bbox 1027 801 1224 855; x_wconf 87' lang='grc' dir='ltr'>Σκόπει</span> <span class='ocrx_word' id='word_1_29' title='bbox 1259 800 1375 864; x_wconf 87' lang='grc' dir='ltr'>πῶς</span> <span class='ocrx_word' id='word_1_30' title='bbox 1402 802 1533 870; x_wconf 81' lang='grc' dir='ltr'>ἡμῖν</span> <span class='ocrx_word' id='word_1_31' title='bbox 1553 799 1846 853; x_wconf 75' lang='grc' dir='ltr'>αἰνίττεται</span> <span class='ocrx_word' id='word_1_32' title='bbox 1863 796 1924 849; x_wconf 86' lang='lat'>:6</span> <span class='ocrx_word' id='word_1_33' title='bbox 1943 813 2028 864; x_wconf 77' lang='grc' dir='ltr'>φι-</span> 
     </span>
    </p>
   </div>
   <div class='ocr_carea' id='block_1_6' title="bbox 350 885 2027 962">
    <p class='ocr_par' dir='ltr' id='par_1_6' title="bbox 350 885 2027 962">
     <span class='ocr_line' id='line_1_6' title="bbox 350 885 2027 962; baseline -0.004 -18"><span class='ocrx_word' id='word_1_34' title='bbox 350 891 533 946; x_wconf 80' lang='grc' dir='ltr'>λόθεον</span> <span class='ocrx_word' id='word_1_35' title='bbox 552 891 737 945; x_wconf 83' lang='grc' dir='ltr'>τούτου</span> <span class='ocrx_word' id='word_1_36' title='bbox 754 894 819 962; x_wconf 84' lang='grc' dir='ltr'>τῆ</span> <span class='ocrx_word' id='word_1_37' title='bbox 835 908 854 952; x_wconf 79' lang='grc' dir='ltr'>ς</span> <span class='ocrx_word' id='word_1_38' title='bbox 870 890 1116 962; x_wconf 80' lang='grc' dir='ltr'>γνώμης,</span> <span class='ocrx_word' id='word_1_39' title='bbox 1133 891 1228 944; x_wconf 70' lang='grc' dir='ltr'>καὶ</span> <span class='ocrx_word' id='word_1_40' title='bbox 1245 890 1326 943; x_wconf 85' lang='grc' dir='ltr'>ὅτι</span> <span class='ocrx_word' id='word_1_41' title='bbox 1343 890 1439 959; x_wconf 82' lang='grc' dir='ltr'>οὐχ</span> <span class='ocrx_word' id='word_1_42' title='bbox 1455 888 1640 951; x_wconf 85' lang='grc' dir='ltr'>ἁπλῶς</span> <span class='ocrx_word' id='word_1_43' title='bbox 1656 886 1764 940; x_wconf 80' lang='grc' dir='ltr'>άπὸ</span> <span class='ocrx_word' id='word_1_44' title='bbox 1776 885 1885 940; x_wconf 89' lang='grc' dir='ltr'>τῶν</span> <span class='ocrx_word' id='word_1_45' title='bbox 1904 902 2027 956; x_wconf 83' lang='grc' dir='ltr'>προ·</span> 
     </span>
    </p>
   </div>
   <div class='ocr_carea' id='block_1_7' title="bbox 350 978 2027 1051">
    <p class='ocr_par' dir='ltr' id='par_1_7' title="bbox 350 978 2027 1051">
     <span class='ocr_line' id='line_1_7' title="bbox 350 978 2027 1051; baseline -0.004 -19"><span class='ocrx_word' id='word_1_46' title='bbox 350 979 528 1034; x_wconf 88' lang='grc' dir='ltr'>ϐάτων</span> <span class='ocrx_word' id='word_1_47' title='bbox 566 981 961 1051; x_wconf 78' lang='grc' dir='ltr'>προσήνεγκεν,</span> <span class='ocrx_word' id='word_1_48' title='bbox 981 979 1093 1032; x_wconf 87' lang='grc' dir='ltr'>ἀλλ’</span> <span class='ocrx_word' id='word_1_49' title='bbox 1128 978 1261 1033; x_wconf 78' lang='grc' dir='ltr'>Ὰπύ</span> <span class='ocrx_word' id='word_1_50' title='bbox 1296 978 1414 1031; x_wconf 82' lang='grc' dir='ltr'>τῶν</span> <span class='ocrx_word' id='word_1_51' title='bbox 1446 978 1853 1045; x_wconf 76' lang='grc' dir='ltr'>πρωτοτόκων,</span> <span class='ocrx_word' id='word_1_52' title='bbox 1874 990 2027 1026; x_wconf 85' lang='grc' dir='ltr'>τουτ-</span> 
     </span>
    </p>
   </div>
   <div class='ocr_carea' id='block_1_8' title="bbox 348 1060 2026 1139">
    <p class='ocr_par' dir='ltr' id='par_1_8' title="bbox 348 1060 2026 1139">
     <span class='ocr_line' id='line_1_8' title="bbox 348 1060 2026 1139; baseline -0.004 -18"><span class='ocrx_word' id='word_1_53' title='bbox 348 1067 517 1133; x_wconf 86' lang='grc' dir='ltr'>έστιν,</span> <span class='ocrx_word' id='word_1_54' title='bbox 540 1068 648 1122; x_wconf 81' lang='grc' dir='ltr'>ἀπὸ</span> <span class='ocrx_word' id='word_1_55' title='bbox 666 1067 774 1121; x_wconf 91' lang='grc' dir='ltr'>τῶν</span> <span class='ocrx_word' id='word_1_56' title='bbox 793 1068 1011 1139; x_wconf 77' lang='grc' dir='ltr'>τιμίων,</span> <span class='ocrx_word' id='word_1_57' title='bbox 1031 1066 1140 1121; x_wconf 88' lang='grc' dir='ltr'>τῶν</span> <span class='ocrx_word' id='word_1_58' title='bbox 1161 1066 1458 1137; x_wconf 86' lang='grc' dir='ltr'>ἐξαιρέτων</span> <span class='ocrx_word' id='word_1_59' title='bbox 1479 1083 1491 1095; x_wconf 74' lang='grc' dir='ltr'><strong>ο</strong></span> <span class='ocrx_word' id='word_1_60' title='bbox 1516 1060 1633 1119; x_wconf 77' lang='grc' dir='ltr'>εἶτα</span> <span class='ocrx_word' id='word_1_61' title='bbox 1653 1063 1747 1117; x_wconf 68' lang='grc' dir='ltr'>καὶ</span> <span class='ocrx_word' id='word_1_62' title='bbox 1769 1062 1826 1130; x_wconf 77' lang='grc' dir='ltr'>ἐξ</span> <span class='ocrx_word' id='word_1_63' title='bbox 1847 1061 2026 1115; x_wconf 87' lang='grc' dir='ltr'>αὐτῶν</span> 
     </span>
    </p>
   </div>
   <div class='ocr_carea' id='block_1_9' title="bbox 346 1150 2023 1226">
    <p class='ocr_par' dir='ltr' id='par_1_9' title="bbox 346 1150 2023 1226">
     <span class='ocr_line' id='line_1_9' title="bbox 346 1150 2023 1226; baseline -0.004 -18"><span class='ocrx_word' id='word_1_64' title='bbox 346 1154 553 1209; x_wconf 86' lang='grc' dir='ltr'>τούτων</span> <span class='ocrx_word' id='word_1_65' title='bbox 589 1152 695 1208; x_wconf 87' lang='grc' dir='ltr'>τῶν</span> <span class='ocrx_word' id='word_1_66' title='bbox 732 1155 1093 1226; x_wconf 83' lang='grc' dir='ltr'>πρωτοτόκων</span> <span class='ocrx_word' id='word_1_67' title='bbox 1124 1154 1284 1207; x_wconf 84' lang='grc' dir='ltr'>πάλιν</span> <span class='ocrx_word' id='word_1_68' title='bbox 1316 1152 1385 1207; x_wconf 80' lang='grc' dir='ltr'>τὰ</span> <span class='ocrx_word' id='word_1_69' title='bbox 1418 1151 1720 1223; x_wconf 88' lang='grc' dir='ltr'>τιμιώτερα</span> <span class='ocrx_word' id='word_1_70' title='bbox 1741 1167 1753 1179; x_wconf 90' lang='grc'>·</span> <span class='ocrx_word' id='word_1_71' title='bbox 1776 1150 1883 1204; x_wconf 78' lang='grc' dir='ltr'>Καὶ</span> <span class='ocrx_word' id='word_1_72' title='bbox 1907 1150 2023 1203; x_wconf 79' lang='grc' dir='ltr'>ἀπὸ</span> 
     </span>
    </p>
   </div>
   <div class='ocr_carea' id='block_1_10' title="bbox 346 1238 2025 1312">
    <p class='ocr_par' dir='ltr' id='par_1_10' title="bbox 346 1238 2025 1312">
     <span class='ocr_line' id='line_1_10' title="bbox 346 1238 2025 1312; baseline -0.004 -16"><span class='ocrx_word' id='word_1_73' title='bbox 346 1241 469 1296; x_wconf 82' lang='grc' dir='ltr'>τῶν</span> <span class='ocrx_word' id='word_1_74' title='bbox 506 1241 794 1305; x_wconf 82' lang='grc' dir='ltr'>στεάτων,</span> <span class='ocrx_word' id='word_1_75' title='bbox 829 1242 1015 1312; x_wconf 78' lang='grc' dir='ltr'>φησὶν,</span> <span class='ocrx_word' id='word_1_76' title='bbox 1053 1239 1271 1306; x_wconf 84' lang='grc' dir='ltr'>αὐτῶν,</span> <span class='ocrx_word' id='word_1_77' title='bbox 1301 1241 1411 1295; x_wconf 87' lang='grc' dir='ltr'>τῶν</span> <span class='ocrx_word' id='word_1_78' title='bbox 1451 1238 1884 1310; x_wconf 86' lang='grc' dir='ltr'>εὐπαθεστέρων,</span> <span class='ocrx_word' id='word_1_79' title='bbox 1919 1239 2025 1291; x_wconf 85' lang='grc' dir='ltr'>τῶν</span> 
     </span>
    </p>
   </div>
   <div class='ocr_carea' id='block_1_11' title="bbox 345 1326 2027 1401">
    <p class='ocr_par' dir='ltr' id='par_1_11' title="bbox 345 1326 2027 1401">
     <span class='ocr_line' id='line_1_11' title="bbox 345 1326 2027 1401; baseline -0.004 -18"><span class='ocrx_word' id='word_1_80' title='bbox 345 1331 571 1401; x_wconf 87' lang='grc' dir='ltr'>τιμιωτέ</span> <span class='ocrx_word' id='word_1_81' title='bbox 580 1348 704 1401; x_wconf 86' lang='grc' dir='ltr'>ρων.</span> <span class='ocrx_word' id='word_1_82' title='bbox 723 1331 846 1383; x_wconf 70' lang='grc' dir='ltr'>Ἐπὶ</span> <span class='ocrx_word' id='word_1_83' title='bbox 880 1329 936 1383; x_wconf 82' lang='grc' dir='ltr'>δὲ</span> <span class='ocrx_word' id='word_1_84' title='bbox 968 1329 1061 1383; x_wconf 78' lang='grc' dir='ltr'>τοῦ</span> <span class='ocrx_word' id='word_1_85' title='bbox 1095 1329 1234 1383; x_wconf 87' lang='grc' dir='ltr'>Κάῖν</span> <span class='ocrx_word' id='word_1_86' title='bbox 1253 1329 1403 1383; x_wconf 82' lang='grc' dir='ltr'>οὐδὲν</span> <span class='ocrx_word' id='word_1_87' title='bbox 1423 1327 1660 1381; x_wconf 75' lang='grc' dir='ltr'>τοιοῦτον</span> <span class='ocrx_word' id='word_1_88' title='bbox 1678 1328 1846 1395; x_wconf 84' lang='grc' dir='ltr'>ὲπεση</span> <span class='ocrx_word' id='word_1_89' title='bbox 1858 1326 2027 1395; x_wconf 84' lang='grc' dir='ltr'>μήνα-</span> 
     </span>
    </p>
   </div>
   <div class='ocr_carea' id='block_1_12' title="bbox 344 1412 2025 1489">
    <p class='ocr_par' dir='ltr' id='par_1_12' title="bbox 344 1412 2025 1489">
     <span class='ocr_line' id='line_1_12' title="bbox 344 1412 2025 1489; baseline -0.001 -19"><span class='ocrx_word' id='word_1_90' title='bbox 344 1434 438 1471; x_wconf 84' lang='grc' dir='ltr'>το’</span> <span class='ocrx_word' id='word_1_91' title='bbox 471 1418 586 1473; x_wconf 84' lang='grc' dir='ltr'>ἀλλ’</span> <span class='ocrx_word' id='word_1_92' title='bbox 607 1419 689 1472; x_wconf 87' lang='grc' dir='ltr'>ὄτι</span> <span class='ocrx_word' id='word_1_93' title='bbox 710 1430 736 1460; x_wconf 72' lang='grc' dir='ltr'>α</span> <span class='ocrx_word' id='word_1_94' title='bbox 767 1419 1140 1489; x_wconf 74' lang='grc' dir='ltr'>προσήνεγκεν</span> <span class='ocrx_word' id='word_1_95' title='bbox 1172 1417 1311 1471; x_wconf 73' lang='grc' dir='ltr'>Ἀπὸ</span> <span class='ocrx_word' id='word_1_96' title='bbox 1346 1416 1464 1469; x_wconf 85' lang='grc' dir='ltr'>τῶν</span> <span class='ocrx_word' id='word_1_97' title='bbox 1496 1414 1742 1482; x_wconf 78' lang='grc' dir='ltr'>καρπῶν</span> <span class='ocrx_word' id='word_1_98' title='bbox 1767 1412 1879 1481; x_wconf 80' lang='grc' dir='ltr'>τῆς</span> <span class='ocrx_word' id='word_1_99' title='bbox 1912 1413 2025 1483; x_wconf 76' lang='grc' dir='ltr'>γῆς</span> 
     </span>
    </p>
   </div>
   <div class='ocr_carea' id='block_1_13' title="bbox 346 1502 2023 1574">
    <p class='ocr_par' dir='ltr' id='par_1_13' title="bbox 346 1502 2023 1574">
     <span class='ocr_line' id='line_1_13' title="bbox 346 1502 2023 1574; baseline -0.002 -16"><span class='ocrx_word' id='word_1_100' title='bbox 346 1506 569 1559; x_wconf 75' lang='grc' dir='ltr'>θυσίαν</span> <span class='ocrx_word' id='word_1_101' title='bbox 587 1524 601 1536; x_wconf 93' lang='grc'><strong>·</strong></span> <span class='ocrx_word' id='word_1_102' title='bbox 641 1506 716 1568; x_wconf 81' lang='grc' dir='ltr'>ὡς</span> <span class='ocrx_word' id='word_1_103' title='bbox 751 1504 817 1558; x_wconf 80' lang='grc' dir='ltr'>ἂν</span> <span class='ocrx_word' id='word_1_104' title='bbox 854 1505 997 1558; x_wconf 85' lang='grc' dir='ltr'>είποι</span> <span class='ocrx_word' id='word_1_105' title='bbox 1033 1522 1137 1571; x_wconf 85' lang='grc' dir='ltr'>τις,</span> <span class='ocrx_word' id='word_1_106' title='bbox 1158 1505 1225 1558; x_wconf 84' lang='grc' dir='ltr'>τὰ</span> <span class='ocrx_word' id='word_1_107' title='bbox 1246 1505 1495 1574; x_wconf 79' lang='grc' dir='ltr'>τυχόντα,</span> <span class='ocrx_word' id='word_1_108' title='bbox 1516 1503 1771 1573; x_wconf 78' lang='grc' dir='ltr'>οὐδεμίαν</span> <span class='ocrx_word' id='word_1_109' title='bbox 1792 1502 2023 1573; x_wconf 85' lang='grc' dir='ltr'>σπουδὴν</span> 
     </span>
    </p>
   </div>
   <div class='ocr_carea' id='block_1_14' title="bbox 346 1589 2020 1664">
    <p class='ocr_par' dir='ltr' id='par_1_14' title="bbox 346 1589 2020 1664">
     <span class='ocr_line' id='line_1_14' title="bbox 346 1589 2020 1664; baseline -0.001 -18"><span class='ocrx_word' id='word_1_110' title='bbox 346 1592 466 1646; x_wconf 78' lang='grc' dir='ltr'>οὐδὲ</span> <span class='ocrx_word' id='word_1_111' title='bbox 505 1594 789 1664; x_wconf 83' lang='grc' dir='ltr'>ἀκρίϐειαν</span> <span class='ocrx_word' id='word_1_112' title='bbox 825 1591 1248 1663; x_wconf 74' lang='grc' dir='ltr'>ἐπιδειξάμενος.</span> <span class='ocrx_word' id='word_1_113' title='bbox 1287 1591 1452 1646; x_wconf 87' lang='grc' dir='ltr'>Πάλιν</span> <span class='ocrx_word' id='word_1_114' title='bbox 1470 1592 1632 1660; x_wconf 88' lang='grc' dir='ltr'>λέγω,</span> <span class='ocrx_word' id='word_1_115' title='bbox 1656 1592 1747 1644; x_wconf 73' lang='grc' dir='ltr'>καὶ</span> <span class='ocrx_word' id='word_1_116' title='bbox 1767 1589 1940 1658; x_wconf 88' lang='grc' dir='ltr'>λέγων</span> <span class='ocrx_word' id='word_1_117' title='bbox 1960 1592 2020 1644; x_wconf 92' lang='grc' dir='ltr'>οὐ</span> 
     </span>
    </p>
   </div>
   <div class='ocr_carea' id='block_1_15' title="bbox 348 1679 2022 1752">
    <p class='ocr_par' dir='ltr' id='par_1_15' title="bbox 348 1679 2022 1752">
     <span class='ocr_line' id='line_1_15' title="bbox 348 1679 2022 1752; baseline -0.001 -18"><span class='ocrx_word' id='word_1_118' title='bbox 348 1680 650 1751; x_wconf 79' lang='grc' dir='ltr'>παύσομαι,</span> <span class='ocrx_word' id='word_1_119' title='bbox 672 1681 773 1734; x_wconf 87' lang='grc' dir='ltr'>οὐκ</span> <span class='ocrx_word' id='word_1_120' title='bbox 814 1681 1000 1752; x_wconf 85' lang='grc' dir='ltr'>ἐπειδὴ</span> <span class='ocrx_word' id='word_1_121' title='bbox 1040 1684 1068 1734; x_wconf 88' lang='lat'>6</span> <span class='ocrx_word' id='word_1_122' title='bbox 1104 1681 1235 1744; x_wconf 66' lang='grc' dir='ltr'>Θεὸς</span> <span class='ocrx_word' id='word_1_123' title='bbox 1255 1679 1361 1733; x_wconf 87' lang='grc' dir='ltr'>τῶν</span> <span class='ocrx_word' id='word_1_124' title='bbox 1384 1681 1511 1750; x_wconf 76' lang='grc' dir='ltr'>παρ’</span> <span class='ocrx_word' id='word_1_125' title='bbox 1533 1680 1690 1748; x_wconf 79' lang='grc' dir='ltr'>ἡμῶν</span> <span class='ocrx_word' id='word_1_126' title='bbox 1712 1679 1903 1740; x_wconf 85' lang='grc' dir='ltr'>δεῖται,</span> <span class='ocrx_word' id='word_1_127' title='bbox 1927 1680 2022 1733; x_wconf 87' lang='grc' dir='ltr'>ἁν-</span> 
     </span>
    </p>
   </div>
   <div class='ocr_carea' id='block_1_16' title="bbox 344 1764 2020 1838">
    <p class='ocr_par' dir='ltr' id='par_1_16' title="bbox 344 1764 2020 1838">
     <span class='ocr_line' id='line_1_16' title="bbox 344 1764 2020 1838; baseline 0 -19"><span class='ocrx_word' id='word_1_128' title='bbox 344 1767 528 1837; x_wconf 83' lang='grc' dir='ltr'>έχεται</span> <span class='ocrx_word' id='word_1_129' title='bbox 565 1767 674 1822; x_wconf 83' lang='grc' dir='ltr'>τῶν</span> <span class='ocrx_word' id='word_1_130' title='bbox 704 1768 1148 1838; x_wconf 72' lang='grc' dir='ltr'>προσαγομένων,</span> <span class='ocrx_word' id='word_1_131' title='bbox 1172 1767 1309 1821; x_wconf 85' lang='grc' dir='ltr'>ἀλλά</span> <span class='ocrx_word' id='word_1_132' title='bbox 1329 1766 1575 1837; x_wconf 73' lang='grc' dir='ltr'>βούλεται</span> <span class='ocrx_word' id='word_1_133' title='bbox 1596 1767 1688 1819; x_wconf 78' lang='grc' dir='ltr'>καὶ</span> <span class='ocrx_word' id='word_1_134' title='bbox 1709 1765 1799 1819; x_wconf 76' lang='grc' dir='ltr'>διὰ</span> <span class='ocrx_word' id='word_1_135' title='bbox 1816 1764 2020 1819; x_wconf 83' lang='grc' dir='ltr'>τούτων</span> 
     </span>
    </p>
   </div>
   <div class='ocr_carea' id='block_1_17' title="bbox 341 1852 2021 1928">
    <p class='ocr_par' dir='ltr' id='par_1_17' title="bbox 341 1852 2021 1928">
     <span class='ocr_line' id='line_1_17' title="bbox 341 1852 2021 1928; baseline -0.003 -19"><span class='ocrx_word' id='word_1_136' title='bbox 341 1855 656 1910; x_wconf 75' lang='grc' dir='ltr'>δείκνυσθαι</span> <span class='ocrx_word' id='word_1_137' title='bbox 692 1856 790 1928; x_wconf 82' lang='grc' dir='ltr'>τὴν</span> <span class='ocrx_word' id='word_1_138' title='bbox 829 1856 1107 1928; x_wconf 84' lang='grc' dir='ltr'>ἡμετέραν</span> <span class='ocrx_word' id='word_1_139' title='bbox 1145 1854 1582 1925; x_wconf 77' lang='grc' dir='ltr'>εὐγνωμοσύνην.</span> <span class='ocrx_word' id='word_1_140' title='bbox 1615 1853 1719 1907; x_wconf 80' lang='grc' dir='ltr'>Τὸν</span> <span class='ocrx_word' id='word_1_141' title='bbox 1758 1852 1864 1925; x_wconf 78' lang='grc' dir='ltr'>γὰρ</span> <span class='ocrx_word' id='word_1_142' title='bbox 1902 1852 2021 1922; x_wconf 81' lang='grc' dir='ltr'>Θεῷ</span> 
     </span>
    </p>
   </div>
   <div class='ocr_carea' id='block_1_18' title="bbox 342 1942 2018 2016">
    <p class='ocr_par' dir='ltr' id='par_1_18' title="bbox 342 1942 2018 2016">
     <span class='ocr_line' id='line_1_18' title="bbox 342 1942 2018 2016; baseline -0.001 -21"><span class='ocrx_word' id='word_1_143' title='bbox 342 1945 706 2015; x_wconf 87' lang='grc' dir='ltr'>προσάγοντα,</span> <span class='ocrx_word' id='word_1_144' title='bbox 729 1945 822 1999; x_wconf 73' lang='grc' dir='ltr'>καὶ</span> <span class='ocrx_word' id='word_1_145' title='bbox 840 1946 905 1998; x_wconf 85' lang='grc' dir='ltr'>ὲκ</span> <span class='ocrx_word' id='word_1_146' title='bbox 924 1944 1031 1998; x_wconf 89' lang='grc' dir='ltr'>τῶν</span> <span class='ocrx_word' id='word_1_147' title='bbox 1053 1944 1215 1997; x_wconf 78' lang='grc' dir='ltr'>αὑτοῦ</span> <span class='ocrx_word' id='word_1_148' title='bbox 1238 1943 1601 2016; x_wconf 86' lang='grc' dir='ltr'>προσάγοντα,</span> <span class='ocrx_word' id='word_1_149' title='bbox 1624 1942 1717 1996; x_wconf 75' lang='grc' dir='ltr'>καὶ</span> <span class='ocrx_word' id='word_1_150' title='bbox 1737 1942 2018 1995; x_wconf 76' lang='grc' dir='ltr'>ἐννοοῦντα</span> 
     </span>
    </p>
   </div>
   <div class='ocr_carea' id='block_1_19' title="bbox 339 2027 2018 2101">
    <p class='ocr_par' dir='ltr' id='par_1_19' title="bbox 339 2027 2018 2101">
     <span class='ocr_line' id='line_1_19' title="bbox 339 2027 2018 2101; baseline -0.001 -19"><span class='ocrx_word' id='word_1_151' title='bbox 339 2030 404 2083; x_wconf 87' lang='lat'>:6</span> <span class='ocrx_word' id='word_1_152' title='bbox 443 2031 606 2101; x_wconf 82' lang='grc' dir='ltr'>μέσον</span> <span class='ocrx_word' id='word_1_153' title='bbox 642 2032 741 2101; x_wconf 83' lang='grc' dir='ltr'>τῆς</span> <span class='ocrx_word' id='word_1_154' title='bbox 779 2031 1013 2100; x_wconf 83' lang='grc' dir='ltr'>φύσεως,</span> <span class='ocrx_word' id='word_1_155' title='bbox 1036 2031 1132 2084; x_wconf 76' lang='grc' dir='ltr'>καὶ</span> <span class='ocrx_word' id='word_1_156' title='bbox 1151 2031 1230 2083; x_wconf 80' lang='grc' dir='ltr'>ὅτι</span> <span class='ocrx_word' id='word_1_157' title='bbox 1250 2030 1536 2101; x_wconf 76' lang='grc' dir='ltr'>ἄνθρωπος</span> <span class='ocrx_word' id='word_1_158' title='bbox 1556 2027 1821 2099; x_wconf 75' lang='grc' dir='ltr'>τοσαύτης</span> <span class='ocrx_word' id='word_1_159' title='bbox 1841 2027 2018 2092; x_wconf 76' lang='grc' dir='ltr'>ἀξιοῦ-</span> 
     </span>
    </p>
   </div>
   <div class='ocr_carea' id='block_1_20' title="bbox 338 2115 2017 2190">
    <p class='ocr_par' dir='ltr' id='par_1_20' title="bbox 338 2115 2017 2190">
     <span class='ocr_line' id='line_1_20' title="bbox 338 2115 2017 2190; baseline -0.001 -21"><span class='ocrx_word' id='word_1_160' title='bbox 338 2135 431 2172; x_wconf 85' lang='grc' dir='ltr'>ται</span> <span class='ocrx_word' id='word_1_161' title='bbox 467 2118 565 2189; x_wconf 85' lang='grc' dir='ltr'>τῆς</span> <span class='ocrx_word' id='word_1_162' title='bbox 601 2119 788 2189; x_wconf 81' lang='grc' dir='ltr'>τιμῆς,</span> <span class='ocrx_word' id='word_1_163' title='bbox 810 2119 977 2190; x_wconf 76' lang='grc' dir='ltr'>ἐχρῆν</span> <span class='ocrx_word' id='word_1_164' title='bbox 1018 2119 1159 2172; x_wconf 68' lang='grc' dir='ltr'>κατὰ</span> <span class='ocrx_word' id='word_1_165' title='bbox 1193 2119 1253 2171; x_wconf 87' lang='lat'>:6</span> <span class='ocrx_word' id='word_1_166' title='bbox 1288 2118 1566 2189; x_wconf 76' lang='grc' dir='ltr'>ἐγχωροῦν</span> <span class='ocrx_word' id='word_1_167' title='bbox 1586 2117 1651 2170; x_wconf 74' lang='grc' dir='ltr'>τΞι</span> <span class='ocrx_word' id='word_1_168' title='bbox 1673 2118 1801 2188; x_wconf 83' lang='grc' dir='ltr'>παρ’</span> <span class='ocrx_word' id='word_1_169' title='bbox 1825 2115 2017 2169; x_wconf 80' lang='grc' dir='ltr'>ἐαυτοῦ</span> 
     </span>
    </p>
   </div>
   <div class='ocr_carea' id='block_1_21' title="bbox 340 2203 2017 2278">
    <p class='ocr_par' dir='ltr' id='par_1_21' title="bbox 340 2203 2017 2278">
     <span class='ocr_line' id='line_1_21' title="bbox 340 2203 2017 2278; baseline -0.001 -20"><span class='ocrx_word' id='word_1_170' title='bbox 340 2206 766 2271; x_wconf 71' lang='grc' dir='ltr'>ἐπιδείκνυσθαι,</span> <span class='ocrx_word' id='word_1_171' title='bbox 810 2207 903 2262; x_wconf 80' lang='grc' dir='ltr'>καὶ</span> <span class='ocrx_word' id='word_1_172' title='bbox 946 2208 1014 2259; x_wconf 90' lang='grc' dir='ltr'>τά</span> <span class='ocrx_word' id='word_1_173' title='bbox 1059 2205 1361 2278; x_wconf 88' lang='grc' dir='ltr'>τιμιώτερα</span> <span class='ocrx_word' id='word_1_174' title='bbox 1401 2206 1715 2277; x_wconf 76' lang='grc' dir='ltr'>προσάγειν.</span> <span class='ocrx_word' id='word_1_175' title='bbox 1758 2203 1895 2256; x_wconf 82' lang='grc' dir='ltr'>Ἀλλ’</span> <span class='ocrx_word' id='word_1_176' title='bbox 1916 2205 2017 2275; x_wconf 82' lang='grc' dir='ltr'>ὅρα</span> 
     </span>
    </p>
   </div>
   <div class='ocr_carea' id='block_1_22' title="bbox 342 2291 2016 2365">
    <p class='ocr_par' dir='ltr' id='par_1_22' title="bbox 342 2291 2016 2365">
     <span class='ocr_line' id='line_1_22' title="bbox 342 2291 2016 2365; baseline -0.001 -18"><span class='ocrx_word' id='word_1_177' title='bbox 342 2311 454 2364; x_wconf 89' lang='grc' dir='ltr'>μοι,</span> <span class='ocrx_word' id='word_1_178' title='bbox 479 2295 748 2363; x_wconf 78' lang='grc' dir='ltr'>ἁγαπητέ.</span> <span class='ocrx_word' id='word_1_179' title='bbox 773 2295 881 2348; x_wconf 71' lang='grc' dir='ltr'>Καὶ</span> <span class='ocrx_word' id='word_1_180' title='bbox 899 2293 1148 2347; x_wconf 73' lang='grc' dir='ltr'>ἐντεῦθεν</span> <span class='ocrx_word' id='word_1_181' title='bbox 1187 2293 1323 2363; x_wconf 80' lang='grc' dir='ltr'>έχων</span> <span class='ocrx_word' id='word_1_182' title='bbox 1366 2294 1618 2365; x_wconf 77' lang='grc' dir='ltr'>ἀφορμὰς</span> <span class='ocrx_word' id='word_1_183' title='bbox 1661 2293 1795 2363; x_wconf 77' lang='grc' dir='ltr'>πρὸς</span> <span class='ocrx_word' id='word_1_184' title='bbox 1814 2291 1874 2345; x_wconf 87' lang='lat'>:6</span> <span class='ocrx_word' id='word_1_185' title='bbox 1897 2309 2016 2345; x_wconf 80' lang='grc' dir='ltr'>συν-</span> 
     </span>
    </p>
   </div>
   <div class='ocr_carea' id='block_1_23' title="bbox 341 2380 2015 2451">
    <p class='ocr_par' dir='ltr' id='par_1_23' title="bbox 341 2380 2015 2451">
     <span class='ocr_line' id='line_1_23' title="bbox 341 2380 2015 2451; baseline -0.001 -17"><span class='ocrx_word' id='word_1_186' title='bbox 341 2382 469 2434; x_wconf 84' lang='grc' dir='ltr'>ιδεῖν</span> <span class='ocrx_word' id='word_1_187' title='bbox 505 2382 565 2434; x_wconf 81' lang='grc' dir='ltr'>τὸ</span> <span class='ocrx_word' id='word_1_188' title='bbox 604 2380 745 2445; x_wconf 89' lang='grc' dir='ltr'>δέον,</span> <span class='ocrx_word' id='word_1_189' title='bbox 767 2381 990 2445; x_wconf 81' lang='grc' dir='ltr'>εἰκότως</span> <span class='ocrx_word' id='word_1_190' title='bbox 1031 2382 1260 2443; x_wconf 80' lang='grc' dir='ltr'>εὐθύνας</span> <span class='ocrx_word' id='word_1_191' title='bbox 1296 2382 1477 2435; x_wconf 80' lang='grc' dir='ltr'>δίδωσι</span> <span class='ocrx_word' id='word_1_192' title='bbox 1506 2382 1593 2435; x_wconf 78' lang='grc' dir='ltr'>διὰ</span> <span class='ocrx_word' id='word_1_193' title='bbox 1615 2380 1887 2451; x_wconf 77' lang='grc' dir='ltr'>ρᾳθυμίαν</span> <span class='ocrx_word' id='word_1_194' title='bbox 1918 2380 2015 2450; x_wconf 86' lang='grc' dir='ltr'>τὴν</span> 
     </span>
    </p>
   </div>
   <div class='ocr_carea' id='block_1_24' title="bbox 336 2468 2016 2541">
    <p class='ocr_par' dir='ltr' id='par_1_24' title="bbox 336 2468 2016 2541">
     <span class='ocr_line' id='line_1_24' title="bbox 336 2468 2016 2541; baseline -0.001 -19"><span class='ocrx_word' id='word_1_195' title='bbox 336 2469 547 2522; x_wconf 77' lang='grc' dir='ltr'>οἰκείαν</span> <span class='ocrx_word' id='word_1_196' title='bbox 584 2469 866 2541; x_wconf 81' lang='grc' dir='ltr'>προδιδοὺς</span> <span class='ocrx_word' id='word_1_197' title='bbox 896 2470 1188 2540; x_wconf 84' lang='grc' dir='ltr'>σωτηρίαν.</span> <span class='ocrx_word' id='word_1_198' title='bbox 1214 2468 1352 2523; x_wconf 77' lang='grc' dir='ltr'>υὺτε</span> <span class='ocrx_word' id='word_1_199' title='bbox 1383 2469 1493 2540; x_wconf 75' lang='grc' dir='ltr'>γὰρ</span> <span class='ocrx_word' id='word_1_200' title='bbox 1527 2470 1730 2532; x_wconf 86' lang='grc' dir='ltr'>ἐκεῖνός</span> <span class='ocrx_word' id='word_1_201' title='bbox 1753 2487 1871 2523; x_wconf 89' lang='grc' dir='ltr'>τινα</span> <span class='ocrx_word' id='word_1_202' title='bbox 1891 2468 2016 2539; x_wconf 76' lang='grc' dir='ltr'>ἔσχε</span> 
     </span>
    </p>
   </div>
   <div class='ocr_carea' id='block_1_25' title="bbox 335 2554 2016 2627">
    <p class='ocr_par' dir='ltr' id='par_1_25' title="bbox 335 2554 2016 2627">
     <span class='ocr_line' id='line_1_25' title="bbox 335 2554 2016 2627; baseline -0.002 -17"><span class='ocrx_word' id='word_1_203' title='bbox 335 2559 429 2612; x_wconf 80' lang='grc' dir='ltr'>τὸν</span> <span class='ocrx_word' id='word_1_204' title='bbox 446 2558 783 2621; x_wconf 84' lang='grc' dir='ltr'>διδάσκοντα,</span> <span class='ocrx_word' id='word_1_205' title='bbox 803 2556 927 2611; x_wconf 79' lang='grc' dir='ltr'>οὐτε</span> <span class='ocrx_word' id='word_1_206' title='bbox 946 2554 1098 2621; x_wconf 77' lang='grc' dir='ltr'>οὗτός</span> <span class='ocrx_word' id='word_1_207' title='bbox 1115 2576 1237 2612; x_wconf 89' lang='grc' dir='ltr'>τινα</span> <span class='ocrx_word' id='word_1_208' title='bbox 1257 2559 1346 2613; x_wconf 67' lang='grc' dir='ltr'>τὸν</span> <span class='ocrx_word' id='word_1_209' title='bbox 1367 2557 1754 2627; x_wconf 78' lang='grc' dir='ltr'>ὑποτιθέμενον</span> <span class='ocrx_word' id='word_1_210' title='bbox 1773 2556 1866 2609; x_wconf 73' lang='grc' dir='ltr'>καὶ</span> <span class='ocrx_word' id='word_1_211' title='bbox 1888 2573 1950 2608; x_wconf 91' lang='grc' dir='ltr'>συ</span> <span class='ocrx_word' id='word_1_212' title='bbox 1959 2575 2016 2626; x_wconf 86' lang='grc' dir='ltr'>μ-</span> 
     </span>
    </p>
   </div>
   <div class='ocr_carea' id='block_1_26' title="bbox 336 2644 2014 2716">
    <p class='ocr_par' dir='ltr' id='par_1_26' title="bbox 336 2644 2014 2716">
     <span class='ocr_line' id='line_1_26' title="bbox 336 2644 2014 2716; baseline -0.001 -18"><span class='ocrx_word' id='word_1_213' title='bbox 336 2647 679 2708; x_wconf 84' lang='grc' dir='ltr'>ϐουλεύοντα,</span> <span class='ocrx_word' id='word_1_214' title='bbox 704 2646 815 2701; x_wconf 82' lang='grc' dir='ltr'>ἀλλ’</span> <span class='ocrx_word' id='word_1_215' title='bbox 836 2648 1066 2710; x_wconf 78' lang='grc' dir='ltr'>ἕκαστος</span> <span class='ocrx_word' id='word_1_216' title='bbox 1098 2647 1161 2700; x_wconf 82' lang='grc' dir='ltr'>ἐκ</span> <span class='ocrx_word' id='word_1_217' title='bbox 1193 2646 1294 2716; x_wconf 83' lang='grc' dir='ltr'>τῆς</span> <span class='ocrx_word' id='word_1_218' title='bbox 1315 2645 1407 2699; x_wconf 76' lang='grc' dir='ltr'>τοῦ</span> <span class='ocrx_word' id='word_1_219' title='bbox 1433 2644 1735 2706; x_wconf 81' lang='grc' dir='ltr'>συνειδότος</span> <span class='ocrx_word' id='word_1_220' title='bbox 1755 2644 2014 2697; x_wconf 88' lang='grc' dir='ltr'>διδασκα-</span> 
     </span>
    </p>
   </div>
   <div class='ocr_carea' id='block_1_27' title="bbox 335 2732 2015 2806">
    <p class='ocr_par' dir='ltr' id='par_1_27' title="bbox 335 2732 2015 2806">
     <span class='ocr_line' id='line_1_27' title="bbox 335 2732 2015 2806; baseline -0.001 -20"><span class='ocrx_word' id='word_1_221' title='bbox 335 2732 476 2798; x_wconf 83' lang='grc' dir='ltr'>λίας,</span> <span class='ocrx_word' id='word_1_222' title='bbox 511 2735 607 2789; x_wconf 79' lang='grc' dir='ltr'>καὶ</span> <span class='ocrx_word' id='word_1_223' title='bbox 638 2736 735 2806; x_wconf 81' lang='grc' dir='ltr'>τῆς</span> <span class='ocrx_word' id='word_1_224' title='bbox 771 2735 975 2791; x_wconf 82' lang='grc' dir='ltr'>ἄνωθεν</span> <span class='ocrx_word' id='word_1_225' title='bbox 998 2734 1189 2804; x_wconf 89' lang='grc' dir='ltr'>σοφίας</span> <span class='ocrx_word' id='word_1_226' title='bbox 1207 2735 1285 2805; x_wconf 81' lang='grc' dir='ltr'>τῷ</span> <span class='ocrx_word' id='word_1_227' title='bbox 1304 2733 1410 2786; x_wconf 86' lang='grc' dir='ltr'>τῶν</span> <span class='ocrx_word' id='word_1_228' title='bbox 1432 2732 1527 2786; x_wconf 88' lang='grc' dir='ltr'>ἀνθ</span> <span class='ocrx_word' id='word_1_229' title='bbox 1537 2733 1732 2805; x_wconf 82' lang='grc' dir='ltr'>ρώπων</span> <span class='ocrx_word' id='word_1_230' title='bbox 1751 2732 1899 2800; x_wconf 88' lang='grc' dir='ltr'>γένει</span> <span class='ocrx_word' id='word_1_231' title='bbox 1922 2749 2015 2802; x_wconf 82' lang='grc' dir='ltr'>χο-</span> 
     </span>
    </p>
   </div>
   <div class='ocr_carea' id='block_1_28' title="bbox 336 2822 2013 2895">
    <p class='ocr_par' dir='ltr' id='par_1_28' title="bbox 336 2822 2013 2895">
     <span class='ocr_line' id='line_1_28' title="bbox 336 2822 2013 2895; baseline -0.001 -20"><span class='ocrx_word' id='word_1_232' title='bbox 336 2822 671 2894; x_wconf 83' lang='grc' dir='ltr'>ρηγηθείσης</span> <span class='ocrx_word' id='word_1_233' title='bbox 691 2824 1004 2895; x_wconf 86' lang='grc' dir='ltr'>κινούμενος</span> <span class='ocrx_word' id='word_1_234' title='bbox 1023 2823 1280 2895; x_wconf 77' lang='grc' dir='ltr'>ὥρμησεν</span> <span class='ocrx_word' id='word_1_235' title='bbox 1298 2824 1391 2876; x_wconf 74' lang='grc' dir='ltr'>ἐπὶ</span> <span class='ocrx_word' id='word_1_236' title='bbox 1428 2823 1526 2893; x_wconf 82' lang='grc' dir='ltr'>τὴν</span> <span class='ocrx_word' id='word_1_237' title='bbox 1565 2822 1820 2891; x_wconf 83' lang='grc' dir='ltr'>τοιαύτην</span> <span class='ocrx_word' id='word_1_238' title='bbox 1843 2837 2013 2894; x_wconf 82' lang='grc' dir='ltr'>προσ-</span> 
     </span>
    </p>
   </div>
   <div class='ocr_carea' id='block_1_29' title="bbox 331 2905 2015 2978">
    <p class='ocr_par' dir='ltr' id='par_1_29' title="bbox 331 2905 2015 2978">
     <span class='ocr_line' id='line_1_29' title="bbox 331 2905 2015 2978; baseline -0.002 -17"><span class='ocrx_word' id='word_1_239' title='bbox 331 2908 557 2978; x_wconf 79' lang='grc' dir='ltr'>αγωγὴν</span> <span class='ocrx_word' id='word_1_240' title='bbox 576 2924 589 2936; x_wconf 90' lang='grc'>·</span> <span class='ocrx_word' id='word_1_241' title='bbox 611 2907 725 2961; x_wconf 82' lang='grc' dir='ltr'>ἀλλ’</span> <span class='ocrx_word' id='word_1_242' title='bbox 747 2910 779 2978; x_wconf 84' lang='grc' dir='ltr'>ἡ</span> <span class='ocrx_word' id='word_1_243' title='bbox 801 2906 1034 2977; x_wconf 83' lang='grc' dir='ltr'>διαφορά</span> <span class='ocrx_word' id='word_1_244' title='bbox 1068 2907 1166 2978; x_wconf 86' lang='grc' dir='ltr'>τῆς</span> <span class='ocrx_word' id='word_1_245' title='bbox 1194 2906 1420 2977; x_wconf 78' lang='grc' dir='ltr'>γνώμης</span> <span class='ocrx_word' id='word_1_246' title='bbox 1438 2905 1625 2959; x_wconf 76' lang='grc' dir='ltr'>λοιπὸν</span> <span class='ocrx_word' id='word_1_247' title='bbox 1645 2907 1739 2959; x_wconf 69' lang='grc' dir='ltr'>καὶ</span> <span class='ocrx_word' id='word_1_248' title='bbox 1759 2907 1859 2978; x_wconf 82' lang='grc' dir='ltr'>τῆς</span> <span class='ocrx_word' id='word_1_249' title='bbox 1881 2923 2015 2976; x_wconf 86' lang='grc' dir='ltr'>προ-</span> 
     </span>
    </p>
   </div>
   <div class='ocr_carea' id='block_1_30' title="bbox 332 2993 2011 3068">
    <p class='ocr_par' dir='ltr' id='par_1_30' title="bbox 332 2993 2011 3068">
     <span class='ocr_line' id='line_1_30' title="bbox 332 2993 2011 3068; baseline -0.002 -19"><span class='ocrx_word' id='word_1_250' title='bbox 332 2995 598 3066; x_wconf 82' lang='grc' dir='ltr'>αιρέσεως</span> <span class='ocrx_word' id='word_1_251' title='bbox 634 2997 665 3066; x_wconf 82' lang='grc' dir='ltr'>ἡ</span> <span class='ocrx_word' id='word_1_252' title='bbox 711 2996 953 3068; x_wconf 78' lang='grc' dir='ltr'>ῥᾳθυμία</span> <span class='ocrx_word' id='word_1_253' title='bbox 988 2994 1080 3050; x_wconf 76' lang='grc' dir='ltr'>τοῦ</span> <span class='ocrx_word' id='word_1_254' title='bbox 1125 2997 1222 3066; x_wconf 82' lang='grc' dir='ltr'>μὲν</span> <span class='ocrx_word' id='word_1_255' title='bbox 1259 2994 1650 3067; x_wconf 86' lang='grc' dir='ltr'>εὐπρόσδεκτον</span> <span class='ocrx_word' id='word_1_256' title='bbox 1671 2995 1893 3064; x_wconf 76' lang='grc' dir='ltr'>ἐποίησε</span> <span class='ocrx_word' id='word_1_257' title='bbox 1916 2993 2011 3065; x_wconf 86' lang='grc' dir='ltr'>τὴν</span> 
     </span>
    </p>
   </div>
   <div class='ocr_carea' id='block_1_31' title="bbox 334 3078 2011 3152">
    <p class='ocr_par' dir='ltr' id='par_1_31' title="bbox 334 3078 2011 3152">
     <span class='ocr_line' id='line_1_31' title="bbox 334 3078 2011 3152; baseline 0.001 -21"><span class='ocrx_word' id='word_1_258' title='bbox 334 3081 717 3150; x_wconf 83' lang='grc' dir='ltr'>προσαγωγὴν,</span> <span class='ocrx_word' id='word_1_259' title='bbox 739 3081 832 3134; x_wconf 81' lang='grc' dir='ltr'>τοῦ</span> <span class='ocrx_word' id='word_1_260' title='bbox 852 3080 908 3135; x_wconf 85' lang='grc' dir='ltr'>δέ</span> <span class='ocrx_word' id='word_1_261' title='bbox 928 3079 1249 3152; x_wconf 82' lang='grc' dir='ltr'>ἀπόϐλητον.</span> <span class='ocrx_word' id='word_1_262' title='bbox 1273 3081 1377 3135; x_wconf 80' lang='grc' dir='ltr'>Καὶ</span> <span class='ocrx_word' id='word_1_263' title='bbox 1397 3080 1635 3134; x_wconf 75' lang='grc' dir='ltr'>ἐπεῖδεν</span> <span class='ocrx_word' id='word_1_264' title='bbox 1667 3084 1701 3135; x_wconf 80' lang='grc' dir='ltr'><em>ὁ</em></span> <span class='ocrx_word' id='word_1_265' title='bbox 1736 3080 1879 3147; x_wconf 62' lang='grc' dir='ltr'>Θεὸς</span> <span class='ocrx_word' id='word_1_266' title='bbox 1911 3078 2011 3133; x_wconf 77' lang='grc' dir='ltr'>ἐπὶ</span> 
     </span>
    </p>
   </div>
   <div class='ocr_carea' id='block_1_32' title="bbox 336 3163 2009 3236">
    <p class='ocr_par' dir='ltr' id='par_1_32' title="bbox 336 3163 2009 3236">
     <span class='ocr_line' id='line_1_32' title="bbox 336 3163 2009 3236; baseline -0.001 -18"><span class='ocrx_word' id='word_1_267' title='bbox 336 3164 539 3232; x_wconf 70' lang='grc' dir='ltr'>Ἀϐελ,</span> <span class='ocrx_word' id='word_1_268' title='bbox 560 3165 656 3219; x_wconf 74' lang='grc' dir='ltr'>καὶ</span> <span class='ocrx_word' id='word_1_269' title='bbox 696 3164 797 3218; x_wconf 79' lang='grc' dir='ltr'>ἐπὶ</span> <span class='ocrx_word' id='word_1_270' title='bbox 831 3163 1177 3233; x_wconf 81' lang='grc' dir='ltr'>τοῖςδώροις</span> <span class='ocrx_word' id='word_1_271' title='bbox 1194 3165 1548 3236; x_wconf 74' lang='grc' dir='ltr'>αὑτοῦ.Ὄρα</span> <span class='ocrx_word' id='word_1_272' title='bbox 1567 3165 1686 3229; x_wconf 88' lang='grc' dir='ltr'>πῶς</span> <span class='ocrx_word' id='word_1_273' title='bbox 1709 3163 2009 3236; x_wconf 82' lang='grc' dir='ltr'>πληροῦται</span> 
     </span>
    </p>
   </div>
   <div class='ocr_carea' id='block_1_33' title="bbox 331 3253 2008 3325">
    <p class='ocr_par' dir='ltr' id='par_1_33' title="bbox 331 3253 2008 3325">
     <span class='ocr_line' id='line_1_33' title="bbox 331 3253 2008 3325; baseline 0.001 -20"><span class='ocrx_word' id='word_1_274' title='bbox 331 3253 566 3308; x_wconf 80' lang='grc' dir='ltr'>ἐνταῦθα</span> <span class='ocrx_word' id='word_1_275' title='bbox 602 3253 661 3306; x_wconf 77' lang='lat' dir='ltr'><em>t6</em></span> <span class='ocrx_word' id='word_1_276' title='bbox 696 3254 754 3307; x_wconf 88' lang='grc' dir='ltr'>ἐν</span> <span class='ocrx_word' id='word_1_277' title='bbox 792 3253 869 3325; x_wconf 80' lang='grc' dir='ltr'>τῷ</span> <span class='ocrx_word' id='word_1_278' title='bbox 893 3253 1206 3324; x_wconf 83' lang='grc' dir='ltr'>Εὐαγγελίῳ</span> <span class='ocrx_word' id='word_1_279' title='bbox 1249 3254 1558 3325; x_wconf 76' lang='grc' dir='ltr'>εἰρημένον,</span> <span class='ocrx_word' id='word_1_280' title='bbox 1594 3255 1677 3308; x_wconf 87' lang='grc' dir='ltr'>ὅτι</span> <span class='ocrx_word' id='word_1_281' title='bbox 1711 3253 1922 3307; x_wconf 75' lang='grc' dir='ltr'>ἔσονται</span> <span class='ocrx_word' id='word_1_282' title='bbox 1959 3254 2008 3306; x_wconf 86' lang='grc' dir='ltr'>οί</span> 
     </span>
    </p>
   </div>
   <div class='ocr_carea' id='block_1_34' title="bbox 330 3341 2008 3415">
    <p class='ocr_par' dir='ltr' id='par_1_34' title="bbox 330 3341 2008 3415">
     <span class='ocr_line' id='line_1_34' title="bbox 330 3341 2008 3415; baseline 0.001 -21"><span class='ocrx_word' id='word_1_283' title='bbox 330 3341 537 3413; x_wconf 81' lang='grc' dir='ltr'>πρῶτοι</span> <span class='ocrx_word' id='word_1_284' title='bbox 556 3341 793 3412; x_wconf 75' lang='grc' dir='ltr'>ἔσχατοι,</span> <span class='ocrx_word' id='word_1_285' title='bbox 818 3344 911 3396; x_wconf 70' lang='grc' dir='ltr'>καὶ</span> <span class='ocrx_word' id='word_1_286' title='bbox 929 3343 976 3396; x_wconf 87' lang='grc' dir='ltr'>οἱ</span> <span class='ocrx_word' id='word_1_287' title='bbox 997 3342 1210 3414; x_wconf 81' lang='grc' dir='ltr'>ἔσχατοι</span> <span class='ocrx_word' id='word_1_288' title='bbox 1232 3343 1459 3415; x_wconf 87' lang='grc' dir='ltr'>πρῶτοι.</span> <span class='ocrx_word' id='word_1_289' title='bbox 1481 3343 1611 3397; x_wconf 85' lang='grc' dir='ltr'>’1δού</span> <span class='ocrx_word' id='word_1_290' title='bbox 1632 3341 1740 3413; x_wconf 83' lang='grc' dir='ltr'>γὰρ</span> <span class='ocrx_word' id='word_1_291' title='bbox 1771 3343 1866 3396; x_wconf 75' lang='grc' dir='ltr'>καὶ</span> <span class='ocrx_word' id='word_1_292' title='bbox 1900 3342 2008 3395; x_wconf 85' lang='grc' dir='ltr'>ἀπὸ</span> 
     </span>
    </p>
   </div>
   <div class='ocr_carea' id='block_1_35' title="bbox 328 3429 2007 3503">
    <p class='ocr_par' dir='ltr' id='par_1_35' title="bbox 328 3429 2007 3503">
     <span class='ocr_line' id='line_1_35' title="bbox 328 3429 2007 3503; baseline 0.001 -21"><span class='ocrx_word' id='word_1_293' title='bbox 328 3429 439 3483; x_wconf 88' lang='grc' dir='ltr'>τῶν</span> <span class='ocrx_word' id='word_1_294' title='bbox 460 3432 841 3503; x_wconf 89' lang='grc' dir='ltr'>πρωτοτοκίων</span> <span class='ocrx_word' id='word_1_295' title='bbox 862 3431 890 3471; x_wconf 69' lang='grc' dir='ltr'>ιι</span> <span class='ocrx_word' id='word_1_296' title='bbox 929 3430 1067 3502; x_wconf 75' lang='grc' dir='ltr'>ἔχων</span> <span class='ocrx_word' id='word_1_297' title='bbox 1114 3431 1351 3503; x_wconf 89' lang='grc' dir='ltr'>προτέρη</span> <span class='ocrx_word' id='word_1_298' title='bbox 1361 3448 1454 3500; x_wconf 89' lang='grc' dir='ltr'>μα,</span> <span class='ocrx_word' id='word_1_299' title='bbox 1478 3431 1573 3484; x_wconf 71' lang='grc' dir='ltr'>καὶ</span> <span class='ocrx_word' id='word_1_300' title='bbox 1612 3429 1829 3501; x_wconf 90' lang='grc' dir='ltr'>πρῶτος</span> <span class='ocrx_word' id='word_1_301' title='bbox 1848 3429 2007 3501; x_wconf 83' lang='grc' dir='ltr'>δῆθεν</span> 
     </span>
    </p>
   </div>
   <div class='ocr_carea' id='block_1_36' title="bbox 328 3517 2007 3591">
    <p class='ocr_par' dir='ltr' id='par_1_36' title="bbox 328 3517 2007 3591">
     <span class='ocr_line' id='line_1_36' title="bbox 328 3517 2007 3591; baseline 0.001 -21"><span class='ocrx_word' id='word_1_302' title='bbox 328 3517 732 3590; x_wconf 80' lang='grc' dir='ltr'>προσενεγκὼν,</span> <span class='ocrx_word' id='word_1_303' title='bbox 752 3518 941 3590; x_wconf 82' lang='grc' dir='ltr'>ἐπειδὴ</span> <span class='ocrx_word' id='word_1_304' title='bbox 981 3518 1055 3591; x_wconf 83' lang='grc' dir='ltr'>μὴ</span> <span class='ocrx_word' id='word_1_305' title='bbox 1090 3519 1319 3582; x_wconf 88' lang='grc' dir='ltr'>δεόντως</span> <span class='ocrx_word' id='word_1_306' title='bbox 1347 3520 1745 3590; x_wconf 82' lang='grc' dir='ltr'>προσήνεγκεν,</span> <span class='ocrx_word' id='word_1_307' title='bbox 1770 3518 2007 3572; x_wconf 89' lang='grc' dir='ltr'>ἐλάττων</span> 
     </span>
    </p>
   </div>
   <div class='ocr_carea' id='block_1_37' title="bbox 326 3602 2003 3678">
    <p class='ocr_par' dir='ltr' id='par_1_37' title="bbox 326 3602 2003 3678">
     <span class='ocr_line' id='line_1_37' title="bbox 326 3602 2003 3678; baseline 0.002 -22"><span class='ocrx_word' id='word_1_308' title='bbox 326 3602 482 3676; x_wconf 57' lang='grc' dir='ltr'>ὤφθη</span> <span class='ocrx_word' id='word_1_309' title='bbox 521 3605 615 3659; x_wconf 82' lang='grc' dir='ltr'>τοῦ</span> <span class='ocrx_word' id='word_1_310' title='bbox 660 3605 912 3675; x_wconf 75' lang='grc' dir='ltr'>ἀδελφοῦ.</span> <span class='ocrx_word' id='word_1_311' title='bbox 945 3606 1294 3677; x_wconf 75' lang='grc' dir='ltr'>Ἀμφοτέρων</span> <span class='ocrx_word' id='word_1_312' title='bbox 1331 3606 1440 3675; x_wconf 78' lang='grc' dir='ltr'>γὰρ</span> <span class='ocrx_word' id='word_1_313' title='bbox 1480 3606 1963 3678; x_wconf 83' lang='grc' dir='ltr'>προσενεγκάντων</span> <span class='ocrx_word' id='word_1_314' title='bbox 1987 3646 2003 3671; x_wconf 95' lang='grc'>,</span> 
     </span>
    </p>
   </div>
   <div class='ocr_carea' id='block_1_38' title="bbox 325 3692 2003 3766">
    <p class='ocr_par' dir='ltr' id='par_1_38' title="bbox 325 3692 2003 3766">
     <span class='ocr_line' id='line_1_38' title="bbox 325 3692 2003 3766; baseline 0.001 -20"><span class='ocrx_word' id='word_1_315' title='bbox 325 3694 491 3762; x_wconf 63' lang='grc' dir='ltr'>φησιν</span> <span class='ocrx_word' id='word_1_316' title='bbox 511 3695 543 3764; x_wconf 81' lang='grc' dir='ltr'>ἡ</span> <span class='ocrx_word' id='word_1_317' title='bbox 565 3693 683 3747; x_wconf 82' lang='grc' dir='ltr'>θεία</span> <span class='ocrx_word' id='word_1_318' title='bbox 702 3694 916 3766; x_wconf 79' lang='grc' dir='ltr'>Γραφὴ,</span> <span class='ocrx_word' id='word_1_319' title='bbox 939 3693 1046 3749; x_wconf 78' lang='grc' dir='ltr'>Καὶ</span> <span class='ocrx_word' id='word_1_320' title='bbox 1063 3693 1302 3748; x_wconf 73' lang='grc' dir='ltr'>ἐπεῖδεν</span> <span class='ocrx_word' id='word_1_321' title='bbox 1321 3696 1353 3747; x_wconf 85' lang='grc' dir='ltr'><strong><em>ό</em></strong></span> <span class='ocrx_word' id='word_1_322' title='bbox 1377 3692 1520 3760; x_wconf 81' lang='grc' dir='ltr'>Θεὸς</span> <span class='ocrx_word' id='word_1_323' title='bbox 1558 3693 1658 3747; x_wconf 81' lang='grc' dir='ltr'>ἐπὶ</span> <span class='ocrx_word' id='word_1_324' title='bbox 1683 3695 1749 3748; x_wconf 73' lang='grc' dir='ltr'>Ἀ</span> <span class='ocrx_word' id='word_1_325' title='bbox 1759 3696 1864 3748; x_wconf 75' lang='grc' dir='ltr'>ϐελ</span> <span class='ocrx_word' id='word_1_326' title='bbox 1904 3694 2003 3748; x_wconf 76' lang='grc' dir='ltr'>καὶ</span> 
     </span>
    </p>
   </div>
   <div class='ocr_carea' id='block_1_39' title="bbox 324 3777 2001 3847">
    <p class='ocr_par' dir='ltr' id='par_1_39' title="bbox 324 3777 2001 3847">
     <span class='ocr_line' id='line_1_39' title="bbox 324 3777 2001 3847; baseline 0.002 -16"><span class='ocrx_word' id='word_1_327' title='bbox 324 3778 425 3832; x_wconf 75' lang='grc' dir='ltr'>ἐπὶ</span> <span class='ocrx_word' id='word_1_328' title='bbox 443 3778 568 3844; x_wconf 85' lang='grc' dir='ltr'>τοῖς</span> <span class='ocrx_word' id='word_1_329' title='bbox 585 3777 796 3847; x_wconf 84' lang='grc' dir='ltr'>δώροις</span> <span class='ocrx_word' id='word_1_330' title='bbox 812 3780 1020 3836; x_wconf 80' lang='grc' dir='ltr'>αὐτοῦ.</span> <span class='ocrx_word' id='word_1_331' title='bbox 1045 3780 1110 3834; x_wconf 88' lang='grc' dir='ltr'>Τί</span> <span class='ocrx_word' id='word_1_332' title='bbox 1128 3781 1264 3844; x_wconf 89' lang='grc' dir='ltr'>ἐστι,</span> <span class='ocrx_word' id='word_1_333' title='bbox 1288 3779 1396 3834; x_wconf 79' lang='grc' dir='ltr'>Καὶ</span> <span class='ocrx_word' id='word_1_334' title='bbox 1416 3779 1652 3834; x_wconf 76' lang='grc' dir='ltr'>ἐπεῖδεν</span> <span class='ocrx_word' id='word_1_335' title='bbox 1665 3796 1684 3844; x_wconf 91' lang='grc'><em>;</em></span> <span class='ocrx_word' id='word_1_336' title='bbox 1724 3781 1868 3834; x_wconf 72' lang='grc' dir='ltr'>Ἀντὶ</span> <span class='ocrx_word' id='word_1_337' title='bbox 1887 3781 2001 3847; x_wconf 84' lang='grc' dir='ltr'>τοῦ,</span> 
     </span>
    </p>
   </div>
   <div class='ocr_carea' id='block_1_40' title="bbox 325 3866 2003 3941">
    <p class='ocr_par' dir='ltr' id='par_1_40' title="bbox 325 3866 2003 3941">
     <span class='ocr_line' id='line_1_40' title="bbox 325 3866 2003 3941; baseline 0.002 -22"><span class='ocrx_word' id='word_1_338' title='bbox 325 3866 641 3932; x_wconf 82' lang='grc' dir='ltr'>ἀπεδέξατο,</span> <span class='ocrx_word' id='word_1_339' title='bbox 662 3867 890 3938; x_wconf 69' lang='grc' dir='ltr'>ἐπῄνεσε</span> <span class='ocrx_word' id='word_1_340' title='bbox 908 3868 1004 3938; x_wconf 85' lang='grc' dir='ltr'>τὴν</span> <span class='ocrx_word' id='word_1_341' title='bbox 1025 3866 1273 3938; x_wconf 80' lang='grc' dir='ltr'>γνώμην,</span> <span class='ocrx_word' id='word_1_342' title='bbox 1295 3869 1637 3936; x_wconf 76' lang='grc' dir='ltr'>ἐστεφάνωσε</span> <span class='ocrx_word' id='word_1_343' title='bbox 1674 3868 1773 3940; x_wconf 82' lang='grc' dir='ltr'>τὴν</span> <span class='ocrx_word' id='word_1_344' title='bbox 1810 3869 2003 3941; x_wconf 88' lang='grc' dir='ltr'>προαί-</span> 
     </span>
    </p>
   </div>
   <div class='ocr_carea' id='block_1_41' title="bbox 330 3954 2003 4028">
    <p class='ocr_par' dir='ltr' id='par_1_41' title="bbox 330 3954 2003 4028">
     <span class='ocr_line' id='line_1_41' title="bbox 330 3954 2003 4028; baseline 0.002 -21"><span class='ocrx_word' id='word_1_345' title='bbox 330 3972 497 4025; x_wconf 89' lang='grc' dir='ltr'>ρεσιν,</span> <span class='ocrx_word' id='word_1_346' title='bbox 518 3954 783 4026; x_wconf 81' lang='grc' dir='ltr'>ἠρκέσθη,</span> <span class='ocrx_word' id='word_1_347' title='bbox 805 3955 880 4018; x_wconf 86' lang='grc' dir='ltr'>ὡς</span> <span class='ocrx_word' id='word_1_348' title='bbox 920 3955 984 4009; x_wconf 87' lang='grc' dir='ltr'><strong>ἂν</strong></span> <span class='ocrx_word' id='word_1_349' title='bbox 1023 3956 1166 4008; x_wconf 81' lang='grc' dir='ltr'>εἴποι</span> <span class='ocrx_word' id='word_1_350' title='bbox 1202 3972 1306 4020; x_wconf 87' lang='grc' dir='ltr'>τις,</span> <span class='ocrx_word' id='word_1_351' title='bbox 1346 3955 1497 4028; x_wconf 74' lang='grc'>[158]</span> <span class='ocrx_word' id='word_1_352' title='bbox 1538 3956 1614 4027; x_wconf 82' lang='grc' dir='ltr'>τῷ</span> <span class='ocrx_word' id='word_1_353' title='bbox 1650 3958 1915 4026; x_wconf 87' lang='grc' dir='ltr'>γεγονότι.</span> <span class='ocrx_word' id='word_1_354' title='bbox 1941 3960 2003 4012; x_wconf 87' lang='grc' dir='ltr'>Εἰ</span> 
     </span>
    </p>
   </div>
   <div class='ocr_carea' id='block_1_42' title="bbox 325 4042 2001 4117">
    <p class='ocr_par' dir='ltr' id='par_1_42' title="bbox 325 4042 2001 4117">
     <span class='ocr_line' id='line_1_42' title="bbox 325 4042 2001 4117; baseline 0.002 -21"><span class='ocrx_word' id='word_1_355' title='bbox 325 4043 437 4114; x_wconf 78' lang='grc' dir='ltr'>γὰρ</span> <span class='ocrx_word' id='word_1_356' title='bbox 472 4045 566 4097; x_wconf 69' lang='grc' dir='ltr'>καὶ</span> <span class='ocrx_word' id='word_1_357' title='bbox 601 4044 730 4114; x_wconf 78' lang='grc' dir='ltr'>περὶ</span> <span class='ocrx_word' id='word_1_358' title='bbox 770 4042 904 4095; x_wconf 78' lang='grc' dir='ltr'>Θεοῦ</span> <span class='ocrx_word' id='word_1_359' title='bbox 946 4042 1314 4113; x_wconf 82' lang='grc' dir='ltr'>φθεγγόμεθα,</span> <span class='ocrx_word' id='word_1_360' title='bbox 1336 4043 1428 4096; x_wconf 79' lang='grc' dir='ltr'>καὶ</span> <span class='ocrx_word' id='word_1_361' title='bbox 1456 4046 1584 4114; x_wconf 87' lang='grc' dir='ltr'>περί</span> <span class='ocrx_word' id='word_1_362' title='bbox 1604 4044 1701 4115; x_wconf 84' lang='grc' dir='ltr'>τῆς</span> <span class='ocrx_word' id='word_1_363' title='bbox 1722 4046 2001 4117; x_wconf 83' lang='grc' dir='ltr'>ἀκηράτου</span> 
     </span>
    </p>
   </div>
   <div class='ocr_carea' id='block_1_43' title="bbox 328 4129 2001 4204">
    <p class='ocr_par' dir='ltr' id='par_1_43' title="bbox 328 4129 2001 4204">
     <span class='ocr_line' id='line_1_43' title="bbox 328 4129 2001 4204; baseline 0.004 -23"><span class='ocrx_word' id='word_1_364' title='bbox 328 4129 542 4198; x_wconf 75' lang='grc' dir='ltr'>φύσεως</span> <span class='ocrx_word' id='word_1_365' title='bbox 577 4131 790 4200; x_wconf 75' lang='grc' dir='ltr'>ἐκείνης</span> <span class='ocrx_word' id='word_1_366' title='bbox 829 4130 1116 4201; x_wconf 87' lang='grc' dir='ltr'>τολμῶμεν</span> <span class='ocrx_word' id='word_1_367' title='bbox 1153 4130 1334 4201; x_wconf 81' lang='grc' dir='ltr'>διᾶραι</span> <span class='ocrx_word' id='word_1_368' title='bbox 1371 4131 1566 4199; x_wconf 80' lang='grc' dir='ltr'>στόμα,</span> <span class='ocrx_word' id='word_1_369' title='bbox 1588 4130 1701 4184; x_wconf 88' lang='grc' dir='ltr'>ἀλλ’</span> <span class='ocrx_word' id='word_1_370' title='bbox 1724 4133 2001 4204; x_wconf 87' lang='grc' dir='ltr'>ἄνθρωποι</span> 
     </span>
    </p>
   </div>
   <div class='ocr_carea' id='block_1_44' title="bbox 325 4218 2003 4294">
    <p class='ocr_par' dir='ltr' id='par_1_44' title="bbox 325 4218 2003 4294">
     <span class='ocr_line' id='line_1_44' title="bbox 325 4218 2003 4294; baseline 0.002 -22"><span class='ocrx_word' id='word_1_371' title='bbox 325 4218 476 4283; x_wconf 74' lang='grc' dir='ltr'>ὄντες</span> <span class='ocrx_word' id='word_1_372' title='bbox 513 4221 613 4274; x_wconf 87' lang='grc' dir='ltr'>οὐκ</span> <span class='ocrx_word' id='word_1_373' title='bbox 645 4220 820 4283; x_wconf 83' lang='grc' dir='ltr'>ἄλλως</span> <span class='ocrx_word' id='word_1_374' title='bbox 855 4220 1212 4291; x_wconf 86' lang='grc' dir='ltr'>δυνηθείημεν</span> <span class='ocrx_word' id='word_1_375' title='bbox 1249 4219 1581 4292; x_wconf 77' lang='grc' dir='ltr'>ταῦταῆδιὰ</span> <span class='ocrx_word' id='word_1_376' title='bbox 1615 4222 1715 4292; x_wconf 83' lang='grc' dir='ltr'>τῆς</span> <span class='ocrx_word' id='word_1_377' title='bbox 1753 4223 2003 4294; x_wconf 78' lang='grc' dir='ltr'>γλώττης</span> 
     </span>
    </p>
   </div>
   <div class='ocr_carea' id='block_1_45' title="bbox 323 4308 2001 4382">
    <p class='ocr_par' dir='ltr' id='par_1_45' title="bbox 323 4308 2001 4382">
     <span class='ocr_line' id='line_1_45' title="bbox 323 4308 2001 4382; baseline 0.003 -21"><span class='ocrx_word' id='word_1_378' title='bbox 323 4311 484 4362; x_wconf 77' lang='grc' dir='ltr'>νοεῖν.</span> <span class='ocrx_word' id='word_1_379' title='bbox 506 4309 705 4361; x_wconf 87' lang='grc' dir='ltr'>Σκόπει</span> <span class='ocrx_word' id='word_1_380' title='bbox 740 4309 797 4362; x_wconf 85' lang='grc' dir='ltr'>δὲ</span> <span class='ocrx_word' id='word_1_381' title='bbox 834 4308 892 4363; x_wconf 87' lang='grc' dir='ltr'>τὸ</span> <span class='ocrx_word' id='word_1_382' title='bbox 925 4308 1255 4380; x_wconf 87' lang='grc' dir='ltr'>θαυμαστόν.</span> <span class='ocrx_word' id='word_1_383' title='bbox 1275 4309 1525 4374; x_wconf 83' lang='grc' dir='ltr'>Ἐπεῖδε,</span> <span class='ocrx_word' id='word_1_384' title='bbox 1562 4311 1748 4382; x_wconf 75' lang='grc' dir='ltr'>φησὶν,</span> <span class='ocrx_word' id='word_1_385' title='bbox 1788 4315 1822 4365; x_wconf 81' lang='grc' dir='ltr'><em>ὀ</em></span> <span class='ocrx_word' id='word_1_386' title='bbox 1858 4313 2001 4379; x_wconf 70' lang='grc' dir='ltr'>Θεὸς</span> 
     </span>
    </p>
   </div>
   <div class='ocr_carea' id='block_1_46' title="bbox 320 4395 1999 4472">
    <p class='ocr_par' dir='ltr' id='par_1_46' title="bbox 320 4395 1999 4472">
     <span class='ocr_line' id='line_1_46' title="bbox 320 4395 1999 4472; baseline 0.004 -25"><span class='ocrx_word' id='word_1_387' title='bbox 320 4396 421 4450; x_wconf 74' lang='grc' dir='ltr'>ἐπὶ</span> <span class='ocrx_word' id='word_1_388' title='bbox 448 4398 648 4462; x_wconf 69' lang='grc' dir='ltr'>Ἅϐελ,</span> <span class='ocrx_word' id='word_1_389' title='bbox 671 4397 769 4450; x_wconf 80' lang='grc' dir='ltr'>καὶ</span> <span class='ocrx_word' id='word_1_390' title='bbox 791 4396 890 4450; x_wconf 85' lang='grc' dir='ltr'>ἐπὶ</span> <span class='ocrx_word' id='word_1_391' title='bbox 907 4396 1032 4464; x_wconf 81' lang='grc' dir='ltr'>τοῖς</span> <span class='ocrx_word' id='word_1_392' title='bbox 1049 4395 1256 4466; x_wconf 82' lang='grc' dir='ltr'>δώροις</span> <span class='ocrx_word' id='word_1_393' title='bbox 1276 4398 1483 4453; x_wconf 80' lang='grc' dir='ltr'>αὐτοῦ.</span> <span class='ocrx_word' id='word_1_394' title='bbox 1509 4399 1618 4471; x_wconf 90' lang='grc' dir='ltr'>Τὴν</span> <span class='ocrx_word' id='word_1_395' title='bbox 1647 4399 1756 4453; x_wconf 89' lang='grc' dir='ltr'>τῶν</span> <span class='ocrx_word' id='word_1_396' title='bbox 1790 4400 1999 4472; x_wconf 82' lang='grc' dir='ltr'>προϐά-</span> 
     </span>
    </p>
   </div>
   <div class='ocr_carea' id='block_1_47' title="bbox 321 4484 2000 4558">
    <p class='ocr_par' dir='ltr' id='par_1_47' title="bbox 321 4484 2000 4558">
     <span class='ocr_line' id='line_1_47' title="bbox 321 4484 2000 4558; baseline 0.003 -22"><span class='ocrx_word' id='word_1_397' title='bbox 321 4502 432 4537; x_wconf 84' lang='grc' dir='ltr'>των</span> <span class='ocrx_word' id='word_1_398' title='bbox 453 4486 832 4558; x_wconf 72' lang='grc' dir='ltr'>προσαγωγὴν</span> <span class='ocrx_word' id='word_1_399' title='bbox 848 4485 999 4557; x_wconf 91' lang='grc' dir='ltr'>δῶρα</span> <span class='ocrx_word' id='word_1_400' title='bbox 1020 4484 1244 4539; x_wconf 74' lang='grc' dir='ltr'>ἐκάλεσε</span> <span class='ocrx_word' id='word_1_401' title='bbox 1263 4486 1351 4540; x_wconf 78' lang='grc' dir='ltr'>διὰ</span> <span class='ocrx_word' id='word_1_402' title='bbox 1369 4486 1429 4540; x_wconf 91' lang='lat'>:6</span> <span class='ocrx_word' id='word_1_403' title='bbox 1450 4487 1647 4558; x_wconf 90' lang='grc' dir='ltr'>τίμιον,</span> <span class='ocrx_word' id='word_1_404' title='bbox 1668 4487 1754 4542; x_wconf 76' lang='grc' dir='ltr'>διὰ</span> <span class='ocrx_word' id='word_1_405' title='bbox 1774 4488 1831 4542; x_wconf 90' lang='lat'>:6</span> <span class='ocrx_word' id='word_1_406' title='bbox 1852 4488 2000 4554; x_wconf 77' lang='grc' dir='ltr'>ἐξαί-</span> 
     </span>
    </p>
   </div>
   <div class='ocr_carea' id='block_1_48' title="bbox 324 4555 2000 4644">
    <p class='ocr_par' dir='ltr' id='par_1_48' title="bbox 324 4555 2000 4644">
     <span class='ocr_line' id='line_1_48' title="bbox 324 4555 2000 4644; baseline 0.005 -21"><span class='ocrx_word' id='word_1_407' title='bbox 324 4588 501 4642; x_wconf 88' lang='grc' dir='ltr'>ρετον,</span> <span class='ocrx_word' id='word_1_408' title='bbox 522 4573 609 4626; x_wconf 74' lang='grc' dir='ltr'>διὰ</span> <span class='ocrx_word' id='word_1_409' title='bbox 626 4573 686 4625; x_wconf 86' lang='grc' dir='ltr'>τὺ</span> <span class='ocrx_word' id='word_1_410' title='bbox 704 4555 939 4643; x_wconf 69' lang='grc' dir='ltr'>ἄμωμον</span> <span class='ocrx_word' id='word_1_411' title='bbox 951 4572 1059 4626; x_wconf 88' lang='grc' dir='ltr'>τῶν</span> <span class='ocrx_word' id='word_1_412' title='bbox 1083 4555 1569 4644; x_wconf 86' lang='grc' dir='ltr'>προσενεχθέντων.</span> <span class='ocrx_word' id='word_1_413' title='bbox 1591 4576 1798 4629; x_wconf 86' lang='grc' dir='ltr'>Ἐπεῖδε</span> <span class='ocrx_word' id='word_1_414' title='bbox 1820 4579 2000 4631; x_wconf 84' lang='grc' dir='ltr'>τοίνυν</span> 
     </span>
    </p>
   </div>
   <div class='ocr_carea' id='block_1_49' title="bbox 322 4660 1996 4735">
    <p class='ocr_par' dir='ltr' id='par_1_49' title="bbox 322 4660 1996 4735">
     <span class='ocr_line' id='line_1_49' title="bbox 322 4660 1996 4735; baseline 0.003 -21"><span class='ocrx_word' id='word_1_415' title='bbox 322 4661 711 4725; x_wconf 72' lang='grc' dir='ltr'>ὲπάὑτὸν,δτι</span> <span class='ocrx_word' id='word_1_416' title='bbox 751 4663 895 4730; x_wconf 88' lang='grc' dir='ltr'>ὑγιεῖ</span> <span class='ocrx_word' id='word_1_417' title='bbox 929 4660 1123 4734; x_wconf 83' lang='grc' dir='ltr'>γνώμῃ</span> <span class='ocrx_word' id='word_1_418' title='bbox 1162 4663 1259 4733; x_wconf 89' lang='grc' dir='ltr'>τὴν</span> <span class='ocrx_word' id='word_1_419' title='bbox 1296 4664 1661 4735; x_wconf 80' lang='grc' dir='ltr'>προσαγωγὴν</span> <span class='ocrx_word' id='word_1_420' title='bbox 1681 4666 1996 4735; x_wconf 76' lang='grc' dir='ltr'>ἐποιήσατο,</span> 
     </span>
    </p>
   </div>
   <div class='ocr_carea' id='block_1_50' title="bbox 320 4749 1998 4824">
    <p class='ocr_par' dir='ltr' id='par_1_50' title="bbox 320 4749 1998 4824">
     <span class='ocr_line' id='line_1_50' title="bbox 320 4749 1998 4824; baseline 0.004 -23"><span class='ocrx_word' id='word_1_421' title='bbox 320 4749 418 4801; x_wconf 75' lang='grc' dir='ltr'>καὶ</span> <span class='ocrx_word' id='word_1_422' title='bbox 454 4750 546 4802; x_wconf 73' lang='grc' dir='ltr'>ἐπὶ</span> <span class='ocrx_word' id='word_1_423' title='bbox 586 4750 654 4802; x_wconf 67' lang='grc' dir='ltr'>τὰ</span> <span class='ocrx_word' id='word_1_424' title='bbox 690 4749 839 4820; x_wconf 88' lang='grc' dir='ltr'>δῶρα</span> <span class='ocrx_word' id='word_1_425' title='bbox 874 4749 943 4802; x_wconf 84' lang='grc' dir='ltr'><strong>τὰ</strong></span> <span class='ocrx_word' id='word_1_426' title='bbox 979 4749 1429 4821; x_wconf 77' lang='grc' dir='ltr'>προσενεχθέντα,</span> <span class='ocrx_word' id='word_1_427' title='bbox 1451 4753 1548 4822; x_wconf 84' lang='grc' dir='ltr'>οὐχ</span> <span class='ocrx_word' id='word_1_428' title='bbox 1587 4753 1998 4824; x_wconf 82' lang='grc' dir='ltr'>ὄτιάκηλίδωτα</span> 
     </span>
    </p>
   </div>
   <div class='ocr_carea' id='block_1_51' title="bbox 323 4835 2000 4914">
    <p class='ocr_par' dir='ltr' id='par_1_51' title="bbox 323 4835 2000 4914">
     <span class='ocr_line' id='line_1_51' title="bbox 323 4835 2000 4914; baseline 0.005 -25"><span class='ocrx_word' id='word_1_429' title='bbox 323 4835 506 4906; x_wconf 84' lang='grc' dir='ltr'>μόνον,</span> <span class='ocrx_word' id='word_1_430' title='bbox 525 4837 637 4891; x_wconf 85' lang='grc' dir='ltr'>ἀλλ’</span> <span class='ocrx_word' id='word_1_431' title='bbox 658 4838 739 4891; x_wconf 83' lang='grc' dir='ltr'>ὅτι</span> <span class='ocrx_word' id='word_1_432' title='bbox 782 4838 1119 4908; x_wconf 84' lang='grc' dir='ltr'>πανταχόθεν</span> <span class='ocrx_word' id='word_1_433' title='bbox 1156 4840 1314 4909; x_wconf 89' lang='grc' dir='ltr'>τίμια</span> <span class='ocrx_word' id='word_1_434' title='bbox 1350 4840 1673 4911; x_wconf 82' lang='grc' dir='ltr'>φαινόμενα,</span> <span class='ocrx_word' id='word_1_435' title='bbox 1696 4842 1804 4896; x_wconf 85' lang='grc' dir='ltr'>ἀπό</span> <span class='ocrx_word' id='word_1_436' title='bbox 1823 4860 1882 4896; x_wconf 87' lang='grc' dir='ltr'>τε</span> <span class='ocrx_word' id='word_1_437' title='bbox 1902 4844 2000 4914; x_wconf 80' lang='grc' dir='ltr'>τῆς</span> 
     </span>
    </p>
   </div>
   <div class='ocr_carea' id='block_1_52' title="bbox 319 4923 1995 4999">
    <p class='ocr_par' dir='ltr' id='par_1_52' title="bbox 319 4923 1995 4999">
     <span class='ocr_line' id='line_1_52' title="bbox 319 4923 1995 4999; baseline 0.005 -23"><span class='ocrx_word' id='word_1_438' title='bbox 319 4923 545 4994; x_wconf 85' lang='grc' dir='ltr'>γνώμης</span> <span class='ocrx_word' id='word_1_439' title='bbox 574 4925 665 4979; x_wconf 81' lang='grc' dir='ltr'>τοῦ</span> <span class='ocrx_word' id='word_1_440' title='bbox 686 4927 1075 4999; x_wconf 83' lang='grc' dir='ltr'>προσάγοντος,</span> <span class='ocrx_word' id='word_1_441' title='bbox 1098 4927 1206 4981; x_wconf 86' lang='grc' dir='ltr'>ἀπό</span> <span class='ocrx_word' id='word_1_442' title='bbox 1242 4944 1302 4980; x_wconf 85' lang='grc' dir='ltr'>τε</span> <span class='ocrx_word' id='word_1_443' title='bbox 1339 4926 1433 4980; x_wconf 78' lang='grc' dir='ltr'>τοῦ</span> <span class='ocrx_word' id='word_1_444' title='bbox 1475 4930 1796 4998; x_wconf 86' lang='grc' dir='ltr'>πρωτότοκα</span> <span class='ocrx_word' id='word_1_445' title='bbox 1834 4927 1995 4995; x_wconf 75' lang='grc' dir='ltr'>εἶναι,</span> 
     </span>
    </p>
   </div>
   <div class='ocr_carea' id='block_1_53' title="bbox 318 5008 1999 5086">
    <p class='ocr_par' dir='ltr' id='par_1_53' title="bbox 318 5008 1999 5086">
     <span class='ocr_line' id='line_1_53' title="bbox 318 5008 1999 5086; baseline 0.007 -23"><span class='ocrx_word' id='word_1_446' title='bbox 318 5008 636 5066; x_wconf 71' lang='grc' dir='ltr'>καὶτούτων</span> <span class='ocrx_word' id='word_1_447' title='bbox 656 5014 724 5067; x_wconf 72' lang='grc' dir='ltr'>τὰ</span> <span class='ocrx_word' id='word_1_448' title='bbox 744 5015 1018 5086; x_wconf 73' lang='grc' dir='ltr'>ἐξαίρετα,</span> <span class='ocrx_word' id='word_1_449' title='bbox 1043 5016 1136 5068; x_wconf 71' lang='grc' dir='ltr'>καὶ</span> <span class='ocrx_word' id='word_1_450' title='bbox 1156 5015 1262 5068; x_wconf 81' lang='grc' dir='ltr'>ἀπὸ</span> <span class='ocrx_word' id='word_1_451' title='bbox 1280 5015 1388 5069; x_wconf 91' lang='grc' dir='ltr'>τῶν</span> <span class='ocrx_word' id='word_1_452' title='bbox 1410 5018 1646 5070; x_wconf 87' lang='grc' dir='ltr'>στεάτων</span> <span class='ocrx_word' id='word_1_453' title='bbox 1680 5017 1879 5084; x_wconf 89' lang='grc' dir='ltr'>αὐτῶν,</span> <span class='ocrx_word' id='word_1_454' title='bbox 1904 5021 1999 5074; x_wconf 75' lang='grc' dir='ltr'>καὶ</span> 
     </span>
    </p>
   </div>
   <div class='ocr_carea' id='block_1_54' title="bbox 320 5098 1999 5176">
    <p class='ocr_par' dir='ltr' id='par_1_54' title="bbox 320 5098 1999 5176">
     <span class='ocr_line' id='line_1_54' title="bbox 320 5098 1999 5176; baseline 0.007 -27"><span class='ocrx_word' id='word_1_455' title='bbox 320 5098 500 5151; x_wconf 87' lang='grc' dir='ltr'>αὐτῶν</span> <span class='ocrx_word' id='word_1_456' title='bbox 529 5101 734 5154; x_wconf 80' lang='grc' dir='ltr'>τούτων</span> <span class='ocrx_word' id='word_1_457' title='bbox 770 5103 837 5156; x_wconf 82' lang='grc' dir='ltr'>τά</span> <span class='ocrx_word' id='word_1_458' title='bbox 876 5101 1148 5173; x_wconf 85' lang='grc' dir='ltr'>βέλτιστα.</span> <span class='ocrx_word' id='word_1_459' title='bbox 1173 5103 1282 5157; x_wconf 79' lang='grc' dir='ltr'>Καὶ</span> <span class='ocrx_word' id='word_1_460' title='bbox 1321 5104 1537 5167; x_wconf 79' lang='grc' dir='ltr'>ἐπεῖδε,</span> <span class='ocrx_word' id='word_1_461' title='bbox 1564 5106 1749 5176; x_wconf 75' lang='grc' dir='ltr'>φησὶν,</span> <span class='ocrx_word' id='word_1_462' title='bbox 1787 5110 1819 5160; x_wconf 78' lang='grc' dir='ltr'><strong><em>ό</em></strong></span> <span class='ocrx_word' id='word_1_463' title='bbox 1853 5109 1999 5174; x_wconf 77' lang='grc' dir='ltr'>Θεὸς</span> 
     </span>
    </p>
   </div>
   <div class='ocr_carea' id='block_1_55' title="bbox 317 5183 1998 5259">
    <p class='ocr_par' dir='ltr' id='par_1_55' title="bbox 317 5183 1998 5259">
     <span class='ocr_line' id='line_1_55' title="bbox 317 5183 1998 5259; baseline 0.007 -22"><span class='ocrx_word' id='word_1_464' title='bbox 317 5183 419 5238; x_wconf 77' lang='grc' dir='ltr'>ἐπὶ</span> <span class='ocrx_word' id='word_1_465' title='bbox 442 5186 508 5240; x_wconf 78' lang='grc' dir='ltr'><em>Ἀ</em></span> <span class='ocrx_word' id='word_1_466' title='bbox 518 5191 641 5253; x_wconf 79' lang='grc' dir='ltr'>ϐελ,</span> <span class='ocrx_word' id='word_1_467' title='bbox 664 5189 764 5242; x_wconf 79' lang='grc' dir='ltr'>καί</span> <span class='ocrx_word' id='word_1_468' title='bbox 783 5189 881 5243; x_wconf 78' lang='grc' dir='ltr'>ἐπὶ</span> <span class='ocrx_word' id='word_1_469' title='bbox 900 5189 1026 5254; x_wconf 77' lang='grc' dir='ltr'>τοῖς</span> <span class='ocrx_word' id='word_1_470' title='bbox 1045 5189 1250 5257; x_wconf 85' lang='grc' dir='ltr'>δώροις</span> <span class='ocrx_word' id='word_1_471' title='bbox 1271 5191 1456 5245; x_wconf 82' lang='grc' dir='ltr'>αὐτοῦ</span> <span class='ocrx_word' id='word_1_472' title='bbox 1473 5209 1486 5222; x_wconf 77' lang='grc'><em>’</em></span> <span class='ocrx_word' id='word_1_473' title='bbox 1503 5192 1599 5245; x_wconf 81' lang='grc' dir='ltr'>ἐπὶ</span> <span class='ocrx_word' id='word_1_474' title='bbox 1622 5192 1690 5245; x_wconf 84' lang='grc' dir='ltr'>δὲ</span> <span class='ocrx_word' id='word_1_475' title='bbox 1710 5193 1876 5259; x_wconf 82' lang='grc' dir='ltr'>Κάϊν,</span> <span class='ocrx_word' id='word_1_476' title='bbox 1897 5196 1998 5248; x_wconf 78' lang='grc' dir='ltr'>καὶ</span> 
     </span>
    </p>
   </div>
   <div class='ocr_carea' id='block_1_56' title="bbox 316 5272 1994 5356">
    <p class='ocr_par' dir='ltr' id='par_1_56' title="bbox 316 5272 1994 5356">
     <span class='ocr_line' id='line_1_56' title="bbox 316 5272 1994 5356; baseline 0.008 -32"><span class='ocrx_word' id='word_1_477' title='bbox 316 5272 416 5326; x_wconf 81' lang='grc' dir='ltr'>ἐπὶ</span> <span class='ocrx_word' id='word_1_478' title='bbox 458 5275 584 5341; x_wconf 81' lang='grc' dir='ltr'>ταῖς</span> <span class='ocrx_word' id='word_1_479' title='bbox 620 5277 859 5342; x_wconf 81' lang='grc' dir='ltr'>θυσίαις</span> <span class='ocrx_word' id='word_1_480' title='bbox 899 5277 1085 5351; x_wconf 80' lang='grc' dir='ltr'>αὐτοῦ</span> <span class='ocrx_word' id='word_1_481' title='bbox 1125 5279 1197 5331; x_wconf 84' lang='grc' dir='ltr'>οὐ</span> <span class='ocrx_word' id='word_1_482' title='bbox 1238 5278 1602 5348; x_wconf 82' lang='grc' dir='ltr'>προσέσχεν,</span> <span class='ocrx_word' id='word_1_483' title='bbox 1625 5281 1839 5353; x_wconf 81' lang='grc' dir='ltr'>Ἐπειδὴ</span> <span class='ocrx_word' id='word_1_484' title='bbox 1862 5283 1994 5356; x_wconf 78' lang='grc' dir='ltr'>ὀρθῇ</span> 
     </span>
    </p>
   </div>
   <div class='ocr_carea' id='block_1_57' title="bbox 320 5360 1997 5438">
    <p class='ocr_par' dir='ltr' id='par_1_57' title="bbox 320 5360 1997 5438">
     <span class='ocr_line' id='line_1_57' title="bbox 320 5360 1997 5438; baseline 0.007 -24"><span class='ocrx_word' id='word_1_485' title='bbox 320 5360 509 5433; x_wconf 75' lang='grc' dir='ltr'>γνώμῃ</span> <span class='ocrx_word' id='word_1_486' title='bbox 532 5364 627 5417; x_wconf 84' lang='grc' dir='ltr'>καὶ</span> <span class='ocrx_word' id='word_1_487' title='bbox 645 5364 927 5435; x_wconf 79' lang='grc' dir='ltr'>εἰλικρινεί</span> <span class='ocrx_word' id='word_1_488' title='bbox 944 5365 1151 5437; x_wconf 81' lang='grc' dir='ltr'>διανοίᾳ</span> <span class='ocrx_word' id='word_1_489' title='bbox 1170 5370 1543 5438; x_wconf 84' lang='grc' dir='ltr'>προσήνεγκεν</span> <span class='ocrx_word' id='word_1_490' title='bbox 1562 5370 1589 5421; x_wconf 89' lang='lat'>6</span> <span class='ocrx_word' id='word_1_491' title='bbox 1615 5369 1796 5436; x_wconf 78' lang='grc' dir='ltr'>Ἅϐελ,</span> <span class='ocrx_word' id='word_1_492' title='bbox 1817 5371 1997 5425; x_wconf 78' lang='grc' dir='ltr'>Ἐπεῖο</span> 
     </span>
    </p>
   </div>
   <div class='ocr_carea' id='block_1_58' title="bbox 319 5441 1991 5529">
    <p class='ocr_par' dir='ltr' id='par_1_58' title="bbox 319 5441 1991 5529">
     <span class='ocr_line' id='line_1_58' title="bbox 319 5441 1991 5529; baseline 0.01 -33"><span class='ocrx_word' id='word_1_493' title='bbox 319 5441 406 5505; x_wconf 84' lang='grc' dir='ltr'>δε,</span> <span class='ocrx_word' id='word_1_494' title='bbox 431 5452 610 5518; x_wconf 63' lang='grc' dir='ltr'>φησιν,</span> <span class='ocrx_word' id='word_1_495' title='bbox 632 5455 666 5505; x_wconf 85' lang='grc' dir='ltr'><em>ὀ</em></span> <span class='ocrx_word' id='word_1_496' title='bbox 703 5452 868 5520; x_wconf 80' lang='grc' dir='ltr'>Θεὸς,</span> <span class='ocrx_word' id='word_1_497' title='bbox 892 5453 1187 5517; x_wconf 79' lang='grc' dir='ltr'>τουτέστιν,</span> <span class='ocrx_word' id='word_1_498' title='bbox 1210 5455 1450 5522; x_wconf 80' lang='grc' dir='ltr'>ἐδέξατο,</span> <span class='ocrx_word' id='word_1_499' title='bbox 1472 5456 1699 5529; x_wconf 72' lang='grc' dir='ltr'>ἠρέσθη,</span> <span class='ocrx_word' id='word_1_500' title='bbox 1726 5458 1957 5529; x_wconf 77' lang='grc' dir='ltr'>ἐπῄνεσε</span> <span class='ocrx_word' id='word_1_501' title='bbox 1977 5478 1991 5492; x_wconf 77' lang='grc' dir='ltr'><strong>ο</strong></span> 
     </span>
    </p>
   </div>
   <div class='ocr_carea' id='block_1_59' title="bbox 316 5529 1991 5613">
    <p class='ocr_par' dir='ltr' id='par_1_59' title="bbox 316 5529 1991 5613">
     <span class='ocr_line' id='line_1_59' title="bbox 316 5529 1991 5613; baseline 0.01 -29"><span class='ocrx_word' id='word_1_502' title='bbox 316 5529 469 5601; x_wconf 86' lang='grc' dir='ltr'>δῶρα</span> <span class='ocrx_word' id='word_1_503' title='bbox 486 5532 541 5584; x_wconf 86' lang='grc' dir='ltr'>δὲ</span> <span class='ocrx_word' id='word_1_504' title='bbox 562 5536 786 5593; x_wconf 83' lang='grc' dir='ltr'>ἐκάλεσε</span> <span class='ocrx_word' id='word_1_505' title='bbox 804 5541 873 5594; x_wconf 83' lang='grc' dir='ltr'>τὰ</span> <span class='ocrx_word' id='word_1_506' title='bbox 894 5541 1350 5613; x_wconf 88' lang='grc' dir='ltr'>προσενεχθέντα,</span> <span class='ocrx_word' id='word_1_507' title='bbox 1375 5542 1549 5613; x_wconf 84' lang='grc' dir='ltr'>τιμῶν</span> <span class='ocrx_word' id='word_1_508' title='bbox 1570 5545 1662 5597; x_wconf 70' lang='grc' dir='ltr'>καὶ</span> <span class='ocrx_word' id='word_1_509' title='bbox 1682 5544 1771 5598; x_wconf 81' lang='grc' dir='ltr'>διὰ</span> <span class='ocrx_word' id='word_1_510' title='bbox 1803 5547 1991 5601; x_wconf 86' lang='grc' dir='ltr'>τούτου</span> 
     </span>
    </p>
   </div>
   <div class='ocr_carea' id='block_1_60' title="bbox 314 5616 1992 5699">
    <p class='ocr_par' dir='ltr' id='par_1_60' title="bbox 314 5616 1992 5699">
     <span class='ocr_line' id='line_1_60' title="bbox 314 5616 1992 5699; baseline 0.011 -29"><span class='ocrx_word' id='word_1_511' title='bbox 314 5616 414 5670; x_wconf 84' lang='lat'>:06</span> <span class='ocrx_word' id='word_1_512' title='bbox 443 5623 912 5691; x_wconf 82' lang='grc' dir='ltr'>προσενέγκαντος</span> <span class='ocrx_word' id='word_1_513' title='bbox 939 5627 1036 5699; x_wconf 83' lang='grc' dir='ltr'>τὴν</span> <span class='ocrx_word' id='word_1_514' title='bbox 1077 5625 1318 5699; x_wconf 87' lang='grc' dir='ltr'>γνώμην.</span> <span class='ocrx_word' id='word_1_515' title='bbox 1338 5630 1469 5682; x_wconf 80' lang='grc' dir='ltr'>Ἐπὶ</span> <span class='ocrx_word' id='word_1_516' title='bbox 1496 5630 1564 5683; x_wconf 85' lang='grc' dir='ltr'>δὲ</span> <span class='ocrx_word' id='word_1_517' title='bbox 1599 5630 1749 5686; x_wconf 67' lang='grc' dir='ltr'>Κάιν</span> <span class='ocrx_word' id='word_1_518' title='bbox 1775 5634 1871 5688; x_wconf 76' lang='grc' dir='ltr'>καὶ</span> <span class='ocrx_word' id='word_1_519' title='bbox 1895 5637 1992 5690; x_wconf 70' lang='grc' dir='ltr'>επὶ</span> 
     </span>
    </p>
   </div>
   <div class='ocr_carea' id='block_1_61' title="bbox 314 5703 1992 5794">
    <p class='ocr_par' dir='ltr' id='par_1_61' title="bbox 314 5703 1992 5794">
     <span class='ocr_line' id='line_1_61' title="bbox 314 5703 1992 5794; baseline 0.012 -36"><span class='ocrx_word' id='word_1_520' title='bbox 314 5703 447 5772; x_wconf 83' lang='grc' dir='ltr'>ταῖς</span> <span class='ocrx_word' id='word_1_521' title='bbox 480 5709 719 5777; x_wconf 82' lang='grc' dir='ltr'>θυσίαις</span> <span class='ocrx_word' id='word_1_522' title='bbox 758 5714 943 5769; x_wconf 79' lang='grc' dir='ltr'>αὐτοῦ</span> <span class='ocrx_word' id='word_1_523' title='bbox 984 5717 1057 5769; x_wconf 84' lang='grc' dir='ltr'>οὐ</span> <span class='ocrx_word' id='word_1_524' title='bbox 1079 5716 1404 5787; x_wconf 77' lang='grc' dir='ltr'>προσέσχε.</span> <span class='ocrx_word' id='word_1_525' title='bbox 1429 5719 1628 5772; x_wconf 87' lang='grc' dir='ltr'>Σκόπει</span> <span class='ocrx_word' id='word_1_526' title='bbox 1649 5720 1745 5790; x_wconf 83' lang='grc' dir='ltr'>τῆς</span> <span class='ocrx_word' id='word_1_527' title='bbox 1767 5722 1992 5794; x_wconf 80' lang='grc' dir='ltr'>Γραφῆς</span> 
     </span>
    </p>
   </div>
   <div class='ocr_carea' id='block_1_62' title="bbox 328 5890 1990 5968">
    <p class='ocr_par' dir='ltr' id='par_1_62' title="bbox 328 5890 1990 5968">
     <span class='ocr_line' id='line_1_62' title="bbox 328 5890 1990 5968; baseline -0.002 -6"><span class='ocrx_word' id='word_1_528' title='bbox 328 5890 581 5968; x_wconf 46' lang='grc' dir='ltr'>,ξεξδνίισ</span> <span class='ocrx_word' id='word_1_529' title='bbox 609 5899 663 5943; x_wconf 65' lang='grc' dir='ltr'>ει</span> <span class='ocrx_word' id='word_1_530' title='bbox 686 5896 914 5968; x_wconf 61' lang='grc' dir='ltr'>ςιυίικιιιεξ</span> <span class='ocrx_word' id='word_1_531' title='bbox 945 5913 1082 5968; x_wconf 34' lang='grc' dir='ltr'>Ῑηξςς-</span> <span class='ocrx_word' id='word_1_532' title='bbox 1106 5903 1229 5968; x_wconf 77' lang='grc' dir='ltr'>ἀλλὰ</span> <span class='ocrx_word' id='word_1_533' title='bbox 1266 5902 1313 5968; x_wconf 84' lang='grc' dir='ltr'>τί</span> <span class='ocrx_word' id='word_1_534' title='bbox 1324 5915 1372 5968; x_wconf 40' lang='grc' dir='ltr'>,η</span> <span class='ocrx_word' id='word_1_535' title='bbox 1402 5902 1432 5942; x_wconf 79' lang='lat' dir='ltr'><strong>b</strong></span> <span class='ocrx_word' id='word_1_536' title='bbox 1460 5902 1684 5968; x_wconf 80' lang='lat' dir='ltr'>Coislin.,</span> <span class='ocrx_word' id='word_1_537' title='bbox 1729 5905 1902 5958; x_wconf 77' lang='lat' dir='ltr'>Morel.</span> <span class='ocrx_word' id='word_1_538' title='bbox 1936 5915 1990 5958; x_wconf 81' lang='lat' dir='ltr'>cl</span> 
     </span>
    </p>
   </div>
   <div class='ocr_carea' id='block_1_63' title="bbox 308 5952 1497 6022">
    <p class='ocr_par' dir='ltr' id='par_1_63' title="bbox 308 5952 1497 6022">
     <span class='ocr_line' id='line_1_63' title="bbox 308 5952 1497 6022; baseline 0.013 -22"><span class='ocrx_word' id='word_1_539' title='bbox 308 5952 463 6002; x_wconf 70' lang='lat' dir='ltr'>smn.</span> <span class='ocrx_word' id='word_1_540' title='bbox 490 5952 841 6017; x_wconf 60' lang='grc' dir='ltr'>πρωτοτόὶιωνῖ</span> <span class='ocrx_word' id='word_1_541' title='bbox 893 5961 915 5989; x_wconf 77' lang='grc' dir='ltr'><strong><em>ο</em></strong></span> <span class='ocrx_word' id='word_1_542' title='bbox 937 5962 1238 6022; x_wconf 74' lang='grc' dir='ltr'>(ἰοίειὶιι.τὴν</span> <span class='ocrx_word' id='word_1_543' title='bbox 1262 5952 1497 6021; x_wconf 48' lang='lat' dir='ltr'>anisum;</span> 
     </span>
    </p>
   </div>
   <div class='ocr_carea' id='block_1_64' title="bbox 592 6048 1240 6130">
    <p class='ocr_par' dir='ltr' id='par_1_64' title="bbox 592 6048 1240 6130">
     <span class='ocr_line' id='line_1_64' title="bbox 592 6048 1240 6130; baseline 0.02 -13"><span class='ocrx_word' id='word_1_544' title='bbox 592 6057 864 6127; x_wconf 75' lang='lat' dir='ltr'>PATROL.</span> <span class='ocrx_word' id='word_1_545' title='bbox 927 6065 1047 6130; x_wconf 80' lang='lat' dir='ltr'>Gn.</span> <span class='ocrx_word' id='word_1_546' title='bbox 1081 6048 1240 6130; x_wconf 76' lang='lat' dir='ltr'>Lm.</span> 
     </span>
    </p>
   </div>
   <div class='ocr_carea' id='block_1_65' title="bbox 1512 414 2660 474">
    <p class='ocr_par' dir='ltr' id='par_1_65' title="bbox 1512 414 2660 474">
     <span class='ocr_line' id='line_1_65' title="bbox 1512 414 2660 474; baseline 0 -1"><span class='ocrx_word' id='word_1_547' title='bbox 1512 418 1579 473; x_wconf 75' lang='lat' dir='ltr'>IN</span> <span class='ocrx_word' id='word_1_548' title='bbox 1619 418 1771 474; x_wconf 80' lang='lat' dir='ltr'>CAP.</span> <span class='ocrx_word' id='word_1_549' title='bbox 1810 416 1875 472; x_wconf 80' lang='lat' dir='ltr'>IV</span> <span class='ocrx_word' id='word_1_550' title='bbox 1912 415 2158 472; x_wconf 72' lang='lat' dir='ltr'>GENES.</span> <span class='ocrx_word' id='word_1_551' title='bbox 2201 414 2436 473; x_wconf 72' lang='lat' dir='ltr'>HOMIL.</span> <span class='ocrx_word' id='word_1_552' title='bbox 2480 419 2660 473; x_wconf 73' lang='lat' dir='ltr'>XVIII.</span> 
     </span>
    </p>
   </div>
   <div class='ocr_carea' id='block_1_66' title="bbox 3714 423 3813 478">
    <p class='ocr_par' dir='ltr' id='par_1_66' title="bbox 3714 423 3813 478">
     <span class='ocr_line' id='line_1_66' title="bbox 3714 423 3813 478; baseline 0 -1"><span class='ocrx_word' id='word_1_553' title='bbox 3714 423 3732 477; x_wconf 86' lang='lat' dir='ltr'><strong>I</strong></span> <span class='ocrx_word' id='word_1_554' title='bbox 3747 424 3813 478; x_wconf 65' lang='lat'>’36</span> 
     </span>
    </p>
   </div>
   <div class='ocr_carea' id='block_1_67' title="bbox 2134 528 3813 608">
    <p class='ocr_par' dir='ltr' id='par_1_67' title="bbox 2134 528 3813 608">
     <span class='ocr_line' id='line_1_67' title="bbox 2134 528 3813 608; baseline 0.005 -25"><span class='ocrx_word' id='word_1_555' title='bbox 2134 528 2230 601; x_wconf 85' lang='grc' dir='ltr'>τὴν</span> <span class='ocrx_word' id='word_1_556' title='bbox 2270 533 2616 604; x_wconf 72' lang='grc' dir='ltr'>ἀκρίϐειανο.</span> <span class='ocrx_word' id='word_1_557' title='bbox 2642 534 2730 605; x_wconf 76' lang='grc' dir='ltr'>Τῷ</span> <span class='ocrx_word' id='word_1_558' title='bbox 2770 537 2964 598; x_wconf 81' lang='grc' dir='ltr'>εἰπεῖν,</span> <span class='ocrx_word' id='word_1_559' title='bbox 2992 538 3073 589; x_wconf 80' lang='grc' dir='ltr'>Οὐ</span> <span class='ocrx_word' id='word_1_560' title='bbox 3101 537 3467 606; x_wconf 76' lang='grc' dir='ltr'>προσέσχεν,</span> <span class='ocrx_word' id='word_1_561' title='bbox 3509 537 3673 602; x_wconf 71' lang='grc' dir='ltr'>ἔδειξε</span> <span class='ocrx_word' id='word_1_562' title='bbox 3716 540 3813 608; x_wconf 70' lang='grc' dir='ltr'>τὴν</span> 
     </span>
    </p>
   </div>
   <div class='ocr_carea' id='block_1_68' title="bbox 2135 619 3814 696">
    <p class='ocr_par' dir='ltr' id='par_1_68' title="bbox 2135 619 3814 696">
     <span class='ocr_line' id='line_1_68' title="bbox 2135 619 3814 696; baseline 0.007 -26"><span class='ocrx_word' id='word_1_563' title='bbox 2135 619 2403 691; x_wconf 76' lang='grc' dir='ltr'>ἀποϐολὴν</span> <span class='ocrx_word' id='word_1_564' title='bbox 2422 623 2529 676; x_wconf 83' lang='grc' dir='ltr'>τῶν</span> <span class='ocrx_word' id='word_1_565' title='bbox 2552 623 3041 695; x_wconf 83' lang='grc' dir='ltr'>προσενεχθέντων,</span> <span class='ocrx_word' id='word_1_566' title='bbox 3066 625 3158 677; x_wconf 73' lang='grc' dir='ltr'>καὶ</span> <span class='ocrx_word' id='word_1_567' title='bbox 3186 624 3263 696; x_wconf 78' lang='grc' dir='ltr'><strong>τῷ</strong></span> <span class='ocrx_word' id='word_1_568' title='bbox 3293 625 3482 689; x_wconf 79' lang='grc' dir='ltr'>θυσίας</span> <span class='ocrx_word' id='word_1_569' title='bbox 3505 626 3727 680; x_wconf 87' lang='grc' dir='ltr'>καλέσαι</span> <span class='ocrx_word' id='word_1_570' title='bbox 3746 631 3814 681; x_wconf 68' lang='grc' dir='ltr'>τὶ</span> 
     </span>
    </p>
   </div>
   <div class='ocr_carea' id='block_1_69' title="bbox 2134 704 3812 784">
    <p class='ocr_par' dir='ltr' id='par_1_69' title="bbox 2134 704 3812 784">
     <span class='ocr_line' id='line_1_69' title="bbox 2134 704 3812 784; baseline 0.007 -29"><span class='ocrx_word' id='word_1_571' title='bbox 2134 704 2241 757; x_wconf 73' lang='grc' dir='ltr'>ἀπὸ</span> <span class='ocrx_word' id='word_1_572' title='bbox 2275 707 2377 777; x_wconf 83' lang='grc' dir='ltr'>τῆς</span> <span class='ocrx_word' id='word_1_573' title='bbox 2416 713 2516 780; x_wconf 79' lang='grc' dir='ltr'>γῆς</span> <span class='ocrx_word' id='word_1_574' title='bbox 2556 710 3014 782; x_wconf 81' lang='grc' dir='ltr'>προσενεχθέντα,</span> <span class='ocrx_word' id='word_1_575' title='bbox 3037 711 3197 767; x_wconf 86' lang='grc' dir='ltr'>πάλιν</span> <span class='ocrx_word' id='word_1_576' title='bbox 3218 712 3403 783; x_wconf 76' lang='grc' dir='ltr'>ἕτερον</span> <span class='ocrx_word' id='word_1_577' title='bbox 3425 714 3570 784; x_wconf 70' lang='grc' dir='ltr'>ἡμᾶς</span> <span class='ocrx_word' id='word_1_578' title='bbox 3593 731 3646 767; x_wconf 90' lang='grc' dir='ltr'><strong>τι</strong></span> <span class='ocrx_word' id='word_1_579' title='bbox 3667 713 3812 768; x_wconf 79' lang='grc' dir='ltr'>διδά-</span> 
     </span>
    </p>
   </div>
   <div class='ocr_carea' id='block_1_70' title="bbox 2133 793 3816 873">
    <p class='ocr_par' dir='ltr' id='par_1_70' title="bbox 2133 793 3816 873">
     <span class='ocr_line' id='line_1_70' title="bbox 2133 793 3816 873; baseline 0.005 -29"><span class='ocrx_word' id='word_1_580' title='bbox 2133 793 2422 867; x_wconf 88' lang='grc' dir='ltr'>σκει.⁶’ορα</span> <span class='ocrx_word' id='word_1_581' title='bbox 2457 797 2565 870; x_wconf 77' lang='grc' dir='ltr'>γάρ</span> <span class='ocrx_word' id='word_1_582' title='bbox 2605 798 2722 861; x_wconf 89' lang='grc' dir='ltr'>πῶς</span> <span class='ocrx_word' id='word_1_583' title='bbox 2759 798 3000 852; x_wconf 89' lang='grc' dir='ltr'>δείκνυσι</span> <span class='ocrx_word' id='word_1_584' title='bbox 3019 799 3085 852; x_wconf 84' lang='grc' dir='ltr'>δι’</span> <span class='ocrx_word' id='word_1_585' title='bbox 3105 799 3284 853; x_wconf 86' lang='grc' dir='ltr'>αὐτῶν</span> <span class='ocrx_word' id='word_1_586' title='bbox 3305 800 3411 854; x_wconf 88' lang='grc' dir='ltr'>τῶν</span> <span class='ocrx_word' id='word_1_587' title='bbox 3433 802 3816 873; x_wconf 87' lang='grc' dir='ltr'>γεγενημένων</span> 
     </span>
    </p>
   </div>
   <div class='ocr_carea' id='block_1_71' title="bbox 2130 880 3891 961">
    <p class='ocr_par' dir='ltr' id='par_1_71' title="bbox 2130 880 3891 961">
     <span class='ocr_line' id='line_1_71' title="bbox 2130 880 3891 961; baseline 0.007 -30"><span class='ocrx_word' id='word_1_588' title='bbox 2130 881 2224 932; x_wconf 76' lang='grc' dir='ltr'>καὶ</span> <span class='ocrx_word' id='word_1_589' title='bbox 2266 880 2349 935; x_wconf 76' lang='grc' dir='ltr'>διὰ</span> <span class='ocrx_word' id='word_1_590' title='bbox 2388 884 2496 937; x_wconf 86' lang='grc' dir='ltr'>τῶν</span> <span class='ocrx_word' id='word_1_591' title='bbox 2536 888 2816 957; x_wconf 79' lang='grc' dir='ltr'>ῥημάτων,</span> <span class='ocrx_word' id='word_1_592' title='bbox 2840 888 2922 940; x_wconf 86' lang='grc' dir='ltr'>ὅτι</span> <span class='ocrx_word' id='word_1_593' title='bbox 2961 886 3136 941; x_wconf 80' lang='grc' dir='ltr'>ταῦτα</span> <span class='ocrx_word' id='word_1_594' title='bbox 3176 886 3392 942; x_wconf 77' lang='grc' dir='ltr'>ἅπαντα</span> <span class='ocrx_word' id='word_1_595' title='bbox 3416 889 3660 959; x_wconf 86' lang='grc' dir='ltr'>βούλεται</span> <span class='ocrx_word' id='word_1_596' title='bbox 3684 893 3811 961; x_wconf 81' lang='grc' dir='ltr'>παρ’</span> <span class='ocrx_word' id='word_1_597' title='bbox 3878 919 3891 926; x_wconf 81' lang='grc'><strong>-</strong></span> 
     </span>
    </p>
   </div>
   <div class='ocr_carea' id='block_1_72' title="bbox 2127 967 3815 1046">
    <p class='ocr_par' dir='ltr' id='par_1_72' title="bbox 2127 967 3815 1046">
     <span class='ocr_line' id='line_1_72' title="bbox 2127 967 3815 1046; baseline 0.007 -28"><span class='ocrx_word' id='word_1_598' title='bbox 2127 967 2287 1036; x_wconf 74' lang='grc' dir='ltr'>ἡμῶν</span> <span class='ocrx_word' id='word_1_599' title='bbox 2322 969 2351 1022; x_wconf 88' lang='lat'>6</span> <span class='ocrx_word' id='word_1_600' title='bbox 2388 972 2667 1042; x_wconf 82' lang='grc' dir='ltr'>Δεσπότης</span> <span class='ocrx_word' id='word_1_601' title='bbox 2703 973 2970 1041; x_wconf 90' lang='grc' dir='ltr'>γίνεσθαι,</span> <span class='ocrx_word' id='word_1_602' title='bbox 2998 975 3085 1029; x_wconf 79' lang='grc' dir='ltr'>ἵνα</span> <span class='ocrx_word' id='word_1_603' title='bbox 3104 974 3172 1027; x_wconf 83' lang='grc' dir='ltr'><strong>τὰ</strong></span> <span class='ocrx_word' id='word_1_604' title='bbox 3191 976 3289 1046; x_wconf 81' lang='grc' dir='ltr'>τῆς</span> <span class='ocrx_word' id='word_1_605' title='bbox 3309 974 3534 1046; x_wconf 85' lang='grc' dir='ltr'>γνώμης</span> <span class='ocrx_word' id='word_1_606' title='bbox 3554 975 3710 1046; x_wconf 75' lang='grc' dir='ltr'>ἡμῶν</span> <span class='ocrx_word' id='word_1_607' title='bbox 3728 976 3815 1030; x_wconf 62' lang='grc' dir='ltr'>διὰ</span> 
     </span>
    </p>
   </div>
   <div class='ocr_carea' id='block_1_73' title="bbox 2125 1054 3814 1133">
    <p class='ocr_par' dir='ltr' id='par_1_73' title="bbox 2125 1054 3814 1133">
     <span class='ocr_line' id='line_1_73' title="bbox 2125 1054 3814 1133; baseline 0.006 -27"><span class='ocrx_word' id='word_1_608' title='bbox 2125 1054 2233 1108; x_wconf 88' lang='grc' dir='ltr'>τῶν</span> <span class='ocrx_word' id='word_1_609' title='bbox 2269 1056 2360 1125; x_wconf 81' lang='grc' dir='ltr'>ὑφ’</span> <span class='ocrx_word' id='word_1_610' title='bbox 2382 1057 2538 1128; x_wconf 78' lang='grc' dir='ltr'>ἡμῶν</span> <span class='ocrx_word' id='word_1_611' title='bbox 2577 1062 2966 1131; x_wconf 81' lang='grc' dir='ltr'>πραττομένων</span> <span class='ocrx_word' id='word_1_612' title='bbox 2994 1062 3128 1133; x_wconf 79' lang='grc' dir='ltr'>δῆλα</span> <span class='ocrx_word' id='word_1_613' title='bbox 3151 1061 3497 1128; x_wconf 83' lang='grc' dir='ltr'>καθιστᾶται,</span> <span class='ocrx_word' id='word_1_614' title='bbox 3519 1064 3612 1117; x_wconf 63' lang='grc' dir='ltr'>καὶ</span> <span class='ocrx_word' id='word_1_615' title='bbox 3634 1064 3720 1115; x_wconf 82' lang='grc' dir='ltr'>ἵνα</span> <span class='ocrx_word' id='word_1_616' title='bbox 3741 1065 3814 1116; x_wconf 85' lang='grc' dir='ltr'>εἰ-</span> 
     </span>
    </p>
   </div>
   <div class='ocr_carea' id='block_1_74' title="bbox 2126 1140 3812 1222">
    <p class='ocr_par' dir='ltr' id='par_1_74' title="bbox 2126 1140 3812 1222">
     <span class='ocr_line' id='line_1_74' title="bbox 2126 1140 3812 1222; baseline 0.005 -28"><span class='ocrx_word' id='word_1_617' title='bbox 2126 1140 2271 1196; x_wconf 91' lang='grc' dir='ltr'>δέναι</span> <span class='ocrx_word' id='word_1_618' title='bbox 2312 1143 2544 1216; x_wconf 78' lang='grc' dir='ltr'>ἔχωμεν,</span> <span class='ocrx_word' id='word_1_619' title='bbox 2565 1147 2644 1201; x_wconf 85' lang='grc' dir='ltr'>δτι</span> <span class='ocrx_word' id='word_1_620' title='bbox 2686 1148 2790 1201; x_wconf 88' lang='grc' dir='ltr'>ὑπὸ</span> <span class='ocrx_word' id='word_1_621' title='bbox 2828 1150 3107 1221; x_wconf 87' lang='grc' dir='ltr'>Δεσπότην</span> <span class='ocrx_word' id='word_1_622' title='bbox 3149 1149 3314 1221; x_wconf 80' lang='grc' dir='ltr'>ἐσμὲν</span> <span class='ocrx_word' id='word_1_623' title='bbox 3349 1150 3442 1203; x_wconf 75' lang='grc' dir='ltr'>καὶ</span> <span class='ocrx_word' id='word_1_624' title='bbox 3480 1150 3812 1222; x_wconf 78' lang='grc' dir='ltr'>δημιουργὸν</span> 
     </span>
    </p>
   </div>
   <div class='ocr_carea' id='block_1_75' title="bbox 2126 1229 3813 1310">
    <p class='ocr_par' dir='ltr' id='par_1_75' title="bbox 2126 1229 3813 1310">
     <span class='ocr_line' id='line_1_75' title="bbox 2126 1229 3813 1310; baseline 0.006 -27"><span class='ocrx_word' id='word_1_625' title='bbox 2126 1229 2218 1283; x_wconf 87' lang='grc' dir='ltr'>τόν</span> <span class='ocrx_word' id='word_1_626' title='bbox 2239 1232 2347 1285; x_wconf 81' lang='grc' dir='ltr'>ἀπὸ</span> <span class='ocrx_word' id='word_1_627' title='bbox 2364 1234 2456 1287; x_wconf 80' lang='grc' dir='ltr'>τοῦ</span> <span class='ocrx_word' id='word_1_628' title='bbox 2480 1236 2555 1307; x_wconf 83' lang='grc' dir='ltr'>μὴ</span> <span class='ocrx_word' id='word_1_629' title='bbox 2575 1235 2727 1300; x_wconf 78' lang='grc' dir='ltr'>ὄντος</span> <span class='ocrx_word' id='word_1_630' title='bbox 2748 1239 2824 1301; x_wconf 81' lang='grc' dir='ltr'>είς</span> <span class='ocrx_word' id='word_1_631' title='bbox 2847 1237 2908 1290; x_wconf 86' lang='lat'>:6</span> <span class='ocrx_word' id='word_1_632' title='bbox 2928 1234 3066 1290; x_wconf 78' lang='grc' dir='ltr'>εἶναι</span> <span class='ocrx_word' id='word_1_633' title='bbox 3102 1240 3251 1309; x_wconf 79' lang='grc' dir='ltr'>ἡμᾶς</span> <span class='ocrx_word' id='word_1_634' title='bbox 3297 1240 3710 1310; x_wconf 86' lang='grc' dir='ltr'>παραγαγόντα.</span> <span class='ocrx_word' id='word_1_635' title='bbox 3732 1240 3813 1293; x_wconf 72' lang='grc' dir='ltr'>Τὰ</span> 
     </span>
    </p>
   </div>
   <div class='ocr_carea' id='block_1_76' title="bbox 2126 1318 3812 1397">
    <p class='ocr_par' dir='ltr' id='par_1_76' title="bbox 2126 1318 3812 1397">
     <span class='ocr_line' id='line_1_76' title="bbox 2126 1318 3812 1397; baseline 0.005 -26"><span class='ocrx_word' id='word_1_636' title='bbox 2126 1318 2236 1389; x_wconf 82' lang='grc' dir='ltr'>γάρ</span> <span class='ocrx_word' id='word_1_637' title='bbox 2256 1320 2502 1392; x_wconf 87' lang='grc' dir='ltr'>πρόϐατα</span> <span class='ocrx_word' id='word_1_638' title='bbox 2539 1323 2688 1395; x_wconf 88' lang='grc' dir='ltr'>δῶρα</span> <span class='ocrx_word' id='word_1_639' title='bbox 2728 1325 3042 1395; x_wconf 83' lang='grc' dir='ltr'>ὀνομάσασα</span> <span class='ocrx_word' id='word_1_640' title='bbox 3063 1327 3094 1396; x_wconf 82' lang='grc' dir='ltr'>ὴ</span> <span class='ocrx_word' id='word_1_641' title='bbox 3121 1324 3240 1378; x_wconf 89' lang='grc' dir='ltr'>θεία</span> <span class='ocrx_word' id='word_1_642' title='bbox 3263 1325 3474 1397; x_wconf 88' lang='grc' dir='ltr'>Γραφὴ,</span> <span class='ocrx_word' id='word_1_643' title='bbox 3500 1328 3594 1379; x_wconf 73' lang='grc' dir='ltr'>καὶ</span> <span class='ocrx_word' id='word_1_644' title='bbox 3614 1327 3683 1380; x_wconf 75' lang='grc' dir='ltr'>τά</span> <span class='ocrx_word' id='word_1_645' title='bbox 3703 1326 3812 1380; x_wconf 76' lang='grc' dir='ltr'>ἀπὸ</span> 
     </span>
    </p>
   </div>
   <div class='ocr_carea' id='block_1_77' title="bbox 2124 1407 3808 1486">
    <p class='ocr_par' dir='ltr' id='par_1_77' title="bbox 2124 1407 3808 1486">
     <span class='ocr_line' id='line_1_77' title="bbox 2124 1407 3808 1486; baseline 0.006 -27"><span class='ocrx_word' id='word_1_646' title='bbox 2124 1407 2224 1478; x_wconf 78' lang='grc' dir='ltr'>τῆς</span> <span class='ocrx_word' id='word_1_647' title='bbox 2259 1410 2361 1480; x_wconf 82' lang='grc' dir='ltr'>γῆς</span> <span class='ocrx_word' id='word_1_648' title='bbox 2402 1410 2594 1475; x_wconf 86' lang='grc' dir='ltr'>θυσίας</span> <span class='ocrx_word' id='word_1_649' title='bbox 2632 1413 3026 1484; x_wconf 78' lang='grc' dir='ltr'>προσειποῦσα,</span> <span class='ocrx_word' id='word_1_650' title='bbox 3052 1414 3487 1486; x_wconf 80' lang='grc' dir='ltr'>παιδεύειὴμᾶς,</span> <span class='ocrx_word' id='word_1_651' title='bbox 3509 1417 3591 1469; x_wconf 88' lang='grc' dir='ltr'>δτι</span> <span class='ocrx_word' id='word_1_652' title='bbox 3630 1415 3808 1486; x_wconf 80' lang='grc' dir='ltr'>οὐτεὴ</span> 
     </span>
    </p>
   </div>
   <div class='ocr_carea' id='block_1_78' title="bbox 2123 1495 3810 1577">
    <p class='ocr_par' dir='ltr' id='par_1_78' title="bbox 2123 1495 3810 1577">
     <span class='ocr_line' id='line_1_78' title="bbox 2123 1495 3810 1577; baseline 0.006 -30"><span class='ocrx_word' id='word_1_653' title='bbox 2123 1495 2232 1549; x_wconf 87' lang='grc' dir='ltr'>τῶν</span> <span class='ocrx_word' id='word_1_654' title='bbox 2252 1496 2462 1565; x_wconf 81' lang='grc' dir='ltr'>ἀλόγων</span> <span class='ocrx_word' id='word_1_655' title='bbox 2484 1501 2843 1572; x_wconf 85' lang='grc' dir='ltr'>προσκομιδὴ,</span> <span class='ocrx_word' id='word_1_656' title='bbox 2868 1499 2993 1554; x_wconf 77' lang='grc' dir='ltr'>οὐτε</span> <span class='ocrx_word' id='word_1_657' title='bbox 3013 1505 3044 1572; x_wconf 81' lang='grc' dir='ltr'>ἡ</span> <span class='ocrx_word' id='word_1_658' title='bbox 3069 1502 3175 1556; x_wconf 89' lang='grc' dir='ltr'>τῶν</span> <span class='ocrx_word' id='word_1_659' title='bbox 3198 1503 3307 1556; x_wconf 79' lang='grc' dir='ltr'>ἀπὸ</span> <span class='ocrx_word' id='word_1_660' title='bbox 3324 1504 3422 1575; x_wconf 86' lang='grc' dir='ltr'>τῆς</span> <span class='ocrx_word' id='word_1_661' title='bbox 3442 1505 3547 1575; x_wconf 81' lang='grc' dir='ltr'>γῆς</span> <span class='ocrx_word' id='word_1_662' title='bbox 3578 1504 3810 1577; x_wconf 82' lang='grc' dir='ltr'>καρπῶν</span> 
     </span>
    </p>
   </div>
   <div class='ocr_carea' id='block_1_79' title="bbox 2125 1585 3810 1662">
    <p class='ocr_par' dir='ltr' id='par_1_79' title="bbox 2125 1585 3810 1662">
     <span class='ocr_line' id='line_1_79' title="bbox 2125 1585 3810 1662; baseline 0.006 -27"><span class='ocrx_word' id='word_1_663' title='bbox 2125 1585 2456 1657; x_wconf 81' lang='grc' dir='ltr'>προσαγωγὴ</span> <span class='ocrx_word' id='word_1_664' title='bbox 2497 1587 2739 1657; x_wconf 80' lang='grc' dir='ltr'>ζητεῖται</span> <span class='ocrx_word' id='word_1_665' title='bbox 2782 1588 2934 1660; x_wconf 84' lang='grc' dir='ltr'>παρὰ</span> <span class='ocrx_word' id='word_1_666' title='bbox 2953 1589 3032 1659; x_wconf 85' lang='grc' dir='ltr'>τῷ</span> <span class='ocrx_word' id='word_1_667' title='bbox 3050 1591 3316 1662; x_wconf 80' lang='grc' dir='ltr'>Δεσπότῃ.</span> <span class='ocrx_word' id='word_1_668' title='bbox 3340 1590 3453 1644; x_wconf 81' lang='grc' dir='ltr'>ἀλλ’</span> <span class='ocrx_word' id='word_1_669' title='bbox 3475 1593 3509 1661; x_wconf 82' lang='grc' dir='ltr'>ἡ</span> <span class='ocrx_word' id='word_1_670' title='bbox 3529 1592 3628 1662; x_wconf 80' lang='grc' dir='ltr'>τῆς</span> <span class='ocrx_word' id='word_1_671' title='bbox 3666 1593 3810 1660; x_wconf 71' lang='grc' dir='ltr'>γνώ⁵</span> 
     </span>
    </p>
   </div>
   <div class='ocr_carea' id='block_1_80' title="bbox 2127 1673 3806 1750">
    <p class='ocr_par' dir='ltr' id='par_1_80' title="bbox 2127 1673 3806 1750">
     <span class='ocr_line' id='line_1_80' title="bbox 2127 1673 3806 1750; baseline 0.005 -25"><span class='ocrx_word' id='word_1_672' title='bbox 2127 1689 2234 1743; x_wconf 87' lang='grc' dir='ltr'>μης</span> <span class='ocrx_word' id='word_1_673' title='bbox 2252 1673 2490 1737; x_wconf 85' lang='grc' dir='ltr'>διάθεσις</span> <span class='ocrx_word' id='word_1_674' title='bbox 2512 1675 2863 1745; x_wconf 83' lang='grc' dir='ltr'>μόνον.Ὅθεν</span> <span class='ocrx_word' id='word_1_675' title='bbox 2884 1678 2978 1730; x_wconf 74' lang='grc' dir='ltr'>καὶ</span> <span class='ocrx_word' id='word_1_676' title='bbox 2997 1676 3092 1730; x_wconf 76' lang='grc' dir='ltr'>νῦν</span> <span class='ocrx_word' id='word_1_677' title='bbox 3124 1680 3153 1730; x_wconf 86' lang='lat'>6</span> <span class='ocrx_word' id='word_1_678' title='bbox 3190 1677 3288 1747; x_wconf 79' lang='grc' dir='ltr'>μὲν</span> <span class='ocrx_word' id='word_1_679' title='bbox 3308 1679 3401 1731; x_wconf 74' lang='grc' dir='ltr'>ἀπ’</span> <span class='ocrx_word' id='word_1_680' title='bbox 3423 1679 3595 1750; x_wconf 79' lang='grc' dir='ltr'>αὐτῆς</span> <span class='ocrx_word' id='word_1_681' title='bbox 3615 1681 3806 1733; x_wconf 87' lang='grc' dir='ltr'>ἀπόδε-</span> 
     </span>
    </p>
   </div>
   <div class='ocr_carea' id='block_1_81' title="bbox 2122 1762 3805 1838">
    <p class='ocr_par' dir='ltr' id='par_1_81' title="bbox 2122 1762 3805 1838">
     <span class='ocr_line' id='line_1_81' title="bbox 2122 1762 3805 1838; baseline 0.004 -25"><span class='ocrx_word' id='word_1_682' title='bbox 2122 1779 2249 1825; x_wconf 85' lang='grc' dir='ltr'>κτος</span> <span class='ocrx_word' id='word_1_683' title='bbox 2288 1762 2481 1831; x_wconf 86' lang='grc' dir='ltr'>γέγονε</span> <span class='ocrx_word' id='word_1_684' title='bbox 2526 1765 2663 1838; x_wconf 83' lang='grc' dir='ltr'>μετά</span> <span class='ocrx_word' id='word_1_685' title='bbox 2703 1763 2796 1817; x_wconf 80' lang='grc' dir='ltr'>τοῦ</span> <span class='ocrx_word' id='word_1_686' title='bbox 2840 1763 3015 1836; x_wconf 89' lang='grc' dir='ltr'>δώρου</span> <span class='ocrx_word' id='word_1_687' title='bbox 3035 1781 3046 1793; x_wconf 90' lang='grc'><strong>·</strong></span> <span class='ocrx_word' id='word_1_688' title='bbox 3070 1768 3098 1819; x_wconf 88' lang='lat'>6</span> <span class='ocrx_word' id='word_1_689' title='bbox 3116 1765 3173 1819; x_wconf 80' lang='grc' dir='ltr'>δὲ</span> <span class='ocrx_word' id='word_1_690' title='bbox 3194 1766 3353 1819; x_wconf 87' lang='grc' dir='ltr'>πάλιν</span> <span class='ocrx_word' id='word_1_691' title='bbox 3372 1767 3458 1821; x_wconf 77' lang='grc' dir='ltr'>διά</span> <span class='ocrx_word' id='word_1_692' title='bbox 3480 1767 3682 1835; x_wconf 86' lang='grc' dir='ltr'>ταύτην</span> <span class='ocrx_word' id='word_1_693' title='bbox 3705 1769 3805 1820; x_wconf 79' lang='grc' dir='ltr'>ἀπ-</span> 
     </span>
    </p>
   </div>
   <div class='ocr_carea' id='block_1_82' title="bbox 2121 1847 3806 1921">
    <p class='ocr_par' dir='ltr' id='par_1_82' title="bbox 2121 1847 3806 1921">
     <span class='ocr_line' id='line_1_82' title="bbox 2121 1847 3806 1921; baseline 0.005 -22"><span class='ocrx_word' id='word_1_694' title='bbox 2121 1847 2322 1919; x_wconf 81' lang='grc' dir='ltr'>εϐλήθη</span> <span class='ocrx_word' id='word_1_695' title='bbox 2350 1849 2485 1919; x_wconf 72' lang='grc' dir='ltr'>μετὰ</span> <span class='ocrx_word' id='word_1_696' title='bbox 2503 1850 2603 1921; x_wconf 81' lang='grc' dir='ltr'>τῆς</span> <span class='ocrx_word' id='word_1_697' title='bbox 2623 1849 2834 1914; x_wconf 86' lang='grc' dir='ltr'>θυσίας.</span> <span class='ocrx_word' id='word_1_698' title='bbox 2859 1852 2932 1903; x_wconf 84' lang='grc' dir='ltr'>Τὸ</span> <span class='ocrx_word' id='word_1_699' title='bbox 2964 1852 3043 1906; x_wconf 82' lang='grc' dir='ltr'>δὲ.</span> <span class='ocrx_word' id='word_1_700' title='bbox 3062 1851 3335 1905; x_wconf 84' lang='grc' dir='ltr'>Ἔπεῖδεν</span> <span class='ocrx_word' id='word_1_701' title='bbox 3367 1853 3465 1906; x_wconf 78' lang='grc' dir='ltr'>ἐπὶ</span> <span class='ocrx_word' id='word_1_702' title='bbox 3491 1854 3688 1918; x_wconf 65' lang='grc' dir='ltr'>Ἅϐελ,</span> <span class='ocrx_word' id='word_1_703' title='bbox 3710 1854 3806 1907; x_wconf 82' lang='grc' dir='ltr'>καί</span> 
     </span>
    </p>
   </div>
   <div class='ocr_carea' id='block_1_83' title="bbox 2118 1934 3806 2008">
    <p class='ocr_par' dir='ltr' id='par_1_83' title="bbox 2118 1934 3806 2008">
     <span class='ocr_line' id='line_1_83' title="bbox 2118 1934 3806 2008; baseline 0.007 -23"><span class='ocrx_word' id='word_1_704' title='bbox 2118 1934 2216 1987; x_wconf 71' lang='grc' dir='ltr'>ἐπὶ</span> <span class='ocrx_word' id='word_1_705' title='bbox 2255 1935 2380 2001; x_wconf 81' lang='grc' dir='ltr'>τοῖς</span> <span class='ocrx_word' id='word_1_706' title='bbox 2413 1935 2623 2004; x_wconf 82' lang='grc' dir='ltr'>δώροις</span> <span class='ocrx_word' id='word_1_707' title='bbox 2658 1938 2867 2002; x_wconf 82' lang='grc' dir='ltr'>αὐτοῦ,</span> <span class='ocrx_word' id='word_1_708' title='bbox 2887 1938 2986 1992; x_wconf 80' lang='grc' dir='ltr'>ἐπὶ</span> <span class='ocrx_word' id='word_1_709' title='bbox 3021 1939 3092 1992; x_wconf 74' lang='grc' dir='ltr'>δὲ</span> <span class='ocrx_word' id='word_1_710' title='bbox 3123 1940 3294 2005; x_wconf 83' lang='grc' dir='ltr'>Κάτν,</span> <span class='ocrx_word' id='word_1_711' title='bbox 3319 1941 3413 1994; x_wconf 76' lang='grc' dir='ltr'>καί</span> <span class='ocrx_word' id='word_1_712' title='bbox 3435 1941 3534 1994; x_wconf 80' lang='grc' dir='ltr'>ἐπὶ</span> <span class='ocrx_word' id='word_1_713' title='bbox 3555 1941 3684 2008; x_wconf 79' lang='grc' dir='ltr'>ταῖς</span> <span class='ocrx_word' id='word_1_714' title='bbox 3704 1945 3806 1996; x_wconf 85' lang='grc' dir='ltr'>Ου-</span> 
     </span>
    </p>
   </div>
   <div class='ocr_carea' id='block_1_84' title="bbox 2119 2021 3803 2097">
    <p class='ocr_par' dir='ltr' id='par_1_84' title="bbox 2119 2021 3803 2097">
     <span class='ocr_line' id='line_1_84' title="bbox 2119 2021 3803 2097; baseline 0.004 -24"><span class='ocrx_word' id='word_1_715' title='bbox 2119 2021 2283 2087; x_wconf 83' lang='grc' dir='ltr'>σίαις</span> <span class='ocrx_word' id='word_1_716' title='bbox 2299 2022 2487 2076; x_wconf 81' lang='grc' dir='ltr'>αὐτοῦ</span> <span class='ocrx_word' id='word_1_717' title='bbox 2506 2026 2578 2077; x_wconf 79' lang='grc' dir='ltr'>οὐ</span> <span class='ocrx_word' id='word_1_718' title='bbox 2598 2024 2928 2093; x_wconf 80' lang='grc' dir='ltr'>προσέσχε,</span> <span class='ocrx_word' id='word_1_719' title='bbox 2951 2026 3293 2094; x_wconf 79' lang='grc' dir='ltr'>θεοπρεπῶς</span> <span class='ocrx_word' id='word_1_720' title='bbox 3328 2026 3583 2097; x_wconf 79' lang='grc' dir='ltr'>νοῶμεν.</span> <span class='ocrx_word' id='word_1_721' title='bbox 3607 2029 3803 2082; x_wconf 72' lang='grc' dir='ltr'>Βούλεο</span> 
     </span>
    </p>
   </div>
   <div class='ocr_carea' id='block_1_85' title="bbox 2117 2107 3803 2185">
    <p class='ocr_par' dir='ltr' id='par_1_85' title="bbox 2117 2107 3803 2185">
     <span class='ocr_line' id='line_1_85' title="bbox 2117 2107 3803 2185; baseline 0.005 -27"><span class='ocrx_word' id='word_1_722' title='bbox 2117 2122 2208 2159; x_wconf 88' lang='grc' dir='ltr'>ται</span> <span class='ocrx_word' id='word_1_723' title='bbox 2228 2107 2338 2179; x_wconf 86' lang='grc' dir='ltr'>γὰρ</span> <span class='ocrx_word' id='word_1_724' title='bbox 2355 2110 2549 2170; x_wconf 81' lang='grc' dir='ltr'>εἰπεῖν,</span> <span class='ocrx_word' id='word_1_725' title='bbox 2572 2110 2654 2162; x_wconf 85' lang='grc' dir='ltr'>ὃτι</span> <span class='ocrx_word' id='word_1_726' title='bbox 2679 2111 2937 2181; x_wconf 85' lang='grc' dir='ltr'>τοιαύτην</span> <span class='ocrx_word' id='word_1_727' title='bbox 2976 2111 3160 2176; x_wconf 83' lang='grc' dir='ltr'>αὐτοῖς</span> <span class='ocrx_word' id='word_1_728' title='bbox 3196 2113 3398 2181; x_wconf 86' lang='grc' dir='ltr'>γνῶσιν</span> <span class='ocrx_word' id='word_1_729' title='bbox 3419 2113 3702 2185; x_wconf 84' lang='grc' dir='ltr'>ἐνέθηκεν,</span> <span class='ocrx_word' id='word_1_730' title='bbox 3724 2115 3803 2169; x_wconf 84' lang='grc' dir='ltr'>ὅτι</span> 
     </span>
    </p>
   </div>
   <div class='ocr_carea' id='block_1_86' title="bbox 2116 2194 3805 2276">
    <p class='ocr_par' dir='ltr' id='par_1_86' title="bbox 2116 2194 3805 2276">
     <span class='ocr_line' id='line_1_86' title="bbox 2116 2194 3805 2276; baseline 0.004 -28"><span class='ocrx_word' id='word_1_731' title='bbox 2116 2194 2210 2248; x_wconf 81' lang='grc' dir='ltr'>τοῦ</span> <span class='ocrx_word' id='word_1_732' title='bbox 2254 2197 2352 2266; x_wconf 87' lang='grc' dir='ltr'>μὲν</span> <span class='ocrx_word' id='word_1_733' title='bbox 2391 2196 2597 2267; x_wconf 76' lang='grc' dir='ltr'>ἠρέσθη</span> <span class='ocrx_word' id='word_1_734' title='bbox 2641 2201 2705 2269; x_wconf 81' lang='grc' dir='ltr'>τῇ</span> <span class='ocrx_word' id='word_1_735' title='bbox 2751 2200 3205 2270; x_wconf 87' lang='grc' dir='ltr'>προαιρέσει,τοῦ</span> <span class='ocrx_word' id='word_1_736' title='bbox 3241 2201 3298 2254; x_wconf 86' lang='grc' dir='ltr'>δέ</span> <span class='ocrx_word' id='word_1_737' title='bbox 3339 2202 3670 2256; x_wconf 86' lang='grc' dir='ltr'>ἀπεσείσατο</span> <span class='ocrx_word' id='word_1_738' title='bbox 3708 2204 3805 2276; x_wconf 77' lang='grc' dir='ltr'>τὴν</span> 
     </span>
    </p>
   </div>
   <div class='ocr_carea' id='block_1_87' title="bbox 2116 2283 3803 2358">
    <p class='ocr_par' dir='ltr' id='par_1_87' title="bbox 2116 2283 3803 2358">
     <span class='ocr_line' id='line_1_87' title="bbox 2116 2283 3803 2358; baseline 0.007 -24"><span class='ocrx_word' id='word_1_739' title='bbox 2116 2283 2529 2355; x_wconf 83' lang='grc' dir='ltr'>ἀγνωμοσύνην.</span> <span class='ocrx_word' id='word_1_740' title='bbox 2549 2286 2711 2338; x_wconf 81' lang='grc' dir='ltr'>Ἀλλά</span> <span class='ocrx_word' id='word_1_741' title='bbox 2727 2285 2795 2339; x_wconf 79' lang='grc' dir='ltr'>τὰ</span> <span class='ocrx_word' id='word_1_742' title='bbox 2820 2287 2919 2357; x_wconf 83' lang='grc' dir='ltr'>μὲν</span> <span class='ocrx_word' id='word_1_743' title='bbox 2945 2286 3095 2358; x_wconf 82' lang='grc' dir='ltr'>παρᾶ</span> <span class='ocrx_word' id='word_1_744' title='bbox 3114 2288 3208 2342; x_wconf 80' lang='grc' dir='ltr'>τοῦ</span> <span class='ocrx_word' id='word_1_745' title='bbox 3229 2288 3365 2342; x_wconf 81' lang='grc' dir='ltr'>Θεοῦ</span> <span class='ocrx_word' id='word_1_746' title='bbox 3385 2290 3612 2345; x_wconf 72' lang='grc' dir='ltr'>τοιαῦτα</span> <span class='ocrx_word' id='word_1_747' title='bbox 3633 2309 3646 2323; x_wconf 78' lang='grc' dir='ltr'><strong>ο</strong></span> <span class='ocrx_word' id='word_1_748' title='bbox 3681 2291 3803 2347; x_wconf 69' lang='grc' dir='ltr'>ἱδωι</span> 
     </span>
    </p>
   </div>
   <div class='ocr_carea' id='block_1_88' title="bbox 2120 2370 3804 2448">
    <p class='ocr_par' dir='ltr' id='par_1_88' title="bbox 2120 2370 3804 2448">
     <span class='ocr_line' id='line_1_88' title="bbox 2120 2370 3804 2448; baseline 0.005 -27"><span class='ocrx_word' id='word_1_749' title='bbox 2120 2386 2218 2438; x_wconf 89' lang='grc' dir='ltr'>μεν</span> <span class='ocrx_word' id='word_1_750' title='bbox 2252 2370 2309 2423; x_wconf 82' lang='grc' dir='ltr'>δὲ</span> <span class='ocrx_word' id='word_1_751' title='bbox 2351 2370 2534 2426; x_wconf 84' lang='grc' dir='ltr'>λοιπὸν</span> <span class='ocrx_word' id='word_1_752' title='bbox 2571 2373 2639 2427; x_wconf 68' lang='grc' dir='ltr'>τὰ</span> <span class='ocrx_word' id='word_1_753' title='bbox 2680 2373 2827 2445; x_wconf 86' lang='grc' dir='ltr'>ἐξῆς.</span> <span class='ocrx_word' id='word_1_754' title='bbox 2849 2374 2959 2428; x_wconf 81' lang='grc' dir='ltr'>Καὶ</span> <span class='ocrx_word' id='word_1_755' title='bbox 2999 2375 3295 2444; x_wconf 79' lang='grc' dir='ltr'>ἐλύπησε,</span> <span class='ocrx_word' id='word_1_756' title='bbox 3318 2376 3473 2448; x_wconf 77' lang='grc' dir='ltr'>φησὶ,</span> <span class='ocrx_word' id='word_1_757' title='bbox 3510 2377 3618 2431; x_wconf 80' lang='grc' dir='ltr'>τὸν</span> <span class='ocrx_word' id='word_1_758' title='bbox 3655 2378 3804 2433; x_wconf 73' lang='grc' dir='ltr'>1ε’άῖν</span> 
     </span>
    </p>
   </div>
   <div class='ocr_carea' id='block_1_89' title="bbox 2115 2458 3798 2533">
    <p class='ocr_par' dir='ltr' id='par_1_89' title="bbox 2115 2458 3798 2533">
     <span class='ocr_line' id='line_1_89' title="bbox 2115 2458 3798 2533; baseline 0.006 -23"><span class='ocrx_word' id='word_1_759' title='bbox 2115 2458 2275 2525; x_wconf 70' lang='grc' dir='ltr'>λίαν,</span> <span class='ocrx_word' id='word_1_760' title='bbox 2296 2458 2392 2513; x_wconf 74' lang='grc' dir='ltr'>καί</span> <span class='ocrx_word' id='word_1_761' title='bbox 2415 2459 2720 2516; x_wconf 76' lang='grc' dir='ltr'>συνέπεσε</span> <span class='ocrx_word' id='word_1_762' title='bbox 2752 2461 2819 2516; x_wconf 83' lang='grc' dir='ltr'>τὸ</span> <span class='ocrx_word' id='word_1_763' title='bbox 2850 2462 3177 2533; x_wconf 79' lang='grc' dir='ltr'>πρόσωπον</span> <span class='ocrx_word' id='word_1_764' title='bbox 3194 2466 3402 2520; x_wconf 85' lang='grc' dir='ltr'>αὐτοῦ.</span> <span class='ocrx_word' id='word_1_765' title='bbox 3428 2467 3493 2518; x_wconf 88' lang='grc' dir='ltr'>Τί</span> <span class='ocrx_word' id='word_1_766' title='bbox 3524 2469 3661 2528; x_wconf 82' lang='grc' dir='ltr'>ἐστι,</span> <span class='ocrx_word' id='word_1_767' title='bbox 3685 2469 3798 2522; x_wconf 74' lang='grc' dir='ltr'>Καὶ</span> 
     </span>
    </p>
   </div>
   <div class='ocr_carea' id='block_1_90' title="bbox 2113 2545 3803 2627">
    <p class='ocr_par' dir='ltr' id='par_1_90' title="bbox 2113 2545 3803 2627">
     <span class='ocr_line' id='line_1_90' title="bbox 2113 2545 3803 2627; baseline 0.008 -28"><span class='ocrx_word' id='word_1_768' title='bbox 2113 2545 2389 2616; x_wconf 76' lang='grc' dir='ltr'>ἐλύπησε</span> <span class='ocrx_word' id='word_1_769' title='bbox 2423 2549 2528 2603; x_wconf 83' lang='grc' dir='ltr'>τὸν</span> <span class='ocrx_word' id='word_1_770' title='bbox 2562 2551 2714 2605; x_wconf 73' lang='grc' dir='ltr'>Κάϊν</span> <span class='ocrx_word' id='word_1_771' title='bbox 2745 2552 2922 2617; x_wconf 73' lang='grc' dir='ltr'>.ὶιάν;</span> <span class='ocrx_word' id='word_1_772' title='bbox 2951 2553 3122 2623; x_wconf 85' lang='grc' dir='ltr'>Διπλῆ</span> <span class='ocrx_word' id='word_1_773' title='bbox 3144 2554 3210 2608; x_wconf 86' lang='grc' dir='ltr'>τὰ</span> <span class='ocrx_word' id='word_1_774' title='bbox 3228 2555 3327 2625; x_wconf 85' lang='grc' dir='ltr'>τῆς</span> <span class='ocrx_word' id='word_1_775' title='bbox 3346 2554 3524 2627; x_wconf 83' lang='grc' dir='ltr'>λύπης</span> <span class='ocrx_word' id='word_1_776' title='bbox 3543 2556 3693 2627; x_wconf 87' lang='grc' dir='ltr'>αὑτῷ</span> <span class='ocrx_word' id='word_1_777' title='bbox 3713 2558 3803 2625; x_wconf 83' lang='grc' dir='ltr'>γέ-</span> 
     </span>
    </p>
   </div>
   <div class='ocr_carea' id='block_1_91' title="bbox 2115 2636 3801 2712">
    <p class='ocr_par' dir='ltr' id='par_1_91' title="bbox 2115 2636 3801 2712">
     <span class='ocr_line' id='line_1_91' title="bbox 2115 2636 3801 2712; baseline 0.006 -23"><span class='ocrx_word' id='word_1_778' title='bbox 2115 2651 2291 2703; x_wconf 83' lang='grc' dir='ltr'>γονεν,</span> <span class='ocrx_word' id='word_1_779' title='bbox 2313 2636 2412 2707; x_wconf 88' lang='grc' dir='ltr'>οὐχ</span> <span class='ocrx_word' id='word_1_780' title='bbox 2450 2638 2531 2691; x_wconf 86' lang='grc' dir='ltr'>ὄτι</span> <span class='ocrx_word' id='word_1_781' title='bbox 2569 2639 2729 2703; x_wconf 81' lang='grc' dir='ltr'>αὐτὸς</span> <span class='ocrx_word' id='word_1_782' title='bbox 2752 2640 2912 2711; x_wconf 86' lang='grc' dir='ltr'>μόνος</span> <span class='ocrx_word' id='word_1_783' title='bbox 2949 2642 3253 2712; x_wconf 85' lang='grc' dir='ltr'>ἀπόϐλητος</span> <span class='ocrx_word' id='word_1_784' title='bbox 3272 2643 3495 2711; x_wconf 86' lang='grc' dir='ltr'>γέγονεν</span> <span class='ocrx_word' id='word_1_785' title='bbox 3512 2644 3561 2711; x_wconf 74' lang='grc' dir='ltr'>ἀ,</span> <span class='ocrx_word' id='word_1_786' title='bbox 3587 2645 3699 2699; x_wconf 81' lang='grc' dir='ltr'>ἀλλ’</span> <span class='ocrx_word' id='word_1_787' title='bbox 3718 2647 3801 2699; x_wconf 81' lang='grc' dir='ltr'>ὅτι</span> 
     </span>
    </p>
   </div>
   <div class='ocr_carea' id='block_1_92' title="bbox 2115 2724 3800 2807">
    <p class='ocr_par' dir='ltr' id='par_1_92' title="bbox 2115 2724 3800 2807">
     <span class='ocr_line' id='line_1_92' title="bbox 2115 2724 3800 2807; baseline 0.008 -30"><span class='ocrx_word' id='word_1_788' title='bbox 2115 2725 2205 2777; x_wconf 71' lang='grc' dir='ltr'>καὶ</span> <span class='ocrx_word' id='word_1_789' title='bbox 2225 2724 2285 2778; x_wconf 85' lang='lat'>:6</span> <span class='ocrx_word' id='word_1_790' title='bbox 2304 2724 2397 2778; x_wconf 84' lang='lat'>:06</span> <span class='ocrx_word' id='word_1_791' title='bbox 2418 2727 2647 2796; x_wconf 73' lang='grc' dir='ltr'>ἀδελφοῦ</span> <span class='ocrx_word' id='word_1_792' title='bbox 2669 2728 2840 2800; x_wconf 90' lang='grc' dir='ltr'>δῶρον</span> <span class='ocrx_word' id='word_1_793' title='bbox 2857 2730 3213 2803; x_wconf 85' lang='grc' dir='ltr'>προσεδέχθη.</span> <span class='ocrx_word' id='word_1_794' title='bbox 3234 2734 3343 2786; x_wconf 78' lang='grc' dir='ltr'>Καὶ</span> <span class='ocrx_word' id='word_1_795' title='bbox 3359 2732 3620 2805; x_wconf 84' lang='grc' dir='ltr'>ἐλύπησε.</span> <span class='ocrx_word' id='word_1_796' title='bbox 3646 2737 3800 2807; x_wconf 71' lang='grc' dir='ltr'>φησὶ,</span> 
     </span>
    </p>
   </div>
   <div class='ocr_carea' id='block_1_93' title="bbox 2113 2812 3803 2889">
    <p class='ocr_par' dir='ltr' id='par_1_93' title="bbox 2113 2812 3803 2889">
     <span class='ocr_line' id='line_1_93' title="bbox 2113 2812 3803 2889; baseline 0.009 -26"><span class='ocrx_word' id='word_1_797' title='bbox 2113 2812 2203 2866; x_wconf 72' lang='grc' dir='ltr'>τὸν</span> <span class='ocrx_word' id='word_1_798' title='bbox 2226 2813 2364 2866; x_wconf 85' lang='grc' dir='ltr'>Κάῖν</span> <span class='ocrx_word' id='word_1_799' title='bbox 2402 2813 2544 2880; x_wconf 88' lang='grc' dir='ltr'>λίαν,</span> <span class='ocrx_word' id='word_1_800' title='bbox 2568 2816 2661 2868; x_wconf 70' lang='grc' dir='ltr'>καὶ</span> <span class='ocrx_word' id='word_1_801' title='bbox 2705 2817 2970 2870; x_wconf 87' lang='grc' dir='ltr'>συνέπεσε</span> <span class='ocrx_word' id='word_1_802' title='bbox 2989 2818 3051 2871; x_wconf 82' lang='grc' dir='ltr'>τὸ</span> <span class='ocrx_word' id='word_1_803' title='bbox 3072 2820 3364 2889; x_wconf 86' lang='grc' dir='ltr'>πρόσωπον</span> <span class='ocrx_word' id='word_1_804' title='bbox 3383 2822 3569 2876; x_wconf 80' lang='grc' dir='ltr'>αὑτοῦ.</span> <span class='ocrx_word' id='word_1_805' title='bbox 3595 2825 3660 2877; x_wconf 87' lang='grc' dir='ltr'>Τί</span> <span class='ocrx_word' id='word_1_806' title='bbox 3681 2825 3803 2878; x_wconf 79' lang='grc' dir='ltr'>ἐλύ-</span> 
     </span>
    </p>
   </div>
   <div class='ocr_carea' id='block_1_94' title="bbox 2114 2902 3797 2986">
    <p class='ocr_par' dir='ltr' id='par_1_94' title="bbox 2114 2902 3797 2986">
     <span class='ocr_line' id='line_1_94' title="bbox 2114 2902 3797 2986; baseline 0.008 -33"><span class='ocrx_word' id='word_1_807' title='bbox 2114 2918 2287 2972; x_wconf 85' lang='grc' dir='ltr'>πησεν</span> <span class='ocrx_word' id='word_1_808' title='bbox 2307 2902 2471 2957; x_wconf 84' lang='grc' dir='ltr'>αὐτόν</span> <span class='ocrx_word' id='word_1_809' title='bbox 2496 2920 2510 2969; x_wconf 92' lang='grc'>;</span> <span class='ocrx_word' id='word_1_810' title='bbox 2547 2904 2856 2977; x_wconf 84' lang='grc' dir='ltr'>Ἀμφότερα</span> <span class='ocrx_word' id='word_1_811' title='bbox 2877 2907 3037 2961; x_wconf 78' lang='grc' dir='ltr'>αὐτὸν</span> <span class='ocrx_word' id='word_1_812' title='bbox 3056 2907 3315 2980; x_wconf 82' lang='grc' dir='ltr'>ἐλύπησε,</span> <span class='ocrx_word' id='word_1_813' title='bbox 3340 2910 3433 2964; x_wconf 74' lang='grc' dir='ltr'>καὶ</span> <span class='ocrx_word' id='word_1_814' title='bbox 3454 2910 3513 2965; x_wconf 85' lang='lat'>:6</span> <span class='ocrx_word' id='word_1_815' title='bbox 3537 2912 3610 2983; x_wconf 78' lang='grc' dir='ltr'>μὴ</span> <span class='ocrx_word' id='word_1_816' title='bbox 3633 2926 3797 2986; x_wconf 82' lang='grc' dir='ltr'>προσ-</span> 
     </span>
    </p>
   </div>
   <div class='ocr_carea' id='block_1_95' title="bbox 2113 2988 3797 3069">
    <p class='ocr_par' dir='ltr' id='par_1_95' title="bbox 2113 2988 3797 3069">
     <span class='ocr_line' id='line_1_95' title="bbox 2113 2988 3797 3069; baseline 0.008 -29"><span class='ocrx_word' id='word_1_817' title='bbox 2113 2989 2230 3057; x_wconf 85' lang='grc' dir='ltr'>χεῖν</span> <span class='ocrx_word' id='word_1_818' title='bbox 2265 2991 2329 3060; x_wconf 84' lang='grc' dir='ltr'>τῇ</span> <span class='ocrx_word' id='word_1_819' title='bbox 2374 2988 2536 3062; x_wconf 71' lang='grc' dir='ltr'>θυσία</span> <span class='ocrx_word' id='word_1_820' title='bbox 2569 2991 2734 3045; x_wconf 81' lang='grc' dir='ltr'>αὐτοῦ</span> <span class='ocrx_word' id='word_1_821' title='bbox 2756 2991 2846 3044; x_wconf 84' lang='grc' dir='ltr'>τὸν</span> <span class='ocrx_word' id='word_1_822' title='bbox 2866 2993 3164 3066; x_wconf 84' lang='grc' dir='ltr'>Δεσπότην,</span> <span class='ocrx_word' id='word_1_823' title='bbox 3189 2996 3283 3049; x_wconf 79' lang='grc' dir='ltr'>καὶ</span> <span class='ocrx_word' id='word_1_824' title='bbox 3314 2995 3374 3049; x_wconf 84' lang='lat'>:6</span> <span class='ocrx_word' id='word_1_825' title='bbox 3403 2998 3797 3069; x_wconf 84' lang='grc' dir='ltr'>εὐπρόσδεκτον</span> 
     </span>
    </p>
   </div>
   <div class='ocr_carea' id='block_1_96' title="bbox 2112 3075 3797 3157">
    <p class='ocr_par' dir='ltr' id='par_1_96' title="bbox 2112 3075 3797 3157">
     <span class='ocr_line' id='line_1_96' title="bbox 2112 3075 3797 3157; baseline 0.008 -29"><span class='ocrx_word' id='word_1_826' title='bbox 2112 3075 2362 3143; x_wconf 87' lang='grc' dir='ltr'>γενέσθαι</span> <span class='ocrx_word' id='word_1_827' title='bbox 2404 3076 2464 3130; x_wconf 89' lang='lat'>:6</span> <span class='ocrx_word' id='word_1_828' title='bbox 2502 3078 2596 3131; x_wconf 77' lang='grc' dir='ltr'>τοῦ</span> <span class='ocrx_word' id='word_1_829' title='bbox 2628 3079 2858 3151; x_wconf 80' lang='grc' dir='ltr'>ἀδελφοῦ</span> <span class='ocrx_word' id='word_1_830' title='bbox 2879 3077 3070 3155; x_wconf 87' lang='grc' dir='ltr'>δῶρον.</span> <span class='ocrx_word' id='word_1_831' title='bbox 3093 3083 3221 3138; x_wconf 83' lang='grc' dir='ltr'>Δέον</span> <span class='ocrx_word' id='word_1_832' title='bbox 3240 3079 3333 3138; x_wconf 66' lang='grc' dir='ltr'>οὖν</span> <span class='ocrx_word' id='word_1_833' title='bbox 3351 3083 3450 3157; x_wconf 82' lang='grc' dir='ltr'>τὴν</span> <span class='ocrx_word' id='word_1_834' title='bbox 3470 3085 3648 3140; x_wconf 79' lang='grc' dir='ltr'>αἰτίαν</span> <span class='ocrx_word' id='word_1_835' title='bbox 3670 3103 3797 3141; x_wconf 73' lang='grc' dir='ltr'>συν-</span> 
     </span>
    </p>
   </div>
   <div class='ocr_carea' id='block_1_97' title="bbox 2109 3164 3797 3247">
    <p class='ocr_par' dir='ltr' id='par_1_97' title="bbox 2109 3164 3797 3247">
     <span class='ocr_line' id='line_1_97' title="bbox 2109 3164 3797 3247; baseline 0.008 -31"><span class='ocrx_word' id='word_1_836' title='bbox 2109 3164 2290 3219; x_wconf 84' lang='grc' dir='ltr'>ειδότα</span> <span class='ocrx_word' id='word_1_837' title='bbox 2309 3166 2367 3232; x_wconf 81' lang='grc' dir='ltr'>ἐξ</span> <span class='ocrx_word' id='word_1_838' title='bbox 2387 3166 2565 3220; x_wconf 87' lang='grc' dir='ltr'>αὐτῶν</span> <span class='ocrx_word' id='word_1_839' title='bbox 2585 3168 2692 3222; x_wconf 89' lang='grc' dir='ltr'>τῶν</span> <span class='ocrx_word' id='word_1_840' title='bbox 2712 3173 3093 3245; x_wconf 84' lang='grc' dir='ltr'>γεγενημένων</span> <span class='ocrx_word' id='word_1_841' title='bbox 3121 3171 3516 3244; x_wconf 84' lang='grc' dir='ltr'>διορθώσασθαι</span> <span class='ocrx_word' id='word_1_842' title='bbox 3536 3174 3596 3228; x_wconf 88' lang='lat'>:6</span> <span class='ocrx_word' id='word_1_843' title='bbox 3616 3174 3721 3247; x_wconf 88' lang='grc' dir='ltr'>πλη</span> <span class='ocrx_word' id='word_1_844' title='bbox 3730 3194 3797 3247; x_wconf 61' lang='grc' dir='ltr'>με</span> 
     </span>
    </p>
   </div>
   <div class='ocr_carea' id='block_1_98' title="bbox 2114 3250 3795 3332">
    <p class='ocr_par' dir='ltr' id='par_1_98' title="bbox 2114 3250 3795 3332">
     <span class='ocr_line' id='line_1_98' title="bbox 2114 3250 3795 3332; baseline 0.008 -30"><span class='ocrx_word' id='word_1_845' title='bbox 2114 3250 2378 3321; x_wconf 84' lang='grc' dir='ltr'>μεληθέν·</span> <span class='ocrx_word' id='word_1_846' title='bbox 2418 3251 2800 3326; x_wconf 84' lang='grc' dir='ltr'>φιλάνθρωπος</span> <span class='ocrx_word' id='word_1_847' title='bbox 2840 3257 2948 3329; x_wconf 78' lang='grc' dir='ltr'>γὰρ</span> <span class='ocrx_word' id='word_1_848' title='bbox 2988 3256 3063 3312; x_wconf 83' lang='grc' dir='ltr'><strong>ὣν</strong></span> <span class='ocrx_word' id='word_1_849' title='bbox 3103 3260 3131 3313; x_wconf 89' lang='lat'>6</span> <span class='ocrx_word' id='word_1_850' title='bbox 3166 3259 3795 3332; x_wconf 79' lang='grc' dir='ltr'>Δεσπότηςόἡμέτερος,</span> 
     </span>
    </p>
   </div>
   <div class='ocr_carea' id='block_1_99' title="bbox 2111 3336 3793 3419">
    <p class='ocr_par' dir='ltr' id='par_1_99' title="bbox 2111 3336 3793 3419">
     <span class='ocr_line' id='line_1_99' title="bbox 2111 3336 3793 3419; baseline 0.005 -28"><span class='ocrx_word' id='word_1_851' title='bbox 2111 3336 2261 3409; x_wconf 78' lang='grc'><strong>[159]</strong></span> <span class='ocrx_word' id='word_1_852' title='bbox 2306 3340 2524 3395; x_wconf 83' lang='grc' dir='ltr'>ἐπειδάν</span> <span class='ocrx_word' id='word_1_853' title='bbox 2563 3358 2616 3394; x_wconf 88' lang='grc' dir='ltr'>τι</span> <span class='ocrx_word' id='word_1_854' title='bbox 2658 3341 2764 3414; x_wconf 88' lang='grc' dir='ltr'>πλη</span> <span class='ocrx_word' id='word_1_855' title='bbox 2775 3345 3166 3417; x_wconf 78' lang='grc' dir='ltr'>μμελήσωμεν,</span> <span class='ocrx_word' id='word_1_856' title='bbox 3186 3346 3285 3417; x_wconf 90' lang='grc' dir='ltr'>οὐχ</span> <span class='ocrx_word' id='word_1_857' title='bbox 3303 3346 3475 3411; x_wconf 79' lang='grc' dir='ltr'>οὕτως</span> <span class='ocrx_word' id='word_1_858' title='bbox 3493 3350 3641 3419; x_wconf 81' lang='grc' dir='ltr'>ἡμᾶς</span> <span class='ocrx_word' id='word_1_859' title='bbox 3662 3351 3793 3402; x_wconf 85' lang='grc' dir='ltr'>ἁπο-</span> 
     </span>
    </p>
   </div>
   <div class='ocr_carea' id='block_1_100' title="bbox 2108 3426 3794 3507">
    <p class='ocr_par' dir='ltr' id='par_1_100' title="bbox 2108 3426 3794 3507">
     <span class='ocr_line' id='line_1_100' title="bbox 2108 3426 3794 3507; baseline 0.007 -28"><span class='ocrx_word' id='word_1_860' title='bbox 2108 3426 2402 3497; x_wconf 86' lang='grc' dir='ltr'>στρέφεται</span> <span class='ocrx_word' id='word_1_861' title='bbox 2434 3428 2523 3482; x_wconf 87' lang='grc' dir='ltr'>διὰ</span> <span class='ocrx_word' id='word_1_862' title='bbox 2559 3429 2620 3483; x_wconf 85' lang='grc' dir='ltr'><strong>τὸ</strong></span> <span class='ocrx_word' id='word_1_863' title='bbox 2660 3431 3071 3503; x_wconf 87' lang='grc' dir='ltr'>πλημμεληθέν,</span> <span class='ocrx_word' id='word_1_864' title='bbox 3092 3433 3168 3496; x_wconf 86' lang='grc' dir='ltr'>ὼς</span> <span class='ocrx_word' id='word_1_865' title='bbox 3188 3433 3406 3487; x_wconf 74' lang='grc' dir='ltr'>ἐπειδάν</span> <span class='ocrx_word' id='word_1_866' title='bbox 3425 3436 3794 3507; x_wconf 84' lang='grc' dir='ltr'>ἐπιμείνωμεν</span> 
     </span>
    </p>
   </div>
   <div class='ocr_carea' id='block_1_101' title="bbox 2106 3518 3682 3592">
    <p class='ocr_par' dir='ltr' id='par_1_101' title="bbox 2106 3518 3682 3592">
     <span class='ocr_line' id='line_1_101' title="bbox 2106 3518 3682 3592; baseline 0.007 -21"><span class='ocrx_word' id='word_1_867' title='bbox 2106 3518 2184 3590; x_wconf 83' lang='grc' dir='ltr'><strong>τῷ</strong></span> <span class='ocrx_word' id='word_1_868' title='bbox 2205 3519 2309 3592; x_wconf 91' lang='grc' dir='ltr'>πλη</span> <span class='ocrx_word' id='word_1_869' title='bbox 2318 3521 2496 3592; x_wconf 86' lang='grc' dir='ltr'>μμελή</span> <span class='ocrx_word' id='word_1_870' title='bbox 2507 3523 2669 3591; x_wconf 64' lang='grc' dir='ltr'>ματιξ·</span> <span class='ocrx_word' id='word_1_871' title='bbox 2694 3523 2723 3574; x_wconf 88' lang='grc' dir='ltr'>ὁ</span> <span class='ocrx_word' id='word_1_872' title='bbox 2741 3521 2798 3575; x_wconf 80' lang='grc' dir='ltr'>δὲ</span> <span class='ocrx_word' id='word_1_873' title='bbox 2815 3521 2974 3591; x_wconf 88' lang='grc' dir='ltr'>λόγον</span> <span class='ocrx_word' id='word_1_874' title='bbox 2999 3523 3189 3576; x_wconf 82' lang='grc' dir='ltr'>οὐδένα</span> <span class='ocrx_word' id='word_1_875' title='bbox 3206 3523 3400 3578; x_wconf 86' lang='grc' dir='ltr'>τούτου</span> <span class='ocrx_word' id='word_1_876' title='bbox 3425 3529 3682 3583; x_wconf 89' lang='grc' dir='ltr'>ποιεῖται.</span> 
     </span>
    </p>
   </div>
   <div class='ocr_carea' id='block_1_102' title="bbox 2180 3608 3793 3685">
    <p class='ocr_par' dir='ltr' id='par_1_102' title="bbox 2180 3608 3793 3685">
     <span class='ocr_line' id='line_1_102' title="bbox 2180 3608 3793 3685; baseline 0.004 -26"><span class='ocrx_word' id='word_1_877' title='bbox 2180 3611 2253 3672; x_wconf 81' lang='grc' dir='ltr'>ς’.</span> <span class='ocrx_word' id='word_1_878' title='bbox 2268 3608 2379 3662; x_wconf 78' lang='grc' dir='ltr'>Καὶ</span> <span class='ocrx_word' id='word_1_879' title='bbox 2399 3608 2485 3661; x_wconf 75' lang='grc' dir='ltr'>ἵνα</span> <span class='ocrx_word' id='word_1_880' title='bbox 2500 3608 2660 3662; x_wconf 74' lang='grc' dir='ltr'>τοῦτο</span> <span class='ocrx_word' id='word_1_881' title='bbox 2683 3609 2863 3683; x_wconf 84' lang='grc' dir='ltr'>μάθῃς</span> <span class='ocrx_word' id='word_1_882' title='bbox 2877 3610 3138 3683; x_wconf 75' lang='grc' dir='ltr'>ἀκριϐῶς,</span> <span class='ocrx_word' id='word_1_883' title='bbox 3156 3612 3251 3665; x_wconf 74' lang='grc' dir='ltr'>καὶ</span> <span class='ocrx_word' id='word_1_884' title='bbox 3268 3612 3381 3685; x_wconf 80' lang='grc' dir='ltr'>ίδης</span> <span class='ocrx_word' id='word_1_885' title='bbox 3402 3612 3608 3683; x_wconf 74' lang='grc' dir='ltr'>ἄφατον</span> <span class='ocrx_word' id='word_1_886' title='bbox 3632 3614 3763 3685; x_wconf 83' lang='grc' dir='ltr'>μέγε</span> <span class='ocrx_word' id='word_1_887' title='bbox 3779 3644 3793 3654; x_wconf 90' lang='grc'><strong>-</strong></span> 
     </span>
    </p>
   </div>
   <div class='ocr_carea' id='block_1_103' title="bbox 2108 3695 3790 3770">
    <p class='ocr_par' dir='ltr' id='par_1_103' title="bbox 2108 3695 3790 3770">
     <span class='ocr_line' id='line_1_103' title="bbox 2108 3695 3790 3770; baseline 0.004 -23"><span class='ocrx_word' id='word_1_888' title='bbox 2108 3697 2198 3757; x_wconf 87' lang='grc' dir='ltr'>θος</span> <span class='ocrx_word' id='word_1_889' title='bbox 2215 3695 2643 3768; x_wconf 86' lang='grc' dir='ltr'>φιλανθρωπίας,</span> <span class='ocrx_word' id='word_1_890' title='bbox 2663 3698 2854 3751; x_wconf 82' lang='grc' dir='ltr'>σκόπει</span> <span class='ocrx_word' id='word_1_891' title='bbox 2871 3699 2935 3751; x_wconf 86' lang='grc' dir='ltr'>ἐκ</span> <span class='ocrx_word' id='word_1_892' title='bbox 2951 3698 3059 3751; x_wconf 87' lang='grc' dir='ltr'>τῶν</span> <span class='ocrx_word' id='word_1_893' title='bbox 3073 3699 3167 3752; x_wconf 79' lang='grc' dir='ltr'>νῦν</span> <span class='ocrx_word' id='word_1_894' title='bbox 3180 3698 3479 3770; x_wconf 86' lang='grc' dir='ltr'>γινομένων</span> <span class='ocrx_word' id='word_1_895' title='bbox 3492 3702 3591 3770; x_wconf 80' lang='grc' dir='ltr'>τῆς</span> <span class='ocrx_word' id='word_1_896' title='bbox 3601 3701 3790 3770; x_wconf 83' lang='grc' dir='ltr'>ἀγαθό-</span> 
     </span>
    </p>
   </div>
   <div class='ocr_carea' id='block_1_104' title="bbox 2106 3784 3792 3861">
    <p class='ocr_par' dir='ltr' id='par_1_104' title="bbox 2106 3784 3792 3861">
     <span class='ocr_line' id='line_1_104' title="bbox 2106 3784 3792 3861; baseline 0.003 -25"><span class='ocrx_word' id='word_1_897' title='bbox 2106 3800 2267 3853; x_wconf 86' lang='grc' dir='ltr'>τητος</span> <span class='ocrx_word' id='word_1_898' title='bbox 2286 3784 2447 3838; x_wconf 78' lang='grc' dir='ltr'>αὐτοῦ</span> <span class='ocrx_word' id='word_1_899' title='bbox 2470 3785 2568 3856; x_wconf 87' lang='grc' dir='ltr'>τὴν</span> <span class='ocrx_word' id='word_1_900' title='bbox 2588 3784 2913 3857; x_wconf 89' lang='grc' dir='ltr'>ὑπερϐολὴν,</span> <span class='ocrx_word' id='word_1_901' title='bbox 2947 3787 3160 3856; x_wconf 73' lang='grc' dir='ltr'>καὶτῆς</span> <span class='ocrx_word' id='word_1_902' title='bbox 3180 3785 3530 3854; x_wconf 86' lang='grc' dir='ltr'>ἀνεξικακίας</span> <span class='ocrx_word' id='word_1_903' title='bbox 3545 3789 3605 3842; x_wconf 88' lang='lat'>:6</span> <span class='ocrx_word' id='word_1_904' title='bbox 3643 3791 3792 3861; x_wconf 75' lang='grc' dir='ltr'>μέγε-</span> 
     </span>
    </p>
   </div>
   <div class='ocr_carea' id='block_1_105' title="bbox 2108 3869 3789 3949">
    <p class='ocr_par' dir='ltr' id='par_1_105' title="bbox 2108 3869 3789 3949">
     <span class='ocr_line' id='line_1_105' title="bbox 2108 3869 3789 3949; baseline 0.004 -24"><span class='ocrx_word' id='word_1_905' title='bbox 2108 3872 2220 3935; x_wconf 88' lang='grc' dir='ltr'>θος.</span> <span class='ocrx_word' id='word_1_906' title='bbox 2252 3873 2466 3945; x_wconf 84' lang='grc' dir='ltr'>Ἐπειδὴ</span> <span class='ocrx_word' id='word_1_907' title='bbox 2482 3874 2590 3946; x_wconf 87' lang='grc' dir='ltr'>γὰρ</span> <span class='ocrx_word' id='word_1_908' title='bbox 2609 3869 2748 3929; x_wconf 75' lang='grc' dir='ltr'>εἶδεν</span> <span class='ocrx_word' id='word_1_909' title='bbox 2767 3876 3022 3946; x_wconf 86' lang='grc' dir='ltr'>ἀμέτρως</span> <span class='ocrx_word' id='word_1_910' title='bbox 3043 3877 3205 3931; x_wconf 77' lang='grc' dir='ltr'>αὐτὸν</span> <span class='ocrx_word' id='word_1_911' title='bbox 3223 3877 3553 3949; x_wconf 82' lang='grc' dir='ltr'>λυπηθέντα,</span> <span class='ocrx_word' id='word_1_912' title='bbox 3579 3881 3692 3945; x_wconf 77' lang='grc' dir='ltr'>καὶ,</span> <span class='ocrx_word' id='word_1_913' title='bbox 3715 3880 3789 3942; x_wconf 80' lang='grc' dir='ltr'>ὡς</span> 
     </span>
    </p>
   </div>
   <div class='ocr_carea' id='block_1_106' title="bbox 2106 3961 3788 4039">
    <p class='ocr_par' dir='ltr' id='par_1_106' title="bbox 2106 3961 3788 4039">
     <span class='ocr_line' id='line_1_106' title="bbox 2106 3961 3788 4039; baseline 0.006 -27"><span class='ocrx_word' id='word_1_914' title='bbox 2106 3961 2300 4025; x_wconf 75' lang='grc' dir='ltr'>εἰπεῖν,</span> <span class='ocrx_word' id='word_1_915' title='bbox 2326 3961 2587 4032; x_wconf 88' lang='grc' dir='ltr'>μέλλοντα</span> <span class='ocrx_word' id='word_1_916' title='bbox 2607 3962 3110 4027; x_wconf 78' lang='grc' dir='ltr'>καταϐαπτίζεσθαι</span> <span class='ocrx_word' id='word_1_917' title='bbox 3130 3965 3232 4018; x_wconf 83' lang='grc' dir='ltr'>ὑπὸ</span> <span class='ocrx_word' id='word_1_918' title='bbox 3251 3965 3361 4020; x_wconf 90' lang='grc' dir='ltr'>τῶν</span> <span class='ocrx_word' id='word_1_919' title='bbox 3378 3968 3476 4038; x_wconf 85' lang='grc' dir='ltr'>τῆς</span> <span class='ocrx_word' id='word_1_920' title='bbox 3497 3967 3675 4039; x_wconf 80' lang='grc' dir='ltr'>λύπης</span> <span class='ocrx_word' id='word_1_921' title='bbox 3693 3985 3788 4021; x_wconf 85' lang='grc' dir='ltr'>κυ-</span> 
     </span>
    </p>
   </div>
   <div class='ocr_carea' id='block_1_107' title="bbox 2107 4047 3788 4124">
    <p class='ocr_par' dir='ltr' id='par_1_107' title="bbox 2107 4047 3788 4124">
     <span class='ocr_line' id='line_1_107' title="bbox 2107 4047 3788 4124; baseline 0.005 -24"><span class='ocrx_word' id='word_1_922' title='bbox 2107 4048 2292 4117; x_wconf 86' lang='grc' dir='ltr'>μάτων</span> <span class='ocrx_word' id='word_1_923' title='bbox 2316 4088 2331 4111; x_wconf 94' lang='grc'>,</span> <span class='ocrx_word' id='word_1_924' title='bbox 2367 4047 2428 4100; x_wconf 90' lang='grc' dir='ltr'>οὐ</span> <span class='ocrx_word' id='word_1_925' title='bbox 2468 4050 2727 4119; x_wconf 79' lang='grc' dir='ltr'>περιορᾷ,</span> <span class='ocrx_word' id='word_1_926' title='bbox 2769 4049 2884 4103; x_wconf 82' lang='grc' dir='ltr'>ἀλλ’</span> <span class='ocrx_word' id='word_1_927' title='bbox 2916 4052 2984 4122; x_wconf 79' lang='grc' dir='ltr'>ἣν</span> <span class='ocrx_word' id='word_1_928' title='bbox 3023 4051 3332 4116; x_wconf 75' lang='grc' dir='ltr'>ἐπεδείξατο</span> <span class='ocrx_word' id='word_1_929' title='bbox 3374 4052 3788 4124; x_wconf 86' lang='grc' dir='ltr'>φιλανθρωπίαν</span> 
     </span>
    </p>
   </div>
   <div class='ocr_carea' id='block_1_108' title="bbox 2106 4134 3783 4208">
    <p class='ocr_par' dir='ltr' id='par_1_108' title="bbox 2106 4134 3783 4208">
     <span class='ocr_line' id='line_1_108' title="bbox 2106 4134 3783 4208; baseline 0.005 -22"><span class='ocrx_word' id='word_1_930' title='bbox 2106 4135 2233 4205; x_wconf 77' lang='grc' dir='ltr'>περὶ</span> <span class='ocrx_word' id='word_1_931' title='bbox 2252 4135 2341 4187; x_wconf 79' lang='grc' dir='ltr'>τὸν</span> <span class='ocrx_word' id='word_1_932' title='bbox 2360 4134 2549 4187; x_wconf 90' lang='grc' dir='ltr'>τούτου</span> <span class='ocrx_word' id='word_1_933' title='bbox 2570 4136 2803 4207; x_wconf 87' lang='grc' dir='ltr'>πατέρα,</span> <span class='ocrx_word' id='word_1_934' title='bbox 2826 4136 3084 4207; x_wconf 83' lang='grc' dir='ltr'>ἀφορμὰς</span> <span class='ocrx_word' id='word_1_935' title='bbox 3103 4138 3252 4208; x_wconf 84' lang='grc' dir='ltr'>αὐτῷ</span> <span class='ocrx_word' id='word_1_936' title='bbox 3270 4138 3446 4204; x_wconf 78' lang='grc' dir='ltr'>διδοὺς</span> <span class='ocrx_word' id='word_1_937' title='bbox 3470 4140 3783 4208; x_wconf 70' lang='grc' dir='ltr'>ἀπολογίας,</span> 
     </span>
    </p>
   </div>
   <div class='ocr_carea' id='block_1_109' title="bbox 2106 4220 3785 4293">
    <p class='ocr_par' dir='ltr' id='par_1_109' title="bbox 2106 4220 3785 4293">
     <span class='ocr_line' id='line_1_109' title="bbox 2106 4220 3785 4293; baseline 0.007 -21"><span class='ocrx_word' id='word_1_938' title='bbox 2106 4221 2199 4272; x_wconf 69' lang='grc' dir='ltr'>καὶ</span> <span class='ocrx_word' id='word_1_939' title='bbox 2234 4220 2543 4292; x_wconf 70' lang='grc' dir='ltr'>παρρησίας</span> <span class='ocrx_word' id='word_1_940' title='bbox 2576 4221 2727 4291; x_wconf 89' lang='grc' dir='ltr'>αὐτῷ</span> <span class='ocrx_word' id='word_1_941' title='bbox 2761 4222 2932 4292; x_wconf 90' lang='grc' dir='ltr'>θύραν</span> <span class='ocrx_word' id='word_1_942' title='bbox 2967 4224 3199 4292; x_wconf 85' lang='grc' dir='ltr'>ἀνοίγων</span> <span class='ocrx_word' id='word_1_943' title='bbox 3219 4226 3311 4278; x_wconf 69' lang='grc' dir='ltr'>καὶ</span> <span class='ocrx_word' id='word_1_944' title='bbox 3332 4225 3525 4293; x_wconf 92' lang='grc' dir='ltr'>λέγων,</span> <span class='ocrx_word' id='word_1_945' title='bbox 3547 4227 3674 4281; x_wconf 88' lang='grc' dir='ltr'>Ποῦ</span> <span class='ocrx_word' id='word_1_946' title='bbox 3695 4230 3785 4291; x_wconf 68' lang='lat' dir='ltr'>EI;</span> 
     </span>
    </p>
   </div>
   <div class='ocr_carea' id='block_1_110' title="bbox 2108 4306 3783 4386">
    <p class='ocr_par' dir='ltr' id='par_1_110' title="bbox 2108 4306 3783 4386">
     <span class='ocr_line' id='line_1_110' title="bbox 2108 4306 3783 4386; baseline 0.007 -28"><span class='ocrx_word' id='word_1_947' title='bbox 2108 4306 2245 4376; x_wconf 85' lang='grc' dir='ltr'>μετὰ</span> <span class='ocrx_word' id='word_1_948' title='bbox 2262 4307 2323 4360; x_wconf 88' lang='lat'>:6</span> <span class='ocrx_word' id='word_1_949' title='bbox 2341 4307 2574 4377; x_wconf 71' lang='grc' dir='ltr'>χαλεπὸν</span> <span class='ocrx_word' id='word_1_950' title='bbox 2594 4312 2769 4362; x_wconf 85' lang='grc' dir='ltr'>ἐκεῖνο</span> <span class='ocrx_word' id='word_1_951' title='bbox 2791 4321 2814 4349; x_wconf 75' lang='grc' dir='ltr'><strong>ο</strong></span> <span class='ocrx_word' id='word_1_952' title='bbox 2835 4310 3207 4381; x_wconf 82' lang='grc' dir='ltr'>παράπτωμα,</span> <span class='ocrx_word' id='word_1_953' title='bbox 3231 4312 3327 4384; x_wconf 87' lang='grc' dir='ltr'>τὴν</span> <span class='ocrx_word' id='word_1_954' title='bbox 3347 4313 3518 4386; x_wconf 85' lang='grc' dir='ltr'>αὐτὴν</span> <span class='ocrx_word' id='word_1_955' title='bbox 3553 4316 3648 4368; x_wconf 72' lang='grc' dir='ltr'>καὶ</span> <span class='ocrx_word' id='word_1_956' title='bbox 3688 4317 3783 4370; x_wconf 75' lang='grc' dir='ltr'>νῦν</span> 
     </span>
    </p>
   </div>
   <div class='ocr_carea' id='block_1_111' title="bbox 2104 4394 3783 4471">
    <p class='ocr_par' dir='ltr' id='par_1_111' title="bbox 2104 4394 3783 4471">
     <span class='ocr_line' id='line_1_111' title="bbox 2104 4394 3783 4471; baseline 0.006 -24"><span class='ocrx_word' id='word_1_957' title='bbox 2104 4394 2467 4448; x_wconf 87' lang='grc' dir='ltr'>ἐπιδείκνυται</span> <span class='ocrx_word' id='word_1_958' title='bbox 2520 4396 2649 4468; x_wconf 72' lang='grc' dir='ltr'>περὶ</span> <span class='ocrx_word' id='word_1_959' title='bbox 2683 4397 2773 4451; x_wconf 83' lang='grc' dir='ltr'>τὸν</span> <span class='ocrx_word' id='word_1_960' title='bbox 2809 4396 2983 4462; x_wconf 76' lang='grc' dir='ltr'>οὑτως</span> <span class='ocrx_word' id='word_1_961' title='bbox 3021 4398 3311 4471; x_wconf 84' lang='grc' dir='ltr'>ἀγνώμονα</span> <span class='ocrx_word' id='word_1_962' title='bbox 3353 4402 3614 4470; x_wconf 90' lang='grc' dir='ltr'>γεγονότα</span> <span class='ocrx_word' id='word_1_963' title='bbox 3639 4444 3651 4465; x_wconf 91' lang='grc'>,</span> <span class='ocrx_word' id='word_1_964' title='bbox 3692 4406 3783 4457; x_wconf 76' lang='grc' dir='ltr'>καὶ</span> 
     </span>
    </p>
   </div>
   <div class='ocr_carea' id='block_1_112' title="bbox 2102 4482 3778 4560">
    <p class='ocr_par' dir='ltr' id='par_1_112' title="bbox 2102 4482 3778 4560">
     <span class='ocr_line' id='line_1_112' title="bbox 2102 4482 3778 4560; baseline 0.006 -26"><span class='ocrx_word' id='word_1_965' title='bbox 2102 4482 2302 4536; x_wconf 73' lang='grc' dir='ltr'>ὡσανεὶ</span> <span class='ocrx_word' id='word_1_966' title='bbox 2341 4482 2602 4555; x_wconf 90' lang='grc' dir='ltr'>μέλλοντα</span> <span class='ocrx_word' id='word_1_967' title='bbox 2631 4484 2770 4538; x_wconf 86' lang='grc' dir='ltr'>κατά</span> <span class='ocrx_word' id='word_1_968' title='bbox 2789 4484 3050 4557; x_wconf 90' lang='grc' dir='ltr'>κρημνῶν</span> <span class='ocrx_word' id='word_1_969' title='bbox 3071 4486 3354 4559; x_wconf 81' lang='grc' dir='ltr'>φέρεσθαι,</span> <span class='ocrx_word' id='word_1_970' title='bbox 3377 4491 3537 4560; x_wconf 85' lang='grc' dir='ltr'>χεῖρα</span> <span class='ocrx_word' id='word_1_971' title='bbox 3555 4490 3778 4560; x_wconf 81' lang='grc' dir='ltr'>ὀρέγων,</span> 
     </span>
    </p>
   </div>
   <div class='ocr_carea' id='block_1_113' title="bbox 2103 4570 3781 4647">
    <p class='ocr_par' dir='ltr' id='par_1_113' title="bbox 2103 4570 3781 4647">
     <span class='ocr_line' id='line_1_113' title="bbox 2103 4570 3781 4647; baseline 0.006 -26"><span class='ocrx_word' id='word_1_972' title='bbox 2103 4570 2198 4623; x_wconf 70' lang='grc' dir='ltr'>καὶ</span> <span class='ocrx_word' id='word_1_973' title='bbox 2218 4570 2489 4640; x_wconf 81' lang='grc' dir='ltr'>πρόφασιν</span> <span class='ocrx_word' id='word_1_974' title='bbox 2510 4576 2810 4642; x_wconf 82' lang='grc' dir='ltr'>παρασχεῖν</span> <span class='ocrx_word' id='word_1_975' title='bbox 2832 4574 3150 4645; x_wconf 84' lang='grc' dir='ltr'>βουλόμενος</span> <span class='ocrx_word' id='word_1_976' title='bbox 3170 4574 3263 4628; x_wconf 83' lang='grc' dir='ltr'>τοῦ</span> <span class='ocrx_word' id='word_1_977' title='bbox 3290 4575 3682 4647; x_wconf 89' lang='grc' dir='ltr'>διορθώσασθαι</span> <span class='ocrx_word' id='word_1_978' title='bbox 3721 4579 3781 4631; x_wconf 80' lang='lat'>:6</span> 
     </span>
    </p>
   </div>
   <div class='ocr_carea' id='block_1_114' title="bbox 2108 4656 3780 4733">
    <p class='ocr_par' dir='ltr' id='par_1_114' title="bbox 2108 4656 3780 4733">
     <span class='ocr_line' id='line_1_114' title="bbox 2108 4656 3780 4733; baseline 0.004 -24"><span class='ocrx_word' id='word_1_979' title='bbox 2108 4656 2503 4729; x_wconf 82' lang='grc' dir='ltr'>πλημμέλημα,</span> <span class='ocrx_word' id='word_1_980' title='bbox 2528 4661 2661 4730; x_wconf 72' lang='grc' dir='ltr'>φησὶ</span> <span class='ocrx_word' id='word_1_981' title='bbox 2682 4661 2818 4730; x_wconf 83' lang='grc' dir='ltr'>πρὸς</span> <span class='ocrx_word' id='word_1_982' title='bbox 2840 4660 3002 4715; x_wconf 83' lang='grc' dir='ltr'>αὐτόν</span> <span class='ocrx_word' id='word_1_983' title='bbox 3021 4679 3035 4693; x_wconf 89' lang='grc'><strong>·</strong></span> <span class='ocrx_word' id='word_1_984' title='bbox 3059 4663 3182 4717; x_wconf 82' lang='grc' dir='ltr'>Ἵνα</span> <span class='ocrx_word' id='word_1_985' title='bbox 3213 4663 3270 4716; x_wconf 78' lang='grc' dir='ltr'>τί</span> <span class='ocrx_word' id='word_1_986' title='bbox 3308 4662 3635 4730; x_wconf 78' lang='grc' dir='ltr'>περίλυπος</span> <span class='ocrx_word' id='word_1_987' title='bbox 3653 4663 3780 4733; x_wconf 63' lang='grc' dir='ltr'>ἐγέ-</span> 
     </span>
    </p>
   </div>
   <div class='ocr_carea' id='block_1_115' title="bbox 2102 4746 3779 4818">
    <p class='ocr_par' dir='ltr' id='par_1_115' title="bbox 2102 4746 3779 4818">
     <span class='ocr_line' id='line_1_115' title="bbox 2102 4746 3779 4818; baseline 0.003 -21"><span class='ocrx_word' id='word_1_988' title='bbox 2102 4762 2247 4809; x_wconf 79' lang='grc' dir='ltr'>νου;</span> <span class='ocrx_word' id='word_1_989' title='bbox 2269 4746 2365 4799; x_wconf 79' lang='grc' dir='ltr'>καὶ</span> <span class='ocrx_word' id='word_1_990' title='bbox 2391 4747 2491 4800; x_wconf 79' lang='grc' dir='ltr'>ἵνα</span> <span class='ocrx_word' id='word_1_991' title='bbox 2510 4748 2568 4800; x_wconf 83' lang='grc' dir='ltr'>τί</span> <span class='ocrx_word' id='word_1_992' title='bbox 2587 4749 2895 4803; x_wconf 83' lang='grc' dir='ltr'>συνέπεσε</span> <span class='ocrx_word' id='word_1_993' title='bbox 2916 4749 2977 4802; x_wconf 84' lang='grc' dir='ltr'>τὸ</span> <span class='ocrx_word' id='word_1_994' title='bbox 3000 4750 3329 4818; x_wconf 84' lang='grc' dir='ltr'>πρόσωπόν</span> <span class='ocrx_word' id='word_1_995' title='bbox 3352 4764 3468 4804; x_wconf 90' lang='grc' dir='ltr'>σου</span> <span class='ocrx_word' id='word_1_996' title='bbox 3481 4767 3502 4815; x_wconf 87' lang='grc'><em>;</em></span> <span class='ocrx_word' id='word_1_997' title='bbox 3531 4751 3673 4813; x_wconf 84' lang='grc' dir='ltr'>Οὐκ,</span> <span class='ocrx_word' id='word_1_998' title='bbox 3706 4749 3779 4803; x_wconf 82' lang='grc' dir='ltr'>ἂν</span> 
     </span>
    </p>
   </div>
   <div class='ocr_carea' id='block_1_116' title="bbox 2102 4831 3778 4904">
    <p class='ocr_par' dir='ltr' id='par_1_116' title="bbox 2102 4831 3778 4904">
     <span class='ocr_line' id='line_1_116' title="bbox 2102 4831 3778 4904; baseline 0.005 -20"><span class='ocrx_word' id='word_1_999' title='bbox 2102 4831 2289 4900; x_wconf 83' lang='grc' dir='ltr'>ὀρθῶς</span> <span class='ocrx_word' id='word_1_1000' title='bbox 2322 4834 2752 4904; x_wconf 65' lang='grc' dir='ltr'>προσενέγκῃς,</span> <span class='ocrx_word' id='word_1_1001' title='bbox 2785 4835 2973 4903; x_wconf 84' lang='grc' dir='ltr'>ὀρθῶς</span> <span class='ocrx_word' id='word_1_1002' title='bbox 3012 4834 3081 4887; x_wconf 81' lang='grc' dir='ltr'>δὲ</span> <span class='ocrx_word' id='word_1_1003' title='bbox 3111 4835 3198 4904; x_wconf 80' lang='grc' dir='ltr'>μὴ</span> <span class='ocrx_word' id='word_1_1004' title='bbox 3235 4834 3460 4903; x_wconf 76' lang='grc' dir='ltr'>διέλῃς,</span> <span class='ocrx_word' id='word_1_1005' title='bbox 3485 4834 3778 4904; x_wconf 81' lang='grc' dir='ltr'>ἥμαρτες;</span> 
     </span>
    </p>
   </div>
   <div class='ocr_carea' id='block_1_117' title="bbox 2112 4919 3883 4991">
    <p class='ocr_par' dir='ltr' id='par_1_117' title="bbox 2112 4919 3883 4991">
     <span class='ocr_line' id='line_1_117' title="bbox 2112 4919 3883 4991; baseline 0.001 -16"><span class='ocrx_word' id='word_1_1006' title='bbox 2112 4919 2472 4991; x_wconf 83' lang='grc' dir='ltr'>Ἠσύχασον.</span> <span class='ocrx_word' id='word_1_1007' title='bbox 2498 4920 2653 4990; x_wconf 85' lang='grc' dir='ltr'>Πρὸς</span> <span class='ocrx_word' id='word_1_1008' title='bbox 2676 4921 2752 4976; x_wconf 87' lang='grc' dir='ltr'>σὲ</span> <span class='ocrx_word' id='word_1_1009' title='bbox 2770 4922 2808 4989; x_wconf 77' lang='grc' dir='ltr'><strong><em>ἠ</em></strong></span> <span class='ocrx_word' id='word_1_1010' title='bbox 2830 4921 3182 4991; x_wconf 62' lang='grc' dir='ltr'>ἀποστροφὴ</span> <span class='ocrx_word' id='word_1_1011' title='bbox 3206 4921 3413 4985; x_wconf 78' lang='grc' dir='ltr'>αὐτοῦ,</span> <span class='ocrx_word' id='word_1_1012' title='bbox 3438 4922 3536 4975; x_wconf 81' lang='grc' dir='ltr'>καὶ</span> <span class='ocrx_word' id='word_1_1013' title='bbox 3566 4922 3649 4976; x_wconf 86' lang='grc' dir='ltr'>σὺ</span> <span class='ocrx_word' id='word_1_1014' title='bbox 3679 4922 3776 4990; x_wconf 78' lang='grc' dir='ltr'>ἀρ-</span> <span class='ocrx_word' id='word_1_1015' title='bbox 3880 4964 3883 4965; x_wconf 46' lang='grc' dir='ltr'><em>ν</em></span> 
     </span>
    </p>
   </div>
   <div class='ocr_carea' id='block_1_118' title="bbox 2101 5006 3776 5080">
    <p class='ocr_par' dir='ltr' id='par_1_118' title="bbox 2101 5006 3776 5080">
     <span class='ocr_line' id='line_1_118' title="bbox 2101 5006 3776 5080; baseline 0.001 -19"><span class='ocrx_word' id='word_1_1016' title='bbox 2101 5006 2225 5074; x_wconf 81' lang='grc' dir='ltr'>ξεις</span> <span class='ocrx_word' id='word_1_1017' title='bbox 2263 5008 2468 5062; x_wconf 86' lang='grc' dir='ltr'>αὑτοῦ.</span> <span class='ocrx_word' id='word_1_1018' title='bbox 2504 5009 2703 5062; x_wconf 89' lang='grc' dir='ltr'>Σκόπει</span> <span class='ocrx_word' id='word_1_1019' title='bbox 2746 5026 2857 5080; x_wconf 91' lang='grc' dir='ltr'>μοι,</span> <span class='ocrx_word' id='word_1_1020' title='bbox 2879 5009 3151 5079; x_wconf 86' lang='grc' dir='ltr'>ἀγαπητὲ,</span> <span class='ocrx_word' id='word_1_1021' title='bbox 3176 5009 3582 5077; x_wconf 85' lang='grc' dir='ltr'>συγκατάϐασιν</span> <span class='ocrx_word' id='word_1_1022' title='bbox 3620 5011 3776 5079; x_wconf 86' lang='grc' dir='ltr'>κηδε-</span> 
     </span>
    </p>
   </div>
   <div class='ocr_carea' id='block_1_119' title="bbox 2103 5092 3770 5169">
    <p class='ocr_par' dir='ltr' id='par_1_119' title="bbox 2103 5092 3770 5169">
     <span class='ocr_line' id='line_1_119' title="bbox 2103 5092 3770 5169; baseline 0.002 -22"><span class='ocrx_word' id='word_1_1023' title='bbox 2103 5094 2291 5164; x_wconf 86' lang='grc' dir='ltr'>μονίας</span> <span class='ocrx_word' id='word_1_1024' title='bbox 2310 5094 2535 5164; x_wconf 79' lang='grc' dir='ltr'>ἄφατον.</span> <span class='ocrx_word' id='word_1_1025' title='bbox 2554 5095 2774 5168; x_wconf 83' lang='grc' dir='ltr'>Ἐπειδὴ</span> <span class='ocrx_word' id='word_1_1026' title='bbox 2807 5098 2916 5169; x_wconf 86' lang='grc' dir='ltr'>γὰρ</span> <span class='ocrx_word' id='word_1_1027' title='bbox 2952 5092 3090 5151; x_wconf 77' lang='grc' dir='ltr'>εἶδεν</span> <span class='ocrx_word' id='word_1_1028' title='bbox 3111 5097 3272 5150; x_wconf 85' lang='grc' dir='ltr'>αὐτὸν</span> <span class='ocrx_word' id='word_1_1029' title='bbox 3294 5096 3770 5168; x_wconf 85' lang='grc' dir='ltr'>πολιορκούμενον,</span> 
     </span>
    </p>
   </div>
   <div class='ocr_carea' id='block_1_120' title="bbox 2097 5182 3775 5258">
    <p class='ocr_par' dir='ltr' id='par_1_120' title="bbox 2097 5182 3775 5258">
     <span class='ocr_line' id='line_1_120' title="bbox 2097 5182 3775 5258; baseline 0.004 -25"><span class='ocrx_word' id='word_1_1030' title='bbox 2097 5182 2172 5245; x_wconf 88' lang='grc' dir='ltr'>ώς</span> <span class='ocrx_word' id='word_1_1031' title='bbox 2208 5184 2403 5245; x_wconf 78' lang='grc' dir='ltr'>εἰπεῖν,</span> <span class='ocrx_word' id='word_1_1032' title='bbox 2426 5182 2530 5235; x_wconf 84' lang='grc' dir='ltr'>ὑπὸ</span> <span class='ocrx_word' id='word_1_1033' title='bbox 2562 5182 2656 5236; x_wconf 80' lang='grc' dir='ltr'>τοῦ</span> <span class='ocrx_word' id='word_1_1034' title='bbox 2691 5184 2787 5256; x_wconf 81' lang='grc' dir='ltr'>τῆς</span> <span class='ocrx_word' id='word_1_1035' title='bbox 2826 5183 3124 5255; x_wconf 86' lang='grc' dir='ltr'>βασκανίας</span> <span class='ocrx_word' id='word_1_1036' title='bbox 3143 5184 3369 5248; x_wconf 87' lang='grc' dir='ltr'>πάθους,</span> <span class='ocrx_word' id='word_1_1037' title='bbox 3396 5186 3499 5255; x_wconf 83' lang='grc' dir='ltr'>δρα</span> <span class='ocrx_word' id='word_1_1038' title='bbox 3522 5184 3640 5250; x_wconf 85' lang='grc' dir='ltr'>πῶς</span> <span class='ocrx_word' id='word_1_1039' title='bbox 3675 5186 3775 5258; x_wconf 85' lang='grc' dir='ltr'>τὴν</span> 
     </span>
    </p>
   </div>
   <div class='ocr_carea' id='block_1_121' title="bbox 2098 5268 3773 5343">
    <p class='ocr_par' dir='ltr' id='par_1_121' title="bbox 2098 5268 3773 5343">
     <span class='ocr_line' id='line_1_121' title="bbox 2098 5268 3773 5343; baseline 0.004 -22"><span class='ocrx_word' id='word_1_1040' title='bbox 2098 5268 2302 5322; x_wconf 84' lang='grc' dir='ltr'>οίκείαν</span> <span class='ocrx_word' id='word_1_1041' title='bbox 2342 5269 2656 5339; x_wconf 84' lang='grc' dir='ltr'>ἀγαθὸτητα</span> <span class='ocrx_word' id='word_1_1042' title='bbox 2697 5271 3030 5343; x_wconf 85' lang='grc' dir='ltr'>μιμούμενος</span> <span class='ocrx_word' id='word_1_1043' title='bbox 3050 5271 3358 5341; x_wconf 81' lang='grc' dir='ltr'>κατάλληλα</span> <span class='ocrx_word' id='word_1_1044' title='bbox 3378 5271 3527 5343; x_wconf 82' lang='grc' dir='ltr'>αὐτῷ</span> <span class='ocrx_word' id='word_1_1045' title='bbox 3547 5271 3617 5326; x_wconf 74' lang='grc' dir='ltr'>τὰ</span> <span class='ocrx_word' id='word_1_1046' title='bbox 3636 5273 3773 5342; x_wconf 77' lang='grc' dir='ltr'>φάρ-</span> 
     </span>
    </p>
   </div>
   <div class='ocr_carea' id='block_1_122' title="bbox 2101 5357 3772 5431">
    <p class='ocr_par' dir='ltr' id='par_1_122' title="bbox 2101 5357 3772 5431">
     <span class='ocr_line' id='line_1_122' title="bbox 2101 5357 3772 5431; baseline 0.002 -23"><span class='ocrx_word' id='word_1_1047' title='bbox 2101 5373 2250 5426; x_wconf 89' lang='grc' dir='ltr'>μακα</span> <span class='ocrx_word' id='word_1_1048' title='bbox 2286 5357 2613 5427; x_wconf 75' lang='grc' dir='ltr'>ἐπιτίθησιν,</span> <span class='ocrx_word' id='word_1_1049' title='bbox 2636 5357 2775 5411; x_wconf 82' lang='grc' dir='ltr'>ὥστε</span> <span class='ocrx_word' id='word_1_1050' title='bbox 2812 5358 3023 5428; x_wconf 81' lang='grc' dir='ltr'>ταχέως</span> <span class='ocrx_word' id='word_1_1051' title='bbox 3061 5359 3222 5412; x_wconf 67' lang='grc' dir='ltr'>αὐτὸν</span> <span class='ocrx_word' id='word_1_1052' title='bbox 3261 5359 3653 5431; x_wconf 85' lang='grc' dir='ltr'>ἀνιμήσασθαι,</span> <span class='ocrx_word' id='word_1_1053' title='bbox 3678 5360 3772 5414; x_wconf 71' lang='grc' dir='ltr'>καὶ</span> 
     </span>
    </p>
   </div>
   <div class='ocr_carea' id='block_1_123' title="bbox 2099 5446 3771 5522">
    <p class='ocr_par' dir='ltr' id='par_1_123' title="bbox 2099 5446 3771 5522">
     <span class='ocr_line' id='line_1_123' title="bbox 2099 5446 3771 5522; baseline 0.004 -25"><span class='ocrx_word' id='word_1_1054' title='bbox 2099 5446 2172 5516; x_wconf 88' lang='grc' dir='ltr'>μὴ</span> <span class='ocrx_word' id='word_1_1055' title='bbox 2196 5446 2524 5518; x_wconf 82' lang='grc' dir='ltr'>ὑποϐρύχιον</span> <span class='ocrx_word' id='word_1_1056' title='bbox 2542 5448 2945 5516; x_wconf 86' lang='grc' dir='ltr'>γενέσθαι.Ἵνα</span> <span class='ocrx_word' id='word_1_1057' title='bbox 2966 5452 3024 5504; x_wconf 86' lang='grc' dir='ltr'>τί</span> <span class='ocrx_word' id='word_1_1058' title='bbox 3043 5451 3375 5520; x_wconf 75' lang='grc' dir='ltr'>περίλυπος</span> <span class='ocrx_word' id='word_1_1059' title='bbox 3407 5451 3648 5522; x_wconf 74' lang='grc' dir='ltr'>ἐγένου;</span> <span class='ocrx_word' id='word_1_1060' title='bbox 3672 5453 3771 5505; x_wconf 68' lang='grc' dir='ltr'>καὶ</span> 
     </span>
    </p>
   </div>
   <div class='ocr_carea' id='block_1_124' title="bbox 2094 5534 3770 5612">
    <p class='ocr_par' dir='ltr' id='par_1_124' title="bbox 2094 5534 3770 5612">
     <span class='ocr_line' id='line_1_124' title="bbox 2094 5534 3770 5612; baseline 0.004 -26"><span class='ocrx_word' id='word_1_1061' title='bbox 2094 5534 2117 5586; x_wconf 82' lang='grc' dir='ltr'>ἵ</span> <span class='ocrx_word' id='word_1_1062' title='bbox 2120 5551 2195 5587; x_wconf 85' lang='grc' dir='ltr'>να</span> <span class='ocrx_word' id='word_1_1063' title='bbox 2214 5536 2273 5587; x_wconf 78' lang='grc' dir='ltr'>τί</span> <span class='ocrx_word' id='word_1_1064' title='bbox 2288 5536 2593 5590; x_wconf 80' lang='grc' dir='ltr'>συνέπεσε</span> <span class='ocrx_word' id='word_1_1065' title='bbox 2610 5537 2676 5591; x_wconf 86' lang='grc' dir='ltr'>τὸ</span> <span class='ocrx_word' id='word_1_1066' title='bbox 2697 5539 3020 5605; x_wconf 83' lang='grc' dir='ltr'>πρόσωπόν</span> <span class='ocrx_word' id='word_1_1067' title='bbox 3038 5553 3155 5592; x_wconf 87' lang='grc' dir='ltr'>σου</span> <span class='ocrx_word' id='word_1_1068' title='bbox 3172 5557 3193 5606; x_wconf 88' lang='grc'><em>;</em></span> <span class='ocrx_word' id='word_1_1069' title='bbox 3212 5538 3369 5603; x_wconf 88' lang='grc' dir='ltr'>Τίνος</span> <span class='ocrx_word' id='word_1_1070' title='bbox 3385 5539 3593 5606; x_wconf 72' lang='grc' dir='ltr'>ἕνεκεν,</span> <span class='ocrx_word' id='word_1_1071' title='bbox 3614 5542 3770 5612; x_wconf 78' lang='grc' dir='ltr'>φησὶ,</span> 
     </span>
    </p>
   </div>
   <div class='ocr_carea' id='block_1_125' title="bbox 2092 5622 3768 5701">
    <p class='ocr_par' dir='ltr' id='par_1_125' title="bbox 2092 5622 3768 5701">
     <span class='ocr_line' id='line_1_125' title="bbox 2092 5622 3768 5701; baseline 0.004 -27"><span class='ocrx_word' id='word_1_1072' title='bbox 2092 5622 2329 5693; x_wconf 85' lang='grc' dir='ltr'>τοσαύτῃ</span> <span class='ocrx_word' id='word_1_1073' title='bbox 2369 5623 2513 5694; x_wconf 78' lang='grc' dir='ltr'>λύπῃ</span> <span class='ocrx_word' id='word_1_1074' title='bbox 2547 5625 2903 5698; x_wconf 85' lang='grc' dir='ltr'>κατεσχέθης,</span> <span class='ocrx_word' id='word_1_1075' title='bbox 2924 5627 2999 5690; x_wconf 83' lang='grc' dir='ltr'>ὡς</span> <span class='ocrx_word' id='word_1_1076' title='bbox 3020 5629 3112 5681; x_wconf 75' lang='grc' dir='ltr'>καὶ</span> <span class='ocrx_word' id='word_1_1077' title='bbox 3133 5626 3218 5681; x_wconf 84' lang='grc' dir='ltr'>διὰ</span> <span class='ocrx_word' id='word_1_1078' title='bbox 3238 5627 3330 5681; x_wconf 83' lang='grc' dir='ltr'>τοῦ</span> <span class='ocrx_word' id='word_1_1079' title='bbox 3352 5628 3645 5701; x_wconf 86' lang='grc' dir='ltr'>προσώπου</span> <span class='ocrx_word' id='word_1_1080' title='bbox 3665 5628 3768 5680; x_wconf 86' lang='grc' dir='ltr'>δει-</span> 
     </span>
    </p>
   </div>
   <div class='ocr_carea' id='block_1_126' title="bbox 2093 5709 3769 5784">
    <p class='ocr_par' dir='ltr' id='par_1_126' title="bbox 2093 5709 3769 5784">
     <span class='ocr_line' id='line_1_126' title="bbox 2093 5709 3769 5784; baseline 0.002 -22"><span class='ocrx_word' id='word_1_1081' title='bbox 2093 5709 2283 5764; x_wconf 83' lang='grc' dir='ltr'>κνύναι</span> <span class='ocrx_word' id='word_1_1082' title='bbox 2324 5710 2426 5781; x_wconf 80' lang='grc' dir='ltr'>τῆς</span> <span class='ocrx_word' id='word_1_1083' title='bbox 2463 5711 2700 5782; x_wconf 89' lang='grc' dir='ltr'>ἀθυμίας</span> <span class='ocrx_word' id='word_1_1084' title='bbox 2717 5713 2778 5765; x_wconf 88' lang='lat'>:6</span> <span class='ocrx_word' id='word_1_1085' title='bbox 2802 5713 3064 5784; x_wconf 87' lang='grc' dir='ltr'>μέγεθος;</span> <span class='ocrx_word' id='word_1_1086' title='bbox 3101 5715 3233 5770; x_wconf 84' lang='grc' dir='ltr'>Ἵνα</span> <span class='ocrx_word' id='word_1_1087' title='bbox 3267 5716 3326 5769; x_wconf 83' lang='grc' dir='ltr'>τί</span> <span class='ocrx_word' id='word_1_1088' title='bbox 3359 5714 3666 5770; x_wconf 86' lang='grc' dir='ltr'>συνέπεσε</span> <span class='ocrx_word' id='word_1_1089' title='bbox 3702 5716 3769 5768; x_wconf 76' lang='grc' dir='ltr'>τὸ</span> 
     </span>
    </p>
   </div>
   <div class='ocr_carea' id='block_1_127' title="bbox 2090 5799 3761 5875">
    <p class='ocr_par' dir='ltr' id='par_1_127' title="bbox 2090 5799 3761 5875">
     <span class='ocr_line' id='line_1_127' title="bbox 2090 5799 3761 5875; baseline 0.004 -25"><span class='ocrx_word' id='word_1_1090' title='bbox 2090 5799 2416 5867; x_wconf 82' lang='grc' dir='ltr'>πρόσωπόν</span> <span class='ocrx_word' id='word_1_1091' title='bbox 2433 5816 2584 5864; x_wconf 91' lang='grc' dir='ltr'>σου;</span> <span class='ocrx_word' id='word_1_1092' title='bbox 2604 5800 2693 5854; x_wconf 79' lang='grc' dir='ltr'>διὰ</span> <span class='ocrx_word' id='word_1_1093' title='bbox 2726 5802 2779 5855; x_wconf 91' lang='grc' dir='ltr'>τί</span> <span class='ocrx_word' id='word_1_1094' title='bbox 2811 5802 2952 5858; x_wconf 78' lang='grc' dir='ltr'>οὕτω</span> <span class='ocrx_word' id='word_1_1095' title='bbox 2983 5819 3077 5857; x_wconf 88' lang='grc' dir='ltr'>σου</span> <span class='ocrx_word' id='word_1_1096' title='bbox 3097 5803 3276 5875; x_wconf 76' lang='grc' dir='ltr'>ἥψατο</span> <span class='ocrx_word' id='word_1_1097' title='bbox 3291 5805 3354 5857; x_wconf 86' lang='lat'>:6</span> <span class='ocrx_word' id='word_1_1098' title='bbox 3370 5821 3567 5875; x_wconf 85' lang='grc' dir='ltr'>γεγενη</span> <span class='ocrx_word' id='word_1_1099' title='bbox 3580 5803 3761 5874; x_wconf 79' lang='grc' dir='ltr'>μένονς</span> 
     </span>
    </p>
   </div>
   <div class='ocr_carea' id='block_1_128' title="bbox 2154 5964 3760 6041">
    <p class='ocr_par' dir='ltr' id='par_1_128' title="bbox 2154 5964 3760 6041">
     <span class='ocr_line' id='line_1_128' title="bbox 2154 5964 3760 6041; baseline 0.003 -21"><span class='ocrx_word' id='word_1_1100' title='bbox 2154 5964 2179 6006; x_wconf 74' lang='grc' dir='ltr'><em>δ</em></span> <span class='ocrx_word' id='word_1_1101' title='bbox 2202 5972 2299 6021; x_wconf 73' lang='lat' dir='ltr'>Scx</span> <span class='ocrx_word' id='word_1_1102' title='bbox 2330 5977 2854 6041; x_wconf 65' lang='grc' dir='ltr'>ηιεε.ρ18ιιιὶι.ἐρῆνη.</span> <span class='ocrx_word' id='word_1_1103' title='bbox 2927 5980 2951 6009; x_wconf 75' lang='grc' dir='ltr'>θ</span> <span class='ocrx_word' id='word_1_1104' title='bbox 2976 5977 3074 6029; x_wconf 81' lang='lat' dir='ltr'>Sex</span> <span class='ocrx_word' id='word_1_1105' title='bbox 3098 5991 3212 6028; x_wconf 84' lang='lat' dir='ltr'>mss.</span> <span class='ocrx_word' id='word_1_1106' title='bbox 3228 5977 3500 6027; x_wconf 73' lang='grc' dir='ltr'>σιΗιιιιικαὶ</span> <span class='ocrx_word' id='word_1_1107' title='bbox 3524 5975 3760 6036; x_wconf 75' lang='grc' dir='ltr'>μέγιστον.</span> 
     </span>
    </p>
   </div>
   <div class='ocr_carea' id='block_1_129' title="bbox 3445 6078 3520 6135">
    <p class='ocr_par' dir='ltr' id='par_1_129' title="bbox 3445 6078 3520 6135">
     <span class='ocr_line' id='line_1_129' title="bbox 3445 6078 3520 6135; baseline 0 0"><span class='ocrx_word' id='word_1_1108' title='bbox 3445 6078 3520 6135; x_wconf 78' lang='grc'><strong>10</strong></span> 
     </span>
    </p>
   </div>
  </div>
