4110 6432
377 384 477 443 ὶῦἳ

377 503 521 568 τίνος
562 504 745 557 ἕνεκεν
776 504 872 556 οὐκ
912 504 1217 573 ἀφ’ἐαυτοῦ
1258 509 1492 571 συνεῖδες
1536 508 1597 561 τὸ
1635 509 1780 575 δέον;
1820 510 1911 582 Μὴ
1949 517 2056 581 γάρ

377 590 652 662 ἀνθρώπῳ
699 591 1035 664 προσέφερες
1084 594 1547 665 παραλογισθῆναι
1599 596 1913 667 δυναμένῳ;
1961 598 2058 651 οὐκ

380 678 528 750 ᾔδεις
541 690 566 718 ι
589 680 670 732 ὅτι
692 678 812 749 οὐχὶ
829 678 938 733 τῶν
959 680 1383 753 προσαγομένων
1402 681 1652 754 ἐδεόμην,
1674 682 1808 736 ἀλλὰ
1826 683 1926 752 τῆς
1950 684 2060 737 τῶν

379 766 763 838 προσαγόντων
802 766 988 836 ὑγιοῦς
1025 768 1280 841 γνώμης;
1306 770 1428 824 Ἵνα
1467 770 1525 822 τ(
1565 770 1892 838 περίλυπος
1931 769 2058 840 ἐτέ-

379 869 527 918 νου;
547 853 644 907 καί
664 854 767 931 ἕνα
784 855 843 908 τί
860 854 1167 909 συνέπεσε
1186 856 1254 910 τὸ
1274 856 1604 924 πρόσωπόν
1630 872 1748 911 σου
1759 873 1780 919 ;
1803 860 1947 922 Οὐκ,
1982 856 2059 912 ἂν

380 940 566 1010 ὀρθῶς
608 940 1040 1012 προσενέγκῃς,
1063 941 1249 1011 ὀρθῶς
1293 942 1361 995 δὲ
1386 942 1474 1012 μὴ
1514 941 1741 1010 διέλῃς,
1761 941 2057 1013 ἢμαρτες;

380 1029 454 1084 Τὸ
476 1030 573 1100 μὲν
593 1028 701 1099 7&9
718 1031 799 1093 εἰς
818 1027 1027 1084 ἔννοιαν
1045 1029 1219 1085 ἐλθεῖν
1235 1028 1328 1084 τοῦ
1351 1031 1735 1100 προσενεγκεῖν
1751 1030 2054 1096 ἐπαινετὸν,

377 1118 438 1172 τὸ
454 1118 511 1172 δέ
534 1118 609 1190 μὴ
627 1117 802 1190 ὀρθῶς
819 1116 1032 1182 διελεῖν,
1052 1116 1210 1171 τοῦτο
1230 1117 1326 1189 τήν
1345 1116 1613 1189 ἀποϐολὴν
1633 1118 1924 1187 εἰργάσατο
1959 1116 2053 1172 τοῦ

378 1206 846 1279 προσενεχθέντος.
876 1205 1022 1258 Ἔδει
1050 1204 1158 1277 γὰρ
1181 1203 1300 1276 Θεῷ
1335 1201 1679 1277 προσάγοντα
1716 1204 1916 1277 πολλὴν
1934 1206 2053 1259 ἐπι-

375 1294 651 1362 δείξασθαι
686 1294 816 1366 περὶ
839 1291 937 1364 τὴν
956 1292 1218 1364 διαίρεσιν
1235 1292 1333 1365 τήν
1352 1292 1659 1364 ἀκρίϐειαν,
1685 1294 1776 1347 καὶ
1794 1294 1917 1347 ὅσον
1938 1293 2055 1347 ἐστί

372 1382 435 1435 τὸ
466 1382 639 1452 ,μέσον
673 1380 768 1435 τοῦ
807 1379 1095 1451 δεχομένου
1134 1380 1230 1434 καὶ
1260 1379 1355 1433 τοῦ
1377 1380 1764 1452 προσάγοντος,
1785 1380 2053 1453 τοσαύτην

375 1468 701 1542 ποιήσασθαι
738 1469 833 1523 καὶ
869 1470 928 1521 ἐν
964 1470 1032 1540 τῇ
1051 1468 1311 1539 διαιρέσει
1329 1468 1428 1538 τὴν
1447 1467 1733 1541 διαφοράν.
1753 1467 1914 1521 Ἀλλά
1930 1468 2053 1521 τού-

371 1574 479 1611 των
514 1555 665 1611 οὐδέν
705 1556 961 1626 ἐννοήσας
1002 1557 1067 1609 σύ
1102 1554 1288 1620 ἁπλῶς
1327 1555 1396 1609 τά
1431 1555 1661 1626 τυχόντα
1680 1556 2047 1627 προσήγαγες.

372 1645 471 1698 Διά
488 1644 643 1698 τοῦτο
656 1643 781 1696 οὐδὲ
799 1643 963 1697 δεκτὰ
992 1642 1246 1712 γενέσθαι
1264 1642 1526 1716 ήδυνήθη.
1567 1644 1781 1715 Ὥσπερ
1798 1643 1907 1714 γὰρ
1925 1646 1958 1715 ή
1983 1643 2049 1715 σὴ

372 1732 586 1804 γνώμη,
609 1731 730 1803 μεθ’
758 1727 828 1805 ἧς
854 1733 952 1803 τήν
974 1730 1336 1803 προσαγωγὴν
1357 1733 1615 1803 ἐποιήσω,
1637 1732 1789 1788 οὐδὲν
1807 1732 1867 1785 τὸ
1888 1732 2050 1803 μέσον

371 1821 747 1891 λογισάμενος,
768 1819 1139 1891 ἀποϐληθῆναι
1179 1820 1399 1891 ἐποίησε
1436 1819 1536 1891 τὴν
1576 1820 1728 1892 παρά
1766 1819 1859 1873 σοῦ
1881 1836 2049 1891 προσ-

371 1910 681 1981 ενεχθείσαν
702 1908 894 1963 θυσίαν
912 1924 926 1939 ·
948 1906 1121 1971 οὕτως
1160 1909 1194 1978 ή
1237 1907 1329 1961 τοῦ
1370 1907 1597 1977 ἀδελφοῦ
1628 1907 1818 1979 γνώμη
1837 1907 1971 1979 όρθή
1990 1924 2050 1961 τε

370 2002 733 2072 τυγχάνουσα,
771 1999 868 2053 καὶ
913 1998 1112 2067 πολλὴν
1155 1996 1542 2070 ἐπιδειξαμένη
1587 1999 1646 2050 ἐν
1686 2002 1751 2070 τῇ
1790 1998 2049 2069 διαιρέσει

370 2090 469 2161 τὴν
518 2088 838 2160 ἀκρίϐειαν,
880 2086 1252 2158 εὐπρόσδεκτα
1300 2084 1465 2139 αὐτοῦ
1518 2085 1585 2139 τά
1635 2084 1784 2158 δῶρα
1822 2085 2051 2156 πεποίη-

371 2196 485 2233 κεν.
506 2178 695 2248 Ὅμως
730 2177 852 2231 οὐδέ
887 2174 1028 2231 οὕτω
1064 2176 1219 2246 δίκην
1256 2175 1473 2230 ἀπαιτῶ
1509 2177 1603 2231 τοῦ
1643 2176 2049 2249 πλημμελήμα-

368 2284 493 2331 τος,
535 2265 671 2320 ἀλλά
707 2265 955 2337 δείκνυμι
996 2265 1154 2335 μόνον
1190 2265 1250 2317 τὸ
1287 2263 1639 2335 ἀμαρτηθὲν,
1680 2266 1775 2319 καὶ
1813 2266 2047 2335 συμϐου-

358 2356 467 2427 λὴν
504 2354 707 2423 εἰσάγω
747 2370 850 2417 σοι,
870 2353 937 2423 ἦν
974 2354 1023 2405 εἰ
1044 2351 1357 2422 βουληθείης
1376 2351 1649 2416 δέξασθαι,
1671 2352 1766 2405 καὶ
1783 2351 1843 2404 τὸ
1862 2353 2035 2423 ἀμαρ-

364 2441 528 2514 τηθέν
567 2440 856 2511 διορθώσῃ,
878 2441 973 2493 καὶ
1009 2439 1245 2510 χείροσιν
1286 2440 1346 2491 οὐ
1388 2438 1700 2511 περιϐαλεῖς
1734 2439 1926 2493 σαυτὸν
1947 2457 2043 2493 κα-

362 2533 505 2594 κοῖς.
536 2528 695 2603 [160]
735 2530 799 2582 Τί
836 2524 1292 2598 οὗν;’Ἢμαρτες,
1315 2526 1596 2597 καὶμέγα
1635 2528 1898 2598 ἥμαρτες,
1929 2526 2041 2580 ἀλλ’

366 2619 427 2672 οὐ
459 2616 675 2681 κολάζω
724 2616 810 2669 διὰ
838 2615 900 2668 τὺ
954 2613 1290 2685 ἀμαρτηθέν’
1323 2614 1702 2687 φιλάνθρωπος
1738 2616 1846 2686 γάρ
1897 2616 2040 2686 εἰμι,

368 2709 462 2760 καὶ
498 2706 890 2774 Οὺβούλομαι
916 2703 1022 2757 τὸν
1042 2702 1303 2756 θάνατον
1336 2702 1442 2756 τοῦ
1478 2701 1848 2771 ἀμαρτωλοῦ,
1871 2703 1949 2768 ὡς
1978 2702 2042 2756 τὸ

363 2794 717 2862 ἐπιστρέψαι
752 2792 851 2847 καὶ
885 2790 993 2860 ζῇν
1023 2792 1229 2845 αὐτόν.
1272 2791 1423 2843 Ἐπεὶ
1453 2786 1543 2844 οὖν
1576 2792 1838 2862 ἥμαρτες,
1873 2790 2043 2845 Ἡσύ-

364 2897 581 2953 χασον,
612 2880 852 2953 γαλήνην
883 2878 1115 2952 ἔργασαί
1151 2895 1242 2933 σου
1273 2881 1384 2942 τοῖς
1413 2878 1712 2950 λογισμοῖς,
1743 2878 1836 2932 καὶ
1867 2879 2042 2933 ἀπαλο

352 2970 558 3041 ηλάγηθι
579 2969 680 3041 τῆς
710 2969 818 3022 τῶν
849 2968 1110 3039 κυμάτων
1144 2966 1521 3039 σφοδρότητος,
1552 2965 1663 3019 τῶν
1691 2965 2039 3039 πολιορκούν-

364 3075 472 3113 των
522 3076 616 3111 σου
639 3056 736 3129 τήν
782 3056 1042 3119 διάνοιαν,
1075 3054 1422 3109 κατάστειλον
1454 3053 1552 3125 τὴν
1574 3056 1837 3127 ταραχὴν,
1863 3054 1937 3125 μὴ
1963 3054 2040 3125 τῷ

363 3147 690 3220 προλαϐόντι
724 3146 1083 3217 ἁμαρτήματι
1140 3144 1325 3215 ἕτερον
1366 3142 1744 3214 χαλεπώτερον
1775 3143 2034 3215 προσθῇς,

363 3235 498 3308 μηδὲ
525 3233 787 3306 βουλεύσῃ
837 3233 1000 3304 μηδὲν
1037 3231 1143 3285 τῶν
1194 3230 1528 3303 ἀνηκέστων.
1560 3231 1652 3302 Μὴ
1695 3231 2038 3302 αἰχμάλωτον

361 3326 559 3379 σαυτὸν
581 3322 753 3393 ἐκδῷς
781 3320 860 3391 τῷ
898 3318 1117 3392 πονηρῷ
1149 3319 1383 3390 δαίμονι.
1448 3319 1754 3389 Ἥμαρτες,
1805 3322 2038 3391 ἡσύχα-

360 3423 497 3463 σον.
525 3406 681 3477 ’ῌδει
701 3405 795 3459 καί
825 3405 889 3457 ἐκ
917 3403 1216 3475 προοιμίων
1246 3401 1345 3473 τὴν
1373 3400 1673 3472 μέλλουσαν
1697 3403 2038 3475 ἐπιχείρησιν

359 3496 503 3551 κατά
542 3494 638 3548 τοῦ
667 3491 899 3559 ἀδελφοῦ
929 3490 1195 3560 γίνεσθαι,
1226 3491 1320 3545 καὶ
1353 3490 1441 3544 διὰ
1464 3490 1669 3544 τούτων
1699 3490 1867 3563 αὐτὴν
1903 3509 2039 3562 προ-

357 3580 675 3637 αναστέλλει
701 3578 810 3633 τῶν
838 3577 1119 3649 ῥημάτων.
1146 3575 1365 3647 Ἐπειδὴ
1393 3576 1501 3647 7&9
1529 3576 1604 3640 ὼς
1637 3576 1769 3639 Θεὸς
1804 3577 1831 3616 ιι
1855 3578 1950 3631 καὶ
1968 3577 2036 3632 τά

354 3670 646 3741 ἀπόρρητα
680 3667 783 3737 τῆς
806 3663 1450 3733 διανοίαςοέπιστάμενος
1503 3663 1616 3733 ᾔδει
1666 3663 1763 3735 τῆς
1809 3665 2036 3736 καρδίας

357 3757 524 3810 αὐτοῦ
570 3755 639 3809 τὰ
681 3754 983 3825 κινήματα.
1038 3753 1105 3822 τῇ
1159 3750 1326 3822 πολλῆ
1357 3751 1677 3820 παραινέσει
1709 3752 1804 3807 καὶ
1828 3755 1893 3824 τῇ
1926 3753 2034 3808 τῶν

359 3844 621 3916 ῥημάτων
653 3839 1058 3911 συγκαταϐάσει
1097 3837 1429 3908 κατάλληλον
1466 3837 1615 3910 αὐτῷ
1662 3838 1760 3910 τὴν
1787 3839 2033 3911 ἰατρείαν

350 3933 620 4004 εἰσφέρει,
651 3931 721 3985 τὰ
750 3930 879 4000 παρ’
906 3927 1100 3982 ἐαυτοῦ
1128 3926 1346 3982 ἅπαντα
1374 3926 1618 3999 πληρῶν,
1648 3930 1696 3981 εἰ
1734 3927 1828 3981 καὶ
1877 3922 2032 3994 οὗτος

355 4022 416 4076 τὸ
448 4023 736 4093 φᾶιρμακον
770 4018 1132 4089 ἀπωσάμενος
1163 4019 1240 4082 εἰς
1270 4017 1330 4070 τὸ
1353 4016 1454 4087 τῆς
1486 4016 1904 4086 ἀδελφοκτονίας
1935 4017 2032 4088 βά-

356 4110 555 4183 ραθρον
584 4110 776 4164 ἐαυτὸν
836 4108 1292 4179 κατεκρήμνισεν.
1328 4107 1649 4176 Ἵιμαρτες,
1684 4107 2028 4176 ήσύχασον.

356 4198 447 4268 Μὴ
475 4197 723 4269 νομίσῃς,
757 4196 943 4266 φησὶν,
976 4197 1027 4249 εἰ
1056 4195 1155 4249 καὶ
1185 4194 1543 4266 ἀπεστράφην
1592 4212 1684 4249 σου
1714 4195 1811 4266 τὴν
1842 4195 2030 4249 θυσίαν

354 4285 442 4340 διά
469 4286 567 4356 τὴν
604 4287 705 4339 οὐκ
732 4284 898 4356 ὀρθὴν
923 4282 1168 4355 γνώμην,
1225 4282 1321 4337 καὶ
1364 4284 1413 4335 εί
1446 4284 1504 4336 τὸ
1535 4282 1629 4336 τοῦ
1661 4283 1887 4352 ἀδελφοῦ
1926 4283 2029 4337 δῶ-

356 4388 449 4444 ρον
482 4373 885 4447 προσεδεξάμην
909 4373 997 4427 διὰ
1021 4372 1120 4444 τὴν
1142 4372 1269 4442 ὑγιῆ
1293 4373 1633 4444 προαίρεσιν,
1649 4372 1731 4425 ὅτι
1755 4372 1863 4427 τῶν
1890 4391 2032 4446 πρωο

351 4464 512 4517 τείων
549 4479 608 4516 σε
662 4461 969 4531 ἀποστερῶ,
1027 4461 1122 4513 καί
1164 4460 1263 4531 τῆς
1312 4458 1469 4524 ἀξίας
1514 4459 1622 4513 τῶν
1668 4462 2030 4530 πρωτοτόκων

352 4550 649 4607 ἐκϐάλλωο.
690 4551 1059 4619 Ἠσύχασον·
1097 4549 1144 4601 εί
1164 4548 1270 4621 γὰρ
1304 4547 1518 4618 καὶτῆς
1544 4549 1671 4619 παρ’
1702 4547 1835 4618 ἐμοῦ
1864 4549 2029 4620 τιμῆς

353 4643 601 4714 ἠξίωται,
631 4643 725 4698 καὶ
749 4640 1118 4712 εὐπρόσδεκτα
1163 4637 1327 4693 αὐτοῦ
1379 4637 1571 4707 γέγονε
1603 4638 1672 4692 τὰ
1698 4637 1862 4710 δῶρα,
1896 4638 2030 4693 ἀλλά

352 4732 508 4800 Πρὸς
535 4730 611 4785 σὲ
634 4733 672 4800 ἠ
702 4727 1058 4797 ἀποστροφὴ
1091 4724 1303 4789 αὐτοῦ,
1336 4726 1433 4779 καί
1464 4724 1546 4779 σὺ
1578 4723 1780 4795 ἄρξεις
1815 4727 2023 4781 αὑτοῦ.

352 4821 514 4873 ’Ὥστε
544 4820 637 4873 καλ⁵
667 4818 806 4891 μετά
832 4818 931 4884 τὴν
961 4814 1235 4887 ἁμαρτίαν
1270 4813 1473 4884 ταύτην
1494 4813 1638 4884 ἔχειν
1669 4831 1728 4867 σε
1759 4815 2029 4887 συγχωρῶ

350 4909 419 4963 τὰ
439 4910 831 4980 προτερήματα
862 4908 959 4976 τῆς
990 4903 1381 4975 πρωτοτοκίας,
1406 4904 1658 4957 κάκεῖνον
1682 4902 1788 4956 ὑπὸ
1809 4903 1906 4974 τὴν
1929 4903 2028 4974 σήν

350 4994 597 5061 ἐξουσίαν
619 4990 760 5049 εἶναι
787 4992 1012 5059 κελεύω,
1052 4991 1149 5046 καὶ
1177 4990 1282 5044 ὑπὸ
1303 4990 1402 5061 τῆν
1428 4990 1600 5060 ἀρχὴν
1625 4989 1723 5060 τὴν
1760 4991 2027 5061 σήν.”ορα

351 5084 758 5155 φιλανθρωπίαν
786 5081 1077 5144 Δεσπότου,
1126 5078 1243 5141 πῶς
1262 5076 1424 5131 αὐτοῦ
1459 5077 1700 5147 βούλεται
1724 5076 1816 5130 τὸν
1857 5076 2027 5146 θυμὸν

349 5172 445 5224 καὶ
476 5172 574 5241 τὴν
598 5172 796 5242 μανίαν
815 5166 1186 5231 καταστεῖλαι,
1219 5166 1312 5220 καὶ
1332 5164 1429 5236 τὴν
1464 5164 1642 5235 ὁρμὴν
1672 5163 1903 5232 ἐκκόψαι
1941 5164 2027 5216 διὰ

348 5255 459 5310 τῶν
490 5258 749 5326 ῥημάτων
799 5255 1025 5310 τούτων.
1064 5253 1146 5308 Τά
1191 5253 1299 5325 γὰρ
1334 5253 1607 5323 κινήματα
1660 5251 1762 5320 τῆς
1792 5251 2027 5313 διανοίας

352 5342 516 5397 αὐτοῦ
546 5342 915 5408 κατοπτεύων,
947 5344 1041 5398 καὶ
1073 5344 1174 5413 τῆς
1210 5339 1434 5410 φονικῆς
1465 5338 1629 5391 αὐτοῦ
1659 5336 1885 5409 γνώμης
1905 5341 2028 5392 ἐπι-

352 5429 616 5499 στάμενος
644 5429 704 5482 τὸ
729 5429 956 5499 ἀπηνὲς,
990 5429 1092 5501 ’ήδη
1132 5428 1427 5499 προλεᾶναι
1454 5423 1619 5480 αὐτοῦ
1651 5424 1897 5493 βούλεται
1938 5426 2028 5481 τὸν

349 5513 627 5585 λογισμὸν,
668 5516 762 5569 καὶ
793 5516 1031 5587 γαλήνην
1092 5513 1429 5587 ἐργάσασθαι
1488 5510 1654 5565 αὑτοῦ
1680 5514 1745 5583 τῇ
1799 5511 2027 5584 διανοίᾳ,

351 5602 665 5655 ὑποτάττων
725 5601 873 5673 αὐτῷ
901 5602 990 5656 τὸν
1017 5602 1263 5671 ἀδελφὸν,
1292 5602 1387 5655 καὶ
1440 5598 1539 5670 τήν
1576 5597 1824 5664 ἐξουσίαν
1865 5600 2028 5655 αὑτοῦ

354 5688 430 5759 μὴ
463 5687 916 5759 ὑποτεμνόμενος.
960 5689 1121 5743 Ἀλλά
1164 5689 1258 5742 καὶ
1298 5687 1436 5760 μετά
1477 5686 1575 5757 τὴν
1607 5685 1874 5756 τοσαύτην
1907 5689 2031 5742 ἐπι-

352 5774 571 5841 μέλειαν
601 5774 694 5827 καὶ
727 5773 865 5844 μετά
917 5776 1157 5829 τοσαῦτα
1206 5777 1275 5829 τά
1303 5776 1572 5845 φάρμακα
1626 5771 1780 5826 οὐδὲν
1812 5772 2026 5827 πλέοννὸ

413 5992 561 6060 Ῡ¹Α1ἰὶ
607 5995 662 6044 οὐ
705 5994 934 6060 σύνοιδας.
968 5992 1230 6060 ,ἔῃσι-ει.
1276 5998 1329 6045 ει
1366 5993 1563 6056 quidam
1605 5994 1687 6045 alii
1723 5995 1854 6060 γὰρὸ
1891 5997 2025 6055 Θεός.

347 6053 371 6082 "
397 6056 492 6107 Alii
525 6057 860 6121 πρωτοτοκίων
881 6073 936 6106 σε
962 6056 1168 6106 ἐκϐαλῶ.

1159 388 1215 445 S.
1252 387 1537 449 JOANNIS
1575 388 2059 451 (ῖιιιιῑδοδτοδιι
2098 388 2415 452 ABCHIEP.
2458 400 3010 470 CONSTANTINOP.

3732 421 3827 483 £58

2168 515 2306 609 K‘d'z‘v
2329 516 2612 609 ἀπώνατο.
2646 524 2913 583 Τοσοῦτόν
2944 531 3059 585 ἐστι
3086 533 3307 605 γνώμης
3337 534 3585 609 διαφορά,
3616 538 3706 592 καὶ
3741 556 3827 594 κα·

2166 602 2287 667 κίας
2320 607 2615 683 ὑπερϐολή.

2231 698 2296 762 η’.
2320 694 2458 749 Ἀλλ’
2492 699 2577 752 ἵνα
2596 702 2671 773 μὴ
2697 705 2790 758 ἐπὶ
2815 703 2974 760 πλέον
3002 706 3340 773 ἐκτείναντες
3369 711 3460 765 τὸν
3488 711 3643 782 λόγον
3673 714 3828 783 δόξαν

2162 794 2261 874 μεν
2289 786 2639 874 παρενοχλεῖν
2671 787 2770 861 τὴν
2792 791 3064 866 ὑμετέραν
3096 795 3340 868 ἀγάπην,
3388 799 3483 852 καὶ
3525 804 3827 874 προσκορής

2159 865 2287 960 ὑμῖν
2333 873 2560 960 νομισθῇ
2592 876 2787 948 ήπαρ⁹
2820 865 2980 950 ήμῶν
3036 881 3222 952 ὁμιλία
3262 865 3290 922 ἀ
3324 884 3423 949 τάς
3452 865 3621 951 ἀκοάς
3677 865 3826 960 ὑμῶν

2156 953 2550 1027 ἀποκναίουσα,
2585 964 2820 1021 ἐνταῦθα
2848 968 3299 1036 καταπαύσαντες
3329 973 3419 1027 τὸν
3450 973 3627 1043 λόγον,
3658 953 3824 1030 ἐκεῖνο

2158 1045 2628 1134 παρακαλέσωμεν
2663 1051 2817 1122 ὑμῶν
2858 1056 2925 1126 τῇ
2957 1055 3236 1129 φιληκοΐᾳ,
3268 1060 3496 1131 μισῆσαι
3522 1061 3620 1134 τὴν
3650 1063 3825 1117 τοιού

2156 1143 2256 1199 την
2277 1131 2526 1221 μίμησιν,
2552 1137 2646 1190 καὶ
2671 1141 2738 1209 τῇ
2779 1140 2951 1213 κακία
2996 1153 3021 1182 ο
3054 1144 3226 1199 πολλά
3274 1147 3485 1218 χαίρειν
3512 1131 3824 1221 προσειπόν-

2154 1232 2283 1306 τας,
2300 1217 2398 1283 τὰς
2424 1219 2519 1274 τοῦ
2548 1224 2753 1293 Κυρίου
2785 1227 3004 1291 ἐντολὰς
3026 1229 3143 1301 μετ’
3166 1217 3482 1302 ἐπιμελείας
3503 1217 3701 1306 πολλῆς
3735 1237 3824 1292 καὶ

2155 1302 2215 1369 ἐξ
2241 1304 2370 1377 ὅλης
2392 1309 2619 1380 καρδίας
2673 1312 3048 1385 μετέρχεσθαι.
3084 1318 3178 1371 καὶ
3206 1318 3439 1389 μάλιστα
3473 1321 3611 1393 μετά
3645 1302 3822 1378 τοσού-

2152 1406 2261 1482 ⁸ιιων
2322 1394 2417 1482 καί
2479 1396 2813 1467 τηλικούτων
2867 1402 3347 1474 παραδειγμάτων.
3398 1408 3533 1463 οὐδὲ
3584 1410 3693 1482 7&9
3744 1414 3822 1478 εἰς

2155 1479 2374 1570 ἄγνοιαν
2399 1481 2583 1570 λοιπὸν
2613 1485 2767 1555 ήμῶν
2799 1505 2883 1554 τις
2913 1494 3249 1559 καταφυγεῖν
3277 1493 3578 1564 δυνήσεται.
3611 1479 3673 1551 Εἰ
3720 1499 3823 1570 7&9

2153 1561 2328 1632 οὗτος,
2356 1568 2500 1637 λέγω
2525 1570 2589 1642 δὴ
2623 1574 2651 1625 ὁ
2683 1574 2841 1635 Κάῖν.
2879 1576 3083 1647 μηδένα
3113 1577 3254 1649 ἔχων
3286 1561 3402 1634 τῶν
3422 1582 3530 1652 πρὸ
3555 1582 3717 1638 αὐτοῦ
3732 1561 3823 1653 γε’-

2153 1655 2386 1744 γονότων
2416 1657 2598 1729 εὑρεῖν
2657 1660 2897 1716 τοιοῦτόν
2942 1680 2997 1717 τι
3049 1665 3502 1739 διαπραξάμενον,
3529 1670 3681 1740 ὅμως
3730 1672 3823 1744 τὴν

2152 1741 2474 1798 ἀνύποιστον
2517 1746 2734 1820 ἐκείνην
2765 1747 2914 1823 [161]
2973 1752 3067 1807 καὶ
3098 1753 3339 1827 χαλεπήν
3368 1756 3625 1827 ὑπέμεινε
3658 1741 3823 1829 τιμω-

2156 1830 2299 1901 ρίαν,
2334 1832 2409 1896 ὼς
2468 1834 2769 1902 μετέπειτα
2814 1838 3222 1911 γνωσθήσεται,
3275 1844 3328 1897 τί
3368 1845 3648 1900 πείσεσθαι
3683 1849 3825 1918 ἡμᾶς

2151 1918 2315 1983 εἰκὸς,
2353 1920 2421 1973 τά
2451 1921 2645 1993 αὐτάἢ
2675 1923 2768 1976 καὶ
2805 1925 3024 1997 χείρονα
3077 1929 3509 2001 ἁμαρτάνοντας,
3547 1934 3686 2003 μετά
3730 1934 3823 2003 τὴν

2150 2006 2417 2078 τοσαύτην
2450 2009 2549 2079 τῆς
2589 2010 2813 2083 χάριτος
2857 2012 3169 2084 δαψίλειαν;
3201 2019 3235 2090 ἢ
3272 2020 3489 2083 πάντως
3525 2020 3586 2074 τὸ
3613 2021 3726 2092 πῦρ
3766 2023 3824 2074 τὸ

2149 2095 2386 2161 αἰώνιον,
2440 2098 2532 2152 τὸν
2571 2100 2829 2172 σκώληκα
2881 2104 2974 2159 τὸν
3025 2105 3401 2178 ἀτελεύτητον,
3433 2109 3523 2163 τὸν
3585 2109 3823 2181 βρυγμὸν

2146 2184 2256 2240 τῶν
2287 2185 2537 2248 ὀδόντων,
2582 2188 2643 2241 τὸ
2682 2189 2871 2255 σκότος
2903 2192 2964 2245 τὸ
3019 2190 3301 2265 ἐξώτερον,
3332 2195 3428 2267 τὴν
3452 2196 3677 2265 γέενναν
3731 2197 3822 2251 τοῦ

2148 2274 2339 2346 πυρὸς,
2366 2276 2459 2329 καὶ
2483 2276 2581 2341 τὰς
2618 2277 2781 2342 ἄλλας
2810 2281 2908 2344 τὰς
2955 2282 3360 2355 ἀπαραιτήτους
3389 2286 3659 2359 τιμωρίας
3681 2289 3821 2358 ἡμᾶς

2147 2361 2538 2431 ὑποδέξασθαι;
2567 2365 2701 2420 Οὐδὲ
2720 2367 2829 2439 γὰρ
2852 2368 3117 2440 ἀπολογία
3145 2387 3231 2436 τις
3248 2372 3431 2427 λοιπὸν
3454 2374 3820 2441 ὑπολείπεται,

2145 2451 2288 2505 οὑτω
2317 2453 2577 2525 ῥᾳθύμως
2606 2455 2763 2526 ήμῶν
2817 2457 3177 2530 διακειμένων
3205 2463 3299 2515 καὶ
3332 2463 3818 2521 ἀναπεπτωκότων.

2146 2539 2237 2611 Μὴ
2276 2540 2386 2611 γὰρ
2426 2541 2526 2594 οὐκ
2566 2542 2723 2609 ἴσμεν
2766 2544 3006 2609 ἅπαντες
3064 2546 3134 2601 τὰ
3191 2550 3459 2621 πρακτέα,
3515 2551 3608 2605 καὶ
3650 2552 3719 2606 τά
3749 2552 3821 2623 μὴ

2144 2626 2401 2695 τοιαῦτα;
2438 2629 2531 2683 καὶ
2551 2629 2632 2682 ὅτι
2653 2631 2701 2684 οί
2737 2632 2834 2701 μὲν
2870 2633 2938 2687 τά
2973 2634 3165 2706 πρῶτα
3195 2637 3540 2708 πράττοντες,
3563 2639 3631 2693 τὰ
3675 2658 3820 2712 πρω-

2142 2716 2263 2769 τεῖα
2282 2714 2389 2768 τῶν
2433 2716 2714 2785 στεφάνων
2748 2716 2980 2786 ἕξουσιν,
3016 2723 3067 2775 οί
3113 2722 3171 2775 δέ
3200 2727 3311 2789 τοῖς
3338 2725 3587 2796 ἐσχάτοις
3615 2728 3817 2780 ὑποπε-

2145 2801 2331 2866 σόντες
2358 2802 2464 2857 τῶν
2496 2804 2740 2875 ἐσχάτων
2772 2806 3165 2879 ὐποστήσονται
3198 2811 3570 2884 κολαστηρίων
3603 2816 3703 2887 τὴν
3735 2833 3819 2870 κα-

2140 2890 2408 2962 ταδίκην;
2455 2892 2547 2945 Διὸ
2589 2894 2892 2966 παρακαλῶ
2932 2897 3027 2950 καί
3069 2896 3256 2969 δέομαι
3297 2901 3388 2955 καὶ
3419 2901 3705 2970 ἀντιϐολῶ,
3748 2904 3818 2975 μὴ

2140 2977 2396 3048 ἀνόνητος
2422 2979 2579 3050 ήμῶν
2613 2982 2645 3051 ή
2687 2982 2922 3036 ἐνταῦθα
2959 2984 3266 3050 συνέλευσις
3297 2988 3557 3056 γενέσθω,
3582 2990 3718 3046 ἀλλά
3754 2995 3816 3063 τῇ

2139 3066 2248 3120 τῶν
2285 3067 2461 3137 λόγων
2503 3071 2764 3140 ἀκροάσει
2795 3073 2889 3125 καὶ
2931 3072 3001 3126 τὰ
3025 3073 3162 3144 ἔργα
3191 3076 3624 3133 ἐπακολουθείτω
3662 3079 3708 3145 τ,
3737 3081 3818 3135 ἵνα

2137 3154 2237 3226 τὴν
2286 3155 2397 3209 ἀπὸ
2425 3155 2520 3210 τοῦ
2556 3158 2854 3222 συνειδότος
2886 3159 3100 3232 ἔχοντες
3152 3163 3525 3238 πληροφορίαν
3580 3169 3675 3222 καὶ
3705 3171 3818 3234 ταῖς

2138 3244 2404 3314 χρησταῖς
2434 3243 2647 3299 ἐλπίσιν
2675 3246 2925 3301 ἐντεῦθεν
2950 3249 3053 3321 ήδη
3106 3252 3448 3322 τρεφόμενοι,
3504 3255 3817 3327 δυνηθῶμεν

2138 3329 2245 3384 τῶν
2294 3330 2570 3404 δυσχερῶν
2597 3333 2690 3387 τοῦ
2724 3336 2990 3406 παρόντος
3042 3336 3157 3407 βίου
3194 3339 3451 3410 εὐμαρῶς
3496 3341 3558 3395 τὸ
3585 3342 3819 3412 πέλαγος

2136 3417 2578 3487 διαπλεύσαντες,
2616 3423 2697 3486 εἰς
2719 3423 2811 3476 τὸν
2840 3423 3036 3494 λιμένα
3068 3426 3408 3496 καταντῆσαι
3438 3429 3539 3499 τῆς
3565 3428 3662 3483 τοῦ
3684 3429 3814 3484 Θεοῦ

2137 3506 2570 3580 φιλανθρωπίας,
2599 3511 2696 3564 καὶ
2723 3511 2831 3565 τῶν
2855 3513 3182 3585 ἀπορρήτων
3201 3512 3425 3568 ἐκείνων
3454 3515 3681 3584 ἀγαθῶν
3710 3519 3817 3571 ἐπι-

2137 3598 2339 3667 τυχεῖν,
2376 3590 2451 3652 ῶν
2474 3599 2841 3669 ἐηγγείλατο
2872 3598 3079 3671 Κύριος
3131 3602 3244 3664 τοῖς
3293 3601 3580 3670 ἀγαπῶσιν
3630 3605 3811 3663 αὐτὸν.

2137 3686 2320 3757 χάριτι
2349 3686 2443 3740 καὶ
2466 3688 2772 3757 οἰκτιρμοῖς
2811 3686 2910 3740 τοῦ
2940 3687 3265 3758 μονογενοῦς
3292 3688 3457 3742 αὐτοῦ
3501 3687 3654 3755 Υἰοῦ,
3699 3690 3812 3763 μεθ’

2135 3767 2197 3827 οῦ
2215 3771 2292 3843 τῷ
2322 3773 2462 3845 ἀγίῳ
2501 3775 2592 3827 καὶ
2620 3775 2981 3845 προσκυνητῷ
3005 3775 3171 3829 αὐτοῦ
3206 3775 3483 3847 Πνεύματι
3502 3777 3648 3843 δόξα.
3682 3779 3813 3850 κρά·

2133 3876 2244 3926 τος,
2284 3861 2438 3933 τιμὴ,
2468 3860 2562 3915 νῦν
2587 3863 2683 3915 καί
2708 3862 2815 3929 ἀεὶ,
2873 3864 2968 3917 καὶ
2992 3864 3075 3927 εἰς
3126 3865 3254 3928 τοὺς
3281 3864 3485 3930 αἰῶνας
3530 3866 3640 3920 τῶν
3683 3866 3811 3922 αἰώ-

2134 3965 2261 4004 νων.
2301 3951 2490 4022 Ἀμήν.

2784 4022 3028 4077 ΟΜΙΛΙΑ
3054 4021 3155 4076 ΙΘ¹.

2203 4125 2312 4181 Καὶ
2345 4121 2476 4181 εἷπε
2513 4126 2662 4198 Κάῖν
2698 4126 2847 4195 πρὸς
2881 4128 3051 4198 Ἅϐελ
3083 4127 3189 4198 τὸν
3224 4128 3494 4198 ἀδελφὸν
3527 4131 3741 4187 αὐτοῦ’

2521 4195 2852 4265 Διέλθωμεν
2879 4196 2956 4267 δὴ
2980 4199 3069 4263 εἰς
3095 4197 3163 4252 τὸ
3192 4195 3421 4255 πεδίοῶ.

2203 4324 2273 4373 α’.
2289 4317 2556 4389 Καθάπερ
2576 4317 2643 4371 τά
2657 4319 2850 4373 ἀνίατα
2870 4319 2976 4375 τῶν
2993 4318 3322 4391 τραυμάτων
3332 4320 3452 4373 οὐδὲ
3473 4321 3584 4384 τοῖς
3606 4322 3677 4375 αὐ
3687 4339 3813 4395 στη-

2136 4409 2246 4479 ροῖς
2278 4405 2388 4459 τῶν
2447 4407 2759 4478 φαρμάκων
2807 4408 2967 4471 εἴκει,
3026 4407 3147 4461 οὐδὲ
3193 4410 3307 4472 τοῖς
3330 4409 3641 4477 γλυκαίνειν
3672 4411 3811 4466 αὐτά

2130 4491 2467 4562 δυναμένοις·
2494 4488 2637 4543 οὕτω
2662 4491 2810 4561 καὶὴ
2859 4490 3002 4562 ψυχὴ
3024 4491 3241 4545 ἐπειδὰν
3290 4493 3436 4558 ἅπαξ
3468 4495 3811 4565 αἰχμάλωτος

2130 4575 2374 4646 γένηται,
2416 4573 2511 4628 καὶ
2544 4574 2746 4645 ἐαυτὴν
2779 4574 2918 4645 ἐκδῷ
2944 4567 3095 4644 ᾧτινι
3125 4576 3323 4646 δήποτε
3356 4576 3808 4650 πλημμελήματι,

2131 4659 2225 4714 καὶ
2247 4659 2321 4730 μὴ
2349 4657 2604 4729 βούληται
2626 4658 2688 4713 τὸ
2711 4659 2910 4729 ἐαυτῆς
2937 4658 3215 4731 συμφέρον
3243 4661 3496 4728 συνιδεῖν,
3518 4661 3619 4716 κᾶν
3641 4663 3811 4735 μυρία

2131 4760 2213 4807 τις
2237 4743 2429 4812 ἐνηχῇ,
2458 4741 2610 4794 οὐδὲν
2637 4741 2930 4814 κερδαίνει,
2962 4741 3099 4795 ἀλλὰ
3138 4742 3389 4813 καθάπερ
3420 4743 3618 4815 νεκρὰς
3639 4745 3809 4810 ἀκοάς

2131 4824 2464 4895 κεκτημένη,
2501 4823 2758 4895 οὐδεμίαν
2786 4825 2894 4878 ἀπὺ
2918 4825 3015 4895 τῆς
3040 4826 3416 4896 παραινέσεως
3455 4825 3671 4897 δέχεται
3713 4828 3812 4899 τὴν

2129 4908 2418 4977 ὠφέλειαν,
2446 4908 2547 4960 οὐκ
2575 4907 2764 4978 ἐπειδὴ
2817 4908 2890 4977 μὴ
2919 4907 3165 4973 δύναται,
3220 4907 3337 4963 ἀλλ’
3368 4909 3553 4980 ἐπειδὴ
3586 4910 3659 4981 μὴ
3687 4908 3812 4980 βού-

2129 4990 2279 5043 λεται
2302 4991 2349 5044 ε.
2385 4988 2520 5042 Οὐδὲ
2544 4989 2653 5058 γὰρ
2702 4988 2955 5060 καθάπερ
3003 4991 3096 5043 ἐπὶ
3125 4990 3234 5044 τῶν
3285 4992 3613 5061 σωματικῶν
3640 5010 3810 5064 τραυ-

2133 5075 2319 5144 μάτων
2345 5072 2494 5126 ἕστιν
2520 5073 2667 5138 ἰδεῖν,
2690 5071 2831 5125 οὕτω
2858 5072 2953 5126 καὶ
2977 5071 3070 5124 ἐπὶ
3105 5072 3205 5143 τῆς
3250 5074 3639 5144 προαιρέσεως.
3687 5075 3809 5128 Ἑπί

2133 5157 2229 5228 μὲν
2255 5157 2360 5228 7&9
2391 5157 2499 5210 τῶν
2541 5155 2868 5226 σωματικῶν
2894 5155 3129 5226 ἀκίνητά
3153 5157 3271 5210 ἐστι
3300 5156 3555 5221 πολλάκις
3608 5159 3679 5211 τά
3710 5158 3811 5228 τῆς

2130 5238 2345 5307 φύσεως
2378 5238 2545 5309 πάθηο
2574 5239 2664 5291 ἐπὶ
2696 5238 2752 5291 δὲ
2794 5238 2893 5308 τῆς
2924 5240 3296 5311 προαιρέσεως
3332 5239 3484 5293 οὐδὲν
3541 5238 3803 5293 τοιοῦτον·

2129 5320 2243 5374 ἀλλ’
2282 5320 2395 5373 ἐστι
2420 5320 2679 5384 πολλάκις
2710 5322 2805 5373 καὶ
2834 5321 2926 5374 τὸν
2949 5321 3150 5389 φαῦλον
3175 5321 3479 5392 θελήσαντα
3513 5320 3811 5393 μεταϐαλέ-

2130 5403 2276 5468 σθαι,
2305 5403 2399 5456 καὶ
2427 5402 2676 5471 γενέσθαι
2711 5402 2896 5466 καλὸν,
2947 5403 3157 5458 καὶτὸν
3209 5403 3370 5457 καλὸν
3414 5404 3808 5476 ρᾳθυμήσαντα

2131 5488 2267 5559 πρὸς
2296 5486 2396 5557 τὴν
2445 5487 2642 5539 κακίαν
2672 5485 3013 5558 ἐξολισθῆσαι
3061 5488 3111 5540 ιι.
3151 5486 3304 5540 Ἐπεὶ
3334 5483 3426 5541 οὗν
3466 5482 3808 5549 αὐτεξούσιον

2129 5571 2287 5644 ήμῶν
2307 5572 2404 5642 τὴν
2435 5569 2595 5638 φύσιν
2632 5571 2968 5641 εἰργάσατοό
2994 5571 3100 5624 τῶν
3129 5569 3264 5624 ὅλων
3290 5570 3438 5632 Θεός⁴
3469 5567 3538 5621 τά
3575 5565 3673 5636 μὲν
3695 5564 3807 5636 7&9

2132 5653 2325 5710 ἐαυτοῦ
2352 5655 2568 5710 ἅπαντα
2625 5653 2989 5707 ἐπιδείκνυται
3049 5654 3091 5719 ί,
3125 5654 3218 5707 καὶ
3248 5653 3345 5724 τὴν
3384 5651 3587 5704 οἰκείαν
3617 5647 3809 5715 φιλαν-

2132 5737 2377 5810 θρωπίαν
2426 5733 2780 5808 μιμούμενος,
2834 5737 2929 5789 καὶ
2982 5734 3049 5788 τά
3085 5738 3371 5807 ἀπόρρητα
3398 5733 3491 5787 καὶ
3526 5730 3592 5785 τά
3637 5732 3698 5782 ἐν
3728 5728 3808 5799 τῷ

2199 5876 2228 5917 δ
2252 5879 2348 5929 Alii
2389 5877 2686 5927 διδασκαλία.
2760 5889 2783 5916 ο
2812 5875 2933 5936 Reg.
2958 5877 3039 5924 καὶ
3060 5878 3145 5934 τήν
3168 5876 3353 5924 κακίαν.
3424 5872 3445 5912 ἲ
3469 5872 3613 5936 ΒεῩὶΙ.
3641 5875 3695 5936 (Ῑί
3718 5868 3808 5936 ali:

2133 5947 2256 6002 quot
2292 5954 2405 5990 mss.
2440 5930 2999 6002 ἐπακολούθωςλέποῖντο.
3068 5930 3407 6002 εςΒεὲε.ηιιηυε
3545 5930 3703 6002 tua?!)
3738 5931 3806 6001 μὴ

2134 5991 2371 6064 ᾀαίνηται,
2396 6002 2499 6064 ἀλλτ
2533 6001 2694 6064 ἐπειδὴ
2728 5991 2790 6059 μὴ
2824 5997 3041 6064 δύνηται,-
3092 5996 3127 6064 με
3151 5991 3377 6064 ξεῖνιιηει
3400 5995 3593 6056 quidam
3616 5991 3699 6041 alii
3719 5993 3804 6037 αύ-

2133 6058 2416 6126 τομολῆσαι.
2486 6062 2501 6101 ι
2532 6062 2653 6123 Reg.
2692 6058 2817 6108 unus
2837 6065 2889 6107 el
2911 6058 3061 6108 Sani].
3089 6058 3472 6120 ἐπιδεικνύμενος.
