4110 6414
307 444 412 499 ΙΒἹ

304 556 474 609 vultus
511 563 629 608 tuus
648 553 676 608 ,θ
705 567 801 608 cur
829 565 895 607 ex
929 550 1030 606 hac
1057 564 1113 604 re
1143 547 1515 603 conturbaris?
1542 562 1708 618 quare
1735 562 1839 601 non
1864 562 1895 601 a

307 659 359 701 te
386 659 503 716 ipso
530 644 673 714 quod
697 643 978 713 oportebat
1007 640 1123 696 ﬁeri
1144 680 1159 707 ,
1200 638 1593 696 considerasti?
1619 637 1754 694 Num
1796 638 1897 692 ho-

309 737 440 791 mini
486 734 808 790 sacriﬁeium
850 732 1105 798 obtulisti,
1133 731 1224 802 qui
1259 730 1372 786 falli
1415 729 1626 801 possit?
1661 729 1892 800 ignoras,

305 830 438 885 mihi
478 844 585 884 non
626 843 748 883 esse
785 842 921 897 npus
947 834 1007 881 ut
1032 825 1231 897 aliquid
1259 823 1546 892 offeratur,
1578 824 1673 880 sed
1702 839 1788 880 me
1812 838 1901 878 sa-

305 937 431 977 nam
472 919 809 976 offerentium
838 928 1072 973 mentem
1102 916 1280 972 velle?
1311 916 1479 982 Quare
1502 925 1707 971 maestus
1734 917 1899 987 factus

303 1031 359 1068 es
380 1014 405 1067 Ζ)
430 1022 481 1068 et
504 1027 661 1082 quare
684 1009 904 1065 concidit
932 1008 1098 1063 vultus
1126 1017 1242 1063 tuus
1258 1009 1285 1063 γ
1309 1006 1498 1063 Nonne
1523 1009 1568 1062 si
1591 1018 1723 1063 recte
1750 1008 1901 1063 obtu-

306 1102 454 1167 leris,
495 1117 598 1155 non
630 1109 797 1154 autem
826 1108 957 1153 recte
981 1099 1210 1164 dividas,
1238 1099 1493 1168 peccasti?
1514 1098 1668 1165 Quod
1695 1097 1751 1153 in
1780 1098 1901 1153 ani-

309 1210 457 1247 mum
491 1192 747 1247 induxisti
765 1232 783 1259 ,
805 1205 930 1246 esse
958 1189 1286 1245 offerendum
1304 1229 1322 1257 ,
1355 1189 1509 1245 laude
1532 1189 1748 1260 dignum
1776 1201 1899 1259 est;

306 1287 450 1358 quod
479 1301 609 1343 vero
628 1300 736 1341 non
773 1292 924 1340 recte
949 1282 1194 1352 dividas,
1222 1283 1275 1338 id
1303 1291 1363 1338 ut
1384 1282 1620 1338 oblatum
1650 1282 1901 1351 repudia-

308 1388 461 1435 retur
482 1376 677 1433 eﬂ‘ecit.
718 1375 1011 1446 Oportebat
1030 1376 1173 1431 enim
1204 1374 1517 1431 offerentem
1542 1376 1683 1444 Deo,
1714 1376 1767 1430 in
1792 1375 1902 1431 dis-

304 1469 575 1527 cernendo
604 1484 849 1540 magnam
890 1467 1143 1524 adhibere
1180 1465 1507 1537 diligentiam
1535 1474 1627 1522 :et
1648 1477 1902 1538 quantum

311 1563 569 1617 differunt
596 1561 685 1632 qui
713 1559 870 1615 offert
906 1567 961 1615 et
993 1559 1082 1630 qui
1109 1558 1300 1629 accipit
1323 1600 1338 1625 ,
1372 1566 1515 1613 tanta
1539 1566 1594 1613 et
1624 1559 1675 1613 in
1701 1558 1904 1614 discre-

310 1656 454 1708 tione
475 1651 711 1706 facienda
750 1649 1051 1705 diversitas.
1079 1650 1149 1703 At
1174 1649 1364 1703 horum
1392 1647 1523 1702 nihil
1550 1657 1608 1703 tu
1628 1649 1901 1719 cogitasti,

308 1743 404 1799 sed
452 1752 512 1798 ut
566 1742 780 1797 fortuito
807 1740 1061 1811 contigit,
1083 1738 1342 1795 obtulisti.
1375 1742 1548 1809 Atque
1574 1739 1771 1795 idcirco
1796 1756 1901 1796 non

314 1843 601 1905 potuerunt
639 1848 760 1890 esse
785 1841 1022 1903 accepta.
1051 1830 1188 1886 Nam
1215 1831 1353 1886 sicut
1377 1832 1588 1887 animus
1618 1840 1739 1887 tuus
1756 1873 1771 1900 ,
1797 1848 1904 1905 quo

311 1927 639 1982 oblationem
685 1923 878 1988 fecisti,
909 1922 1041 1978 nihil
1065 1921 1370 1978 intermedii
1410 1937 1532 1978 esse
1557 1924 1901 1992 existimans,

308 2019 487 2075 effecit
533 2027 592 2072 ut
632 2017 981 2086 rejicerentur
1021 2030 1087 2070 ea
1120 2030 1239 2085 quae
1280 2028 1313 2069 a
1353 2022 1407 2069 te
1431 2024 1554 2069 sunt
1578 2014 1754 2070 oblata
1784 2034 1797 2070 :
1826 2017 1905 2071 sic

314 2110 496 2165 fratris
525 2109 598 2164 tui
630 2109 871 2173 animus,
905 2106 993 2176 qui
1020 2114 1196 2161 rectus
1223 2105 1351 2169 fuit,
1382 2114 1435 2161 et
1461 2105 1687 2160 multum
1717 2107 1770 2160 in
1797 2107 1906 2161 dis-

310 2200 581 2257 cernendo
623 2199 856 2254 studium
895 2197 1109 2263 habuit,
1149 2208 1365 2267 accepta
1409 2196 1552 2251 illius
1589 2195 1728 2252 dona
1757 2197 1903 2255 fecit.

315 2297 690 2351 Verumtamen
738 2306 912 2362 neque
954 2291 1033 2345 sic
1078 2305 1289 2360 poenam
1331 2288 1508 2345 delicti
1557 2299 1776 2361 repeto,
1806 2291 1901 2346 scd

309 2389 541 2444 ostendo
597 2387 876 2442 dumtaxat
923 2384 1220 2451 delictum,
1264 2391 1321 2438 et
1369 2383 1648 2438 consilium
1694 2383 1901 2452 affero,

308 2481 453 2550 quod
494 2481 540 2534 si
582 2478 825 2548 accipere
864 2476 1126 2544 volneris,
1162 2482 1217 2529 et
1245 2483 1523 2544 peccatum
1552 2474 1863 2530 emendabis
1888 2515 1902 2541 ,

309 2584 367 2629 et
403 2575 631 2643 teipsum
668 2570 1003 2643 gravioribus
1030 2569 1185 2624 malis
1214 2584 1321 2622 non
1352 2568 1611 2624 involves.
1639 2568 1775 2637 Quid
1804 2570 1904 2639 igi-

311 2666 436 2720 tur?
463 2665 723 2732 Peceasti,
749 2671 804 2719 et
822 2662 1055 2734 graviter
1073 2662 1324 2732 peccasti,
1351 2661 1445 2716 sed
1467 2676 1573 2716 non
1596 2663 1755 2730 punio
1778 2677 1904 2732 pro-

311 2767 430 2827 pter
456 2757 705 2813 delictum
736 2774 750 2809 :
779 2755 1039 2824 benignus
1067 2753 1210 2809 enim
1241 2768 1359 2829 sum
1381 2792 1397 2819 ,
1429 2761 1485 2809 et
1514 2750 1653 2807 Nolo
1698 2764 1906 2808 mortem

311 2850 590 2919 peccatoris
607 2889 621 2913 ,
659 2848 748 2903 sed
772 2858 825 2902 ut
853 2854 1169 2901 convertatur
1196 2854 1240 2899 et
1269 2844 1399 2898 vivat
1426 2843 1635 2915 (Ezcclt.
1669 2845 1756 2900 18.
1783 2844 1900 2917 QE).

309 2943 474 3013 Igitur
490 2940 613 3011 quia
641 2939 890 3011 peccasti,
921 2938 1152 3004 Quiesce,
1181 2935 1618 3006 tranquillitatem
1648 2950 1779 3007 para
1808 2951 1905 2990 co-

306 3034 654 3104 gitationibus
685 3032 821 3097 tuis,
865 3042 919 3086 et
956 3030 1120 3085 libera
1163 3037 1399 3084 mentem
1438 3042 1470 3082 a
1513 3027 1764 3098 procellis
1801 3026 1903 3082 flu-

307 3135 491 3181 ctuum
538 3123 942 3187 inundantium,
986 3120 1181 3177 cohibe
1228 3118 1685 3190 perturbationem
1723 3119 1900 3187 illam,

308 3236 381 3274 ne
426 3217 592 3273 addas
637 3216 800 3288 priori
830 3224 1051 3287 peccato
1077 3213 1290 3285 gravius
1318 3211 1489 3278 aliud,
1528 3227 1702 3283 neque
1729 3212 1905 3267 consi-

307 3312 438 3366 lium
464 3309 680 3381 aliquod
706 3306 1098 3364 immedicabile
1124 3304 1368 3375 arripias.
1393 3304 1471 3361 Ne
1499 3305 1724 3375 teipsum
1751 3304 1904 3358 mali-

306 3418 416 3473 gno
440 3401 670 3457 daemonii
696 3400 963 3470 captivum
993 3398 1191 3453 tradas.
1222 3395 1471 3463 Peccasti,
1502 3397 1716 3467 quiesce.
1751 3396 1902 3451 Scie-

307 3497 403 3551 bat
438 3495 506 3550 ab
547 3495 700 3549 initio
737 3491 879 3563 quod
924 3490 1143 3545 fratrem
1189 3488 1276 3544 hic
1312 3487 1616 3543 adoriturus
1644 3496 1821 3551 esset,
1850 3497 1904 3542 et

309 3588 432 3642 ideo
454 3596 609 3641 antea
641 3584 819 3640 verbis
850 3583 1108 3653 reprimit.
1138 3580 1271 3635 Nam
1294 3580 1415 3649 quia
1446 3588 1712 3649 tamquam
1740 3579 1901 3644 Deus,

305 3679 394 3734 cui
433 3678 593 3733 etiam
635 3689 829 3730 arcana
862 3676 994 3728 sunt
1039 3672 1282 3742 cognita,
1321 3669 1524 3726 sciebat
1557 3668 1735 3725 cordis
1762 3669 1904 3725 illius

307 3777 519 3835 motus,
562 3768 788 3823 multum
831 3763 1200 3830 admonendo,
1238 3768 1295 3817 et
1322 3761 1481 3817 verba
1507 3761 1648 3816 illius
1675 3761 1905 3816 inﬁrmi-

310 3860 404 3915 tati
442 3859 784 3916 accommoda
804 3855 1126 3929 proferendo
1152 3861 1532 3925 congruentem
1558 3852 1659 3924 ipsi
1681 3854 1904 3910 medici-

311 3968 433 4008 nam
474 3952 726 4022 protulit,
757 3964 879 4021 qua:
921 3948 974 4003 in
1015 3961 1075 4002 se
1102 3952 1259 4002 erant
1286 3944 1465 4000 omnia
1491 3942 1690 3998 faciens
1713 3984 1728 4011 ,
1763 3952 1902 3998 tam-

308 4045 411 4101 etsi
454 4044 545 4099 ille
585 4042 800 4112 repulso
841 4039 1262 4105 medicamento,
1300 4036 1355 4091 in
1380 4033 1657 4090 fratricidii
1686 4036 1905 4106 profun-

308 4137 436 4191 dum
477 4149 537 4192 se
569 4131 929 4211 prmeipitarit.
956 4128 1187 4184 Peccain
1209 4165 1225 4192 ,
1250 4128 1466 4198 quiesce.
1492 4123 1571 4180 Ne
1600 4134 1752 4195 putes
1775 4166 1791 4191 ,
1823 4126 1902 4179 in-

309 4228 425 4298 quit
442 4270 458 4295 ,
489 4228 612 4283 licet
644 4236 791 4281 tuum
817 4232 1098 4279 aversatus
1121 4221 1221 4275 sim
1242 4216 1563 4275 sacriﬁcium
1583 4215 1653 4271 ob
1681 4230 1898 4287 prmium

310 4330 576 4385 mentem,
623 4318 906 4388 fratrisque
943 4314 1266 4371 oblationem
1311 4318 1583 4381 acceptam
1623 4307 1899 4363 habuerim

309 4414 383 4470 ob
408 4427 592 4468 sanam
619 4410 992 4475 intentionem,
1017 4404 1245 4461 me'ideo
1267 4403 1496 4475 primatu
1517 4408 1568 4455 te
1586 4399 1898 4467 destituere,

308 4515 367 4561 et
406 4503 843 4575 primogenitum
883 4499 1195 4571 dignitatem
1234 4511 1266 4550 a
1297 4504 1350 4551 te
1387 4491 1621 4549 auferre.
1649 4490 1899 4557 Quiesce;

310 4611 435 4651 nam
481 4596 604 4650 licet
630 4594 834 4649 honore
857 4606 956 4663 ego
986 4590 1136 4645 illum
1166 4594 1521 4659 prosequutus
1545 4585 1735 4641 fuerim
1757 4626 1772 4653 ,
1805 4598 1900 4639 ao—

309 4698 570 4758 ceptaque
595 4685 789 4742 fuerint
816 4684 957 4738 illius
980 4683 1121 4737 dona
1152 4698 1166 4736 :
1195 4687 1565 4735 verumtamen
1592 4677 1673 4730 Ad
1703 4687 1750 4731 te
1778 4693 1900 4731 con-

308 4782 471 4836 versio
490 4780 649 4847 illius,
689 4789 735 4833 et
764 4787 818 4832 tu
846 4777 1008 4847 ipsius
1036 4772 1398 4829 doiitinaberis.
1421 4771 1603 4841 Itaque
1628 4778 1749 4840 post
1777 4784 1900 4841 pec-

310 4882 493 4928 eatum
537 4872 639 4927 hoc
680 4868 931 4941 permitto
959 4908 975 4935 ,
1020 4875 1081 4921 ut
1125 4863 1564 4936 primogenitum
1608 4860 1899 4931 privilegiis

304 4964 543 5035 gaudeas
562 5006 578 5033 ,
611 4963 864 5033 illumque
890 4961 991 5016 sub
1021 4969 1106 5014 tua
1139 4966 1402 5028 potestate
1430 4965 1486 5012 et
1512 4954 1751 5011 dominio
1778 4969 1900 5010 esse

302 5058 488 5128 jubco.
520 5057 650 5113 Vide
690 5055 1071 5126 benignitatem
1101 5050 1346 5120 Domini,
1371 5048 1640 5121 quomodo
1665 5048 1898 5104 furorem

308 5161 365 5208 et
406 5152 664 5207 insaniam
707 5150 844 5204 illius
882 5147 1224 5212 demulcere,
1252 5155 1307 5201 et
1332 5144 1509 5199 verbis
1538 5142 1622 5197 bis
1643 5143 1899 5212 impetum

304 5240 523 5298 auferre
562 5242 767 5296 nititur.
798 5239 1008 5308 Quippe
1035 5244 1212 5291 motus
1236 5235 1432 5290 mentis
1455 5233 1594 5287 illius
1618 5232 1824 5298 videns,
1846 5241 1901 5285 et

309 5332 577 5388 crudelem
615 5346 681 5387 ac
715 5328 1108 5400 sanguinariam
1153 5325 1294 5381 illius
1317 5325 1644 5381 voluntatem
1684 5323 1899 5395 sciens,

310 5435 455 5475 nunc
496 5423 854 5493 praemitigare
891 5420 1007 5490 ejus
1047 5418 1308 5472 rationem
1334 5415 1446 5470 vult
1473 5424 1529 5470 et
1552 5414 1897 5471 serenitatem

308 5513 480 5569 menti
504 5513 756 5569 inducere
779 5554 795 5581 ,
824 5509 1154 5581 subjiciendo
1179 5508 1281 5578 ipsi
1308 5508 1524 5562 fratrem
1549 5545 1565 5572 ,
1591 5517 1647 5560 et
1675 5513 1897 5574 potesta-

307 5616 418 5662 tem
467 5604 632 5675 ipsius
657 5604 788 5660 nihil
812 5601 1118 5659 minuendo.
1147 5598 1524 5654 Verumtamen
1556 5605 1675 5666 post
1697 5603 1898 5649 tantum

306 5713 495 5755 curam
533 5706 587 5753 et
613 5706 754 5752 tanta
781 5695 1016 5752 remedia
1042 5693 1176 5749 nihil
1202 5689 1470 5748 commodi
1496 5689 1625 5745 Cain
1654 5687 1778 5744 inde
1807 5703 1896 5742 re—

307 5790 450 5845 tulit.
496 5788 724 5845 Tantum
769 5788 906 5847 valet
948 5783 1144 5844 mentis
1168 5782 1451 5842 diversitas
1476 5790 1529 5840 et
1554 5781 1770 5839 malitia:
1804 5792 1898 5838 ex-

306 5897 514 5943 CCSSUS.

1338 435 1402 491 IN
1436 433 1591 491 CAP.
1634 434 1724 490 ιν.
1766 428 2005 490 ΟΕΝΕΞ.
2047 431 2272 488 HOMIL.
2315 433 2458 490 XIX.

3491 438 3587 495 153

2080 548 2131 601 7.
2177 548 2394 604 .Moralis
2434 548 2682 619 epilogus.
2710 580 2779 589 —
2820 550 2925 606 Sed
2969 564 3038 606 ne
3074 551 3281 623 longius
3328 562 3599 620 protracta

2002 640 2176 694 oratio
2217 649 2399 695 nostra
2444 641 2651 696 caritati
2688 652 2881 697 vestra:
2909 642 3206 698 molestiam
3235 641 3491 700 exhibere
3517 647 3590 698 vi-

2001 729 2191 785 deatur
2211 771 2227 798 ,
2273 745 2409 788 neve
2456 732 2672 787 taedium
2700 732 2852 787 vobis
2872 732 3064 790 afferre
3089 734 3175 789 hic
3202 749 3381 790 sermo
3408 744 3591 791 noster

2000 832 2318 890 censeatur,
2367 833 2423 878 et
2457 838 2617 881 aures
2661 835 2868 881 vestras
2896 826 3175 893 obtundat,
3211 827 3297 882 hic
3323 827 3482 882 finem
3513 827 3592 882 di-

2003 914 2159 971 cendi
2186 915 2444 973 facientes
2467 957 2482 981 ,
2513 926 2748 972 vestrum
2790 917 3044 974 audiendi
3079 918 3309 975 studium
3340 917 3590 973 cohorte-

2006 1025 2164 1077 mur,
2213 1018 2270 1065 ut
2310 1011 2541 1067 caveatis
2583 1027 2652 1067 ne
2697 1012 2858 1067 istum
2903 1011 3216 1076 imitemini,
3248 1020 3384 1068 etut
3410 1011 3592 1068 relicta

2005 1101 2150 1156 omni
2197 1102 2393 1157 malitia
2415 1144 2431 1170 ,
2477 1103 2726 1159 mandata
2760 1104 2969 1159 Domini
2997 1113 3198 1160 attente
3223 1119 3286 1160 ac
3308 1104 3594 1174 diligenter

2006 1193 2292 1262 perﬁciatis
2315 1237 2330 1261 ,
2363 1196 2657 1264 praesertim
2702 1204 2822 1265 post
2864 1204 3008 1251 tanta
3057 1197 3286 1267 taliaque
3326 1196 3594 1266 exempla.

2005 1282 2187 1355 Neque
2228 1285 2371 1338 enim
2414 1284 2481 1340 ad
2524 1284 2873 1356 ignorantiam
2903 1286 3158 1356 deinceps
3187 1287 3469 1358 quisquam
3498 1301 3597 1342 no-

2006 1384 2176 1431 strum
2214 1376 2505 1449 confugere
2542 1380 2753 1448 poterit.
2795 1377 2928 1433 Nam
2969 1379 3014 1433 si
3040 1378 3161 1445 hic,
3185 1378 3314 1433 Cain
3340 1379 3592 1449 inquam,

2007 1470 2210 1525 nullum
2226 1481 2350 1527 ante
2366 1486 2429 1527 se
2445 1472 2665 1537 invenit,
2684 1473 2772 1541 qui
2796 1472 2900 1526 tale
2915 1471 3165 1543 quiddam
3187 1473 3377 1542 egerit,
3402 1471 3598 1526 nihilo-

2007 1561 2185 1619 minus
2234 1573 2411 1619 tamen
2452 1562 2837 1619 intolerabilem
2874 1572 2931 1619 et
2966 1578 3181 1634 gravem
3234 1564 3376 1618 illam
3432 1563 3597 1619 susti-

2009 1654 2124 1709 nuit
2151 1671 2387 1727 pcenam,
2416 1669 2575 1726 quam
2602 1664 2657 1711 et
2679 1670 2772 1710 vos
2796 1663 2980 1725 postea
3006 1656 3184 1711 scietis
3209 1697 3223 1722 ,
3251 1654 3380 1726 quid
3407 1655 3596 1710 verisi-

2011 1749 2134 1804 mile
2157 1758 2239 1804 est
2267 1762 2366 1803 nos
2388 1761 2642 1818 passuros
2660 1789 2675 1815 ,
2702 1747 2792 1818 qui
2813 1746 2998 1803 eadem
3018 1788 3034 1815 ,
3056 1747 3141 1802 vel
3170 1748 3330 1802 etiam
3358 1746 3598 1817 graviora

2011 1856 2313 1914 peccamus,
2333 1841 2492 1913 idque
2511 1851 2633 1912 post
2649 1851 2847 1897 tantam
2869 1842 3052 1913 gratiae
3072 1839 3403 1911 largitatem?
3425 1855 3602 1895 nonne

2010 1937 2186 2007 ignem
2213 1943 2496 2003 rotet-num,
2519 1948 2754 1989 vermem
2777 1934 2868 2005 qui
2894 1948 3001 1989 non
3033 1931 3289 1997 interibit,
3314 1931 3597 1986 stridorem

2008 2031 2268 2097 dentium,
2293 2027 2541 2084 tenebras
2560 2027 2873 2092 exteriores,
2898 2027 3197 2097 gehennam
3216 2027 3370 2096 ignis,
3393 2033 3444 2080 et
3465 2025 3599 2079 alias

2010 2121 2341 2177 inevitabiles
2381 2134 2568 2190 pcenas
2604 2134 2723 2189 qua:
2763 2133 2860 2172 nos
2901 2128 3205 2187 exceptura:
3242 2118 3404 2171 sunt?
3441 2115 3596 2171 Nulla

2010 2216 2151 2272 enim
2199 2213 2438 2269 defensio
2477 2212 2632 2267 nobis
2659 2211 2843 2267 relicta
2874 2220 2991 2277 est,
3021 2210 3067 2265 si
3094 2210 3165 2265 ita
3190 2209 3523 2279 negligentes
3548 2219 3603 2263 et

2010 2309 2184 2380 ignavi
2226 2307 2498 2361 fuerimus.
2546 2304 2735 2360 Nonne
2778 2304 2981 2359 scimus
3023 2316 3211 2358 omnes
3240 2317 3359 2372 qum
3385 2300 3493 2356 sint
3522 2300 3601 2353 fa-

2010 2400 2197 2456 cienda
2218 2441 2233 2465 ,
2267 2414 2385 2469 quae
2414 2414 2519 2453 non
2548 2395 2787 2454 facienda
2807 2396 2832 2450 ?
2851 2404 2905 2451 et
2928 2410 3022 2451 eos
3043 2394 3130 2465 qui
3165 2394 3340 2465 priora
3365 2393 3565 2449 faciunt
3586 2435 3601 2458 ,

2011 2491 2332 2563 principales
2380 2505 2608 2545 coronas
2654 2497 3035 2559 assequuturos
3077 2502 3232 2553 esse,
3279 2500 3375 2541 eos
3424 2494 3601 2540 autem

2010 2584 2099 2656 qui
2137 2584 2191 2639 in
2221 2592 2467 2639 extrema
2493 2581 2755 2644 incidunt,
2782 2580 3041 2636 extremis
3068 2578 3342 2649 suppliciis
3363 2591 3484 2633 esse
3510 2593 3605 2648 pu-

2011 2677 2270 2734 niendos?
2296 2676 2421 2732 ideo
2450 2691 2640 2746 precor
2656 2682 2816 2745 atque
2836 2674 3080 2739 obsecro,
3106 2687 3172 2727 ne
3188 2681 3483 2728 conventus
3507 2676 3608 2728 iste

2012 2780 2194 2824 noster
2237 2767 2436 2823 inutilis
2473 2767 2580 2833 sit,
2610 2765 2705 2821 sed
2746 2772 2803 2820 ut
2830 2780 2950 2836 qua:
2975 2763 3191 2819 auribus
3219 2763 3406 2818 hausta
3437 2773 3564 2819 sunt
3586 2805 3601 2830 ,

2010 2861 2196 2916 eadem
2241 2869 2298 2915 et
2331 2858 2483 2913 factis
2506 2863 2922 2926 expromantur,
2955 2864 3012 2910 ut
3039 2854 3194 2909 nobis
3218 2853 3356 2909 bene
3379 2854 3603 2918 conscii,

2010 2964 2170 3025 atque
2205 2951 2419 3007 interim
2461 2951 2598 3005 bona
2636 2964 2733 3020 spe
2772 2948 2929 3014 freti,
2961 2946 3177 3003 difﬁcile
3203 2947 3304 3003 hoc
3327 2947 3607 3018 praesentis

2011 3047 2136 3100 vitae
2167 3044 2384 3116 pelagus
2416 3041 2572 3098 facile
2601 3040 2951 3111 trajicientes,
2980 3040 3033 3095 in
3064 3048 3275 3111 portum
3304 3039 3606 3111 benignita-

2013 3137 2080 3193 tis
2106 3136 2200 3191 Dei
2231 3136 2533 3206 pervenire,
2565 3142 2621 3188 et
2646 3132 2931 3188 ineffabilia
2954 3132 3091 3187 bona
3122 3132 3209 3186 illa
3239 3132 3495 3202 consequi
3522 3147 3606 3185 va-

2010 3232 2234 3297 leamus,
2268 3245 2388 3300 quas
2413 3227 2658 3300 promisit
2686 3226 2946 3282 Dominus
2965 3225 3309 3297 diligentibus
3334 3242 3410 3291 se,
3438 3225 3606 3296 gratia

2011 3333 2065 3378 et
2083 3321 2450 3378 misericordia
2478 3318 2735 3391 unigeniti
2763 3319 2879 3390 ejus
2902 3318 3041 3387 Filii,
3074 3334 3196 3374 cum
3221 3334 3326 3390 quo
3347 3328 3533 3373 sancto
3554 3330 3610 3373 ct

2010 3413 2283 3470 adorando
2325 3416 2443 3487 ejus
2475 3410 2696 3486 Spiritui
2723 3410 2890 3481 gloria
2914 3452 2929 3478 ,
2954 3408 3129 3465 honor
3151 3449 3167 3477 ,
3199 3416 3253 3465 et
3281 3408 3561 3479 imperium
3589 3450 3602 3474 ,

2011 3522 2153 3563 nunc
2177 3515 2233 3562 et
2256 3521 2491 3577 semper,
2515 3514 2570 3562 et
2594 3504 2649 3560 in
2670 3504 2861 3560 saacula
2887 3503 3225 3559 scceulorum.
3253 3506 3442 3558 Amen.

2584 3641 2860 3698 HOMlLIA
2892 3640 3034 3696 XIX.

2010 3758 2078 3812 Et
2109 3759 2239 3813 dixit
2283 3758 2409 3813 Cain
2444 3756 2513 3809 ad
2553 3755 2677 3809 Abel
2717 3757 2928 3828 fratrem
2961 3770 3109 3807 suum
3146 3769 3165 3807 :
3195 3752 3530 3825 Egredianntr
3554 3752 3606 3805 iu
3670 3724 3691 3731 -

2515 3863 2750 3917 campum
2771 3844 2922 3919 (Gen.
2946 3847 2999 3900 4.
3025 3843 3104 3916 8).

2084 3966 2139 4020 l.
2178 3963 2367 4018 Misera
2417 3962 2604 4035 peccati
2648 3961 2878 4016 servitus.
2927 3959 3099 4014 Homo
3140 3958 3366 4014 libertate
3410 3958 3606 4013 arbitrii

2008 4058 2245 4112 donatus.
2289 4054 2429 4109 Deus
2480 4053 2821 4108 necessitatem
2857 4067 2959 4104 non
2997 4051 3230 4120 impertit.
3283 4080 3354 4091 —
3401 4049 3603 4117 Quem-

2010 4148 2299 4204 admodum
2355 4145 2666 4201 incurabilia
2714 4144 2933 4198 vulnera
2989 4155 3164 4211 neque
3211 4142 3440 4197 austeris
3491 4155 3610 4196 me-

2008 4238 2325 4297 dicamentis
2350 4238 2547 4294 cedunt
2569 4278 2585 4305 ,
2627 4250 2802 4307 neque
2828 4234 3152 4291 lenientibus
3187 4251 3199 4288 :
3232 4234 3301 4289 ita
3332 4241 3388 4288 et
3425 4233 3600 4287 anima

2009 4333 2177 4390 semel
2200 4331 2431 4403 captiva,
2456 4331 2501 4386 si
2525 4345 2584 4386 se
2622 4338 2845 4402 peccato
2883 4327 3115 4398 cuipiam
3147 4325 3432 4382 obnoxiam
3463 4325 3602 4382 fece-

2009 4427 2111 4494 rit,
2158 4433 2213 4480 et
2254 4422 2595 4479 considerare
2653 4420 2886 4476 noluerit
2925 4433 3045 4490 qure
3087 4417 3190 4473 sibi
3233 4425 3361 4472 sunt
3403 4416 3552 4472 utilia
3584 4459 3601 4482 ,

2008 4521 2170 4577 etiam
2207 4518 2253 4572 si
2284 4515 2409 4590 quis
2446 4518 2725 4571 innumera
2761 4512 2989 4568 inculcet
3022 4510 3166 4566 illius
3198 4510 3437 4575 auribus,
3469 4509 3604 4564 nihil

2008 4612 2279 4685 proﬁciet:
2299 4608 2394 4666 sed
2407 4608 2795 4680 quasimortuae
2810 4611 2990 4660 essent
3006 4616 3187 4668 aures,
3208 4600 3407 4657 nullam
3429 4615 3499 4655 ex
3516 4600 3609 4655 ad-

2008 4703 2302 4761 monitione
2324 4699 2548 4770 suscipit
2567 4698 2853 4754 utilitatem
2877 4713 2889 4749 :
2916 4709 3025 4750 non
3046 4693 3167 4765 quia
3184 4707 3289 4748 non
3304 4691 3601 4763 potest,sed

2008 4798 2129 4869 quia
2156 4811 2263 4851 non
2283 4795 2397 4850 vult
2424 4794 2462 4847 ³.
2487 4791 2603 4847 Non
2633 4790 2777 4847 enim
2798 4788 2931 4843 sicut
2947 4785 3070 4842 etin
3085 4782 3455 4856 corporalibus
3480 4781 3601 4836 vul—

2009 4888 2228 4945 neribus
2259 4884 2431 4941 videri
2470 4883 2642 4949 solet,
2689 4881 2760 4935 ita
2789 4888 2842 4934 et
2871 4879 2924 4933 in
2952 4876 3228 4932 voluntate
3256 4881 3359 4930 est.
3389 4871 3520 4927 Nam
3549 4872 3603 4925 in

2008 4979 2383 5052 corporalibus
2405 4983 2610 5030 natura:
2634 4970 2943 5027 affectiones
2967 4982 3111 5037 szepe
3130 4964 3430 5021 immobiles
3450 4977 3597 5028 sunt,

2009 5075 2062 5129 in
2088 5072 2358 5127 voluntate
2387 5077 2566 5123 autem
2596 5078 2705 5119 non
2743 5063 2814 5116 ita
2843 5074 2902 5116 se
2930 5073 3019 5115 res
3048 5057 3211 5113 habet
3238 5074 3253 5111 :
3282 5070 3426 5125 saepe
3455 5055 3597 5110 enim

2010 5168 2054 5222 si
2083 5163 2309 5220 voluerit
2336 5160 2496 5216 etiam
2522 5155 2612 5227 qui
2637 5156 2808 5209 malus
2831 5159 2934 5217 est,
2959 5158 3214 5215 mutatur,
3237 5156 3288 5203 et
3311 5146 3370 5201 ﬁt
3388 5146 3561 5201 bonus
3585 5163 3596 5198 :
3686 5148 3692 5152 '

2010 5270 2064 5317 et
2092 5258 2181 5330 qui
2210 5258 2402 5318 bonus,
2433 5267 2529 5323 per
2551 5249 2812 5320 ignaviam
2838 5243 3055 5308 excidit,
3082 5250 3135 5296 et
3164 5241 3221 5295 ﬁt
3242 5239 3430 5294 malus.
3466 5234 3599 5304 Quin

2008 5327 2137 5422 ergo
2160 5346 2311 5404 liberi
2333 5342 2534 5400 arbitrii
2557 5355 2678 5395 esse
2697 5344 2931 5393 nostram
2949 5340 3194 5388 naturam
3215 5329 3338 5385 fecit
3356 5327 3597 5384 omnium

2008 5442 2265 5499 Dominus
2285 5439 2329 5506 ³,
2368 5437 2482 5507 ipse
2510 5432 2723 5504 quidem
2754 5443 2874 5499 quae
2900 5440 2995 5483 sua
3023 5435 3150 5480 sunt
3175 5422 3355 5478 omnia
3380 5435 3480 5492 pro
3504 5433 3598 5474 sua

2008 5530 2373 5590 misericordia
2399 5539 2612 5596 semper
2640 5520 2856 5578 exhibet
2884 5535 2900 5576 :
2927 5526 2983 5575 et
3006 5516 3182 5573 sciens
3207 5512 3516 5570 abscondita
3543 5511 3600 5566 in

2070 5694 2090 5726 ι
2126 5699 2245 5762 Reg.
2279 5699 2426 5748 unus,
2469 5695 2565 5734 non
2600 5676 2733 5745 quod
3040 5671 3187 5733 absit,
3213 5669 3302 5724 sed
3325 5669 3457 5734 quod
3472 5665 3597 5719 absit

2006 5760 2398 5874 “militum
2420 5805 2634 5874 omnium
2658 5799 2963 5874 Doininnslp
2992 5799 3088 5874 τῶν
3105 5796 3441 5874 change“),
3476 5801 3589 5852 quo

2012 5858 2534 5933 desdiiiiriilbéliet
2552 5868 2773 5928 Montel‘.,
2805 5862 3078 5914 addidimus
3097 5872 3125 5909 e
3145 5858 3345 5917 Savilio.
