4110 6432
520 434 624 488 ὶῗῖθ

522 547 785 619 profundo
813 543 1006 599 mentis
1033 549 1086 595 et
1114 552 1327 603 arcana,
1358 536 1621 599 hortatur,
1651 531 1901 589 consulit.
1936 544 2099 584 cona-

512 652 709 709 tusque
734 644 949 691 nostros
975 631 1142 686 malos
1173 628 1505 699 praeveniens
1531 624 1791 695 reprimit.
1822 619 1890 676 Et
1916 635 2107 676 neces-

519 731 729 787 sitatem
759 727 939 797 utique
964 739 1071 780 non
1098 721 1343 793 imponit,
1370 719 1463 775 sed
1490 714 1905 788 congruentibus
1929 727 2108 768 reme-

521 821 622 876 diis
670 819 966 891 appositis,
994 824 1162 871 totum
1211 814 1372 868 situm
1416 811 1469 865 in
1513 808 1820 880 aegrotantis
1849 803 2111 861 sententia

523 914 760 971 dimittit.
811 912 923 968 Hoc
949 910 1109 982 igitur
1134 907 1265 964 etin
1291 906 1418 962 Cain
1451 919 1592 960 nunc
1620 902 1815 959 factum
1845 908 1946 955 est.
1980 897 2112 953 Vide

522 1007 667 1064 enim
715 1013 835 1077 post
883 1012 1081 1058 tantam
1131 997 1516 1071 providentiam
1564 1004 1618 1050 et
1661 993 1741 1048 sui
1785 1005 2009 1055 curam,
2058 989 2111 1043 in

526 1105 778 1167 quantam
799 1093 1045 1151 inciderit
1064 1089 1343 1146 insaniam.
1368 1085 1659 1158 Oportebat
1673 1083 1814 1139 enim
1834 1080 2112 1137 conscium

564 1186 731 1244 eccati
765 1186 849 1241 sui
877 1185 932 1240 in
961 1180 1295 1239 emendando
1325 1187 1508 1250 postea
1533 1183 1847 1245 occupatum
1875 1186 2030 1237 esse;
2060 1178 2112 1226 at

523 1280 617 1335 ille
659 1277 809 1348 quasi
867 1276 1085 1340 ebrius,
1134 1271 1345 1328 aﬂ'eetui
1395 1278 1450 1327 et
1493 1267 1704 1324 vulneri
1759 1266 1921 1337 priori
1974 1264 2114 1319 aliud

529 1370 679 1426 lllt‘llS
718 1368 1046 1439 conjungens
1067 1407 1085 1434 ,
1112 1376 1166 1422 et
1197 1364 1513 1420 medicinam
1545 1370 1690 1416 tanta
1717 1357 1984 1429 diligentia
2013 1356 2114 1411 ad-

530 1462 750 1517 hibitam
794 1476 902 1517 non
945 1460 1264 1524 admittens,
1307 1456 1403 1513 sed
1451 1453 1770 1510 destinatam
1815 1449 2013 1506 caedem
2062 1450 2116 1503 in

532 1569 665 1623 opus
688 1552 981 1624 perducere
1003 1550 1276 1612 festinans,
1302 1563 1330 1601 a
1351 1546 1475 1603 dolo
1496 1554 1550 1601 et
1567 1544 1799 1599 versutia
1820 1540 2113 1605 exorditur,

530 1654 585 1700 et
623 1644 900 1699 fallacibus
926 1643 1103 1698 verbis
1133 1641 1348 1696 fratrem
1376 1637 1591 1710 decipit.
1640 1636 1771 1691 Tam
1801 1634 1997 1690 efferus
2040 1642 2122 1688 est

533 1736 714 1802 homo,
736 1736 826 1807 qui
851 1734 902 1788 in
925 1733 1215 1805 nequitiam
1237 1729 1539 1786 declinavit.
1564 1727 1695 1783 Nam
1717 1726 1854 1780 sicut
1874 1739 2121 1795 magnum

531 1834 586 1883 et
615 1824 976 1881 venerandum
1002 1830 1087 1878 est
1123 1820 1383 1876 rationale
1415 1819 1517 1873 hoc
1552 1816 1747 1872 animal
1772 1857 1787 1881 ,
1813 1824 1865 1870 et
1892 1813 2122 1869 maxime

531 1917 745 1989 quando
792 1916 844 1970 in
886 1914 1100 1970 virtutis
1140 1913 1277 1966 viam
1324 1907 1599 1964 contendit
1641 1924 1656 1960 :
1702 1906 1774 1961 ita
1816 1903 2028 1975 quando
2068 1904 2121 1958 in

533 2009 730 2065 tnalum
777 2007 1046 2074 declinat,
1094 2004 1512 2061 truculentarum
1556 2000 1845 2055 bestiarum
1886 1997 2125 2051 imitatur

531 2098 921 2155 crudelitatem.
982 2096 1119 2165 Quin
1165 2104 1219 2150 et
1259 2108 1381 2149 cum
1428 2092 1631 2147 feroces
1677 2090 1886 2145 illarum
1938 2100 2119 2143 mores

534 2190 905 2262 assumpserit,
930 2188 1172 2259 quamvis
1197 2183 1456 2241 rationale
1480 2193 1535 2239 et
1566 2191 1899 2237 mansuetum
1927 2178 2126 2234 animal

534 2284 623 2344 sit.
645 2282 827 2337 multis
848 2289 1023 2335 tamen
1049 2278 1354 2334 nominibus
1380 2276 1592 2332 illarum
1615 2282 1830 2344 superat
1855 2271 2123 2326 ferociam.

538 2376 821 2431 Videamus
864 2372 1021 2444 igitur
1061 2380 1116 2426 et
1153 2370 1272 2426 istic
1310 2368 1435 2439 quid
1477 2366 1750 2422 acciderit.
1793 2363 1845 2419 8.
1890 2362 1957 2417 Et
1997 2362 2129 2418 dixit

536 2467 662 2522 Cain
689 2508 705 2533 ,
736 2465 941 2535 inquit,
971 2463 1038 2516 ad
1067 2463 1190 2517 Abel
1232 2463 1440 2533 fratrem
1477 2474 1626 2514 suum
1654 2472 1675 2511 .'
1707 2454 2048 2527 Egrediamur
2075 2455 2129 2508 in

470 2536 475 2539 l
546 2574 801 2628 αωῳιωι.
836 2554 1009 2611 Verba
1037 2552 1250 2625 quidem
1279 2550 1480 2616 fratris,
1512 2563 1665 2604 mens
1694 2555 1871 2602 autem
1900 2546 2128 2602 homici-

538 2650 642 2706 dzc.
675 2648 810 2718 Quid
837 2647 986 2713 facis,
1017 2662 1049 2701 o
1074 2644 1242 2701 Cain?
1272 2643 1445 2699 nescis
1470 2642 1554 2697 cui
1584 2640 1855 2712 loqueris?
1901 2655 2005 2694 non
2034 2656 2122 2695 co-

537 2745 675 2815 gitas
716 2741 806 2796 tibi
839 2755 960 2796 cum
1004 2738 1167 2794 fratre
1196 2735 1517 2806 colloquium
1548 2732 1709 2789 esse?
1736 2747 1843 2787 non
1870 2739 2084 2802 reputas
2112 2772 2128 2799 ,

540 2836 726 2892 eodem
757 2848 865 2906 quo
892 2841 946 2888 tu
975 2842 1128 2888 utero
1158 2840 1339 2886 natum
1371 2826 1525 2884 esse?
1552 2842 1656 2881 non
1688 2826 1869 2880 animo
1895 2825 2133 2894 concipis

540 2927 926 2984 abominabiles
971 2921 1237 2980 conatus?
1280 2936 1385 2977 non
1429 2919 1585 2974 times
1617 2916 1851 2988 judicem
1891 2916 1980 2987 qui
2025 2916 2131 2971 falli

543 3020 766 3092 nequit?
799 3033 903 3074 non
931 3018 1116 3073 horret
1139 3028 1291 3071 mens
1316 3023 1401 3069 tua
1424 3011 1663 3068 facinus?
1685 3008 1791 3065 Cur
1812 3008 1865 3063 in
1885 3023 2132 3079 campum

540 3128 701 3169 vocas
733 3110 969 3179 fratrem,
991 3118 1045 3166 et
1075 3107 1219 3164 foras
1239 3122 1267 3161 a
1291 3104 1527 3176 paternis
1552 3102 1692 3157 ulnis
1716 3099 1973 3155 abducis?
2002 3115 2134 3171 qua-

541 3222 600 3263 re
629 3208 800 3276 ipsum
829 3214 1051 3274 paterno
1076 3199 1273 3256 auxilio
1300 3194 1583 3252 destituis?
1608 3193 1744 3262 Quid
1772 3193 1891 3248 novi
1919 3192 2130 3261 accidit,

540 3297 683 3369 quod
713 3310 851 3350 nunc
871 3294 1086 3349 fratrem
1110 3292 1163 3345 in
1184 3302 1429 3358 campum
1454 3285 1639 3353 trahis,
1663 3293 1717 3340 et
1743 3284 1792 3339 id
1820 3284 1959 3355 quod
1986 3283 2133 3354 prius

543 3408 649 3447 non
678 3389 868 3457 fecisti,
898 3401 1040 3443 nunc
1065 3384 1240 3441 facere
1264 3390 1519 3449 attentas,
1544 3389 1597 3436 et
1618 3378 1865 3434 amicitire
1891 3379 2133 3433 occasio-

542 3499 611 3540 ne
672 3480 961 3539 fraternam
1012 3474 1437 3534 benevolentiam
1491 3468 1874 3542 praatexeudo,
1922 3467 2134 3524 hostilia

540 3588 765 3646 qumque
788 3578 1097 3642 perpetrare
1127 3564 1434 3622 deliberas?
1457 3561 1586 3631 Quae
1621 3557 1866 3616 insania?
1898 3575 2017 3629 qua:
2044 3574 2133 3614 ra-

543 3664 697 3720 bies?
744 3662 912 3727 Esto,
953 3666 1250 3714 excmeatus
1294 3661 1474 3709 mente
1534 3649 1785 3706 fraterna:
1834 3648 2134 3705 affectionis

543 3757 749 3813 nullam
792 3754 1052 3810 rationem
1079 3751 1276 3806 habeas
1296 3789 1311 3813 ,
1344 3761 1518 3816 neque
1546 3752 1790 3799 naturam
1832 3758 2089 3814 agnoscas
2116 3761 2131 3798 :

543 3865 640 3904 cur
666 3846 923 3901 adversus
952 3844 1098 3899 illum
1129 3840 1194 3896 ad
1224 3839 1423 3895 bellum
1454 3846 1505 3892 te
1532 3835 1771 3900 instruis,
1798 3836 1886 3905 qui
1915 3835 2058 3889 nulla
2084 3845 2136 3890 te

544 3940 736 4010 injuria
766 3937 979 3993 affecit?
1025 3933 1152 4007 quid
1182 3934 1306 3988 item
1338 3929 1504 3985 habes
1533 3926 1673 3998 quod
1704 3925 2011 3996 parentibus
2037 3925 2137 3981 ob-

538 4034 692 4104 jicias
712 4074 727 4100 ,
750 4045 887 4103 quos
913 4037 1056 4085 tanta
1083 4025 1333 4083 mmstitia
1355 4022 1591 4093 afﬂigere
1618 4019 1888 4076 deliberas
1912 4060 1926 4085 ,
1955 4026 2012 4075 et
2036 4033 2135 4072 au-

534 4141 661 4191 .ctor
687 4145 807 4186 esse
830 4127 1085 4184 terribilis
1114 4122 1409 4196 tragmdim,
1438 4130 1495 4177 ut
1521 4121 1723 4191 primus
1748 4120 1826 4174 eis
1847 4118 2133 4174 violentam

544 4221 682 4277 hanc
726 4228 952 4276 mortem
995 4216 1289 4274 ostendas?
1336 4213 1450 4270 llas
1491 4213 1595 4267 illis
1633 4209 1909 4266 mercedes
1955 4208 2136 4264 reddis

545 4323 652 4369 tute
679 4309 1050 4367 educationis?
1081 4308 1211 4376 Qua:
1245 4304 1440 4361 diaboli
1466 4319 1553 4360 ars
1582 4304 1634 4358 in
1667 4302 1767 4357 hoc
1798 4311 1849 4358 te
1878 4301 2134 4373 ﬂagitium

544 4403 791 4475 impulit?
818 4405 898 4456 An
925 4400 1104 4456 dicere
1131 4406 1280 4470 potes
1310 4396 1736 4453 benevolentiam
1768 4395 1980 4449 Domini
2008 4408 2135 4465 erga

545 4495 732 4560 illum,
767 4493 938 4563 ipsum
987 4490 1269 4547 adversum
1317 4496 1371 4544 te
1412 4496 1749 4556 arrogantem
1791 4485 2135 4541 reddidisse?

546 4585 736 4641 Nonne
757 4595 1061 4655 praecavens
1080 4580 1149 4636 ob
1171 4580 1306 4634 hanc
1325 4577 1714 4648 sanguinariam
1737 4585 1879 4631 tuam
1901 4585 2134 4631 mentem

545 4676 774 4747 subjecit
803 4675 951 4730 illum
979 4673 1091 4739 tibi,
1119 4682 1174 4728 et
1208 4681 1309 4726 tua:
1337 4669 1583 4740 potestati
1611 4668 1864 4732 subdidit,
1892 4679 1945 4725 et
1973 4669 2131 4735 dixit,

548 4770 683 4840 Quia
722 4767 790 4823 ad
831 4777 879 4822 te
915 4765 1171 4821 conversio
1196 4764 1334 4818 illius
1356 4803 1371 4829 ,
1402 4770 1450 4818 rt
1480 4770 1532 4815 tu
1562 4760 1722 4831 ipsius
1749 4756 2083 4815 dominaberis
2111 4761 2136 4815 ?

546 4864 680 4921 Nam
704 4861 806 4916 hoc
825 4860 892 4917 de
914 4859 1091 4915 fratris
1115 4857 1444 4928 subjectione
1470 4853 1834 4924 accipiendum
1866 4862 1965 4909 est.
2001 4853 2134 4910 Sunt

549 4959 694 5013 enim
721 4956 882 5027 aliqui
907 4953 1167 5020 dicentes,
1195 4951 1261 5007 de
1291 4948 1552 5005 sacrificio
1580 4946 1648 5002 ab
1674 4962 1738 5002 eo
1764 4946 1941 5002 oblato
1968 4946 2134 5002 Deum

550 5050 674 5105 talia
716 5048 915 5104 dixisse
945 5063 958 5100 :
987 5044 1067 5097 Ad
1101 5052 1148 5097 te
1188 5040 1443 5096 conversio
1466 5081 1484 5108 ,
1526 5039 1732 5109 inquit,
1777 5039 1980 5094 scilicet
2008 5038 2135 5094 doni

543 5142 686 5197 illius
708 5183 722 5205 ,
752 5151 799 5196 et
826 5149 879 5194 tu
906 5138 1066 5208 ipsius
1096 5132 1432 5191 dominaberis
1462 5130 1555 5187 :id
1582 5141 1664 5187 est
1686 5173 1702 5199 ,
1730 5146 1797 5187 eo
1826 5130 2034 5186 frueris.
2070 5129 2137 5184 Et

546 5233 668 5288 ideo
683 5242 967 5302 utrumque
986 5242 1201 5284 sensum
1217 5224 1348 5292 dixi,
1367 5224 1672 5295 relinquens
1692 5232 1882 5277 vestrae
1903 5222 2136 5292 pruden-

544 5325 635 5379 tize
657 5364 674 5389 ,
703 5323 756 5380 id
785 5322 927 5393 quod
953 5321 1115 5378 dictis
1140 5320 1309 5391 magis
1333 5331 1627 5388 congruum
1655 5314 1866 5370 videtur
1888 5354 1904 5379 ,
1932 5314 2135 5384 eligen-

548 5414 697 5470 dum.
745 5413 870 5468 Mihi
915 5413 1060 5468 enim
1101 5410 1312 5467 videtur
1354 5408 1422 5464 de
1468 5408 1629 5463 fratre
1667 5421 1788 5461 csse
1817 5404 2033 5460 dictum.
2068 5403 2137 5458 Et

548 5506 741 5572 factum
778 5512 853 5558 est
880 5544 895 5569 ,
935 5519 1052 5557 cum
1088 5512 1246 5558 essent
1282 5499 1381 5573 ipsi
1417 5500 1471 5553 in
1505 5514 1715 5569 campo,
1753 5497 1972 5551 surrexit
2011 5494 2137 5550 Cain

548 5603 725 5647 contra
749 5591 872 5646 Abel
900 5596 1107 5662 fratrem
1132 5608 1299 5658 suum,
1327 5599 1374 5644 et
1398 5589 1578 5645 occidit
1603 5587 1769 5642 illum.
1799 5584 2134 5640 Horrendnm

550 5681 777 5746 heinus,
807 5682 1088 5751 periculosi
1116 5694 1297 5748 attsus,
1320 5679 1681 5737 abominabile
1705 5692 1869 5747 opus,
1894 5674 2135 5732 irremis-

551 5773 705 5829 sibila
730 5782 1004 5841 peccatum
1027 5814 1042 5839 ,
1073 5771 1309 5829 eﬂeratae
1330 5771 1526 5827 animm
1556 5769 1908 5840 propositum.
1946 5766 2137 5823 Surre-

541 5864 643 5934 a‘it,
672 5864 764 5935 inq
777 5856 875 5927 υίι,
898 5872 1073 5920 contra
1102 5863 1228 5920 Abel
1251 5866 1464 5935 fratrem
1490 5879 1658 5933 mum,
1690 5879 1737 5920 et
1765 5860 1942 5916 accidit
1967 5860 2133 5916 illum.

1256 424 1312 480 S.
1353 420 1632 480 JO.\N.\'IS
1671 412 2143 475 CHRVSOSTOMI
2184 411 2499 468 ARCIIIEP.
2541 409 3076 468 CONSTANTINOP.
3113 451 3116 456 .

3691 414 3793 470 ιω

2217 527 2262 583 0
2294 528 2698 584 abominabilem
2731 531 2979 585 manum!
3021 545 3054 584 ο
3082 530 3351 586 dexteram
3397 533 3753 588 miserabilem
3788 544 3797 593 !

2217 621 2324 675 imo
2352 637 2457 675 non
2489 637 2702 676 manum
2734 632 2944 689 oportet
2963 638 3157 680 vocare
3178 624 3591 681 abominabilem
3620 637 3675 682 et
3702 628 3792 682 nti-

2216 716 2532 783 serahilem,
2557 716 2651 771 sed
2683 725 2915 773 mentem
2944 718 3028 773 cui
3055 719 3350 774 membrum
3380 721 3616 776 servivit.
3648 721 3803 776 Diea-

2218 820 2337 860 tnus
2364 806 2522 876 igitur
2545 807 2643 868 sic,
2671 822 2704 862 ο
2727 808 2979 864 audacem
3006 818 3239 865 mentem
3270 850 3284 875 ,
3312 818 3367 866 et
3387 810 3800 869 abominabilem

2217 908 2273 954 e'.
2318 898 2717 954 miserabilem!
2765 908 2818 955 et
2854 899 3109 971 quidquid
3148 900 3250 956 dici
3282 909 3492 971 potest,
3525 918 3632 958 non
3672 906 3802 960 satis

2219 991 2445 1049 dicetur.
2490 993 2766 1062 Quomodo
2804 1012 2908 1049 non
2952 996 3220 1066 obtorpuit
3246 998 3362 1066 ejus
3391 1002 3618 1055 manus?
3667 1017 3802 1073 quo-

2222 1084 2383 1140 modo
2413 1086 2583 1155 potuit
2627 1094 2809 1141 tenere
2848 1086 3081 1158 gladium
3108 1089 3124 1120 ¹
3150 1130 3166 1157 ,
3196 1098 3251 1145 et
3276 1090 3514 1162 inﬂigere
3555 1093 3806 1165 plagam?

2220 1179 2488 1250 quomodo
2535 1193 2641 1234 non
2676 1180 2905 1234 avolavit
2945 1195 2977 1235 a
3021 1196 3246 1251 corpore
3276 1183 3494 1239 anima?
3540 1186 3807 1255 quomodo

2221 1270 2383 1326 valuit
2412 1269 2624 1340 operari
2661 1278 2767 1325 tam
2796 1270 3083 1326 nefandum
3111 1271 3357 1328 facinus?
3402 1277 3673 1345 quomodo
3702 1294 3807 1333 non

2223 1359 2415 1415 inﬂexa
2444 1370 2547 1424 est,
2577 1371 2632 1416 et
2653 1359 2782 1416 Cain
2815 1376 2920 1417 non
2946 1365 3168 1417 mutavit
3195 1366 3510 1420 sententiam
3534 1366 3557 1419 ’ἐ
3587 1382 3812 1437 ῳιηιηοο

2223 1452 2294 1508 do
2314 1468 2419 1508 non
2440 1452 2690 1523 cogitavit
2710 1454 2992 1507 naturam?
3014 1454 3280 1524 quomodo
3302 1471 3406 1510 non
3428 1456 3805 1526 consideravit,

2224 1554 2506 1614 antequam
2544 1543 2845 1600 adoriretur
2874 1544 3023 1600 nefas
3049 1587 3063 1610 ,
3097 1545 3274 1616 operis
3300 1546 3502 1602 finem?
3543 1549 3812 1619 quomodo

2226 1635 2475 1689 sustinuit
2503 1645 2622 1705 post
2652 1635 2858 1693 facinus
2884 1678 2899 1705 ,
2930 1637 3113 1693 videre
3146 1652 3340 1708 corpus
3365 1639 3541 1695 fratris
3569 1641 3812 1711 spiritum

2228 1726 2459 1784 efﬂantia
2487 1737 2539 1783 et
2566 1729 2869 1799 palpitantis
2893 1742 3054 1800 super
3084 1730 3324 1786 terram?
3348 1732 3618 1802 quomodo
3644 1735 3815 1803 potuit

2226 1819 2409 1875 videre
2439 1829 2706 1876 mortuum
2748 1830 2802 1875 ct
2831 1821 2977 1876 humi
3008 1823 3299 1892 projectum
3323 1864 3340 1891 ,
3368 1832 3422 1879 et
3455 1840 3487 1879 a
3513 1826 3817 1896 spectaculo

2227 1928 2336 1968 non
2367 1913 2544 1968 statim
2572 1913 2864 1969 dissolutus
2888 1915 3008 1970 est?
3031 1913 3164 1969 Nam
3194 1931 3315 1971 cum
3346 1929 3445 1971 nos
3474 1924 3592 1987 post
3619 1927 3697 1972 tot
3721 1933 3818 1972 an.

2230 2021 2420 2061 norum
2451 2022 2733 2063 numerum
2757 2049 2773 2075 ,
2804 2023 2927 2064 cum
2953 2008 3190 2078 quotidie
3224 2010 3514 2064 morientes
3536 2010 3775 2065 videmus
3797 2049 3817 2075 ,

2229 2100 2471 2170 quamvis
2496 2099 2724 2155 naturali
2752 2108 2923 2155 morte
2947 2141 2961 2165 ,
2999 2110 3053 2155 et
3080 2101 3336 2171 sanguine
3361 2099 3489 2156 nihil
3517 2101 3670 2157 nobis
3689 2101 3819 2171 jun-

2230 2200 2367 2258 ctos,
2400 2192 2599 2249 viribus
2625 2192 2996 2259 destituimur,
3026 2202 3082 2249 et
3105 2193 3152 2248 si
3179 2193 3425 2249 inimicus
3449 2195 3557 2260 sit,
3584 2194 3819 2250 inimici-

2233 2284 2424 2339 tiarum
2462 2284 2619 2340 finem
2659 2284 2882 2341 facimus
2916 2305 2930 2339 :
2959 2294 3157 2355 quanto
3194 2287 3362 2358 magis
3391 2286 3532 2342 hunc
3558 2286 3822 2358 disperirc

2232 2390 2328 2446 par
2368 2385 2523 2443 erat,
2549 2386 2605 2432 et
2644 2380 2823 2432 statim
2868 2378 3113 2434 emittere
3152 2380 3420 2445 animam,
3461 2394 3582 2434 cum
3619 2379 3824 2435 videret

2234 2463 2450 2521 fratrem
2476 2508 2491 2533 ,
2528 2466 2617 2536 qui
2660 2467 2817 2536 paulo
2854 2476 3010 2522 antea
3042 2468 3356 2539 loquebatur
3381 2509 3396 2533 ,
3428 2469 3616 2524 eadem
3647 2478 3853 2537 matre-

2234 2566 2416 2613 natum
2445 2596 2456 2621 .
2484 2558 2673 2614 eodem
2719 2570 2869 2628 patre
2909 2562 3145 2631 genitum
3170 2602 3187 2628 ,
3218 2561 3459 2631 ejusdem
3501 2563 3636 2618 uteri
3668 2573 3825 2633 partu

2234 2649 2460 2718 editum,
2489 2650 2600 2705 Deo
2628 2650 2882 2722 singulari
2911 2651 3279 2708 benevolentia
3305 2662 3615 2723 acceptum,
3645 2654 3825 2709 subito

2234 2744 2434 2814 absque
2456 2743 2643 2815 spiritu
2666 2751 2715 2799 et
2738 2743 3047 2818 operatione
3062 2744 3349 2815 jacentem,
3373 2756 3426 2801 et
3441 2761 3603 2818 super
3623 2755 3824 2802 terram

2236 2812 2625 2906 palpitantem?
2775 2812 2788 2815 ⁷
2868 2812 2915 2833 ‘-

2306 2926 2361 2981 2.
2393 2928 2461 2982 At
2486 2927 2758 2982 videamus
2784 2935 2902 2997 post
2931 2928 3190 2983 nefarium
3215 2928 3344 2984 illud
3370 2927 3595 2993 facinus,
3620 2938 3673 2983 et
3698 2938 3823 2999 post

2236 3016 2495 3089 ﬂagitium
2518 3018 2664 3073 nulla
2692 3019 2845 3074 venia
2867 3017 3084 3089 dignum
3110 3028 3307 3089 quanta
3330 3020 3522 3075 iterum
3546 3019 3825 3090 indulgen-

2239 3110 2310 3165 tia
2355 3120 2655 3180 quantaque
2699 3111 3022 3181 benignitate
3065 3110 3301 3166 omnium
3352 3112 3492 3167 Deus
3534 3111 3720 3166 utitur.
3764 3111 3824 3167 9.

2238 3199 2308 3254 Et
2336 3200 2464 3254 dixit
2492 3199 2632 3255 Deus
2656 3201 2724 3254 ad
2749 3200 2892 3255 Cain.
2924 3200 3154 3271 ldipsum
3185 3201 3267 3256 vel
3294 3201 3466 3256 solum
3493 3211 3705 3272 quantm
3730 3201 3827 3256 bo-

2237 3292 2419 3347 nitatis
2440 3290 2617 3358 fuerit,
2635 3291 2778 3362 quod
2797 3308 2919 3347 eum
2940 3293 3029 3362 qui
3051 3303 3195 3348 tanta
3217 3292 3449 3349 facinora
3470 3294 3824 3359 commiserit,

2237 3383 2504 3455 colloquio
2551 3383 2841 3453 dignetur?
2884 3383 3018 3440 Nam
3074 3400 3197 3440 cum
3246 3401 3344 3441 nos
3385 3402 3528 3456 tta-pe
3571 3396 3829 3457 cognatos

2239 3485 2453 3531 nostros
2496 3476 2865 3533 abominemur
2887 3519 2904 3544 ,
2944 3478 2990 3532 si
3030 3479 3241 3549 quando
3268 3480 3557 3537 viderimus
3589 3497 3685 3536 eos
3721 3483 3827 3539 tale

2238 3567 2505 3637 quoddam
2541 3565 2748 3623 facinus
2791 3576 3165 3637 perpetrasse:
3200 3570 3367 3625 multo
3414 3571 3580 3641 magis
3626 3572 3825 3627 bonum

2239 3656 2408 3712 Deum
2457 3657 2639 3712 mirari
2686 3672 2783 3728 par
2825 3667 2904 3713 est
2952 3667 3099 3714 tanta
3145 3670 3379 3715 utentem
3420 3661 3697 3717 tolerantia
3731 3674 3827 3718 :et

2234 3748 2356 3819 jure
2385 3751 2595 3807 meri:o.
2628 3750 2864 3807 Medicus
2888 3752 3028 3808 enim
3052 3762 3156 3822 est,
3184 3763 3240 3810 et
3266 3754 3714 3811 clementissimus
3739 3774 3826 3825 pa-

2240 3849 2322 3897 ter
2364 3860 2379 3898 :
2421 3851 2475 3897 et
2518 3843 2659 3897 sicut
2706 3843 2943 3899 medicus
2995 3844 3126 3899 nihil
3171 3860 3275 3900 non
3327 3847 3450 3900 facit
3485 3855 3541 3902 ut
3563 3848 3653 3918 qui
3677 3849 3828 3918 gravi

2240 3935 2429 3989 morbo
2454 3936 2696 3991 laborant
2722 3978 2737 4003 ,
2766 3938 2834 3992 ad
2871 3937 3153 3995 sanitatem
3198 3940 3520 3995 reducantur
3550 3957 3564 3995 :
3596 3950 3650 3996 et
3688 3942 3828 3997 sicut

2239 4026 2688 4083 clementissimus
2717 4040 2867 4098 pater
2896 4030 3051 4098 ﬁlios,
3082 4032 3170 4099 qui
3198 4031 3523 4087 nobilitatem
3550 4048 3699 4087 suam
3733 4048 3829 4102 per

2240 4117 2504 4188 ignaviam
2534 4120 2766 4174 amisere
2789 4160 2805 4186 ,
2837 4129 3058 4189 paterna
3094 4121 3413 4192 indulgentia
3444 4124 3510 4177 ad
3549 4123 3828 4193 pristinam

2240 4208 2548 4265 felicitatem
2593 4211 2876 4268 reatitucre
2921 4213 3084 4281 cupit.
3131 4211 3364 4268 Proinde
3388 4215 3511 4284 quia
3550 4215 3829 4270 immensae

2243 4300 2496 4355 bonitatis
2517 4310 2620 4366 est,
2645 4301 2836 4357 iterum
2868 4302 3244 4371 benignitatem
3272 4320 3423 4359 suam
3451 4305 3524 4358 illi
3547 4347 3560 4369 ,
3584 4306 3673 4375 qui
3701 4306 3828 4361 talia

2242 4392 2415 4447 fuerat
2440 4407 2623 4458 ausus,
2654 4394 2942 4450 ostendere
2970 4396 3100 4450 vtilt.
3137 4395 3273 4451 Dicit
3300 4396 3442 4451 enim
3474 4396 3548 4450 illi
3580 4415 3594 4452 :
3626 4396 3723 4451 Ubi
3753 4407 3830 4452 est

2244 4485 2365 4540 Abel
2390 4485 2550 4555 frater
2579 4487 2736 4540 tuus?
2760 4486 2920 4542 Multa
2949 4496 3002 4543 et
3031 4489 3287 4543 immensa
3315 4488 3410 4543 Dei
3440 4488 3691 4558 patientia
3719 4499 3825 4544 est.

2240 4577 2356 4633 Non
2382 4579 2525 4633 enim
2553 4577 2844 4649 interrogat
2869 4580 3019 4649 quasi
3047 4579 3272 4650 ignoret,
3306 4580 3398 4634 sed
3426 4580 3651 4649 idipsum
3679 4583 3828 4650 agit,

2240 4667 2382 4739 quod
2412 4676 2467 4724 et
2491 4670 2626 4739 patri
2658 4669 2801 4725 illius
2829 4669 3030 4726 fecerat
3062 4686 3076 4722 :
3109 4670 3237 4724 nihil
3281 4670 3422 4725 enim
3456 4671 3668 4735 obstat,
3698 4672 3827 4741 quin

2242 4763 2383 4818 idem
2413 4762 2588 4817 denuo
2607 4761 2839 4817 dicatur.
2868 4762 3000 4817 Nam
3030 4761 3474 4832 quemadmodum
3500 4763 3670 4827 illum,
3703 4777 3829 4817 cum

2241 4869 2301 4909 se
2349 4869 2461 4925 pra:
2505 4853 2707 4923 pudore
2750 4854 3003 4909 nuditatis
3050 4862 3286 4924 tegeret,
3331 4853 3593 4921 rogabat:
3630 4851 3725 4908 Ubi
3775 4870 3831 4907 es

2243 4944 2397 5017 (Ceu.
2429 4947 2481 5001 5.
2511 4945 2610 5016 9)?
2639 4962 2743 5000 non
2768 4948 3039 5017 ignorans,
3067 4948 3160 5001 sed
3187 4945 3393 5001 ﬁducia:
3418 4948 3725 5002 occasiones
3751 4947 3829 5001 illi

2245 5038 2508 5107 prwbens,
2536 5046 2593 5091 ut
2618 5053 2711 5105 per
2734 5037 3125 5093 confessionem
3152 5038 3349 5106 peccati
3373 5037 3622 5093 delictum
3644 5037 3829 5092 ablue-

2242 5139 2326 5184 ret
2360 5129 2547 5197 (hune
2584 5130 2725 5185 enim
2775 5144 2980 5184 morem
3008 5129 3201 5194 habet,
3233 5138 3291 5183 ut
3333 5129 3402 5184 ab
3438 5130 3591 5184 initio
3615 5146 3643 5183 a
3673 5130 3831 5185 nobis

2243 5230 2581 5291 peccatorum
2600 5223 2777 5291 exigat
2795 5220 3207 5283 confessionem,
3230 5230 3286 5277 et
3304 5222 3510 5277 veniam
3530 5219 3786 5292 praabeat)
3806 5261 3824 5288 ,

2243 5312 2314 5366 ita
2339 5321 2394 5367 et
2419 5327 2559 5366 nunc
2587 5321 2734 5382 rogat
2763 5310 2893 5367 Cain
2921 5354 2936 5376 ,
2968 5321 3019 5366 et
3051 5312 3221 5381 inquit
3247 5329 3260 5363 :
3298 5309 3391 5369 Ubi
3422 5322 3493 5365 est
3521 5311 3646 5366 Abel
3668 5316 3827 5381 frater

2244 5405 2406 5458 tuus?
2455 5403 2812 5473 Ignorantiam
2858 5402 3077 5458 simulat
3112 5401 3375 5471 benignus
3403 5402 3654 5456 Dominus
3677 5440 3693 5463 ,
3726 5397 3829 5451 hac

2243 5494 2659 5565 interrogatione
2677 5509 2823 5559 eum,
2849 5493 2940 5565 qui
2964 5494 3084 5547 talia
3111 5494 3471 5557 commiserat,
3498 5503 3827 5563 praeparans,

2245 5595 2303 5642 ut
2341 5586 2408 5642 ad
2447 5587 2653 5656 peccati
2688 5583 3079 5641 confessionem
3108 5582 3461 5638 adduceretur
3482 5622 3498 5647 ,
3545 5589 3829 5648 possetque

2241 5680 2453 5736 veniam
2495 5678 2634 5734 forte
2658 5688 2716 5734 et
2749 5675 3169 5734 misericordiam
3207 5674 3439 5744 assequi.
3483 5671 3581 5728 Ubi
3607 5679 3676 5725 est
3705 5666 3833 5725 Abel

2319 5865 2338 5899 ¹
2373 5863 2549 5929 κθείιιε
2567 5873 2710 5926 unus;
2734 5856 2971 5929 9W0
2989 5857 3136 5920 pflttil
3151 5855 3347 5923 adigere
3366 5850 3598 5917 gladium.
