4110 6412
265 377 368 434 {59

265 495 422 568 βάθει
464 493 564 565 τῆς
611 491 849 555 διανοίας
902 488 1195 560 κινούμενα
1247 486 1606 558 ἐπιστάμενος
1654 487 1932 558 παραινεῖ,

265 581 646 653 συμϐουλεύει,
691 576 1110 651 προαναστέλλει
1139 576 1238 645 τῆς
1289 575 1465 645 κακῆς
1519 574 1929 644 ἐπιχειρήσεως

259 672 325 724 οὑ
352 669 459 740 μὴν
494 669 741 739 ἀνάγκην
778 664 1104 733 ἐπιτίθησιν,
1155 661 1292 716 ἀλλά
1321 662 1389 716 τὰ
1438 661 1701 731 φάρμακα
1734 658 1935 713 κατάλ-

260 755 399 824 ληλα
433 752 661 815 ἐπιθεὶς,
695 750 919 822 ἀφίησιν
946 753 999 805 ἐν
1031 749 1095 817 τῇ
1119 746 1312 819 γνώμῃ
1345 745 1439 799 τοῦ
1490 745 1787 814 κάμνοντος
1818 744 1932 795 κεῖ-

263 843 390 896 σθαι
432 841 492 895 τὸ
508 838 812 895 πᾶν.Τοῦτο
833 837 1009 892 τοίνυν
1032 837 1127 891 καὶ
1155 837 1246 889 ἐπὶ
1265 833 1360 888 τοῦ
1393 833 1532 887 Κόιῖν
1558 831 1652 886 νῦν
1684 830 1932 901 γέγονεν.

264 932 406 1003 Ὅρα
438 930 544 1000 γὰρ
583 927 719 999 μετὰ
745 925 1010 993 τοσαύτην
1043 924 1364 995 κηδεμονίαν
1453 920 1541 992 62]
1574 923 1652 984 είς
1674 919 1805 990 ὅσην
1832 918 1932 990 ἤδη

263 1018 464 1089 μανίαν
486 1015 758 1081 ἐξώκειλε.
789 1013 915 1066 Δέον
942 1012 1049 1084 γάρ
1081 1010 1354 1065 συνειδότα
1385 1009 1483 1079 τὴν
1509 1008 1781 1079 ἁμαρτίαν
1805 1006 1933 1078 περὶ

258 1107 357 1176 τὴν
383 1104 589 1175 ταύτης
618 1101 899 1173 διόρθωσιν
927 1100 1112 1154 λοιπὸν
1140 1097 1522 1169 ἀσχοληθῆναι⁹
1547 1099 1575 1150 ὁ
1603 1097 1657 1149 δὲ
1680 1093 1931 1165 καθάπερ

226 1193 501 1263 μεθύων,
561 1191 638 1262 τῷ
689 1189 847 1244 πάθει
887 1189 981 1242 καὶ
1007 1187 1084 1259 τῷ
1134 1187 1407 1257 τραύματι
1452 1184 1529 1255 τῷ
1559 1183 1929 1255 προλαϐόντιει

254 1288 414 1347 ἕλκος
442 1286 629 1356 ἕτερον
661 1282 944 1336 συνάπτων
975 1280 1065 1333 καὶ
1087 1279 1185 1349 τὴν
1219 1276 1459 1348 ἰατρείαν
1482 1276 1539 1329 οὐ
1575 1275 1929 1347 προσιέμενος

252 1374 353 1445 τὴν
385 1373 524 1444 μετά
544 1370 810 1441 τοσαύτης
836 1367 1148 1438 ἐπιμελείας
1172 1365 1568 1436 προσαχθεῖσαν
1591 1362 1758 1434 αὑτῷ,
1792 1361 1928 1416 ἀλλά

251 1462 344 1517 τὸν
370 1462 570 1514 οἰκεῖον
621 1460 778 1528 φόνον
816 1458 895 1520 είς
939 1455 1096 1527 ἔργον
1144 1456 1370 1523 ἀγαγεῖν
1402 1451 1772 1521 ἐπειγόμενος,
1819 1450 1927 1502 ἀπὸ

251 1552 407 1605 δόλου
438 1550 537 1602 καί⁵
582 1544 916 1617 πανουργίας
943 1543 1040 1615 τὴν
1072 1542 1246 1613 ἀρχὴν
1277 1545 1530 1603 ποιεῖται,
1574 1539 1665 1593 καὶ
1698 1541 1808 1601 τοῖς
1839 1556 1928 1591 πε·

256 1639 429 1708 πλανη
439 1637 618 1708 μένοις
648 1635 886 1705 ῥήμασιν
913 1632 1098 1701 ἀπατᾷ
1120 1630 1210 1683 τὸν
1238 1629 1484 1697 ἀδελφόν.
1516 1628 1778 1681 Τοσοῦτον
1827 1627 1923 1698 θη-

254 1726 454 1797 ριώδης
499 1725 646 1779 ἐστὶν
683 1721 968 1793 ἄνθρωπος
1018 1720 1097 1782 εἰς
1135 1718 1331 1772 κακίαν
1372 1715 1686 1779 ἀποκλίνας.
1718 1715 1925 1785 ’Ὠσπερ

249 1815 361 1886 γὰρ
392 1814 535 1884 μέγα
562 1812 655 1865 καὶ
681 1808 859 1881 τίμιον
883 1808 943 1861 τὸ
971 1808 1185 1877 λογικὸν
1211 1807 1367 1860 τοῦτο
1400 1806 1556 1872 ζῶον,
1581 1805 1674 1859 καὶ
1691 1804 1925 1875 μάλιστα

248 1902 473 1954 ἐπειδὰν
497 1901 588 1953 ἐπὶ
638 1898 737 1970 τὴν
769 1898 868 1967 τῆς
906 1896 1107 1968 ἀρετῆς
1136 1895 1399 1965 ἐργασίαν
1454 1895 1691 1964 ὁρμήσῃ,
1752 1894 1921 1958 οὕτως

246 1991 378 2044 ὅταν
403 1989 540 2061 πρὸς
565 1987 762 2040 κακίαν
793 1983 1077 2056 ἀποκλίνῃ,
1140 1983 1248 2036 τῶν
1295 1982 1582 2052 ἀνημέρων
1609 1981 1811 2052 θηρίων
1835 2001 1923 2051 μι-

253 2081 434 2148 μεῖται
463 2076 561 2145 τὴν
588 2074 865 2146 ὡμότητα.
938 2070 1095 2125 ’Λλλά
1134 2072 1225 2124 καὶ
1258 2072 1336 2133 εἰς
1374 2069 1469 2141 τὴν
1504 2069 1726 2124 ἐκείνων
1760 2067 1921 2124 πάλιν

252 2158 576 2231 μεταπεσὼν
634 2157 930 2228 ἀγριότητα
954 2197 969 2220 ,
1021 2156 1081 2208 τὸ
1136 2155 1342 2225 ἥμερον
1376 2153 1534 2206 τοῦτο
1567 2152 1660 2206 καὶ
1706 2152 1919 2222 λογικὸν

251 2249 387 2313 ζῶον
414 2250 478 2300 ἐκ
508 2245 703 2299 πολλοῦ
740 2244 832 2299 τοῦ
857 2244 1135 2315 περιόντος
1162 2244 1289 2314 νικᾷ
1315 2241 1413 2312 τὴν
1444 2240 1668 2295 ἐκείνων
1721 2240 1920 2312 θηριω-

248 2336 385 2390 δίαν.
421 2336 649 2405 Ἱδωμεν
703 2329 795 2387 οῦν
845 2332 936 2386 καὶ
977 2329 1210 2383 ἐνταῦθα
1261 2330 1314 2383 τί
1354 2328 1582 2397 γίνεται.
1616 2329 1726 2383 Καὶ
1767 2327 1914 2393 εἷπε,

248 2428 400 2498 φησὶ,
434 2425 581 2479 Κιίϊν
608 2424 755 2493 πρὸς
793 2423 958 2476 Ἅϐελ
989 2421 1096 2475 τὸν
1132 2420 1400 2490 ἀδελφὸν
1424 2420 1628 2483 αὑτοῦ,
1681 2420 1917 2476 διέλθω-

244 2533 357 2585 μεν
384 2514 459 2583 δὴ
494 2515 575 2579 είς
619 2515 681 2567 τὸ
715 2511 943 2565 πεδίον.
972 2510 1054 2563 Τὰ
1099 2511 1195 2580 μὲν
1243 2512 1462 2581 ῥήματα
1507 2508 1756 2578 ἀδελφοῦ,
1793 2510 1825 2579 ἡ
1863 2509 1918 2562 δέ

242 2603 439 2675 γνώμη
466 2602 680 2673 φονικὴ.
713 2603 777 2654 Τί
804 2602 997 2665 ποιεῖς,
1018 2596 1061 2652 ὧ
1087 2599 1225 2653 Κάῖν
1248 2616 1263 2664 ;
1289 2600 1389 2652 οὐκ
1436 2594 1579 2660 οἶδας
1604 2597 1739 2668 πρὸς
1796 2599 1918 2651 τίνα

241 2693 467 2761 διαλέγῃ
492 2710 507 2758 ;
537 2692 636 2744 οὑκ
657 2691 855 2748 ἐννοεῖς
886 2689 965 2741 ὅτι
989 2687 1124 2758 πρὸς
1150 2686 1375 2755 ἀδελφόν
1406 2703 1486 2739 σοι
1517 2685 1769 2758 γίνεταιή
1800 2685 1918 2740 διά-

241 2781 422 2845 λεξιςς
452 2781 512 2833 οὑ
534 2777 723 2848 λογίζῃ
775 2778 856 2830 ὅτι
888 2774 985 2839 τὰς
1018 2774 1186 2837 αὑτάς
1224 2790 1306 2828 σοι
1347 2772 1534 2827 ἔλυσεν
1566 2773 1760 2838 ὠδῖνας
1789 2790 1803 2840 ;
1854 2775 1914 2826 οὑ

239 2867 541 2938 λαμϐάνεις
572 2867 651 2930 είς
681 2866 888 2919 ἔννοιαν
913 2864 973 2917 τὸ
1002 2862 1241 2934 μυσαρὸν
1266 2862 1365 2932 τῆς
1395 2863 1789 2934 ἐπιχειρήσεως
1807 2879 1821 2929 ;
1854 2864 1913 2915 ού

241 2956 385 3027 φοϐῇ
408 2956 496 3008 τὸν
522 2953 956 3025 ἀπαραλόγιστον
992 2951 1250 3023 δικαστήν
1277 2966 1291 3015 ;
1345 2951 1404 3003 ού
1454 2950 1694 3020 φρίττεις
1720 2952 1817 3021 τὴν
1840 2950 1917 3004 ἕν-

238 3062 389 3097 νοιαν
418 3042 512 3095 τοῦ
541 3042 708 3112 τολμή
720 3055 920 3112 ματος;
971 3038 1126 3103 Τίνος
1174 3037 1284 3109 γὰρ
1312 3038 1495 3090 ἕνεκεν
1525 3039 1604 3100 είς
1645 3037 1705 3090 τὸ
1738 3038 1915 3091 πεδίον

239 3133 420 3196 ἕλκεις
444 3132 535 3184 τὸν
565 3130 813 3199 ἀδελφὸν,
844 3129 939 3183 καὶ
972 3127 1076 3194 ἔξω
1090 3126 1197 3180 τῶν
1225 3125 1478 3194 ἀγκαλῶν
1495 3125 1603 3179 τῶν
1631 3124 1914 3196 πατρικῶν

236 3219 491 3287 ἐξάγεις;
524 3219 666 3281 τίνος
690 3217 874 3269 ἓνεκεν
901 3215 1105 3287 ἔρημον
1128 3218 1300 3277 ποιεῖς
1325 3214 1419 3283 τῆς
1444 3217 1715 3284 πατρικῆς
1751 3214 1913 3266 αὑτὸν

239 3305 525 3376 βοηθείας;
556 3305 621 3358 Τί
646 3305 707 3357 τὸ
736 3304 904 3370 ξένον,
932 3304 1013 3357 ὅτι
1056 3302 1151 3356 νῦν
1188 3304 1267 3365 είς
1289 3299 1349 3354 τὸ
1400 3301 1580 3355 πεδίον
1616 3300 1793 3362 ἕλκεις
1822 3301 1913 3353 τὸν

236 3395 488 3462 ἀδελφὸν,
542 3394 633 3447 καὶ
661 3394 796 3462 ὅπερ
839 3391 1100 3462 πρότερον
1152 3390 1251 3443 οὑκ
1285 3388 1566 3459 ἐποίησας,
1616 3386 1709 3440 νῦν
1741 3390 1913 3441 ποιεῖν

235 3483 556 3552 ἐπιχειρεῖς,
611 3479 705 3533 καὶ
746 3479 1011 3549 προφάσει
1045 3475 1440 3547 φιλοφροσύνης
1459 3476 1674 3530 εὔνοιαν
1700 3475 1914 3542 ἀδελφι-

235 3572 342 3642 κὴν
373 3569 832 3641 προϐαλλόμενος,
872 3567 943 3620 τὰ
976 3566 1085 3620 τῶν
1128 3564 1401 3635 πολεμίων
1454 3563 1604 3634 αὑτῷ
1648 3563 1911 3617 διαθεῖναι

237 3658 469 3730 βουλεύῃ
492 3657 555 3723 b;
579 3657 676 3720 Τίς
705 3658 738 3727 ή
770 3654 968 3725 μανίας
1003 3654 1087 3717 τίς
1121 3655 1147 3723 ἡ
1176 3652 1375 3718 λύσσα;
1404 3653 1604 3713 Ἔστω,
1637 3652 1911 3721 πηρωθεὶς

235 3750 326 3801 τὸν
373 3744 635 3815 λογισμὸν
660 3744 855 3797 οὑδένα
881 3743 1037 3810 λόγον
1082 3743 1209 3811 ποιῇ
1239 3740 1339 3810 τῆς
1388 3738 1680 3809 ἁδελφικῆς
1734 3738 1912 3790 διαθέ-

238 3851 399 3897 σεως,
429 3831 555 3886 οὑτε
581 3831 678 3900 τὴν
706 3831 867 3899 φύσιν
892 3826 1059 3899 αὑτὴν
1103 3825 1484 3894 ἐπιγνώσκεις·
1530 3825 1666 3879 ἀλλὰ
1697 3826 1750 3878 τί
1775 3826 1911 3896 πρὸς

236 3923 326 3974 τὸν
358 3920 512 3973 οὐδὲν
535 3918 832 3988 ἠδικηκότα
854 3914 1026 3978 οὕτως
1072 3911 1517 3984 ἐξεπολεμώθης;
1576 3913 1629 3965 τί
1660 3913 1756 3967 καὶ
1800 3916 1911 3977 τοῖς

236 4009 484 4078 γονεῦσιν
516 4007 652 4077 ἔχων
679 4003 928 4073 ἐγκαλεῖν
952 4000 1218 4072 τοσαύτην
1239 4001 1422 4063 αὐτοῖς
1447 4000 1751 4071 κατήφειαν
1775 4010 1797 4038 ο
1823 4017 1913 4053 πε-

235 4096 480 4161 ριϐαλεῖν
533 4093 782 4165 βουλεύῃ,
829 4092 922 4144 καὶ
966 4089 1206 4161 ἀρχηγὸς
1257 4087 1506 4157 γενέσθαι
1553 4085 1647 4140 τοῦ
1679 4087 1909 4158 φοϐεροῦ

233 4184 428 4238 τούτου
460 4183 754 4254 δράματος,
793 4179 890 4232 καὶ
952 4176 1166 4249 πρῶτος
1198 4174 1287 4229 τὸν
1322 4173 1495 4245 βίαιον
1523 4172 1712 4227 τοῦτον
1747 4173 1911 4227 θάνα-

234 4290 323 4325 τον
348 4272 534 4334 αὑτοῖς
564 4268 869 4334 ὑποδεῖξαι;
923 4264 1139 4328 Ταύτας
1160 4264 1341 4325 αὑτοῖς
1372 4262 1619 4326 ἀποδίδος
1639 4262 1737 4325 τὰς
1759 4263 1913 4332 ἀμοι-

235 4360 333 4423 ϐὰς
358 4359 459 4430 τῆς
483 4355 826 4427 ἀνατροφῆςς
856 4354 993 4407 Ποία
1020 4350 1113 4405 τοῦ
1158 4350 1403 4405 διαϐόλου
1440 4348 1653 4421 μηχανὴ
1678 4352 1758 4413 εὶς
1787 4348 1912 4402 ταύ-

231 4466 331 4518 την
363 4465 423 4499 σε
453 4447 552 4519 τὴν
578 4446 775 4516 πρᾶξιν
826 4441 1193 4514 παρώρμησε;
1229 4437 1321 4511 Μὴ
1356 4438 1463 4508 γὰρ
1512 4437 1655 4507 ἔχεις
1699 4439 1906 4503 εἰπεῖν,

231 4539 316 4589 ὅτι
341 4538 375 4606 ἡ
403 4534 586 4587 εὔνοια
611 4533 703 4587 τοῦ
738 4528 916 4586 κοινοῦ
940 4531 1157 4583 πάντων
1186 4526 1474 4591 Δεσπότου,
1515 4528 1549 4596 ’ὴ
1574 4526 1701 4596 περὶ
1723 4526 1905 4590 αὑτὸν,

235 4622 541 4694 ἐπαρθῆναι
566 4620 726 4675 αὑτὸν
748 4619 971 4691 ἐποίησε
999 4616 1140 4671 κατὰ
1176 4613 1302 4681 σοῦ;
1338 4613 1473 4683 Οὑχὶ
1498 4612 1781 4684 προλαϐὼν
1820 4612 1909 4667 διὰ

231 4709 440 4781 ταύτην
490 4727 580 4763 σου
606 4710 702 4780 τὴν
752 4708 976 4778 φονικὴν
1011 4705 1236 4776 γνώμην
1284 4700 1548 4768 ὑπέταξεν
1600 4701 1780 4766 α’ὑτὸν,
1816 4702 1910 4753 καὶ

234 4798 343 4850 ὑπὸ
362 4798 461 4869 τὴν
480 4797 575 4868 σὴν
594 4796 840 4861 ἐξουσίαν
860 4790 999 4847 εἶναι
1021 4792 1308 4863 πεποίηκε,
1342 4790 1436 4843 καὶ
1462 4783 1632 4855 εἶπεν,
1650 4788 1730 4842 ὅτι
1751 4789 1908 4856 Πρός

232 4884 313 4938 σὲ
344 4886 383 4952 ἠ
422 4883 780 4952 ἀποστροφὴ
813 4881 1025 4949 αὐτοῦ,
1062 4879 1162 4933 καὶ
1195 4879 1276 4933 σὺ
1313 4876 1500 4931 αὐτοῦ
1533 4875 1770 4944 ἄρξεις;
1799 4875 1908 4930 Καὶ

234 4973 347 5043 γὰρ
385 4974 508 5042 περὶ
535 4971 632 5043 τῆς
664 4970 758 5024 τοῦ
786 4969 1015 5038 ἀδελφοῦ
1059 4969 1334 5039 ὑποταγῆς
1359 4966 1513 5019 τοῦτο
1545 4964 1907 5036 ἐκλαμϐάνειν

233 5063 335 5117 δεῖ.
372 5061 492 5114 Είσὶ
518 5062 624 5132 γάρ
651 5078 795 5122 τινες
832 5059 1103 5127 λέγοντες,
1155 5058 1237 5111 ὅτι
1290 5055 1543 5129 περὶτῆς
1568 5052 1758 5114 θυσίας
1808 5053 1907 5122 τῆς

237 5150 691 5222 προσενεχθείσης
727 5150 855 5220 παρ’
888 5146 1054 5201 αὑτοῦ
1080 5148 1108 5199 ὁ
1133 5146 1262 5209 Θεὸς
1289 5144 1424 5216 πρὸς
1472 5141 1633 5198 αὑτὸν
1661 5138 1905 5210 διελέχθη

234 5239 304 5291 τὰ
326 5239 572 5303 τοιαῦτα,
602 5239 682 5291 ὃτι
706 5236 863 5305 Πρὸς
891 5236 986 5299 σὲ,
1050 5234 1203 5305 φησὶ,
1239 5232 1278 5300 ’ἡ
1310 5229 1661 5299 ἀποστροφὴ
1694 5227 1904 5292 αὐτοῦ,

237 5327 331 5378 τοῦ
356 5326 551 5398 δώρου,
581 5327 680 5380 καί
713 5324 794 5381 σὺ
841 5322 1043 5391 ἄρξεις
1072 5320 1278 5385 αὑτοῦ,
1312 5319 1433 5373 ἀντὶ
1487 5317 1605 5380 τοῦ,
1637 5317 1702 5370 σὺ
1740 5314 1905 5369 αὑτοῦ

233 5412 394 5486 [16⁵5]
427 5413 775 5475 ἀπολαύσεις.
813 5410 912 5464 Διά
940 5410 1097 5463 τοῦτο
1122 5404 1215 5461 οῦν
1243 5407 1525 5477 ἀμφότερα
1553 5403 1721 5458 εἰπὼν
1746 5418 1907 5456 κατα·

231 5502 493 5573 λιμπάνω
520 5505 588 5573 τῇ
619 5501 861 5571 ὑμετέρᾳ
897 5498 1126 5560 συνέσει,
1164 5496 1230 5549 ἵν’
1265 5497 1402 5566 ὅπερ
1432 5493 1498 5546 ἂν
1527 5494 1655 5562 ὑμῖν
1684 5489 1907 5544 ἀκολου-

234 5588 460 5658 θότερον
500 5590 663 5659 φανῇ,
720 5585 941 5656 δέξησθε
989 5585 1078 5637 καὶ
1123 5582 1275 5635 αὑτοὶ
1322 5581 1498 5634 τοῦτο.
1540 5577 1694 5648 Ἐμοὶ
1726 5577 1753 5616 d
1798 5576 1906 5646 γὰρ

233 5676 384 5730 δοκεῖ
412 5674 662 5746 περὶτοῦ
709 5668 936 5741 ἀδελφοῦ
980 5667 1229 5741 εἰρῆσθαι
1271 5665 1448 5720 τοῦτο.
1499 5665 1608 5719 Καὶ
1648 5662 1903 5732 ἐγένετο,

298 5855 321 5882 ⁸³
346 5852 577 5911 Quinque
600 5861 715 5911 miss.
741 5851 790 5893 et
816 5843 967 5895 Savil.
984 5841 1215 5911 προτέρῳ.
1284 5840 1313 5879 b
1336 5839 1563 5911 Quinqge
1582 5849 1708 5909 ‘mss.
1735 5841 1788 5883 ot
1815 5834 1902 5911 S'ao

242 5914 319 5976 ΥΠ.
593 5914 614 5941 c
640 5910 762 5976 ἦρε.
789 5920 914 5976 qnus
937 5896 1208 5976 etgqig'iri.
1233 5896 1442 5976 τοσαύτῃ
1467 5896 1624 5975 αὐτοῖς
1649 5896 1898 5976 κατηφείᾳἶ

236 5960 496 6031 δ’ὲυξέάέί,
523 5972 638 6035 ὅπερ
662 5960 846 6035 ἀννὺμῖν
876 5966 1200 6035 κατ-αλλήλοξδς
1229 5960 1653 6035 ξοῖςείρημένοις,
1675 5960 1898 6035 φανεῖται·

529 6019 758 6086 ίαῗαῦτοὶ
771 6019 831 6080 ’τὸ
848 6027 1062 6078 τοιοῦτον
1080 6019 1294 6081 δέξασθε.
1310 6019 1460 6085 Ἐμοί,
1476 6019 1555 6073 Sic
1570 6019 1765 6083 quidam
1786 6032 1899 6068 mss.

1481 369 1546 426 IN
1585 370 1735 426 CAP.
1768 369 1834 425 IV
1871 365 2115 426 GENES.
2149 367 2382 426 HOMIL.
2424 371 2566 427 XIX.

3604 381 3718 439 Ιω

2041 487 2226 555 φησὶν,
2256 487 2328 541 ἐν
2357 488 2437 553 τῷ
2463 484 2615 543 εἶναι
2640 488 2862 556 αὐτοὺς
2883 489 3052 558 ἔν-τῷ
3074 492 3260 561 πεδίῳ
3277 536 3292 560 ,
3316 493 3539 564 ἀνέστη
3557 495 3704 554 Κάτν

2039 574 2134 628 ἐπὶ
2170 576 2339 630 Ἅϐελ
2364 578 2470 630 τὸν
2500 576 2765 646 ἀδελφὸν
2783 578 2990 644 αὐτοῦ,
3014 581 3111 636 καί
3129 581 3478 639 ἀπέκτεινεν
3494 587 3699 641 αὐτόν.

2035 663 2306 735 Φοϐεράή
2341 665 2559 736 πρᾶξις,
2614 667 2950 723 ἐπικίνδυνον
2988 658 3049 723 τὸ
3098 671 3372 745 τόλμημα,
3421 675 3641 747 μυσαρά
3667 678 3705 745 ἠ

2035 751 2397 824 ἐπιχείρησις,
2436 754 2818 823 ἀσύγγνωστον
2846 756 2906 810 τὸ
2942 757 3263 831 ἁμάρτημα,
3295 759 3702 835 τεθηριωμένης

2032 834 2209 909 ψυχῆς
2224 840 2257 909 ἡ
2274 838 2488 910 γνώμη.
2506 840 2770 908 Ἀνέστη,
2791 842 2975 913 φησὶν,
2993 843 3092 896 ἐπὶ
3120 846 3290 899 Ἅϐελ
3308 846 3414 900 τὸν
3433 847 3703 916 ἀδελφὸν

2034 926 2242 992 αὐτοῦ,
2265 928 2361 980 καί
2387 927 2741 984 ἀπέκτεινεν
2767 933 2975 987 αὐτόν.
3003 933 3065 985 Ὢ
3098 935 3299 1004 μιαρᾶς
3319 935 3520 1005 χειρός·
3546 935 3591 989 ὣ
3611 936 3700 989 δε-

2035 1011 2153 1079 ξιᾶς
2174 1013 2434 1085 ἐλεεινῆς·
2489 1015 2687 1086 μᾶλλον
2721 1018 2776 1071 δὲ
2805 1019 2865 1071 οὑ
2889 1018 2988 1089 τὴν
3046 1021 3203 1091 χεῖρα
3236 1019 3474 1092 ἐλεεινὴν
3503 1019 3586 1075 δεῖ
3611 1038 3701 1075 καε-

2032 1101 2143 1154 λεῖν
2169 1103 2262 1156 καὶ
2293 1103 2513 1174 μιαρὰν,
2546 1104 2679 1159 ἀλλά
2700 1106 2797 1177 τὴν
2817 1106 3062 1179 γνώμην,
3144 1109 3237 1161 καὶ
3259 1108 3317 1161 τὸ
3346 1108 3505 1179 μέλος
3533 1109 3704 1180 ὑπηρ-

2032 1190 2281 1259 ετήσατο.
2328 1191 2585 1261 Εῖπωμεν
2628 1193 2806 1245 τοίνυν
2847 1192 3039 1258 οὕτως·
3072 1195 3117 1247 ὢ
3146 1194 3367 1267 γνώμης
3399 1196 3698 1267 τολμηρᾶς,

2031 1277 2125 1330 καὶ
2164 1279 2387 1349 μιαρᾶς,
2422 1279 2514 1333 καὶ
2542 1279 2800 1353 ἐλεεινῆς,
2836 1281 2929 1335 καὶ
2957 1284 3093 1353 ὅπερ
3131 1282 3196 1337 ἂν
3227 1284 3369 1337 εἴποι
3398 1300 3505 1348 τις,
3548 1283 3700 1338 οὐδὲν

2030 1364 2178 1430 ἀξιον
2200 1366 2330 1436 ἐρεῖ.
2352 1366 2476 1430 Πῶς
2508 1368 2607 1420 οὐκ
2630 1368 2928 1440 ἐνάρκησεν
2952 1370 3114 1424 αὑτοῦ
3150 1373 3182 1442 ἡ
3210 1371 3363 1443 χείρ;
3419 1370 3537 1436 πῶς
3572 1372 3700 1442 ὴδυ-

2030 1450 2165 1523 νήθη
2199 1457 2489 1523 κατασχεῖν
2523 1465 2547 1492 θ
2577 1453 2636 1507 τὸ
2664 1454 2833 1523 ξίφος,
2867 1458 2960 1511 καὶ
2988 1457 3084 1529 τὴν
3124 1458 3336 1530 πληγὴν
3364 1460 3695 1529 ἐπαγαγεῖν;

2029 1539 2147 1604 πῶς
2166 1541 2266 1594 οὑκ
2293 1541 2509 1612 ἁπέπτη
2534 1542 2627 1596 τοῦ
2661 1542 2918 1613 σώματος
2953 1546 2986 1615 ἠ
3018 1546 3163 1616 ψυχή
3184 1564 3198 1611 ;
3223 1547 3339 1610 πῶς
3373 1546 3593 1617 ἴσχυσεν
3616 1551 3696 1612 εἰς

2028 1626 2187 1699 ἔργον
2206 1629 2433 1698 ἀγαγεῖν
2452 1628 2514 1682 τὸ
2559 1630 2771 1684 ἀνόσιον
2787 1630 2944 1684 τοῦτο
2980 1632 3150 1703 τόλμη
3161 1649 3271 1703 pa;
3298 1634 3414 1697 πῶς
3438 1636 3537 1688 οὐκ
3567 1636 3695 1688 ἐπε-

2028 1716 2275 1789 κὰμφθη,
2309 1719 2403 1771 καὶ
2446 1717 2706 1788 μετέϐαλε
2764 1717 2861 1790 τὴν
2913 1721 3178 1791 γνώμην;
3235 1721 3351 1786 πῶς
3383 1723 3483 1776 οὑκ
3506 1722 3696 1778 ἔλαϐεν

2025 1804 2232 1858 ἔννοιαν
2258 1805 2356 1875 τῆς
2380 1804 2621 1874 φύσεως;
2656 1805 2774 1869 πῶς
2793 1807 2891 1859 οὑκ
2914 1806 3194 1875 ἐλογίσατο
3233 1808 3336 1881 πρὸ
3367 1809 3466 1880 τῆς
3492 1810 3696 1881 ἐπιχει-

2029 1894 2236 1963 ρήσεως
2255 1895 2316 1945 τὸ
2357 1893 2508 1957 τέλος
2528 1893 2621 1946 τοῦ
2656 1895 2982 1964 γινομένου;
3033 1895 3149 1960 πῶς
3180 1896 3386 1967 ,ἤνεγκε
3420 1896 3556 1968 μετά
3597 1898 3696 1970 τὴν

2024 1980 2300 2052 ἀναίρεσιν
2341 1979 2468 2034 ἰδεῖν
2511 1980 2573 2033 τὸ
2598 1981 2758 2051 σῶμα
2786 1981 2882 2035 τοῦ
2914 1981 3143 2052 ἀδελφοῦ
3189 1986 3419 2054 σπαῖρον
3462 1984 3557 2037 ἐπὶ
3596 1986 3696 2055 τῆς

2023 2070 2155 2140 γῆς;
2196 2067 2310 2131 πῶς
2342 2067 2527 2138 ἴσχυσε
2556 2068 2857 2122 θεάσασθαι
2900 2069 3059 2139 σῶμα
3102 2073 3294 2141 νεκρὸν
3335 2071 3427 2123 ἐπί⁵
3446 2070 3545 2142 τῆς
3589 2071 3692 2143 γῆς

2023 2159 2374 2228 ἐρριμμένον,
2406 2158 2500 2210 καὶ
2534 2157 2593 2210 ού
2622 2156 2835 2228 διελύθη
2880 2158 3042 2221 εὐθὺς
3100 2157 3206 2211 ἀπὸ
3252 2159 3350 2229 τῆς
3401 2157 3561 2224 θέας;
3627 2159 3691 2213 El

2023 2246 2130 2317 γὰρ
2179 2247 2339 2316 ἡμεῖς
2389 2244 2529 2316 μετά
2559 2245 2825 2299 τοσούτων
2862 2246 2998 2298 ἐτῶν
3028 2244 3280 2317 ἀριθμὸν,
3306 2246 3425 2300 καθ’
3454 2247 3690 2318 ἑκάστην

2022 2333 2238 2405 ἡμέραν
2263 2334 2498 2405 ὁρῶντες
2542 2334 2666 2397 τοὺς
2713 2334 3098 2399 τελευτῶντας,
3149 2335 3243 2389 καὶ
3293 2333 3466 2390 ταῦτα
3516 2336 3692 2408 οἰκείᾳ

2018 2421 2245 2492 τελευτῇ
2280 2422 2380 2493 τῆς
2413 2419 2559 2491 ζωῆς
2600 2421 3056 2493 μεθισταμένους,
3110 2423 3204 2477 καὶ
3236 2423 3528 2495 οὐδαμόθεν
3560 2427 3690 2496 ἡμῖν

2021 2509 2417 2579 προσήκοντας,
2446 2509 2867 2579 κατακλώμεθα·
2901 2508 3005 2563 κᾶν
3032 2509 3222 2581 ἐχθρὸς
3252 2505 3309 2585 ᾖ,
3348 2511 3691 2582 καταλύομεν

2019 2598 2119 2666 τὴν
2145 2597 2364 2670 ἐχθρανο
2403 2596 2583 2669 πολλῷ
2635 2598 2699 2669 δὴ
2725 2599 2922 2670 μᾶλλον
2953 2598 3139 2652 τοῦτον
3178 2600 3322 2664 εἰκὸς
3349 2595 3416 2671 ἦν
3442 2600 3691 2673 διαλυθῆ-

2018 2703 2128 2751 ναι,
2183 2687 2276 2740 καὶ
2325 2685 2519 2758 ἀθρόον
2556 2685 2770 2754 ἀφεῖναι
2818 2687 2917 2759 τὴν
2972 2685 3171 2757 ψυχὴν,
3218 2687 3430 2759 ὁρῶντα
3460 2689 3549 2743 τὸν
3584 2689 3691 2762 πρὸ

2022 2771 2217 2844 μικροῦ
2249 2772 2646 2844 διαλεγόμενον,
2696 2772 2921 2842 ἀδελφὸν
2949 2773 3039 2826 τὸν
3064 2773 3416 2846 ὁμομήτριον,
3438 2775 3530 2828 τὸν
3555 2777 3688 2845 ὁμο-

2019 2860 2265 2931 πάτριον,
2295 2859 2386 2914 τὸν
2407 2861 2506 2924 τὰς
2535 2860 2705 2923 αὑτὰς
2753 2859 2900 2930 αὑτῷ
2936 2860 3174 2915 λύσαντα
3205 2863 3417 2927 ὠδῖνας.
3454 2862 3546 2916 τὸν
3589 2863 3689 2935 τὴν

2019 2941 2169 3011 παρά
2203 2940 2336 2994 Θεοῦ
2365 2939 2577 2995 εὑνοιαν
2599 2939 3063 3011 ἐπισπασάμενον,
3094 2940 3348 3012 ἐξαίφνης
3372 2944 3575 2997 ἄπνουν
3595 2944 3691 2997 καὶ

2017 3028 2375 3100 ἀνενέργητον
2404 3029 2675 3099 κείμενον,
2716 3030 2809 3082 καὶ
2843 3028 2935 3082 ἐπὶ
2960 3029 3059 3100 τῆς
3088 3029 3194 3099 γῆς
3223 3029 3542 3101 σπαίροντα.

2091 3134 2157 3205 β’.
2207 3132 2343 3186 Ἀλλ’
2373 3133 2569 3204 ῖδωμεν
2605 3132 2768 3186 πάλιν
2797 3134 2889 3187 καὶ
2924 3133 3062 3206 μετὰ
3085 3134 3183 3205 τὴν
3231 3134 3453 3188 ἀνοσίαν
3477 3133 3688 3207 ταύτην

2019 3222 2240 3293 πρᾶξιν,
2253 3222 2346 3274 καὶ
2376 3221 2512 3291 μετά
2535 3221 2593 3274 τὸ
2608 3222 2877 3292 τολμῆσαι
2896 3221 3052 3275 τοῦτο
3070 3222 3129 3274 τὸ
3161 3221 3340 3293 πάσης
3357 3222 3686 3294 συγγνώμης

2015 3309 2476 3380 ἀπεστερημένον,
2517 3308 2657 3381 πόσῃ
2686 3310 2949 3379 κέχρηται
2997 3309 3403 3375 συγκαταϐἀσει
3433 3311 3526 3364 καὶ
3558 3311 3681 3381 φιλ-

2016 3396 2299 3467 ανθρωπία
2322 3398 2349 3449 ὁ
2381 3396 2489 3448 τῶν
2524 3397 2776 3450 ἁπάντων
2796 3397 2946 3460 Θεός.
2984 3395 3092 3450 Καὶ
3124 3392 3294 3450 εἶπεν
3321 3400 3353 3450 o'
3373 3396 3516 3463 Θεὸς
3535 3397 3685 3465 πρὸς

2013 3484 2179 3539 Κάτν.
2208 3484 2349 3537 Αὑτὸ
2372 3482 2532 3537 τοῦτο
2558 3483 2714 3553 μόνον
2738 3482 2910 3554 πόσης
2936 3484 3083 3537 ἐστὶν
3111 3483 3446 3555 ἀγαθότητος
3464 3524 3478 3549 ,
3505 3484 3595 3537 τὸν
3618 3485 3685 3539 τά

2014 3572 2236 3627 τοιαῦτα
2257 3570 2631 3643 ἐργασάμενον
2653 3570 2996 3641 ἀποκρίσεως
3017 3569 3247 3635 ἀξιῶσαι
3267 3587 3282 3633 ;
3313 3571 3376 3623 Εἰ
3397 3570 3505 3640 γὰρ
3526 3572 3684 3642 ἡμεῖς

2017 3660 2277 3723 πολλάκις
2317 3660 2443 3723 τοὺς
2466 3660 2745 3729 ὁμογενεῖς
2778 3657 3197 3729 βδελυττόμεθα,
3229 3658 3448 3712 ἐπειδὰν
3485 3657 3685 3728 ἴδωμεν

2016 3748 2254 3802 τοιοῦτόν
2279 3765 2331 3799 τι
2359 3747 2616 3817 τόλμημα
2646 3746 3059 3817 ἐργασαμένους
3080 3762 3092 3775 ’
3130 3746 3308 3818 πολλῷ
3342 3745 3543 3817 μᾶλλον
3592 3745 3687 3799 τὸν

2015 3835 2218 3905 ἀγαθὸν
2246 3834 2377 3887 Θεὸν
2409 3832 2806 3905 ἐκπλήττεσθαι
2848 3833 2928 3887 δεῖ
2952 3833 3187 3906 τοσαύτῃ
3242 3837 3309 3906 τῇ
3365 3834 3685 3905 ἀνεξικακίᾳ

2012 3923 2371 3995 κεχρημένον,
2403 3922 2496 3975 καὶ
2547 3921 2692 3991 μάλα
2726 3921 2970 3984 εἰκότως.
3019 3921 3227 3992 Ἰατρὸς
3268 3921 3376 3992 γάρ
3418 3922 3554 3982 ἐστι,
3590 3922 3685 3974 καὶ

2015 4010 2199 4081 πατὴρ
2232 4008 2581 4081 φιλόστοργος
2604 4025 2618 4038 ο
2660 4006 2753 4061 καὶ
2777 4009 2853 4070 ὼς
2882 4008 2979 4077 μὲν
3007 4007 3191 4078 ίατρὸς
3211 4007 3388 4061 πάντα
3420 4011 3565 4060 ποιεῖ
3589 4008 3683 4061 καὶ

2016 4098 2481 4169 πραγματεύεται,
2500 4095 2641 4148 ὥστε
2670 4095 2795 4158 τοῦς
2824 4096 2882 4147 ἐν
2906 4093 3168 4164 χαλεπαῖς
3190 4095 3523 4167 ἀρρωστίαις
3547 4111 3680 4163 τυγ·

2012 4187 2273 4258 χάνοντας
2300 4183 2433 4257 πρὸς
2462 4182 2669 4252 ὑγίειαν
2699 4183 3068 4251 ἐπαναγαγεῖν
3089 4199 3102 4211 '
3136 4181 3213 4244 ὠς
3237 4182 3293 4235 δέ
3326 4183 3510 4254 πατὴρ
3541 4181 3680 4251 φιλό-

2015 4288 2240 4344 στοργος
2258 4273 2382 4334 τοὺς
2400 4270 2497 4341 τὴν
2528 4270 2732 4325 οἰκείαν
2757 4269 3037 4337 εὐγένειαν
3071 4268 3158 4323 διὰ
3184 4267 3456 4341 ῥαθυμίαν
3489 4267 3681 4339 προδε-

2011 4361 2249 4422 δωκότας
2270 4357 2516 4429 βούλεται
2538 4356 2627 4409 διὰ
2648 4355 2749 4426 τῆς
2778 4356 3050 4427 πατρικῆς
3074 4355 3454 4426 φιλοστοργίας
3472 4355 3552 4418 εἰς
3580 4356 3680 4426 τὴν

2014 4447 2283 4519 προτέραν
2306 4447 2531 4514 ἀγαγεῖν
2556 4444 2877 4516 εὐημερίαν.
2909 4444 3063 4497 Ἐπεὶ
3087 4438 3180 4497 οῦν
3210 4444 3342 4501 πολὺ
3364 4444 3463 4514 τῆς
3482 4443 3682 4514 ἀγαθός

2009 4535 2167 4606 τητός
2189 4536 2336 4587 ἐστιν
2362 4530 2527 4586 αὑτοῦ
2552 4533 2614 4587 τὸ
2639 4530 2890 4603 μέγεθος,
2927 4531 3175 4602 βούλεται
3203 4531 3298 4586 καὶ
3324 4531 3460 4602 πρὸς
3491 4531 3681 4585 τὸντά

2009 4622 2235 4677 τοιαῦτα
2262 4619 2631 4690 τετολμηκότα
2663 4619 2865 4689 πολλὴν
2898 4622 2998 4691 τὴν
3037 4619 3231 4673 ἐαυτοῦ
3268 4618 3678 4691 φιλανθρωπίαν

2010 4711 2398 4775 ἐπιδείξασθαι.
2433 4710 2571 4779 Φησί
2600 4708 2708 4779 γὰρ
2738 4709 2873 4780 πρὸς
2916 4709 3109 4763 αὑτόν·
3143 4707 3297 4780 [164]
3341 4708 3468 4762 Ποῦ
3504 4707 3678 4761 ἔστιν

2014 4800 2183 4853 Ἅϐελ
2208 4800 2240 4852 ό
2267 4798 2526 4867 ἀδελφός
2548 4811 2701 4860 σου;
2728 4796 2903 4865 Πολλὴ
2935 4797 3028 4850 καὶ
3058 4796 3283 4867 ἄπειρος
3304 4798 3338 4867 ἡ
3359 4793 3678 4859 ἀνεξικακία

2009 4886 2100 4941 τοῦ
2134 4886 2289 4939 Θεοῦ.
2327 4886 2400 4940 Οὑ
2421 4884 2529 4956 γὰρ
2558 4884 2743 4954 ἐπειδὴ
2779 4882 2963 4953 ὴγνὸει
2988 4883 3174 4955 ἠρώτα
3196 4922 3210 4945 ,
3254 4882 3367 4934 ἀλλ’
3402 4882 3539 4952 ὅπερ
3583 4880 3679 4934 ἐπὶ

2008 4975 2100 5028 τοῦ
2129 4981 2333 5045 πατρὸς
2356 4973 2519 5027 αὑτοῦ
2543 4970 2864 5041 πεποίηκεν·
2893 4971 3042 5024 οὐδὲν
3068 4970 3175 5041 γὰρ
3200 4968 3398 5023 κωλύει
3428 4969 3588 5022 πάλιν
3616 4967 3679 5021 τὸ

2008 5063 2140 5117 αὐτὸ
2165 5064 2355 5115 εἰπεῖν.
2388 5060 2652 5132 Καθάπερ
2676 5058 2785 5130 γὰρ
2811 5059 3016 5111 ἐκεῖνον
3042 5056 3182 5128 ὁρῶν
3228 5057 3317 5111 διὰ
3356 5055 3451 5127 τὴν
3486 5052 3678 5124 αἰσχύ-

2009 5172 2105 5226 νην
2136 5152 2235 5223 τῆς
2271 5149 2606 5219 γυμνότητος
2660 5147 3035 5220 κρυπτόμενον
3071 5144 3277 5216 ἠρώτα,
3311 5143 3433 5198 Ποῦ
3454 5139 3547 5207 εἷ;
3576 5142 3677 5196 οὑκ

2009 5241 2239 5310 ἀγνοῶν,
2272 5239 2407 5292 ἀλλὰ
2439 5236 2750 5308 παρρησίας
2808 5234 2957 5305 αὑτῷ
3008 5232 3261 5303 ἀφορμὰς
3309 5232 3505 5298 διδοὺς,
3536 5229 3676 5284 ὥστε

2007 5328 2096 5383 διὰ
2119 5328 2219 5397 τῆς
2240 5325 2529 5396 ὁμολογίας
2546 5324 2639 5377 τοῦ
2662 5322 2996 5392 πταίσματος
3023 5319 3391 5384 ἀπονίψασθαι
3419 5319 3481 5373 τὸ
3503 5320 3680 5389 πλημ-

2012 5415 2228 5486 μέλημα
2256 5411 2442 5482 (τοῦτο
2492 5411 2601 5482 γάρ
2656 5408 2776 5470 ἔθος
2831 5407 3001 5477 αὐτῷ,
3036 5405 3240 5460 ἀνωθεν
3280 5406 3370 5459 καὶ
3408 5405 3467 5471 ἐξ
3503 5407 3680 5476 ἀρχῆς

2008 5501 2106 5570 τὴν
2134 5498 2424 5570 ὁμολογίαν
2460 5498 2710 5551 ἀπαιτεῖν
2754 5494 2882 5566 παρ’
2914 5493 3071 5564 ἡμῶν
3104 5491 3210 5544 τῶν
3252 5491 3678 5563 ἡμαρτημένων,

2010 5589 2103 5641 καὶ
2139 5586 2487 5656 συγχώρησιν
2542 5584 2872 5654 παρέχειν)’
2916 5581 3097 5652 ἐρωτᾷ
3125 5580 3217 5632 καὶ
3250 5578 3344 5631 νῦν
3374 5578 3465 5631 τὸν
3515 5578 3681 5639 Κάῖν,

2007 5676 2100 5730 καί
2133 5690 2300 5745 φησι,
2328 5672 2453 5726 Ποῦ
2485 5669 2658 5723 ἐστιν
2688 5670 2909 5723 Ἀϐελό
2938 5667 3201 5736 ἀδελφός
3232 5680 3388 5727 σου;
3424 5666 3681 5733 Ἀγνοιαν

1942 5739 1981 5773 ’⁸
2011 5739 2385 5836 προσποιεῖται
2419 5760 2447 5812 ὁ
2476 5756 2855 5827 φιλάνθρωπος
2876 5754 3176 5827 Δεσπότης,
3204 5753 3292 5807 ἵνα
3312 5752 3397 5805 διὰ
3426 5752 3523 5821 τῆς
3545 5752 3680 5821 ἐρω-

2010 5852 2220 5923 τήσεως
2240 5845 2635 5918 παρασκευάσῃ
2663 5843 2755 5897 τὸν
2783 5842 2850 5897 τὰ
2880 5841 3107 5897 τοιαῦτα
3136 5837 3489 5911 εἰργασμένον
3525 5837 3676 5888 ἐπει-

2076 6024 2100 6054 ο
2123 6009 2308 6072 Regius
2329 5999 2454 6056 unus
2494 6002 2798 6065 καταγαγεῖν.
