4110 6446
468 420 571 477 Mil

466 537 625 605 frater
640 532 793 587 tuus?
807 519 940 598 Quid
960 528 1118 600 igitur
1128 526 1198 582 ad
1213 526 1325 581 haec
1338 525 1592 595 ingratus,
1608 523 1870 593 stupidus,
1892 530 2065 577 teme-

467 627 643 681 rarius
662 632 716 680 et
739 621 1054 693 impudens?
1079 621 1210 677 Cum
1232 616 1573 688 cogitandum
1595 624 1739 671 esset
1764 615 1930 670 Deum
1955 628 2062 669 non

467 720 712 786 ignarum
764 715 840 770 rei
888 714 1218 783 interrogare
1242 751 1257 777 ,
1295 707 1388 764 sed
1416 708 1482 764 ab
1514 708 1631 778 ipso
1669 705 2062 763 confessionem

465 808 710 865 criminis
739 806 973 876 exigere,
1000 814 1054 859 et
1080 818 1178 858 nos
1205 801 1420 866 docere,
1453 813 1742 870 numquam
1767 812 1925 853 causa
1956 812 2063 852 non

466 899 771 955 examinata
812 896 1131 953 sententiam
1163 902 1345 949 contra
1389 892 1576 947 fratres
1603 901 1814 946 nostros
1839 904 1958 945 esse
1982 890 2062 945 fe—

467 992 690 1049 rendam
718 1035 732 1055 ,
759 1001 815 1047 et
853 992 905 1046 in
937 999 1168 1046 mentem
1209 1002 1461 1043 revocare
1499 985 1779 1040 consilium
1808 982 2016 1037 Domini
2046 1024 2059 1047 ,

465 1086 558 1154 qui
592 1084 735 1139 hunc
763 1083 904 1138 illius
929 1090 1177 1137 conatum
1203 1078 1520 1149 reprimens,
1551 1083 1605 1131 et
1630 1074 1878 1131 conscius
1901 1073 2060 1127 etiam

466 1186 753 1245 antequam
798 1190 885 1230 res
919 1175 1191 1240 eveniret,
1221 1170 1347 1242 quid
1378 1170 1468 1224 ille
1508 1167 1727 1223 haberet
1756 1166 1807 1220 in
1837 1165 2017 1219 animo
2044 1204 2059 1230 ,

468 1267 723 1323 remediis
751 1266 816 1321 ad
844 1263 1277 1335 praeveniendum
1305 1276 1431 1318 usus
1453 1269 1537 1316 est
1560 1277 1571 1313 :
1594 1274 1713 1315 eum
1740 1259 2064 1329 apertuisset

467 1362 554 1417 his
595 1361 843 1416 omnibus
883 1359 1127 1429 cogitatis
1153 1400 1167 1424 ,
1198 1358 1355 1412 finem
1388 1355 1564 1410 facere
1595 1354 1815 1409 insania:
1836 1395 1850 1417 ,
1882 1352 2062 1407 dicere

464 1452 594 1523 quid
625 1452 840 1517 factum,
871 1449 1155 1505 ostendere
1185 1446 1393 1503 medico
1423 1446 1573 1501 ulcus
1595 1487 1610 1512 ,
1644 1454 1699 1501 et
1722 1444 1966 1513 accipere
1994 1443 2061 1498 ab

468 1545 563 1598 illo
590 1542 873 1614 pharmaea
900 1541 1026 1595 :ilie
1054 1540 1246 1595 iterum
1273 1547 1428 1608 auget
1456 1537 1661 1602 vulnus,
1688 1544 1742 1591 et
1765 1535 1917 1591 ulcus
1942 1549 2064 1604 gra-

466 1636 588 1689 vius
630 1633 821 1689 reddit.
871 1631 938 1686 Et
963 1630 1092 1685 dixit
1114 1671 1131 1697 ,
1161 1631 1369 1700 inquit,
1403 1627 1615 1684 Nescio.
1651 1627 1784 1682 Vide
1819 1627 2061 1696 responsi

465 1724 872 1795 impudentiam.
900 1721 1036 1778 Num
1065 1720 1267 1776 homini
1297 1720 1554 1791 loqueris,
1577 1734 1736 1790 quem
1764 1717 1899 1774 forte
1919 1716 2062 1772 deci-

467 1833 599 1887 pere
625 1814 846 1886 posses?
870 1814 1075 1882 Nescis,
1103 1812 1285 1868 infelix
1307 1822 1360 1868 et
1384 1813 1571 1878 miser,
1597 1811 1718 1883 quis
1742 1820 1825 1867 est
1848 1810 1937 1881 qui
1965 1809 2061 1866 tibi

465 1906 740 1977 loquitur?
778 1920 883 1961 non
924 1905 1128 1976 cogitas
1152 1946 1165 1971 ,
1195 1904 1369 1975 ipsum
1396 1903 1467 1958 ob
1493 1903 1783 1959 bonitatem
1812 1915 2059 1973 magnam

465 1999 819 2068 interrogare,
861 1996 1195 2051 occasionem
1236 1993 1519 2066 quamdam
1561 1993 1802 2049 invenire
1835 1993 2059 2063 cupien-

466 2099 599 2156 tem,
628 2104 722 2159 per
747 2102 906 2159 quam
928 2102 1081 2143 suam
1111 2087 1205 2143 tibi
1230 2086 1468 2143 declaret
1495 2086 1901 2153 humanitatem,
1924 2094 1979 2140 et
2003 2093 2061 2140 ut

466 2187 652 2249 postea
678 2182 893 2235 tentatis
913 2194 944 2234 a
965 2194 1023 2236 se
1045 2178 1316 2245 omnibus,
1345 2178 1542 2233 nullam
1566 2177 1764 2233 habeas
1784 2177 2025 2233 defensio
2039 2208 2058 2222 ο

465 2289 614 2339 nem,
634 2282 817 2344 utpote
838 2273 928 2344 qui
947 2287 1119 2344 paena:
1145 2272 1373 2343 teipsum
1402 2271 1689 2327 obnoxium
1713 2272 2010 2327 constituas
2035 2271 2059 2327 ?

562 2366 831 2421 Aecusatio
885 2365 1201 2420 conscientia:
1240 2382 1393 2436 quam
1435 2365 1620 2436 gravis.
1656 2393 1729 2405 —
1775 2363 1844 2418 Et
1884 2365 2055 2433 dixit,

462 2462 657 2531 inquit,
694 2459 898 2516 Nescio.
934 2458 1076 2514 Nunt
1100 2468 1267 2514 custos
1292 2460 1465 2530 fratris
1491 2459 1588 2512 mei
1635 2475 1749 2514 sum
1790 2460 1920 2529 ego?
1957 2457 2061 2514 Co-

459 2555 572 2623 gita
615 2552 700 2608 hic
740 2552 1083 2607 conscientiae
1125 2552 1520 2607 accusationem
1560 2559 1615 2607 et
1657 2550 1925 2620 quomodo
1966 2552 2056 2622 qui

461 2644 792 2701 conscientia
815 2645 1189 2715 impellebatur
1207 2686 1223 2712 ,
1251 2653 1309 2698 ut
1334 2646 1401 2699 ita
1424 2644 1595 2700 dicam
1618 2685 1633 2711 ,
1664 2659 1762 2700 nec
1780 2655 2057 2715 postquam

459 2738 619 2804 dixit,
651 2736 855 2804 Nescio,
890 2737 1051 2793 finem
1077 2736 1290 2793 dicendi
1318 2738 1460 2804 fecit,
1490 2736 1582 2792 sed
1608 2736 1845 2793 subdidit
1873 2753 1886 2791 :
1915 2735 2058 2791 Nam

458 2839 629 2884 custos
654 2830 825 2899 fratris
850 2830 948 2883 mei
973 2847 1086 2884 sum
1123 2846 1213 2901 ego
1231 2830 1257 2883 ?
1306 2837 1509 2884 tantum
1536 2845 1641 2884 non
1668 2831 1900 2901 seipsum
1930 2830 2057 2886 red-

460 2935 710 2992 arguens.
753 2921 964 2977 Atenim
996 2921 1040 2975 si
1070 2937 1135 2977 ex
1158 2920 1506 2992 consequenti
1532 2922 1629 2977 abs
1674 2930 1725 2976 te
1765 2931 2052 2993 ageretur,

459 3013 753 3070 secundum
794 3023 999 3069 naturae
1029 3014 1171 3084 leges
1199 3013 1475 3070 custodem
1517 3014 1767 3070 fraternae
1791 3015 1978 3070 salutis
2006 3024 2058 3072 te

461 3122 585 3162 esse
608 3108 907 3178 Oportebat.
937 3107 1049 3163 Hoc
1075 3107 1217 3162 enim
1257 3115 1443 3162 natura
1470 3107 1738 3173 decrevit,
1767 3116 1822 3164 et
1846 3115 2058 3179 oportet

458 3213 556 3254 eos
578 3200 665 3269 qui
690 3215 753 3254 ex
775 3198 964 3254 eodem
987 3206 1141 3254 utero
1163 3198 1274 3253 nati
1294 3209 1418 3254 sunt
1439 3207 1623 3254 mutuo
1643 3214 1763 3255 esse
1782 3200 2052 3257 custodes.

456 3291 612 3360 Quod
642 3291 687 3346 si
727 3290 830 3346 hoc
853 3291 1073 3346 nolebas
1096 3332 1111 3357 ,
1141 3300 1194 3347 et
1222 3291 1440 3347 noluisti
1466 3299 1649 3347 custos
1677 3306 1797 3348 esse
1828 3291 2007 3348 fratris
2037 3311 2052 3348 :

457 3398 626 3453 quare
654 3398 782 3454 ergo
811 3384 951 3439 illius
979 3382 1291 3440 interfector
1317 3397 1378 3440 es
1411 3384 1581 3439 factus
1605 3425 1620 3450 ,
1649 3394 1704 3440 et
1729 3400 1850 3440 eum
1882 3388 1970 3456 qui
2005 3393 2056 3441 te

458 3475 606 3531 nulla
643 3475 819 3532 affecit
860 3476 1051 3548 injuria
1082 3476 1362 3544 occidisti,
1392 3484 1447 3532 et
1475 3478 1669 3548 putasti
1707 3477 1907 3532 nullum
1938 3477 2055 3533 fore

455 3568 548 3639 qui
583 3578 633 3624 te
671 3568 739 3624 de
772 3568 874 3624 hoc
902 3568 1330 3639 reprehensurus
1353 3570 1534 3625 esset?
1559 3568 1663 3625 Sed
1690 3579 1937 3640 exSpecta
1958 3611 1973 3634 ,
2001 3579 2056 3626 et

458 3661 669 3717 videbis
693 3669 1059 3717 accusatorem
1088 3669 1237 3717 tuum
1264 3661 1379 3717 fore
1403 3677 1524 3718 eum
1552 3663 1642 3733 qui
1668 3662 1975 3719 interfectus
2001 3672 2056 3720 et

454 3762 759 3825 prostratus
780 3753 943 3825 jacet,
967 3764 1020 3809 et
1048 3762 1100 3811 te
1124 3756 1390 3811 viventem
1418 3764 1475 3811 et
1500 3754 1881 3821 ambulantem,
1909 3756 2052 3811 clara

455 3860 597 3900 voce
617 3855 1006 3901 accusaturum.
1035 3846 1121 3901 10.
1146 3843 1217 3899 Et
1240 3846 1360 3900 dicit
1384 3845 1525 3902 Deus
1547 3862 1565 3901 :
1590 3846 1726 3913 Quid
1739 3848 1904 3919 fecisti
1924 3847 2056 3903 hoc?

453 3934 646 4006 Magna
690 3935 849 4008 hujus
895 3938 1043 3992 verbi
1090 3937 1361 3992 recondita
1406 3939 1487 3993 vis
1530 3946 1645 4004 est,
1677 3948 1733 3994 et
1758 3938 2051 4010 emphasis.

453 4027 634 4094 Quare
652 4067 667 4094 ,
703 4028 904 4098 inquit,
937 4026 1041 4083 hoc
1068 4037 1319 4099 operatus
1341 4029 1439 4083 es?
1467 4044 1631 4100 quare
1656 4030 1919 4086 admisisti
1948 4046 2043 4087 ne-

453 4119 649 4175 farium
683 4120 784 4175 hoc
812 4119 1018 4176 facinus
1043 4162 1057 4187 ,
1084 4120 1440 4176 abominabile
1468 4134 1605 4190 Opus
1629 4161 1645 4187 ,
1673 4120 1871 4177 factum
1898 4123 2051 4179 inex-

453 4209 652 4281 piabile
680 4252 695 4279 ,
742 4212 1002 4267 insaniam
1051 4211 1439 4267 intolerabilem
1465 4252 1482 4279 ,
1525 4211 1727 4268 credem
1766 4227 1958 4269 novam
1998 4224 2053 4271 et

452 4303 773 4374 stupendam
793 4344 809 4370 ,
835 4306 944 4375 jam
977 4305 1205 4375 primum
1233 4304 1285 4359 in
1314 4303 1588 4359 hominum
1621 4305 1780 4360 vitam
1809 4315 1896 4361 tua
1922 4305 2053 4362 dex-

453 4406 573 4451 tera
620 4397 926 4451 invectam?
971 4413 1066 4453 cur
1108 4397 1279 4453 fecisti
1322 4396 1426 4453 hoc
1468 4405 1576 4451 tam
1617 4412 1900 4469 magnum,
1941 4408 2052 4455 tam

456 4487 732 4552 terribile,
764 4503 870 4558 quo
900 4503 1005 4543 non
1050 4498 1132 4544 est
1169 4497 1445 4558 peceatum
1473 4488 1615 4542 aliud
1646 4488 1899 4559 gravius?
1941 4489 2054 4546 Vox

452 4580 719 4650 sanguinis
743 4581 916 4651 fratris
940 4581 1015 4635 tui
1040 4581 1226 4635 clamat
1255 4581 1325 4635 ad
1348 4597 1426 4635 me
1450 4580 1513 4635 de
1540 4590 1692 4637 terra.
1726 4581 1862 4637 Num
1890 4582 2053 4639 homo

454 4687 599 4738 sum,
628 4673 818 4744 inquit,
844 4674 933 4743 qui
960 4674 1128 4729 solam
1156 4673 1298 4729 illam
1329 4689 1515 4732 vocem
1543 4673 1778 4741 audiam,
1810 4690 1930 4747 quae
1956 4690 2052 4747 per

455 4764 690 4834 linguam
730 4763 1040 4835 profertur?
1087 4764 1228 4825 Deus
1266 4779 1383 4821 sum
1408 4808 1425 4835 ,
1465 4766 1555 4837 qui
1602 4782 1818 4838 possum
1858 4775 1916 4824 et
1955 4781 2053 4837 per

453 4856 768 4926 sanguinem
808 4856 995 4913 audire
1030 4857 1349 4914 clamantem
1372 4901 1388 4926 ,
1423 4866 1478 4914 et
1514 4859 1661 4915 humi
1701 4869 2047 4931 prostratum.

368 4926 406 4949 ’
455 4947 598 5002 Ecce
625 4962 906 5019 quousque
942 4948 1087 5003 volat
1125 4963 1225 5004 vox
1253 4950 1528 5020 sanguinis
1569 4926 1763 5020 hujus,
1790 4967 1959 5023 usque
1994 4951 2050 5006 in

453 5037 645 5093 cadum
670 5054 700 5094 a
723 5049 865 5095 terra
892 5040 1153 5108 ascendit,
1182 5049 1237 5096 et
1262 5050 1682 5112 prtetercurrens
1709 5042 1923 5108 caelum,
1945 5057 2050 5099 cte-

452 5130 616 5201 loque
634 5132 945 5202 superiores
969 5132 1216 5200 virtutes,
1247 5134 1396 5204 regio
1420 5133 1556 5189 solio
1580 5116 1801 5201 assistit,
1823 5144 1877 5190 et
1902 5144 2047 5190 tuum

451 5223 701 5294 deplorat
722 5224 1090 5292 homicidium,
1117 5240 1180 5280 ac
1201 5226 1460 5282 nefarium
1488 5226 1589 5282 hoc
1609 5227 1785 5282 scelus
1808 5237 2044 5284 accusat.

467 5315 582 5373 Vox
605 5319 870 5391 sanguinis
900 5318 1075 5389 fratris
1102 5317 1173 5372 tui
1198 5319 1382 5373 clamat
1406 5318 1476 5373 ad
1500 5335 1580 5374 me
1605 5319 1669 5375 de
1695 5330 1849 5375 terra.
1878 5320 2013 5375 Num
2030 5363 2046 5387 ,

455 5409 647 5487 inquit,
674 5411 729 5465 in
752 5410 985 5465 alienum
1007 5418 1061 5465 et
1078 5409 1340 5480 hospitem
1363 5411 1693 5483 iniquitatem
1712 5412 1850 5468 hanc
1873 5423 2049 5484 patra-

458 5501 569 5556 sti?
597 5501 654 5557 In
681 5500 900 5559 fratrem
932 5511 1080 5558 tuum
1101 5544 1117 5569 ,
1150 5503 1299 5558 illum
1325 5504 1414 5576 qui
1440 5505 1583 5560 nulla
1614 5517 1665 5561 te
1695 5506 1885 5577 injuria
1914 5507 2047 5564 affe-

453 5600 637 5660 cerat,
667 5594 883 5648 saevisti.
921 5593 1028 5650 Sed
1059 5594 1196 5649 forte
1233 5588 1603 5651 benevolentia
1633 5612 1750 5653 mea
1791 5597 1929 5654 hanc
1972 5599 2046 5655 illi

452 5685 657 5739 ctedem
688 5686 924 5755 peperit,
956 5694 1010 5743 et
1040 5702 1158 5741 cum
1189 5700 1293 5742 non
1322 5700 1511 5757 posses
1537 5703 1743 5744 mecum
1773 5705 2043 5760 pugnare,

455 5776 511 5831 in
543 5774 693 5832 illum
723 5774 955 5832 effudisti
996 5775 1231 5833 furorem
1264 5787 1415 5833 tuum
1454 5778 1790 5835 indomitum.
1839 5780 2047 5852 Eapro-

457 5880 576 5939 pter
598 5863 764 5924 talem
787 5866 877 5926 tibi
902 5862 1112 5939 pinnam
1138 5868 1381 5941 inferam,
1406 5878 1465 5927 ut
1487 5871 1658 5928 audax
1681 5871 1819 5930 istud
1842 5872 2046 5932 facinus

1528 406 1594 465 1N
1633 408 1785 465 CAP.
1827 406 1916 463 Ν.
1960 406 2209 469 GENES.
2242 404 2476 464 HOMIL.
2519 406 2659 464 XIX.

3664 398 3771 455 1.62

2174 518 2423 575 oblivioni
2447 519 2583 576 tradi
2612 536 2715 576 non
2748 521 2933 591 possit,
2959 532 3010 578 et
3035 539 3153 594 quae
3178 525 3230 579 in
3263 535 3313 583 te
3340 526 3495 596 fiunt,
3515 531 3771 589 omnibus

2171 611 2394 680 posthac
2438 615 2742 683 sequuturis
2785 615 3063 686 castigatio
3097 628 3151 673 et
3193 619 3487 678 admonitio
3528 624 3657 679 sint.
3696 626 3764 680 Et

2170 717 2301 755 mine
2321 744 2334 766 ,
2365 704 2487 772 quia
2517 703 2618 760 hoc
2647 704 2854 771 fecisti,
2880 716 2934 761 et
2960 707 3152 763 malam
3179 710 3503 768 voluntatem
3532 714 3599 770 ad
3628 715 3761 773 effe-

2169 803 2313 849 ctum
2343 795 2604 853 deduxisti
2632 838 2645 863 ,
2676 808 2729 853 et
2759 814 2851 868 per
2878 799 3128 857 invidiam
3165 804 3366 861 caedem
3401 809 3719 864 commisisti
3746 851 3761 874 ,

2170 887 2472 944 Maledictus
2499 900 2551 943 tu
2580 891 2644 946 de
2669 902 2822 946 terra.

2239 979 2288 1033 5.
2315 979 2473 1035 Vides
2502 981 2895 1038 maledictiouis
2920 985 3296 1056 differentiam,
3318 990 3550 1047 dilecte?
3572 992 3649 1049 Nc
3677 995 3774 1066 igi-

2170 1080 2255 1125 tur
2292 1072 2751 1129 inconsiderautcr
2781 1074 2905 1131 hinc
2947 1086 3209 1145 transeas,
3251 1080 3347 1136 sed
3383 1098 3447 1138 ex
3494 1084 3762 1141 maledicti

2167 1165 2530 1235 magnitudine
2601 1166 2784 1237 flagitii
2859 1169 3247 1227 immanitatem
3319 1176 3586 1245 expende.
3627 1177 3760 1232 Nam

2165 1268 2366 1327 quanto
2393 1258 2562 1329 majus
2592 1258 2665 1314 sii
2692 1272 2967 1330 peccatum
3005 1263 3107 1321 hoc
3136 1268 3575 1334 praevaoicatione
3606 1271 3762 1339 primi

2167 1349 2418 1415 hominis,
2441 1366 2503 1405 ex
2530 1353 2922 1408 maledictionis
2940 1356 3199 1412 varietate
3227 1359 3588 1415 scire-volenti
3616 1362 3761 1417 licet.

2168 1440 2279 1495 Illic
2331 1443 2471 1496 enitn
2518 1444 2681 1513 inquit
2721 1463 2733 1498 :
2773 1444 3051 1502 Maledicta
3108 1459 3242 1504 terra
3293 1450 3347 1505 in
3384 1452 3618 1523 aperibus
3667 1457 3766 1511 tuis

2168 1531 2186 1603 (
2210 1532 2337 1587 Gen.
2370 1534 2422 1589 5.
2456 1535 2544 1604 17)
2571 1552 2584 1590 :
2613 1544 2667 1591 et
2710 1536 2761 1590 in
2815 1548 3011 1593 terram
3063 1539 3229 1596 effusa
3277 1553 3358 1598 est
3414 1545 3716 1602 maledictio
3745 1588 3763 1614 ,

2166 1633 2380 1679 ostensa
2422 1641 2517 1682 sua
2557 1629 2607 1682 in
2654 1628 2925 1685 hominem
2960 1646 3089 1689 cura
3121 1652 3133 1686 :
3167 1633 3255 1689 hic
3292 1651 3422 1691 vero
3462 1638 3585 1708 quia
3629 1655 3765 1709 Opus

2168 1717 2522 1787 perniciosum
2550 1761 2565 1785 ,
2606 1719 2814 1776 facinus
2858 1725 3126 1795 iniquum,
3153 1737 3207 1781 et
3250 1728 3572 1800 inexpiabile
3611 1731 3765 1803 flagi-

2167 1809 2319 1873 tium,
2340 1809 2454 1880 ipse
2474 1811 2813 1868 maledictum
2831 1814 3029 1884 excipit
3049 1836 3061 1871 :
3088 1817 3177 1871 11.
3201 1815 3266 1872 Et
3289 1835 3423 1874 nunc
3442 1820 3763 1888 maledictus,

2166 1900 2354 1970 inquit,
2388 1911 2440 1956 tu
2464 1903 2532 1958 de
2558 1913 2710 1958 terra.
2739 1904 2872 1960 Nam
2901 1908 3023 1977 quia
3064 1907 3231 1964 ferme
3261 1911 3448 1967 eadem
3493 1915 3601 1983 egit
3643 1931 3764 1983 qua:

2163 2005 2405 2063 serpens,
2434 2001 2490 2049 et
2513 1996 2665 2063 quasi
2688 2010 2945 2067 organum
2970 1998 3189 2054 servivit
3225 2000 3422 2057 diaboli
3458 2005 3762 2072 sententim,

2165 2090 2221 2137 et
2249 2084 2387 2139 sicut
2438 2084 2529 2141 ille
2567 2084 2754 2142 fraude
2797 2089 3173 2144 mortalitatem
3210 2091 3508 2148 introduxit
3537 2111 3550 2149 :
3582 2096 3660 2151 sic
3707 2106 3762 2152 et

2163 2173 2249 2229 hic
2275 2174 2559 2247 deceptum
2591 2175 2808 2233 fratrem
2837 2188 2891 2234 et
2920 2178 2973 2234 in
2996 2194 3243 2250 campum
3275 2184 3527 2239 eductum
3553 2197 3761 2244 armata

2164 2269 2216 2324 in
2249 2268 2396 2324 illum
2422 2285 2584 2326 manu
2622 2272 2837 2327 occidit.
2863 2272 3156 2344 Propterea
3179 2275 3317 2331 sicut
3347 2277 3421 2332 illi
3453 2278 3606 2345 dixit,
3638 2279 3759 2334 Ma-

2162 2360 2374 2415 ledictus
2416 2370 2472 2415 tu
2504 2362 2634 2416 inter
2675 2378 2847 2418 omnes
2874 2365 3053 2420 bestias
3073 2374 3221 2421 terra:
3243 2366 3404 2440 (Ibid.
3442 2386 3489 2423 υ.
3519 2370 3645 2441 14);
3678 2373 3758 2428 sic

2162 2461 2218 2507 et
2242 2452 2387 2518 huic,
2418 2454 2507 2524 qui
2534 2454 2720 2510 eadem
2750 2471 2870 2526 quae
2905 2456 2997 2513 ille
3033 2468 3285 2529 operatus
3314 2460 3427 2516 fuit.
3458 2460 3591 2517 Nam
3623 2463 3763 2519 sicut

2163 2545 2430 2615 diabolus,
2458 2547 2582 2604 odio
2603 2557 2658 2604 et
2685 2549 2882 2606 invidia
2910 2559 3105 2617 motus,
3136 2568 3243 2608 non
3267 2552 3444 2610 ferens
3475 2565 3550 2610 tot
3574 2555 3760 2613 ineffa-

2161 2639 2286 2695 bilia
2335 2641 2592 2697 beneficia
2623 2684 2637 2707 ,
2664 2659 2785 2715 qua:
2834 2644 2886 2699 iu
2936 2644 3208 2701 hominem
3254 2650 3323 2702 ab
3370 2648 3523 2703 initio
3567 2650 3760 2705 collata

2161 2739 2306 2797 sunt,
2341 2731 2536 2787 invidia
2565 2732 2633 2787 ad
2660 2732 3032 2802 deceptionem
3071 2736 3447 2793 exstimulatus
3474 2748 3558 2793 est
3578 2779 3597 2802 ,
3641 2755 3762 2809 qua:

2161 2832 2389 2878 mortem
2419 2823 2691 2880 induceret
2723 2842 2738 2880 :
2771 2828 2841 2880 ita
2884 2836 2941 2882 et
2977 2826 3062 2881 hic
3094 2826 3187 2884 Dei
3215 2843 3339 2898 erga
3367 2828 3584 2887 fratrem
3606 2845 3760 2886 suum

2161 2915 2591 2972 benevolentiam
2615 2933 2859 2988 magnam
2892 2919 3100 2984 videns,
3125 2936 3189 2975 ex
3217 2921 3411 2976 invidia
3440 2921 3505 2977 ad
3537 2924 3760 2979 homici-

2161 3008 2307 3063 dium
2340 3010 2585 3080 prosiliit.
2629 3010 2830 3066 Idcirco
2870 3011 2998 3066 dicit
3028 3012 3100 3066 illi
3133 3029 3145 3065 :
3180 3012 3247 3067 Et
3287 3030 3421 3066 nunc
3463 3015 3760 3072 maledicum

2161 3109 2215 3155 tu
2242 3102 2305 3154 de
2333 3111 2487 3156 terra.
2517 3102 2846 3171 Maledictus,
2877 3105 3064 3175 inquit,
3088 3106 3216 3171 eris,
3240 3115 3294 3161 et
3326 3115 3481 3163 terra:
3512 3109 3604 3174 illi,
3633 3110 3761 3174 Quae

2159 3193 2356 3263 aperuit
2377 3208 2433 3247 os
2456 3209 2623 3261 suum,
2652 3201 2709 3248 ut
2733 3194 3028 3267 sanguinem
3056 3196 3229 3265 fratris
3276 3200 3348 3251 tui
3387 3198 3451 3252 de
3480 3216 3634 3254 manu
3673 3211 3760 3255 tua

2159 3282 2429 3350 exciperet.
2463 3283 2527 3337 Et
2554 3293 2709 3339 terra:
2752 3285 2862 3349 illi,
2894 3286 3094 3355 inquit,
3127 3288 3229 3342 erit
3256 3288 3607 3357 maledictus,
3638 3308 3759 3363 qua:

2159 3375 2410 3429 sustinuit
2439 3376 2528 3429 tali
2558 3376 2815 3447 sanguine
2842 3377 3082 3448 irrigari,
3104 3380 3193 3449 qui
3224 3395 3345 3434 cum
3378 3390 3525 3436 tanta
3553 3384 3760 3439 abomi-

2160 3468 2373 3524 natione
2399 3483 2430 3523 a
2454 3477 2559 3522 tam
2587 3468 2748 3539 impia
2777 3485 2935 3524 manu
2959 3469 3160 3526 effusus
3188 3481 3291 3527 est.
3322 3472 3452 3528 Dein
3483 3474 3758 3546 Scriptura

2160 3560 2335 3614 divina
2379 3561 2807 3617 maledictionem
2857 3563 3255 3633 interpretans,
3301 3566 3636 3625 manifestius
3672 3571 3758 3626 di-

2158 3652 2232 3705 cit
2257 3668 2269 3703 :
2297 3650 2383 3706 l9...
2411 3651 2628 3717 Quando
2652 3662 2887 3722 operatus
2916 3655 3073 3725 fueris
3102 3664 3307 3722 terram,
3343 3674 3442 3712 non
3469 3659 3675 3730 adjiciat
3701 3674 3757 3716 ut

2158 3744 2241 3797 det
2280 3743 2368 3797 tibi
2408 3743 2562 3798 robur
2586 3761 2754 3799 suum.
2784 3744 2973 3816 Magna
3005 3762 3179 3817 paena:
3221 3751 3465 3819 species,
3496 3762 3550 3808 et
3590 3768 3759 3823 grave

2159 3833 2540 3905 indignationis
2568 3835 2794 3905 pondus.
2828 3835 3089 3893 Laborem
3111 3840 3348 3909 quidem,
3377 3843 3568 3912 inquit,
3596 3846 3759 3900 susti—

2160 3927 2331 3995 nebis,
2357 3936 2413 3984 et
2438 3943 2556 3998 qua:
2584 3938 2641 3983 tu
2662 3928 2840 3985 facere
2870 3939 3045 3999 potes,
3074 3932 3252 3986 omnia
3276 3932 3460 4000 facies,
3488 3944 3542 3991 et
3566 3951 3763 4006 opera-

2158 4017 2300 4073 beris
2337 4025 2532 4073 terram
2573 4019 2662 4073 tali
2711 4020 2969 4090 sanguine
3013 4021 3342 4090 inquinatam
3375 4042 3389 4076 :
3420 4025 3622 4081 nullum
3659 4042 3761 4082 au-

2158 4117 2268 4165 tem
2325 4121 2491 4167 metes
2545 4110 2771 4166 fructum
2828 4121 2934 4166 tam
2987 4113 3275 4169 multorum
3327 4115 3612 4185 laborum,
3664 4123 3760 4177 sed

2158 4203 2357 4259 inutilis
2396 4204 2498 4259 erit
2525 4205 2618 4259 tibi
2644 4206 2818 4261 omnis
2850 4207 3001 4262 labor
3023 4223 3183 4278 quem
3213 4208 3423 4267 feceris.
3457 4211 3642 4285 Neque
3668 4213 3756 4271 hic

2157 4294 2280 4350 finis
2304 4295 2404 4351 erit
2443 4311 2636 4366 poenae,
2663 4297 2758 4353 sed
2802 4306 2859 4353 et
2897 4298 3191 4354 Gemenset
3235 4310 3451 4357 tremens
3486 4305 3585 4359 eris
3610 4321 3762 4374 super

2158 4397 2363 4443 terram.
2393 4388 2597 4445 Rursus
2624 4399 2677 4446 et
2713 4391 2816 4447 hoc
2849 4392 3138 4449 maximum
3162 4404 3244 4450 est
3279 4396 3525 4465 supplicii
3561 4414 3752 4469 genus,

2156 4489 2413 4551 perpetuo
2434 4497 2647 4551 gemere
2674 4497 2737 4539 ac
2765 4491 3014 4541 tremere.
3042 4485 3174 4553 Quia
3202 4488 3368 4554 enim,
3402 4487 3591 4559 inquit,
3623 4489 3759 4545 abu-

2156 4585 2250 4626 sus
2275 4585 2334 4626 es
2362 4570 2556 4628 robore
2597 4574 2857 4643 corporis,
2892 4583 2945 4630 et
2974 4576 3335 4633 membrorum
3367 4579 3599 4649 viribus,
3629 4596 3758 4650 pro-

2157 4674 2276 4731 pter
2318 4662 2422 4719 hoc
2459 4664 2768 4720 continuum
2819 4667 2959 4721 hunc
2999 4676 3286 4724 tremorem
3325 4678 3378 4725 et
3418 4680 3622 4727 motum
3666 4672 3757 4728 tibi

2158 4754 2353 4821 infero,
2384 4764 2440 4812 ut
2487 4771 2594 4813 non
2641 4757 2813 4813 solum
2855 4758 2970 4828 ipse
3007 4757 3411 4831 habeasjugem
3438 4761 3759 4819 admonitio-

2155 4865 2280 4907 nem
2311 4858 2367 4906 et
2412 4851 2728 4906 memoriam
2768 4850 2927 4920 hujus
2964 4851 3157 4907 nefasti
3197 4853 3416 4909 sceleris
3448 4871 3462 4910 :
3496 4854 3590 4909 sed
3620 4862 3676 4910 ut
3704 4865 3759 4912 et

2158 4958 2349 5000 omnes
2372 4944 2463 5015 qui
2507 4951 2559 4999 te
2584 4942 2835 5011 viderint,
2869 4944 2984 4999 viso
3017 4954 3098 5012 te,
3126 4945 3277 5016 quasi
3317 4945 3461 5001 clara
3494 4947 3600 5003 illis
3621 4963 3758 5005 voce

2155 5046 2508 5108 personante,
2544 5034 2754 5091 discant
2796 5050 2866 5092 ne
2905 5036 3028 5091 talia
3055 5036 3315 5105 audeant,
3349 5047 3408 5092 ut
3445 5054 3514 5094 ne
3559 5039 3755 5096 similis

2158 5130 2430 5201 patiantur
2458 5146 2474 5185 :
2505 5137 2559 5185 et
2586 5143 2745 5199 pinna
2769 5137 2860 5184 tua
2889 5129 3024 5185 alios
3051 5129 3244 5186 doceat
3267 5145 3456 5187 omnes
3477 5173 3491 5196 ,
3522 5149 3590 5187 ne
3617 5132 3755 5189 ultra

2158 5222 2248 5277 tali
2273 5221 2529 5291 sanguine
2555 5229 2753 5277 terram
2780 5221 3042 5291 polluant.
3065 5219 3355 5291 Pr0pterea
3386 5237 3492 5278 non
3525 5223 3674 5280 brevi
3702 5234 3754 5282 te

2156 5323 2330 5371 morte
2354 5314 2585 5385 plectam
2607 5355 2621 5380 ,
2654 5322 2713 5368 ut
2749 5328 2818 5368 ne
2845 5312 3040 5368 factum
3070 5312 3323 5368 oblivioni
3349 5314 3627 5372 tradatur:
3655 5317 3752 5374 sed

2155 5408 2319 5462 vitam
2360 5415 2533 5463 morte
2568 5407 2866 5477 graviorem
2908 5406 3173 5462 sustinere
3210 5415 3261 5463 te
3297 5407 3527 5475 curabo,
3561 5417 3619 5465 ut
3663 5425 3759 5480 per

2159 5499 2276 5554 haec
2298 5498 2477 5554 discas
2498 5499 2674 5569 qualia
2702 5497 3111 5568 perpetraveris.
3136 5499 3224 5555 15.
3256 5497 3321 5552 Et
3349 5499 3477 5557 dixit
3507 5499 3632 5555 Cain
3660 5500 3759 5556 Do-

2156 5592 2294 5645 mino
2315 5606 2334 5645 :
2364 5590 2539 5662 Major
2565 5601 2639 5646 est
2665 5606 2820 5644 causa
2846 5605 2978 5657 mea,
3000 5605 3152 5658 quam
3182 5599 3237 5644 at
3266 5591 3495 5645 dimittar
3515 5608 3626 5664 ego.
3650 5592 3759 5648 Ma-

2154 5701 2317 5758 gnum
2345 5684 2565 5756 aliquid,
2596 5693 2650 5740 et
2677 5683 2833 5739 saluti
2862 5692 3061 5740 nostra;
3089 5684 3377 5756 plurimum
3405 5685 3537 5741 utile
3568 5684 3676 5753 hic,
3709 5686 3755 5740 si

2155 5779 2344 5835 attenti
2388 5778 2684 5846 fuerimus,
2719 5777 2901 5834 licebit
2937 5776 3234 5833 addiscere.
3291 5776 3359 5832 Et
3401 5778 3531 5832 dixit
3578 5776 3705 5831 Cain
3734 5792 3755 5831 :

2158 5875 2332 5951 Major
2362 5884 2435 5932 est
2464 5891 2619 5931 causa
2657 5891 2788 5943 mea,
2828 5889 2980 5946 quam
3013 5882 3064 5928 ut
3103 5871 3330 5928 dimittar
3347 5888 3459 5944 ego.
3495 5870 3631 5928 Ecce
3659 5869 3753 5927 ab-
