4110 6432
404 378 505 432 965

394 492 567 545 soluta
594 487 874 545 confessio.
903 483 1031 540 Tale
1063 493 1373 555 tantumque
1417 493 1498 539 est
1520 525 1534 550 ,
1567 484 1764 553 inquit,
1796 497 1982 553 pecca'

399 595 506 635 tum
539 581 678 652 quod
715 579 994 643 commisi,
1029 586 1084 632 ut
1115 593 1221 632 non
1251 577 1446 645 possim
1485 577 1727 644 accipere
1757 575 1982 627 veniam.

405 673 563 738 Ecce,
593 673 732 725 dicet
770 670 980 740 aliquis,
1013 671 1288 723 confessus
1317 676 1419 732 est,
1451 677 1506 721 et
1534 681 1652 722 cum
1683 680 1867 734 magna
1900 680 1986 717 ac-

397 766 670 820 curationc
695 762 972 818 confessus
995 771 1075 817 est
1100 781 1112 816 :
1147 761 1239 817 sed
1265 759 1396 814 nihil
1424 759 1545 813 inde
1575 757 1728 820 lucri,
1759 757 1982 811 dilecte:

396 857 767 927 intempestiva
820 857 962 910 cnim
1004 853 1272 910 confessio
1312 862 1412 908 est.
1458 852 1570 906 Hoc
1619 851 1762 905 enim
1812 850 1987 903 facere

397 949 675 1018 oportebat
720 957 960 1018 tempore
990 946 1321 1018 congruenti,
1348 943 1557 1014 quando
1596 941 1771 995 adlme
1815 941 1986 1009 impc-

397 1041 523 1095 trari
571 1049 779 1112 poterat
821 1056 850 1093 a
891 1039 1079 1095 Judice
1129 1035 1512 1091 misericordia.
1542 1033 1804 1087 Memores
1848 1047 1988 1086 nunc

393 1140 564 1186 estote
599 1131 714 1201 ejus
740 1132 880 1201 quod
921 1131 1076 1200 paulo
1109 1139 1232 1182 ante
1266 1127 1409 1192 dixi,
1457 1140 1647 1194 nempe
1684 1126 1736 1178 in
1767 1124 1985 1179 terribili

395 1225 487 1278 illo
513 1225 600 1279 die
624 1233 679 1278 et
720 1225 770 1277 in
803 1223 1070 1285 tribunali,
1103 1222 1155 1276 in
1185 1236 1290 1291 quo
1331 1220 1474 1272 nulla
1519 1232 1865 1287 personarum
1893 1231 1986 1270 ac-

392 1315 590 1384 ceptio,
619 1315 732 1367 fore
757 1323 812 1367 ut
833 1313 1195 1382 unusquisque
1221 1321 1459 1364 nostrum
1483 1310 1550 1364 ob
1575 1318 1790 1378 peccata
1819 1309 1988 1378 pinni-

396 1405 556 1458 tentia
591 1403 834 1470 ducatur,
866 1404 1054 1458 videns
1079 1412 1132 1456 et
1171 1411 1292 1454 ante
1323 1400 1508 1454 oculos
1538 1399 1742 1454 habens
1773 1399 1986 1454 terribi-

395 1497 460 1550 lia
492 1496 578 1550 illa
610 1503 871 1550 tormenta
896 1536 908 1558 ,
939 1505 992 1549 et
1032 1493 1363 1548 inevitabiles
1402 1506 1587 1562 pmnas
1608 1531 1622 1558 ,
1656 1491 1750 1545 sed
1789 1490 1984 1544 nullam

391 1591 516 1646 inde
543 1589 822 1644 habiturus
853 1589 1159 1652 utilitatem,
1194 1599 1435 1655 tempore
1463 1585 1770 1639 destitutus.

462 1681 766 1735 Pwnitentia
797 1689 913 1734 ante
943 1696 1144 1748 pernam
1173 1678 1330 1731 utilis.
1363 1706 1434 1715 —
1464 1676 1779 1731 Pmnitentia
1805 1674 1946 1728 enim
1971 1716 1982 1737 ,

392 1771 702 1842 priusquam
733 1785 888 1840 poma
921 1770 1198 1835 inferatur,
1225 1779 1433 1838 tempus
1463 1767 1642 1832 habet,
1670 1777 1722 1820 ct
1745 1765 1987 1821 ineffabi-

394 1865 497 1916 lem
526 1862 652 1915 vim.
685 1861 914 1916 Proinde
943 1861 1189 1927 obsecro,
1217 1874 1336 1914 cum
1367 1859 1539 1912 adhuc
1565 1858 1755 1913 efﬁcax
1786 1867 1867 1912 est
1896 1859 1986 1910 ιιιὶο

394 1954 598 2008 rilicum
629 1952 730 2008 hoc
766 1952 1112 2023 pharmacum
1139 1995 1153 2018 ,
1181 1950 1460 2007 commoda
1504 1960 1558 2005 et
1598 1952 1821 2005 fructum
1863 1950 1987 2006 inde

393 2044 747 2114 percipiamus
769 2084 784 2110 ,
821 2053 876 2099 et
903 2059 1024 2099 cum
1057 2044 1233 2099 adhuc
1278 2058 1463 2098 sumus
1491 2043 1540 2097 in
1570 2043 1817 2112 praesenti
1845 2043 1946 2096 vita
1967 2083 1983 2108 ,

394 2137 720 2202 poenitentia:
771 2135 1106 2190 medicamen
1149 2134 1301 2189 nobis
1351 2147 1682 2204 apponatnus
1707 2173 1721 2198 ,
1753 2135 1986 2188 scientes

392 2229 627 2299 liquido,
661 2229 790 2284 nihil
838 2238 963 2282 tunc
1002 2228 1156 2283 nobis
1202 2227 1568 2297 pmnitentiam
1615 2225 1982 2296 profuturam,

390 2338 510 2378 cum
557 2324 789 2378 solutum
826 2321 1391 2393 fueritspectaculum,
1417 2331 1473 2376 et
1502 2331 1710 2391 tempus
1733 2319 1983 2374 certami—

393 2431 519 2470 num
546 2415 802 2470 ablatum.

465 2508 516 2562 ι.
549 2507 747 2562 Verum
785 2505 854 2562 ad
894 2506 1189 2561 institutum
1219 2506 1518 2561 redeamus.
1546 2504 1834 2575 Oportebat
1862 2513 1985 2560 tunc

391 2614 511 2652 cum
540 2599 955 2669 interrogaretur
977 2613 1007 2652 a
1032 2599 1275 2662 Domino,
1297 2597 1394 2652 Ubi
1415 2606 1486 2651 est
1509 2597 1631 2650 Abel
1653 2601 1810 2666 frater
1825 2606 1940 2650 tuus
1960 2596 1986 2649 ?

392 2691 632 2745 conliteri
661 2698 936 2759 peccatum
964 2698 1017 2744 ct
1048 2689 1323 2759 procidere
1345 2731 1360 2754 ,
1389 2700 1444 2743 et
1469 2703 1626 2742 orare
1650 2730 1665 2754 ,
1697 2697 1748 2742 et
1775 2689 1983 2743 veniam

393 2791 614 2854 petere;
655 2784 768 2854 ipse
808 2798 936 2837 vero
968 2792 1092 2836 tunc
1125 2781 1341 2852 quidem
1387 2781 1705 2836 medicinam
1755 2781 1940 2850 rejeeit
1965 2823 1981 2848 ,

393 2888 534 2928 nunc
575 2884 782 2937 autem,
828 2882 950 2943 post
993 2876 1310 2928 sententiam
1337 2912 1351 2937 ,
1384 2881 1502 2942 post
1543 2873 1699 2926 ﬁnem
1739 2873 1985 2928 omnibus

393 2964 717 3034 impositum,
740 2973 1022 3035 postquam
1063 2965 1206 3018 clara
1228 2978 1359 3019 voce
1384 2975 1663 3018 accusatus
1689 2974 1771 3018 est
1807 2979 1835 3016 a
1862 2978 1985 3018 san-

389 3060 549 3125 guine
577 3058 628 3111 in
661 3068 802 3112 terra
842 3058 1072 3128 jacentis
1092 3099 1106 3124 ,
1139 3057 1423 3113 conﬁtetur
1443 3098 1457 3122 ,
1490 3057 1721 3128 nihilque
1753 3057 1874 3111 inde
1907 3057 1985 3112 lu-

389 3148 614 3203 crifacit.
657 3147 811 3204 Unde
847 3149 1104 3219 prepltcta
1130 3149 1338 3204 dicebat
1367 3167 1380 3202 τ
1413 3149 1589 3202 Justus
1614 3150 1694 3202 sui
1716 3151 1873 3219 ipsius
1895 3166 1985 3202 ae-

391 3250 593 3294 cusator
635 3240 687 3294 in
739 3240 987 3310 principio
1033 3241 1275 3295 sermonis
1311 3239 1506 3311 (Prov.
1540 3241 1622 3296 lS.
1657 3240 1776 3311 17).
1809 3241 1871 3294 Ει
1898 3240 1984 3296 hic

391 3348 649 3403 quoque,
704 3334 748 3388 si
805 3335 1148 3403 prtevenisset
1203 3334 1409 3388 Domini
1469 3336 1980 3402 reprehensionem,

391 3426 612 3479 omnino
659 3425 1079 3481 misericordiam
1123 3436 1484 3496 consequutus
1526 3427 1736 3492 fuisset,
1770 3437 1985 3496 prOpter

391 3519 706 3573 immensam
752 3519 959 3572 Domini
1019 3518 1418 3588 benignitatem.
1465 3518 1675 3572 Nullum
1720 3521 1861 3573 enim
1903 3528 1984 3572 est

392 3620 691 3678 peccatum,
719 3619 1206 3678 quantumcumque
1234 3625 1396 3679 grave
1420 3611 1510 3676 sit,
1543 3610 1682 3679 quod
1715 3611 1852 3664 illius
1882 3611 1982 3664 mi-

390 3701 736 3754 scricordiam
783 3701 959 3754 vincat
989 3716 1002 3752 :
1035 3700 1195 3754 modo
1228 3711 1466 3768 tempore
1494 3700 1675 3754 debito
1716 3702 1981 3770 pannicu-

393 3791 518 3845 tiam
546 3806 782 3862 agamus,
801 3803 857 3847 et
879 3792 1082 3846 veniam
1104 3801 1363 3860 petamus.
1389 3791 1455 3845 Et
1475 3792 1602 3845 dixit
1623 3791 1748 3846 Cain
1771 3807 1790 3845 :
1812 3790 1984 3862 Major

390 3895 462 3938 est
491 3901 646 3938 causa
676 3901 784 3938 mea
809 3927 821 3950 ,
851 3901 1002 3955 quam
1031 3893 1082 3937 ut
1111 3885 1337 3937 dimittar
1377 3901 1486 3954 ego.
1533 3883 1815 3938 Sufﬁciens
1847 3898 1981 3938 con-

391 3979 552 4034 fessio
572 4021 586 4046 ,
620 3978 714 4034 sed
752 3979 1142 4048 intempestiva.
1169 3979 1235 4033 Et
1261 3977 1394 4032 dixit
1425 3995 1436 4030 :
1470 3978 1554 4032 Η.
1581 3978 1642 4032 Si
1670 3977 1876 4048 ejeceris
1905 3993 1984 4032 nte

390 4073 538 4127 ltodie
567 4089 598 4125 a
628 4074 758 4143 facie
783 4082 947 4139 terrw,
977 4082 1024 4127 et
1047 4089 1079 4126 a
1107 4073 1236 4144 facie
1265 4081 1353 4126 tua
1381 4071 1684 4139 abscondar,
1713 4081 1759 4126 et
1789 4088 1872 4125 ero
1891 4088 1983 4142 ge-

389 4180 529 4218 mens
567 4173 614 4218 et
641 4173 856 4218 tremens
884 4181 1036 4232 super
1060 4173 1244 4217 terrant
1261 4180 1280 4230 ;
1307 4172 1353 4216 et
1383 4164 1472 4216 erit
1493 4206 1506 4229 ,
1539 4163 1699 4217 omnis
1728 4164 1810 4232 qui
1840 4163 1982 4217 inve-

389 4255 517 4308 uerit
552 4271 631 4308 me
653 4295 668 4321 ,
696 4255 884 4308 occidet
918 4271 1015 4308 me.
1047 4253 1182 4309 Vide
1223 4270 1380 4324 quam
1422 4255 1746 4310 miserabilia
1785 4255 1940 4310 verba
1962 4295 1977 4319 ,

391 4357 499 4398 tum
523 4346 646 4414 quia
687 4345 1077 4414 intempestiva,
1109 4354 1219 4398 tum
1245 4346 1366 4415 quia
1395 4354 1636 4414 tempore
1661 4345 1842 4414 elapso
1864 4347 1982 4400 nul-

390 4439 498 4491 lum
549 4437 774 4492 fructum
803 4437 1077 4492 afferrent.
1109 4437 1176 4492 Et
1205 4437 1338 4492 dixit
1365 4453 1378 4489 :
1413 4437 1473 4492 Si
1500 4439 1702 4509 ejeceris
1731 4455 1808 4492 me
1832 4440 1982 4492 hodie

389 4546 420 4582 α
445 4528 577 4599 facie
597 4536 760 4593 terrae,
791 4539 835 4581 et
867 4545 898 4580 a
927 4529 1057 4597 facie
1081 4538 1167 4581 tua
1203 4527 1503 4595 abscondar,
1537 4540 1582 4583 et
1610 4546 1693 4584 ero
1713 4547 1910 4600 gemens
1933 4542 1979 4586 et

387 4633 600 4675 tremens
632 4638 784 4692 super
815 4631 1039 4687 terram;
1069 4631 1115 4675 et
1145 4623 1269 4688 erit,
1295 4623 1455 4676 omnis
1481 4623 1564 4691 qui
1601 4640 1678 4678 me
1707 4625 1975 4692 invenerit,

385 4716 648 4782 interﬁciet
673 4732 767 4768 me.
793 4715 846 4770 Si
876 4715 926 4768 in
953 4724 1111 4782 terra,
1145 4716 1333 4785 inquit,
1367 4716 1708 4771 maledictum
1740 4733 1827 4773 me
1849 4717 1979 4773 feci-

385 4809 451 4862 sti
479 4815 537 4862 et
583 4807 695 4878 ipse
740 4822 824 4862 me
870 4807 1131 4861 aversaris
1158 4848 1171 4871 ,
1202 4815 1467 4877 tantasque
1515 4823 1685 4877 poenae
1717 4809 1974 4865 tradidisti

388 4915 495 4964 me,
529 4902 600 4953 ita
623 4906 681 4954 ut
707 4914 915 4968 gemam
937 4907 990 4953 et
1012 4908 1256 4962 trcmam,
1282 4898 1414 4952 nihil
1441 4900 1741 4968 prohibebit
1771 4911 1973 4970 postea,

385 4991 512 5060 quin
541 4991 780 5060 quisquis
812 4990 863 5044 in
909 5005 996 5045 me
1025 4990 1113 5046 vel
1153 4990 1367 5046 fortuito
1398 4990 1640 5046 inciderit
1665 5034 1680 5056 ,
1712 5009 1797 5048 me
1827 5009 1891 5048 eo
1922 4995 1976 5048 in

382 5094 523 5139 statu
567 5084 799 5154 positum
838 5092 891 5138 et
923 5092 1007 5137 tua
1040 5097 1142 5153 ope
1185 5083 1440 5138 nudatum
1471 5083 1771 5139 interﬁciat.
1802 5085 1978 5140 Facile

387 5177 639 5232 invadere
678 5193 765 5231 me
796 5177 1010 5246 poterit,
1039 5175 1224 5246 inquit,
1259 5176 1304 5230 si
1335 5176 1454 5245 quis
1483 5176 1784 5232 interﬁcere
1812 5180 1972 5233 volet.

384 5270 564 5339 Neque
588 5270 730 5324 enim
752 5272 863 5339 ipse
883 5269 1140 5325 obluctari
1166 5277 1372 5338 potero,
1397 5278 1503 5324 tam
1524 5269 1779 5326 dissoluta
1809 5285 1978 5325 mem-

385 5363 475 5415 bra
507 5361 884 5416 circumferens
906 5404 920 5428 ,
949 5371 1003 5417 et
1046 5361 1282 5431 undique
1307 5370 1640 5417 commotus:
1668 5362 1884 5431 insuper
1923 5373 1976 5417 et

386 5454 508 5516 hoc,
536 5452 677 5519 quod
705 5453 875 5506 sciant
915 5467 1103 5508 omnes
1129 5461 1218 5507 tua
1247 5467 1332 5507 me
1357 5466 1459 5521 ope
1487 5451 1818 5518 destitutum,
1849 5468 1971 5508 eum

383 5543 472 5612 qui
499 5542 638 5604 velit,
671 5552 728 5595 ut
750 5542 816 5596 ad
851 5543 1051 5598 eadem
1079 5559 1250 5599 meam
1270 5544 1527 5613 prosiliat,
1561 5543 1818 5598 incitabit.
1839 5542 1974 5611 Quid

384 5649 512 5703 ergo
544 5631 848 5688 misericors
891 5642 947 5688 et
993 5633 1166 5688 bonus
1192 5635 1490 5691 Dominus?
1515 5636 1602 5691 l5.
1634 5635 1696 5688 Et
1727 5635 1853 5689 dixit
1900 5635 1975 5687 illi

392 5722 640 5775 Dominus
667 5722 798 5777 Deus
829 5741 845 5778 :
884 5724 1004 5777 Non
1045 5725 1136 5778 sic.
1169 5723 1246 5780 Nc
1285 5735 1438 5795 putes
1463 5767 1476 5791 ,
1508 5726 1714 5796 inquit,
1746 5725 1860 5780 lucc
1905 5727 1973 5779 ita

387 5815 516 5868 licri.
550 5813 729 5880 Neque
775 5815 915 5871 enim
957 5816 1136 5872 licebit
1171 5819 1359 5888 cuique
1385 5819 1579 5875 volenti
1609 5829 1658 5874 te
1688 5822 1927 5877 occidere
1957 5863 1969 5887 ,

1115 371 1167 426 S.
1211 369 1487 425 103Nle
1525 368 1999 426 CllilYSOSTOMI
2043 367 2356 423 ARCIHEP.
2399 368 2932 426 CONSTANTINOP.
3583 379 3682 434 Nil

2097 483 2190 537 sed
2219 499 2285 537 ex
2319 483 2649 538 diuturniore
2697 484 2799 538 vita
2833 495 2920 538 tua
2952 493 3004 538 et
3044 484 3213 554 major
3242 486 3363 543 inde
3405 489 3497 543 tibi
3529 491 3683 547 dolor

2097 575 2216 638 erit,
2251 584 2305 628 et
2354 575 2648 644 relinquam
2695 584 2745 630 te
2788 576 3012 646 posteris
3041 581 3470 646 generationibus
3514 586 3679 651 magi-

2095 676 2288 729 strum,
2321 675 2377 719 ιιι
2407 666 2478 718 tui
2507 667 2866 735 spectaculum
2898 667 3006 722 illis
3025 669 3094 722 sit
3117 669 3408 724 admonitio
3437 683 3489 726 et
3518 676 3679 728 casti-

2094 758 2266 823 gatio,
2314 755 2592 826 nullusque
2621 757 2923 826 exemplum
2953 767 3099 812 tuum
3142 771 3414 831 sequatur.
3445 763 3510 816 Et
3557 765 3682 820 dixit

2096 846 2342 901 Dominus
2390 848 2523 902 Deus
2553 865 2570 903 :
2602 848 2720 903 Non
2768 851 2856 904 sic.
2896 850 3074 906 Omnis
3114 855 3198 922 qui
3241 855 3480 910 occiderit
3519 856 3682 924 Cain,

2093 949 2284 1008 septem
2310 940 2522 993 ultiones
2555 942 2724 994 solvet.
2756 941 3019 997 Fortassis
3057 941 3216 998 multa
3245 955 3369 1002 sunt
3397 964 3515 1018 qua:
3541 950 3681 1016 dixi,

2095 1042 2145 1085 et
2175 1033 2396 1087 multam
2425 1035 2633 1102 corpori
2664 1037 2958 1089 molestiam
2990 1037 3279 1091 attulimus.
3311 1039 3416 1094 Sed
3446 1041 3570 1109 quid
3603 1042 3682 1095 fa-

2094 1127 2270 1180 ciam?
2294 1127 2426 1194 Quia
2454 1128 2609 1181 video
2636 1139 2864 1182 vestram
2892 1130 2943 1182 in
2973 1130 3236 1184 audiendo
3273 1132 3599 1198 aviditatem,
3631 1146 3682 1189 et

2097 1221 2284 1289 ingens
2321 1220 2641 1276 desiderium
2664 1262 2679 1286 ,
2709 1221 2910 1292 reliqua
2951 1223 3108 1277 etiam
3149 1238 3460 1294 persequar,
3496 1236 3549 1281 et
3588 1244 3685 1296 pro

2094 1312 2294 1366 viribus
2321 1313 2452 1366 meis
2483 1313 2888 1382 interpretabor.
2917 1314 3052 1382 Quid
3079 1323 3161 1369 est
3185 1357 3199 1380 ,
3230 1316 3438 1386 Septem
3472 1321 3685 1374 tdtiones

2093 1403 2292 1456 solvet?
2318 1403 2424 1458 Sed
2471 1405 2658 1458 iterum
2712 1419 2901 1459 vereor
2943 1421 3008 1458 ne
3038 1405 3300 1462 dictorum
3347 1409 3684 1466 multitudine

2095 1496 2404 1549 memoriam
2435 1511 2618 1550 eorum
2647 1512 2764 1566 qua:
2797 1497 2937 1551 dicta
2978 1507 3102 1552 sunt
3130 1499 3352 1554 obruam
3375 1541 3389 1562 .
3421 1513 3474 1556 et
3504 1503 3684 1558 videar

2095 1585 2245 1638 vobis
2271 1584 2537 1640 fastidium
2567 1586 2757 1642 afferre
2789 1607 2802 1641 :
2834 1589 2928 1643 sed
2959 1589 3004 1643 si
3033 1606 3136 1644 non
3169 1591 3480 1662 fatigamiui,
3518 1595 3683 1649 susti‘

2096 1687 2238 1738 uete,
2271 1687 2324 1731 et
2370 1677 2470 1732 hoc
2499 1677 2743 1733 absoluto
2767 1689 3040 1747 contextu,
3070 1696 3372 1738 sermonem
3417 1686 3680 1742 ﬁniemus.

2094 1766 2160 1820 Et
2190 1768 2320 1821 dixit
2351 1769 2427 1821 illi
2447 1766 2700 1823 Dominus
2733 1769 2868 1825 Deus
2891 1787 2909 1824 :
2938 1771 3059 1826 Non
3088 1775 3182 1828 sic.
3217 1774 3394 1830 Omnis
3422 1778 3506 1845 qui
3547 1779 3682 1831 occi-

2093 1857 2221 1911 derit
2249 1857 2409 1924 Cain,
2445 1860 2626 1929 septies
2655 1861 2870 1915 ultiones
2907 1862 3083 1917 solvet.
3114 1862 3182 1916 Et
3227 1872 3394 1934 posuit
3434 1867 3685 1923 Dominus

2093 1947 2233 2004 Deus
2253 1951 2456 2020 signum
2480 1953 2532 2006 in
2553 1951 2698 2020 Cain,
2724 1970 2786 2007 ne
2810 1956 2973 2009 omnis
3000 1957 3088 2026 qui
3114 1958 3354 2013 inueniret
3381 1961 3526 2014 illum
3553 1966 3687 2016 occi—

2092 2043 2248 2098 deret.
2271 2043 2381 2098 Hoc
2401 2044 2641 2110 timuisti,
2663 2045 2852 2114 inquit,
2877 2062 2943 2102 ne
2961 2049 3268 2106 occiderere
3286 2052 3308 2106 ?
3323 2053 3566 2120 Conﬁdo,
3584 2053 3688 2111 hoc

2093 2153 2197 2191 non
2224 2138 2348 2193 erit.
2374 2137 2505 2192 Nam
2528 2138 2766 2208 quisquis
2794 2139 2894 2195 hoc
2919 2140 3095 2196 facere
3122 2145 3681 2215 attentaverit,septu-

2091 2229 2216 2298 plici
2247 2244 2418 2298 paena:
2461 2244 2520 2285 se
2571 2229 2730 2286 faciet
2768 2231 3055 2287 obnoxium
3088 2250 3102 2286 :
3133 2243 3189 2288 et
3232 2235 3431 2291 idcirco
3477 2237 3684 2308 signum

2095 2323 2186 2376 tibi
2217 2323 2453 2393 impono,
2483 2332 2537 2378 ut
2585 2324 2760 2379 nullus
2803 2325 3053 2394 ignorans
3095 2326 3372 2384 interfecto
3401 2338 3485 2397 te,
3512 2332 3686 2400 poenis

2095 2416 2196 2471 illis
2223 2431 2281 2471 se
2308 2416 2598 2472 obnoxium
2628 2417 2803 2472 faciat.

2261 2506 2466 2578 Septem
2494 2509 2709 2563 ultiones
2735 2510 2786 2563 in
2811 2508 2970 2564 Caino
2992 2527 3106 2582 quae
3125 2512 3150 2565 ?
3169 2542 3238 2551 —
3265 2511 3370 2568 Sed
3403 2527 3494 2581 par
3521 2521 3604 2568 est
3627 2523 3684 2570 ut

2093 2598 2426 2654 manifestius
2463 2615 2560 2654 vos
2602 2601 2864 2668 doceam,
2892 2603 3163 2672 quomodo
3198 2604 3286 2674 qui
3321 2603 3450 2660 Cain
3489 2606 3683 2661 occidit

2090 2699 2300 2758 septem
2341 2705 2616 2760 ptenarum
2656 2706 2778 2745 reus
2830 2693 2918 2746 sit.
2973 2693 3078 2748 Vos
3128 2709 3354 2763 precor,
3401 2697 3678 2752 attendite.

2090 2780 2221 2834 Nam
2250 2781 2295 2835 si
2321 2797 2479 2845 nunc.
2508 2782 2646 2837 sicut
2665 2791 2719 2837 et
2747 2783 2799 2837 in
2829 2784 3192 2852 superioribus
3213 2785 3404 2840 diebus
3428 2801 3569 2856 saepe
3594 2804 3681 2843 ca-

2090 2874 2230 2928 ritati
2259 2883 2448 2928 vestrae
2468 2873 2720 2942 diximus,
2745 2890 2864 2929 cum
2888 2875 3074 2946 jejunii
3107 2885 3314 2946 tempus
3340 2886 3439 2941 est,
3465 2887 3518 2932 et
3541 2888 3678 2937 tama

2092 2967 2474 3036 tranquillitate
2501 2968 2763 3034 fruimur,
2795 2976 2845 3022 et
2887 2967 3092 3023 liberati
3125 2983 3310 3022 sumus
3341 2986 3371 3023 a
3401 2971 3678 3040 cogitatio-

2092 3060 2248 3113 nibus
2285 3074 2402 3127 quze
2442 3067 2674 3113 mentem
2721 3071 2956 3113 noszram
2985 3060 3315 3130 perturbant,
3344 3078 3448 3117 non
3475 3077 3678 3117 summa

2091 3150 2359 3220 diligentia
2389 3149 2711 3204 addiscimus
2733 3165 2853 3220 qua:
2888 3152 2938 3204 in
2966 3151 3162 3205 divinis
3187 3152 3476 3223 Scripturis
3506 3155 3679 3208 conti-

2093 3251 2300 3307 nentur,
2326 3241 2537 3311 quando
2553 3257 2615 3296 ea
2641 3242 2758 3295 aliis
2781 3242 3103 3310 temporibus
3125 3242 3334 3298 discere
3354 3245 3680 3314 poterimus?

2093 3334 2217 3389 Ideo
2246 3349 2361 3399 oro,
2395 3343 2448 3389 et
2494 3349 2713 3404 precor,
2743 3342 2797 3388 et
2822 3335 3062 3402 supplico
3083 3374 3098 3399 ,
3129 3344 3181 3388 et
3207 3336 3358 3404 quasi
3395 3350 3565 3405 genua
3593 3352 3680 3412 ve-

2090 3436 2198 3482 stra
2231 3427 2502 3495 contingo,
2529 3425 2729 3479 intenta
2759 3434 2935 3480 mente
2958 3425 3039 3480 bis
3063 3441 3181 3495 qua:
3204 3425 3452 3479 dicuntur
3475 3427 3680 3481 auscul-

2091 3526 2262 3573 temus
2282 3558 2297 3583 ,
2329 3527 2386 3573 ut
2415 3515 2588 3571 fructu
2617 3516 2794 3586 aliquo
2830 3515 2994 3570 nobili
3041 3525 3093 3570 et
3127 3516 3394 3586 prmcipuo
3424 3527 3640 3587 accepto
3662 3559 3678 3584 ,

2093 3612 2311 3664 domum
2340 3619 2522 3679 postea
2553 3607 2858 3664 redeamus.
2887 3607 3021 3674 Quid
3053 3609 3208 3678 igitur
3237 3617 3338 3672 est,
3374 3608 3578 3679 Septem
3606 3611 3681 3662 ul-

2091 3703 2249 3755 tiones
2277 3699 2740 3756 soleet?Primum
2783 3698 2999 3769 quidem
3047 3700 3379 3768 septenarius
3429 3715 3681 3754 numerus

2089 3795 2158 3850 de
2197 3793 2532 3849 multitudine
2563 3792 2758 3847 dicitur
2795 3793 2848 3847 in
2887 3792 3064 3846 divina
3113 3793 3386 3862 Scriptura
3423 3810 3439 3844 :
3469 3793 3518 3846 id
3542 3792 3680 3863 quod

2090 3903 2234 3958 sape
2261 3889 2311 3942 in
2342 3887 2630 3956 Scripturis
2659 3887 2909 3953 occurrit,
2936 3895 3012 3948 ut,
3033 3885 3237 3940 Sterilis
3279 3888 3468 3957 peperit
3498 3895 3681 3956 septem

2091 3981 2168 4052 (ι.
2201 3981 2330 4051 Reg.
2360 3980 2417 4034 ἢ.
2445 3981 2533 4051 5):
2564 3989 2616 4034 et
2647 3979 2860 4033 similia.
2890 3978 3202 4048 Conjectare
3227 3988 3406 4033 autem
3440 3979 3525 4034 hic
3559 3979 3682 4032 licet

2093 4073 2294 4138 peccati
2323 4070 2764 4143 magnitudinem,
2795 4079 2851 4124 et
2877 4070 3048 4140 ipsum
3080 4084 3182 4123 non
3208 4084 3370 4122 unum
3405 4079 3677 4138 peccatum

2089 4163 2442 4229 commisisse,
2475 4163 2568 4218 sed
2596 4172 2821 4232 septem,
2848 4176 3074 4230 quorum
3105 4160 3327 4229 quodvis
3359 4175 3452 4229 per
3480 4174 3538 4214 se
3569 4175 3680 4214 ma-

2088 4271 2189 4327 gna
2220 4271 2376 4325 pinna
2421 4255 2691 4309 luendum.
2728 4253 2890 4324 igitur
2917 4251 3186 4322 quomodo
3216 4254 3329 4307 haec
3377 4253 3682 4308 numerabi-

2091 4349 2247 4404 mus?
2291 4349 2525 4403 Primum
2568 4347 2765 4400 invidet
2811 4345 2989 4409 fratri,
3023 4344 3160 4414 quod
3204 4344 3312 4399 Deo
3357 4347 3423 4398 sit
3453 4353 3676 4413 gratus:

2088 4439 2228 4510 quod
2255 4439 2300 4495 si
2341 4439 2516 4493 solum
2546 4436 2821 4502 adfuisset,
2853 4436 2918 4489 ad
2940 4435 3317 4490 accersendum
3349 4435 3424 4489 illi
3458 4435 3677 4492 exilium

2087 4531 2416 4596 suffecisset;
2448 4529 2702 4594 secundo,
2732 4527 2894 4584 frater
2924 4529 3070 4584 fratri
3098 4545 3195 4583 suo
3226 4527 3467 4594 invidet;
3499 4529 3674 4594 tertio,

2088 4623 2298 4679 fraudes
2329 4623 2574 4686 consuit;
2617 4632 2827 4692 quarto,
2857 4624 3057 4676 caulem
3087 4637 3249 4692 opere
3277 4623 3458 4690 implet
3485 4639 3500 4688 ;
3524 4624 3678 4692 quiu-

2087 4724 2142 4771 to
2165 4757 2180 4781 ,
2208 4715 2424 4770 fratrem
2460 4715 2684 4779 occidit;
2713 4724 2863 4768 sexto
2884 4756 2897 4779 ,
2931 4715 3136 4783 primus
3175 4722 3398 4768 mortem
3429 4725 3676 4782 operatus

2086 4816 2200 4872 est;
2234 4807 2460 4875 septimo
2484 4847 2498 4869 ,
2532 4806 2638 4859 Deo
2668 4806 2920 4859 mentitus
2951 4815 3050 4859 est.
3083 4804 3218 4860 Num
3248 4807 3516 4874 assequuti
3555 4806 3682 4861 estis

2087 4901 2226 4956 dicta
2251 4941 2265 4966 ,
2292 4913 2359 4952 an
2385 4913 2514 4953 vero
2541 4898 2701 4951 vultis
2732 4907 2788 4951 ut
2826 4911 2886 4950 ea
2915 4899 3103 4950 iterum
3134 4910 3504 4952 recenseamus
3528 4937 3542 4962 ,
3571 4912 3677 4965 quo

2087 4993 2266 5048 sciatis
2304 4989 2571 5062 quomodo
2603 4989 3013 5058 unumquodque
3041 5004 3135 5058 per
3160 5002 3218 5042 se
3262 4988 3590 5053 sufﬁciebat,
3621 5000 3678 5042 ut

2087 5085 2315 5138 maxima
2343 5082 2664 5153 plecteretur
2691 5081 2880 5148 penna?
2901 5079 3032 5133 Nam
3060 5079 3178 5148 quis
3205 5079 3285 5134 vel
3313 5080 3464 5135 venia
3493 5079 3677 5149 digna-

2085 5185 2233 5230 retur
2259 5175 2412 5229 alteri
2444 5175 2766 5229 invidentcm
2788 5214 2803 5239 ,
2835 5173 2977 5242 quod
3016 5173 3106 5228 Dei
3135 5172 3504 5227 benevolentia
3537 5172 3673 5227 fruc-

2087 5267 2264 5321 retur?
2289 5265 2427 5321 Ecce
2454 5280 2615 5320 unum
2644 5264 2932 5318 maximum
2957 5273 3010 5318 ct
3035 5263 3354 5332 inexpiabile
3375 5275 3671 5334 peceatum.

2085 5358 2285 5414 Deinde
2316 5359 2416 5412 hoc
2445 5357 2614 5426 majus
2640 5355 2958 5422 ostenditur,
2981 5356 3103 5426 quia
3145 5354 3308 5409 frater
3341 5359 3563 5410 eratcui
3599 5356 3674 5408 in-

2083 5450 2314 5514 videbat,
2346 5457 2400 5504 et
2421 5449 2561 5504 nulla
2593 5447 2740 5502 illum
2777 5461 2995 5516 prorsus
3021 5447 3208 5515 injuria
3241 5446 3509 5502 affecerat.
3540 5447 3674 5500 Ecce

2083 5552 2137 5598 ct
2169 5544 2267 5597 hoc
2309 5557 2521 5612 quoque
2563 5557 2668 5596 non
2707 5540 2923 5610 vulgare
2955 5548 3230 5610 peccatum
3270 5549 3373 5594 est.
3401 5539 3517 5594 Jant
3565 5548 3673 5593 ter-

2085 5636 2214 5689 tium
2241 5675 2256 5699 ,
2285 5633 2427 5704 quod
2457 5626 2609 5686 dolos
2639 5631 2842 5698 nexuit,
2872 5631 3094 5701 decepto
3115 5630 3247 5686 et‘in
3275 5645 3522 5700 campum
3549 5629 3672 5684 alle-

2083 5736 2169 5782 cto
2200 5726 2361 5781 fratre
2382 5765 2396 5788 ,
2431 5739 2602 5794 neque
2630 5724 2796 5794 ipsam
2831 5733 3071 5779 naturam
3104 5723 3384 5778 reveritus.
3416 5722 3672 5790 Quartum

2090 5832 2361 5892 peccatum
2396 5819 2503 5890 ipsa
2535 5826 2648 5874 erat
2695 5818 2902 5886 (aedes,
2939 5831 3094 5891 quam
3134 5817 3472 5888 perpetravit.
3504 5814 3671 5884 Quin-
