4110 6414
260 347 368 407 163

255 463 512 536 τισμένη.
543 464 797 520 Τοιοῦτον
824 464 932 536 γάρ
953 465 1089 528 ἑστι,
1120 467 1275 538 φησὶ,
1301 467 1362 521 τὸ
1389 470 1696 541 ἁμάρτημα
1713 469 1774 524 τὸ
1801 471 1932 541 παρ’

258 553 400 621 ἐμοῦ
425 553 668 623 γεγονὸς,
715 553 792 618 ὡς
840 553 1202 626 μὴδύνασθαι
1257 556 1606 628 συγχώρησιν
1656 558 1932 625 δέξασθαι.

272 641 430 705 Ἰδοὺ,
456 642 642 712 φησὶν,
675 641 1146 714 ἑξωμολογήσατο,
1188 645 1280 699 καὶ
1313 645 1766 716 ὲξωμολογήσατο
1799 643 1939 716 μετὰ

261 730 469 802 πολλῆς
497 730 597 802 τῆς
625 731 909 802 ἀκριϐείας
928 749 942 762 ν
997 731 1111 786 ἀλλ’
1143 733 1294 786 οὐδὲν
1317 733 1376 787 τὸ
1406 733 1617 805 κέρδος,
1649 732 1934 803 ἀγαπητέ·

261 817 496 888 ἄκαιρος
521 817 632 889 γάρ
668 820 702 890 ή
747 818 1150 892 ἐξομολόγησις.
1181 819 1352 874 Τοῦτο
1379 820 1488 891 γὰρ
1519 821 1686 891 ὲχρῆν
1712 821 1938 892 ποιῆσαι

263 905 325 958 ἐν
347 904 426 976 τῷ
458 905 636 978 καιρῷ
669 906 748 977 τῷ
794 907 986 973 δέοντι,
1034 909 1122 962 ὅτε
1155 907 1379 963 δυνατὸν
1429 904 1498 980 ἦν
1532 909 1625 963 καὶ
1653 908 1752 978 τῆς
1787 907 1940 978 παρά

263 991 363 1046 τοῦ
396 993 651 1050 δικαστοῦ
681 997 861 1067 τυχεῖν
900 996 1331 1070 φιλανθρωπίας.
1379 995 1810 1069 Μνημονεύσατὲ
1847 1012 1938 1067 μοι

265 1079 366 1133 νῦν
387 1073 463 1134 ὧν
491 1080 594 1152 πρὸ
623 1081 820 1152 μικροῦ
851 1081 1054 1152 ἔλεγον,
1085 1085 1168 1137 δτι
1192 1083 1333 1138 κατά
1355 1084 1454 1156 τὴν
1480 1084 1695 1154 ἡμέραν
1723 1082 1938 1153 ἐκείνην

265 1167 368 1236 τὴν
397 1167 654 1240 φοϐεράν,
689 1169 782 1223 καί
810 1169 871 1223 το
897 1171 1179 1242 κριτήριον
1211 1172 1386 1225 ἐκεῖνο
1413 1171 1474 1224 τὸ
1501 1170 1816 1234 ἀδέκαστον,
1847 1171 1940 1224 καὶ

265 1255 429 1326 ήμῶν
461 1255 691 1320 ἕκαστος
735 1256 1143 1326 μεταγνώσεται
1202 1258 1294 1312 ἑπὶ
1340 1261 1453 1318 τοῖς
1507 1257 1937 1330 ἡμαρτημένοις,

267 1341 414 1412 δρῶν
445 1343 550 1414 πρὸ
579 1343 688 1398 τῶν
707 1343 1000 1416 ὀφθαλμῶν
1029 1345 1099 1398 τά
1123 1345 1330 1418 φοϐερὰ
1359 1347 1542 1399 ἐκεῖνα
1585 1345 1938 1416 κολαστήρια,

269 1430 365 1482 καὶ
383 1429 479 1494 τάς
507 1430 736 1496 εὐθύνας
782 1431 883 1496 τὰς
918 1434 1324 1505 ἀπαραιτήτους
1351 1450 1366 1466 ’
1391 1433 1506 1486 ἀλλ’
1541 1433 1797 1504 οὐδεμίαν
1829 1431 1941 1497 ἓξει

267 1517 370 1586 τὴν
398 1516 606 1588 ὄνησιν,
633 1517 1021 1590 προδεδομένος
1052 1519 1157 1572 ὑπὸ
1176 1519 1268 1572 τοῦ
1300 1517 1512 1590 καιροῦ.

357 1603 419 1657 Ἡ
447 1604 555 1676 γὰρ
591 1606 848 1676 μετάνοια
876 1607 1008 1677 πρὶν
1037 1605 1137 1678 τήν
1163 1607 1435 1678 τιμωρίαν
1486 1607 1788 1679 ἐπαχθῆναι
1822 1623 1943 1660 και-

272 1693 366 1762 ρὸν
395 1691 529 1762 ἔχει,
557 1693 649 1745 καὶ
679 1693 830 1763 ἰσχὺν
859 1692 1082 1762 ἄφατον.
1113 1693 1204 1748 Διὸ
1233 1695 1534 1765 παρακαλῶ
1560 1734 1574 1758 ,
1603 1696 1691 1748 ὅτε
1720 1694 1943 1748 δυνατὸν

271 1779 564 1850 ἐνεργῆσαι
605 1778 756 1850 [167]
805 1779 866 1833 τὸ
916 1779 1230 1852 θαυμαστὸν
1279 1780 1440 1834 τοῦτο
1479 1781 1788 1854 φάρμακον,
1821 1780 1944 1834 τότε

269 1865 370 1936 τὴν
388 1867 517 1936 παρ’
535 1865 700 1920 αὐτοῦ
717 1866 982 1937 ὠφέλειαν
1004 1866 1448 1939 καρπωσώμεθα,
1470 1868 1653 1931 καίώς
1674 1868 1756 1921 ἔτι
1779 1867 1944 1938 ἐσμὲν

271 1955 330 2007 ὲν
359 1953 438 2025 τῷ
463 1954 687 2026 παρόντι
711 1954 832 2026 βίῳ,
856 1953 954 2026 τὴν
972 1955 1082 2009 ἀπὸ
1109 1956 1207 2027 τῆς
1232 1955 1518 2026 μετανοίας
1545 1955 1786 2028 ἰατρείαν
1816 1957 1944 2009 ἑαυο

274 2045 389 2107 τοῖς
417 2044 730 2115 ἐπάγωμεν,
763 2043 1025 2115 μαθόντες
1048 2043 1290 2116 ἀκριϐῶς
1310 2045 1386 2108 ὡς
1416 2043 1569 2099 οὐδὲν
1597 2046 1728 2116 ήμῖν
1755 2043 1946 2112 δφελος

276 2132 433 2185 ἔσται
462 2131 583 2185 τότε
601 2129 1090 2202 μεταγινώσκουσι,
1109 2131 1248 2202 μετά
1273 2131 1335 2185 τὸ
1357 2131 1582 2203 λυθῆναι
1606 2132 1668 2185 τὸ
1696 2130 1945 2203 θέατρον,

273 2223 370 2276 καὶ
399 2221 491 2276 τὸν
522 2221 630 2276 τῶν
668 2221 1060 2294 παλαισμάτων
1101 2224 1294 2295 καιρὸν
1314 2223 1692 2294 ἀναιρεθῆναι.

342 2327 406 2382 δ’.
444 2328 581 2382 Ἀλλ’
611 2329 704 2382 ἐπὶ
754 2329 818 2382 τὸ
855 2329 1213 2400 προκείμενον
1249 2327 1654 2400 ἐπανέλθωμεν.
1684 2327 1812 2384 Δέον
1836 2327 1946 2399 γὰρ

273 2415 436 2486 ἡνίκα
459 2417 710 2487 ήρωτᾶτο
732 2415 880 2487 παρὰ
903 2416 998 2470 τοῦ
1025 2417 1318 2484 Δεσπότου,
1349 2417 1475 2472 Ποῦ
1508 2418 1680 2472 Ἅϐελ
1711 2419 1744 2471 ὁ
1769 2417 1948 2472 ἀδελ-

270 2503 387 2572 φός
410 2518 560 2567 σου;
605 2503 726 2557 τότε
758 2503 1092 2575 ὁμολογῆσαι
1127 2504 1190 2558 τὸ
1216 2504 1616 2577 πλημμέλημα,
1658 2505 1752 2560 καὶ
1780 2521 1949 2577 προσ-

272 2593 480 2656 πεσεῖν,
511 2593 601 2644 καὶ
628 2590 906 2663 δεηθῆναι,
936 2593 1030 2646 καὶ
1047 2591 1381 2664 συγγνώμην
1407 2593 1630 2663 αἰτῆσαι
1653 2609 1666 2624 ·
1695 2595 1724 2648 6
1743 2592 1800 2646 δὲ
1825 2592 1948 2646 τότε

273 2675 378 2746 μὲν
410 2674 505 2747 τήν
542 2677 786 2747 ἰατρείαν
815 2676 1202 2748 ἀπεπέμψατο,
1241 2679 1360 2732 νυνὶ
1391 2678 1469 2742 δὲ,
1504 2677 1644 2749 μετά
1679 2678 1780 2748 τήν
1813 2677 1949 2732 ἀπό-

274 2779 462 2831 φασιν,
491 2763 628 2834 μετά
651 2763 714 2816 τὸ
741 2763 926 2816 λαϐεῖν
963 2762 1115 2828 τέλος
1159 2763 1396 2830 ἅπαντα,
1440 2765 1581 2836 μετά
1630 2765 1690 2819 τὸ
1719 2765 1949 2837 λαμπρᾷ

272 2853 342 2923 τῇ
371 2854 520 2923 φωνῇ
549 2850 646 2923 τὴν
679 2851 1013 2924 κατηγορίαν
1041 2851 1144 2906 ὑπὸ
1175 2852 1269 2906 τοῦ
1300 2853 1534 2925 αἵματος
1561 2855 1816 2924 γενέσθαι
1854 2854 1948 2906 τοῦ

276 2941 551 3010 κειμένου,
602 2941 1026 3013 ἑξομολογεῖται,
1057 2941 1151 2996 καὶ
1178 2941 1332 2996 οὐδὲν
1383 2941 1630 2996 ἐντεῦθεν
1659 2941 1945 3014 κερδαίνει.

273 3027 368 3082 Διὸ
398 3029 490 3082 καὶ
515 3031 542 3082 6
573 3031 856 3102 προφήτης
883 3028 1034 3098 ἔλεγε
1057 3045 1072 3060 ο
1103 3031 1337 3096 Δίκαιος
1371 3028 1589 3084 ἑαυτοῦ
1619 3028 1950 3098 κατήγορος

274 3119 348 3172 ἐν
371 3117 763 3188 πρωτολογίᾳ.
793 3118 901 3171 Καὶ
923 3109 1078 3182 οὗτος
1103 3117 1306 3183 τοίνυν,
1344 3119 1393 3171 εί
1428 3117 1695 3190 προέλαϐε
1729 3118 1820 3173 τὸν
1853 3117 1949 3172 τοῦ

277 3207 550 3260 Δεσπότου
582 3205 822 3277 ἔλεγχον,
851 3205 980 3270 ἴσως
1025 3203 1091 3260 ἂν
1119 3204 1324 3278 ἠξιώθη
1365 3207 1506 3271 τινος
1540 3206 1952 3278 φιλανθρωπίας

275 3296 368 3350 διὰ
418 3295 514 3368 τὴν
541 3295 766 3367 ἄπειρον
815 3295 908 3348 τοῦ
935 3295 1206 3350 Δεσπότου
1246 3295 1576 3367 άγαθότητα.
1641 3296 1806 3350 Οὐδὲν
1840 3297 1950 3369 γάρ

279 3387 427 3438 ἐστιν
451 3383 775 3455 ἁμάρτημα,
809 3384 912 3438 κᾶν
941 3383 1144 3456 σφόδρα
1187 3383 1330 3456 μέγα
1362 3381 1432 3456 ᾗ,
1467 3384 1632 3438 νικῶν
1657 3384 1822 3437 αὑτοῦ
1852 3385 1951 3456 τὴν

278 3472 709 3542 φιλανθρωπίαν,
738 3471 832 3524 ἐὰν
853 3472 1012 3542 ἡμεῖς
1041 3471 1098 3522 ἐν
1136 3469 1314 3540 καιρῷ
1345 3469 1422 3541 τῷ
1449 3470 1620 3524 δέοντι
1651 3471 1750 3540 μὲν
1787 3472 1953 3542 μετά-

279 3580 428 3614 νοιαν
451 3557 867 3630 ἑπιδειξὼμεθα,
901 3558 992 3613 καὶ
1025 3559 1123 3629 τὴν
1159 3559 1487 3632 συγγνώμην
1526 3559 1786 3630 αἰτῶμεν.
1842 3561 1953 3614 Καὶ

275 3647 410 3705 εἶπε
447 3649 593 3703 Ker
619 3665 633 3680 ο
676 3646 895 3709 Μείζων
930 3649 967 3717 ἡ
1001 3647 1159 3701 αἰτία
1190 3665 1309 3718 μου
1361 3647 1468 3702 τοῦ
1520 3647 1814 3717 ἀφεθῆναί
1853 3665 1950 3718 με.

291 3738 474 3810 Ὶκανὴ
504 3735 908 3808 ²ι-ῑξομολόγησις,
945 3735 1060 3789 ἀλλ’
1092 3736 1338 3810 ἄκαιρος.
1376 3737 1486 3790 Καὶ
1525 3732 1699 3803 εἶπεν,
1743 3738 1812 3790 Εἰ
1861 3736 1956 3790 ἑκ-

281 3828 526 3892 autem
577 3843 654 3896 με
711 3824 976 3894 σήμερον
1021 3825 1138 3879 ἀπὸ
1185 3823 1512 3893 προσώπου
1545 3823 1658 3893 τῆς
1695 3822 1830 3898 γῆς,
1857 3823 1957 3878 καί

283 3915 398 3969 ἀπὸ
425 3913 532 3968 τοῦ
557 3911 880 3982 προσώπου
898 3929 1013 3967 σου
1041 3911 1434 3982 κρυϐήσομτιι,
1456 3911 1554 3964 καί
1582 3911 1795 3982 ἔσομαι
1821 3910 1958 3965 στέ-

285 4020 407 4056 νων
438 4002 534 4058 καί
567 4001 792 4071 τρέμων
819 4001 916 4054 ἐπὶ
938 3999 1046 4067 τῆς
1077 3999 1216 4070 γῆς·
1248 4000 1344 4053 καί
1370 4000 1562 4064 ἔσται,
1585 3998 1705 4065 πᾶς
1741 4002 1774 4053 ό
1799 4001 1960 4067 εὑρί-

282 4108 454 4146 σκων
478 4106 576 4159 με,
605 4087 924 4144 ἀποκτενεῖ
941 4103 1036 4156 με.
1078 4087 1220 4158 Ὅρα
1241 4086 1359 4150 πῶς
1387 4087 1594 4139 ἑλεεινᾶι
1617 4087 1684 4140 τὰ
1713 4087 1952 4157 ῥήματα,

282 4180 383 4234 καὶ
412 4179 500 4233 διά
523 4177 622 4250 τὴν
651 4176 927 4248 ἀκαιρίαν,
957 4180 1052 4228 καί
1092 4173 1180 4228 διὰ
1229 4174 1292 4227 τὸ
1343 4173 1697 4244 προδεδόσθαι
1723 4174 1828 4228 ὑπὸ
1861 4174 1957 4228 τοῦ

285 4266 483 4338 καιροῦ
509 4265 764 4337 οὐδεμίαν
795 4263 894 4335 τὴν
945 4264 1097 4334 ἰσχὺν
1137 4261 1474 4334 κεκτημένα.
1535 4261 1646 4316 Καὶ
1679 4257 1852 4328 εἶπεν,
1892 4266 1961 4318 Εἰ

283 4353 601 4420 ἐκϐάλλεις
635 4368 710 4423 με
768 4351 1034 4421 σήμερον
1064 4351 1180 4404 ἀπὸ
1211 4348 1534 4420 προσώπου
1559 4348 1668 4418 τῆς
1691 4348 1824 4419 τῆς,
1859 4352 1958 4405 καί

285 4442 406 4497 ἀπὸ
433 4442 536 4496 τοῦ
557 4439 879 4511 προσώπου
901 4452 1017 4494 σου
1042 4436 1436 4506 κρυϐήσομαι,
1467 4437 1565 4492 καὶ
1583 4439 1799 4506 ἔσομαι
1825 4438 1962 4493 στέ-

283 4551 410 4588 νων
436 4531 535 4586 καὶ
557 4529 782 4600 τρέμων
802 4527 901 4582 ἐπὶ
929 4526 1038 4596 τῆς
1067 4525 1182 4594 γῆς
1201 4543 1215 4558 ο
1237 4525 1335 4580 καί
1357 4526 1551 4590 ἔσται,
1590 4524 1709 4592 πᾶς
1741 4528 1773 4580 ὁ
1805 4528 1962 4595 εὑρί-

284 4637 455 4674 σκων
475 4636 571 4688 με,
597 4614 917 4674 ἀποκτενεῖ
929 4631 1025 4683 με.
1060 4614 1120 4667 Εἰ
1139 4615 1205 4684 τῇ
1221 4616 1313 4684 γῇ,
1342 4613 1526 4684 φησὶν,
1554 4614 1961 4686 ἑπικατάρατόν

289 4725 360 4780 με
391 4707 651 4778 ἐποίησας
676 4743 692 4768 ,
734 4702 829 4756 καὶ
861 4700 1021 4763 αὐτός
1057 4717 1125 4771 με
1175 4701 1554 4772 ἀπεστράφης,
1592 4701 1686 4755 καὶ
1723 4702 1962 4775 τοσαύτῃ

285 4796 529 4867 τιμωρίᾳ
587 4791 934 4865 παρέδωκας,
983 4787 1123 4841 ὥστε
1163 4787 1368 4842 στένειν
1402 4789 1496 4841 καὶ
1540 4788 1784 4860 τρέμειν,
1810 4791 1961 4846 οὐδὲν

285 4889 350 4942 τὸ
379 4886 583 4941 κωλύον
621 4883 806 4938 λοιπὸν
835 4882 923 4935 τὸν
957 4882 1014 4934 έν
1058 4879 1264 4944 τούτοις
1291 4879 1438 4945 ὄντα,
1471 4881 1565 4934 καὶ
1605 4881 1963 4952 γυμνωθέντα

285 4977 389 5045 τῆς
436 4973 586 5046 παρά
640 4970 734 5025 σοῦ
780 4971 953 5042 ῥοπῆς
994 4968 1098 5023 ὑπὸ
1143 4967 1236 5022 τοῦ
1289 4967 1546 5038 τυχόντος
1585 4968 1959 5041 ἀναιρεθῆναι.

287 5061 735 5133 Εύεπιχείρητος,
775 5057 962 5128 φησὶν,
1004 5055 1199 5125 ἔσομαι
1234 5055 1396 5108 παντλ⁸
1422 5053 1498 5125 τῷ
1533 5054 1843 5127 βουλομένῳ
1896 5073 1963 5126 με

287 5149 519 5204 ἀνελεῖν.
543 5147 680 5201 Οῦτε
712 5147 821 5217 γάρ
851 5145 1014 5208 αὐτὸς
1052 5142 1220 5212 ἰσχύω
1243 5143 1558 5214 ἀντιστῆναι
1605 5143 1965 5215 διαλελυμένα

286 5243 362 5292 τα
392 5237 528 5308 μέλη
557 5236 890 5310 περιφέρων,
935 5232 1031 5288 καὶ
1061 5231 1394 5301 πανταχόθεν
1443 5231 1803 5302 σαλευόμενος
1825 5247 1842 5264 ο
1872 5234 1966 5286 καὶ

291 5328 354 5381 τὸ
384 5325 578 5380 εἰδέναι
605 5326 870 5387 ἅπαντας,
894 5322 976 5375 ὅτι
1005 5322 1104 5392 τῆς
1139 5320 1237 5390 σῆς
1265 5317 1588 5389 ἑγυμνώΘην
1635 5318 1826 5389 ῥοπῆς,
1861 5336 1962 5372 πα.

292 5414 622 5488 ρασκευάσει
651 5413 743 5466 τὸν
779 5411 1099 5482 βουλόμενον
1127 5409 1220 5461 ἐπὶ
1257 5407 1353 5480 τὴν
1389 5407 1668 5476 ἀναίρεσιν
1696 5404 1794 5478 τὴν
1827 5405 1966 5480 ἐμὴν

285 5501 554 5575 ὁρμῆσαι.
581 5501 648 5555 Τί
693 5496 785 5554 οῦν
813 5501 842 5552 ὁ
871 5497 1252 5568 φιλάνθρωπος
1295 5495 1389 5550 καὶ
1423 5494 1626 5563 ἀγαθὸς
1655 5495 1964 5568 Δεσπότης;

287 5589 407 5647 Καὶ
433 5585 601 5643 εἶπεν
627 5585 786 5652 αὒτῷ
815 5584 1032 5656 Κύριος
1069 5587 1101 5639 ό
1131 5583 1275 5650 Θεός
1295 5599 1308 5613 ⁸
1339 5584 1462 5651 Οὐχ
1490 5582 1662 5636 οὕτω.
1707 5581 1798 5653 Μὴ
1824 5582 1970 5652 νομί-

290 5694 418 5750 σῃς,
453 5677 606 5748 φησὶ,
645 5673 821 5729 ταῦτα
874 5672 1018 5726 οὕτω
1049 5671 1314 5740 γίνεσθαι.
1366 5670 1500 5724 Οὐδὲ
1546 5670 1653 5740 γάρ
1684 5666 1860 5733 ἔξεστι
1891 5668 1969 5739 τῷ

290 5766 603 5840 βουλομένῳ
633 5780 693 5818 σε
721 5762 951 5838 ἀνελεῖν,
979 5759 1114 5814 ἀλλά
1139 5761 1202 5830 τῇ
1235 5757 1538 5829 παρατάσει
1580 5755 1679 5825 τῆς
1703 5757 1846 5827 ζωῆς
1867 5759 1966 5828 τῆς

291 5858 398 5926 σῆς
429 5855 524 5910 καὶ
552 5853 636 5907 σοὶ⁵
659 5851 876 5905 πλείονα
899 5849 997 5920 τὴν
1026 5847 1220 5917 ὀδύνην
1251 5846 1578 5916 ἐργάσομαι,
1596 5843 1689 5896 καὶ
1715 5843 1967 5898 διδάσκα-

289 5945 387 6000 λον
416 5939 726 6007 καταλείψω
758 5940 874 6002 ταῖς
905 5938 980 6000 είς
1007 5935 1070 5988 τὸ
1106 5934 1231 6004 ἑξῆς
1282 5935 1513 6002 γενεαῖς,
1570 5931 1654 5983 ἵνα
1686 5932 1716 6000 ή
1751 5931 1816 5999 σὴ
1870 5931 1964 5984 θέα

1425 353 1492 408 IN
1530 355 1684 412 CAP.
1723 354 1790 410 IV
1830 353 2078 411 GENES.
2118 354 2353 414 IIOMIL.
2388 358 2532 415 XIX.

3608 349 3710 407 ποι

2043 472 2424 546 σωφρονισμδς
2470 472 2653 535 αὐτοῖς
2695 469 2940 542 γένηται,
2973 467 3066 524 καὶ
3107 469 3294 541 μηδέες
3314 469 3380 541 τῇ
3411 470 3476 540 σῇ
3513 466 3708 544 γνώμῃ

2037 554 2508 626 κατακολουθήσει.
2549 554 2658 609 Καὶ
2685 550 2816 608 εἷπε
2846 554 3061 624 Κύριος
3089 555 3124 608 ό
3164 554 3311 618 Θεός
3330 568 3344 582 ⁶
3379 553 3501 621 Οὐχ
3529 553 3706 608 οὕτω.

2035 637 2159 704 Πᾶς
2195 641 2227 692 d
2257 639 2618 706 ἀποκτείνας
2658 639 2809 694 Κάἴν
2827 638 2977 694 ἐπτά
3009 639 3406 709 ἐκδικοὺμενα
3438 641 3709 708 παραλύ-

2034 737 2151 773 σει.
2185 722 2336 792 Τάχα
2369 723 2540 777 πολλά
2582 723 2652 778 τὰ
2691 724 2979 797 εἰρημένα,
3031 723 3126 778 καὶ
3181 719 3348 776 πολὺν
3375 721 3454 793 τῷ
3494 722 3710 794 σώματι

2033 801 2126 854 τὸν
2187 803 2432 875 κάματον
2476 807 2934 878 προεξενήσαμεν.
2999 805 3162 859 Ἀλλά
3220 805 3274 858 τί
3309 804 3494 870 πάθω;
3555 803 3708 878 [168]

2047 885 2222 956 ὐρῶν
2251 890 2358 960 γὰρ
2379 889 2534 960 ὑμῶν
2559 889 2658 961 τὴν
2685 890 2973 959 φιληκοΐαν
3005 889 3100 944 καὶ
3129 889 3447 960 ἀκμάζοντα
3488 889 3580 942 τὸν
3617 890 3708 942 πό-

2037 968 2127 1020 θον
2155 970 2624 1043 ἐπιδεικνυμένην,
2651 971 2913 1043 βούλομαι
2929 973 3023 1026 καὶ
3053 975 3167 1035 τοῖς
3187 971 3458 1042 λειψάνοις
3488 970 3710 1036 ἐπεξελ-

2038 1049 2172 1114 θεῖν,
2221 1053 2316 1106 καὶ
2372 1055 2514 1108 κατά
2541 1054 2770 1126 δύναμιν
2799 1055 2898 1128 τὴν
2925 1054 3064 1127 ἐμὴν
3104 1055 3458 1126 ἑρμηνεῦσαι.
3495 1052 3560 1105 Τί
3591 1053 3714 1106 ἐστι

2035 1132 2117 1196 τὸ,
2161 1132 2346 1189 Ἑπτὰ
2371 1135 2764 1206 ἑκδικούμενα
2789 1139 3166 1206 παραλύσευ
3206 1135 3368 1189 Ἀλλά
3414 1135 3573 1188 πάλιν
3619 1132 3709 1187 δέ·

2037 1213 2191 1271 δοικα
2222 1217 2296 1290 μὴ
2318 1217 2394 1290 τῷ
2415 1219 2606 1291 πλήθει
2640 1219 2750 1273 τῶν
2775 1220 3083 1292 λεγομένων
3112 1220 3207 1274 καὶ
3231 1219 3330 1292 τήν
3363 1219 3584 1290 μνήμην
3613 1233 3713 1270 κα-

2039 1299 2376 1372 ταχὼσωμεν
2409 1303 2518 1356 τῶν
2555 1304 2882 1375 εἰρημένων,
2913 1305 3006 1358 καὶ
3035 1305 3362 1374 προσκορεῖς
3397 1303 3526 1374 ὑμῖν
3553 1317 3711 1372 νομι-

2040 1381 2300 1453 σθείημεν
2333 1396 2380 1440 α.
2429 1385 2566 1438 Ἀλλ’
2598 1388 2646 1440 εἰ
2671 1385 2747 1458 μὴ
2772 1386 3107 1457 ἀπεκάμετε,
3130 1383 3451 1456 ἀνάσχεσθε,
3480 1381 3573 1435 καὶ
3599 1380 3713 1435 διαρ

2037 1463 2298 1529 λύσαντες
2329 1466 2389 1520 τὸ
2407 1467 2764 1538 προκείμενον
2785 1468 2927 1522 οὕτω
2951 1468 3392 1538 καταπαύσωμεν
3422 1465 3512 1519 τὸν
3528 1464 3708 1533 λόγον.

2040 1547 2150 1601 Καὶ
2188 1549 2356 1602 εἶπεν
2401 1549 2561 1614 αὐτῷ
2588 1552 2802 1619 Κύριος
2831 1553 2863 1604 ό
2891 1551 3036 1616 Θεός
3057 1565 3072 1578 ·
3125 1552 3246 1618 Οὐχ
3275 1549 3446 1602 οὕτω.
3497 1546 3624 1613 Πᾶς
3678 1550 3714 1602 δ

2039 1633 2399 1700 ἀποκτείνας
2436 1635 2586 1687 Κίίῖν
2615 1635 2767 1689 ἑπτὰ
2789 1633 3183 1704 ἐκδικούμενα
3215 1633 3574 1701 παραλύσει.
3600 1632 3712 1688 Καὶ

2039 1716 2207 1772 ἔθετο
2231 1718 2446 1786 Κύριος
2467 1722 2499 1772 ό
2525 1717 2671 1784 Θεὸς
2707 1717 2960 1787 σημεῖον
2995 1717 3077 1784 τῷ
3113 1716 3284 1780 Κάτν,
3323 1716 3431 1771 τοῦ
3465 1714 3551 1785 μὴ
3581 1715 3717 1769 ἁνε-
3812 1733 3826 1750 ·

2041 1799 2175 1853 λεῖν
2195 1785 2383 1854 αὐτόν
2417 1800 2615 1856 πάντα
2657 1803 2766 1856 τὸν
2789 1785 3156 1870 εὐρῖσκοντα
3195 1801 3400 1855 αὐτόν.
3424 1797 3594 1852 Τοῦτο
3631 1797 3717 1850 δέ-

2040 1881 2246 1946 δοικας,
2265 1883 2416 1955 φησὶ,
2446 1883 2542 1937 τοῦ
2567 1883 2641 1956 μὴ
2671 1884 3051 1956 ἀναιρεθῆναι;
3083 1883 3306 1955 Θάρσει,
3337 1883 3418 1936 ὅτι
3445 1881 3544 1934 οὐκ
3562 1880 3716 1934 ἔσται

2041 1963 2216 2017 τοῦτο.
2247 1965 2355 2018 Καὶ
2387 1965 2495 2037 γάρ
2526 1967 2554 2018 6
2582 1966 2740 2020 τοῦτο
2763 1965 3080 2037 πεποιηκὼς
3109 1966 3250 2019 ἑπτά
3281 1964 3569 2035 τιμωρίαις
3593 1964 3718 2016 ἑαυ-

2042 2047 2133 2100 τὸν
2165 2046 2463 2101 ὑπεύθυνον
2519 2049 2882 2118 καταστήσειο
2915 2048 3003 2102 διά
3033 2065 3114 2101 τοι
3146 2047 3306 2102 τοῦτο
3355 2047 3449 2101 καὶ
3488 2047 3716 2116 σημεῖον

2042 2129 2326 2202 ἐπιτίθημι
2362 2147 2462 2194 σοι,
2495 2130 2636 2185 ὥστε
2669 2131 2874 2202 μηδένα
2903 2131 3270 2201 ἀγνοήσαντα,
3315 2129 3412 2182 καὶ
3459 2126 3718 2182 ἀνελόντα

2046 2231 2127 2274 σε,
2176 2212 2475 2268 ὑπεύθυνον
2524 2213 2718 2268 ἑαυτὸν
2754 2215 2875 2277 ταῖς
2896 2213 3169 2277 τοιαύταις
3195 2210 3488 2283 τιμωρίαις
3541 2225 3716 2264 κατα-

2045 2312 2260 2367 στησαι.

2119 2455 2184 2502 ε’.
2203 2447 2362 2502 Ἀλλὰ
2391 2449 2722 2520 σαφέστερον
2738 2450 2884 2520 ὑμᾶς
2910 2449 3176 2522 προσήκει
3201 2443 3428 2511 διδάξαι,
3449 2443 3566 2509 πῶς
3581 2441 3724 2497 ἑπτὰ

2045 2532 2336 2604 τιμωρίαις
2366 2534 2666 2597 ὑπεύθυνος
2691 2533 2900 2602 γίνεται
2935 2535 2963 2587 6
3007 2532 3102 2586 τὸν
3133 2531 3272 2584 Κάῖν
3300 2527 3524 2584 ἀνελών.
3561 2524 3724 2581 Ἀλλά

2046 2617 2364 2687 προσέχετε,
2397 2616 2720 2688 παρακαλῶ.
2755 2615 2816 2669 Εἰ
2847 2616 2955 2688 γὰρ
2987 2614 3061 2687 μὴ
3095 2613 3212 2676 νῦν,
3243 2612 3496 2684 καθάπερ
3527 2612 3585 2665 ὲν
3603 2613 3722 2674 ταῖς

2049 2699 2450 2772 προλαϐούσαις
2503 2700 2744 2774 ήμέραις
2777 2701 3080 2770 εἰρήκαμεν
3139 2695 3400 2760 πολλάκις
3448 2695 3587 2767 πρὸς
3623 2694 3723 2766 τὴν

2049 2784 2316 2855 ὑμετέραν
2341 2783 2586 2852 ἀγάπην,
2610 2785 2699 2836 ὅτε
2727 2782 2982 2855 νηστείας
3025 2781 3216 2852 καιρὸς
3237 2821 3252 2846 ,
3304 2779 3399 2834 καὶ
3454 2775 3724 2848 τοσαύτης

2047 2866 2289 2938 γαλήνης
2321 2866 2688 2938 ἀπολαύομεν,
2725 2866 2821 2920 καὶ
2858 2864 3271 2936 ἀπηλλαγμένοι
3303 2861 3414 2916 τῶν
3444 2860 3726 2930 λογισμῶν

2049 2949 2156 3003 τῶν
2183 2949 2558 3022 ταραττόντων
2588 2949 2745 3020 ήμῶν
2779 2948 2878 3020 τὴν
2910 2949 3182 3010 διάνοιαν,
3213 2947 3282 3002 τά
3315 2949 3372 3002 ἑν
3399 2949 3522 3010 ταῖς
3549 2945 3724 3008 θείαις

2050 3032 2298 3104 Γραφαῖς
2320 3032 2616 3102 ὲγκείμενα
2639 3033 3066 3102 κατανοήσωμεν
3097 3030 3238 3102 μετά
3265 3029 3575 3102 ἀκριϐείας,
3593 3029 3724 3082 πότε

2049 3113 2394 3186 δυνησόμεθα
2441 3113 2614 3170 ταῦτα
2649 3115 2842 3186 μαθεῖν
2878 3115 2935 3166 ἑν
2969 3113 3140 3186 ἑτέρῳ
3176 3111 3384 3184 καιρῷ;
3419 3111 3510 3166 Διὸ
3547 3127 3728 3182 παρα-

2052 3197 2224 3261 καλῶ,
2249 3199 2344 3251 καὶ
2375 3197 2586 3268 δέομαι,
2623 3199 2717 3250 καὶ
2749 3195 3035 3262 ἀντιϐολῶ,
3071 3196 3352 3268 μονονουχὶ
3379 3195 3471 3249 καὶ
3497 3193 3602 3248 τῶν
3633 3210 3728 3263 γο-

2049 3279 2226 3333 νάτων
2258 3280 2410 3350 ὑμῶν
2434 3280 2805 3350 καθάπτομαι,
2861 3279 2998 3350 μετὰ
3045 3279 3448 3350 συντεταμένης
3489 3277 3727 3340 διανοίας

2049 3365 2161 3426 τοῖς
2187 3363 2500 3434 λεγομένοις
2537 3364 2914 3434 προσέχωμεν,
2953 3363 3039 3415 ἵνα
3071 3360 3499 3432 καρπωσάμενοί
3526 3377 3579 3413 τι
3603 3374 3727 3427 γεν-

2051 3450 2197 3501 ναῖον
2232 3447 2327 3500 καὶ
2359 3445 2582 3516 ὑψηλὸν,
2617 3443 2788 3507 οὕτως
2843 3444 3026 3497 οἴκαδε
3076 3441 3480 3512 ἐπανέλθωμεν.
3541 3440 3606 3494 Τί
3631 3437 3728 3495 οὖν

2051 3531 2170 3583 ἐστι
2197 3529 2277 3594 τὸ,
2325 3529 2512 3583 Ἑπτὰ
2536 3527 2928 3596 ἐκδικούμενα
2958 3526 3336 3594 παραλύσευ
3369 3524 3590 3596 Πρῶτον
3627 3520 3730 3590 μὲν

2053 3617 2081 3669 6
2105 3614 2212 3668 τῶν
2239 3613 2380 3667 ἑπτὰ
2402 3611 2632 3684 ἀριθμὸς
2661 3611 2754 3664 ἑπὶ
2787 3611 3026 3682 πλήθους
3050 3610 3386 3682 λαμϐάνεται
3423 3611 3481 3662 ὲν
3506 3611 3573 3680 τῇ
3608 3606 3730 3678 θείᾳ

2054 3699 2168 3770 Γρα
2183 3742 2196 3764 τ
2212 3699 2268 3768 ᾖ,
2289 3695 2561 3750 καὶτοῦτο
2582 3694 2850 3766 πολλαχοῦ
2872 3693 3022 3765 εὖροι
3037 3711 3120 3756 τις
3142 3693 3206 3746 ἀν
3227 3692 3371 3746 οὕτω
3399 3692 3648 3762 κείμενον
3676 3692 3729 3755 δ,

2054 3781 2130 3845 ὡς
2161 3779 2242 3842 τὸ,
2277 3779 2486 3847 {ts/pa
2518 3778 2726 3832 ἔτεκεν
2755 3777 2926 3840 ἑπτά,
2963 3775 3059 3829 καὶ
3085 3775 3187 3830 ὅσα
3214 3773 3456 3828 τοιαῦτα.
3491 3773 3732 3827 Αἰνίττε-

2054 3881 2144 3918 ται
2175 3864 2232 3916 δὲ
2261 3865 2392 3934 ἡμῖν
2417 3861 2650 3916 ἐνταῦθα
2675 3860 2768 3914 τοῦ
2793 3859 3146 3930 τολμήματος
3166 3859 3228 3910 τὸ
3254 3857 3500 3928 μέγεθος,
3533 3856 3626 3910 καὶ
3649 3857 3731 3908 δτι

2056 3949 2154 4018 οὐχ
2179 3947 2236 4001 ἓν
2270 3950 2384 3999 ἑστι
2414 3945 2473 3998 τὸ
2512 3945 2812 4014 ἁμάρτημα
2853 3943 2914 3995 τὸ
2949 3944 3078 4012 παρ’
3107 3943 3314 3994 ἑκείνου
3341 3939 3583 4008 γεγονὸς,
3613 3939 3731 3992 ἀλλ’

2058 4031 2198 4086 ἑπτὰ
2233 4029 2608 4100 ἁμαρτήματα
2635 4067 2650 4088 ,
2709 4027 2802 4078 καὶ
2838 4025 3081 4094 μεγάλην
3120 4025 3204 4092 ἐφ’
3239 4022 3456 4092 ἑκάστῳ
3486 4021 3732 4092 ἁμαρτή-

2062 4133 2191 4187 ματι
2245 4113 2342 4184 τὴν
2375 4109 2644 4182 τιμωρίαν
2703 4107 2934 4178 ὤφειλεν
2966 4108 3243 4177 ὑποσχεῖν.
3304 4105 3424 4168 Πῶς
3454 4101 3547 4158 οὖν
3593 4103 3733 4158 αὐτὰ

2059 4195 2590 4270 ἀπαριθμησόμεθας
2645 4195 2707 4246 Εἰ
2756 4191 2916 4246 τοῦτο
2966 4189 3317 4260 λογισάμεθα·
3368 4188 3603 4270 πρῶτον,
3649 4187 3732 4270 ὅτι

2059 4266 2428 4350 ἐϐάσκηνετῷ
2457 4275 2672 4346 ἀδελφῷ
2693 4274 2784 4328 διὰ
2807 4273 2902 4345 τὴν
2926 4271 3140 4326 εὔνοιαν
3163 4271 3259 4341 τὴν
3281 4270 3432 4340 παρὰ
3454 4267 3547 4321 τοῦ
3570 4266 3730 4321 Θεοῦ·

2059 4367 2196 4434 ὅπερ
2243 4349 2337 4416 καὶ
2399 4361 2558 4432 μόνον
2606 4358 2807 4432 προσὸν
2859 4356 3042 4411 ἰκανὸν
3089 4349 3158 4425 ἦν
3191 4352 3340 4424 αὐτῷ
3371 4353 3463 4404 τον
3512 4349 3738 4421 ὄλεθρον

2061 4447 2394 4516 ἐπαγαγεῖν·
2427 4443 2704 4515 δεύτερον,
2727 4444 2810 4496 δτι
2842 4442 2935 4494 τὸν
2971 4441 3102 4494 ἴδιον
3137 4437 3364 4507 ἀδελφόν
3389 4455 3398 4468 ·
3428 4435 3630 4506 τρίτον,
3652 4435 3736 4488 ὅτι

2060 4531 2210 4585 δόλον
2238 4528 2444 4600 ἔρραψε
2461 4543 2474 4556 ⁸
2497 4526 2779 4596 τέταρτον,
2798 4525 2880 4578 ὃτι
2898 4523 2988 4577 τον
3016 4521 3176 4592 φόνον
3205 4519 3409 4591 ἔπραξε
3427 4535 3440 4548 ·
3463 4518 3738 4600 πέμπτον,

2062 4616 2144 4668 ὅτι
2181 4599 2278 4667 τὸν
2305 4599 2534 4680 ἀδελφὸν
2567 4609 2855 4679 ἐφόνευσεν
2875 4625 2889 4639 ·
2924 4607 3102 4668 ἕκτον,
3137 4607 3220 4660 ὅτι
3267 4604 3484 4674 πρῶτος
3512 4602 3604 4654 τὸν
3638 4599 3739 4670 φό-

2062 4714 2153 4752 νον
2187 4707 2208 4735 ο
2239 4694 2564 4767 εἰργάσατοο
2590 4692 2838 4760 ἕϐδομον,
2859 4690 2939 4743 ὅτι
2963 4687 3053 4740 τὸν
3082 4687 3213 4740 Θεὸν
3235 4685 3521 4753 ἐψεύσατο.
3552 4685 3740 4767 Παρηῗ

2065 4762 2428 4848 κολουθήσατε
2463 4778 2578 4838 τοῖς
2633 4775 2898 4844 ῥηθεῖσιν,
2953 4770 2986 4840 ἢ
3043 4767 3296 4838 βούλεσθε
3335 4765 3543 4819 ἀνωθεν
3597 4762 3740 4848 αὐτὰ

2065 4862 2225 4918 πάλιν
2259 4843 2463 4930 ἀπαριθ
2475 4843 2793 4929 μησώμεθα,
2815 4853 2900 4906 ἵνα
2931 4853 3107 4922 εἰδῆτε
3135 4847 3250 4912 πῶς
3278 4848 3504 4901 ἕκαστον
3533 4843 3738 4898 τούτων

2066 4947 2160 5001 καὶ
2198 4944 2356 5016 μόνον
2397 4941 2578 4994 ἰκανὸν
2608 4933 2674 5008 ἦν
2702 4938 2800 5007 τῆς
2830 4935 3092 5007 μεγίστης
3126 4931 3286 4986 αὐτὸν
3311 4930 3540 4994 ἀξιῶσαι
3569 4945 3740 4998 τιμω-

2071 5012 2226 5101 ρίαςξ
2256 5026 2351 5090 Τίς
2383 5025 2492 5094 γὰρ
2527 5022 2590 5076 ἂν
2624 5019 2874 5084 ἀξιώσειε
2908 5016 3237 5087 συγγνώμης
3273 5015 3364 5068 τὸν
3393 5012 3740 5083 βασκήναντα

2173 5093 2497 5164 ἀπολαύοντι
2528 5105 2628 5174 τῆς
2664 5103 2815 5176 παρὰ
2845 5101 2940 5155 τοῦ
2974 5101 3108 5154 Θεοῦ
3151 5097 3396 5161 εὐνοίαςς
3451 5097 3582 5149 Ἰδοὺ
3640 5093 3741 5165 μία

2069 5177 2161 5251 καὶ
2181 5193 2408 5266 μεγίστη
2431 5189 2526 5243 καὶ
2553 5187 2932 5254 ἀσύγγνωστος
2965 5182 3224 5266 ἁμαρτία.
3257 5181 3424 5266 Πάλιν
3451 5177 3590 5246 αὕτη
3623 5177 3742 5266 μείτ

2069 5261 2192 5346 ζων-
2211 5261 2481 5332 δείκνυται
2509 5317 2526 5340 ,
2560 5273 2688 5326 ὅταν
2743 5269 2970 5338 ἀδελφὸς
3022 5263 3111 5342 ᾖὸ
3165 5263 3610 5335 βασκαινόμενος.
3640 5261 3742 5346 οιαὶ

2073 5342 2240 5434 μηδὲν
2294 5357 2588 5430 ἠδικηκώς.
2631 5354 2762 5408 Ἰδοὺ
2796 5353 2890 5404 καὶ
2947 5349 3082 5420 αὕτη
3117 5348 3275 5401 πάλιν
3313 5346 3411 5416 οὐχ
3433 5348 3466 5414 ἠ
3503 5342 3742 5414 τυχοῦσα

2071 5426 2337 5515 ἀμαρτία.
2364 5426 2532 5510 Τρίτη
2551 5437 2732 5498 πάλιν,
2748 5437 2830 5489 ὅτι
2853 5434 3001 5487 δόλον
3023 5431 3259 5503 ἐρραψεν
3285 5430 3568 5500 ἀπατήσας
3585 5426 3740 5500 μου]

2069 5533 2162 5588 τὸν
2195 5529 2444 5598 ἀδελφὸν,
2465 5527 2560 5580 καί
2587 5523 2818 5586 ἑλκύσας
2851 5525 2928 5584 εἰς
2955 5519 3016 5574 τὸ
3044 5519 3244 5584 πεδίον,
3271 5518 3364 5572 καὶ
3414 5516 3536 5569 οὐδὲ
3565 5515 3736 5586 αὐτὴν

2071 5623 2168 5693 τὴν
2192 5619 2354 5690 φύσιν
2379 5613 2663 5676 αἰδεσθείς.
2692 5612 2961 5683 Τέταρτον
2980 5608 3284 5680 ἁμάρτημα
3314 5605 3476 5669 αὐτὸς
3497 5606 3526 5657 6
3556 5604 3733 5673 φόνος.

2141 5816 2164 5842 ⁸
2193 5810 2328 5858 [nus
2346 5809 2426 5855 καὶ
2450 5803 2719 5869 προσκορής
2739 5801 2849 5869 ῦμῖν
2867 5800 3100 5869 γένωμαι.
3163 5796 3193 5835 ι’
3219 5797 3338 5869 βεδε.
3364 5809 3505 5869 ιιιιυς,
3524 5790 3739 5869 (ῖςθξεξί.

2076 5887 2202 5922 unus
2245 5877 2297 5920 el
2334 5859 2500 5916 3³νηὶ
2529 5859 2680 5918 οὕτως
2715 5859 2973 5924 εἰρημένον.
3003 5859 3144 5910 Alius
3183 5860 3332 5912 οὕτως
3359 5859 3739 5918 ἑρμηνευόμενον.

2077 5942 2097 5966 τ
2125 5937 2232 5984 Duo
2266 5945 2380 5980 mss.
2403 5938 2457 5976 el
2479 5926 2630 5978 Saril.
2653 5926 2734 5972 τὸν
2765 5927 2978 5971 θάνατον.
