4110 6428
453 342 554 404 1θῦ

456 491 570 536 tum
589 478 644 540 ⁸.
669 470 813 542 quod
839 472 1056 528 fratrem
1081 470 1274 527 occidit
1302 468 1489 526 eodem
1535 483 1603 523 ex
1644 478 1796 523 utero
1822 480 2052 538 progna-

453 579 588 624 tum.
604 563 847 629 Sextum,
870 564 1012 636 quod
1039 563 1241 634 primus
1267 560 1430 616 credis
1454 561 1724 631 specimen
1744 555 2057 613 introduxit.

453 654 773 730 Septimum,
796 655 938 726 quod
962 662 1180 726 rogatus
1208 667 1237 706 a
1264 653 1395 718 Deo,
1421 649 1634 706 mentiri
1664 648 1737 704 illi
1765 662 1928 702 ausus
1952 655 2056 702 est.

456 747 596 804 Dicit
623 745 787 816 igitur
822 763 835 799 :
867 745 968 814 Qui
999 753 1049 801 te
1078 744 1325 800 occidere
1356 742 1671 808 tentaverit,
1703 752 1910 811 septem
1943 753 2059 792 ma-

462 839 620 901 ximis
646 840 820 909 pinnis
847 841 1082 910 seipsum
1114 854 1266 894 reum
1295 836 1473 893 faciet.
1504 835 1584 892 Ne
1611 835 1770 906 igitur
1810 834 1912 888 hoc
1941 848 2058 887 me-

460 940 606 987 tuas.
639 931 774 985 Ecce
806 930 949 985 enim
987 939 1041 984 et
1082 930 1293 1000 signum
1319 929 1371 983 in
1404 938 1454 983 te
1484 941 1625 999 pono
1648 968 1664 994 ,
1696 925 1768 980 ita
1792 933 1853 980 ut
1880 923 2060 979 nullus

456 1022 550 1092 qui
582 1030 635 1077 te
663 1022 928 1076 invenerit
955 1021 1184 1093 ignoret.
1212 1020 1346 1076 Nam
1385 1022 1485 1074 ista
1529 1019 1582 1073 in
1630 1027 1741 1073 toto
1785 1016 1909 1072 vitae
1955 1024 2059 1070 tua:

455 1114 686 1169 decursu
734 1128 1020 1169 nervorum
1067 1112 1329 1168 resolutio
1391 1110 1582 1167 futuris
1627 1108 2060 1181 generationibus

459 1205 608 1260 utilis
633 1205 736 1261 erit
763 1221 776 1259 :
810 1215 864 1260 et
890 1204 942 1259 id
969 1204 1112 1276 quod
1152 1202 1299 1260 solus
1342 1202 1486 1257 nttilu
1516 1209 1780 1273 praesente
1808 1206 2061 1269 cperatus

461 1312 518 1354 es
538 1341 554 1365 ,
597 1298 700 1353 hoc
745 1298 954 1354 discent
983 1312 1172 1353 omnes
1199 1298 1288 1368 qui
1322 1305 1374 1353 te
1410 1305 1709 1368 gementem
1737 1304 1791 1349 et
1822 1302 2059 1349 tremen-

462 1401 568 1446 tem
596 1391 885 1457 videbunt,
922 1399 977 1447 et
1015 1390 1166 1462 quasi
1212 1406 1305 1460 per
1331 1390 1572 1460 corporis
1616 1397 1901 1443 tremorem
1947 1387 2058 1441 cla-

459 1489 695 1538 :nantem
720 1523 738 1550 ,
768 1491 821 1538 et
848 1483 1099 1537 omnibus
1138 1481 1402 1537 dicentem
1432 1497 1447 1535 :
1479 1480 1668 1535 Nullus
1699 1480 1823 1534 talia
1866 1479 2062 1535 audeat

459 1575 634 1644 qualia
664 1589 784 1645 ego,
814 1583 870 1629 ut
901 1590 968 1629 nc
997 1574 1051 1628 in
1077 1573 1323 1629 eamdem
1353 1588 1563 1644 prunam
1591 1571 1791 1627 incidat
1810 1572 1852 1624 ².

531 1667 585 1723 6.
617 1665 834 1723 Muralis
860 1668 1107 1739 epilogus.
1138 1697 1210 1707 —
1253 1666 1380 1722 Haec
1406 1666 1703 1730 audientes,
1727 1663 2061 1733 dilecti,qu:e

460 1760 601 1813 dicta
640 1766 765 1813 sunt
808 1773 913 1813 non
944 1758 1408 1814 inconsideranter
1439 1766 1933 1829 praetercurramus,
1961 1771 2059 1811 ne-

461 1866 566 1922 que
611 1850 712 1905 hoc
756 1851 929 1905 solum
983 1859 1311 1921 spectemus,
1361 1860 1420 1906 ut
1449 1850 1554 1906 huc
1577 1850 1818 1921 quotidie
1856 1863 2060 1905 convc-

464 1944 662 1999 niendo
691 1943 955 2014 spirituali
999 1959 1186 2000 mensa
1212 1943 1453 1999 fruamur
1482 1962 1497 2000 :
1530 1943 1672 1999 nulla
1703 1943 1847 1999 enim
1890 1942 2060 1998 solius

461 2035 675 2090 auditus
718 2035 918 2090 utilitas
961 2033 1169 2103 fuerit,
1222 2035 1324 2092 nisi
1374 2035 1513 2091 adsit
1561 2034 1907 2106 obsequentia
1965 2049 2062 2104 per

464 2139 649 2196 opera.
696 2124 803 2182 Sed
856 2126 1155 2196 cogitantes
1192 2127 1335 2182 unde
1386 2127 1441 2182 in
1488 2126 1591 2182 hoc
1628 2125 1952 2197 inexpiabile
2009 2135 2060 2180 ct

463 2233 627 2288 grave
653 2229 931 2290 peccatum
961 2219 1093 2276 Cain
1123 2220 1362 2290 scipsum
1390 2220 1682 2292 impulerit,
1715 2228 1775 2274 ut
1802 2235 1900 2291 per
1923 2220 2061 2274 invi-

463 2313 607 2368 diam
634 2314 687 2369 in
720 2316 993 2386 proprium
1020 2315 1260 2381 fratrem,
1292 2316 1381 2387 qui
1409 2314 1540 2370 nihil
1570 2316 1667 2385 ipsi
1707 2315 1831 2369 mali
1862 2314 2060 2370 intule-

466 2416 570 2472 rat,
603 2407 672 2462 ita
716 2409 950 2475 saeviret,
997 2409 1106 2464 imo
1151 2412 1325 2480 ipsum
1371 2408 1660 2476 occideret,
1693 2423 1761 2463 ne
1802 2406 2063 2480 fugiamus

465 2500 689 2556 adversa
740 2510 795 2556 et
842 2500 982 2556 mala
1013 2501 1142 2570 pati,
1183 2501 1279 2558 sed
1302 2502 1478 2572 potius
1522 2514 1807 2557 caveamus
1832 2515 1900 2556 ne
1944 2499 2063 2555 aliis

468 2592 606 2647 mala
629 2608 725 2663 per
751 2609 849 2648 nos
877 2593 1190 2649 inferantur.
1215 2594 1309 2650 llle
1334 2594 1476 2649 enim
1496 2608 1624 2649 vere
1647 2593 1789 2648 man
1807 2591 2060 2657 afﬁcitur,

467 2687 556 2755 qui
583 2685 828 2756 proximo
855 2700 953 2742 suo
983 2700 1178 2740 nocere
1203 2694 1390 2741 tcutat.
1426 2685 1495 2740 Et
1520 2694 1577 2739 ut
1601 2700 1786 2741 verum
1813 2683 1916 2738 hoc
1943 2698 2064 2739 esse

467 2776 630 2844 Scias,
657 2776 775 2831 vide
801 2776 910 2845 hic,
932 2777 1181 2842 obsecro,
1204 2777 1325 2846 quis
1348 2786 1433 2832 est
1458 2777 1549 2846 qui
1567 2776 1706 2831 mala
1748 2775 1968 2846 patitur,
1993 2790 2060 2829 an

468 2867 559 2936 qui
602 2866 815 2932 occidit,
841 2867 926 2922 vel
970 2867 1060 2937 qui
1087 2866 1392 2923 occiditur?
1436 2865 1774 2922 Manifestum
1798 2865 1944 2937 quod
1973 2866 2065 2936 qui

467 2957 686 3013 occidit.
722 2957 935 3014 Etenim
965 2958 1179 3015 occisus
1199 2959 1289 3014 ille
1318 2973 1487 3030 usque
1512 2958 1579 3014 ad
1612 2969 1795 3015 noStra
1822 2968 2063 3030 tempora

467 3065 566 3107 ore
610 3051 849 3106 omnium
896 3050 1230 3117 decantatur,
1264 3051 1584 3122 prindicatur
1603 3060 1659 3107 ct
1687 3061 1980 3107 coronatur
2008 3061 2067 3107 ut

469 3143 711 3197 veritatis
732 3143 936 3213 primus
960 3143 1113 3199 testis
1153 3161 1168 3198 :
1197 3130 1337 3199 sicut
1374 3144 1502 3200 dicit
1527 3153 1580 3200 et
1604 3144 1793 3199 beatus
1818 3144 2013 3199 Paulus
2042 3161 2057 3199 :

471 3232 711 3288 Mortuus
746 3234 872 3289 Abel
918 3235 1087 3289 adhuc
1136 3236 1361 3303 loquitur
1386 3235 1571 3307 (Hebr.
1601 3237 1687 3291 11.
1714 3236 1794 3306 4).
1827 3235 1930 3292 Sed
1973 3236 2065 3307 qui

471 3325 687 3393 occidit,
714 3327 1022 3383 etiamtunc
1042 3328 1202 3382 vitam
1226 3328 1416 3398 agebat
1441 3327 1885 3384 miserabiliorem
1904 3343 2065 3397 quam

473 3419 614 3474 ullus
666 3420 849 3487 homo,
893 3428 947 3476 et
1000 3431 1184 3492 postea
1226 3423 1293 3476 ab
1332 3420 1580 3477 omnibus
1628 3421 1773 3476 male
1810 3422 1977 3488 audit,
2010 3431 2068 3476 ut

472 3512 850 3568 abominabilis
873 3514 1001 3580 Deo,
1034 3524 1085 3570 et
1114 3525 1172 3571 ut
1196 3516 1511 3570 malediclus
1532 3531 1563 3570 a
1590 3516 1766 3570 divina
1789 3514 2063 3587 Scriptura

475 3603 769 3660 traducitur
796 3623 811 3672 ;
842 3616 896 3661 et
942 3606 1045 3662 hoc
1071 3607 1285 3678 quidem
1318 3607 1369 3662 in
1413 3609 1661 3677 prmsenti
1684 3608 1810 3674 vita,
1841 3623 1959 3679 quae
1989 3608 2066 3663 si-

474 3698 587 3753 mul
609 3698 889 3775 intercidet
923 3718 935 3753 :
964 3716 1083 3771 qua:
1127 3710 1306 3756 autem
1336 3702 1386 3756 in
1416 3701 1594 3757 futuro
1618 3702 1819 3757 sreculo
1859 3703 2069 3772 utrique

473 3804 759 3847 occurrere
786 3791 1033 3859 debeant,
1067 3808 1188 3848 cum
1216 3793 1499 3864 unicuique
1519 3809 1615 3864 pro
1635 3808 1734 3849 suo
1759 3808 1925 3863 opere
1942 3793 2067 3848 red-

474 3882 563 3937 det
599 3883 775 3954 justus
800 3884 969 3939 Judex
1001 3884 1178 3955 (Rom.
1208 3886 1283 3954 9.;
1314 3887 1475 3958 Apoc.
1500 3886 1617 3956 ΞΟ),
1648 3887 1768 3958 quis
1786 3902 1963 3942 sermo
1983 3886 2068 3941 di-

474 3990 600 4032 cere
648 3987 851 4049 posset,
884 3979 969 4034 vel
997 3995 1117 4051 quae
1159 3980 1322 4046 bona,
1364 3980 1447 4035 vel
1474 3997 1592 4052 qua:
1642 3980 1832 4035 mala?
1859 3979 2066 4045 Nullus,

476 4067 655 4123 nullus
674 4069 850 4138 plane,
878 4085 1053 4141 neque
1075 4070 1332 4141 jucunda,
1352 4086 1526 4142 neque
1553 4071 1723 4127 tristia
1748 4072 2061 4126 narraverit.

476 4157 767 4215 Enimvero
792 4162 1015 4217 Abclem
1045 4162 1258 4233 quidem
1284 4163 1340 4218 in
1367 4178 1533 4233 regno
1560 4163 1835 4231 c:clorum,
1864 4171 1919 4218 ct
1945 4177 2068 4233 per-

475 4252 650 4321 petuis
693 4252 1029 4319 habitaculis,
1074 4255 1495 4325 patriarcharum
1521 4294 1537 4320 ,
1579 4253 1958 4325 prophetarum
1984 4261 2068 4306 at-

479 4358 584 4411 que
630 4345 994 4414 apostolorum
1043 4345 1191 4401 chori
1242 4355 1298 4402 ct
1325 4346 1565 4402 omnium
1595 4354 1904 4401 sanctorum
1935 4358 2069 4399 con-

476 4436 716 4506 gregatio
741 4437 1034 4508 suscipient
1061 4439 1220 4494 simul
1264 4438 1318 4493 in
1349 4446 1665 4509 perpetuum
1696 4447 2067 4509 regnaturum,

478 4541 599 4581 cum
630 4526 776 4599 Rege
814 4527 1031 4585 Christo
1053 4529 1204 4599 Jcsu,
1235 4530 1512 4602 unigenito
1537 4531 1632 4587 Dei
1664 4530 1801 4586 Filio
1830 4539 1887 4585 ct
1911 4530 2021 4584 Deo
2052 4541 2069 4580 :

479 4615 619 4672 hunc
640 4630 838 4685 autem,
867 4619 1000 4676 Cain
1024 4620 1263 4692 inquam,
1291 4623 1536 4693 gehenna
1564 4624 1702 4694 ignis
1727 4623 1936 4694 aliaque
1966 4625 2071 4680 iiii-

477 4709 723 4765 mortalia
752 4712 934 4766 omnia
967 4722 1229 4769 tormenta
1280 4715 1569 4785 excipient,
1614 4724 1672 4771 ut
1720 4717 1990 4773 crucietur
2016 4721 2069 4775 in

478 4799 686 4855 intlnita
716 4803 913 4858 sarcula
941 4811 999 4860 et
1015 4819 1136 4860 cum
1160 4805 1254 4860 illo
1281 4819 1471 4861 omnes
1496 4810 1584 4877 qui
1607 4808 1800 4863 similia
1823 4819 2068 4879 egerunt,

477 4900 534 4945 et
563 4894 794 4949 maxime
821 4895 875 4950 in
906 4910 1002 4951 eos
1020 4897 1110 4968 qui
1139 4898 1375 4967 posthaec
1411 4900 1735 4970 turpissimis
1772 4903 2070 4961 alfectioni-

478 4981 583 5040 bus
620 4986 761 5056 capti
808 4996 954 5057 sunt,
986 4998 1186 5059 quanto
1232 4991 1402 5061 major
1432 5006 1590 5062 poena
1620 5008 1652 5048 a
1683 4994 1911 5051 Domino
1950 5013 2072 5053 om-

477 5076 624 5132 nium
677 5081 1072 5150 pronuntiatur.
1112 5084 1251 5139 Audi
1295 5086 1437 5140 enim
1492 5086 1706 5143 beatum
1738 5089 1958 5147 Paulum
1985 5091 2071 5146 di-

477 5178 686 5226 centem
714 5188 729 5225 :
764 5172 1081 5246 Quicumque
1121 5177 1255 5230 enim
1291 5178 1403 5232 sine
1439 5178 1547 5250 lege
1587 5193 1935 5251 peccaverunt,
1963 5185 2074 5241 sine

482 5258 589 5332 lege
617 5262 846 5332 peribunt
891 5264 1069 5335 (Rom.
1105 5265 1162 5321 2.
1197 5267 1290 5343 12)
1318 5286 1331 5323 :
1356 5269 1459 5326 hoc
1487 5281 1590 5339 cst,
1620 5272 1873 5330 leviorem
1901 5275 2075 5334 ferent

481 5464 525 5499 δη
544 5417 913 5499 ἒξξῖίξξξρςρλοξς
935 5422 1044 5487 ἔνθα
1064 5432 1172 5499 erat
1192 5427 1354 5499 credes
1375 5441 1522 5492 quam
1539 5432 1848 5495 perpetravit,
1873 5440 1919 5485 et
1930 5436 2073 5499 furor

476 5478 526 5517 ιη
546 5478 805 5555 Ρνρηνξῃηί
815 5478 1051 5555 [νᾳνρηιη
1063 5478 1301 5555 Quintum,
1326 5478 1419 5555 etc.

546 5543 789 5619 :(Jzoislin.
812 5543 923 5596 Cod.
950 5548 998 5619 in
1040 5543 1315 5619 hieeverba
1339 5552 1585 5604 homiliam
1605 5553 1787 5619 claudit
1811 5569 1824 5605 :
1859 5566 1916 5608 Ut
1940 5571 2000 5609 ne
2024 5559 2079 5613 in

480 5603 718 5682 {@9919
728 5619 938 5682 fumant
974 5610 1177 5682 incidat.
1203 5619 1259 5682 ξι
1285 5626 1371 5665 nos
1392 5627 1508 5682 sime
1543 5603 2081 5682 gratias‘iigaﬁie'bé};

480 5668 841 5745 ggsffgoptiqto
860 5676 906 5721 et
933 5671 1255 5745 misericordi,
1282 5676 1507 5738 quoniam
1540 5668 1699 5743 ipsum
1738 5668 1877 5732 de'cct
1898 5668 2072 5745 gioiihi

478 5725 935 5810 ξιςίξςςίιέῄξίιςηθν
967 5742 1014 5785 et
1034 5725 1273 5806 adoratio,
1295 5725 1500 5791 hirnea
1531 5725 1721 5810 sauia-
1740 5725 1874 5793 "éié.’
1892 5725 2077 5797 (filii-'5

477 5789 637 5839 omnia
659 5789 853 5845 desunt.

1567 350 1633 407 IN
1672 347 1827 406 CAP.
1871 346 1963 404 Ν.
2004 341 2248 402 GENES.
2293 344 2522 403 llOMlL.
2566 344 2686 403 XX.

3645 353 3748 410 156

2165 476 2402 532 pinnam,
2435 478 2501 518 eo
2526 463 2666 534 quod
2698 478 2802 519 non
2835 462 3116 522 habuerint
3161 466 3331 539 legem
3362 482 3482 540 quae
3525 469 3761 525 minare-

2166 564 2251 607 tur
2278 564 2329 608 et
2377 554 2671 626 corrigeret
2699 572 2714 611 :
2745 553 2811 610 Et
2836 557 3137 629 quicumque
3178 559 3230 613 in
3259 558 3368 631 lege
3406 573 3757 629 peccaverunt,

2165 662 2255 714 per
2292 646 2453 716 legem
2474 663 2673 718 quoque
2691 647 3083 718 judicabuiitur.
3114 650 3181 706 lli
3210 661 3411 722 autem,
3450 653 3640 725 inquit,
3667 656 3759 725 qui

2164 737 2351 793 eadem
2380 740 2578 795 iaciunt
2600 755 2723 809 qua:
2745 740 2840 803 illi,
2856 749 2913 795 et
2939 740 3071 812 legis
3092 743 3472 802 adminiculum
3498 748 3756 817 habuere,

2163 833 2435 902 graviores
2460 841 2515 889 et
2544 833 2994 891 intolerabiliores
3017 836 3354 893 sustinebunt
3378 840 3664 896 cruciatus.
3689 840 3758 897 Et

2166 926 2359 980 merito
2388 941 2405 980 :
2436 926 2559 998 quia
2592 942 2766 999 neque
2819 928 2928 996 lex,
2960 944 3137 1001 neque
3165 931 3307 1001 quod
3335 931 3468 988 alios
3498 940 3575 988 tot
3603 935 3760 989 malis

2160 1016 2404 1088 objectos
2434 1020 2686 1088 viderint,
2714 1019 3067 1078 modestiores
3089 1030 3145 1078 et
3182 1023 3430 1081 meliores
3452 1040 3546 1081 eos
3575 1026 3758 1082 reddi-

2165 1111 2324 1167 derit.
2356 1111 2617 1180 Quocirca
2641 1113 2890 1181 ohsecro,
2933 1123 2991 1169 ut
3016 1115 3101 1170 vel
3127 1115 3317 1172 saltem
3347 1133 3489 1173 nunc
3530 1117 3756 1174 aliorum

2165 1204 2594 1275 correptionibus
2642 1206 2890 1276 nosipsos
2928 1208 3316 1276 cmendemus,
3358 1219 3416 1266 et
3454 1211 3614 1267 vitam
3662 1226 3761 1268 no-

2163 1305 2329 1351 stram
2359 1313 2690 1368 corrigamus
2728 1299 2795 1355 ad
2825 1300 3035 1356 Domini
3065 1301 3457 1373 obedientiam,
3492 1304 3635 1360 illius
3662 1306 3760 1361 ob-

2167 1397 2529 1460 temperantes
2575 1391 2782 1462 legibus
2812 1408 2826 1445 :
2856 1401 2913 1447 nt
2947 1408 3122 1464 neque
3151 1394 3309 1462 livor,
3334 1410 3511 1466 neque
3535 1395 3757 1464 invidia,

2165 1496 2342 1551 neque
2381 1482 2677 1552 corporalis
2702 1497 2876 1551 amor,
2913 1499 3087 1554 neque
3126 1484 3287 1557 hujus
3331 1487 3452 1542 vita:
3490 1487 3659 1559 gloria
3706 1497 3759 1543 ct

2167 1574 2427 1644 potentia,
2458 1589 2631 1645 neque
2659 1575 2863 1631 ventris
2886 1577 3155 1647 voluptas,
3179 1594 3352 1649 neque
3380 1579 3483 1634 alia
3511 1578 3758 1649 quaedam

2165 1666 2397 1722 absurda
2427 1667 2863 1739 concupiscentia
2892 1669 3206 1725 dominetur
3248 1671 3444 1726 anima:
3486 1680 3540 1726 et
3568 1670 3762 1727 rationi

2167 1767 2366 1812 nostra:
2416 1776 2431 1811 :
2464 1758 2558 1814 sed
2586 1759 2865 1831 cxpurgati
2906 1760 2974 1816 ab
3000 1761 3146 1815 omni
3171 1775 3348 1826 emno,
3379 1762 3763 1833 voluptatequc

2169 1850 2473 1919 temporali,
2497 1860 2548 1905 et
2566 1851 2686 1904 vale
2708 1849 2854 1907 dicto
2871 1851 3122 1906 omnibus
3151 1850 3460 1907 foedissimis
3490 1851 3762 1909 absurdis-

2166 1943 2426 2013 siinisque
2473 1942 2867 2013 affectionibus,
2922 1944 2989 2001 ad
3036 1945 3246 2001 beatam
3292 1945 3434 2001 illam
3476 1945 3660 2009 vitam,
3709 1955 3763 2003 et

2154 2034 2454 2090 ineffabilia
2506 2035 2597 2091 illa
2643 2034 2804 2106 bona,
2842 2051 2961 2108 qure
3002 2037 3144 2092 Deus
3168 2050 3229 2092 sc
3257 2036 3600 2108 diligentibus
3625 2053 3762 2107 pra:-

2168 2127 2395 2198 paravit,
2442 2126 2757 2184 festinemus
2796 2145 2813 2184 :
2862 2144 2982 2200 quae
3006 2128 3258 2184 omnibus
3281 2129 3440 2186 nobis
3472 2128 3762 2185 concedan-

2169 2228 2274 2286 tur,
2300 2220 2470 2291 gratia
2496 2229 2550 2274 et
2569 2220 2891 2293 benignitate
2921 2222 3131 2277 Domini
3170 2221 3337 2278 nostri
3363 2221 3492 2278 Jcsu
3539 2219 3761 2290 Christi,

2168 2326 2289 2365 cum
2315 2326 2423 2382 quo
2467 2311 2630 2380 Patri,
2677 2313 2837 2369 simul
2878 2323 2932 2368 ct
2977 2313 3197 2383 Spiritui
3238 2323 3424 2369 sancto
3474 2313 3544 2368 sit
3572 2314 3762 2383 gloria,

2169 2402 2473 2472 imperintn,
2509 2404 2698 2471 honor,
2730 2420 2869 2459 nunc
2899 2414 2953 2459 et
2978 2419 3211 2475 semper,
3240 2413 3296 2461 ct
3325 2404 3375 2459 in
3415 2406 3605 2460 szecnla
3642 2420 3749 2461 sre-

2168 2495 2433 2550 culoruin.
2464 2498 2654 2550 Anien.

2685 2610 2965 2667 llUMILIA
3017 2611 3109 2666 xx
3146 2611 3242 2684 (ιι).

2173 2721 2421 2796 Egressus
2442 2734 2511 2779 est
2538 2734 2708 2779 autem
2729 2724 2855 2779 Cain
2884 2742 2915 2777 α
2940 2726 3072 2796 facie
3097 2725 3209 2789 Dei,
3238 2736 3284 2779 ct
3302 2726 3607 2781 [inbitur-irin
3631 2739 3765 2783 terra

2278 2814 2443 2884 Naitl,
2471 2831 2499 2868 e
2519 2816 2721 2887 regione
2751 2813 2910 2870 Edent
2944 2814 3096 2886 (Gen.
3128 2817 3180 2871 4.
3217 2817 3328 2887 16),
3353 2827 3406 2873 et
3427 2819 3654 2889 reliqua.

2235 2951 2286 3006 1.
2340 2950 2454 3020 Age
2503 2951 2694 3006 iterum
2728 2949 2885 3005 hodie
2926 2951 2977 3005 in
3017 2965 3207 3006 manus
3249 2940 3522 3009 sumentes
3548 2969 3666 3024 qua“:
3713 2956 3767 3009 in

2172 3043 2316 3099 scrie
2344 3043 2481 3100 lecta
2508 3052 2654 3110 sunt,
2688 3043 2813 3100 inde
2832 3043 2986 3100 vobis
3011 3044 3310 3101 doctrinam
3333 3060 3684 3117 apponamus,
3710 3058 3765 3103 et

2169 3138 2387 3194 solitum
2427 3153 2495 3193 cx
2542 3137 2693 3193 libris
2723 3137 2862 3193 beati
2895 3137 3056 3193 Mosis
3084 3138 3408 3209 colloquiqu
3454 3138 3764 3207 habeamus,

2172 3231 2283 3287 into
2297 3245 2361 3286 cx
2390 3229 2559 3285 sancti
2585 3229 2815 3299 Spiritus
2844 3228 3073 3299 eloquiis
3099 3245 3218 3300 qua:
3246 3242 3343 3298 per
3364 3230 3635 3300 prophetze
3664 3231 3767 3284 lin-

2171 3339 2327 3396 guain
2357 3324 2536 3379 divina
2572 3322 2740 3394 gratia
2786 3337 2886 3377 nos
2916 3322 3118 3376 docuit.
3150 3320 3256 3376 Sed
3289 3337 3394 3391 quo
3439 3321 3769 3377 manifestior

2172 3430 2352 3471 sermo
2380 3425 2562 3471 noster
2586 3415 2675 3480 sit,
2708 3429 2885 3484 opera:
2922 3413 3148 3483 pretium
3182 3413 3362 3480 fuerit,
3393 3423 3451 3467 ut
3482 3415 3531 3468 in
3563 3427 3768 3468 inemo-

2174 3509 2305 3563 riam
2337 3507 2487 3561 vobis
2530 3505 2845 3570 referamus,
2878 3504 2965 3559 ubi
2987 3504 3286 3560 doctrinam
3318 3520 3487 3574 nuper
3517 3505 3766 3560 absolve-

2174 3599 2362 3665 rimus,
2393 3609 2447 3653 ut
2468 3597 2655 3654 eadem
2686 3596 2846 3652 hodie
2874 3596 3121 3666 repet-ita,
3150 3596 3215 3651 de
3248 3611 3388 3651 nunc
3414 3597 3564 3652 lectis
3589 3597 3769 3653 dicere

2176 3690 2513 3762 incipiamus.
2546 3689 2705 3746 Scitis
2747 3689 2889 3744 enim
2937 3702 3037 3742 nos
3063 3700 3434 3757 argumentum
3455 3688 3522 3745 de
3561 3688 3690 3744 Cain
3716 3700 3773 3745 et

2173 3782 2639 3848 Abclnan'avissc,
2655 3782 3001 3837 ostendentes
3035 3790 3222 3835 tamex
3256 3781 3449 3851 iisqua:
3468 3780 3601 3836 facta
3622 3793 3767 3845 sunt,

2174 3889 2330 3945 quam
2345 3890 2409 3929 ex
2429 3874 2492 3928 iis
2507 3872 2575 3929 de
2587 3873 2778 3944 quibus
2790 3872 3096 3929 obtulerunt
3114 3871 3337 3926 Domino
3351 3871 3632 3937 sacriiicia,
3646 3887 3785 3942 quo-

2175 3965 2336 4021 modo
2359 3965 2720 4021 faciendorum
2741 3975 2796 4020 et
2822 3979 2925 4018 non
2951 3962 3312 4017 faciendorum
3342 3963 3542 4033 agnitio
3567 3973 3769 4018 natune

2176 4069 2370 4114 nostrrc
2389 4059 2545 4113 insita
2568 4058 2655 4121 sit,
2674 4066 2729 4111 et
2745 4056 2981 4110 omnium
3002 4055 3257 4126 Opificem
3273 4070 3372 4111 nos
3389 4057 3539 4112 liberi
3565 4057 3772 4114 arbitrii

2176 4153 2388 4218 fecisse,
2409 4160 2568 4221 atque
2590 4149 2786 4219 ubique
2804 4148 2888 4204 vel
2906 4162 3187 4215 coronare,
3203 4147 3284 4203 vel
3307 4147 3669 4205 condemnare
3687 4163 3773 4204 Sc-

2175 4243 2410 4300 cunduin
2430 4242 2591 4296 animi
2613 4239 2777 4296 nostri
2795 4240 3123 4311 prapositum
3147 4239 3242 4310 (ob
3264 4238 3366 4294 hoc
3392 4239 3534 4293 enim
3562 4239 3769 4295 sacrifi-

2175 4338 2314 4393 cium
2332 4336 2465 4391 Cain
2487 4333 2821 4405 repudiatum
2839 4332 2955 4399 fuit,
2969 4332 3107 4387 dona
3125 4346 3251 4388 vero
3265 4331 3396 4388 Abel
3412 4330 3676 4405 accepta),
3694 4341 3765 4386 at-

2175 4445 2280 4502 que
2297 4428 2421 4483 inde
2436 4427 2685 4483 invidiam
2703 4436 2874 4481 ortam
2887 4423 3109 4480 Cainum
3126 4424 3179 4479 in
3197 4423 3396 4480 caedem
3411 4423 3591 4480 fratris
3605 4423 3773 4479 exsti-

2177 4524 2432 4590 inulassc,
2483 4521 2573 4593 qui
2626 4530 2681 4577 et
2719 4529 2837 4591 post
2886 4519 3106 4590 impium
3144 4518 3370 4585 facinus,
3416 4518 3633 4576 volente
3659 4519 3770 4575 Deo

2179 4618 2352 4687 ipsum
2382 4628 2674 4686 provocare
2700 4613 2768 4667 ad
2791 4610 3186 4668 confessionem
3206 4620 3568 4681 peccatorum,
3598 4626 3772 4680 neque

2178 4709 2257 4765 sic
2285 4705 2589 4765 remedium
2621 4704 2865 4760 sanitatis
2894 4703 3119 4774 accepit,
3160 4702 3273 4759 sed
3286 4703 3517 4758 scelesto
3547 4702 3772 4757 homici-

2177 4804 2267 4859 dio
2312 4800 2652 4858 mendacium
2700 4799 3015 4870 conjunxit,
3048 4808 3101 4854 ct
3138 4812 3353 4869 gravem
3382 4796 3525 4851 illam
3558 4810 3771 4866 pmnam

2179 4895 2278 4949 sihi
2305 4892 2631 4956 conciliavit,
2661 4904 2995 4960 supernaquc
3013 4888 3183 4960 gratia
3204 4904 3264 4945 se
3293 4888 3511 4944 nudavit
3540 4890 3774 4959 posteris

2180 4988 2232 5042 in
2270 4984 2623 5042 correctionis
2652 4981 2957 5053 exemplum
2988 4980 3313 5052 propositus,
3340 4990 3500 5051 atque
3552 4981 3623 5036 ob
3648 4994 3774 5036 sen-

2180 5079 2403 5134 tentiam
2428 5076 2481 5132 in
2509 5091 2569 5132 se
2594 5084 2894 5146 acceptam,
2923 5073 3070 5128 omni
3094 5072 3368 5128 hominum
3392 5073 3575 5142 generi
3607 5072 3782 5143 loqui-

2179 5181 2282 5238 tur,
2316 5170 2469 5245 quasi
2497 5170 2737 5225 clamans
2757 5176 2811 5224 et
2828 5167 3013 5223 dicens
3042 5183 3055 5220 :
3085 5164 3162 5220 Ne
3188 5165 3293 5221 tale
3321 5165 3448 5236 quid
3487 5165 3629 5222 ullus
3675 5180 3774 5221 ve-

2178 5276 2349 5322 strum
2380 5277 2632 5337 umquam
2677 5260 2893 5325 audeat,
2926 5272 2995 5314 ne
3024 5259 3076 5314 in
3103 5258 3304 5313 similes
3331 5256 3529 5313 incidat
3566 5272 3773 5327 pinnas.

2182 5359 2404 5416 Vidistis
2432 5355 2643 5414 Domini
2675 5352 3078 5425 benignitatem,
3111 5350 3380 5422 quomodo
3409 5365 3506 5406 sua
3536 5352 3589 5407 in
3620 5352 3770 5407 illum

2181 5468 2339 5526 poena
2367 5467 2474 5508 non
2511 5450 2685 5523 ipsum
2713 5448 2886 5504 solum
2915 5445 3199 5516 castigare,
3242 5443 3335 5500 sed
3367 5458 3464 5515 per
3492 5444 3669 5516 ipsum
3697 5458 3775 5499 si-

2243 5611 2316 5674 (η)
2349 5617 2463 5674 tunc
2476 5607 2679 5659 Homilia
2698 5604 2977 5674 tota_d_eest_
3004 5603 3053 5653 in
3068 5602 3282 5674 (ιᾳξικξι-ι.
3306 5602 3479 5674 Codice
3493 5615 3652 5674 Anum:
3662 5601 3775 5674 562.

2181 5660 2515 5736 tliid.'aliqtiot
2535 5678 2645 5720 Mss.
2668 5677 2723 5720 et
2736 5666 2928 5736 Coislin.
2962 5666 3094 5716 hunc
3115 5660 3380 5736 Scriptura:
3402 5669 3594 5716 textum
3617 5666 3777 5714 nomi-

2181 5738 2259 5787 lize
2286 5728 2642 5799 xxpi-zetlgunt
2666 5744 2682 5799 _:
2702 5728 2925 5799 cognovit
2947 5740 3107 5799 attigui
3128 5728 3468 5799 (giniigrorem
3488 5737 3645 5789 suam,
3663 5736 3774 5788 quis

2183 5786 2414 5862 concepit,
2440 5802 2485 5848 et
2508 5786 2694 5864 peperit
2719 5786 2860 5856 Dios,
2875 5796 2920 5843 et
2936 5786 3194 5854 wdiﬁcurit
3219 5788 3475 5842 civitatem.
