4110 6460
606 340 720 369 "\

380 392 484 452 167

376 507 488 563 mul
517 512 759 578 posteros
789 512 977 554 omnes
1018 495 1238 551 omnino
1268 489 1575 563 fugiendum
1603 503 1724 544 esse
1750 494 1855 542 tam
1888 494 1967 541 te-

378 596 665 654 merarium
698 592 903 649 facinus
924 590 1122 645 docere
1145 584 1314 640 voluit
1335 585 1359 638 2

451 689 556 744 Cur
581 685 768 740 habitet
806 681 934 738 Cain
977 696 1007 735 e
1028 679 1232 751 regione
1254 674 1435 730 Edent.
1465 703 1538 714 —
1568 672 1681 742 Age
1714 684 1856 725 nunc
1880 682 1971 722 se-

379 779 594 848 quentia
636 775 981 846 attingamus,
1026 778 1082 826 et
1128 768 1410 825 videamus
1447 763 1574 835 quid
1604 761 1762 818 hodie
1817 758 1970 814 nobis

379 878 560 924 narret
601 868 790 923 beatus
819 865 911 920 ille
953 860 1234 933 propheta,
1281 857 1512 927 Spiritus
1564 852 1739 908 sancti
1787 850 1970 905 afflatu

381 960 640 1017 eruditus.
673 958 805 1013 Nam
836 964 1116 1027 postquam
1148 967 1179 1006 a
1215 948 1444 1004 Domino
1471 944 1793 1001 sententiam
1839 938 1969 995 Cain

381 1050 609 1121 accepit,
644 1048 731 1104 16.
763 1046 1012 1119 Egressus
1059 1052 1152 1107 est,
1187 1039 1378 1109 inquit,
1423 1053 1454 1088 a
1508 1034 1642 1103 facie
1685 1032 1804 1087 Dei.
1833 1030 1971 1099 Quid

379 1154 485 1210 est,
519 1141 656 1197 Exiit
680 1157 713 1194 a
748 1139 882 1212 [acie
917 1134 1011 1190 Dei
1039 1134 1066 1188 7
1086 1132 1200 1188 lloc
1226 1138 1329 1197 est,
1362 1127 1591 1183 nudatus
1616 1136 1698 1181 est
1723 1124 1973 1196 praesidio

385 1234 503 1300 Dei,
549 1240 769 1303 propter
792 1224 1152 1283 abominabile
1172 1233 1225 1278 et
1260 1219 1620 1291 perniciosum
1650 1217 1869 1272 facinus.
1903 1212 1972 1269 Et

381 1324 623 1380 habitarit
652 1323 705 1376 in
731 1332 867 1375 terra
893 1316 1058 1382 Naid,
1090 1330 1119 1369 e
1145 1313 1349 1385 regione
1380 1310 1558 1366 Edam.
1590 1308 1785 1364 Narrat
1815 1306 1969 1361 nobis

379 1416 560 1470 divina
587 1412 859 1481 Scriptura
891 1409 1068 1463 locum
1087 1406 1139 1461 in
1162 1420 1268 1475 quo
1290 1411 1473 1473 postea
1499 1400 1777 1466 habitavit,
1804 1407 1859 1453 et
1878 1398 1973 1453 do-

380 1516 467 1562 eet
489 1503 760 1577 quomodo
786 1510 844 1556 et
872 1500 959 1555 hic
1001 1514 1108 1554 non
1143 1496 1388 1568 procula
1433 1492 1681 1564 paradiso
1730 1498 1972 1545 versatus

380 1600 470 1657 sit.
493 1607 551 1651 ut
568 1612 600 1653 e
620 1596 839 1667 regione
859 1591 999 1647 illius
1020 1589 1304 1654 exsistens,
1326 1587 1582 1642 continuo
1603 1598 1810 1638 memor
1831 1588 1977 1636 esset

379 1699 493 1745 tum
539 1701 725 1743 eorum
768 1699 888 1755 qua:
914 1681 1050 1753 patri
1081 1694 1180 1734 suo
1218 1679 1288 1733 ob
1318 1676 1814 1748 praevaricationem
1844 1688 1973 1728 cou-

382 1782 634 1852 tigerant,
666 1787 774 1831 tum
802 1771 1183 1845 magnitudinis
1203 1784 1388 1826 eorum
1412 1784 1531 1839 qua:
1559 1768 1673 1836 ipse
1699 1774 1972 1837 perpetra-

381 1879 552 1937 verat,
605 1877 825 1939 propter
872 1881 992 1936 qua:
1024 1871 1168 1918 tanta
1213 1859 1316 1916 sibi
1369 1874 1541 1928 neque
1582 1856 1748 1927 patris
1796 1870 1976 1910 corre-

384 1964 570 2035 ptioue
619 1959 924 2025 emendato,
970 1972 1129 2027 plena
1159 1955 1392 2022 irrogata
1421 1959 1523 2006 est.
1568 1950 1635 2003 Et
1654 1963 1784 2004 vero
1826 1947 1977 2002 locus

384 2057 476 2110 ille
503 2056 556 2109 in
600 2068 708 2124 quo
733 2049 1015 2117 habitavit,
1050 2055 1304 2118 perpetua
1330 2042 1587 2099 memoria
1613 2040 1731 2106 fuit,
1762 2055 1866 2094 non
1899 2039 1975 2094 illi

380 2148 502 2213 soli,
523 2146 619 2202 sed
643 2153 699 2201 et
723 2143 935 2200 smeulis
960 2137 1366 2212 posterioribus,
1389 2136 1458 2191 ob
1484 2144 1769 2192 tremorem
1796 2143 1848 2189 et
1871 2148 1981 2187 mo-

383 2238 605 2293 tionem.
654 2233 862 2289 Nomen
911 2233 1055 2286 enim
1099 2229 1233 2285 Naid
1273 2228 1531 2283 llebraica
1564 2225 1727 2281 dictio
1774 2235 1878 2292 est,
1922 2233 1978 2279 ει

381 2331 603 2385 vertitur
632 2325 941 2383 commotio.
974 2323 1157 2392 Itaque
1198 2329 1257 2375 ut
1301 2319 1505 2374 crimen
1544 2318 1685 2372 illius
1718 2323 1978 2387 perpetuo

383 2435 567 2479 norum
621 2429 766 2475 esset
815 2418 976 2474 etiam
1019 2431 1049 2470 a
1095 2416 1233 2481 loco,
1271 2415 1421 2484 quasi
1454 2412 1508 2465 in
1543 2411 1790 2465 columna
1838 2422 1977 2463 arrea

383 2514 667 2584 scriptum,
698 2510 807 2565 illic
828 2524 950 2563 eum
971 2505 1273 2562 collocavit.
1306 2502 1507 2558 Deinde
1539 2502 1710 2572 inquit
1743 2518 1756 2552 :
1791 2501 1879 2554 l7.
1912 2498 1979 2552 Et

393 2605 627 2677 cognorit
650 2601 776 2657 Cain
804 2616 1014 2655 uxorem
1040 2614 1187 2653 suam
1213 2613 1232 2650 :
1265 2605 1309 2651 et
1330 2612 1445 2650 cum
1470 2595 1801 2665 concepisset,
1827 2609 1978 2665 pepe-

383 2698 450 2752 rit
482 2696 681 2751 Enoeh.
703 2693 955 2749 Mortales
980 2691 1233 2759 deinceps
1258 2686 1384 2743 facti
1410 2687 1673 2753 homines,
1698 2687 1891 2741 merito
1910 2685 1980 2740 de

386 2791 616 2846 liliormn
642 2786 988 2844 successione
1013 2798 1196 2839 curam
1217 2780 1505 2836 habebant.
1532 2778 1638 2834 Sed
1670 2777 1808 2833 forte
1828 2779 1979 2833 dixe-

384 2884 454 2938 rit
476 2881 666 2950 aliquis
697 2895 712 2933 :
758 2874 1061 2945 Quomodo,
1085 2888 1207 2927 cum
1237 2872 1509 2940 Scriptura
1552 2884 1813 2939 nusquam
1843 2869 1980 2922 alte-

383 2973 498 3027 rius
547 2970 788 3026 mulieris
826 2966 1155 3029 meminerit,
1199 2962 1331 3020 dicit
1381 2961 1524 3034 quod
1563 2960 1695 3017 Cain
1736 2961 1981 3015 habuerit

385 3061 660 3119 uxorem?
702 3059 780 3115 Ne
810 3057 1039 3123 mireris,
1064 3056 1277 3112 dilecte.
1306 3053 1577 3125 Nusquam
1609 3053 1751 3108 enim
1782 3053 1983 3108 catalo-

381 3169 510 3225 gnm
542 3153 823 3206 mulierum
862 3149 1143 3221 diligenter
1173 3148 1335 3214 facit;
1366 3146 1459 3203 sed
1488 3147 1761 3216 Scriptura
1800 3145 1980 3201 divina

384 3259 583 3302 cavens
626 3260 693 3299 ne
735 3243 863 3315 quid
906 3241 1239 3312 superﬂuum
1281 3238 1536 3310 proferat,
1568 3239 1806 3309 singulos
1838 3240 1982 3294 viros

386 3344 795 3400 commemorat,
841 3349 949 3389 non
1000 3349 1188 3389 omnes
1213 3342 1413 3399 tamen,
1445 3330 1537 3386 sed
1586 3330 1800 3386 brevius
1827 3331 1983 3387 nobis

386 3438 570 3485 narrat
608 3428 812 3491 dicens,
860 3426 1001 3498 quod
1042 3424 1419 3498 generaverint
1468 3422 1610 3477 filios
1648 3434 1702 3478 et
1730 3423 1881 3490 filias,
1929 3433 1983 3479 et

389 3522 580 3580 mortui
599 3523 725 3578 sint.
750 3522 1050 3578 Verisimile
1068 3521 1227 3593 igiur
1243 3530 1325 3577 εει
1349 3521 1512 3575 Evam
1530 3520 1688 3574 filiam
1714 3521 1983 3592 peperisse

390 3624 513 3686 post
550 3614 679 3667 Cain
707 3622 763 3669 et
786 3613 940 3679 Abel,
981 3628 1141 3682 quam
1187 3612 1241 3665 in
1279 3626 1500 3666 uxorem
1532 3613 1800 3681 acceperit
1828 3612 1981 3666 Cain.

389 3704 523 3760 Nam
562 3704 682 3774 quia
714 3703 862 3757 initia
898 3711 1074 3768 erant,
1106 3701 1440 3772 debebatque
1475 3703 1660 3772 augeri
1694 3703 1982 3756 humanum

386 3811 578 3867 genus,
627 3808 845 3849 sorores
886 3803 945 3847 ut
995 3792 1272 3859 ducerent,
1306 3792 1723 3847 concedebatur.
1756 3792 1823 3847 Et
1864 3792 1984 3848 ideo

393 3890 508 3944 lnec
537 3887 690 3943 nobis
715 3884 1065 3962 conjectanda
1094 3884 1346 3955 relinquit
1364 3883 1662 3954 Scriptura,
1685 3893 1739 3938 et
1768 3884 1868 3939 hoc
1891 3899 1986 3939 so-

391 3980 498 4035 lmn
531 3989 710 4033 narrat
735 3977 920 4033 dicens
952 3994 965 4029 :
1002 3974 1067 4030 Et
1092 3976 1320 4046 cognouit
1345 3972 1471 4030 Cain
1501 3991 1710 4029 uxorem
1731 3992 1902 4040 suam,
1936 3984 1985 4028 et

390 4090 504 4128 cum
532 4071 859 4143 concepisset,
883 4069 1075 4141 peperit
1112 4067 1308 4124 Enoclt.
1337 4067 1401 4122 Et
1428 4078 1535 4122 erat
1565 4068 1829 4137 azdiﬁcans
1856 4066 1984 4120 civi-

391 4176 544 4220 tatem
568 4166 619 4219 in
642 4164 840 4218 nomine
868 4163 965 4232 ﬁlii
990 4164 1072 4216 sui
1100 4160 1297 4216 Enoclt.
1331 4161 1461 4217 Vide
1504 4160 1771 4232 quomodo
1806 4160 1989 4230 paula-

396 4261 489 4314 tim
514 4259 881 4311 instituuntur.
910 4254 1044 4322 Quia
1074 4254 1215 4309 enim
1264 4254 1520 4308 mortales
1549 4260 1856 4319 evaserant,
1887 4254 1989 4307 im-

396 4349 677 4405 mortalem
708 4362 858 4402 suam
886 4346 1202 4400 memoriam
1234 4344 1412 4400 facere
1436 4346 1721 4399 voluerunt
1748 4387 1761 4412 ,
1790 4345 1985 4416 partim

395 4458 464 4498 ex
492 4441 615 4495 filiis
640 4454 775 4509 quos
816 4438 1176 4509 generabant,
1208 4437 1399 4507 partim
1431 4451 1499 4491 ex
1531 4436 1660 4490 locis
1689 4436 1885 4505 quibus
1931 4436 1992 4489 li-

397 4535 588 4590 liorum
610 4532 827 4587 nomina
855 4530 1220 4600 imponebant.
1250 4529 1377 4583 HiCC
1408 4529 1585 4583 omnia
1609 4529 1730 4598 jure
1756 4528 1877 4599 quis
1905 4528 1987 4581 di-

394 4634 544 4682 ceret
576 4634 914 4694 peccatorum
944 4623 1301 4686 monimenta,
1339 4634 1548 4674 necnon
1593 4619 1773 4689 lapsus
1814 4635 1843 4672 a
1877 4618 1989 4688 pri-

398 4729 536 4775 stina
551 4715 719 4788 gloria
730 4758 743 4783 ,
764 4714 939 4785 inqua
953 4728 1072 4768 cum
1092 4723 1290 4778 essent,
1314 4711 1461 4765 nullo
1475 4709 1666 4764 horum
1687 4709 1992 4779 indigebant

398 4809 569 4864 Adam
600 4816 655 4863 et
682 4807 812 4873 Eva,
855 4815 1041 4875 utpote
1086 4803 1340 4859 omnibus
1390 4801 1717 4871 superiores,
1766 4810 1820 4855 et
1862 4801 1991 4855 nihil

398 4899 635 4955 obnoxii.
665 4897 753 4953 18.
788 4895 953 4951 Porro
988 4894 1164 4949 Enoch
1204 4894 1303 4963 ipsi
1344 4903 1494 4947 natus
1518 4901 1610 4958 est,
1649 4890 1841 4962 inquit,
1864 4890 1989 4945 Gat-

400 4992 525 5058 dud,
554 5001 601 5044 et
628 4988 829 5044 Gaidatl
849 4987 1020 5058 genuit
1052 4986 1309 5053 Maleleel,
1339 4996 1387 5040 et
1416 4983 1652 5038 Maleleel
1679 4986 1850 5056 genuit
1878 4983 1993 5038 Mtt-

401 5083 623 5151 tlutsala,
651 5092 698 5136 et
724 5079 1016 5135 Matltusala
1039 5081 1209 5151 genuit
1236 5077 1475 5133 Lameclt.
1505 5077 1667 5133 Vides
1691 5091 1848 5147 quam
1869 5091 1993 5130 cur-

402 5175 501 5228 sim
539 5174 727 5228 transit
748 5173 1123 5244 genealogias;
1155 5170 1391 5225 virorum
1422 5178 1626 5224 tantum
1665 5169 1994 5227 mentionem

406 5264 531 5316 facit
561 5264 748 5317 beatus
784 5264 894 5329 ille,
948 5276 1208 5332 nusquam
1232 5276 1361 5315 vero
1399 5259 1683 5314 mulierum
1729 5260 1992 5315 meminit.

406 5350 510 5407 Sed
564 5353 1011 5422 quemadmodum
1060 5354 1129 5408 de
1172 5350 1304 5407 Cain
1357 5351 1556 5406 dictum
1605 5361 1709 5418 est,
1752 5351 1997 5423 Cognovit

407 5456 615 5497 urerent
644 5457 810 5510 suam,
839 5460 958 5499 cum
986 5459 1246 5515 nusquam
1275 5457 1376 5497 nos
1426 5443 1692 5505 docuerit,
1723 5459 1895 5513 neque
1914 5443 1995 5497 di-

405 5532 547 5585 xerit
574 5531 715 5587 unde
740 5532 983 5591 habuerit
1001 5550 1224 5592 uxorem
1252 5554 1265 5591 :
1289 5537 1366 5589 sic
1396 5549 1525 5589 sane
1550 5544 1604 5589 et
1631 5534 1715 5589 hic
1743 5535 1992 5604 loquitur:

411 5632 498 5687 19.
535 5631 598 5685 Et
641 5628 832 5694 accepit
864 5627 961 5682 sibi
1001 5625 1223 5681 Lomeclt
1269 5627 1398 5681 duas
1436 5643 1640 5691 uxores,
1685 5643 1867 5681 nomen
1907 5627 1997 5681 uni

426 5721 623 5781 Λαίδα
642 5739 823 5776 nomen
847 5718 1084 5773 secunda:
1110 5716 1274 5772 Sella.
1301 5717 1393 5772 ΞΟ.
1422 5716 1487 5771 Et
1515 5718 1710 5788 peperit
1740 5717 1874 5783 Atla,
1909 5718 1995 5772 in-

427 5806 992 5884 quit-,Jobel:lric{uiz
1022 5819 1162 5879 pater
1183 5806 1517 5861 habitantium
1563 5809 1614 5862 in
1661 5808 1995 5863 tabernaculis

1108 381 1168 437 S.
1206 376 1483 436 JOAN‘NIS
1517 369 1993 431 CHRYSOSTOMI
2033 364 2350 422 ARCHIEP.
2389 364 2921 425 CONS’I‘ANTINUP.

3563 366 3673 424 16$

2078 490 2361 552 pastorum.
2391 479 2484 535 2|.
2526 479 2592 534 Et
2619 497 2798 534 nomen
2824 481 2974 551 fratri
2999 480 3136 535 illius
3169 477 3326 535 Jebat
3353 495 3368 531 :
3397 480 3479 535 hic
3506 482 3675 550 fuitis

2078 572 2165 643 qui
2192 571 2546 626 demonstravit
2574 571 2870 642 psalterium
2890 581 2937 625 et
2960 572 3232 625 citharam.

2147 661 2203 715 9.
2245 661 2381 717 Vide
2419 661 2709 731 Scriptura:
2729 661 3084 732 diligentiam.
3119 662 3307 716 Docuit
3336 678 3436 718 nos
3479 672 3535 720 et
3575 681 3669 719 no—

2078 753 2222 806 mina
2254 767 2441 809 eorum
2472 753 2561 823 qui
2592 752 2700 806 uati
2723 761 2849 808 sunt
2884 768 2951 808 ex
2992 769 3159 808 uxore
3187 753 3444 817 Lamech,
3471 764 3527 811 et
3550 770 3674 825 qua

2079 843 2256 899 studia
2286 843 2499 899 illorum
2523 844 2723 900 fuerint
2751 862 2764 898 :
2798 859 2990 914 nempe
3014 844 3156 915 quod
3186 860 3324 900 unus
3350 845 3554 902 alendis
3581 864 3672 917 pe-

2078 936 2292 990 coribus
2328 935 2489 991 fuerit
2528 936 2760 1000 deditus,
2789 946 2845 992 et
2884 938 3023 992 alter
3046 938 3434 1009 excogitaverit
3475 942 3671 1009 psalte-

2080 1027 2216 1081 rium
2261 1035 2316 1082 ct
2354 1028 2635 1083 citharam.
2666 1028 2756 1082 29..
2804 1028 2949 1083 Sella
2994 1040 3182 1096 autem,
3228 1029 3421 1101 inquit,
3465 1042 3514 1086 et
3560 1033 3675 1103 ipsa

2081 1120 2272 1189 peperit
2300 1119 2512 1186 Tltobel,
2534 1131 2580 1173 et
2606 1130 2715 1174 erat
2741 1120 3029 1184 malleator,
3051 1129 3096 1174 et
3127 1121 3269 1192 [uber
3301 1124 3419 1177 teris
3446 1133 3493 1177 et
3525 1124 3670 1194 ferri.

2080 1208 2279 1266 lterum
2313 1221 2368 1266 et
2402 1223 2572 1266 artem
2600 1212 2743 1266 illius
2770 1215 2860 1281 qui
2886 1227 2954 1267 ex
2972 1212 3113 1268 Sella
3140 1224 3294 1267 natus
3314 1224 3430 1268 erat
3455 1214 3672 1280 indicat,

2079 1302 2222 1374 quod
2269 1319 2462 1374 nempe
2506 1303 2749 1358 fabrilem
2789 1304 2914 1358 a‘ris
2965 1314 3137 1360 artem
3192 1317 3491 1361 exerceret.
3544 1306 3676 1361 Vide

2080 1396 2352 1466 quomodo
2378 1412 2495 1467 qua:
2522 1396 2587 1450 ad
2616 1412 2770 1451 usum
2788 1404 2844 1452 el.
2860 1397 3203 1452 commodum
3228 1398 3440 1451 humani
3466 1415 3613 1467 gener
3631 1401 3676 1454 is

2082 1496 2325 1557 Spectant
2374 1487 2628 1559 paulatim
2679 1488 2889 1556 provisa
2941 1488 3065 1541 sint.
3118 1489 3184 1542 lit
3214 1488 3441 1557 primum
3489 1488 3678 1543 Caina

2085 1578 2196 1632 filio
2216 1594 2316 1634 suo
2332 1578 2601 1634 civitatem
2623 1579 2692 1633 ab
2711 1595 2771 1634 se
2790 1578 3106 1633 aedificatam
3133 1580 3444 1635 nominavit.
3472 1582 3670 1636 Deinde

2083 1684 2270 1724 eorum
2300 1669 2391 1740 qui
2416 1685 2483 1725 ex
2524 1671 2779 1725 uxoribus
2816 1670 3048 1726 Lameeb
3079 1671 3189 1725 noti
3225 1683 3371 1738 sunt,
3413 1686 3550 1728 unus
3584 1688 3671 1742 pa-

2082 1761 2296 1817 scendis
2336 1762 2616 1832 pecoribus
2659 1776 2718 1816 se
2747 1762 2971 1829 dedidit,
3000 1763 3137 1817 alius
3180 1764 3426 1818 aerariam
3454 1777 3672 1819 exerce-

2084 1854 2167 1908 bat
2194 1895 2212 1920 ,
2259 1856 2397 1909 alius
2449 1856 2611 1911 etiam
2659 1857 2968 1926 psalterium
2998 1866 3052 1911 et
3081 1856 3339 1912 citharam
3381 1856 3677 1912 adinvenit.

2085 1946 2250 2001 Soror
2276 1956 2462 2013 autem,
2498 1946 2689 2018 inquit,
2728 1946 2917 2002 Tltobel
2950 1946 3209 2002 Noeman.
3239 1948 3378 2016 Quid
3431 1949 3533 2003 hoc
3577 1964 3676 2003 [.0-

2083 2054 2206 2093 vum
2234 2047 2291 2094 et
2315 2038 2632 2093 insolitum?
2659 2038 2809 2094 Nunc
2833 2040 3064 2110 primum
3091 2040 3405 2095 nominatim
3434 2041 3680 2097 mulieris

2086 2135 2350 2190 meminit.
2397 2134 2517 2189 Non
2546 2136 2663 2191 sine
2692 2150 2874 2202 causa,
2904 2151 3076 2206 neque
3108 2145 3326 2203 tcmere,
3360 2137 3455 2192 sed
3485 2148 3544 2195 ut
3582 2156 3680 2192 cc-

2085 2228 2288 2282 cultum
2336 2227 2463 2295 quid
2511 2228 2665 2283 nobis
2713 2227 2802 2283 hic
2847 2228 3121 2296 declaret,
3171 2228 3275 2284 hoc
3322 2228 3448 2286 fecit
3490 2231 3683 2287 beatus

2087 2321 2381 2392 propheta;
2428 2321 2478 2376 id
2501 2322 2643 2392 quod
2671 2322 2724 2375 in
2755 2321 2895 2376 aliud
2928 2330 3137 2393 tempus
3161 2322 3310 2377 vobis
3333 2338 3685 2394 reponemus,

2086 2431 2230 2471 nunc
2261 2416 2535 2470 historiam
2586 2432 2876 2485 sequamur
2913 2433 2927 2469 :
2970 2431 3146 2487 neque
3192 2417 3336 2472 enim
3377 2419 3523 2487 parvi
3564 2433 3682 2471 mo-

2087 2508 2254 2565 menti
2283 2508 2534 2579 quiddam
2564 2519 2646 2563 est
2675 2508 2819 2579 quod
2846 2509 3114 2576 subditur,
3139 2519 3196 2564 et
3234 2509 3466 2579 plurimo
3495 2509 3681 2564 labore

2088 2599 2248 2654 habet
2270 2614 2426 2669 opus,
2456 2613 2519 2653 ac
2543 2598 2883 2669 diligentiore
2914 2600 3279 2670 inquisitione,
3309 2608 3367 2653 ut
3387 2600 3679 2670 possimus,

2087 2690 2334 2746 omnibus
2354 2689 2552 2761 liquido
2569 2691 2883 2759 exploratis,
2899 2690 3124 2746 multum
3153 2691 3280 2747 hinc
3306 2692 3550 2746 utilitatis
3583 2711 3681 2746 no-

2088 2782 2197 2838 bis‘
2222 2781 2434 2838 afferre.
2453 2781 2542 2838 25.
2559 2781 2726 2849 Dixit,
2742 2783 2930 2853 inquit,
2944 2782 3166 2839 Lameclt
3185 2784 3425 2839 uxoribus
3440 2785 3545 2839 suis
3555 2785 3683 2839 Adae

2085 2887 2133 2932 et
2165 2875 2323 2931 Sella:
2341 2893 2361 2931 :
2391 2876 2575 2931 Audite
2593 2893 2766 2931 vocem
2802 2893 2986 2942 meam,
3004 2893 3188 2932 uxores
3207 2875 3452 2941 Lauteclt,
3475 2877 3683 2932 auribus

2088 2968 2331 3040 pcrcipite
2358 2984 2615 3023 sermones
2648 2985 2784 3022 meos
2813 2985 2832 3023 :
2863 2970 2985 3041 quia
3028 2970 3193 3023 uirum
3221 2970 3383 3025 occidi
3419 2972 3474 3024 in
3499 2972 3685 3025 uulnus

2087 3061 2234 3127 milii,
2275 3070 2321 3114 et
2347 3061 2780 3116 adolescentulum
2805 3062 2858 3116 in
2905 3063 3191 3117 cicatricem
3241 3063 3386 3116 mihi.
3418 3062 3510 3118 24.
3546 3063 3683 3131 Quia

2087 3154 2269 3223 septies
2294 3153 2418 3207 ultio
2463 3163 2668 3224 sumpta
2716 3162 2788 3207 est
2816 3152 2879 3208 de
2905 3152 3055 3220 Cain,
3083 3153 3148 3209 de
3176 3152 3399 3209 Lameelt
3445 3171 3563 3209 rero
3602 3171 3683 3210 se-

2088 3244 2317 3315 ptuagics
2362 3245 2562 3315 septies.
2610 3244 2872 3311 Obsecro,
2919 3254 3099 3300 mente
3144 3245 3347 3300 intenta
3392 3253 3586 3311 estote,
3627 3254 3682 3302 et

2089 3336 2266 3390 omnia
2310 3351 2430 3406 qua:
2480 3335 2547 3390 ad
2578 3336 2863 3391 srcculares
2891 3350 3049 3392 curas
3090 3338 3381 3408 pertinent,
3411 3352 3682 3408 seponen-

2091 3435 2190 3489 tcs,
2217 3441 2340 3481 eum
2366 3426 2644 3497 diligentia
2691 3442 2813 3497 qua:
2855 3426 3131 3494 dicuntur,
3179 3438 3599 3498 perscrutemur,
3627 3439 3684 3484 ut

2092 3517 2223 3572 nihil
2250 3532 2436 3572 eorum
2488 3533 2587 3572 nos
2638 3518 2824 3584 lateat,
2856 3519 2954 3575 sed
2999 3530 3256 3590 quantum
3304 3535 3589 3593 possumus
3615 3521 3684 3576 ad

2091 3609 2410 3680 profundum
2444 3610 2693 3681 ingressi,
2722 3611 2990 3666 occultum
3019 3613 3328 3668 thesaurum
3357 3615 3539 3669 venari
3564 3629 3687 3684 pos-

2092 3703 2258 3757 simus
2290 3703 2341 3756 in
2371 3703 2553 3771 paucis
2578 3702 2682 3757 illis
2706 3703 2885 3757 verbis
2916 3705 3192 3759 latentem.
3224 3704 3368 3759 Dixit
3391 3716 3578 3770 autem,
3606 3706 3687 3761 in-

2092 3795 2227 3864 quit,
2257 3793 2480 3847 Lameclt
2523 3794 2765 3848 uxoribus
2792 3795 2898 3849 suis
2925 3795 3053 3851 Atla:
3078 3806 3125 3849 et
3155 3796 3312 3852 Sellae
3335 3812 3355 3851 .-
3390 3782 3577 3852 iturine
3599 3814 3687 3853 oo-

2092 3902 2200 3940 cem
2230 3902 2413 3949 nteant,
2438 3901 2622 3941 uxores
2651 3884 2893 3953 Lameclt,
2924 3887 3131 3942 auribus
3158 3890 3402 3959 percipite
3434 3905 3687 3945 sermones

2094 3992 2249 4030 meos.
2280 3976 2596 4041 Considera,
2634 3976 2880 4041 obsecro,
2910 3979 3091 4034 statim
3134 3980 3204 4035 ab
3230 3980 3400 4047 initio,
3428 3992 3688 4051 quantum

2096 4069 2170 4124 illi
2220 4068 2476 4140 profuerit
2525 4085 2681 4141 paena
2714 4069 2845 4125 Cain
2875 4071 3128 4143 irrogata.
3160 4070 3279 4127 Non
3323 4072 3498 4128 solum
3543 4074 3687 4128 enim

2097 4176 2202 4214 non
2235 4169 2516 4230 exspectat
2557 4170 2614 4216 ut
2639 4162 2708 4216 ab
2735 4162 2843 4217 alio
2868 4172 3141 4234 arguatur,
3175 4163 3316 4235 quod
3344 4165 3397 4219 in
3446 4163 3589 4220 idem
3633 4173 3690 4220 et

2095 4252 2311 4322 gravius
2341 4263 2616 4322 peccatum
2648 4253 2829 4323 lapsus
2870 4254 2960 4320 sit,
2992 4254 3085 4309 sed
3115 4254 3261 4310 nullo
3289 4255 3372 4310 vel
3401 4263 3689 4312 accusante

2098 4345 2181 4401 vel
2215 4346 2543 4415 increpante,
2575 4345 2689 4414 ipse
2723 4346 3068 4416 semetipsum
3094 4347 3435 4402 manifestum
3463 4346 3607 4416 facit,
3633 4356 3691 4404 et

2097 4436 2384 4490 confitetur
2425 4450 2544 4505 qum
2587 4433 2727 4489 facta
2773 4436 2901 4500 sint,
2935 4435 3355 4509 mulieribusque
3383 4446 3566 4492 narrat
3590 4437 3689 4492 dc-

2099 4529 2208 4583 lieti
2241 4528 2683 4599 magnitudinem,
2714 4527 2867 4598 quasi
2897 4526 3029 4583 illud
3053 4528 3194 4600 quod
3238 4544 3269 4583 a
3316 4530 3576 4600 praplteta
3601 4529 3689 4583 di-

2098 4630 2242 4675 ctum
2282 4629 2385 4686 est,
2413 4619 2642 4689 implens
2672 4635 2688 4674 :
2713 4617 2896 4672 Justus
2924 4620 3004 4673 sui
3029 4621 3188 4690 ipsius
3233 4632 3499 4676 accusator
3534 4622 3690 4677 estin

2101 4712 2349 4782 principio
2379 4712 2623 4766 sermonis
2655 4708 2835 4781 (Prov.
2870 4710 2956 4767 18.
2992 4711 3105 4784 17).
3136 4714 3430 4768 Plurimum
3452 4715 3596 4770 enim
3622 4714 3691 4770 ad

2099 4801 2435 4858 emendanda
2464 4812 2680 4873 peccata
2705 4802 2846 4857 valet
2869 4803 3373 4876 c0nfessio.Utique
3401 4806 3543 4861 sicut
3564 4822 3659 4877 gra
3676 4836 3693 4848 -

2103 4896 2222 4950 vius
2250 4905 2332 4951 est
2360 4897 2591 4966 peccatis
2636 4897 2786 4966 ipsis,
2819 4906 2939 4966 post
2983 4908 3199 4968 peccata
3225 4901 3537 4968 commissa,
3566 4916 3693 4971 pee-

2099 4996 2217 5041 cata
2264 4987 2489 5042 inliciari
2521 5005 2535 5041 :
2570 4987 2623 5041 id
2652 4988 2794 5058 quod
2841 4988 3110 5044 fratricida
3142 4992 3233 5045 ille
3264 4992 3477 5062 agebat,
3504 5003 3560 5047 et
3606 5007 3694 5047 ro.

2099 5090 2256 5151 gatus
2287 5096 2318 5133 a
2347 5080 2694 5136 misericorde
2734 5081 2866 5148 Deo,
2897 5097 3005 5138 non
3034 5084 3243 5139 solum'
3265 5102 3372 5140 nou
3416 5085 3696 5142 confessus

2101 5182 2185 5228 est
2215 5172 2267 5227 id
2296 5171 2439 5243 quod
2463 5187 2627 5227 ausus
2666 5173 2836 5228 fuerat
2867 5182 3082 5243 patrare
3118 5176 3345 5243 facinus,
3381 5177 3476 5232 sed
3506 5186 3562 5232 et
3587 5179 3697 5232 Deo

2104 5265 2317 5319 mentiri
2345 5279 2509 5319 ausus
2533 5273 2616 5319 est
2649 5281 2665 5316 :
2694 5271 2749 5318 et
2775 5264 2896 5320 ideo
2921 5275 2979 5321 ut
3010 5267 3418 5338 prolongaretur
3440 5268 3550 5321 vita
3574 5283 3699 5331 sua,

2104 5353 2250 5410 fecit.
2282 5355 2444 5425 Igitur
2470 5354 2703 5410 Lamech
2748 5356 2800 5409 in
2847 5356 2934 5410 illa
2982 5356 3095 5426 ipsa
3146 5366 3359 5427 peccata
3403 5359 3698 5415 inciderat:

2112 5442 2210 5496 sed
2238 5440 2423 5496 animo
2445 5445 2729 5509 reputans,
2755 5439 3106 5509 negationem
3127 5442 3350 5511 gravius
3368 5441 3446 5495 illi
3472 5455 3695 5512 parasse

2114 5529 2466 5602 supplicium,
2494 5527 2705 5584 vocatis
2728 5529 3055 5585 mulieribus
3072 5530 3210 5594 suis,
3227 5530 3382 5585 nullo
3400 5529 3698 5602 reprehen-

2179 5692 2194 5722 ί
2223 5691 2321 5737 Sex
2351 5688 2463 5737 Mss.
2493 5694 2545 5737 et
2565 5686 2737 5743 Savil..
2760 5685 2910 5739 vobis.

2175 5753 2196 5782 ³
2226 5752 2349 5812 Reg.
2376 5763 2501 5798 unus
2523 5755 2582 5812 et
2609 5749 2761 5812 εει-ξι.
2790 5749 2865 5799 sic
2898 5749 3107 5810 habent,
3129 5754 3176 5799 et
3206 5763 3234 5798 ι·

3330 5756 3407 5799 tus
3433 5763 3464 5798 a
3500 5745 3699 5812 miseri-

2114 5816 2260 5864 corde
2287 5810 2404 5871 Deo,
2436 5826 2455 5859 t
2479 5811 2561 5861 ubi
2581 5811 2700 5863 Al'el
2714 5810 2869 5875 frater
2888 5818 3015 5873 tuus,
3046 5828 3065 5861 ι
3090 5825 3186 5862 non

3285 5823 3383 5861 um.
