4110 6424
381 380 475 439 167

376 503 535 576 λήθη,
559 502 696 558 ἀλλὰ
727 502 822 556 καὶ
841 503 964 566 τοὺς
993 504 1072 567 είς
1101 504 1160 557 τὸ
1187 502 1312 575 ἑξῆς
1346 504 1588 570 ἅπαντας
1614 506 1845 573 διδάξαι,
1870 510 2048 583 πάντῃ

377 593 599 664 φεύγειν
629 592 690 645 τὸ
727 590 997 663 τολμηθὲν
1029 591 1185 645 τοῦτο
1209 593 1574 665 ἐπιχείρημα;

444 700 581 771 Φέρε
607 700 791 753 λοιπὸν
818 700 928 753 τῶν
963 700 1090 772 ἐξῆς
1124 700 1409 772 ἁψώμεθα,
1449 703 1544 755 καὶ
1580 702 1776 774 ἴδωμεν
1802 704 1853 756 τί
1891 716 1915 744 α
1951 704 2047 758 καὶ

375 788 619 861 σήμερον
644 787 910 858 διηγεῖται
943 789 1074 859 ἡμῖν
1092 790 1120 842 6
1142 790 1412 860 μακάριος
1441 784 1596 853 οὗτος
1615 792 1919 861 προφήτης,
1946 792 2050 844 ὑπὸ

374 877 477 946 τῆς
496 874 591 928 τοῦ
624 874 940 945 Πνεύματος
969 875 1333 946 ἐνηχούμενος
1362 877 1662 949 ἐνεργείας.
1702 878 1918 949 Ἐπειδὴ
1940 878 2049 949 γὰρ

375 963 652 1032 ἀπόφασιν
685 962 904 1027 ἐδέξατο
928 964 956 1016 6
990 964 1147 1029 Κάῖν,
1192 962 1461 1029 Ἐξῆλθε,
1510 966 1695 1035 φησὶν,
1717 965 1834 1018 ἀπὸ
1863 978 2050 1032 προσ.-

372 1049 540 1106 ώπου
573 1051 680 1105 τοῦ
725 1051 894 1106 Θεοῦ.
926 1050 990 1103 Τί
1025 1052 1193 1117 ἐστιν,
1235 1050 1529 1120 Ἐξῆλθεν
1564 1052 1682 1106 ἀπὸ
1723 1051 2048 1120 προσώπου

372 1138 485 1193 τοῦ
532 1138 718 1202 Θεοῦ;
751 1138 1060 1203 Τουτέστιν,
1093 1138 1381 1211 ἐγυμνώθη
1420 1140 1518 1210 τῆς
1550 1142 1678 1211 παρ’
1712 1139 1876 1193 αὑτοῦ
1918 1157 2049 1210 προ-

379 1227 607 1290 στασίας
635 1226 723 1280 διὰ
745 1227 846 1298 τὴν
881 1227 1134 1299 μυσαράν
1157 1228 1372 1296 ἐκείνην
1414 1227 1635 1299 πρᾶξιν..
1664 1228 1773 1280 Καὶ
1808 1224 2050 1294 ᾤκησεν

372 1315 446 1368 ἐν
468 1313 545 1384 γῇ
566 1314 734 1381 Ναῒδ,
767 1314 1085 1369 κατέναντι
1108 1315 1296 1384 Ἐδέμ.
1323 1317 1484 1385 Λέγει
1503 1318 1637 1388 ἡμῖν
1663 1314 1862 1368 καὶτὸν
1885 1316 2048 1368 τόπον

375 1402 506 1455 ἐνθα
527 1401 708 1455 λοιπὸν
735 1402 833 1473 τὴν
850 1402 1168 1474 κατοίκησιν
1200 1405 1515 1474 ἐποιήσατο,
1548 1405 1641 1456 καὶ
1668 1403 1908 1456 διδάσκει
1932 1403 2049 1466 πῶς

375 1490 473 1543 καὶ
540 1483 694 1553 οὗτος
756 1490 818 1542 οὐ
884 1490 1075 1562 πόρρω
1148 1491 1243 1544 τοῦ
1305 1490 1633 1561 παραδείσου
1696 1491 1911 1561 διῆγεν,
1961 1491 2045 1543 ἵνα

374 1576 662 1629 κατέναντι
684 1574 847 1628 αὐτοῦ
865 1575 962 1641 ῶν,
984 1576 1207 1648 διηνεκῆ
1237 1578 1337 1647 τὴν
1372 1578 1674 1648 ὑπόμνησιν
1701 1578 1799 1648 ἔχῃ
1830 1579 1924 1630 καὶ
1939 1578 2047 1630 τῶν

369 1662 453 1734 τῷ
515 1665 681 1736 πατρὶ
733 1664 1156 1735 συμϐεϐηκότων
1191 1667 1278 1719 διὰ
1332 1666 1430 1737 τὴν
1460 1668 1790 1736 παράϐασιν,
1821 1668 1915 1721 κα)⁸
1952 1666 2044 1720 τοῦ

375 1750 639 1822 μεγέθους
667 1752 776 1805 τῶν
803 1751 952 1822 αὐτῷ
980 1752 1396 1823 τετολμημένων
1418 1771 1430 1785 ·
1454 1753 1552 1825 τὴν
1577 1755 1845 1825 τοσαύτην
1876 1773 2047 1825 τιμω-

374 1840 519 1909 ρίαν,
545 1840 611 1911 ῆν
639 1838 856 1904 ἐδέξατο
884 1840 912 1879 b
947 1840 1081 1911 μηδέ
1107 1843 1174 1911 τῇ
1198 1839 1292 1892 τοῦ
1330 1842 1534 1911 πατρὸς
1564 1842 1805 1912 τιμωρία
1833 1860 2045 1912 σωφρο-

373 1927 595 1989 νισθείς.
637 1928 744 1979 Καὶ
772 1926 933 1990 αὐτὸς
961 1927 1017 1980 δέ
1038 1928 1067 1978 6
1089 1928 1272 1992 τόπος,
1298 1927 1429 1982 ἔνθα
1458 1928 1717 1998 κατῴκει,
1741 1930 2045 2001 ὑπόμνησις

369 2014 716 2079 ἀδιάλειπτος
773 2009 841 2085 ἦν
892 2015 994 2068 οὐκ
1033 2014 1183 2085 αὐτῷ
1223 2016 1388 2086 μόνῳ,
1440 2016 1578 2071 ἀλλά
1619 2017 1713 2070 καὶ
1745 2020 1864 2082 ταῖς
1907 2020 2045 2086 μετά

370 2101 540 2155 ταῦτα
567 2105 803 2170 γενεαῖς,
837 2101 931 2155 τοῦ
961 2103 1127 2156 σάλου
1160 2103 1255 2156 καὶ
1284 2102 1377 2157 τοῦ
1399 2106 1626 2175 τρόμου.
1650 2105 1723 2157 Τὸ
1759 2104 1867 2175 γὰρ
1905 2103 2044 2158 Nata

370 2189 541 2259 ὖνομα
595 2189 857 2262 Ἐϐραῖκὴ
884 2190 1027 2255 λέξις
1061 2192 1231 2258 ἐστὶν,
1273 2192 1631 2263 ἑρμηνεύεται
1660 2192 2042 2257 δέσά.ίος.”1ν’

369 2273 465 2330 οὗν
493 2276 682 2349 ῶσπερ
712 2278 770 2331 ἐν
801 2278 970 2351 στήλῃ
996 2278 1165 2349 χαλκῇ
1191 2278 1540 2333 ἀνέκλειπτον
1564 2279 1662 2352 ἔχῃ
1696 2287 1790 2333 και
1812 2280 1921 2334 ἀπὸ
1947 2281 2042 2334 τοῦ

370 2365 533 2418 τόπου
544 2366 643 2435 τὴν
668 2366 1021 2437 κατηγορίαν,
1047 2368 1163 2420 ἐκεῖ
1180 2367 1342 2421 αὐτὸν
1377 2367 1702 2437 κατῴκισεν.
1722 2363 1855 2421 Εἶτά
1878 2384 2038 2438 φησι·

372 2452 480 2507 Καὶ
510 2453 662 2524 ἔγνω
686 2456 841 2508 Κάϊν
866 2453 981 2523 τὴν
1011 2455 1265 2525 γυναῖκα
1289 2456 1498 2522 αὑτοῦ,
1530 2457 1628 2510 καὶ
1645 2458 2046 2511 συλλαϐοῦσα

370 2541 537 2594 ἔτεκε
579 2540 685 2595 τὸν
728 2540 935 2609 Ἑνώχ.
992 2542 1190 2614 Θνητοὶ
1253 2541 1438 2595 λοιπὸν
1469 2543 1772 2611 γεγονότες,
1821 2545 2045 2608 είκὸτως

369 2629 499 2699 περὶ
526 2627 625 2699 τὴν
660 2628 769 2682 τῶν
824 2629 1032 2683 τέκνων
1054 2629 1303 2701 διαδοχὴν
1330 2629 1427 2700 τὴν
1460 2630 1677 2685 ἃπασαν
1706 2630 1939 2702 σπουδὴν
1965 2627 2043 2684 εἶ-

370 2733 464 2785 χον
499 2726 547 2771 ο.
595 2716 732 2770 Ἀλλ’
766 2718 894 2780 ἴσως
926 2717 1066 2770 εἴποι
1094 2735 1175 2780 τις
1203 2717 1268 2771 ἄν
1290 2730 1305 2746 ·
1349 2717 1487 2783 πῶς,
1515 2717 1752 2789 οὐδαμοῦ
1776 2720 1874 2789 τῆς
1908 2720 2043 2790 Γρα-

370 2803 478 2873 φῆς
526 2803 976 2875 μνημονευσάσης
1029 2805 1221 2876 ἐτέρας
1249 2804 1530 2873 γυναικὸς,
1563 2807 1591 2858 6
1622 2807 1761 2858 Κάῖν
1791 2805 1914 2875 ἔσχε
1946 2805 2044 2876 τὴν

377 2892 641 2958 (manu;
695 2892 787 2963 Μή
837 2908 897 2945 σε
933 2890 1115 2964 ξενίσῃ
1134 2892 1312 2958 τοῦτο,
1350 2892 1620 2964 ἀγαπητέ.
1660 2893 1908 2965 Οὑδαμοῦ
1937 2893 2046 2964 γὰρ

367 2976 601 3049 θηλειῶν
627 2980 767 3044 τέως
799 2980 1095 3049 κατάλογον
1121 2984 1357 3035 ποιεῖται
1407 2982 1546 3052 μετά
1586 2982 1889 3053 ἀκριϐείας,
1912 2982 2047 3035 ἀλλά

369 3067 429 3121 τὸ
457 3068 707 3139 περιττὸν
729 3068 977 3138 φυγοῦσα
1001 3072 1034 3140 ἡ
1074 3069 1191 3123 θεία
1222 3070 1412 3141 Γραφὴ
1435 3071 1499 3123 ἐκ
1523 3071 1721 3142 μέρους
1739 3070 1846 3124 τῶν
1876 3070 2047 3143 ἀρρέ-

369 3172 477 3209 νων
512 3156 859 3226 μνημονεύει,
878 3158 972 3212 καὶ
995 3157 1116 3211 οὑδέ
1144 3157 1577 3221 αὐτῶνπάντων,
1605 3157 1740 3211 ἀλλά
1772 3157 2049 3229 συντομώο

370 3258 525 3313 τερον
555 3242 707 3314 [172]
733 3245 863 3315 ἡμῖν
878 3244 1143 3315 διηγεῖται
1168 3244 1418 3314 λέγουσα,
1448 3245 1530 3298 ὅτι
1546 3246 1574 3296 6
1591 3244 1736 3299 δεῖνα
1763 3244 2048 3317 ἐγέννησεν

371 3331 519 3393 υίοὺς
557 3331 652 3385 καὶ
691 3332 1015 3404 θυγατέρας,
1060 3334 1152 3386 καὶ
1194 3333 1485 3397 ἀπέθανεν.
1522 3332 1681 3397 Εἰκὸς
1712 3328 1803 3387 οὖν
1829 3334 1925 3386 καὶ
1952 3333 2047 3387 νῦν

371 3419 471 3489 τὴν
500 3416 644 3473 Εὕαν
693 3421 789 3474 καὶ
844 3420 1119 3492 θυγατέρα
1153 3425 1333 3475 τεκεῖν
1384 3422 1521 3492 μετά
1552 3421 1644 3475 τὸν
1674 3422 1814 3475 Κάῖν
1842 3422 2048 3476 καὶτὸν

373 3506 559 3571 Ἅϐελ,
581 3508 649 3579 ἦν
671 3509 749 3571 είς
774 3511 1006 3576 γυναῖκα
1032 3509 1200 3566 ἔλαϐε,
1216 3510 1375 3565 Κάῖν.
1407 3510 1623 3581 Ἐπειδὴ
1655 3510 1762 3581 γάρ
1790 3510 2048 3581 προοίμια

371 3588 459 3664 ἦν,
498 3595 592 3649 καὶ
628 3596 736 3648 ἐδει
768 3595 951 3649 λοιπὸν
996 3596 1299 3667 αὐξηθῆναι
1324 3597 1383 3651 τὸ
1418 3597 1592 3666 γένος,
1615 3599 1710 3651 καὶ
1746 3601 1863 3661 ταῖς
1892 3598 2046 3651 ἀδελ-

370 3683 499 3750 φαῖς
517 3682 873 3750 συγγενέσθαι
894 3682 1254 3754 συνεχώρουν.
1277 3684 1375 3739 Διά
1397 3678 1488 3738 τοί
1492 3685 1648 3738 τοῦτο
1670 3684 2049 3740 καταλιποῦσα

370 3770 405 3840 ἡ
435 3770 628 3843 Γραφὴ
685 3773 817 3841 ἡμῖν
848 3771 1077 3826 συνιδεῖν
1109 3772 1169 3825 τὸ
1205 3773 1513 3837 ἀκόλουθον,
1554 3773 1712 3828 τοῦτο
1752 3775 1911 3845 μόνον
1932 3775 2048 3848 διηο

371 3859 551 3925 γείται
597 3858 851 3927 λέγουσα,
902 3859 1013 3913 Kal
1056 3859 1211 3929 ἔγνω
1243 3860 1395 3914 Κάῖν
1416 3862 1531 3929 τὴν
1562 3863 1817 3932 γυναῖκα
1838 3866 2045 3928 αὑτοῦ,

372 3946 471 3999 καὶ
497 3948 897 4002 συλλαϐοῦσα
918 3948 1084 4002 ἔτεκε
1109 3949 1216 4002 τὸν
1241 3950 1427 4020 Ἑνώχ
1447 3968 1462 3982 ο
1492 3952 1590 4004 καὶ
1620 3948 1700 4021 ἦν
1721 3952 2051 4022 οἰκοδομῶν

372 4034 554 4087 πόλιν
597 4034 695 4087 ἐπὶ
739 4033 820 4101 τῷ
872 4036 1115 4104 ὀνόματι
1143 4036 1255 4091 τοῦ
1287 4038 1417 4091 υἱοῦ
1445 4038 1632 4092 αὑτοῦ
1674 4038 1880 4108 Ἑνώχ.
1909 4041 2050 4112 Ὅρα

373 4119 493 4184 πῶς
527 4120 836 4190 σοφίζονται
882 4121 1068 4175 λοιπὸν
1099 4124 1240 4177 κατά
1272 4124 1486 4195 μικρόν.
1527 4125 1743 4197 Ἐπειδὴ
1788 4127 1895 4198 γὰρ
1924 4127 2049 4197 θνη-

372 4209 456 4262 τοὶ
488 4209 762 4278 γεγόνασι,
786 4210 1008 4283 διηνεκῆ
1037 4212 1216 4265 αὐτῶν
1252 4211 1519 4275 σώζεσθαι
1552 4214 1653 4284 τὴν
1686 4215 1904 4285 μνήμην
1928 4214 2050 4285 βού-

374 4295 554 4351 λονται
587 4296 694 4350 ἀπό
730 4313 787 4350 τε
840 4298 949 4352 τῶν
1001 4299 1355 4370 τικτομένων,
1392 4299 1498 4354 ἀπό
1527 4318 1587 4354 τε
1621 4301 1722 4371 τῆς
1754 4302 2048 4372 ὀνομασίας

372 4384 484 4437 τῶν
512 4385 712 4450 τόπων,
730 4380 811 4451 οἷς
838 4386 936 4450 τὰς
961 4388 1330 4459 προσηγορίας
1357 4388 1661 4442 ἐπιτιθέασι
1682 4389 1791 4443 τῶν
1819 4391 2047 4446 παίδων.

374 4472 561 4526 Ταῦτα
603 4474 780 4529 πάντα
824 4476 1192 4547 ὑπομνήματα
1247 4475 1311 4530 ἄν
1343 4493 1426 4541 τις
1467 4477 1610 4531 εἴποι
1648 4477 1869 4542 δικαίως
1912 4475 2051 4533 εἶναι

374 4560 487 4615 τῶν
516 4562 917 4634 ἡμαρτημένων
945 4564 1152 4629 αὐτοῖς,
1176 4564 1271 4618 καὶ
1295 4564 1393 4635 τῆς
1413 4565 1738 4630 ἐκπτώσεως
1775 4567 1875 4637 τῆς
1897 4566 2052 4638 δόξης

377 4649 613 4720 ἐκείνης,
663 4653 722 4704 ἐν
837 4652 1195 4722 τυγχάνοντες
1223 4650 1437 4714 οὐδενὸς
1475 4652 1679 4706 τούτων
1712 4654 1919 4706 ἐδέοντο
1942 4655 1970 4707 ὃ
1994 4671 2053 4707 τε

391 4735 561 4807 Ἀδὰμ
587 4738 623 4808 η
649 4753 709 4791 τε
741 4737 876 4803 Εὕα,
911 4739 1026 4792 ἀλλ’
1059 4738 1317 4809 ἀνωτέρω
1358 4740 1573 4793 πάντων
1603 4740 2050 4811 καθειστήκεσαν.

389 4822 710 4894 Ἐγεννήθη
750 4824 818 4879 δὲ
869 4825 949 4892 τῷ
988 4828 1198 4895 Ἑνὼχ,
1230 4828 1382 4897 φησι,
1421 4827 1667 4892 ruma,
1703 4829 1803 4882 καί
1832 4829 2057 4882 Γαϊδὰδ

378 4911 673 4981 ἐγέννησε
694 4914 801 4969 τόν
814 4914 1159 4983 Μαλελεήλ,
1172 4916 1269 4969 καὶ
1290 4915 1615 4983 Μαλελεήλ
1637 4915 1931 4985 ἐγέννησε
1951 4920 2059 4971 τὸν

379 5003 774 5071 Μαθουσάλα,
820 5006 921 5059 καί
958 5005 1333 5059 Μαθουσάλα
1364 5004 1659 5073 ἐγέννησε
1693 5006 1801 5058 τὸν
1831 5006 2055 5075 Λάμεχ.

392 5091 556 5161 Ὁρᾷς
599 5092 718 5156 πῶς
772 5091 1095 5163 παρέδραμε
1136 5092 1235 5156 τὰς
1260 5092 1629 5161 γενεαλογίας,
1663 5092 1771 5146 τῶν
1814 5095 2059 5167 ἀρρένων

383 5176 541 5247 μόνον
592 5178 972 5249 μνημονεύσας
1008 5180 1038 5231 6
1073 5181 1340 5251 μακάριος
1365 5174 1541 5245 οὗτος,
1581 5182 1675 5234 καὶ
1693 5181 1925 5252 οὐδαμοῦ
1952 5182 2060 5236 τῶν

381 5262 612 5334 θηλειῶν
663 5266 1045 5337 ἐπιμνησθείς.
1103 5266 1265 5320 Ἀλλά
1316 5266 1568 5339 καθάπερ
1630 5269 1722 5321 ἐπὶ
1774 5268 1869 5322 τοῦ
1920 5270 2061 5323 Κάῖν

380 5349 556 5418 εἶπεν,
584 5356 668 5409 ὅτι
701 5357 896 5425 Ἔγνω
929 5354 1184 5424 γυναῖκα
1212 5355 1419 5422 αὑτοῦ,
1448 5356 1613 5428 μηδὲν
1643 5357 1858 5421 διδάξας
1891 5359 2058 5428 ἡμᾶς,

384 5441 523 5513 μηδέ
553 5442 726 5497 είπὼν
782 5442 944 5497 πόθεν
976 5442 1100 5514 ἔσχε
1134 5444 1236 5514 τὴν
1272 5446 1506 5511 γυναῖκα
1529 5461 1542 5474 ·
1584 5444 1726 5499 οὕτω
1762 5444 1824 5516 δὴ
1851 5448 1943 5500 καὶ
1973 5449 2059 5499 ἐν-

380 5528 558 5584 ταῦθα
611 5531 774 5586 πάλιν
833 5533 1000 5603 φησί’
1044 5531 1158 5585 Καὶ
1193 5530 1413 5587 ἔλαϐεν
1466 5532 1660 5599 ἐαυτῷ
1715 5533 1917 5604 Λάμεχ
1954 5535 2063 5590 δύο

450 5676 477 5705 ⁸
502 5674 590 5725 Hic
614 5676 751 5725 locus
769 5673 1017 5743 jnMorelA.
1045 5673 1288 5743 eLLlonlf.
1308 5672 1422 5723 edd.
1448 5673 1678 5743 exstabag
1695 5675 2064 5743 rqulilus._0u:a

386 5737 613 5799 deerant.
641 5736 870 5799 guppleta
888 5741 1010 5799 Asum
1028 5747 1057 5783 ο
1077 5734 1434 5799 εει-ηρυοουπι
1458 5735 1706 5799 οοιιςεηιίι
1724 5738 1908 5799 jnterp.
1924 5734 2056 5790 Εοιτ.

385 5798 416 5839 Ι»
441 5798 552 5848 Mss.
569 5797 764 5859 quidam
790 5832 820 5860 ..
847 5797 977 5860 αῦτῷ
997 5797 1375 5860 τετολμημένων,
1395 5798 1477 5860 καὶ
1500 5798 1579 5860 ὅτι
1592 5797 1671 5860 διὰ
1687 5798 1743 5845 τὸ
1766 5797 1955 5860 μέγεθος
1969 5802 2062 5850 τῶν

385 5862 519 5922 αῦτῷ
542 5858 902 5922 τετολμημένων
915 5859 1010 5922 ’τὴν
1031 5858 1267 5922 τοσαύτην
1286 5858 1517 5922 τιμωρίαν
1540 5859 1746 5913 ἐδέξατο.
1769 5858 2061 5921 ιεεριιάιιῐῐι

385 5918 586 5980 coniicit
627 5918 839 5982 Sivii..,.
876 5918 1005 5981 αῦτῷ
1029 5918 1615 5982 τετολμημένωνίκαίγτῆς
1634 5936 1740 5982 τοσ.
1763 5918 1869 5981 τιμῖ
1885 5923 1945 5977 ἣν
1963 5923 2065 5970 ἐδέ-

390 5978 518 6039 εατδ.
547 5983 719 6050 ζ’τουρι
740 5981 891 6030 dubio
911 5978 1268 6030 sanationem}:
1294 5978 1484 6043 indiget
1512 5981 1647 6029 locus
1694 5978 1823 6031 ιίοιτζ
1892 5984 1916 6012 ε
1937 5984 2061 6047 Reg.

392 6059 520 6095 unus
540 6045 804 6096 ἐποιοῦντο.

1588 390 1651 443 IN
1691 392 1839 447 CAP.
1887 391 1955 447 IV
1994 391 2235 449 GENES.
2284 394 2512 451 "03m...
2556 397 2672 453 XX.

3721 411 3817 465 188

2154 512 2441 579 γυναῖκας
2468 530 2482 546 ο
2518 514 2704 584 ὄνομα
2729 515 2803 584 τῇ
2815 516 2924 586 μιᾷ
2960 518 3118 580 Ἀδὰ,
3138 519 3235 573 καὶ
3273 519 3459 589 ὄνομα
3480 522 3554 591 τῇ
3575 521 3821 594 δευτέρᾳ

2151 599 2366 653 Σελλά.
2400 599 2509 654 Καὶ
2531 601 2735 656 ἔτεκεν
2769 604 2928 666 ’Λδὰ,
2952 605 3103 675 φησὶ,
3140 607 3246 660 τὸν
3282 606 3490 673 Ἰωϐήλ
3511 624 3524 637 ’
3549 602 3822 675 οὖτοςῆν

2148 683 2344 751 πατὴρ
2361 688 2686 741 οἰκούντων
2697 690 2765 742 ἐν
2779 706 2859 743 σκ
2869 691 3039 759 ηναῑς
3054 696 3491 762 κτηνοτρόρων.
3511 696 3615 749 Καὶ
3636 696 3822 765 ἔννομα

2147 770 2228 836 τῷ
2275 774 2515 844 ἀδελφῷ
2550 779 2736 833 αὐτοῦ
2779 781 3035 836 Ἰουϐιίλσ
3070 780 3248 850 οὗτος
3277 780 3355 854 ἦν
3393 789 3426 840 ὀ
3464 786 3821 855 καταδείξας

2149 859 2484 930 ψαλτήριον
2522 865 2619 917 καὶ
2651 866 2923 936 κιθάραν.

2220 965 2291 1033 β’.
2323 966 2519 1020 Σκόπει
2560 970 2657 1039 τῆς
2685 971 2901 1042 Γραφῆς
2928 973 3025 1045 τὴν
3051 975 3351 1046 ἀκρίϐειαν.
3381 978 3647 1044 Ἑδίδαξεν
3673 981 3818 1050 ἡμᾶς

2150 1053 2243 1106 καὶ
2275 1054 2343 1108 τά
2376 1055 2611 1126 ὀνόματα
2626 1058 2733 1112 τῶν
2750 1061 3048 1131 τεχθέντων
3068 1064 3173 1117 ὑπὸ
3190 1066 3287 1137 τῆς
3303 1068 3557 1133 γυναικὸς
3584 1066 3678 1120 τοῦ
3710 1069 3817 1122 Λά-

2153 1161 2274 1214 μεχ,
2300 1146 2395 1199 καὶ⁸
2416 1147 2535 1200 τίνα
2552 1148 2619 1201 τὰ
2653 1150 3056 1222 ἐπιτηδεύματα
3087 1154 3263 1225 ἔσχον,
3296 1157 3387 1208 καὶ
3411 1157 3491 1209 ὅτι
3520 1160 3547 1210 6
3576 1157 3673 1228 μέν
3692 1159 3819 1228 περὶ

2148 1231 2247 1302 τὴν
2297 1239 2686 1306 κτηνοτροφίαν
2721 1240 2913 1293 ἐαυτὸν
2942 1241 3223 1307 ἐξέδωκεν,
3260 1244 3290 1296 6
3313 1244 3369 1297 δὲ
3399 1246 3659 1317 ἐπενόησε
3684 1245 3819 1315 ψαλ-

2148 1322 2335 1393 τήριον
2364 1325 2456 1377 καὶ
2494 1325 2746 1397 κιθάραν.
2770 1330 2966 1384 Σελλὰ
3009 1331 3096 1393 δὲ,
3138 1332 3321 1403 φησὶν,
3346 1335 3511 1388 ἔτεκε
3532 1335 3628 1387 καί
3662 1335 3816 1402 αὑτὴ

2149 1406 2257 1457 τὸν
2284 1407 2491 1464 Θοϐὲλ.
2515 1410 2611 1462 καὶ
2642 1407 2719 1481 ἦν
2751 1415 3158 1481 σριιροκόπος,
3177 1415 3443 1483 χαλκεὺς
3472 1417 3703 1483 χαλκοῦ
3719 1418 3817 1470 καὶ

2150 1492 2424 1573 σιδήρου.
2469 1496 2635 1549 Πάλιν
2662 1500 2754 1551 καὶ
2779 1500 2871 1552 τοῦ
2900 1500 3047 1571 παρά
3091 1502 3190 1571 τῆς
3222 1502 3420 1566 Σελλᾶς
3456 1503 3737 1573 τεχθέντος
3756 1505 3818 1558 τὸ

2149 1572 2486 1646 ἐπιτήδευμα
2508 1581 2638 1649 ἡμῖν
2668 1580 2950 1651 ἐδήλωσεν,
2977 1583 3058 1635 ὅτι
3086 1582 3183 1653 τὴν
3216 1572 3576 1655 χαλκευτικὴν
3620 1586 3817 1656 τέχνην

2150 1661 2339 1717 εἵλετο.
2372 1664 2513 1735 Ὅρα
2546 1665 2663 1730 πῶς
2691 1667 2830 1722 κατὰ
2874 1669 3067 1740 μικρὸν
3108 1673 3175 1722 τὰ
3233 1671 3331 1740 τῆς
3374 1672 3684 1735 συστάσεως
3719 1673 3815 1726 τοῦ

2148 1749 2256 1801 τῶν
2310 1750 2611 1822 ἀνθρώπων
2648 1755 2833 1822 γένους
2880 1756 3211 1827 ᾠκονόμητο.
3258 1757 3365 1810 Καὶ
3408 1758 3622 1829 πρῶτον
3656 1760 3752 1829 μὲν
3789 1762 3819 1813 6

2149 1837 2288 1890 Κάῖν
2316 1838 2394 1908 τῷ
2428 1840 2518 1892 ὑπ’
2549 1841 2713 1895 αὑτοῦ
2754 1844 2993 1913 τεχθέντι
3037 1849 3134 1915 τὴν
3178 1847 3267 1898 ὑπ’
3314 1847 3476 1900 αὑτοῦ
3507 1847 3815 1918 οἰκοδομου-

2149 1921 2318 1991 μένην
2371 1925 2523 1979 πόλιν
2572 1929 2945 1998 ἐπωνόμασεν.
3002 1926 3135 1984 Εἶτα
3178 1934 3224 1984 οἱ
3257 1931 3362 1984 ὑπὸ
3407 1932 3513 1986 τῶν
3544 1934 3815 2001 γυναικῶν

2145 2008 2236 2060 τοῦ
2273 2010 2463 2081 Λάμεχ
2483 2014 2782 2083 τεχθέντες,
2811 2020 2838 2070 6
2872 2018 2971 2087 μὲν
2995 2023 3060 2091 τῇ
3096 2024 3457 2094 κτηνοτροφίᾳ
3486 2023 3677 2075 ἑαυτὸν
3702 2022 3816 2087 ἐξέ-

2144 2095 2335 2163 δωκεν,
2376 2101 2404 2152 6
2422 2099 2479 2153 δὲ
2507 2100 2693 2172 ἕτερος
2720 2105 2818 2173 τὴν
2845 2107 3207 2179 χαλκευτικὴν
3236 2109 3428 2175 εἵλετο,
3468 2111 3496 2162 6
3524 2109 3580 2163 δέ
3608 2109 3815 2181 ψαλτή-

2146 2200 2262 2254 ριον
2292 2186 2386 2238 καὶ
2413 2187 2644 2258 κιθάραν
2675 2191 2997 2258 κατέδειξεν.
3034 2194 3293 2263 Ἀδελφὴ
3323 2195 3410 2258 δὲ,
3440 2196 3593 2266 φησὶ,
3628 2197 3813 2250 Θόϐελ

2143 2272 2398 2342 Νοεμάν.
2455 2277 2519 2329 Τί
2578 2278 2638 2330 τὸ
2686 2278 2871 2332 καινὸν
2900 2282 2993 2334 καὶ
3018 2283 3355 2354 παράδοξον;
3396 2285 3509 2337 Νῦν
3545 2285 3649 2356 γάρ
3684 2287 3818 2355 ἡμῖν

2145 2362 2358 2431 πρῶτον
2374 2363 2645 2418 δείκνυται
2668 2366 2886 2437 θηλείας
2906 2371 3123 2440 μνήμην
3150 2372 3410 2443 ὀνομαστὶ
3429 2372 3813 2443 ποιησάμενος.

2145 2451 2257 2521 Οὐχ
2287 2452 2473 2516 ἁπλῶς
2496 2453 2615 2508 ούδέ
2646 2456 2791 2526 εἰκῆ,
2818 2457 2953 2511 ἀλλά
2988 2476 3040 2511 τι
3069 2461 3448 2529 κεκρυμμένον
3474 2464 3605 2532 ἡμῖν
3632 2461 3815 2515 avres-

2147 2537 2238 2591 θεν
2292 2541 2572 2610 ἐμφαίνων
2616 2544 2773 2598 τοῦτο
2811 2547 3110 2618 πεποίηκεν
3151 2551 3179 2601 6
3208 2550 3475 2620 μακάριος
3507 2549 3813 2621 προφήτης,

2146 2627 2284 2699 ὅπερ
2346 2631 2425 2693 εἰς
2476 2631 2661 2701 ἕτερον
2699 2634 2889 2705 καιρὸν
2943 2636 3072 2705 ὑμῖν
3116 2637 3559 2706 ταμιευσάμενοι,
3595 2636 3692 2689 νῦν
3717 2636 3817 2705 τῆς

2147 2715 2463 2779 ἀκολουθίας
2490 2718 2742 2789 ἐχώμεθα
2767 2735 2779 2749 ·
2811 2722 2932 2777 οὐδὲ
2961 2722 3069 2791 γάρ
3103 2725 3163 2775 τὸ
3187 2726 3346 2793 τυχόν
3383 2728 3499 2778 ἐστι
3529 2722 3590 2776 τὺ
3617 2724 3815 2791 ἐπαγό-

2149 2819 2328 2872 μενον,
2358 2805 2491 2860 άλλὰ
2536 2809 2631 2860 καὶ
2680 2809 2882 2880 σφόδρα
2918 2810 3112 2863 πολλοῦ
3145 2810 3239 2863 τοῦ
3286 2810 3495 2878 ἀγῶνος
3535 2810 3819 2879 δεόμενον,

2146 2894 2241 2946 καὶ
2264 2893 2659 2965 ἀκριϐεστέρας
2686 2898 2783 2968 τῆς
2819 2898 3135 2969 ἑρμηνείας,
3164 2897 3305 2951 ὥστε
3342 2898 3631 2968 δυνηθῆναι
3664 2897 3813 2969 [I75]

2150 2979 2288 3049 μετά
2301 2980 2593 3050 σαφηνείας
2609 2980 2827 3034 ἅπαντα
2852 2981 3368 3053 διερευνησαμένους
3398 2981 3596 3052 πολλὴν
3626 2984 3759 3052 ἡμῖν
3786 2982 3814 3020 ἀ

2148 3068 2244 3139 τὴν
2270 3069 2533 3137 ὠφέλειαν
2556 3068 2801 3123 ἐντεῦθεν
2825 3074 3145 3144 παρασχεῖν.
3177 3068 3326 3125 Elaea
3348 3070 3477 3142 γάρ,
3512 3070 3667 3141 φησὶ,
3699 3069 3817 3125 Λά-

2142 3174 2257 3227 μεχ
2311 3157 2439 3224 ταῖς
2489 3157 2707 3212 ἑαυτοῦ
2753 3159 3032 3229 γυναιξὶν
3075 3158 3215 3226 ’Λδᾷ
3235 3157 3589 3226 καὶΣελλᾷ·
3631 3159 3817 3214 Ἀκού-

2147 3243 2296 3297 σατέ
2312 3262 2431 3314 μου
2461 3245 2570 3311 τῆς
2612 3245 2839 3315 φωνῆς,
2886 3246 3163 3316 γυναῖκες
3190 3247 3413 3316 Λάμεχ,
3447 3246 3818 3300 ἐνωτίσασθέ

2141 3347 2263 3400 μου
2296 3332 2438 3397 τοὺς
2461 3333 2711 3399 λόγους·
2747 3332 2836 3385 ὅτι
2881 3332 3072 3401 ἄνδρα
3107 3331 3429 3387 ἀπέκτεινα
3460 3335 3547 3399 εἰς
3590 3332 3820 3401 τραῦμα

2148 3420 2300 3489 ἐμοὶ,
2340 3420 2438 3474 καί
2476 3422 2804 3474 νεανίσκον
2828 3423 2916 3486 είς
2940 3421 3205 3489 μώλωπα
3236 3419 3384 3489 ἐμοί.
3415 3422 3534 3473 ’Ὁτι
3572 3419 3825 3485 ἑπτάκις

2148 3506 2521 3575 ἐκδεδίκηται
2569 3507 2638 3561 ἐκ
2683 3508 2851 3572 Κάϊν,
2891 3508 2959 3561 ἐκ
2987 3507 3055 3561 δὲ
3088 3507 3284 3577 Λάμεχ
3316 3506 3822 3577 ἑϐδομηκοντάκις

2149 3597 2319 3652 ἑπτά.
2348 3597 2663 3650 Συντείνατέ
2683 3614 2772 3668 μοι
2788 3597 2885 3667 τὴν
2905 3596 3162 3661 διάνοιαν,
3190 3596 3509 3668 παρακαλῶ,
3532 3597 3623 3650 καὶ
3644 3596 3823 3652 πάντα

2149 3687 2240 3740 τὸν
2268 3684 2516 3757 βιωτικὸν
2566 3684 2822 3755 λογισμὸν
2862 3686 3236 3755 ἀπωσάμενοι,
3270 3684 3407 3755 μετὰ
3438 3683 3722 3754 ἀκριϐείας
3752 3685 3820 3737 τὰ

2151 3774 2415 3845 εἰρημένα
2438 3772 2932 3844 διερευνησώμεθα,
2954 3774 3040 3827 ἵνα
3059 3772 3226 3844 μηδὲν
3243 3774 3274 3843 ἡ
3286 3775 3391 3843 μᾶς
3401 3772 3585 3825 λαθεῖν
3595 3772 3821 3843 δυνηθῇ,

2150 3862 2263 3915 ἀλλ’
2297 3862 2419 3915 ὅσον
2447 3863 2580 3932 ἡμῖν
2606 3855 2716 3913 οἷόν
2760 3878 2818 3913 τε
2870 3861 3009 3932 πρὸς
3065 3860 3125 3913 τὸ
3168 3859 3327 3931 βάθος
3368 3859 3500 3914 αὐτὸ
3543 3860 3823 3922 καθιέντες

2150 3951 2395 4014 ἑαυτοὺς,
2427 3949 2665 4020 θηρᾶσαι
2691 3948 3006 4018 δυνηθῶμεν
3025 3947 3117 4001 τὸν
3146 3948 3592 4018 ἐγκεκρυμμένον
3621 3947 3825 4018 θησαυ-

2155 4036 2243 4105 ρὸν
2270 4038 2381 4099 τοῖς
2407 4035 2629 4105 βραχέσι
2658 4035 2866 4098 τούτοις
2888 4036 3144 4106 ῥήμασιν.
3161 4032 3308 4090 Elite
3328 4035 3416 4098 δὲ,
3443 4035 3595 4105 φησὶ,
3620 4036 3821 4104 Λάμεχ

2152 4122 2279 4189 ταῖς
2311 4122 2530 4176 ἑαυτοῦ
2590 4122 2869 4192 γυναιξὶν
2900 4121 3030 4189 Ἀδᾷ
3072 4121 3172 4175 καί
3225 4121 3454 4188 Σελλᾷ·
3501 4122 3826 4177 Ἀκούσατέ

2145 4228 2264 4281 μου
2320 4209 2430 4278 τῆς
2475 4208 2699 4279 φωνῆς,
2730 4210 3015 4279 γυναῖκες
3063 4210 3285 4280 Λάμεχ,
3310 4209 3682 4265 ἐνωτίσασθέ
3702 4229 3825 4281 μου

2152 4295 2293 4361 τοὺς
2313 4298 2557 4364 λόγους.
2592 4297 2791 4350 Σκόπει
2844 4314 2936 4366 μοι
2974 4297 3175 4362 εὐθέως
3223 4301 3286 4351 ἐκ
3329 4298 3626 4370 προοιμίων
3659 4298 3826 4350 πόσον

2152 4382 2329 4453 ὢνησε
2380 4385 2566 4439 τοῦτον
2605 4387 2640 4457 ἡ
2669 4387 2747 4448 είς
2784 4385 2874 4439 τὸν
2899 4387 3037 4439 Κάῖν
3068 4385 3410 4457 γεγενημένη
3457 4387 3716 4457 τιμωρία.
3748 4386 3825 4438 Οὐ

2157 4473 2315 4544 μόνον
2344 4473 2453 4545 γὰρ
2475 4475 2536 4528 ού
2569 4475 2850 4547 περιμένει
2882 4475 2973 4528 τὸν
3003 4478 3128 4547 παρ’
3160 4476 3347 4547 ἐτέρου
3375 4475 3614 4546 ἔλεγχον,
3642 4474 3717 4538 ὡς
3747 4474 3828 4544 τῷ

2153 4559 2303 4631 αὐτῷ
2337 4562 2689 4634 ἁμαρτήματι
2735 4562 2770 4634 ἢ
2798 4563 2892 4616 καὶ
2930 4563 3132 4635 χείρονι
3172 4563 3503 4635 περιπεσὼν,
3555 4563 3689 4616 ἀλλὰ
3733 4565 3829 4617 καὶ

2160 4648 2381 4720 μηδενὸς
2410 4650 2786 4718 ἐγκαλοῦντος,
2835 4650 2970 4721 μηδέ
3022 4651 3401 4721 ἐπιτιμῶντος,
3430 4652 3591 4714 αὐτὸς
3634 4650 3827 4703 ἑαυτὸν

2156 4737 2455 4808 κατάδηλον
2508 4741 2669 4803 ποιεῖ,
2699 4740 2792 4791 καὶ
2854 4739 3164 4810 ἐξαγορεύει
3219 4739 3288 4791 τὰ
3335 4738 3689 4808 εἰργασμένα,
3733 4739 3828 4789 καὶ

2155 4828 2276 4888 ταῖς
2306 4824 2520 4893 γυναιξὶ
2559 4826 2820 4897 διηγεῖται
2863 4825 2960 4878 τοῦ
2994 4825 3461 4896 πλημμελήματος
3490 4824 3550 4876 τὸ
3577 4823 3826 4893 μέγεθος,

2162 4915 2441 4984 μονονουχὶ
2466 4914 2639 4966 ἐκεῖνο
2666 4914 2770 4983 πλη
2781 4912 2886 4984 ρῶν
2909 4913 2970 4966 τὸ
2996 4914 3282 4985 εἰρημένον
3314 4912 3465 4982 παρὰ
3495 4910 3588 4964 τοῦ
3616 4912 3827 4981 προφή-

2158 5016 2273 5064 του,
2335 5001 2418 5053 ὅτι
2457 5000 2694 5064 Δίκαιος
2730 4997 2949 5054 ἑαυτοῦ
2975 4999 3305 5068 κατήγορος
3329 5000 3401 5052 ἐν
3436 4997 3827 5067 πρωτολογίᾳ.

2160 5088 2431 5156 Μέγιστον
2463 5087 2574 5158 γάρ
2601 5089 2746 5140 ἐστιν
2786 5089 2867 5150 είς
2913 5086 3196 5157 διόρθωσιν
3227 5084 3336 5138 τῶν
3362 5083 3763 5156 ἡμαρτημένων
3796 5086 3829 5153 ἡ

2162 5176 2439 5246 ὁμολογία.
2474 5176 2643 5228 Ὧσπε
2653 5192 2684 5245 ρ
2706 5170 2797 5228 οὗν
2818 5174 3111 5244 βαρύτερον
3135 5173 3241 5226 τῶν
3274 5172 3677 5243 ἡμαρτημένων
3697 5189 3833 5241 τυγ-

2163 5265 2317 5335 χάνει
2340 5265 2400 5317 τὸ
2432 5266 2567 5335 μετά
2591 5266 2690 5335 τὴν
2720 5263 2916 5334 πρᾶξιν
2938 5263 3037 5332 τῆς
3062 5262 3334 5334 ἁμαρτίας
3363 5262 3453 5314 ἐπὶ
3481 5261 3579 5332 τὴν
3604 5262 3833 5333 ἄρνησιν

2168 5348 2422 5420 ἔρχεσθαι
2449 5363 2461 5373 ·
2499 5349 2635 5419 ὅπερ
2672 5348 2767 5405 καὶ
2809 5349 2838 5400 6
2867 5346 3251 5416 ἀδελφοκτόνος
3278 5348 3484 5410 ἐκεῖνος
3517 5347 3750 5401 πέπονθε
3782 5356 3829 5413 ο,

2166 5440 2257 5493 καί
2292 5435 2647 5509 ἐρωτώμενος
2681 5436 2831 5508 παρὰ
2854 5435 2947 5489 τοῦ
2984 5434 3363 5506 φιλανθρώπου
3400 5434 3555 5499 Θεοῦ,
3590 5436 3650 5489 οὐ
3676 5436 3834 5507 μόνον

2162 5530 2259 5598 οὐχ
2281 5527 2595 5597 ὡμολόγησε
2608 5542 2669 5578 το
2693 5527 2781 5577 ὑπ’
2806 5523 2969 5578 αὐτοῦ
2987 5523 3273 5595 τολμηθὲν,
3298 5523 3433 5577 ἀλλά
3456 5523 3552 5578 καὶ
3573 5525 3836 5596 ἐτόλμησε

2162 5614 2467 5685 ψεύσασθαι
2500 5611 2639 5685 Θεῷ,
2684 5613 2780 5665 καὶ
2821 5611 2908 5665 διὰ
2934 5609 3093 5665 τοῦτο
3137 5611 3517 5683 παραταθῆναι
3549 5611 3715 5666 αὐτοῦ
3738 5613 3837 5684 τὴν

2165 5703 2311 5774 ζωὴν
2347 5702 2588 5772 ἐποίησε.
2630 5701 2689 5754 '0
2710 5700 2889 5754 τοίνυν
2928 5699 3122 5772 Λάμεχ
3153 5701 3267 5764 τοῖς
3290 5700 3471 5763 αὐτοῖς
3500 5697 3837 5771 περιπεσὼν,

2236 5918 2264 5958 ὁ
2295 5917 2393 5966 Sex
2430 5926 2547 5962 mss.
2593 5914 2654 5977 et_
2686 5904 2859 5977 Savi1_._
2886 5908 3011 5977 ὑμῖν.
3042 5908 3151 5959 Mox
3176 5909 3358 5977 μοι-ιιι.
3384 5906 3597 5977 ἐνταῦθα.
3666 5905 3836 5977 οβες.

2171 5995 2300 6031 unus
2320 5977 2494 6027 ἐκεῖνος
2512 5974 2788 6031 πεποίηκεν.
2815 5968 2928 6021 Mox‘
2945 5971 3077 6019 idvm
3099 5980 3146 6020 el
3171 5970 3321 6023 Savil.
3350 5970 3674 6033 φιλανθρώπου
3695 5968 3840 6027 Θεοῦ,

2174 6044 2277 6094 Ποῦ
2305 6040 2450 6089 Ἀϐελ
2473 6040 2499 6086 ό
2522 6036 2719 6097 ἀδελφός
2741 6051 2849 6094 σου,
2874 6033 2928 6081 ού
2951 6033 3108 6093 μόνον.
