4110 6424
356 410 456 466 ιω

353 526 449 580 ναὶ
470 526 547 588 εἰς
586 523 797 594 ἐκείνην
824 522 992 576 ἐλθὼν
1014 523 1108 593 τὴν
1128 523 1357 588 ἔννοιαν,
1378 525 1460 578 ὅτι
1490 526 1693 578 ἐκεῖνον
1727 523 1759 592 ἡ
1789 520 2016 591 ἄρνησις

354 611 740 682 χαλεπωτέραν
762 609 1017 673 δέξασθαι
1063 610 1440 680 παρεσκεύασε
1467 611 1566 681 τὴν
1594 608 1885 680 τιμωρίαν,
1920 621 2019 657 κα-

354 696 516 760 λέσας
547 695 669 760 τάς»
704 696 896 749 ἑαυτοῦ
925 699 1209 766 γυναῖκας,
1247 696 1462 761 οὐδενὸς
1512 692 2020 761 καταναγκάζοντος

353 784 473 838 οὐδέ
540 783 923 856 διελέγχοντος,
984 784 1143 849 αὐτὸς
1179 785 1266 839 διά
1292 786 1391 856 τῆς
1416 784 1619 847 οἰκείας
1655 780 1903 851 γλώττης
1927 779 2019 832 καὶ

352 871 455 943 τὴν
481 871 770 941 ὁμολογίαν
807 872 915 925 τῶν
953 872 1357 943 ἡμαρτημένων
1393 873 1641 930 ποιεῖται,
1676 868 1770 921 καὶ
1793 865 2019 938 συγκρί-

354 975 461 1012 νων
500 958 570 1013 τά
596 958 687 1013 ὑπ’
716 959 882 1014 αὑτοῦ
930 959 1269 1031 εἰργασμένα
1302 961 1411 1023 τοῖς
1456 957 1608 1029 παρὰ
1634 954 1728 1008 τοῦ
1761 955 1901 1009 Κάῖν
1922 970 2021 1007 πε-

354 1046 711 1118 πραγμένοις,
753 1047 929 1119 ἐαυτῷ
953 1048 1050 1119 τὴν
1074 1048 1343 1119 τιμωρίαν
1369 1045 1556 1119 ὁρίζει.

424 1219 577 1289 Εἶδες
626 1225 953 1296 κηδεμονίαν
1002 1222 1295 1289 Δεσπότου,
1331 1221 1449 1286 πῶς
1500 1221 1594 1275 καὶ
1645 1220 1701 1275 αί
1759 1220 2020 1293 τιμωρίαι

352 1312 520 1366 αὑτοῦ
554 1312 960 1383 φιλανθρωπίας
983 1309 1267 1373 ὑποθέσεις
1287 1310 1413 1372 εἰσί,
1450 1308 1542 1364 καὶ
1569 1310 1651 1363 ὅτι
1669 1310 1731 1362 ού
1751 1308 1910 1379 μέχρι
1925 1307 2019 1361 τοῦ

350 1399 451 1470 τὴν
475 1397 744 1469 τιμωρίαν
781 1397 1070 1469 δεχομένου
1102 1397 1169 1450 τά
1206 1396 1307 1466 τῆς
1343 1396 1751 1467 φιλανθρωπίας
1785 1396 2018 1462 ῖσταται,

350 1484 484 1537 ἀλλά
513 1484 604 1538 καὶ
630 1486 742 1549 τοῖς
766 1484 969 1548 λοιποῖς
998 1486 1266 1556 χρήσιμον
1292 1480 1686 1547 κατασκευάζει
1716 1482 1777 1535 τὸ
1804 1481 2019 1553 φάρμα-

348 1587 465 1635 κον,
493 1572 542 1625 εί
579 1570 887 1641 βουληθεῖεν
907 1572 1007 1641 τὴν
1029 1569 1090 1635 ἐξ
1106 1569 1271 1623 αὑτοῦ
1293 1568 1560 1638 ὠφέλειαν
1587 1567 2016 1639 καρπώσασθαις

352 1657 523 1711 Πόθεν
543 1657 675 1729 γάρ,
699 1657 823 1711 εἰπέ
856 1675 967 1728 μοι,
1007 1658 1035 1710 ὁ
1068 1658 1259 1727 Λάμεχ
1283 1656 1547 1727 ἑτέρωθεν
1580 1656 1671 1708 ἐπὶ
1703 1654 1798 1726 τήν
1824 1654 2022 1707 τοσαύυ

346 1761 450 1814 την
475 1743 861 1815 ἐξομολόγησιν
883 1744 1132 1816 ἐπείχθη,
1156 1747 1203 1798 εἰ
1225 1744 1298 1814 μὴ
1325 1743 1423 1815 τὴν
1448 1744 1511 1797 ἐκ
1539 1742 1652 1797 τῶν
1669 1742 1862 1813 ἐκείνῳ
1883 1759 2021 1813 συμ-

351 1831 559 1887 ϐάντων
611 1832 914 1903 ὑπόμνησιν
955 1828 1068 1903 εἶχε
1125 1832 1385 1902 διηνεκῶς
1435 1831 1596 1885 αὑτοῦ
1647 1831 1744 1893 τὴν
1782 1830 2018 1883 διάνοιαν

349 1916 948 1984 κατασείουσανςΕῙπε,
964 1919 1147 1988 φησίν·
1176 1918 1501 1972 Ἀκούσατέ
1517 1936 1636 1986 μου
1658 1917 1767 1985 τῆς
1786 1915 2014 1986 φωνῆς,

346 2006 444 2060 καὶ
468 2006 836 2060 ἐνωτίσασθέ
852 2024 969 2075 μου
1007 2006 1149 2071 τοὺς
1169 2008 1412 2074 λόγους.
1452 2008 1592 2074 Ὅρα
1626 2005 1743 2067 πῶς
1762 2004 2019 2059 καθ’ἐαυ-

345 2093 436 2147 τὸν
458 2094 800 2164 δικαστήριον
836 2093 1086 2157 καθίσας,
1130 2092 1271 2147 οὑτω
1299 2094 1398 2163 τὴν
1445 2094 1789 2165 παράκλησιν
1828 2094 2016 2158 αὑταῖς

347 2181 631 2249 προσάγει,
664 2179 803 2233 ὥστε
858 2180 932 2252 μὴ
980 2179 1273 2251 παρέργως
1318 2180 1573 2245 δέξασθαι
1617 2182 1686 2234 τά
1725 2181 2012 2252 λεγόμενα.

346 2271 419 2324 Τὸ
448 2273 555 2340 γάρ
585 2273 778 2338 εἰπεῖν,
832 2269 1150 2325 Ἀκούσατέ
1171 2287 1291 2338 μου
1314 2268 1425 2339 τῆς
1443 2269 1670 2340 φωνῆς,
1696 2271 1795 2324 καὶ
1813 2269 2015 2324 ἐνωτί-

345 2359 541 2413 σασθέ
577 2377 697 2429 μου
737 2358 880 2425 τοὺς
913 2360 1155 2429 λόγους,
1194 2358 1352 2412 τοῦτο
1381 2359 1668 2429 δηλοῦντός
1698 2361 1842 2412 ἐστι*
1879 2360 2012 2411 Συνο

344 2446 556 2499 τείνατε
613 2446 786 2516 ὑμῶν,
823 2446 973 2514 φησὶ,
1000 2445 1098 2516 τὴν
1129 2445 1383 2509 διάνοιαν,
1419 2447 1514 2499 καὶ
1551 2445 1690 2516 μετά
1733 2445 2016 2517 ἀκριϐείας

346 2532 642 2603 προσέχετε
657 2527 737 2595 οἷς
756 2531 902 2604 [174]
922 2534 1065 2603 ἐρεῖν
1084 2532 1279 2602 μέλλω.
1298 2533 1434 2585 Οὐδὲ
1450 2534 1557 2603 γάρ
1580 2550 1647 2585 πε
1656 2533 1707 2603 ρί
1722 2533 1827 2585 τῶν
1837 2533 2018 2603 τυχόν-

343 2635 451 2672 των
487 2619 613 2689 ὑμῖν
641 2617 972 2689 διαλέξομαι,
1009 2618 1145 2672 ἀλλά
1174 2620 1475 2690 πράγματα
1509 2621 1638 2689 ὑμῖν
1673 2619 2016 2691 ἐξαγορεύσω

343 2705 690 2769 λανθάνοντα,
717 2707 810 2759 καὶ
835 2705 871 2759 ἀ
898 2705 1083 2776 μηδεὶς
1109 2706 1291 2777 ἕτερος
1317 2701 1473 2771 οἶδεν,
1497 2706 1611 2760 ἀλλ’
1639 2707 1672 2777 ἢ
1706 2707 1862 2777 μόνος
1883 2707 2012 2775 ἐγὼ,

343 2795 437 2847 καὶ
468 2795 495 2847 6
526 2794 823 2864 ἀκοίμητος
868 2796 1075 2858 ἐκεῖνος
1111 2793 1406 2865 ὀφθαλμὸς,
1433 2794 1491 2848 ὃν
1523 2794 1775 2858 δεδοικὼς
1801 2795 2015 2848 σπεύδω

343 2879 437 2934 καὶ
481 2881 772 2952 ἐπείγομαι
834 2880 1041 2953 φανερὰ
1100 2883 1228 2953 ὑμῖν
1265 2885 1604 2954 καταστῆσαι
1641 2883 1710 2936 τὰ
1758 2884 1849 2936 ὑπ’
1879 2882 2013 2953 ἐμοῦ

342 2968 724 3039 πεπραγμένα,
770 2969 867 3022 καὶ
916 2970 1067 3032 ὅσαις
1131 2970 1420 3039 τιμωρίαις
1474 2971 1666 3023 ἑαυτὸν
1716 2970 2013 3025 ὑπεύθυνον

343 3054 649 3125 κατέστησα
682 3054 768 3108 διά
794 3055 900 3108 τῶν
931 3056 1159 3109 ἀνοσίων
1192 3057 1460 3128 πράξεων.
1486 3057 1615 3111 Ὅτι
1641 3057 1831 3126 ἄνδρα
1867 3059 2012 3119 ἀπέ-

342 3158 566 3207 κτεινα,
621 3142 805 3212 φησιν,
864 3144 949 3207 εἰς
988 3142 1218 3213 τραῦμα
1253 3143 1405 3212 ἐμοί,
1445 3144 1545 3198 καί
1580 3146 1909 3199 νεανίσκον
1928 3148 2009 3212 εἰς

339 3230 602 3299 μώλωπα
622 3230 769 3300 ἐμοί.
801 3230 930 3284 Ὀτι
958 3230 1204 3297 ἑπτάκις
1228 3230 1604 3299 ὲκδεδίκηται
1645 3232 1713 3285 ἐκ
1743 3231 1912 3298 Κάτν,
1946 3235 2015 3288 ἐκ

339 3319 410 3373 δὲ
429 3319 631 3390 Λάμεχ
677 3319 1184 3389 ἑϐδομηκοντάκις
1211 3319 1381 3374 ἑπτά.
1417 3321 1579 3390 Μέγα
1608 3321 1669 3375 τὸ
1701 3324 2012 3393 εἰρημένον,

341 3407 437 3460 καὶ
459 3407 663 3479 σφόδρα
696 3408 858 3479 μέγα,
893 3409 986 3462 καὶ
1014 3407 1182 3478 πολλὴ
1208 3406 1299 3461 τοῦ
1319 3407 1513 3479 ἀνδρὸς
1542 3410 1576 3480 ἡ
1597 3410 2009 3481 εὐγνωμοσύνη.

338 3495 418 3549 Οὐ
456 3494 613 3566 μόνον
641 3495 749 3567 γὰρ
776 3496 1028 3567 ὁμολογεῖ
1057 3496 1119 3549 τὸ
1145 3496 1387 3565 γεγονὸς,
1416 3496 1512 3550 καὶ
1559 3499 1684 3561 τοὺς
1717 3498 1911 3568 φόνους
1935 3502 2015 3565 εἰς

344 3580 507 3652 μέσον
534 3582 675 3651 ἀγει,
702 3581 795 3646 οὓς
827 3583 1140 3654 εἰργάσατο,
1171 3583 1307 3637 ἀλλά
1333 3584 1427 3636 καὶ
1438 3583 1527 3637 διά
1550 3585 1647 3655 τῆς
1675 3587 2014 3657 συγκρίσεως

340 3666 449 3721 τῶν
476 3669 567 3722 ὑπ’
598 3668 806 3722 ἐκείνου
860 3669 953 3723 καὶ
982 3670 1073 3722 ὑπ’
1099 3669 1265 3722 αὑτοῦ
1297 3670 1597 3739 γεγονότων
1638 3672 1698 3724 τὸ
1740 3673 2014 3744 ἐπιτίμιον

341 3754 519 3825 ἐαυτῷ
571 3755 864 3826 ἐπιτίθησι.
918 3756 1084 3820 Ποίας
1113 3756 1222 3827 γάρ
1266 3757 1333 3810 ἂν
1354 3756 1462 3829 είη,
1497 3760 1653 3828 φησί,
1683 3759 2015 3833 συγγνώμης

340 3841 489 3907 ἄξιος
515 3846 544 3898 6
576 3843 708 3913 μηδέ
740 3846 805 3915 τῇ
844 3844 1031 3915 ἐτέρου
1059 3846 1299 3917 τιμωρίᾳ
1324 3847 1734 3917 σωφρονισθείς,
1759 3848 1896 3902 ἀλλά
1921 3850 2015 3903 καὶ

340 3929 561 3984 ἔναυλον
590 3930 729 4001 ἔχων
750 3931 848 4003 τὴν
871 3932 1110 4003 μνήμην,
1142 3932 1236 3985 καὶ
1270 3932 1407 4004 πρὸς
1438 3934 1532 3987 ἐπὶ
1565 3933 1773 3999 τούτοις
1794 3935 2015 3991 διπλοῦν

339 4018 713 4090 ἐργασάμενος
743 4018 901 4089 φόνον
921 4035 936 4084 ;
958 4019 1086 4073 Ὅτι
1112 4019 1322 4088 ἄνδρα,
1366 4022 1550 4092 φησὶν,
1582 4022 1906 4077 ἀπέκτεινα
1926 4027 2014 4089 εἰς

338 4104 572 4175 τραῦμα
598 4106 749 4175 ἐμοὶ,
802 4105 900 4161 καί
952 4109 1281 4162 νεανίσκον
1330 4111 1417 4174 είς
1443 4108 1709 4178 μώλωπα
1754 4111 1903 4180 ἐμοί.
1936 4111 2011 4164 Οὑ

338 4192 591 4247 τοσοῦτον
624 4193 880 4261 ἠδίκησα,
929 4195 1116 4266 φησὶν,
1177 4194 1438 4258 ἐκείνους,
1482 4195 1574 4260 οὒς
1624 4197 1853 4259 ἀνεῖλον,
1888 4199 2013 4253 ὅσον

338 4276 598 4348 ἐμαυτόν.
631 4278 725 4342 Εἰς
776 4280 1015 4347 ἄφυκτον
1055 4279 1165 4351 γάρ
1188 4280 1458 4351 τιμωρίαν
1508 4282 1699 4335 ἑαυτὸν
1738 4284 2009 4350 ἐνέϐαλον,

340 4365 712 4437 ἁμαρτήματα
746 4365 1115 4436 ἐργασάμενος
1144 4367 1474 4437 συγγνώμης
1508 4369 1784 4425 ἐπέκεινα.
1814 4373 1875 4424 Εἰ
1901 4373 2011 4445 γὰρ

338 4451 546 4515 ἐκεῖνος
567 4451 709 4523 ὑπὲρ
735 4451 830 4505 τοῦ
884 4452 1003 4516 ἐνὸς
1035 4453 1197 4521 φόνου
1223 4453 1362 4507 ἐσττά
1394 4455 1689 4527 τιμωρίαις
1710 4456 2011 4525 ὑπεύθυνος

337 4537 581 4607 γέγονεν,
608 4537 717 4609 ἐγὼ
738 4538 945 4603 δίκαιος
971 4539 1037 4593 ἀν
1059 4540 1177 4610 εῖην
1194 4540 1652 4612 ἑϐδομηκοντάκις
1675 4544 1816 4598 ἐπτά
1840 4563 2007 4617 τιμω-

340 4631 463 4699 ρίας
494 4628 769 4700 ὑποσχεῖν.
794 4628 950 4692 Τίνος
978 4628 1165 4682 ἐνεκεν
1192 4629 1288 4682 καὶ
1315 4628 1405 4682 διά
1427 4631 1515 4696 τίς
1551 4630 1615 4684 Εἰ
1654 4630 1762 4703 γάρ
1788 4633 1884 4687 καὶ
1921 4634 2012 4703 φό-

336 4730 429 4769 νον
474 4715 680 4779 ἐκεῖνος
727 4717 1043 4787 εἰργάσατο,
1081 4715 1178 4769 καὶ
1200 4716 1432 4785 ἀδελφοῦ
1456 4717 1633 4788 φόνον,
1671 4718 1787 4772 ἀλλ’
1820 4722 2008 4776 οὐδένα

335 4803 588 4857 οὐδέποτε
634 4805 897 4877 πρότερον
940 4804 1275 4876 θεασάμενος
1301 4805 1460 4860 τοῦτο
1504 4808 1861 4878 πεποιηκότα,
1886 4811 2007 4865 οὐδὲ

336 4890 564 4944 κατιδὼν
590 4890 675 4945 ἐτε
686 4909 776 4965 ρον
796 4891 884 4945 διὰ
923 4892 1023 4963 τὴν
1047 4893 1244 4963 πρᾶξιν
1268 4893 1670 4964 τιμωρηθέντα,
1695 4896 1789 4949 καὶ
1818 4897 2010 4951 τοσαύ-

332 4993 435 5047 της
458 4977 786 5048 πειραθέντα
815 4979 912 5048 τῆς
942 4980 1381 5048 ἀγανακτήσεως,
1408 4980 1549 5051 άπερ
1565 4981 1850 5054 ἀμφότερα
1883 4983 2006 5053 ἐμοὶ

335 5063 487 5128 αὔξει
511 5066 610 5130 τὰς
642 5066 911 5138 τιμωρίας
934 5083 946 5097 ’
974 5067 1056 5120 ὅτι
1077 5067 1171 5120 καὶ
1199 5067 1304 5138 πρὸ
1332 5067 1440 5121 τῶν
1456 5067 1749 5140 ὀφθαλμῶν
1783 5069 1921 5140 ἔχων
1948 5070 2008 5122 τὸ

336 5150 426 5205 ὑπ’
462 5152 668 5207 ἐκείνου
719 5153 1010 5224 τολμηθὲν,
1054 5154 1148 5208 καὶ
1188 5154 1287 5225 τὴν
1334 5156 1607 5228 τιμωρίαν
1648 5157 1791 5228 ὁρῶν
1835 5157 2007 5223 οὑτως

333 5238 627 5309 ἀνήκεστον
674 5240 861 5307 οὖσαν,
885 5243 1005 5296 οὑδὲ
1035 5242 1207 5306 οὑτως
1234 5244 1663 5316 ἐσωφρονίσθην.
1684 5246 1797 5320 νΔιά
1846 5246 2007 5300 τοῦτο

334 5324 436 5378 κάν
481 5326 936 5398 ἑϐδομηκοντάκις
964 5328 1102 5382 ἐπτά
1126 5330 1397 5400 τιμωρίας
1433 5332 1641 5386 ἐκείνου
1681 5334 2002 5407 ὑποσταίην,

332 5419 457 5473 οὑδέ
475 5418 618 5473 οὕτω
645 5421 744 5493 τὴν
772 5422 929 5489 ἀξίαν
963 5423 1119 5477 δώσω
1149 5425 1328 5493 δίκην.

399 5601 470 5664 γ’.
490 5594 674 5666 Ὁρᾷς,
691 5595 961 5669 ἀγαπητέ,
980 5597 1097 5662 πῶς
1129 5598 1472 5664 αὐτεξούσιον
1492 5599 1651 5671 ἡμῶν
1667 5600 1762 5673 τὴν
1782 5600 2003 5675 γνώμην

325 5682 357 5736 6
391 5680 526 5744 Θεὸς
557 5680 977 5754 ἐδημιούργησε,
1014 5685 1109 5738 καὶ
1146 5685 1333 5757 ῶσπερ
1365 5686 1733 5758 ῥᾳθυμοῦντες
1765 5691 2000 5743 ὑποσκεο

324 5766 606 5841 λιζόμεθα,
639 5769 781 5824 οὑτω
830 5773 925 5826 καὶ
970 5773 1136 5842 νῆψαι
1181 5772 1531 5844 βουληθέντες
1580 5778 1890 5849 συνορῶμεν
1939 5781 2000 5835 τὸ

323 5853 474 5923 δέον;
534 5856 630 5921 Τίς
686 5858 817 5928 γάρ,
876 5860 996 5913 εἰπέ
1038 5878 1150 5932 μοι,
1202 5860 1389 5916 τοῦτον
1443 5863 1535 5917 ἐπὶ
1583 5866 1683 5937 τὴν
1728 5868 1995 5941 τοσαύτην

324 5944 709 6016 ἐξομολόγησιν
742 5948 1108 6017 κατήπειγεν;
1141 5947 1327 6011 Οὐδεὶς
1354 5949 1556 6019 ἕτερος,
1584 5954 1697 6007 ἀλλ’
1722 5957 1753 6023 ἦ
1787 5958 1844 6010 τὺ
1875 5976 1994 6013 συν-

1162 409 1220 465 S.
1263 407 1547 465 JOANNIS
1584 400 2072 463 CIIRYSOSTOMI
2110 398 2431 459 ARCHIEP.
2471 398 3008 458 CONSTANTINOP.

3694 397 3798 452 ιπι

2130 516 2268 581 ειδδς
2306 517 2399 571 καὶ
2434 518 2461 570 ό
2501 517 2759 588 δικαστὴς
2804 517 3007 578 ἐκεῖνος
3034 516 3059 567 ὁ
3088 512 3401 577 ἀδέκαστος.
3441 511 3659 581 Ἐπειδὴ
3689 512 3794 581 γάρ

2123 607 2203 669 εἰς
2263 604 2532 677 ρᾳθυμίαν
2578 605 2873 667 ἀποκλίνας
2919 606 2997 665 εἰς
3043 602 3200 673 ἔργον
3249 602 3425 672 ῆγαγε
3477 600 3578 671 τὴν
3619 601 3796 668 κακὴν

2122 692 2486 764 ἐπιχείρησιν,
2514 694 2715 756 εὐθέως
2744 692 3108 759 κατεξανέστη
3130 689 3191 742 τὸ
3220 687 3457 751 συνειδὸς
3485 687 3794 747 καταϐοῶν,

2123 782 2217 834 καὶ
2246 780 2349 834 τῶν
2377 780 2802 851 ἁμαρτηθέντων
2829 779 2891 832 τὸ
2922 776 3170 849 μέγεθος,
3200 777 3297 830 καὶ
3325 775 3477 839 ὅσαις
3505 774 3793 845 τιμωρίαις

2121 869 2312 924 ἑαυτὸν
2344 871 2642 924 ὑπεύθυνον
2673 870 2986 941 εἰργάσατο.
3019 866 3272 921 Τοιοῦτον
3295 864 3406 937 γάρ
3437 865 3471 931 ἡ
3513 865 3791 937 ἁμαρτίαο

2121 958 2250 1029 πρὶν
2282 958 2315 1028 ἢ
2348 958 2446 1028 μὲν
2470 958 2579 1029 γάρ
2607 956 2973 1028 παραχθῆναι,
3009 955 3104 1009 καὶ
3141 956 3220 1017 εἰς
3256 953 3418 1025 ἔργον
3439 952 3635 1014 ἐλθεῖν,
3663 969 3792 1007 σκο-

2120 1049 2205 1097 τοῖ
2224 1044 2315 1097 τὸν
2334 1044 2614 1117 λογισμὸν,
2649 1046 2747 1099 καὶ
2788 1045 2974 1115 ἀπατᾷ
3010 1043 3109 1114 τὴν
3133 1043 3372 1097 διάνοιαν
3391 1057 3406 1072 ’
3446 1040 3585 1095 ἐπάν
3619 1040 3678 1093 δέ
3699 1057 3792 1093 τε-

2120 1128 2339 1201 λειωθῇ,
2370 1130 2491 1183 τότε
2522 1129 2689 1200 δήλην
2714 1130 2845 1199 ἡμῖν
2880 1127 2980 1199 τὴν
3020 1126 3190 1196 αὐτῆς
3219 1125 3448 1179 ἀτοπίαν
3479 1122 3791 1194 καθίστησι,

2120 1217 2214 1269 καὶ
2250 1217 2284 1287 ή
2334 1215 2559 1287 βραχεῖα
2604 1216 2785 1287 ἐκείνη
2842 1215 2938 1269 καὶ
2979 1214 3176 1279 ἄτοπος
3220 1212 3380 1284 ἡδονὴ
3421 1209 3643 1283 διηνεκῆ
3692 1208 3795 1279 τὴν

2119 1303 2312 1374 ὀδύνην
2352 1306 2483 1376 ¹ήμῖν
2527 1304 2797 1376 ἀντίθησι,
2848 1303 2945 1357 καὶ
2991 1301 3085 1356 τοῦ
3136 1300 3435 1363 συνειδότος
3478 1298 3791 1369 ἀφαιρεῖται

2119 1389 2217 1462 τὴν
2257 1391 2590 1465 παρρησίαν,
2621 1393 2712 1445 καὶ
2747 1389 2974 1461 αἰσχύνῃ
3000 1386 3314 1459 περιϐάλλει
3353 1386 3446 1440 τὸν
3476 1384 3692 1440 ἀλόντα.
3732 1385 3790 1437 ὐ

2120 1479 2228 1550 γὰρ
2256 1479 2630 1551 φιλάνθρωπος
2671 1478 2947 1549 Δεσπότης
2976 1475 3217 1529 τοιοῦτον
3246 1475 3376 1545 ἡμῖν
3420 1472 3512 1527 τὸν
3556 1478 3790 1544 κατήγο-

2122 1583 2215 1638 ρον
2244 1567 2431 1622 τοῦτον
2477 1567 2794 1637 ἐπέστησεν,
2817 1564 2893 1629 ώς
2926 1564 3191 1635 μηδέποτε
3222 1564 3467 1634 ἠρεμεῖν,
3497 1561 3610 1614 ἀλλ’
3640 1560 3789 1614 ἀδιαο

2119 1653 2353 1717 λείπτως
2415 1654 2639 1709 συνόντα
2691 1652 2997 1724 καταϐοᾷν,
3037 1652 3131 1705 καὶ
3185 1649 3341 1720 δίκην
3389 1649 3635 1702 ἀπαιτεῖν
3678 1648 3787 1700 τῶν

2119 1745 2690 1815 πεπλημμελημένων.
2743 1745 2852 1799 Καὶ
2885 1743 3042 1799 τοῦτο
3095 1743 3161 1796 ἀν
3202 1759 3283 1805 τις
3340 1741 3440 1794 ἴδοι
3495 1739 3682 1811 σαφῶς
3726 1739 3787 1805 ἐξ

2118 1832 2297 1884 αὑτῶν
2328 1832 2437 1887 τῶν
2460 1833 2820 1904 πραγμάτων.
2868 1831 2927 1884 ὐ
2954 1829 3063 1901 γὰρ
3103 1830 3318 1901 πόρνος,
3367 1828 3400 1899 ἢ
3442 1829 3471 1880 6
3518 1827 3724 1898 μοιχὸς,
3749 1826 3785 1897 ἢ

2115 1922 2144 1972 6
2184 1919 2367 1991 ἔτερόν
2406 1938 2457 1973 τι
2497 1920 2733 1973 τοιοῦτον
2780 1917 3157 1989 εἰργασμένος,
3212 1914 3313 1969 κάν
3357 1915 3565 1977 πάντας
3605 1912 3786 1966 λαθεῖν

2115 2007 2337 2077 δυνηθῇ,
2366 2007 2486 2060 ούδέ
2517 2006 2688 2070 οὕτως
2725 2009 2781 2059 ἐν
2812 2005 3017 2077 ἠρεμία
3059 2003 3252 2072 διάγει,
3296 2001 3407 2056 ἀλλ’
3438 2001 3574 2072 έχων
3599 1999 3785 2054 τοῦτον

2114 2092 2206 2145 τὸν
2231 2092 2475 2165 σφοδρὸν,
2522 2095 2826 2164 κατήγορον
2852 2093 2950 2154 τάς
2977 2089 3209 2158 ύποιῖιίας
3251 2088 3474 2151 δέδοικε,
3499 2086 3598 2151 τάς
3626 2086 3785 2149 σκιάς

2114 2179 2327 2251 τρέμει,
2353 2182 2475 2244 τοὺς
2508 2180 2732 2246 εἰδότας,
2761 2181 2887 2245 τοὺς
2913 2180 3012 2233 οὑκ
3048 2179 3274 2243 εἰδότας,
3298 2177 3517 2246 διηνεκῆ
3540 2172 3784 2245 χειμῶνα

2115 2269 2253 2339 ἔχων
2287 2271 2344 2322 ἐν
2380 2270 2524 2341 ψυχῇ
2565 2270 2657 2323 καὶ
2699 2268 2917 2340 κύματα
2957 2266 3252 2336 ἐπάλληλα.
3301 2263 3413 2318 Καὶ
3458 2263 3581 2316 οὔτε
3617 2262 3784 2325 ῦπνος

2114 2358 2191 2427 τῷ
2226 2356 2451 2427 τοιούτῳ
2497 2358 2645 2428 ήδὺς,
2692 2357 2825 2410 ἀλλά
2860 2357 3022 2426 φόϐου
3058 2358 3152 2409 καὶ
3190 2354 3460 2425 δειμάτων
3493 2351 3783 2422 πεπληρω-

2118 2444 2303 2514 μένος·
2338 2442 2463 2497 οὔτε
2489 2444 2662 2517 τροφὴ
2688 2444 2878 2516 ἡδονὴν
2919 2444 3137 2515 ἔχουσα,
3175 2441 3298 2496 οὔτε
3336 2440 3570 2505 διάλεξις
3615 2438 3783 2509 φίλων

2113 2532 2204 2585 τὸν
2242 2531 2482 2587 τοιοῦτον
2525 2535 2853 2604 μεταγαγεῖν
2908 2532 3217 2602 δυνήσεται,
3257 2530 3291 2599 ἢ
3341 2527 3647 2593 ἀπαλλάξαι
3688 2525 3782 2580 τοῦ

2114 2620 2321 2686 ἀγῶνος
2348 2620 2441 2674 τοῦ
2491 2620 2868 2691 ἐπικειμένου*
2917 2619 3050 2673 ἀλλά
3096 2618 3345 2688 καθάπερ
3390 2617 3584 2687 δήμιον
3625 2631 3780 2683 περι-

2115 2708 2294 2779 φέρων
2339 2708 2727 2774 καταξαίνοντα
2776 2708 2937 2763 αὑτὸν
2984 2707 3081 2761 καὶ
3128 2706 3455 2777 μαστίζοντα
3500 2702 3778 2775 διηνεκῶς,

2112 2793 2255 2848 οὕτω
2299 2796 2437 2866 μετά
2490 2795 2588 2864 τὴν
2636 2795 2834 2849 ἄτοπον
2892 2794 3091 2864 πρᾶξιν
3147 2793 3361 2862 ἐκείνην
3415 2792 3778 2863 περιέρχεται,

2113 2886 2323 2950 οὐδενὸς
2358 2886 2577 2952 εἰδότος,
2612 2885 2711 2949 τὰς
2757 2886 3063 2957 ἀφορήτους
3106 2882 3318 2945 ἐκείνας
3366 2879 3634 2951 τιμωρίας
3681 2879 3780 2932 ὑπο
3830 2898 3850 2914 ο

2115 2973 2271 3044 έχων,
2307 2975 2400 3027 καὶ
2427 2974 2686 3044 δικαστὴς
2714 2973 2907 3027 ἐαυτοῦ
2934 2973 3217 3043 γινόμενος
3244 2970 3337 3025 καὶ
3362 2972 3684 3042 κατήγορος.

2196 3062 2334 3114 Ἀλλ’
2386 3065 2415 3115 ὁ
2468 3061 2638 3115 ταῦτα
2693 3061 3050 3132 εἰργασμένος
3097 3059 3193 3114 ἐὰν
3247 3057 3480 3130 βουληθῇ
3535 3061 3613 3122 εἰς
3664 3057 3780 3111 δέον

2111 3149 2417 3220 χρήσασθαι
2443 3152 2509 3221 τῇ
2547 3149 2654 3205 ἀπὸ
2684 3148 2775 3201 τοῦ
2810 3148 3107 3210 συνειδότος
3143 3145 3384 3217 βοηθείᾳ,
3429 3144 3525 3199 καὶ
3556 3144 3651 3198 ἐπὶ
3683 3143 3781 3215 τὴν

2111 3235 2495 3309 ἐξομολόγησιν
2543 3237 2651 3291 τῶν
2701 3236 3100 3308 πεπραγμένων
3157 3234 3514 3305 ἐπειχθῆναι,
3560 3232 3652 3286 καὶ¹
3701 3231 3780 3301 τῷ

2115 3324 2281 3397 ἰατρῷ
2314 3325 2483 3391 δεῖξαι
2515 3325 2575 3379 τὸ
2600 3325 2777 3388 ἐλκος,
2811 3324 2888 3396 τῷ
2917 3322 3272 3395 θεραπεύοντι
3316 3323 3411 3375 καὶ
3464 3320 3538 3392 μὴ
3587 3319 3779 3373 ὁνειδί⁴

2112 3412 2278 3477 ζοντι,
2311 3413 2405 3466 καί
2436 3412 2503 3466 τά
2537 3412 2665 3484 παρ’
2692 3413 2901 3466 ἐκείνου
2934 3411 3200 3482 φάρμακα
3244 3407 3515 3474 δέξασθαι,
3552 3409 3648 3461 καὶ
3683 3406 3780 3477 μόο

2112 3516 2201 3563 νος
2224 3499 2372 3572 αὐτῷ
2403 3500 2767 3571 διαλεχθῆναι,
2796 3500 3022 3571 μηδενὸς
3043 3497 3260 3563 εἰδότος,
3294 3498 3387 3550 καὶ
3412 3496 3588 3549 πάντα
3611 3495 3779 3547 εἰπεῖν

2116 3587 2255 3658 μετά
2298 3587 2604 3660 ἀκριϐείας,
2639 3590 2859 3658 ταχεῖαν
2906 3588 3189 3657 ποιήσεται
3231 3585 3331 3655 τὴν
3365 3582 3649 3655 διόρθωσιν
3673 3581 3779 3634 τῶν

2112 3675 2512 3745 ἐπταισμένων.
2554 3676 2620 3729 Ἦ
2657 3674 2765 3744 γὰρ
2785 3673 3043 3745 ὁμολογία
3082 3672 3189 3726 τῶν
3237 3670 3639 3744 ἡμαρτημένων
3674 3669 3780 3737 ἀφ-

2111 3761 2337 3833 ανισμδς
2363 3762 2571 3831 γίνεται
2592 3760 2700 3813 τῶν
2730 3760 3237 3832 πλημμελημάτων.
3256 3757 3409 3831 [1751
3439 3759 3501 3811 Εἰ
3531 3756 3639 3827 γάρ
3659 3755 3723 3827 δὴ
3751 3755 3781 3808 6

2113 3849 2304 3919 Λάμεχ
2330 3843 2486 3913 οὗτος
2509 3851 2631 3913 ταῖς
2652 3847 2846 3901 ἑαυτοῦ
2873 3846 3086 3916 γυναιξί
3118 3848 3243 3910 τοὺς
3275 3846 3405 3917 παρ’
3432 3844 3595 3899 αὑτοῦ
3624 3859 3779 3912 γενο-

2115 3936 2309 4007 μένους
2347 3937 2542 4007 φόνους
2583 3934 2940 4005 ἐξαγορεῦσαι
2982 3935 3045 3988 οὑ
3097 3934 3469 4006 παρῃτήσατο,
3522 3930 3680 3995 ποίας
3713 3929 3778 3984 ἂν

2112 4025 2304 4094 εἱήμεν
2339 4023 2668 4094 συγγνώμης
2710 4023 2872 4088 ἄξιοι,
2908 4021 2987 4092 τῷ
3014 4022 3192 4075 πάντα
3225 4020 3363 4092 μετά
3391 4017 3676 4091 ἀκριϐείας
3707 4018 3779 4069 εἰ-

2110 4111 2222 4165 δότι
2263 4112 2332 4165 τὰ
2369 4112 2610 4185 ἡμέτερα
2657 4109 3100 4181 πλημμελήματα
3143 4108 3216 4179 μὴ
3252 4106 3559 4177 βουλόμενοι
3592 4103 3780 4171 ἐξαγο-

2113 4197 2292 4269 ρεύειν
2332 4198 2401 4252 τά
2429 4197 2829 4270 ἡμαρτημένας
2868 4198 2959 4265 Μὴ
2995 4195 3102 4267 γάρ
3131 4193 3321 4266 ἐπειδὴ
3360 4195 3563 4263 ἀγνοεῖ,
3592 4193 3781 4264 μαθεῖν

2112 4284 2356 4355 βούλεται
2383 4301 2398 4351 ;
2431 4286 2544 4339 Οὑκ
2572 4285 2758 4356 ἐπειδὴ
2784 4286 2984 4353 ἀγνοεῖ,
3018 4282 3111 4353 τὴν
3153 4283 3283 4352 παρ’
3309 4281 3466 4352 ἡμῶν
3492 4279 3780 4351 ὁμολογίαν

2110 4371 2356 4443 ἐπιζητεῖ
2376 4375 2404 4426 6
2431 4372 2607 4427 πάντα
2634 4371 2788 4434 εἰδὼς
2812 4370 2942 4442 πρὶν
2970 4369 3235 4438 γενέσεως
3266 4366 3467 4431 αὑτῶν,
3498 4366 3633 4419 ἀλλά
3660 4366 3782 4435 βου-

2109 4458 2332 4529 λόμενος
2360 4461 2507 4531 ἡμᾶς
2535 4458 2670 4530 ὁμοῦ
2709 4459 2804 4512 καὶ
2842 4458 3092 4528 αῖσθησιν
3126 4454 3310 4510 λαϐεῖν
3339 4454 3448 4508 τῶν
3478 4451 3778 4523 ἐπταισμέ-

2109 4563 2215 4601 νων
2242 4544 2331 4600 διά
2366 4548 2463 4619 τῆς
2484 4545 2792 4616 ὁμολογίας,
2822 4545 2916 4598 καὶ
2946 4547 3043 4616 τὴν
3079 4541 3499 4614 εὐγνωμοσύνην
3521 4541 3621 4611 τὴν
3653 4540 3778 4610 παρ’

2110 4635 2316 4690 ἑαυτῶν
2344 4632 2730 4698 ἐπιδείξασθαι.
2762 4631 2856 4703 Μὴ
2889 4630 2998 4704 γὰρ
3025 4633 3281 4703 χρήματα
3304 4630 3521 4683 ἔπεστιν
3545 4627 3776 4683 ἐνταῦθα

2107 4722 2453 4791 δαπανῆσαι;
2497 4721 2570 4792 μὴ
2603 4721 2711 4790 γάρ
2735 4720 2853 4773 ὁδὸν
2885 4720 3101 4790 μακράν
3150 4716 3498 4783 στείλασθαι;
3554 4716 3631 4788 μὴ
3669 4714 3777 4786 γάρ

2106 4810 2299 4880 ὀδύνην
2345 4809 2439 4863 καὶ
2485 4808 2777 4879 ἀλγήματα
2828 4806 3057 4877 παρέχει
3095 4807 3129 4876 ή
3185 4806 3398 4877 ἰατρεία
3440 4802 3619 4874 αῦτη;
3670 4803 3778 4856 Καὶ

2106 4898 2379 4961 ἀδάπανός
2410 4898 2546 4960 ἐστι,
2584 4895 2678 4949 καί
2723 4894 3011 4958 ἀνώδυνος,
3060 4894 3155 4947 καὶ
3198 4894 3417 4964 ταχεῖαν
3464 4890 3777 4962 παρέχουσα

2105 4986 2203 5055 τὴν
2243 4985 2555 5055 θεραπείαν.
2589 4984 2732 5055 Πρὸς
2761 4984 2871 5053 γὰρ
2903 4983 2993 5036 τὸν
3033 4983 3186 5037 τόνον
3231 4982 3331 5052 τῆς
3359 4980 3654 5042 διαθέσεως
3685 4976 3776 5033 τοῦ

2108 5073 2441 5144 προσιόντος,
2475 5071 2618 5126 οὕτω
2658 5072 2751 5125 καὶ
2780 5072 2848 5125 τά
2871 5072 3137 5142 φάρμακα
3172 5070 3281 5123 τῶν
3320 5069 3648 5140 τραυμάτων
3677 5084 3775 5138 χα-

2107 5152 2316 5231 ρίζεται
2342 5164 2369 5213 ὁ
2392 5161 2685 5230 Δεσπότης.
2735 5160 2794 5211 '0
2835 5159 3012 5212 τοίνυν
3048 5159 3367 5229 βουλόμενος
3401 5156 3595 5211 θᾶττον
3642 5156 3775 5228 πρὸς

2105 5254 2315 5321 ὑγίειαν
2345 5251 2678 5314 ἐπανελθεῖν,
2711 5251 2806 5303 καὶ
2829 5250 2897 5303 τά
2925 5250 3028 5319 τῆς
3048 5248 3224 5319 ψυχῆς
3253 5248 3384 5319 ’ἐλκη
3417 5246 3773 5319 θεραπεῦσαι,

2107 5342 2246 5413 μετά
2274 5342 2487 5412 νήψεως
2517 5339 2807 5412 προσιέτω,
2838 5339 3055 5392 πάντων
3096 5337 3287 5392 ἑαυτὸν
3319 5340 3634 5407 ἀποστήσας
3670 5336 3774 5391 τῶν

2106 5430 2393 5499 βιωτικῶν,
2430 5427 2607 5499 θερμὰ
2654 5427 2862 5499 δάκρυα
2898 5427 3194 5498 προχεέτω,
3226 5426 3551 5496 προσεδρίαν
3579 5425 3773 5495 πολλὴν

2102 5516 2513 5581 ἐπιδεικνύσθω,
2543 5516 2723 5569 πίστιν
2772 5516 2974 5586 ἀκριϐῆ
3022 5516 3341 5585 εἰσφερέτω,
3373 5515 3468 5568 καὶ
3506 5515 3776 5587 θαρρείτω

2103 5604 2195 5658 τοῦ
2230 5602 2413 5674 ἰατροῦ
2444 5606 2509 5675 τῇ
2540 5603 2720 5673 τέχνῃ,
2751 5604 2841 5655 καὶ
2889 5602 3229 5672 παραχρῆμα
3260 5603 3359 5673 τῆς
3394 5601 3605 5669 ὑγιείας
3636 5602 3774 5654 ἀπο-

2102 5692 2376 5746 λαύσεται.
2404 5684 2557 5753 Εἶδες
2593 5689 2775 5761 ἰατροῦ
2813 5690 3119 5759 φιλοτιμίαν
3150 5689 3349 5752 παντὸς
3384 5688 3589 5759 πατρὸς
3626 5689 3773 5758 φιλο-

2106 5779 2361 5851 στοργίαν
2395 5776 2831 5848 ἀποκρύπτοντος
2857 5793 2871 5841 ;
2903 5775 2995 5847 Μὴ
3023 5775 3132 5846 γάρ
3164 5775 3301 5847 βαρύ
3340 5793 3390 5830 τι
3419 5778 3513 5829 καὶ
3541 5775 3773 5846 ἐπαχθὲς

2106 5868 2236 5938 παρ’
2256 5865 2414 5938 ήμῶν
2433 5865 2711 5933 ἐπιζητεῖς
2743 5863 3037 5933 Συντριϐὴν
3059 5863 3303 5933 καρδίας,
3325 5863 3586 5934 λογισμοῦ
3617 5864 3774 5916 κατάο

2103 5956 2271 6021 νυξιν,
2302 5952 2589 6027 ὁμολογίαν
2609 5952 2964 6021 πταίσματος,
2994 5950 3319 6021 προσεδρίαν
3349 5951 3769 6024 συντεταμένηνο
