4110 6416
373 402 476 461 189

372 522 534 576 deme
561 517 641 572 vel
671 525 948 587 arguente,
980 516 1092 586 ipse
1121 530 1217 570 sua
1245 514 1423 585 lingua
1469 528 1516 572 et
1567 514 1959 570 confessionem

375 621 713 683 peceatornm
744 608 873 674 edit,
904 617 960 664 et
984 607 1266 663 conferens
1307 622 1428 676 quae
1458 621 1488 660 a
1532 620 1592 661 se
1623 605 1759 660 facta
1789 618 1959 674 erant,

371 718 494 758 cum
524 702 590 756 iis
608 715 729 771 qua:
757 716 786 754 a
816 696 970 764 Cain,
1000 714 1210 770 pinnam
1243 698 1450 768 sibiipsi
1475 697 1682 752 definit.

448 789 611 847 Poena
660 791 856 846 occasio
908 788 1291 845 misericordiae.
1339 817 1413 828 —
1438 786 1626 843 V’idisti
1672 786 1962 857 provrden-

368 885 499 939 tiam
549 881 793 951 Domini,
854 877 1124 953 quomodo
1169 895 1343 951 poenae
1386 880 1529 935 illius
1573 880 1788 936 occasio
1837 888 1964 935 sunt

365 971 790 1040 misericordiae,
819 983 873 1027 et
916 970 1284 1027 misericordia
1333 986 1439 1025 non
1471 971 1646 1026 solum
1697 969 1765 1025 ad
1813 970 1962 1025 illum

368 1067 624 1137 pertingit
644 1066 730 1136 qui
767 1079 920 1136 pmna
958 1064 1225 1134 plectitur,
1257 1063 1351 1119 sed
1377 1071 1432 1118 et
1471 1064 1653 1118 multis
1683 1063 1801 1118 aliis
1835 1063 1964 1119 utile

364 1157 535 1213 efficit
579 1154 710 1211 illud
767 1156 1086 1221 remedium,
1129 1155 1290 1211 modo
1344 1155 1512 1211 velint
1557 1155 1683 1212 inde
1731 1154 1962 1212 fructum

367 1248 605 1320 capere?
652 1246 808 1304 Unde
855 1244 1020 1314 enim,
1053 1246 1161 1315 die,
1207 1261 1408 1317 quaeso,
1440 1246 1670 1303 Lamech
1713 1248 1781 1303 ad
1828 1249 1967 1305 hanc

366 1340 766 1399 confessionem
817 1339 1079 1394 adductus
1133 1347 1294 1403 esset,
1344 1338 1445 1393 nisi
1493 1354 1677 1394 eorum
1725 1355 1843 1410 qua:
1886 1340 1964 1394 illi

366 1432 728 1503 contigerunt,
760 1430 1075 1486 memoriam
1119 1428 1417 1497 habuisset,
1449 1445 1571 1500 qua:
1615 1429 1759 1485 illius
1785 1431 1961 1486 conti-

368 1538 479 1578 nuo
507 1533 741 1579 mentem
783 1521 1160 1578 concutiebat?
1196 1520 1364 1586 Dixit,
1402 1521 1575 1592 inquit
1607 1540 1620 1575 :
1667 1521 1853 1578 Audite
1878 1539 1966 1577 eo-

366 1631 477 1669 ccm
519 1632 702 1679 meam,
730 1623 777 1670 et
815 1614 1023 1668 auribus
1067 1614 1309 1686 percipite
1347 1630 1601 1669 sermones
1642 1631 1798 1669 meos.
1832 1615 1964 1671 Vide

367 1706 640 1778 quomodo
663 1718 852 1762 contra
880 1705 1116 1775 seipsum
1144 1705 1402 1775 judicium
1436 1705 1718 1762 considere
1747 1705 1889 1771 facit,
1910 1716 1965 1763 et

367 1816 463 1855 eas
507 1799 612 1855 hoc
641 1800 803 1855 modo
829 1800 1093 1866 hortatur,
1126 1814 1192 1854 ne
1221 1798 1362 1855 dicta
1403 1800 1732 1871 negligenter
1754 1802 1965 1872 accipe-

368 1901 512 1945 rent.
565 1890 798 1946 Dicendo
846 1891 1014 1956 enim,
1047 1889 1232 1943 Audite
1258 1908 1426 1945 vocem
1472 1908 1659 1960 meam,
1685 1900 1731 1946 et
1757 1892 1964 1947 auribus

369 1982 611 2050 percipite
633 1997 888 2035 sermones
916 1997 1071 2049 meos,
1100 1981 1332 2036 Mentem
1365 1990 1622 2049 vestram,
1653 1982 1843 2052 inquit,
1877 1983 1962 2037 in-

369 2084 571 2130 tentam
602 2075 855 2144 prmbete,
877 2082 931 2130 et
961 2074 1244 2145 diligenter
1269 2076 1566 2131 auscultate
1584 2091 1704 2146 quae
1723 2075 1963 2133 dicturus

368 2182 511 2221 sum.
554 2165 670 2221 Non
715 2167 858 2222 enim
896 2165 965 2222 de
1005 2167 1167 2223 rebus
1209 2166 1514 2238 vulgaribus
1556 2168 1709 2224 vobis
1753 2169 1959 2240 loquar,

367 2260 462 2315 scd
482 2260 716 2315 occultas
737 2259 992 2331 quasdam
1019 2275 1107 2316 res
1129 2261 1281 2316 vobis
1305 2262 1566 2331 aperiam,
1589 2271 1645 2317 et
1668 2262 1965 2319 confitebor

368 2366 430 2403 ea
454 2368 576 2421 qua:
598 2351 776 2406 nullus
802 2352 938 2407 alius
968 2352 1088 2421 scit,
1120 2352 1215 2409 sed
1244 2353 1393 2408 solus
1416 2369 1538 2425 ego,
1569 2364 1623 2411 et
1648 2356 1838 2411 oculus
1873 2356 1964 2413 ille

367 2444 460 2512 qui
492 2444 656 2513 sopiri
683 2442 877 2508 nescit,
906 2460 1063 2514 quem
1109 2445 1303 2500 timens
1339 2444 1543 2501 festino
1573 2456 1629 2502 et
1665 2446 1882 2514 anhelo,
1905 2458 1965 2504 ut

362 2535 520 2590 vobis
551 2535 727 2605 palam
752 2535 937 2590 faciam
963 2551 1022 2590 ea
1047 2553 1166 2607 qua:
1194 2552 1225 2591 a
1254 2553 1339 2592 me
1361 2547 1484 2593 sunt
1506 2547 1646 2607 acta,
1670 2548 1725 2595 et
1750 2541 1964 2610 quantis

366 2626 544 2695 pretiis
572 2641 670 2696 ego
718 2627 981 2696 meipsum
1026 2627 1244 2683 nefariis
1269 2629 1520 2698 operibus
1549 2629 1839 2685 obnoxium
1882 2631 1963 2687 fe-

362 2717 552 2771 cerim.
600 2716 734 2784 Quia
767 2717 930 2771 virum
974 2718 1136 2772 occidi
1185 2720 1238 2773 in
1286 2720 1467 2775 vulnus
1511 2721 1667 2785 mihi,
1710 2731 1756 2776 et
1787 2722 1964 2777 adole-

364 2819 584 2863 scentem
634 2810 688 2863 in
741 2811 1028 2865 cicatricem
1082 2812 1226 2865 mihi.
1296 2813 1551 2879 Quoniam
1601 2816 1784 2885 septies
1834 2817 1961 2871 ultio

363 2912 568 2973 sumpta
597 2913 670 2958 est
696 2905 759 2960 de
782 2902 929 2968 Cain,
959 2905 1022 2959 de
1071 2904 1291 2961 Lamech
1338 2919 1505 2962 autem
1549 2912 1836 2983 septuagics
1877 2930 1959 2966 se-

366 2994 515 3060 pties.
543 2994 787 3066 Magnum
816 2995 939 3066 quid
962 2996 1160 3051 dictum
1190 3006 1292 3066 est,
1322 3010 1376 3053 et
1406 2999 1560 3055 valde
1590 3017 1840 3072 magnum
1869 3023 1880 3055 :
1910 3005 1961 3059 in

365 3087 653 3155 multisque
694 3088 865 3141 bonus
914 3088 1013 3142 viri
1057 3088 1267 3143 animus
1307 3098 1597 3159 spectatur.
1643 3092 1760 3148 Non
1789 3095 1960 3150 solum

364 3177 508 3229 enim
550 3176 748 3232 factum
795 3177 1101 3247 confitetur,
1128 3189 1181 3234 et
1224 3179 1400 3236 credes
1444 3182 1511 3237 ab
1557 3199 1615 3239 se
1645 3193 1882 3254 patratas
1908 3186 1959 3241 in

363 3270 599 3325 medium
631 3271 803 3336 affert,
833 3272 927 3327 sed
957 3281 1010 3328 et
1036 3288 1250 3343 poenam
1290 3274 1390 3329 sibi
1430 3275 1610 3345 infert,
1642 3293 1961 3350 comparans

370 3373 646 3429 peccatum
692 3378 848 3418 suum
883 3373 1103 3432 peccato
1129 3364 1301 3418 Caini.
1342 3366 1457 3433 Qua
1487 3367 1629 3421 enim
1672 3370 1845 3435 venia,
1876 3370 1959 3425 in-

362 3454 496 3523 quit,
524 3454 684 3510 fuerit
705 3455 916 3526 dignus,
945 3456 1033 3526 qui
1061 3456 1278 3511 alterius
1306 3471 1461 3527 paena
1486 3459 1824 3515 eniendatior
1850 3476 1956 3517 non

362 3545 442 3612 fit,
476 3548 569 3601 sed
612 3558 881 3603 recentem
928 3558 983 3604 ct
1013 3548 1219 3603 firmam
1252 3550 1454 3605 habens
1485 3551 1601 3622 ejus
1646 3555 1957 3610 memoriam

361 3641 583 3709 insuper
623 3640 822 3710 duplex
876 3641 1220 3697 homicidium
1277 3644 1544 3714 patravit?
1591 3645 1724 3713 Quia
1773 3648 1955 3715 virum,

362 3732 561 3801 inquit,
591 3731 751 3785 occidi
775 3732 827 3786 in
854 3735 1034 3787 vulnus
1063 3733 1205 3798 mihi,
1239 3744 1284 3788 et
1313 3734 1682 3792 adolescentem
1726 3738 1778 3793 in
1824 3740 1958 3793 cica-

361 3826 538 3877 tricem
569 3824 712 3877 mihi.
745 3822 860 3878 Non
902 3832 1126 3892 tantum,
1158 3825 1348 3897 inquit,
1376 3829 1532 3883 nocui
1562 3829 1666 3886 illis
1700 3846 1834 3901 quos
1863 3847 1957 3888 oc-

358 3913 489 3978 cidi,
518 3924 772 3984 quantum
815 3915 1068 3987 mihiipsi.
1118 3916 1174 3971 ln
1214 3934 1424 3987 poenam
1456 3920 1600 3976 enim
1636 3937 1795 3993 quam
1826 3923 1959 3979 efl‘uo

359 4021 488 4076 gere
515 4022 616 4061 non
646 4022 886 4077 possum,
918 4009 1180 4080 meipsnm
1209 4011 1435 4082 conjeci,
1466 4023 1683 4082 peccata
1704 4024 1959 4087 operatus

362 4109 530 4167 tanta,
554 4115 674 4171 quze
694 4100 905 4155 veniam
931 4116 1036 4157 non
1065 4113 1360 4159 merentur.
1384 4103 1517 4160 Nam
1542 4107 1587 4160 si
1617 4107 1704 4162 ille
1731 4122 1829 4177 pro
1850 4124 1956 4165 una

359 4192 508 4248 caede
536 4203 742 4264 septem
776 4198 950 4263 poenis
988 4195 1255 4252 obnoxius
1303 4195 1475 4254 factus
1501 4210 1606 4268 est,
1634 4215 1734 4271 ego
1764 4202 1955 4272 dignus

359 4282 552 4339 fuerim
583 4284 672 4355 qui
696 4285 1000 4356 septuagies
1030 4286 1228 4356 septies
1254 4302 1463 4358 pinnam
1494 4289 1658 4345 lnam.
1684 4290 1848 4362 Cujus
1875 4293 1954 4349 rei

356 4376 550 4446 gratia,
588 4385 643 4432 et
680 4393 846 4448 quare
861 4377 886 4431 ‘3
929 4377 1061 4434 Nam
1107 4379 1233 4435 licet
1274 4381 1483 4438 cmdem
1527 4382 1617 4437 ille
1642 4386 1951 4456 patraverit,

358 4483 585 4541 eamque
634 4469 834 4538 fratris,
875 4480 1109 4528 attamen
1156 4475 1304 4529 nullo
1348 4491 1600 4547 umquam
1642 4486 1798 4535 antea
1827 4494 1956 4536 eon-

356 4569 543 4627 Specto
570 4560 659 4632 qui
691 4561 792 4617 hoc
834 4563 1066 4633 fecisset,
1103 4579 1277 4637 neque
1320 4567 1428 4623 alio
1469 4568 1583 4624 viso
1608 4571 1697 4640 qui
1740 4586 1953 4643 poenam

355 4647 601 4706 dedisset
640 4652 905 4721 ejusmodi
954 4654 1226 4721 facinoris,
1259 4666 1316 4712 et
1360 4666 1558 4714 tantam
1589 4660 1722 4717 iram
1766 4662 1955 4720 fuisset

351 4750 631 4811 expertus,
661 4760 780 4814 qum
806 4755 1033 4817 utraque
1060 4748 1189 4803 mihi
1213 4764 1402 4820 pmnas
1421 4761 1617 4823 augent
1642 4770 1655 4808 :
1682 4755 1802 4825 quia
1830 4765 1954 4812 ante

351 4833 540 4890 oculos
586 4834 789 4892 habens
832 4838 974 4910 quod
1019 4838 1088 4895 ab
1130 4839 1223 4895 illo
1271 4851 1634 4913 perpetratum
1681 4844 1872 4911 fuerat,
1902 4857 1956 4904 et

353 4945 573 5001 poenam
604 4934 790 4990 videns
824 4935 903 4990 sic
948 4935 1393 4993 immedicabilem
1424 4953 1576 5006 esse,
1618 4942 1825 4998 cautior
1868 4941 1949 4998 fa-

350 5032 476 5079 ctus
496 5041 600 5079 non
623 5041 763 5081 sum.
789 5025 1077 5096 PrOpterea
1100 5026 1225 5083 licet
1243 5031 1545 5101 septuagics
1567 5032 1764 5101 septies
1786 5033 1953 5103 magis

352 5130 516 5184 quam
548 5116 635 5172 ille
667 5117 906 5189 punirer,
929 5126 1164 5174 attamen
1195 5134 1368 5191 neque
1398 5120 1476 5177 sic
1500 5121 1717 5193 dignam
1744 5122 1948 5179 luerem

453 5222 593 5263 nam.

453 5222 593 5263 nam.

354 5221 482 5353 pagi.
512 5298 749 5354 Liberum
761 5302 1026 5356 arbitrium
1039 5301 1281 5357 hominis.
1303 5334 1375 5344 —
1394 5303 1575 5373 Vides,
1590 5304 1803 5372 dilecte,
1820 5321 1951 5377 quo-

352 5390 516 5447 modo
544 5402 784 5447 nostram
813 5393 954 5450 Deus
994 5402 1229 5451 mentem
1259 5395 1410 5451 liberi
1437 5397 1641 5453 arbitrii
1662 5398 1869 5466 fecerit,
1899 5408 1954 5455 et

354 5483 499 5538 sicut
554 5485 599 5539 si
678 5484 894 5541 desides
963 5486 1132 5542 simus
1217 5487 1669 5559 supplantamur,
1744 5490 1818 5546 ita
1899 5500 1955 5547 et

350 5576 399 5629 si
429 5576 613 5646 vigiles
637 5591 757 5633 esse
792 5577 1142 5648 voluerimus,
1169 5589 1489 5636 contuemur
1527 5581 1581 5636 id
1630 5582 1772 5654 quod
1796 5597 1955 5654 opor-

354 5666 472 5722 tet?
498 5666 628 5736 Quis
647 5669 789 5723 enim
817 5668 998 5735 istum,
1039 5669 1145 5737 die,
1186 5672 1431 5739 obsecro,
1461 5671 1529 5726 ad
1550 5671 1708 5728 talem
1747 5674 1954 5729 confes-

352 5760 564 5814 sionem
591 5759 803 5831 adegit?
827 5760 1013 5815 Nullus
1034 5760 1170 5817 alius
1197 5776 1356 5833 qnam
1378 5763 1727 5832 conscientia,
1776 5765 1950 5820 incor-

349 5863 542 5925 ruptus
583 5850 670 5907 ille
695 5851 879 5924 judex.
913 5853 1045 5920 Quia
1075 5854 1217 5909 enim
1248 5867 1312 5910 ex
1334 5850 1537 5911 desidia
1577 5852 1630 5910 in
1674 5865 1952 5927 peccatum

1479 400 1543 455 IN
1583 400 1734 456 CAP.
1771 399 1857 455 IV.
1898 398 2138 456 GENES.
2168 399 2400 455 llOlllL.
2441 401 2560 457 XX.

3564 417 3668 470 170

2074 514 2450 580 declinaverat,
2495 525 2549 570 et
2586 515 2760 572 scelus
2794 531 2954 589 opere
2999 519 3293 590 perfecerat
3323 541 3338 580 :
3372 527 3553 581 statim
3587 529 3667 582 in-

2071 607 2304 662 surrexit
2328 608 2676 673 conscientia,
2711 609 3024 679 inclamans,
3054 622 3212 685 atque
3229 617 3517 674 ostendens
3542 633 3669 690 pec-

2071 710 2311 754 catorum
2334 700 2773 769 magnitudinem,
2806 711 2862 757 et
2884 706 3096 774 quantis
3115 707 3346 779 seipsum
3375 709 3548 780 ptenis
3570 713 3668 770 ob-

2072 789 2289 845 noxium
2332 790 2680 846 reddidisset.
2704 792 2777 849 lta
2807 792 2950 848 enim
2979 809 3038 851 se
3075 794 3237 852 habet
3271 809 3567 869 peccatum,
3606 812 3668 860 ut

2070 879 2376 951 priusquam
2416 881 2528 948 fiat,
2559 889 2613 936 et
2660 881 2728 937 ad
2753 897 2889 954 opus
2935 887 3228 956 perveniat,
3275 890 3590 948 obtenebret
3611 904 3668 949 et

2070 970 2301 1041 decipiat
2343 979 2578 1026 mentem
2623 989 2637 1025 :
2687 983 2966 1045 postquam
3014 987 3192 1032 autem
3236 992 3665 1042 consummatum

2071 1059 2250 1125 fuerit,
2280 1061 2562 1119 manifeste
2613 1078 2764 1118 suam
2811 1065 2968 1121 nobis
2991 1066 3377 1126 absurditatem
3431 1073 3668 1144 proferat

2068 1161 2123 1208 et
2150 1152 2398 1209 ostendat
2426 1171 2439 1205 :
2462 1154 2542 1209 sic
2568 1154 2743 1211 brevis
2770 1155 2856 1211 illa
2884 1166 2938 1212 et
2965 1158 3198 1215 absurda
3223 1160 3468 1233 voluptas
3489 1166 3665 1221 conti-

2070 1261 2232 1300 nuum
2264 1246 2428 1300 menti
2449 1244 2688 1302 dolorem
2720 1248 2924 1315 inserit,
2951 1251 3398 1326 conscientiaeque
3417 1254 3665 1313 fiduciam

2068 1335 2260 1401 aufert,
2292 1345 2451 1407 atque
2477 1337 2622 1392 illum
2655 1337 2746 1408 qui
2790 1339 3128 1396 succubuerit
3174 1342 3490 1401 confusione
3540 1361 3664 1416 per-

2070 1427 2258 1484 fundit.
2274 1428 2541 1500 Benignus
2557 1430 2698 1485 enim
2714 1430 2852 1486 Deus
2871 1431 3199 1502 ejuscemodi
3218 1436 3370 1493 nobis
3389 1449 3666 1494 accusato-

2070 1534 2183 1573 rem
2232 1520 2485 1576 assistere
2511 1521 2697 1589 voluit,
2729 1522 2819 1592 qui
2850 1538 3137 1594 numquam
3164 1526 3425 1596 quiescat,
3457 1528 3550 1584 sed
3577 1530 3664 1587 in-

2068 1609 2378 1667 desinenter
2417 1612 2508 1669 ille
2534 1615 2892 1685 congrediens
2917 1616 3131 1684 clamet,
3155 1626 3210 1673 et
3234 1634 3446 1689 poenam
3490 1624 3667 1695 exigat

2067 1702 2406 1761 delictorum.
2438 1708 2507 1763 Et
2556 1707 2660 1764 hoc
2705 1710 2824 1780 quis
2850 1710 3043 1767 viderit
3086 1712 3369 1771 manifeste
3406 1732 3475 1773 ex
3511 1716 3666 1774 factis

2069 1796 2216 1867 ipsis.
2263 1797 2541 1854 Scortator
2564 1801 2729 1870 enim,
2762 1801 2847 1857 vel
2874 1801 3108 1871 adulter,
3135 1805 3217 1859 vel
3247 1807 3339 1877 qui
3383 1807 3527 1864 aliud
3561 1810 3668 1867 tale

2068 1888 2320 1958 quiddam
2352 1890 2587 1960 admisit,
2619 1893 2779 1947 etiam
2806 1894 2849 1949 si
2881 1909 3071 1951 omnes
3095 1894 3267 1952 latere
3292 1907 3472 1967 queat,
3505 1916 3665 1956 num-

2067 1994 2223 2047 quam
2271 1988 2449 2036 tamen
2480 1982 2558 2037 sic
2599 1982 2652 2037 in
2698 1982 3290 2057 tranquillitate'vivit;
3337 1990 3432 2044 sed
3464 1990 3668 2047 habens

2067 2087 2246 2127 acrem
2277 2073 2426 2129 illum
2447 2084 2810 2131 accusatorem
2839 2117 2852 2142 ,
2889 2076 3223 2147 suspiciones
3246 2079 3416 2147 timet,
3445 2083 3667 2138 umbras

2069 2164 2346 2227 tremiscit,
2399 2174 2452 2220 et
2493 2181 2587 2221 eos
2615 2166 2702 2236 qui
2733 2167 2933 2223 conscii
2960 2177 3102 2233 sunt,
3136 2179 3190 2226 et
3233 2171 3321 2241 qui
3363 2187 3470 2228 non
3499 2184 3664 2240 sunt;

2066 2263 2430 2326 perpetuaque
2455 2256 2508 2310 in
2537 2257 2718 2311 animo
2751 2259 2867 2327 ejus
2907 2268 3196 2329 tempestas
3223 2269 3326 2330 est,
3351 2271 3404 2318 et
3431 2264 3665 2335 recipro-

2067 2354 2249 2401 cantes
2275 2363 2338 2402 ac
2377 2349 2631 2403 contrarii
2658 2348 2870 2404 fluctus.
2895 2351 3117 2421 Insuper
3141 2368 3316 2424 neque
3356 2369 3576 2411 somnus
3614 2357 3665 2412 ei

2067 2437 2267 2505 suavis,
2327 2437 2424 2493 sed
2482 2448 2685 2495 terrore
2741 2450 2794 2495 et
2847 2441 3133 2499 formidine
3184 2445 3374 2514 plenus
3427 2465 3443 2502 :
3493 2464 3665 2519 neque

2065 2528 2215 2584 cibus
2240 2528 2565 2600 voluptatem
2614 2530 2835 2601 praebet,
2866 2547 3039 2603 neque
3083 2535 3377 2592 amicorum
3405 2539 3666 2610 Colloqnia

2071 2620 2230 2675 talem
2316 2621 2640 2688 refocillai'e,
2690 2623 2775 2679 vel
2826 2624 3054 2680 liberare
3099 2627 3167 2683 ab
3211 2640 3432 2699 urgente
3478 2633 3667 2687 anxie.

2069 2718 2175 2767 tate
2229 2721 2494 2782 possunt:
2543 2713 2637 2768 sed
2689 2715 2838 2785 quasi
2880 2715 3183 2773 carnificem
3234 2720 3664 2791 circumgestaict

2067 2819 2127 2859 se
2153 2803 2510 2860 lancinantem
2549 2814 2604 2860 et
2628 2804 2981 2877 llagellantem
3013 2810 3301 2880 continuo,
3330 2812 3400 2867 ita
3429 2823 3549 2883 post
3566 2814 3663 2871 ab-

2067 2895 2285 2950 surdum
2310 2896 2438 2952 illud
2470 2898 2669 2953 facinus
2691 2898 3021 2966 obambulat,
3055 2900 3203 2956 nullo
3246 2905 3486 2970 conscio,
3536 2920 3663 2962 sus-

2067 2988 2240 3044 tinens
2278 2988 2639 3046 intolerabiles
2663 3005 2850 3062 pmnas
2881 2992 3023 3062 illas,
3072 3003 3125 3049 et
3164 2993 3330 3065 judex
3373 2997 3455 3052 sui
3487 2996 3658 3068 ipsius

2067 3078 2237 3135 factus
2255 3088 2307 3135 et
2321 3090 2618 3136 accusator.

2138 3170 2400 3245 Confessio
2431 3183 2770 3243 peccatorum.
2798 3205 2870 3216 —
2895 3176 3147 3233 Attamen
3169 3177 3258 3246 qui
3288 3177 3406 3235 hmo
3443 3178 3587 3247 fecit,
3616 3183 3660 3238 si

2064 3267 2312 3335 voluerit,
2343 3277 2401 3322 ut
2428 3267 2602 3335 decet,
2636 3269 2710 3323 uti
2739 3269 3082 3325 conscientia:
3109 3270 3438 3341 adjumento,
3494 3284 3548 3328 et
3591 3274 3659 3330 ad

2064 3359 2454 3414 confessionem
2481 3357 2780 3416 facinorum
2808 3359 3082 3427 festinare,
3114 3373 3167 3417 et
3194 3363 3343 3419 ulcus
3377 3364 3660 3421 ostendere

2064 3451 2292 3518 medico,
2326 3452 2415 3523 qui
2446 3460 2597 3507 curet
2637 3462 2693 3508 et
2744 3468 2851 3509 non
2897 3455 3201 3524 exprobret,
3246 3466 3406 3528 atque
3450 3459 3517 3515 ab
3566 3460 3659 3515 illo

2064 3544 2300 3599 remedia
2343 3548 2609 3616 accipere,
2648 3561 2711 3602 ac
2736 3547 2834 3602 soli
2853 3548 2901 3603 ei
2923 3548 3085 3619 loqui,
3117 3550 3263 3604 nullo
3288 3552 3397 3607 alio
3420 3554 3658 3617 conscio.

2063 3645 2117 3691 et
2147 3636 2329 3691 omnia
2361 3637 2542 3694 dicere
2567 3654 2691 3693 cum
2730 3639 3026 3711 diligentia,
3073 3640 3232 3698 facile
3288 3655 3508 3714 peccata
3561 3661 3656 3704 sua

2064 3727 2391 3783 cmendabit.
2421 3725 2703 3784 Confessio
2722 3731 2864 3784 enim
2888 3741 3228 3801 peccatorum
3259 3733 3481 3791 abolitio
3500 3736 3661 3793 etiam

2063 3829 2145 3875 est
2168 3820 2506 3877 delictorum.
2539 3821 2693 3891 Quod
2723 3823 2764 3877 si
2798 3822 3032 3880 Lamech
3069 3824 3156 3880 ille
3193 3824 3306 3880 suis
3352 3828 3663 3884 mulieribus

2063 3910 2239 3967 credes
2266 3929 2294 3966 a
2322 3927 2382 3968 se
2404 3913 2719 3969 commissas
2746 3914 2993 3984 detegere
3019 3924 3073 3970 et
3096 3915 3338 3971 cenfiteri
3370 3932 3475 3972 non
3511 3917 3658 3974 refu-

2060 4003 2155 4072 git,
2180 4002 2324 4073 quali
2351 4005 2550 4059 erimus
2583 4006 2740 4060 venia
2763 4005 2927 4076 digni,
2960 4005 3005 4059 si
3034 4007 3085 4061 ei
3114 4007 3206 4077 qui
3243 4008 3424 4063 omnia
3477 4016 3658 4063 nostra

2061 4105 2309 4150 accurate
2349 4095 2499 4150 novit
2542 4095 2757 4159 delicta,
2809 4097 3053 4152 confiteri
3105 4109 3324 4170 peccata
3377 4101 3661 4157 nolumus?

2062 4184 2201 4241 Num
2242 4187 2365 4257 quia
2419 4186 2644 4257 ignorat,
2701 4186 2911 4243 discere
2940 4188 3094 4244 vult?
3135 4189 3481 4263 Nequaquam
3533 4193 3657 4264 quia

2062 4278 2290 4348 ignorat,
2313 4278 2710 4337 confessionem
2736 4295 2767 4335 a
2789 4279 2946 4336 nobis
2970 4282 3214 4352 requirit,
3242 4285 3334 4353 qui
3358 4284 3538 4340 omnia
3560 4285 3661 4341 scit

2060 4381 2346 4443 antequam
2372 4370 2537 4427 fiant:
2568 4372 2665 4428 sed
2719 4372 2907 4429 volens
2956 4388 3054 4443 per
3106 4373 3503 4431 confessionem
3560 4391 3659 4433 nos

2061 4478 2275 4535 quoque
2303 4472 2649 4536 peccatorum
2677 4464 2877 4521 habere
2894 4480 3134 4533 sensum,
3174 4475 3231 4523 et
3274 4476 3484 4538 gratum
3531 4483 3657 4540 erga

2060 4574 2122 4616 se
2146 4558 2432 4615 ostendere
2460 4560 2720 4615 animum.
2748 4558 2886 4614 Num
2918 4575 3049 4630 opes
3077 4559 3269 4631 aliqua:
3297 4560 3386 4617 hic
3406 4570 3531 4618 sunt
3565 4577 3658 4643 eit-

2060 4649 2389 4722 pendendae?
2406 4666 2529 4706 num
2547 4650 2765 4722 longum
2783 4651 2885 4707 iter
2903 4651 3338 4723 suscipiendum?
3361 4668 3486 4708 num
3504 4652 3659 4707 dolo-

2060 4759 2176 4800 rem
2201 4751 2256 4800 et
2283 4744 2551 4799 cruciatus
2585 4742 2741 4799 affert
2760 4740 2876 4799 haec
2919 4742 3225 4799 medicina?
3266 4743 3485 4816 Absque
3512 4760 3658 4801 sum-

2061 4841 2156 4905 ptu
2182 4841 2237 4888 et
2250 4832 2489 4889 cruciatu
2516 4842 2599 4888 est
2627 4846 2865 4903 przesens
2890 4831 3258 4902 pharmacum,
3290 4843 3343 4889 et
3368 4848 3526 4904 quam
3566 4847 3657 4889 ce-

2060 4923 2283 4981 lerrime
2308 4933 2478 4980 curat.
2509 4923 2725 4980 Etenim
2745 4923 3038 4979 secundum
3059 4923 3309 4980 affectum
3334 4933 3390 4979 et
3417 4924 3656 4980 animum

2061 5016 2388 5083 accedentis,
2419 5017 2498 5073 sic
2524 5024 2581 5072 et
2616 5014 2855 5073 remedia
2884 5016 3163 5071 vulnerum
3207 5014 3430 5088 largitur
3477 5016 3660 5072 Domi-

2060 5123 2180 5163 nus.
2205 5107 2372 5178 Igitur
2391 5108 2482 5177 qui
2511 5106 2623 5162 vult
2666 5106 2844 5162 statim
2886 5106 2952 5162 ad
2988 5106 3270 5162 sanitatem
3306 5106 3508 5174 redire,
3545 5109 3660 5162 ani-

2063 5216 2272 5273 mmque
2296 5215 2484 5256 curare
2513 5200 2714 5267 ulcera,
2747 5200 2925 5256 sobria
2951 5210 3133 5255 mente
3160 5196 3428 5253 medicum
3478 5198 3659 5266 adeat,

2061 5296 2128 5351 ab
2171 5295 2421 5350 omnibus
2469 5293 2814 5350 saecularibus
2835 5294 2980 5349 curis
3018 5308 3079 5348 se
3124 5291 3400 5359 abdicans,
3458 5292 3663 5349 calidas

2062 5386 2329 5460 lacrymas
2355 5385 2668 5457 profundat,
2691 5384 3062 5441 assiduitatem
3109 5383 3393 5455 plurimam
3443 5399 3556 5457 prae
3606 5401 3664 5441 se

2062 5479 2219 5545 ferat,
2252 5479 2413 5534 fidem
2441 5477 2650 5533 firmam
2673 5476 2882 5545 afferat,
2904 5491 2969 5531 ac
2993 5475 3186 5531 medici
3206 5474 3440 5531 confidat
3462 5476 3586 5541 arti,
3610 5489 3664 5531 et

2062 5573 2309 5645 protinus
2338 5572 2621 5628 sanitatem
2652 5577 3038 5641 consequetur.
3064 5568 3254 5624 Vidisti
3279 5568 3475 5624 medici
3504 5568 3661 5625 boni-

2061 5674 2249 5730 tatem,
2280 5664 2347 5720 ad
2384 5678 2543 5735 quam
2566 5663 2612 5718 si
2634 5661 2871 5729 omnium
2894 5671 3105 5733 patrum
3131 5675 3285 5716 amor
3328 5659 3657 5725 conferatur,

2059 5755 2455 5814 obscurabitur.
2485 5753 2621 5809 Num
2642 5768 2807 5824 grave
2827 5752 3029 5825 aliquid
3054 5761 3110 5808 et
3135 5751 3424 5808 molestum
3452 5766 3483 5806 a
3506 5748 3661 5806 nobis

2063 5847 2330 5922 requirit?
2356 5846 2745 5904 Contritionem
2770 5845 2968 5917 cordis,
3007 5844 3474 5924 compunctionem
3500 5854 3659 5898 meno
