4110 6446
551 441 646 499 ιτι
1258 432 1315 488 s.
1356 428 1636 487 JOANNIS
1674 421 2150 486 CHRYSOSTOMI
2190 419 2507 477 AllClllEl‘.
2549 423 3086 484 CONSTANTINOP.

546 554 630 615 tis,
657 548 1049 606 confessionem
1077 545 1277 617 lapsus,
1316 544 1683 600 assiduitatem
1709 542 2013 598 continuam
2039 558 2053 595 :
2077 551 2132 597 et

545 659 650 697 non
693 641 866 698 solum
923 638 1142 710 largitur
1179 637 1457 691 vulnerum
1500 651 1705 700 curam,
1753 641 1860 689 eta
1908 634 2140 703 peccatis

542 734 771 790 mundos
795 732 988 799 reddit,
1016 731 1107 787 sed
1135 738 1189 786 et
1215 744 1361 795 eum,
1391 728 1481 799 qui
1509 738 1663 782 antea
1690 725 1983 781 innumeris
2014 740 2140 795 pec-

539 836 782 882 catorum
828 822 1056 879 sarcinis
1082 820 1418 892 gravabatur,
1441 818 1642 889 justum
1670 817 1850 873 efﬁcit.
1907 815 1953 872 0
1981 819 2143 871 misc-

542 917 790 975 ricordiaa
838 914 1256 987 magnitudinem
1291 913 1305 967 ε
1336 926 1370 967 o
1419 910 1671 966 bonitatis
1722 908 2090 965 excellentiam
2123 910 2137 964 ε

541 1010 641 1080 Qui
671 1008 928 1080 peccavit,
947 1006 1157 1078 quando
1181 1004 1465 1061 confitetur
1490 1010 1728 1073 peccata,
1754 1002 1961 1057 veniam
1985 1001 2136 1074 petit,

538 1105 843 1174 etposthac
872 1102 1209 1158 securitatem
1260 1114 1370 1169 prae
1421 1112 1479 1152 se
1529 1095 1653 1165 fert,
1702 1106 1924 1168 repente
1969 1097 2143 1168 justus

547 1198 786 1254 redditur
817 1199 832 1253 l
863 1198 926 1252 Et
963 1213 1069 1268 quo
1119 1195 1261 1249 clare
1288 1193 1391 1247 hoc
1430 1192 1628 1260 discas,
1652 1192 1774 1246 audi
1826 1190 2139 1261 prophetam

550 1291 814 1349 dicentem
845 1307 861 1344 :
895 1289 990 1344 Dic
1013 1300 1064 1342 tu
1086 1289 1226 1360 prior
1271 1287 1561 1351 iniquitates
1581 1296 1716 1351 tuas,
1762 1296 1816 1340 ut
1845 1287 2143 1358 justiﬁceris

547 1386 567 1455 (
596 1382 829 1439 1εαὶ.45.
853 1382 923 1438 26
949 1383 991 1454 ).
1022 1381 1137 1437 Non
1178 1380 1495 1451 simpliciter
1522 1380 1713 1450 inquit,
1748 1378 1846 1433 Dic
1867 1389 1920 1432 tu
1956 1379 2143 1451 iniqui-

543 1486 669 1532 tates
698 1485 832 1543 tuas,
864 1474 957 1531 sed
978 1474 1190 1545 adjecit,
1222 1472 1379 1528 Prior
1406 1488 1425 1527 :
1455 1471 1556 1528 hoc
1582 1482 1684 1537 est,
1741 1487 1808 1526 ne
1863 1483 2143 1542 exspectes

545 1580 599 1626 to
644 1577 980 1641 arguentem,
1035 1581 1105 1623 ne
1179 1564 1506 1636 przestoleris
1567 1570 1981 1619 accusatorem:
2030 1563 2143 1633 ipse

540 1660 801 1730 prmveni,
832 1669 887 1716 et
914 1674 1044 1730 rape
1066 1657 1333 1715 sermonis
1359 1656 1699 1727 principium,
1732 1666 1790 1711 ut
1815 1655 2141 1711 accusatoris

539 1753 772 1825 linguam
802 1751 1070 1808 occludas.

608 1849 663 1904 4.
690 1848 882 1903 Vidisti
904 1846 1108 1903 Judieis
1130 1844 1547 1917 benignitatem?
1568 1844 1626 1902 lu
1655 1843 1904 1900 humanis
1926 1843 2138 1915 quidem

536 1941 753 2013 iudiciis
803 1942 848 1995 si
879 1941 999 2011 quis
1027 1940 1128 1994 hoc
1170 1939 1400 2005 faceret,
1449 1948 1503 1993 et
1530 1946 1654 1993 ante
1684 1938 1899 1992 allatam
1948 1937 2141 2007 proba-

539 2034 739 2087 tionem
768 2031 1003 2087 faciuora
1024 2031 1394 2097 confiteretur,
1418 2030 1662 2101 quamvis
1681 2030 1821 2100 apud
1850 2028 2140 2084 humanum

541 2123 772 2178 fortasse
794 2123 1030 2194 judicem
1060 2131 1326 2178 tormenta
1356 2131 1409 2178 et
1439 2121 1541 2177 sibi
1574 2120 1927 2177 succedentes
1957 2136 2143 2192 pennas

544 2213 844 2286 effugeret,
888 2215 1439 2271 tamensententiam
1490 2214 1773 2285 capitalem
1826 2214 2045 2267 omnino
2087 2213 2141 2268 in

539 2320 695 2359 suum
736 2316 897 2375 caput
934 2314 1277 2361 accerseret:
1316 2316 1370 2360 at
1400 2304 1763 2361 misericordis
1812 2303 1909 2359 Dei
1940 2312 1993 2359 et
2029 2305 2144 2358 ani-

541 2410 753 2451 marum
786 2406 1090 2451 nostrarum
1121 2396 1309 2452 Medici
1338 2406 1482 2451 tanta
1504 2405 1588 2451 est
1615 2404 1829 2467 tamque
1857 2394 2143 2453 ineffabilis

539 2489 753 2545 bonitas
772 2497 827 2544 et
846 2488 1156 2559 clementia,
1183 2498 1241 2545 ut
1266 2505 1483 2545 omnem
1510 2489 1670 2545 etiam
1703 2505 2011 2545 sermonem
2045 2508 2141 2546 ex-

537 2579 716 2636 cedat.
747 2579 883 2635 Nam
925 2581 969 2636 si
992 2580 1358 2637 adversarium
1394 2590 1637 2637 nostrum
1680 2566 2134 2652 perverterimus,

537 2672 811 2729 diabolum
842 2672 986 2739 dico,
1019 2672 1107 2744 qui
1137 2672 1189 2727 in
1218 2672 1421 2729 dieillo
1450 2673 1520 2729 ob
1547 2672 1735 2729 faciem
1760 2683 1997 2729 nostram
2027 2685 2139 2731 sta-

538 2765 637 2829 bit,
665 2774 721 2821 et
744 2747 854 2836 jam
887 2765 940 2821 in
963 2766 1215 2836 pneseuti
1244 2765 1373 2833 vita,
1396 2776 1681 2837 antequam
1708 2766 1775 2821 ad
1799 2766 2026 2822 tribunal
2056 2769 2139 2823 in-

536 2856 876 2927 grcdiamur,
924 2857 1161 2913 facinora
1209 2858 1442 2914 confessi
1491 2857 1778 2927 fuerimus,
1823 2860 2142 2932 dicendique

534 2948 861 3019 principium
888 2949 1249 3020 rapuerimus,
1282 2960 1527 3005 nostrum
1553 2950 1791 3022 ipsorum
1825 2951 1949 3006 facti
1977 2966 2139 3007 accu-

535 3047 780 3107 satores,
808 3040 862 3095 in
888 3050 1088 3096 tantam
1120 3040 1547 3097 miscricordiam
1580 3042 1987 3112 provocabimus
2027 3043 2136 3099 Do-

534 3133 765 3201 minum,
811 3143 869 3190 ut
910 3149 1016 3189 non
1061 3134 1236 3190 solum
1282 3134 1440 3190 nobis
1474 3149 1831 3193 concessurus
1874 3136 1964 3203 sit,
2010 3143 2069 3190 ut
2107 3151 2138 3191 a

533 3225 766 3297 peccatis
792 3226 1117 3296 liberemur,
1149 3227 1245 3284 sed
1286 3237 1343 3282 tit
1388 3229 1439 3283 in
1463 3228 1731 3299 justorum
1763 3228 2009 3299 catalogo
2037 3228 2137 3283 ad-

533 3317 853 3375 scribamur.
914 3318 1202 3374 Enimvero
1249 3320 1294 3374 si
1351 3318 1584 3375 Lamech
1639 3319 1767 3384 ille,
1826 3319 1915 3390 qui
1964 3334 2138 3390 neque

534 3409 709 3482 legem
742 3410 930 3467 habuit
968 3412 1110 3469 unde
1151 3411 1256 3468 hoc
1293 3412 1503 3468 discere
1549 3421 1761 3483 posset,
1794 3428 1969 3483 neque
2007 3429 2135 3484 pro-

536 3500 729 3572 phetas
758 3504 984 3572 audivit,
1016 3520 1191 3577 neque
1210 3505 1372 3561 aliam
1398 3506 1561 3561 ullam
1589 3504 2036 3575 admonitionem,
2069 3523 2135 3563 ex

527 3591 738 3661 judicio
782 3594 837 3650 in
865 3604 1055 3651 natura
1099 3598 1261 3652 insito
1303 3598 1551 3653 conscius
1594 3611 1783 3653 eorum
1816 3613 1937 3669 quae
1975 3613 2138 3654 ausus

532 3680 729 3751 fuerat,
759 3685 812 3740 in
836 3685 1075 3742 medium
1102 3688 1282 3743 attulit
1310 3703 1373 3743 ea
1400 3704 1519 3758 qua:
1544 3690 1794 3757 patravit,
1823 3697 1879 3745 et
1896 3690 2134 3761 scipsum

531 3773 915 3832 condemnavit
956 3795 971 3832 :
1021 3777 1293 3850 quomodo
1345 3779 1578 3849 aliquam
1624 3778 1990 3836 defensionem
2038 3796 2137 3836 nos

532 3864 738 3925 habere
777 3869 1096 3941 poterimus,
1128 3872 1353 3927 vulnera
1383 3886 1490 3927 non
1534 3872 1679 3926 omni
1705 3871 1984 3944 diligentia
2035 3874 2139 3929 Do-

533 3957 685 4016 mino
708 3954 1059 4018 ostendentes
1077 4005 1093 4030 ,
1126 3978 1313 4019 eorum
1336 3963 1446 4034 jam
1480 3963 1801 4019 medicinam
1824 3965 1892 4020 ab
1918 3980 1984 4021 eo
2011 3980 2134 4021 sus-

530 4052 780 4122 cepturi?
820 4052 877 4109 Id
913 4054 1057 4126 quod
1093 4054 1196 4110 nisi
1242 4072 1385 4112 nunc
1430 4056 1739 4125 fecerimus,
1782 4072 1904 4112 cum
1944 4058 2134 4129 jcjunii

532 4151 745 4214 tempus
761 4154 864 4213 est,
888 4162 1010 4202 cum
1035 4155 1178 4202 tanta
1197 4147 1580 4216 cogitationum
1609 4148 1982 4219 tranquillitas,
2012 4165 2134 4205 cum

530 4235 783 4308 voluptas
817 4238 994 4293 omnis
1040 4240 1250 4293 sublata
1280 4254 1311 4295 e
1357 4240 1541 4295 medio
1571 4257 1585 4297 :
1618 4239 1958 4310 quandonam
2006 4238 2135 4297 faci-

532 4340 665 4381 nora
688 4337 871 4382 nostra
891 4329 1199 4400 expendere
1218 4330 1551 4402 poterimus?
1573 4329 1779 4386 Idcirco
1800 4345 2014 4401 semper
2039 4346 2135 4387 vos

531 4417 784 4484 obsecro,
808 4427 866 4473 ut
891 4420 1059 4475 sobrii
1084 4421 1201 4476 sitis
1229 4431 1284 4476 et
1305 4421 1513 4494 vigiles,
1540 4431 1594 4477 et
1620 4431 1941 4492 praesentem
1969 4425 2132 4479 vitam

532 4521 750 4564 omnem
800 4509 856 4565 iu
892 4509 996 4566 hoc
1044 4511 1352 4581 insumatis,
1392 4521 1450 4568 ut
1491 4513 1804 4568 assiduitate
1854 4515 1943 4570 illa
1994 4515 2137 4571 into-

535 4597 758 4656 lerabile
810 4600 942 4656 illud
996 4603 1317 4673 supplicium
1367 4603 1710 4675 effugiemus,
1766 4614 1819 4661 et
1870 4605 2131 4677 gehennae

536 4693 714 4766 ignem
742 4695 910 4751 vitare
940 4696 1228 4767 possimus.
1252 4696 1481 4753 Maxime
1506 4708 1681 4752 autem
1704 4713 1877 4767 nunc,
1910 4699 2131 4770 majori-

536 4800 643 4857 que
670 4787 847 4843 studio
869 4787 921 4843 id
958 4788 1276 4857 curandum,
1304 4790 1519 4861 quando
1542 4800 1760 4861 promer
1777 4791 1963 4861 jejunii
1991 4802 2128 4846 tem-

532 4892 635 4947 pus
661 4878 929 4935 continuis
972 4879 1373 4951 majoribusque
1398 4880 1637 4936 fruimini
1654 4880 2130 4937 admonitionibus.

531 4966 623 5023 25.
646 4966 891 5041 Cognovit
907 4980 1100 5038 autent,
1128 4970 1320 5042 inquit,
1345 4971 1509 5026 Adam
1534 4970 1697 5025 Evam
1722 4988 1927 5026 uxorem
1948 4988 2092 5025 suam
2110 4988 2131 5027 :

530 5070 581 5115 ct
607 5078 723 5116 cum
749 5064 1084 5133 concepisset,
1119 5063 1313 5135 peperit
1356 5065 1541 5135 ﬁlium,
1567 5075 1614 5118 et
1640 5065 1917 5136 appellavit
1948 5082 2131 5120 nomen

534 5155 682 5210 illius
710 5156 836 5212 Setlt
859 5198 875 5223 ,
905 5157 1078 5213 dicens
1100 5174 1119 5212 :
1151 5156 1406 5213 Excitavit
1455 5159 1590 5213 enim
1630 5158 1755 5211 mihi
1779 5155 1918 5212 Deus
1960 5176 2129 5214 semen

535 5247 678 5302 aliud
704 5265 795 5317 pro
818 5249 965 5319 Abel,
986 5266 1133 5322 quem
1154 5250 1335 5305 occidit
1363 5248 1512 5306 Cain.
1537 5249 1824 5320 Postquam
1855 5251 2128 5322 Scriptura

535 5340 714 5395 ilivina
741 5345 1105 5415 genealogiam
1137 5359 1305 5415 usque
1330 5343 1396 5398 ad
1423 5342 1655 5399 Lamcch
1676 5342 1913 5408 deduxit,
1934 5344 2128 5400 iterant

534 5434 602 5489 ad
624 5433 793 5488 Adam
815 5443 871 5490 ct
885 5453 1104 5493 uxorem
1127 5437 1268 5493 illius
1294 5437 1617 5509 regreditur,
1644 5445 1698 5492 et
1718 5436 1844 5492 dicit
1861 5434 2129 5509 :Cognovit

531 5533 701 5577 autem
727 5523 896 5582 Adam
939 5525 1094 5582 Evam
1119 5545 1327 5583 uxorem
1354 5544 1537 5593 suam;
1563 5538 1609 5582 et
1632 5544 1747 5582 cum
1773 5529 2083 5599 concepisset
2106 5571 2123 5600 ,

530 5615 727 5685 peperit
748 5615 934 5685 ﬁlium.
964 5619 1339 5690 appellauitque
1363 5636 1542 5674 nomen
1571 5620 1710 5674 illius
1730 5618 1879 5685 Setlt,
1903 5620 2076 5674 dicens
2106 5635 2129 5677 ε

530 5701 789 5762 Excitavit
814 5709 945 5762 enim
975 5709 1101 5762 mihi
1130 5708 1266 5765 Deus
1293 5728 1461 5766 semen
1488 5711 1635 5766 aliud
1665 5727 1758 5781 pro
1788 5710 1946 5775 Abel,
1978 5727 2125 5781 quem

529 5798 713 5854 occidit
741 5798 890 5855 Cain.
920 5798 1163 5871 Peperit,
1197 5804 1400 5875 inquit,
1434 5804 1597 5874 ﬁlium
1641 5804 2012 5877 appellavitque
2036 5821 2128 5861 no-

527 5900 645 5946 men
693 5890 836 5948 illius
872 5890 1043 5959 Setlt;
1091 5907 1193 5949 nec
1237 5903 1486 5952 contenta
1539 5904 1711 5952 mater
1761 5894 1904 5966 quod
1954 5896 2125 5969 impo-

3734 435 3851 496 579.

2246 538 2442 593 suisset
2466 538 2541 593 illi
2571 555 2787 604 nomen,
2815 541 2945 597 dicit
2971 561 2983 596 :
3012 541 3263 599 Excitavit
3285 546 3417 601 enim
3448 550 3572 604 mihi
3604 551 3738 610 Dens
3757 580 3843 617 δε-

2246 648 2359 685 mea
2387 631 2530 686 aliud
2560 650 2654 704 pro
2681 633 2825 700 Abel,
2858 652 3004 706 quem
3034 637 3217 691 occidit
3246 638 3393 694 Cain.
3431 641 3561 699 Vide
3590 643 3676 700 hic
3704 663 3845 717 quo-

2247 722 2409 778 modo
2432 735 2485 779 ct
2511 735 2681 780 mater
2704 742 2800 797 per
2820 728 3229 798 appellationem
3257 733 3367 787 nati
3399 734 3493 789 filii
3524 740 3845 796 memoriam

2245 815 2455 870 scelesti
2497 815 2656 887 hujus
2702 819 2883 889 operis
2924 822 3231 878 continuam
3278 828 3550 884 mentibus
3595 847 3846 899 renovat,

2245 913 2407 974 atque
2452 918 2508 961 ιιι
2560 908 2721 963 etiam
2766 912 2968 981 posteri
3018 914 3237 980 scirent,
3286 918 3413 987 quid
3461 919 3593 976 Cain
3631 937 3849 993 patrare

2246 1013 2409 1053 ausus
2436 998 2641 1069 fuisset,
2671 1001 2834 1072 dicit,
2869 1002 2978 1060 Pro
3000 1005 3142 1075 Abel,
3175 1026 3320 1079 quem
3342 1014 3525 1067 occidi!
3551 1014 3700 1073 Cain.
3732 1019 3845 1075 Do-

2246 1090 2408 1146 lentis
2434 1092 2626 1148 animze
2655 1095 2817 1150 verba
2844 1104 2970 1151 sunt
2996 1108 3050 1153 et
3088 1100 3317 1157 turbata:
3352 1103 3423 1161 ob
3450 1105 3703 1165 facinoris
3732 1126 3849 1167 tne-

2245 1183 2494 1253 moriam,
2516 1186 2823 1257 gratiasque
2848 1189 3054 1258 agentis
3080 1206 3178 1261 pro
3203 1203 3329 1248 nato
3359 1211 3547 1266 puero,
3578 1198 3849 1273 hujusque

2248 1276 2464 1331 nomine
2509 1276 2649 1333 illius
2674 1279 2897 1336 alterius
2940 1283 3117 1338 scelus
3159 1286 3311 1356 quasi
3354 1288 3407 1343 iit
3451 1290 3610 1363 cippo
3653 1295 3850 1352 inscri-

2247 1363 2444 1422 bentis.
2468 1368 2599 1423 Nam
2630 1386 2754 1425 vere
2785 1372 2985 1427 luctum
3026 1391 3132 1430 non
3164 1378 3490 1436 mediocrem
3535 1388 3850 1454 parentibus

2248 1457 2530 1526 attulerat,
2559 1461 2648 1530 qui
2675 1461 2918 1518 dextram
2946 1480 3100 1520 suam
3129 1468 3384 1527 adversus
3418 1471 3637 1531 fratrem
3667 1494 3852 1535 arma-

2249 1558 2425 1617 verat,
2451 1560 2505 1606 et
2527 1560 2634 1607 tam
2656 1568 2838 1609 carum
2862 1555 3009 1611 illum
3037 1567 3092 1613 et
3110 1560 3394 1618 amabilem
3414 1565 3520 1620 illis
3535 1569 3849 1627 ostenderat

2248 1641 2396 1698 humi
2431 1644 2722 1715 jacentcm,
2754 1661 3041 1717 mortuum,
3086 1660 3141 1707 et
3162 1668 3324 1710 sensu
3369 1669 3667 1718 carentem.
3708 1662 3846 1719 Nam

2249 1734 2378 1790 licet
2402 1738 2723 1792 sententiam
2755 1740 3053 1811 accepisset
3080 1743 3276 1816 Adam,
3303 1745 3465 1803 Terra
3490 1768 3563 1818 es,
3590 1766 3636 1807 et
3658 1756 3709 1808 in
3741 1766 3848 1811 ter-

2246 1843 2358 1881 ram
2399 1828 2559 1884 abibis
2588 1845 2609 1885 :
2651 1840 2745 1898 et,
2798 1832 3129 1905 Quocumque
3174 1837 3258 1892 die
3283 1845 3635 1912 comederitis,
3685 1862 3852 1907 marte

2248 1920 2532 1975 moriemini
2553 1921 2705 1993 (Gen.
2729 1925 2780 1979 5.
2812 1924 2902 1981 l9.
2946 1936 2993 1981 et
3022 1926 3076 1982 2.
3125 1928 3216 2003 17)
3247 1947 3260 1984 :
3297 1936 3619 1992 sententiam
3665 1950 3847 1999 tamen

2248 2013 2299 2067 in
2328 2014 2504 2071 verbis
2528 2016 2787 2074 hactenus
2811 2022 3223 2091 cognoscebant,
3252 2033 3305 2079 ct
3326 2029 3560 2084 nondum
3585 2048 3850 2091 noverant

2247 2106 2420 2176 qualis
2460 2117 2605 2163 esset
2634 2111 2822 2165 mortis
2848 2113 2985 2167 ratio
3013 2130 3027 2167 :
3061 2114 3155 2169 scd
3198 2114 3287 2173 hic
3329 2119 3535 2188 primus
3564 2123 3633 2178 ob
3663 2124 3847 2181 odium

2248 2198 2300 2252 in
2328 2196 2576 2267 fratrem,
2606 2211 2662 2257 et
2689 2202 2912 2259 livorem
2943 2205 3032 2275 qui
3070 2206 3392 2265 intrinsecus
3419 2212 3571 2269 illum
3599 2217 3846 2285 rodebat,

2248 2289 2301 2345 in
2350 2289 2700 2347 fratricidium
2747 2295 2873 2362 ruit,
2914 2312 3080 2367 grave
3124 2302 3434 2369 parentibus
3477 2310 3847 2376 spectaculum

2247 2382 2531 2440 exhibens.
2555 2384 2786 2442 Proinde
2815 2398 3007 2455 mater,
3032 2407 3151 2461 qua:
3170 2395 3443 2465 paululum
3475 2410 3634 2469 caput
3650 2405 3842 2471 erexit,

2245 2481 2301 2529 et
2329 2473 2414 2529 vix
2454 2476 2669 2531 tandem
2712 2478 2998 2550 aliquando
3032 2483 3163 2539 tanti
3202 2485 3377 2542 luctus
3420 2491 3846 2550 consolationem

2245 2566 2471 2632 invenit,
2515 2569 2716 2639 gratias
2744 2571 2854 2642 agit
2897 2572 3123 2629 Domino
3160 2576 3231 2631 ob
3274 2588 3456 2635 natum
3501 2593 3760 2652 pu‘erunt,
3793 2596 3849 2642 et

2245 2656 2537 2715 fratricida:
2577 2662 2755 2718 scelus
2789 2662 3044 2733 infamat,
3077 2666 3179 2722 hac
3220 2671 3451 2726 maxima
3486 2673 3635 2730 illum
3686 2692 3846 2746 paena

2244 2746 2487 2805 afficiens
2511 2792 2526 2819 ,
2551 2759 2610 2807 ut
2637 2752 2834 2809 factum
2875 2754 3019 2811 illius
3063 2768 3337 2829 perpetuac
3375 2767 3847 2825 commendaretur

2245 2855 2542 2898 memoriae.

2320 2932 2594 2992 Peccatum
2639 2938 2965 3010 opprobrium
3016 2942 3195 3005 inurit.
3220 2975 3297 2987 —
3327 2946 3547 3005 Vidistis
3585 2961 3843 3021 quantum

2243 3025 2443 3081 malum
2481 3027 2551 3083 sit
2579 3033 2897 3099 peccatum?
2926 3041 2982 3089 et
3009 3037 3280 3105 quomodo
3316 3043 3662 3111 peccantibus
3687 3046 3843 3116 igno-

2244 3118 2463 3174 miniam
2485 3129 2539 3176 et
2559 3123 2904 3192 opprobrium
2944 3127 3160 3183 inurat?
3182 3130 3390 3187 vidistis
3423 3137 3695 3205 quomodo
3717 3154 3843 3208 pro-

2242 3220 2365 3279 pter
2401 3209 2505 3267 hoc
2532 3212 2711 3270 divina
2755 3219 2924 3287 gratia
2955 3220 3234 3291 spoliatus,
3261 3234 3317 3280 et
3342 3227 3590 3284 omnibus
3610 3231 3664 3285 in
3699 3232 3844 3287 ludi-

2242 3301 2417 3358 brium
2471 3304 2642 3362 factus
2698 3296 3062 3367 sitividistis
3112 3316 3385 3385 quomodo
3432 3328 3488 3374 et
3531 3324 3844 3391 parentibus

2242 3405 2431 3450 natura
2452 3396 2520 3452 ad
2541 3399 2799 3456 amandos
2824 3400 2961 3458 filios
2983 3408 3282 3475 propensis,
3312 3421 3528 3481 propter
3548 3416 3841 3484 pessimum

2242 3483 2347 3541 hoc
2372 3483 2581 3543 facinus
2606 3490 2981 3550 abontinabilis
3011 3496 3207 3552 fuerit?
3240 3498 3401 3570 Igitur
3433 3483 3718 3573 fugiamus,
3744 3509 3837 3564 ob.

2245 3593 2444 3648 secro,
2481 3594 2758 3651 peccatum
2792 3588 2964 3656 quod
3011 3591 3172 3646 tantis
3228 3608 3327 3649 nos
3375 3596 3531 3652 malis
3576 3598 3836 3665 involvit,

2241 3680 2296 3727 et
2335 3674 2591 3729 virtutem
2634 3677 2991 3748 arripiamus,
3025 3691 3084 3736 ut
3119 3692 3174 3738 et
3212 3700 3500 3755 supernam
3544 3690 3700 3745 nobis
3746 3692 3842 3748 be-

2240 3765 2596 3820 nevolentiam
2640 3769 3012 3839 conciliemus,
3049 3783 3104 3829 et
3142 3777 3463 3847 supplicium
3502 3779 3838 3852 clfugiamus.

2239 3852 2331 3908 εδ.
2364 3852 2433 3909 Et
2469 3854 2618 3925 Setlt,
2647 3857 2841 3931 inquit,
2872 3874 3023 3918 natus
3047 3875 3119 3920 est
3147 3866 3323 3936 ﬁlius;
3351 3872 3627 3941 appellavit
3664 3886 3834 3928 autem

2239 3961 2422 4001 nomen
2450 3947 2592 4005 illius
2622 3949 2764 4006 Enos
2788 3968 2806 4006 :
2830 3954 2913 4009 ltic
2932 3958 3149 4027 speravit
3171 3958 3405 4016 invocare
3429 3980 3607 4018 nomen
3630 3962 3840 4020 Domini

2239 4036 2360 4094 Dei.
2386 4040 2519 4098 Vide
2550 4042 2637 4100 hic
2668 4048 2939 4115 quomodo
2967 4061 3151 4120 postea
3192 4054 3447 4123 paulatim
3492 4057 3839 4114 instituantur

2242 4132 2510 4204 homines,
2543 4146 2603 4192 ut
2643 4139 2699 4194 in
2736 4142 3187 4212 appellationibus
3223 4148 3453 4204 filiorum
3490 4153 3626 4221 grati
3668 4155 3834 4209 animi

2239 4224 2497 4282 indicium
2529 4242 2815 4299 reponant.
2850 4234 2945 4289 Hic
2972 4251 3205 4307 quoque,
3240 4238 3430 4309 inquit,
3467 4258 3657 4312 nempe
3681 4243 3832 4312 Seth,

2237 4316 2307 4372 ab
2332 4332 2390 4373 se
2414 4320 2655 4389 genitum
2683 4321 2849 4377 filittm
2879 4328 3088 4381 vocavit
3118 4326 3280 4384 Enos.
3326 4331 3525 4386 Deinde
3560 4333 3835 4405 Scriptura

2237 4409 2425 4464 volens
2454 4409 2611 4466 nobis
2638 4414 2871 4469 nominis
2892 4418 3307 4487 appellationem
3340 4421 3717 4492 interpretari,
3752 4427 3833 4480 in-

2236 4500 2390 4571 quit:
2417 4499 2518 4556 Hic
2539 4505 2760 4574 speravit
2788 4506 3022 4562 invocare
3047 4526 3226 4564 nomen
3250 4510 3454 4566 Domini
3478 4512 3592 4568 Dei.
3621 4516 3698 4569 Ex
3730 4515 3836 4572 hoc

2237 4595 2379 4650 enim
2402 4595 2626 4666 posthac
2641 4598 2828 4653 beatus
2853 4601 3109 4671 propheta
3131 4606 3498 4677 genealogiam
3524 4608 3835 4678 incepturus

2236 4697 2340 4753 est,
2371 4689 2570 4759 rejecta
2612 4694 2870 4748 memoria
2913 4694 3066 4766 Cain,
3107 4707 3163 4752 et
3205 4714 3391 4753 eorum
3436 4701 3526 4771 qui
3567 4717 3740 4773 usque
3766 4705 3832 4759 ad

2237 4779 2471 4836 Lamcch
2496 4781 2563 4837 ab
2590 4797 2655 4838 eo
2683 4783 3095 4842 descenderunt.
3118 4788 3251 4844 Nam
3278 4792 3398 4862 quia
3424 4794 3708 4861 primatum
3735 4811 3832 4849 na-

2236 4881 2355 4929 tura
2384 4874 2488 4930 sibi
2514 4876 2697 4932 datum
2717 4920 2733 4945 ,
2765 4880 3201 4951 primogenitum
3226 4883 3558 4955 dignitatem,
3591 4886 3832 4956 inquam,

2237 4983 2350 5023 sua:
2370 4970 2660 5025 voluntatis
2685 4972 2885 5028 malitia
2913 4974 3316 5043 dcbouestarat,
3338 4987 3394 5033 et
3413 4977 3546 5048 ipse,
3575 4991 3628 5033 ct
3647 4980 3738 5050 qui
3761 4997 3831 5035 ex

2236 5074 2306 5114 co
2352 5061 2486 5128 nati,
2531 5062 2776 5133 catalogo
2819 5064 3107 5132 ejicittntur
3145 5084 3159 5120 :
3193 5067 3325 5122 Scth
3370 5085 3499 5124 vero
3547 5069 3689 5141 quod
3732 5071 3831 5125 sibi

2237 5158 2427 5207 natura
2458 5164 2708 5224 negatum
2738 5164 2874 5222 erat,
2903 5156 2955 5211 id
2981 5173 3045 5212 ex
3075 5159 3245 5227 probo
3275 5161 3398 5215 vita:
3429 5162 3671 5217 instituto
3696 5178 3831 5218 coa-

2235 5245 2498 5315 scquitur,
2522 5261 2715 5317 nempe
2743 5246 2795 5302 in
2816 5262 2877 5302 se
2901 5250 3213 5305 translatum
3243 5252 3679 5324 primogenitum
3700 5255 3828 5324 jus:

2236 5348 2290 5393 ct
2317 5340 2563 5410 quamvis
2589 5356 2696 5396 non
2735 5349 2946 5408 natura,
2975 5354 3212 5400 attamen
3241 5346 3312 5402 ob
3342 5347 3632 5403 voluntatis
3653 5350 3829 5406 inter:~

2237 5430 2461 5498 tionem,
2493 5433 2655 5488 etiam
2687 5435 2776 5503 qui
2803 5451 2869 5490 ex
2899 5452 2965 5490 eo
2992 5436 3100 5491 nali
3124 5448 3280 5505 sunt,
3311 5441 3366 5494 in
3390 5442 3719 5513 genealogiis
3741 5459 3831 5499 re-

2235 5532 2543 5579 censentur.
2574 5525 2640 5580 Et
2665 5526 2804 5581 sicut
2831 5526 2919 5582 hic
2944 5528 3088 5584 Enos
3113 5540 3335 5586 vocatus
3356 5541 3459 5599 est,
3483 5548 3550 5588 co
3573 5533 3713 5604 quod
3746 5535 3830 5588 in-

2235 5616 2446 5670 vocavit
2470 5630 2670 5672 nomen
2695 5617 2905 5672 Domini
2935 5619 3028 5675 Dei
3059 5637 3073 5673 :
3104 5619 3183 5675 sic
3209 5629 3265 5677 et
3284 5623 3374 5693 qui
3402 5638 3467 5678 ex
3489 5637 3555 5677 eo
3578 5622 3829 5693 deinceps

2234 5707 2437 5763 ducunt
2466 5709 2757 5780 originem,
2788 5711 3033 5766 eamdem
3067 5717 3367 5769 sortiuntur
3391 5715 3826 5785 appellationem.

2233 5799 2526 5870 Propterea
2562 5799 2747 5857 beatus
2802 5801 2889 5858 hic
2937 5803 3195 5874 propheta
3240 5805 3505 5860 narrando
3559 5804 3662 5863 hoc
3710 5806 3823 5864 loco

2236 5896 2554 5965 subsistens,
2586 5892 2729 5950 aliud
2762 5894 2953 5951 iterum
2976 5896 3299 5969 principium
3328 5894 3556 5953 orditur.
