4110 6416
357 414 463 474 171

358 533 458 585 ’καὶ
484 531 548 585 οὐ
579 532 739 605 μόνον
772 535 881 589 τῶν
913 536 1245 608 ’τραυμάτων
1274 538 1373 609 τὴν
1405 539 1696 611 θεραπείαν
1737 546 2041 616 χαρίζεται,

358 619 459 671 καὶ
478 619 586 673 τῶν
609 622 1011 692 ἡμαρτημένων
1027 623 1299 695 καθαροὺς
1317 626 1712 693 ἀποδείκνυσιν,
1732 630 1882 702 [176]
1905 633 2037 691 ἀλλὰ

358 705 459 757 καὶ
483 705 576 760 τὸν
598 707 705 779 πρὸ
727 708 919 762 τούτου
946 711 1161 781 μυρίοις
1188 710 1546 783 βαρυνόμενον
1577 718 1818 787 φορτίοις
1850 721 2035 790 ἀμαρ-

353 791 620 861 τημάτων
634 792 841 848 δίκαιον
865 795 1327 867 ἀπεργάζεται.Ὢ
1347 800 1756 871 φιλανθρωπίας
1784 805 2033 874 μέγεθος·

354 875 409 927 ὣ
429 876 761 948 ἀγαθότητος
787 880 1078 954 ὑπερϐολή.
1109 884 1213 937 Τὸν
1243 878 1623 958 ἡμαρτηκότα,
1656 890 1874 944 ἐπειδὰν
1903 894 2033 963 ὁμο-

355 962 569 1037 λογήσῃ
613 964 685 1052 τά
732 967 1094 1040 ἡμαρτημένα
1146 972 1474 1046 συγγνώμην
1519 976 1769 1047 αἰτήσας,
1803 980 1896 1033 καλ⁵
1932 981 2032 1052 τὴν

354 1050 443 1112 εἰς
485 1049 548 1102 τὸ
593 1050 722 1120 ἑξῆς
764 1053 1059 1122 ἀσφάλειαν
1105 1058 1436 1131 ἐπιδείξηται
1483 1074 1532 1124 α,
1582 1063 1777 1134 ἁθρόον
1826 1049 2033 1121 δίκαιον

353 1136 671 1225 ἀποφαίνει.
700 1141 810 1194 Καὶ
835 1141 922 1196 ἵνα
954 1143 1130 1216 μάθῃς
1154 1145 1313 1200 τοῦτο
1346 1150 1550 1218 σαφῶς,
1580 1150 1743 1205 ἄκουε
1767 1152 1863 1207 τοῦ
1898 1171 2035 1225 upr-

353 1223 533 1291 φὴτου
588 1224 865 1294 λέγοντοςο
902 1228 1052 1299 Λέγε
1092 1232 1173 1285 σὺ
1215 1233 1321 1299 τὰς
1358 1235 1612 1304 ἀνομίας
1636 1255 1752 1292 σου
1780 1223 2028 1308 πρῶτος.

353 1309 460 1364 ἵνα
495 1311 833 1383 δικαιωθῇς.
871 1317 981 1387 Οὐχ
1030 1318 1216 1383 ἁπλῶς
1264 1316 1405 1386 εἷπε,
1446 1322 1596 1394 Λέγε
1632 1325 1715 1378 σὺ
1751 1326 1859 1393 τὰς
1890 1328 2032 1382 ἀνο-

345 1397 499 1466 μίας
549 1415 687 1467 σου,
734 1402 870 1457 ἀλλά
919 1406 1257 1478 προσέθηκε,
1314 1410 1584 1478 Πρῶτος,
1634 1414 1900 1477 τουτέστι,
1952 1416 2027 1487 μὴ

351 1485 653 1559 ἀναμείνῃς
678 1489 770 1542 τὸν
795 1491 1104 1563 ἐλέγχοντα,
1139 1496 1274 1566 μηδὲ
1321 1498 1510 1571 ἑκδέξῃ
1550 1501 1640 1555 τὸν
1682 1485 2026 1574 κατήγορονλ

351 1572 518 1638 αῦτδς
561 1576 848 1647 προλαϐὼν
900 1578 1147 1648 ἅρπασον
1181 1582 1281 1654 τὴν
1315 1587 1706 1656 πρωτολογίαν,
1748 1572 1837 1643 ἵνα
1886 1591 2025 1643 ἀπο-

352 1658 577 1734 κλείσῃς
606 1662 700 1715 τοῦ
735 1665 1039 1735 κατηγόρου
1068 1667 1168 1739 τὴν
1194 1669 1458 1736 γλῶτταν.

424 1748 487 1801 δ’.
522 1743 670 1813 Εἶδες
689 1749 945 1806 δικαστοῦ
1005 1753 1451 1826 φιλανθρωπίανς
1499 1757 1619 1813 Ἐπὶ
1645 1761 1742 1830 μὲν
1770 1761 1877 1832 γὰρ
1916 1760 2025 1816 τῶν

347 1832 655 1903 ἀνθρώπων
682 1836 1073 1910 δικαστηρίων.
1104 1842 1234 1897 ὅταν
1268 1861 1351 1907 τις
1392 1845 1550 1899 τοῦτο
1587 1848 1809 1917 ποιῆσαι
1856 1866 2024 1902 κατα-

345 1917 589 1991 δέξηται,
636 1923 736 1975 καὶ
785 1926 911 1988 τοὺς
948 1926 1204 1998 ἐλέγχους
1253 1930 1540 2000 προλαϐὼν
1593 1934 1902 2008 ὁμολογήσῃ
1956 1938 2024 1990 τά

346 2008 708 2079 εἰργασμένα,
731 2011 829 2075 τάς
866 2012 965 2083 μὲν
996 2013 1260 2084 βασάνους
1290 2018 1383 2072 καὶ
1429 2019 1535 2083 τὰς
1568 2021 1902 2093 ἐπαλλήλους
1936 2042 2020 2077 τι-

350 2093 567 2165 μωρίας
596 2096 727 2160 ἴσως
760 2098 1041 2168 διαφυγεῖν
1076 2100 1381 2172 δυνήσεται,
1411 2106 1503 2158 καὶ
1538 2107 1710 2162 ταῦτα
1738 2112 1786 2163 εἰ
1814 2111 2018 2183 ἡμέρου

345 2180 494 2244 τινος
524 2183 751 2255 ἐπιτύχῃ
780 2184 1053 2252 δικαστοῦ,
1081 2188 1180 2259 τὴν
1220 2190 1404 2261 μέντοι
1449 2193 1722 2262 ἀπόφασιν
1749 2180 1861 2269 τὴν
1885 2180 2021 2270 πρὸς

345 2269 577 2325 θάνατον
608 2272 926 2341 ἀπάγουσαν
964 2273 994 2315 ι)
1036 2277 1253 2342 πάντως
1278 2278 1487 2349 δέχεται
1506 2298 1521 2312 ο
1561 2283 1654 2335 ἐπὶ
1696 2283 1754 2336 δὲ
1786 2284 1879 2338 τοῦ
1908 2269 2020 2356 φιλ-

341 2357 630 2428 ανθρώπου
673 2360 806 2414 Θεοῦ
855 2362 950 2415 καὶ
983 2362 1078 2416 τοῦ
1126 2365 1307 2437 ἰατροῦ
1361 2367 1469 2421 τῶν
1508 2370 1789 2442 ἡμετέρων
1830 2373 2017 2444 ψυχῶν

341 2445 554 2513 ἀφατος
590 2448 623 2518 ἡ
656 2448 944 2520 ἀγαθότης,
991 2452 1085 2504 καὶ
1133 2452 1308 2506 πάντα
1363 2453 1519 2523 λόγον
1555 2457 2014 2532 ὐπερϐαίνουσαὴ

342 2530 644 2603 φιλοτιμία.
679 2535 804 2588 Ἐάν
831 2538 939 2608 γὰρ
969 2537 1331 2608 προλαϐόντες
1358 2541 1445 2595 τὸν
1472 2543 1739 2598 ἀντίδικον
1769 2545 1859 2600 τὸν
1881 2550 1912 2617 ἡ
1920 2530 2018 2618 μέξ

340 2632 520 2689 τερον,
551 2620 642 2674 τὸν
670 2621 916 2675 διάϐολον
953 2622 1115 2693 λέγω,
1138 2626 1228 2679 τὸν
1262 2629 1319 2681 ἐν
1361 2629 1539 2702 ἐκείνῃ
1565 2634 1634 2701 τῇ
1658 2633 1843 2706 ἡμέρᾳ
1875 2637 2014 2691 κατά

341 2705 634 2775 πρόσωπον
660 2708 815 2779 ἡμῶν
844 2709 1149 2781 ἱστάμενον,
1177 2713 1272 2768 καὶ
1313 2715 1414 2787 ήδη
1446 2718 1502 2771 ἐν
1528 2718 1606 2789 τῷ
1639 2705 1863 2793 παρόντι
1891 2722 2011 2794 βίῳ,

340 2791 451 2861 πρὸ
481 2793 582 2864 τῆς
618 2797 698 2858 είς
734 2796 795 2849 τὸ
837 2796 1183 2871 δικαστήριον
1225 2802 1451 2868 εἰσόδου,
1494 2791 1914 2881 ὁμολογήσωμεν
1944 2791 2012 2866 τά

339 2882 741 2966 πεπραγμένα,
783 2884 877 2938 καὶ
934 2884 1033 2957 τὴν
1079 2888 1449 2958 πρωτολογίαν
1503 2893 1872 2966 άρπάσωμεν,
1918 2898 2012 2952 καὶ

337 2961 497 3016 αὐτοὶ
534 2965 744 3019 ἑαυτῶν
783 2969 1076 3040 κατήγοροι
1126 2971 1431 3042 γενώμεθα,
1480 2961 1561 3040 εἰς
1606 2961 1868 3052 τοσαύτην
1893 2982 2013 3051 φιλ-

337 3049 654 3122 ανθρωπίαν
697 3054 1102 3127 ἑκκαλεσόμεθα
1143 3059 1235 3112 τὸν
1288 3062 1582 3135 Δεσπότην,
1615 3065 1690 3130 ὡς
1742 3049 2009 3139 μὴμόνον

335 3138 441 3211 τὴν
483 3140 793 3213 ἐλευθερίαν
847 3144 956 3199 τῶν
1003 3147 1407 3219 ἡμαρτημένων
1446 3155 1580 3222 ἡμῖν
1625 3138 2006 3228 δωρήσασθαι,

336 3225 476 3281 ἀλλά
525 3229 618 3282 καὶ
651 3231 731 3294 εἰς
764 3231 857 3284 τὸν
900 3233 1006 3287 τῶν
1032 3234 1253 3289 δικαίων
1280 3239 1575 3308 κατάλογον
1610 3225 1769 3312 ἡμεῖς⁷
1789 3225 2012 3316 καταριὲ

338 3312 568 3403 θμῆσαι.
616 3317 677 3370 Εἰ
708 3318 815 3390 γὰρ
851 3320 880 3373 ὁ
918 3320 1110 3392 Λάμεχ
1139 3317 1313 3389 οὗτος,
1369 3329 1504 3398 μήτε
1533 3329 1696 3399 νόμου
1724 3312 2006 3403 δεδομένου

333 3400 434 3453 τοῦ
479 3402 751 3457 διδάσκειν
797 3405 1098 3478 δυναμένου
1121 3444 1141 3470 τ
1205 3412 1339 3482 μήτε
1391 3415 1683 3486 προφητῶν
1732 3400 2003 3486 ἀκούσας,

336 3489 475 3558 μήτε
500 3490 691 3562 ἑτέρας
722 3492 866 3556 τινὸς
893 3496 1285 3564 παραινέσεως,
1309 3499 1417 3552 ἀπὸ
1463 3502 1553 3555 τοῦ
1598 3505 1916 3576 ἐγκειμένου
1937 3511 2002 3580 τῇ

334 3574 496 3643 φύσει
525 3579 807 3651 κριτηρίου
834 3581 1086 3646 συνειδὼς
1122 3584 1264 3656 άπερ
1296 3587 1582 3660 ἐτόλμησε,
1616 3594 1708 3646 καὶ
1735 3574 1813 3658 εἰς
1841 3574 2005 3664 μέσον

331 3662 512 3733 ἤγαγε
546 3664 615 3718 τὰ
650 3666 1004 3737 εἰργασμένα,
1043 3670 1137 3723 καὶ
1174 3672 1368 3726 ἑαυτοῦ
1410 3662 1853 3749 κατεξηφίσατοί
1888 3682 2005 3747 πῶς

333 3751 497 3821 ἡμεῖς
524 3751 861 3824 δυνησόμεθα
886 3755 1179 3826 ἀπολογίας
1223 3761 1367 3825 τινὸς
1401 3767 1582 3833 τυχεῖν
1611 3766 1686 3838 μὴ
1733 3769 1880 3823 κατά
1902 3771 2004 3824 πά-

334 3854 438 3910 σης
470 3840 704 3910 σπουδῆς
757 3840 828 3895 τὰ
869 3844 1111 3915 ἡμέτερα
1159 3847 1448 3918 τραύματα
1487 3852 1882 3919 ἐπιδεικνύντες
1926 3857 2004 3928 τῷ

333 3925 599 3999 Δεσπότῃ,
636 3930 729 3980 καὶ
763 3931 893 3999 παρ’
926 3930 1088 3984 αὑτοῦ
1135 3933 1233 4004 τὴν
1281 3936 1483 3991 τούτων
1519 3940 1759 4010 ἰατρείαν
1789 3925 2007 4014 δεχόμεο

331 4027 449 4079 νοι;
477 4012 657 4083 Ὅπερ
686 4015 733 4068 εἰ
765 4015 839 4086 μὴ
867 4015 962 4070 νῦν
992 4018 1339 4089 ποιήσαιμεν,
1375 4023 1463 4075 ὅτε
1508 4027 1762 4096 νηστείας
1793 4012 2001 4100 καιρος,

328 4097 424 4151 ὅτε
448 4100 681 4170 τοσαύτη
721 4100 827 4153 τῶν
871 4101 1143 4174 λογισμῶν
1174 4106 1206 4176 ἡ
1239 4108 1469 4180 γαλήνη,
1505 4110 1593 4164 ὅτε
1633 4114 1781 4166 πᾶσα
1823 4097 2001 4187 τρυφὴ

330 4184 615 4238 ἐκποδώνο
675 4187 804 4241 πότε
868 4188 1206 4261 δυνησόμεθα
1262 4195 1342 4258 εἰς
1395 4195 1601 4252 ἔννοιαν
1664 4184 2002 4256 ἐλθεῖνίτῶν

328 4271 464 4342 ἡμῖν
502 4276 943 4345 πεπραγμένων;
990 4278 1082 4332 Διὸ
1131 4283 1433 4352 παρακαλῶ
1490 4286 1717 4340 πάντοτε
1771 4290 1868 4358 μὲν
1906 4297 2001 4361 νήο

327 4374 455 4427 (pva
506 4360 602 4413 καὶ
650 4363 1027 4433 ἐγρηγορέναι,
1066 4368 1159 4419 καὶ
1205 4369 1307 4441 τὴν
1353 4372 1631 4441 παροῦσαν
1676 4373 1819 4447 ζωὴν
1863 4360 2003 4432 ἀπα-

329 4460 432 4497 σαν
453 4447 531 4508 εἰς
558 4446 715 4500 τοῦτο
740 4449 1144 4523 καταδαπανᾷν,
1170 4454 1257 4509 ἴνα
1276 4459 1340 4526 τῇ
1366 4458 1660 4530 προσεδρίᾳ
1685 4446 2001 4535 δυνηθῶμεν

324 4530 430 4604 τὴν
451 4534 721 4605 ἀφόρητον
762 4536 975 4610 ἐκείνην
1022 4542 1241 4596 κόλασιν
1273 4543 1570 4614 διαφυγεῖν,
1601 4551 1696 4603 καὶ
1710 4530 1875 4616 ,ἐκτὸς
1904 4530 2004 4621 γε·

323 4618 515 4710 νέσθαι
560 4621 657 4675 τοῦ
689 4624 787 4694 τῆς
832 4625 1056 4699 γεέννης
1099 4630 1288 4701 πυρός.
1328 4634 1576 4688 Μάλιστα
1619 4636 1676 4689 δὲ
1722 4638 1818 4691 νῦν
1864 4618 2002 4710 μετά

324 4702 570 4771 πλείονος
601 4707 703 4778 τῆς
739 4710 975 4781 σπουδῆς
1006 4713 1162 4767 τοῦτο
1197 4715 1277 4769 δεῖ
1305 4721 1495 4780 ποιεῖν,
1529 4721 1616 4774 ὅτε
1644 4721 1731 4776 διὰ
1774 4702 1877 4778 τὸν.
1905 4728 2001 4797 τῆς

322 4792 580 4861 νηστείας
617 4796 806 4868 καιρὸν
853 4800 945 4852 καὶ
987 4800 1231 4866 πλείονος
1275 4803 1368 4856 καὶ
1410 4808 1662 4878 συνεχοῦς
1700 4792 1999 4865 ἀπολαύετε

320 4879 431 4949 τῆς
461 4879 1023 4956 διδασκαλίας.Ἕτνω
1040 4887 1127 4952 δὲ,
1163 4891 1346 4960 φησὶν,
1365 4892 1536 4962 Ἀδὰμ
1568 4896 1612 4946 Ε
1616 4895 1733 4949 ῦαν
1760 4896 1875 4965 τὴν
1894 4918 1997 4968 rv-

319 4966 508 5020 ναῖκα
526 4970 736 5037 αὐτοῦ,
766 4971 864 5026 καί
890 4977 1290 5031 συλλαϐοῦσα
1310 4979 1517 5034 ἔτεκεν
1541 4982 1692 5048 υἱὸν,
1726 4986 1825 5038 καὶ
1851 4966 2001 5039 ἐπω-

320 5052 555 5140 νόμασε
579 5056 646 5110 τὸ
678 5057 866 5127 ὄνομα
889 5061 1078 5114 αὐτοῦ
1106 5062 1251 5131 Σὴθ,
1283 5065 1572 5137 λέγουσα·
1601 5069 2001 5140 Ἐξανέστησε

320 5138 439 5226 γάρ
476 5159 580 5211 μοι
636 5146 671 5198 ό
719 5146 864 5212 Θεὸς
905 5147 1145 5217 σπέρμα
1183 5150 1388 5219 ἕτερον
1421 5152 1573 5226 [177]
1615 5157 1748 5211 ἀντὶ
1794 5138 1996 5226 Ἅϐελ,

319 5225 403 5281 ὃν
431 5227 745 5285 ἀπέκτεινε
778 5231 947 5287 Κάῖν.
978 5233 1150 5305 Μέχρι
1187 5237 1282 5289 τοῦ
1311 5239 1499 5311 Λάμεχ
1525 5225 1624 5313 τὴν
1652 5225 1999 5313 γενεαλογίαν

318 5314 573 5405 στήσασα
604 5319 638 5386 ἡ
671 5316 789 5405 θεία
814 5320 1022 5405 Γραφὴ,
1062 5324 1335 5394 ἐπανῆλθε
1379 5328 1539 5382 πάλιν
1581 5330 1673 5384 ἐπὶ
1702 5330 1793 5384 τὸν
1829 5333 1998 5405 Ἀδὰμ

317 5397 421 5450 καὶ
456 5396 553 5471 τὴν
597 5404 829 5469 γυναῖκα
880 5404 1067 5469 αὐτοῦ,
1097 5407 1191 5458 καί
1236 5424 1430 5479 φησιν·
1467 5411 1662 5481 Ἔγνω
1712 5412 1782 5466 δὲ
1825 5396 1999 5485 Ἀδὰμ

317 5481 439 5549 τὴν
473 5487 723 5553 γυναῖκα
765 5489 975 5555 αὐτοῦ,
1019 5490 1118 5544 καί
1165 5496 1563 5551 συλλαϐοῦσα
1600 5498 1806 5555 ἔτεκεν
1838 5502 1990 5567 υἱὸν,

469 5572 823 5643 ἐπωνόμασε
877 5575 945 5630 τὸ
999 5576 1188 5646 ὄνομα
1239 5581 1428 5635 αὑτοῦ
1478 5583 1637 5653 Σὴθ,
1686 5587 1956 5657 λέγουσα
1978 5605 1993 5619 ο

327 5656 733 5728 Ἐξανέστησε
785 5661 895 5733 γάρ
937 5680 1039 5733 μοι
1077 5667 1110 5719 ό
1157 5665 1300 5733 Θεὸς
1339 5668 1578 5739 σπέρμα
1626 5656 1832 5741 ἕτερον
1861 5677 1996 5731 ἀντί

318 5747 516 5810 Ἅϐελ,
542 5747 617 5803 ὃν
641 5749 955 5805 ἀπέκτεινε
994 5751 1163 5806 Κάτν.
1200 5753 1419 5820 Ἕτεκε,
1469 5761 1651 5829 φησὶν,
1690 5764 1845 5828 υἱὸν,
1893 5766 1989 5820 καί

315 5832 671 5905 ἐπωνόμασε
702 5835 769 5889 τὸ
797 5835 983 5907 ὄνομα
1004 5838 1194 5893 αὐτοῦ
1221 5841 1372 5908 Σήθ·
1408 5844 1499 5897 καὶ
1536 5847 1635 5899 οὐκ
1664 5849 1994 5919 ἀρκεσθεῖσα

384 5981 710 6065 ξὶξξξξὶᾼιωυε
724 5985 996 6065 1ἐξιιςῖξιξὶξίὶὶιὶ
1016 5988 1238 6065 ,αίτῄσας
1277 5995 1360 6065 τὴν
1400 5997 1464 6052 εἰς
1497 5998 1553 6046 τὸ
1587 6001 1689 6059 ἑξῆς
1726 6002 1986 6065 ἀσφάλειαν

314 6042 655 6097 ἆπιδείξοῐοθαι.
724 6047 751 6085 b
779 6046 876 6096 Alii
898 6048 984 6102 τήν
1010 6050 1085 6097 ἐπὶ
1111 6042 1306 6102 Θάνατον
1323 6042 1551 6116 ave-4:105.

718 6134 984 6196 ΡΑτιιοι..
1033 6130 1148 6195 Gn.
1203 6135 1355 6196 LIII.

1566 427 1639 481 IN
1681 428 1833 484 CAP.
1877 430 1941 485 IV
1975 431 2220 489 GENES.
2256 436 2488 493 HOIIIL.
2542 437 2656 492 XX.

3722 448 3825 502 ίῑιι

2148 557 2179 624 ἡ
2214 558 2395 626 μήτηρ
2423 558 2486 627 τῇ
2517 557 2734 628 τεθείσῃ
2776 559 3133 630 προσηγορία,
3167 561 3360 629 φησίν·
3417 562 3824 631 Ἑξανέστησε

2166 638 2250 704 ’ἀρ
2275 656 2374 704 μοι
2415 644 2450 696 ό
2494 638 2640 704 Θεὸς
2692 639 2930 709 σπέρμα
2966 642 3170 711 ἕτερον
3202 644 3334 698 ἀντὶ
3372 647 3571 709 Ἅϐελ,
3608 646 3682 699 ὸν
3711 648 3823 701 ἀπ-

2137 712 2366 771 έκτεινε
2411 720 2583 774 Κάϊν.
2617 722 2758 792 Ὅρα
2820 723 2916 776 καὶ
2964 725 3064 795 τὴν
3105 725 3334 795 μητέρα,
3386 728 3533 791 ὅπως
3581 728 3667 781 διὰ
3719 728 3820 798 τῆς

2138 802 2511 872 προσηγορίας
2560 803 2654 857 τοῦ
2701 801 2983 874 τεχθέντος
3032 807 3249 862 παιδίου
3292 810 3390 880 τήν
3443 814 3662 882 μνήμην
3716 811 3818 881 τῆς

2137 885 2381 955 πονηρᾶς
2426 885 2640 956 ἐκείνης
2697 888 2946 958 πράξεως
2998 890 3223 959 διηνεκῆ
3266 894 3669 959 ἐναποτίθεται,
3720 896 3817 947 καὶ

2139 962 2226 1017 ἵνα
2259 966 2352 1019 καὶ
2385 967 2433 1019 οἱ
2462 968 2542 1031 εἰς
2567 968 2665 1031 τὰς
2697 969 2824 1040 ἑξῆς
2852 972 3045 1039 γενεὰς
3077 983 3098 1011 ο
3136 973 3334 1027 εἰδέναι
3382 975 3546 1044 ἔχωσι
3590 977 3651 1029 τὸ
3696 979 3816 1032 τολο

2139 1046 2308 1117 μηθὲν
2338 1049 2442 1102 ὑπὸ
2473 1050 2565 1103 τοῦ
2596 1051 2746 1115 Κάῐν,
2771 1055 2935 1124 φησίν
2955 1070 2968 1084 ·
3003 1056 3157 1109 Ἀντί
3183 1059 3374 1121 Ἅϐελ,
3401 1059 3473 1112 ὃν
3500 1061 3814 1116 ἀπέκτεινε

2133 1129 2306 1188 Κάϊν.
2354 1131 2723 1205 Ὀδυνωμένης
2755 1136 2932 1206 ψυχῆς
2981 1139 3041 1191 τὸ
3091 1138 3262 1209 ῥῆμα,
3305 1142 3672 1212 συγχεομένης
3711 1143 3817 1196 ὑπδ

2131 1211 2233 1282 τῆς
2266 1215 2486 1283 μνήμης
2513 1215 2605 1267 τοῦ
2636 1220 2937 1285 γεγονότος,
2963 1221 3056 1273 καὶ
3088 1222 3514 1293 εὐχαριστούσης
3547 1224 3643 1294 μὲν
3673 1224 3812 1292 ὑπὲρ

2130 1295 2223 1347 τοῦ
2254 1296 2550 1365 τεχθέντος,
2587 1300 2865 1371 μονονουχὶ
2912 1300 2967 1353 δὲ
3020 1303 3435 1373 στηλιτευούης
3477 1309 3683 1360 ἐκεῖνον
3724 1311 3811 1366 διὰ

2128 1378 2230 1448 τῆς
2262 1378 2355 1431 τοῦ
2390 1380 2583 1443 παιδὸς
2616 1382 3006 1452 προσηγορίας.
3065 1386 3175 1437 Καὶ
3223 1385 3332 1455 γὰρ
3381 1387 3597 1457 ἀληθῶς
3644 1393 3703 1442 οὐ
3748 1394 3810 1445 τὸ

2127 1462 2289 1531 τυχὸν
2318 1461 2511 1526 πένθος
2540 1464 2833 1534 εἰργάσατο
2864 1468 2975 1529 τοῖς
3001 1466 3237 1535 γονεῦσι,
3269 1469 3368 1539 τὴν
3399 1471 3593 1524 ἑαυτοῦ
3626 1473 3807 1538 δεξιὰν

2126 1545 2353 1608 ὁπλίσας
2405 1545 2543 1600 κατά
2583 1546 2675 1599 τοῦ
2728 1547 2977 1617 ἀδελφοῦ,
3013 1551 3107 1603 καὶ
3141 1551 3233 1603 τὸν
3278 1554 3527 1608 ποθεινὸν
3571 1556 3663 1609 καὶ
3710 1559 3802 1611 ἐπ-

2129 1627 2356 1696 έραστον
2401 1627 2578 1692 δείξας
2629 1630 2811 1694 αὐτοῖς
2858 1633 3031 1702 χαμαὶ
3075 1634 3423 1703 ἐρριμμένον,
3474 1638 3664 1708 νεκρὸν
3711 1641 3806 1693 καὶ

2124 1710 2469 1781 ἀναίσθητον.
2502 1713 2564 1764 Εἰ
2592 1712 2700 1783 γὰρ
2734 1712 2829 1765 καὶ
2869 1713 2930 1765 τὸ
2977 1715 3248 1785 ἐπιτίμιον
3293 1716 3511 1783 ἐδέξατο
3547 1721 3575 1772 ὁ
3612 1720 3802 1788 Ἀδὰμ,

2127 1793 2246 1845 Ὅτι
2280 1793 2356 1862 γῆ
2403 1790 2476 1857 εἷ,
2530 1796 2629 1848 καὶ
2686 1797 2774 1861 εὶς
2823 1794 2941 1865 γῆν
2991 1797 3338 1866 ἁπελεύσῃο
3372 1801 3483 1862 καὶ,
3525 1801 3627 1854 Ἔν
3659 1801 3697 1870 ᾗ
3729 1801 3807 1856 ἂν

2125 1875 2315 1945 ἡμέρᾳ
2365 1877 2612 1946 φάγητε,
2660 1878 2892 1944 θανάτῳ
2937 1880 3335 1935 ἀποθανεῖσθε
3357 1901 3368 1914 ·
3411 1882 3524 1935 ἀλλ’
3557 1885 3704 1954 ὅμως
3744 1887 3803 1939 ἐν

2126 1964 2365 2034 ῥήμασιν
2392 1958 2457 2033 ἦν
2486 1963 2623 2026 τέως
2654 1965 2721 2017 τά
2764 1965 2864 2032 τῆς
2893 1966 3240 2032 ἀποφάσεως,
3275 1967 3367 2020 καὶ
3408 1969 3617 2022 οὐδέπω
3655 1971 3801 2041 ᾔδει-

2123 2060 2243 2108 σαν,
2278 2043 2329 2096 τί
2360 2038 2427 2114 ἦν
2462 2044 2556 2098 τοῦ
2589 2045 2821 2099 θανάτου
2871 2047 2933 2099 τὸ
2983 2041 3152 2114 εἶδος,
3188 2046 3302 2100 ἀλλ’
3332 2043 3487 2114 οὗτος
3518 2053 3801 2122 προλαϐὼν

2118 2125 2206 2179 διὰ
2229 2126 2291 2179 τὸ
2330 2130 2484 2198 μῖσος
2509 2128 2599 2180 τὸν
2630 2128 2888 2196 ἀδελφὸν,
2947 2130 3041 2181 καὶ
3083 2129 3174 2183 τὸν
3225 2130 3418 2198 φθόνον
3462 2135 3554 2187 τὸν
3590 2135 3798 2189 ἔνδοθεν

2119 2209 2280 2261 αὑτὸν
2308 2212 2563 2280 τήκοντα,
2596 2212 2687 2263 ἐπὶ
2724 2212 2940 2280 σφαγὴν
2969 2211 3197 2282 ὥρμησε
3223 2213 3317 2265 τοῦ
3349 2215 3532 2280 Ἅϐελ,
3566 2218 3661 2269 καὶ
3688 2218 3798 2272 δει-

2117 2291 2207 2344 νὸν
2244 2291 2424 2363 θέαμα
2455 2294 2696 2364 παρέσχε
2727 2297 2837 2357 τοῖς
2876 2295 3121 2361 γονεῦσιν
3151 2296 3294 2348 ἰδεῖν.
3327 2298 3427 2350 Διά
3457 2316 3538 2351 τοι
3577 2300 3735 2353 τοῦτο
3761 2304 3792 2371 ἡ

2121 2375 2303 2444 μήτηρ
2358 2375 2551 2444 μικρὸν
2612 2375 2973 2440 ἀνανεύσασα,
3018 2377 3113 2429 καὶ
3166 2378 3318 2447 μόλις
3375 2379 3474 2448 ὀψέ
3528 2399 3655 2435 ποτε
3702 2387 3794 2437 τοῦ

2116 2457 2388 2528 ἀφορήτου
2423 2457 2647 2522 πένθους
2681 2457 2889 2511 ἐκείνου
2919 2459 3272 2529 παραμυθίαν
3296 2463 3475 2531 εὑρεῖν
3510 2464 3795 2530 δυνηθεῖσα

2114 2538 2204 2593 διὰ
2229 2540 2322 2593 τοῦ
2350 2541 2629 2610 τεχθέντος
2653 2541 2856 2606 παιδὸς,
2890 2542 2984 2594 καὶ
3017 2541 3113 2611 τὴν
3148 2543 3499 2614 εὐχαριστίαν
3535 2548 3797 2618 ἀναφέρει

2112 2620 2193 2691 τῷ
2225 2623 2489 2695 Δεσπότῃ,
2527 2624 2620 2675 καὶ
2644 2623 2737 2676 τοῦ
2769 2623 3155 2691 ἀδελφοκτόνον
3192 2628 3495 2697 στηλιτεύει
3521 2631 3617 2699 τὴν
3657 2633 3817 2701 πρᾶ-,

2115 2701 2219 2768 ξιν,
2250 2703 2449 2774 ταύτην
2482 2705 2628 2775 αὐτῷ
2665 2706 2755 2758 καὶ
2790 2707 2927 2777 αὐτή
2956 2708 3219 2778 μεγίστην
3252 2711 3523 2780 τιμωρίαν
3561 2714 3797 2781 ἐπάγου-

2116 2801 2205 2850 σα,
2233 2786 2293 2839 τὸ
2330 2786 2547 2858 διηνεκῆ
2583 2788 2679 2859 τὴν
2711 2790 2931 2859 μνήμην
2970 2789 3327 2844 ἐναποθέσθαι
3354 2791 3431 2863 τῷ
3470 2794 3598 2865 παρ’
3628 2794 3793 2849 αὐτοῦ

2114 2869 2460 2940 γεγενημένῳ
2488 2869 2537 2923 ά.

2183 2953 2363 3008 Εἴδετε
2392 2955 2514 3009 ὅσον
2542 2955 2710 3008 κακόν
2756 2956 2902 3009 ἐστιν
2943 2957 3185 3027 ἁμαρτία
3206 2950 3225 3023 ’;
3274 2957 3388 3022 πῶς
3424 2961 3502 3023 εἰς
3533 2960 3792 3031 αἰσχύνην

2110 3038 2203 3090 καὶ
2234 3036 2433 3101 ὄνειδος
2467 3039 2751 3110 προτίθησι
2782 3042 2907 3103 τοὺς
2935 3040 3139 3111 ταύτην
3169 3042 3589 3112 εἰργασμένους;
3624 3045 3790 3098 εἰδετε

2112 3119 2228 3185 πῶς
2256 3122 2353 3191 τῆς
2384 3122 2589 3175 ἄνωθεν
2614 3122 2835 3194 χάριτος
2871 3123 2959 3177 διὰ
2985 3122 3190 3194 ταύτην
3220 3125 3424 3194 γυμνὸς
3459 3126 3670 3194 γέγονε,
3698 3128 3792 3180 καὶ

2109 3203 2280 3256 ἆπασι
2310 3205 2663 3274 προκείμενος
2692 3208 2770 3268 εἰς
2802 3206 3185 3273 καταγέλωτα;
3214 3207 3381 3260 εἰδετε
3415 3209 3531 3272 πῶς
3561 3212 3652 3262 καὶ
3680 3214 3790 3274 τοῖς

2107 3285 2322 3352 γονεῦσι
2350 3289 2461 3350 τοῖς
2502 3287 2605 3339 ὑπὸ
2649 3288 2748 3356 τῆς
2778 3288 2990 3355 φύσεως
3029 3290 3199 3359 αὐτῆς
3229 3289 3557 3360 ὠθουμένοις
3591 3295 3670 3355 εἰς
3699 3311 3787 3361 φι-

2106 3367 2426 3440 λοστοργίαν
2456 3369 2741 3439 βδελυκτὸς
2775 3370 3008 3442 κατέστη
3050 3372 3137 3425 διὰ
3171 3373 3267 3444 τὴν
3308 3375 3485 3446 κακήν
3513 3377 3791 3446 ἐπιχείρη-

2108 3468 2230 3516 σιν;
2263 3452 2556 3522 Φεύγωμεν
2614 3453 2813 3516 τοίνυν,
2860 3453 3184 3523 παρακαλῶ,
3229 3455 3327 3527 τὴν
3377 3457 3650 3527 ἁμαρτίαν
3688 3459 3789 3527 τὴν

2104 3533 2377 3598 τοσούτοις
2410 3536 2555 3605 ἡμᾶς
2586 3535 3015 3606 περιϐάλλουσαν
3052 3539 3262 3601 κακοῖς,
3308 3539 3402 3590 καὶ
3441 3540 3538 3609 τὴν
3586 3539 3789 3610 ἀρετὴν

2105 3616 2373 3687 ἑλώμεθα,
2409 3619 2495 3670 ἵνα
2523 3619 2616 3672 καὶ
2648 3618 2745 3690 τὴν
2776 3617 2981 3673 ἄνωθεν
3024 3618 3236 3673 εὔνοιαν
3272 3631 3298 3659 ο
3328 3622 3785 3693 ἑπισπασώμεθα,

2106 3700 2197 3753 καὶ
2226 3700 2325 3771 τὴν
2358 3699 2577 3753 κόλασιν
2607 3700 2973 3770 διαφύγωμεν.
3017 3702 3129 3754 Καὶ
3154 3702 3235 3767 τῷ
3268 3702 3412 3771 Σὴθ,
3440 3706 3626 3773 φησὶν,
3659 3704 3787 3773 ἐγέ-

2103 3799 2240 3837 νετο
2261 3784 2419 3849 υἱός·
2453 3783 2806 3852 ἐπωνόμασε
2856 3784 2925 3836 δὲ
2980 3784 3046 3838 τὸ
3096 3785 3284 3854 ὄνομα
3335 3787 3523 3841 αὐτοῦ
3565 3786 3773 3851 Ἐνώς·

2102 3858 2282 3930 οὗτος
2310 3863 2577 3933 ἤλπισεν
2604 3865 3017 3920 ἐπικαλεῖσθαι
3080 3867 3143 3921 τὸ
3200 3868 3383 3936 ὄνομα
3425 3870 3647 3936 Κυρίου
3679 3870 3787 3923 τοῦ

2105 3947 2272 4002 Θεοῦ.
2307 3948 2448 4017 Ὅρα
2481 3949 2599 4011 πῶς
2644 3949 2786 4002 κατά
2835 3949 3026 4020 μικρὸν
3075 3949 3256 4005 λοιπὸν
3299 3952 3639 4006 παιδεύονται
3668 3958 3786 4016 ταῖς

2105 4029 2497 4100 προσηγορίαις
2544 4031 2651 4084 τῶν
2705 4032 3040 4100 τικτομένων
3098 4032 3510 4086 ἑναποτίθεσθαι
3558 4035 3659 4104 τῆς
3706 4039 3785 4090 οἰ-

2104 4110 2256 4173 κείας
2309 4110 2730 4180 εὐγνωμοσύνης
2782 4110 2878 4180 τὴν
2930 4112 3222 4177 ἀπόδειξιν.
3286 4114 3394 4166 Καὶ
3445 4110 3599 4178 οὗτος
3650 4116 3778 4187 γάρ,

2104 4192 2288 4264 φησὶν,
2320 4196 2348 4247 ὁ
2386 4186 2517 4264 Σὴθ,
2552 4198 2820 4265 γεννήσας
2856 4194 2989 4259 υἱὸν,
3027 4195 3350 4265 ἐπωνόμασε
3386 4196 3447 4249 τὸ
3481 4197 3653 4268 ὄνομα
3684 4186 3782 4252 αύ-

2101 4276 2196 4329 τοῦ
2241 4275 2424 4339 Ἐνώς.
2491 4273 2619 4329 Εἶτα
2669 4276 3003 4348 ἑρμηνεῦσαι
3056 4280 3190 4347 ἡμῖν
3239 4278 3532 4350 βουλομένη
3580 4285 3611 4354 ἡ
3665 4283 3781 4335 θεία

2103 4354 2292 4426 Γραφὴ
2314 4356 2406 4408 τοῦ
2429 4356 2688 4427 ὀνόματος
2711 4356 2808 4426 τὴν
2835 4358 3226 4427 προσηγορίαν,
3254 4358 3436 4428 φησίν·
3460 4355 3649 4426 Οὗτος
3675 4361 3782 4428 ἥλ-

2103 4452 2283 4491 πισεν
2297 4439 2707 4492 ἐπικαλεῖσθαι
2730 4439 2797 4493 τὸ
2830 4440 3017 4509 ὄνομα
3047 4441 3268 4509 Κυρίου
3297 4442 3445 4515 [I78]
3470 4445 3576 4497 τοῦ
3611 4446 3775 4498 Θεοῦ.

2102 4521 2212 4574 Καὶ
2238 4520 2347 4591 γὰρ
2372 4522 2435 4573 ἐκ
2462 4520 2649 4573 τούτου
2677 4520 2864 4574 λοιπὸν
2892 4522 2991 4593 τὴν
3017 4523 3191 4593 ἀρχὴν
3227 4524 3408 4594 μέλλει
3450 4525 3718 4580 ποιεῖσθαι
3752 4528 3779 4579 ὁ

2105 4604 2368 4673 μακάριος
2429 4604 2713 4675 προφήτης
2758 4605 2857 4675 τῆς
2901 4606 3285 4675 γενεαλογίας,
3344 4608 3438 4660 τοῦ
3499 4608 3637 4661 Κάῖν
3680 4611 3778 4680 τὴν

2105 4688 2324 4757 μνήμην
2356 4687 2841 4757 ἀποπεμψάμενος,
2876 4690 2969 4741 καὶ
3012 4687 3120 4741 τῶν
3176 4688 3234 4751 ἐξ
3287 4688 3449 4742 αὐτοῦ
3492 4690 3651 4760 μέχρι
3681 4691 3775 4742 τοῦ

2100 4770 2293 4840 Λάμεχ
2313 4771 2633 4839 γεγονότων,
2666 4773 2759 4824 καὶ
2787 4772 2974 4842 ἐπειδὴ
3001 4771 3100 4841 τὴν
3131 4773 3240 4823 ὰπὸ
3261 4770 3360 4840 τῆς
3387 4771 3599 4838 φύσεως
3627 4772 3775 4840 αύτῷ

2101 4852 2392 4922 προεδρίαν
2438 4854 2787 4924 χαρισθεῖοαν
2838 4853 2884 4917 τ,
2927 4855 3026 4924 τὴν
3064 4853 3171 4906 τῶν
3223 4854 3579 4923 πρωτοτόκων
3609 4854 3771 4921 λέγω,

2099 4936 2164 5004 τῇ
2206 4935 2374 5007 κακία
2414 4939 2511 5006 τῆς
2558 4937 2929 5009 προαιρέσεως
2960 4937 3287 5006 ἐλυμήνατο,
3323 4935 3639 4989 ἐκϐάλλεται
3674 4937 3773 5006 μὲν

2099 5019 2280 5084 αὐτὸς,
2313 5024 2407 5074 καὶ
2433 5025 2481 5074 οἱ
2509 5021 2565 5088 ἐξ
2595 5023 2781 5087 αὑτοῦ,
2808 5022 2901 5074 τοῦ
2942 5021 3268 5089 καταλόγου·
3297 5022 3325 5073 ὁ
3351 5018 3408 5073 δὲ
3450 5020 3557 5091 Σὴθ
3590 5021 3774 5073 λοιπὸν

2098 5104 2237 5175 ὅπερ
2279 5104 2378 5157 οὐκ
2422 5102 2566 5174 εἶχεν
2600 5105 2707 5158 ἀπὸ
2758 5105 2858 5174 τῆς
2898 5104 3130 5174 φύσεως,
3177 5104 3365 5157 τούτου
3412 5105 3500 5158 διὰ
3543 5104 3640 5175 τὴν
3674 5106 3770 5175 τῆς

2100 5186 2472 5257 προαιρέσεως
2518 5186 2936 5257 εὐγνωμοσύνην
2992 5184 3254 5252 ἀξιοῦται,
3309 5187 3404 5239 καὶ
3450 5187 3529 5249 εἰς
3583 5185 3771 5238 τοῦτον

2102 5267 2416 5337 μεθίσταται
2454 5267 2636 5321 λοιπὸν
2676 5269 2743 5321 τά
2785 5268 2883 5337 τῆς
2917 5268 3305 5340 πρωτότοκίας,
3339 5269 3388 5321 εἰ
3434 5269 3528 5322 καὶ
3573 5269 3649 5341 μὴ
3684 5267 3772 5322 διὰ

2096 5351 2195 5421 τὴν
2224 5349 2405 5421 φύσιν,
2433 5351 2567 5405 ἀλλά
2591 5351 2680 5404 διὰ
2725 5352 2823 5420 τὴν
2865 5352 2963 5421 τῆς
2993 5351 3360 5422 προαιρέσεως
3387 5352 3633 5424 γνώμην,
3679 5354 3773 5405 καὶ

2096 5434 2144 5486 οἰ
2178 5435 2242 5488 ἐκ
2270 5435 2461 5487 τούτου
2499 5435 2806 5505 τικτόμενοι
2832 5434 2931 5502 τῆς
2963 5432 3311 5502 γενεαλογίας
3342 5434 3637 5500 ἀξιοῦνται.
3659 5437 3770 5490 Καὶ

2096 5520 2285 5588 ῶσπερ
2311 5510 2466 5578 οὗτος
2500 5516 2664 5579 Ἐνὼς
2687 5515 2889 5587 ἐκλήθη
2916 5515 3004 5568 διὰ
3028 5516 3090 5569 τὸ
3115 5515 3489 5570 ἐπικαλεῖσθαι
3511 5517 3572 5572 τὸ
3599 5517 3771 5587 ὄνομα

2097 5598 2301 5669 Κυρίου
2324 5599 2417 5652 τοῦ
2449 5598 2605 5664 Θεοῦ,
2628 5599 2770 5652 οῦτω
2805 5602 2897 5652 καὶ
2932 5600 2979 5652 οἰ
3016 5601 3081 5651 ἐκ
3103 5598 3291 5651 τούτου
3320 5599 3504 5653 λοιπὸν
3529 5601 3588 5653 τὸ
3613 5600 3770 5669 γένος

2096 5682 2457 5750 καταγόμενοι
2513 5681 2612 5751 τῆς
2670 5681 2843 5750 αὐτῆς
2894 5679 3168 5746 ἀξιοῦνται
3226 5682 3618 5752 προσηγορίας.
3670 5683 3769 5737 Διά

2093 5762 2251 5815 τοῦτο
2285 5764 2377 5817 καὶ
2408 5765 2437 5815 ὁ
2482 5764 2748 5833 μακάριος
2790 5756 2944 5827 οὗτος
2986 5766 3269 5835 προφήτης
3304 5765 3535 5818 ἐνταῦθα
3566 5766 3766 5834 στήσας

2093 5844 2191 5915 τὴν
2215 5845 2468 5915 διήγησιν
2494 5846 2655 5898 πάλιν
2683 5847 2857 5918 ἀρχὴν
2890 5846 3079 5917 ἑτέραν
3107 5849 3355 5899 ποιεῖται,

2158 6004 2179 6031 °
2223 6000 2319 6050 AIii
2348 6005 2392 6050 οἰ
2430 6009 2513 6069 τῆς
2550 6008 2724 6063 γενεᾶς.
2753 6065 2762 6069 _
2786 6003 2819 6069 id
2842 6003 2940 6069 Sex
3247 6002 3567 6069 γεγενημένον.
3605 5996 3757 6048 Savﬂ.

2092 6065 2243 6111 τῶν...
2271 6067 2607 6124 γεγενημένων.
2681 6070 2703 6095 θ
2737 6065 2832 6115 Alii
2858 6066 3008 6128 χάριν.
3083 6064 3102 6103 ί
3132 6067 3227 6114 Alii
3254 6064 3600 6125 ἀφορισθεῖσαν·

3263 6149 3331 6209 11
