4110 6470
383 439 480 494 1’73

445 555 507 606 ε’.
537 553 681 605 Ἀλλ’
708 553 790 607 ἵνα
829 553 902 625 μὴ
938 552 1230 625 ἀρξάμενοι
1253 556 1346 609 τοῦ
1397 556 1734 629 διηγήματος
1757 572 1781 601 ε
1809 562 1889 624 είς
1913 560 2047 614 πολὺ

379 638 553 708 μῆκος
590 639 918 710 ἐπιτείνωμεν
957 640 1056 711 τὴν
1087 641 1456 704 διδασκαλίαν,
1488 644 1721 699 ἐνταῦθα
1763 647 1856 699 καὶ
1891 647 2052 715 ἡμεῖς

348 725 624 798 -νκαοάπερ
677 727 706 779 ὁ
757 730 1022 799 μακάριος
1066 723 1223 793 οὗτος
1272 733 1558 803 προφήτης
1604 731 2050 802 καταπαύσωμεν

354 811 465 866 ,τὸν
490 812 664 883 λόγον,
688 815 769 878 είς
796 813 894 886 τὴν
929 815 1077 886 ἐξῆς,
1105 816 1198 870 ἐὰν
1230 816 1259 869 ό
1293 817 1424 881 Θεὸς
1463 818 1751 891 ἐπιτρέπῃ,
1784 817 1893 870 τῶν
1928 818 2052 871 ἐπο-

378 898 554 968 μένων
578 900 675 972 τὴν
705 902 998 973 ἑρμηνείαν
1035 908 1483 974 ταμιευσάμενοι.
1523 905 1673 968 Τέως
1722 904 1778 957 δὲ
1825 905 1916 957 ἐπὶ
1953 903 2047 957 τοῦ

366 986 638 1058 παρόντος
680 989 854 1041 ἐκεῖνο
907 989 1287 1059 παρακαλέσαι
1353 988 1450 1060 τήν
1510 989 1777 1061 ὑμετέραν
1830 990 2050 1058 ἀγάπην

379 1071 658 1142 βούλομαι,
682 1073 821 1127 ὥστε
851 1075 1192 1145 καρποῦσθαι
1220 1093 1273 1128 τι
1308 1075 1468 1129 πλέον
1494 1077 1560 1128 ἐκ
1587 1075 1695 1128 τῶν
1727 1079 1852 1146 παρ’
1892 1074 2049 1145 ἡμῶν

379 1155 710 1230 λεγομένων,
752 1162 844 1214 καὶ
896 1161 1017 1215 καθ’
1056 1163 1291 1232 ἑκάστην
1331 1162 1539 1233 ἡμέραν
1586 1163 1813 1226 ἑαυτοὺς
1852 1162 2051 1233 διερευ-

376 1252 593 1315 νᾶσθαι,
623 1254 674 1305 τί
706 1254 805 1323 μὲν
837 1256 900 1306 ἐκ
950 1253 1151 1324 ταύτης
1188 1255 1287 1325 τῆς
1316 1254 1660 1317 διδασκαλίας
1698 1255 2046 1325 ὲκερδάνατε,

375 1338 429 1391 τί
458 1338 516 1391 δὲ
553 1341 617 1391 ἐκ
639 1339 733 1409 τῆς
762 1340 969 1409 ἐτέρας,
1007 1340 1103 1393 καὶ
1144 1340 1220 1412 μὴ
1255 1340 1412 1413 μόνον
1439 1341 1601 1413 μέχρι
1629 1341 1729 1411 τῆς
1766 1342 1932 1411 ἀκοῆς
1968 1340 2052 1394 δέ-

374 1424 563 1493 χεσθαι
596 1424 662 1477 τά
709 1427 837 1497 παρ’
870 1425 1027 1496 ἡμῶν
1073 1426 1360 1497 λεγόμενα,
1394 1428 1530 1482 άλλά
1559 1428 1653 1481 καὶ
1700 1430 1779 1491 είς
1812 1427 1908 1499 τὴν
1944 1428 2052 1482 διά-

379 1529 523 1566 νοιαν
555 1513 709 1584 ὑμῶν
738 1515 879 1569 αὑτά
908 1516 1343 1583 ἐναποτίθεσθαι,
1378 1517 1471 1571 καὶ
1505 1520 1570 1590 τῇ
1610 1521 1824 1588 συνεχεῖ
1851 1517 2050 1591 μελέτῃ

377 1601 584 1670 παγίαν
633 1603 813 1657 αὐτῶν
871 1603 968 1675 τήν
1015 1604 1236 1676 μνήμην
1284 1605 1576 1659 ποιεῖσθαι.
1630 1604 1897 1675 Βούλομαι
1942 1605 2049 1675 γάρ

378 1689 522 1758 ὑμᾶς
563 1690 639 1761 μὴ
672 1690 832 1759 μόνον
862 1691 1071 1755 ἑαυτοῖς
1119 1692 1328 1763 ἀρκεῖν,
1356 1692 1632 1767 ἀλλῲκαὶ
1677 1693 1880 1764 ἑτέροις
1914 1692 2050 1745 διδα-

378 1772 608 1837 σκάλους
636 1774 901 1845 γίνεσθαι,
929 1776 1068 1830 ὥστε
1100 1776 1360 1832 δύνασθαι
1387 1779 1479 1831 καὶ
1506 1779 1725 1850 ἐτέρους
1754 1779 2046 1847 νουθετεῖν,

377 1861 474 1913 καὶ
504 1860 578 1934 μή
611 1860 697 1915 διά
730 1860 902 1930 λόγων
943 1864 1103 1933 μόνον
1131 1864 1289 1918 τοῦτο
1317 1867 1507 1928 ποιεῖν,
1533 1866 1668 1919 ἀλλά
1699 1867 1791 1921 καὶ
1821 1865 1908 1919 διὰ
1941 1866 2049 1918 τῶν

377 1945 552 2019 ἔργων
603 1949 875 2002 παιδεύειν
927 1950 1054 2013 τοὺς
1104 1950 1325 2021 πλησίον
1382 1952 1517 2024 πρὸς
1560 1953 1658 2024 τὴν
1707 1956 1806 2024 τῆς
1846 1953 2048 2025 ἀρετῆς

374 2034 728 2106 κατόρθωσιν.
781 2036 1060 2106 Ἐννόησον
1113 2039 1220 2108 γάρ
1275 2056 1385 2109 μοι,
1451 2041 1533 2093 ὅτι
1594 2042 1641 2093 εί
1699 2041 2046 2112 βουληθείητε

372 2120 495 2174 καθ’
523 2122 758 2192 ἐκάστην
792 2120 1006 2192 ἡμέραν
1039 2123 1269 2177 ἐνταῦθα
1299 2126 1732 2197 παραγενόμενοι
1763 2127 1958 2197 μικρόν
1995 2145 2048 2180 τι

375 2208 538 2279 μέρος
572 2210 936 2280 καρποῦσθαι,
989 2211 1083 2264 καὶ
1125 2211 1232 2265 τῶν
1279 2213 1641 2282 ἐνοχλούντων
1684 2216 1811 2284 ὑμῖν
1860 2212 2047 2267 παθῶν

367 2293 651 2363 διόρθωσιν
693 2295 1040 2365 ποιήσασθαι,
1091 2295 1204 2359 πῶς
1246 2299 1365 2350 κατ’
1394 2297 1572 2367 ὀλίγον
1611 2300 1691 2361 είς
1739 2298 1907 2369 αὐτὴν
1947 2298 2048 2368 τῆς

370 2382 569 2452 ἀρετῆς
599 2381 697 2452 τὴν
725 2382 900 2453 ἄκραν
937 2384 1180 2454 κορυφὴν
1212 2384 1517 2439 ἐλεύσεσθε.
1553 2386 1687 2439 Οὐδὲ
1737 2386 1846 2456 γάρ
1881 2388 2048 2441 παυό-

374 2469 513 2537 μεθα
543 2470 627 2537 ἐφ’
656 2469 895 2538 ἑκάστης
934 2469 1321 2540 διαλεγόμενοι,
1367 2472 1463 2525 καὶ
1517 2474 1643 2543 περὶ
1690 2474 1788 2545 τῆς
1819 2474 2047 2544 ἀρίστης

372 2553 649 2619 πολιτείας
698 2557 827 2625 ὑμῖν
888 2557 1246 2627 ὲνηχοῦντες,
1298 2558 1437 2613 ὥστε
1487 2560 1555 2613 τά
1602 2561 1822 2631 ὀλέθρια
1874 2560 2046 2615 ταῦτα

371 2643 516 2713 πάθη
547 2644 857 2709 ἐκκόπτειν,
905 2646 998 2698 τὸν
1040 2645 1208 2717 θυμὸν
1256 2647 1419 2715 λέγω,
1459 2648 1557 2720 τὴν
1591 2648 1909 2719 βασκανίαν,
1954 2653 2045 2706 τὸν

369 2730 586 2798 φθόνον.
619 2730 834 2785 Τούτων
874 2732 984 2805 γὰρ
1022 2734 1440 2806 ἀναιρεθέντων,
1472 2738 1834 2811 εὐκολώτερον
1877 2742 1970 2794 καὶ
2011 2743 2045 2813 ἡ

369 2818 499 2889 περ)⁹
523 2818 590 2872 τά
618 2821 877 2889 χρήματα
912 2821 1078 2892 μανία
1099 2821 1383 2893 διόρθωσιν
1410 2823 1641 2893 λήψεται
1671 2827 1763 2879 καὶ
1793 2828 1889 2897 τῆς
1920 2830 2046 2899 περὶ

367 2905 438 2958 τὰ
462 2907 719 2976 χρήματα
750 2908 945 2977 μανίας
971 2908 1130 2963 πάλιν
1160 2909 1476 2983 παυθείσης,
1513 2912 1651 2982 μετὰ
1679 2912 1920 2977 πλείονος
1947 2915 2045 2985 τῆς

365 2992 551 3056 ἀδείας
586 2994 636 3045 οί
680 2993 871 3047 ἄτοποι
912 2994 1161 3066 λογισμοὶ
1211 2997 1305 3050 καλ⁹
1343 2998 1398 3050 αί
1442 3000 1666 3070 αἰσχραὶ
1718 3000 2045 3072 ἐνθυμήσεις

362 3080 897 3153 κατασταλήσονται·
949 3081 1103 3147 Ῥίζα
1136 3084 1242 3154 γάρ
1275 3084 1494 3139 πάντων
1540 3085 1648 3138 τῶν
1680 3086 1865 3140 κακῶν
1893 3090 2044 3142 ἐστιν

368 3169 401 3237 ἡ
433 3168 779 3241 φιλαργυρία.
823 3168 923 3224 ’Ἂν
949 3170 1126 3223 τοίνυν
1158 3170 1256 3242 τὴν
1289 3172 1442 3243 ῥίζαν
1484 3174 1823 3245 ἐκτέμωμεν,
1864 3177 1957 3229 καὶ
1985 3177 2045 3242 ἐξ

367 3256 530 3309 αὑτοῦ
553 3257 646 3310 τοῦ
676 3257 871 3327 βάθους
895 3258 1063 3329 αὐτὴν
1094 3260 1517 3331 ἀνασπάσωμεν,
1546 3262 1910 3335 εὐκολώτερον
1935 3265 2043 3319 τῶν

369 3343 580 3398 κλάδων
612 3346 998 3417 περιεσόμεθα.
1038 3347 1104 3400 Ἡ
1143 3347 1251 3418 γάρ
1274 3348 1565 3418 ἀκρόπολις
1590 3351 1699 3403 τῶν
1725 3351 1929 3415 κακῶν,
1949 3354 2043 3407 καὶ

366 3436 401 3486 ό
430 3430 689 3502 κολοφὼν,
732 3433 806 3497 ὡς
842 3435 1036 3497 εἰπεῖν,
1060 3434 1168 3487 τῶν
1207 3436 1638 3507 ἁμαρτημάτων,
1673 3441 1704 3510 ἡ
1736 3439 1906 3494 λύσσα
1934 3442 2041 3496 τῶν

358 3519 661 3588 ⁴χρημάτων
692 3521 862 3584 ἐστὶν,
889 3514 957 3592 ἦς
991 3522 1040 3574 εί
1068 3520 1457 3593 βουληθείημεν
1473 3522 1519 3595 μ
1533 3524 1619 3597 79]
1637 3528 2038 3597 περιγενέσθαι,

362 3604 515 3656 οὐδὲν
550 3604 610 3657 τὸ
641 3605 848 3659 κωλύον
872 3606 966 3660 καὶ
1008 3606 1210 3677 ταύτην
1239 3610 1337 3680 τὴν
1390 3612 1585 3680 μανίαν
1630 3614 1912 3682 ἐκφυγεῖν,
1950 3617 2042 3669 καὶ

368 3691 507 3758 μετά
534 3691 739 3762 ταύτης
770 3693 1180 3749 συνανασπάσαι
1216 3696 1311 3749 καὶ⁹
1339 3698 1593 3767 ἐκτεμεῖν
1623 3698 1801 3754 πάντα
1825 3701 1894 3755 τὰ
1917 3702 2032 3755 ὀλέ-

365 3777 491 3846 θρια
516 3778 681 3847 πάθη.
722 3779 832 3835 Καὶ
872 3779 946 3850 μὴ
972 3780 1228 3850 νομίσητε
1255 3783 1396 3852 μέγα
1418 3800 1470 3836 τι
1497 3785 1592 3837 καὶ⁵
1622 3787 1876 3855 φορτικὸν
1904 3784 2040 3843 εἶναι

361 3864 423 3917 τὸ
441 3864 737 3935 χρημάτων
769 3865 1063 3936 ὑπεριδεῖν·
1098 3868 1265 3919 Ὅταν
1305 3868 1413 3940 γάρ
1441 3870 1698 3940 ἐννοήσω,
1735 3873 1818 3927 ὅτι
1858 3875 2041 3928 πολλοὶ

357 3952 468 4006 τῶν
499 3952 799 4023 ἀνθρώπων
823 3952 910 4006 διά
939 3953 1100 4025 κενὴν
1128 3954 1221 4008 καὶ⁴
1249 3956 1505 4027 ἀνόνητον
1533 3957 1844 4028 φιλοτιμίαν
1871 3961 2039 4017 πολλά

360 4040 584 4111 χρυσίου
616 4040 854 4095 τάλαντα
900 4039 1112 4112 ἐξέχεον
1158 4044 1237 4106 είς
1287 4043 1439 4097 οὐδὲν
1471 4043 1619 4110 δέον,
1664 4047 1779 4100 ἀλλ’
1817 4048 1902 4105 ἴνα
1940 4050 2038 4121 τὴν

360 4129 514 4200 παρὰ
536 4129 644 4183 τῶν
671 4129 949 4201 ἀγοραίων
967 4130 1058 4184 καὶ
1087 4131 1507 4203 τριοῧολιμαίων
1533 4133 1793 4200 πολλάκις
1822 4137 2033 4209 ἀνθρώ-

360 4232 478 4269 πων
505 4217 781 4286 εὐφημίαν
812 4216 1236 4287 καρπώσωνται,
1257 4218 1357 4289 τὴν
1377 4218 1484 4289 πρὸ
1504 4220 1601 4289 τῆς
1625 4223 1862 4295 ἑσπέρας
1884 4226 2036 4291 τέλος

359 4300 760 4372 λαμϐάνουσαν,
797 4303 1053 4366 πολλάκις
1079 4303 1137 4356 δὲ
1181 4305 1302 4359 οὐδὲ
1333 4306 1494 4376 μέχρι
1525 4309 1626 4379 τῆς
1649 4311 1888 4383 ἑσπέρας
1918 4313 2035 4368 δια-

363 4389 645 4460 μείνασαν,
672 4390 811 4444 ἀλλά
842 4390 936 4444 καὶ
957 4391 1086 4459 πρὶν
1111 4391 1144 4461 ἦ
1177 4390 1533 4463 πληρωθῆναι
1565 4394 1664 4467 τὴν
1690 4398 1903 4470 ἡμέραν
1934 4418 2036 4470 μυ-

361 4475 497 4547 ρίοις
526 4476 722 4540 αὑτοὺς
752 4477 1185 4546 περιϐάλλουσαν
1219 4482 1409 4544 κακοῖς
1431 4496 1445 4509 ·
1475 4480 1676 4554 [ἕτεροι
1702 4485 1758 4538 δὲ
1802 4488 1908 4541 τῶν
1941 4491 2034 4545 ἐπὶ

356 4564 422 4633 τῇ
445 4562 621 4632 πλάνῃ
643 4566 707 4633 τῇ
748 4563 1035 4636 Ἑλληνικῇ
1068 4565 1652 4639 προκατειλημμένων,
1677 4573 1840 4629 πάλιν
1866 4575 1954 4631 διὰ
1972 4578 2035 4631 τὸ

357 4650 496 4720 πρὸς
526 4650 622 4721 τὴν
653 4650 761 4704 τῶν
789 4650 1091 4721 ἀνθρώπων
1135 4652 1433 4723 ἐπτοῆσθαι
1478 4655 1656 4722 δόξαν,
1692 4661 1787 4713 καὶ
1827 4663 2034 4736 ταύτην

356 4737 482 4805 περὶ
511 4736 705 4790 πολλοῦ
733 4737 1024 4802 ποιεῖσθαι,
1056 4738 1235 4792 πάντα
1257 4738 1325 4793 τὰ
1352 4740 1479 4794 ὄντα
1514 4742 1789 4814 ῥίψαντες,
1837 4751 1930 4803 καὶ
1974 4752 2034 4804 ἓν

357 4825 518 4894 μόνον
555 4825 840 4899 τριϐώνιον
873 4826 1085 4890 ἐαυτοῖς
1106 4826 1497 4896 καταλιπόντες
1523 4830 1550 4870 b
1572 4832 1664 4885 καὶ
1694 4832 2028 4909 βακτηρίαν,

351 4910 494 4966 οὑτω
520 4912 613 4967 τὸν
646 4913 860 4968 ἅπαντα
883 4912 997 4983 βίον
1023 4914 1293 4983 διάγουσι,
1318 4916 1496 4971 πάντα
1517 4919 1609 4975 τὸν
1637 4922 1798 4976 πόνον
1821 4926 2029 4984 ἐκεῖνον

352 5000 446 5087 καὶ
466 4999 561 5073 τὴν
591 5000 964 5072 ταλαιπωρίαν
985 5001 1072 5056 διὰ
1106 5001 1204 5074 τὴν
1228 5003 1379 5075 παρά
1401 5005 1510 5059 τῶν
1531 5006 1833 5078 ἀνθρώπων
1858 5014 2028 5087 εὐφη-

244 5103 248 5106 ’
358 5086 485 5157 μίαν
511 5088 799 5160 ὑπομένειν
823 5088 1184 5161 αἱρούμενον]
1219 5090 1345 5144 ὅταν
1377 5092 1557 5147 τοίνυν
1590 5096 1762 5151 ταῦτα
1795 5086 2024 5169 λογίσω-

353 5190 470 5242 μαι,
498 5174 599 5227 οὐκ
628 5170 745 5230 οἶδα
780 5175 939 5230 ποίαν
982 5175 1175 5247 ἕξομεν
1222 5176 1521 5247 ἀπολογίαν
1571 5182 1603 5253 ἢ
1658 5188 2023 5260 συγγνώμην,

349 5261 470 5314 οὑδέ
493 5260 555 5313 τὸ
583 5261 872 5318 πολλοστὸν
909 5263 1134 5318 ἐκείνων
1163 5263 1251 5318 διὰ
1288 5264 1390 5335 τὴν
1430 5269 1580 5338 παρά
1622 5270 1716 5326 τοῦ
1761 5273 1896 5329 Θεοῦ
1935 5278 2024 5333 δο-

351 5347 536 5401 θεῖσαν
565 5348 783 5421 ἐντολὴν
816 5350 1082 5423 προέσθαι
1121 5351 1459 5422 ἀνεχόμενοι,
1502 5358 1597 5410 καὶ
1626 5357 1714 5411 διά
1741 5361 1840 5431 τὴν
1869 5363 2025 5431 δόξαν

352 5433 568 5505 ἐκείνην
607 5435 706 5508 τὴν
736 5437 1002 5494 ἀθάνατον
1041 5440 1138 5494 καὶ⁵
1180 5439 1355 5512 πέρας
1399 5441 1499 5496 οὑκ
1536 5442 1800 5514 ἔχουσαν,
1834 5450 1968 5505 ἀλλά
1998 5464 2019 5493 ο

350 5521 445 5575 καὶ
470 5522 693 5578 ἐκείνων
719 5524 934 5603 χείρους
962 5527 1260 5597 γινόμενοι,
1306 5528 1401 5581 καὶ
1430 5528 1565 5599 μηδέ
1597 5531 1722 5586 ὅσον
1754 5534 1814 5587 τὸ
1859 5538 2023 5606 μέσον

350 5608 673 5673 ἐννοοῦντες·
703 5613 786 5667 δτι
811 5614 1007 5667 ἐκεῖνοι
1042 5614 1140 5684 μὲν
1168 5612 1259 5668 διὰ
1282 5615 1384 5684 τὴν
1410 5617 1560 5687 παρά
1587 5618 1696 5673 τῶν
1718 5623 2022 5694 ἀνθρώπων

349 5695 459 5749 τῶν
491 5696 766 5765 ὁμογενῶν
806 5699 1060 5770 ἀνόνητον
1104 5699 1382 5769 εὐφημίαν
1424 5704 1661 5758 τοσαῦτα
1703 5711 1982 5779 προΐενται
2007 5734 2021 5744 ·

418 5887 925 5972 ῘἯιίηιιιιηειφρεε.
955 5899 1110 5972 rege;
1140 5893 1773 5972 ᾖίὶἱητοῦθᾷναγνὼσματος.
1846 5905 1874 5945 b
1896 5907 2020 5972 nos,

354 5945 769 6029 ἐξῖὲῖῖφῖθγῖξςςέ
802 5953 1270 6029 Ηδὲἓιὲοξίέκξίῖθὶῖ
1306 5959 1492 6017 χείρους
1513 5945 1763 6024 γινόἰιενοι»
1788 5979 1944 6029 usque
1964 5945 2023 6023 ἓν

381 6009 639 6071 Εκχέωμιν
660 6011 831 6073 τοίνυν,
855 6014 1035 6063 desunt
1054 6013 1104 6063 in
1123 6009 1321 6065 Coisth

1201 438 1258 494 S.
1298 439 1586 497 JOANNIS
1620 440 2108 498 CIIRYSOSTOMI
2148 442 2464 501 ARCIIIEP.
2505 444 3059 502 CONSTANTINOP.

3730 435 3832 490 Πό

2155 561 2312 631 ἡμεῖς
2343 563 2399 617 δὲ
2430 564 2518 619 διὰ
2543 565 2633 620 τὸν
2662 562 2938 631 Δεσπότην
2984 560 3078 612 τὸν
3116 556 3405 628 ἡμέτερον,
3449 553 3536 607 τὸν
3578 551 3672 605 καὶ
3714 551 3829 603 τῶν

2151 644 2516 715 ὑπηργμένων
2542 647 2799 717 χορηγὸν,
2826 644 2921 699 καὶ
2962 642 3176 705 ἐκείνας
3215 639 3315 702 τάς
3355 636 3697 709 ἀπορρήτους
3723 635 3831 686 δω-

2152 730 2282 800 ρεάς
2326 732 2816 803 ἐπαγγελλόμενον,
2865 731 2986 785 οὑδὲ
3013 728 3039 767 δ
3076 729 3138 783 τὸ
3173 726 3333 797 τυχὸν
3367 724 3623 786 πολλάκις
3654 739 3827 792 μετα-

2148 816 2347 871 διδόναι
2365 821 2479 882 τοῖς
2507 818 2818 889 πενομένοις,
2846 815 3164 888 αἱρούμεθα.
3189 815 3299 868 Καὶ
3325 811 3497 874 ποίοις
3524 808 3829 879 ὀφθαλμοῖς

2150 903 2391 974 ὀψόμεθα
2424 905 2517 959 τὸν
2557 904 2751 977 κριτὴν
2784 905 2883 974 τῆς
2916 902 3092 966 οὑτως
3120 900 3344 956 εὑκόλου
3393 897 3610 968 ἐντολῆς
3653 909 3831 949 κατα-

2155 990 2472 1061 μελοῦντες;
2518 993 2608 1065 Μή
2643 993 2752 1064 γὰρ
2784 993 2961 1047 πάντα
3004 991 3074 1045 τά
3118 990 3247 1044 ὄντα
3292 988 3445 1059 ῥῖψαι
3491 983 3826 1057 προτρέπω;

2164 1078 2425 1132 Ἀπόλαυε
2456 1081 2635 1149 πάσης
2677 1078 2934 1143 ἀνέσεως.
2964 1077 3058 1132 καί⁵
3095 1077 3193 1146 τὴν
3239 1073 3434 1130 ἑαυτοῦ
3467 1072 3654 1144 χρείαν
3681 1070 3828 1140 πλη-

2153 1162 2333 1236 ρώσας
2373 1165 2442 1221 τά
2485 1164 2718 1236 περιττά
2762 1166 2855 1218 καὶ
2902 1164 3025 1233 εἰκῆ
3069 1164 3296 1233 κείμενα
3339 1159 3515 1214 ταῦτα
3548 1158 3827 1225 ἀναγκαῖα

2153 1252 2398 1322 ποίησον,
2421 1254 2514 1307 καὶ
2541 1252 2656 1317 τοῖς
2683 1251 2829 1323 λιμῷ
2858 1250 3200 1321 πιεζομένοις
3229 1247 3324 1303 καὶ
3354 1248 3458 1300 ὑπὸ
3484 1245 3576 1299 τοῦ
3606 1240 3824 1316 κρυμοῦ

2152 1339 2520 1409 πηγνυμένοις
2573 1338 2780 1403 τούτοις
2818 1339 3090 1408 διάνειμαι
3115 1345 3161 1400 ο,
3212 1337 3305 1390 καὶ
3339 1334 3427 1389 διά
3467 1334 3566 1404 τῆς
3614 1333 3828 1386 τούτων

2153 1426 2333 1497 χειρὸς
2372 1428 2451 1491 εἰς
2494 1427 2590 1497 τὴν
2625 1426 2822 1481 ἑαυτοῦ
2861 1426 3094 1497 πατρίδα
3135 1425 3465 1494 διαπέμπου,
3507 1423 3573 1493 ἢν
3614 1419 3729 1491 μετ’
3756 1418 3822 1471 ουτ,

2154 1512 2287 1565 πολὺ
2317 1512 2479 1583 λήψῃ.
2528 1510 2686 1569 Οὗτοι
2728 1514 2837 1584 γὰρ
2872 1513 3103 1584 μάλιστα
3148 1509 3465 1582 δυνὴσονταί
3501 1525 3583 1563 σοι
3624 1522 3823 1577 χρησι-

2157 1596 2351 1665 μεῦσαι
2399 1600 2537 1669 πρὸς
2574 1599 2672 1670 τὴν
2714 1601 2833 1653 ἐκεῖ
2873 1596 3266 1669 μετακομιδὴν,
3304 1597 3370 1649 ἵν’
3408 1596 3537 1649 ὅταν
3579 1590 3822 1664 ἀπέλθῃς

2153 1684 2287 1748 ἐκεῖ,
2327 1684 2543 1739 ἅπαντα
2582 1686 2748 1758 εῦρῃς
2788 1685 3223 1756 εὐτρεπισμένα,
3267 1684 3362 1737 καὶ
3408 1680 3647 1744 πλείονος
3685 1679 3815 1733 ἀπο-

2152 1770 2357 1841 λαύσῃς
2382 1773 2499 1825 ἐκεῖ
2521 1773 2619 1842 τῆς
2645 1771 2926 1843 εὐπορίας,
2961 1771 3103 1843 ὁρῶν
3123 1770 3298 1826 ταῦτα
3328 1769 3432 1823 ὑπὸ
3455 1768 3563 1821 τῶν
3590 1783 3824 1837 μετακο-

2155 1858 2447 1927 μισάντων,
2488 1858 2685 1931 μᾶλλον
2716 1859 2772 1912 δὲ
2808 1859 2914 1912 ὑπὸ
2956 1859 3053 1930 τῆς
3103 1857 3198 1912 τοῦ
3243 1855 3379 1910 Θεοῦ
3413 1854 3824 1926 φιλανθρωπίας

2153 1945 2708 2002 πολυπλασιασθέντα.
2748 1947 2841 2019 Μὴ
2883 1947 2992 2018 γάρ
3035 1947 3279 2025 κάματον
3308 1945 3419 2016 ἔχει
3453 1943 3514 1998 τὸ
3547 1946 3776 2012 πρᾶγμα
3800 1960 3825 2009 ἱ

2154 2035 2230 2104 μὴ
2256 2034 2363 2106 γὰρ
2385 2036 2640 2106 φροντίδα
2662 2035 2783 2089 τινὰ
2809 2036 2903 2088 καὶ
2932 2034 3230 2106 μέριμναν;
3259 2034 3369 2103 Οὐχ
3398 2031 3703 2099 ὑποζυγίων
3730 2046 3819 2083 σοι

2150 2122 2304 2191 χρεία
2338 2122 2472 2193 πρὸς
2503 2123 2602 2194 τὴν
2643 2122 3027 2193 μετακομιδὴν,
3060 2122 3121 2174 οὐ
3151 2120 3247 2174 τοῦ
3296 2119 3671 2190 φυλάττοντος,
3715 2117 3821 2169 οὐκ

2142 2208 2539 2272 ,άλλουοὺδενὸς
2572 2210 2834 2263 τοιούτου.
2866 2209 3003 2264 Οὔτε
3033 2209 3142 2279 γὰρ
3187 2206 3410 2280 λῃστὴς.
3459 2206 3584 2261 οὔτε
3620 2221 3818 2273 τοιχω-

2152 2294 2312 2365 ρύχος
2366 2295 2582 2367 ἐκείνην
2619 2296 2821 2366 βαδίζει
2871 2294 2969 2364 τὴν
3020 2295 3158 2361 ὁδὸν,
3212 2294 3301 2348 ἵνα
3343 2292 3665 2363 λυμαίνηται
3700 2291 3817 2354 τοῖς

2150 2380 2303 2453 παρὰ
2332 2383 2425 2437 σοῦ
2468 2383 2872 2453 πεμπομένοις·
2923 2381 3036 2434 ἀλλ’
3072 2382 3216 2452 άπερ
3267 2382 3334 2453 ἢν
3367 2380 3542 2450 ἀποθῇ
3591 2379 3669 2442 είς
3713 2377 3818 2440 τὰς

2148 2467 2255 2521 τῶν
2286 2471 2528 2540 πενήτων
2559 2474 2746 2540 χεῖρας
2769 2510 2783 2533 ,
2815 2468 2989 2523 ταῦτα
3021 2471 3098 2532 εἰς
3129 2469 3371 2537 ἀσφαλὲς
3409 2467 3653 2537 ταμιεῖον
3682 2465 3821 2517 ἀπο-

2151 2555 2291 2628 θήςῃ
2325 2556 2421 2626 τὴν
2446 2556 2539 2608 τοῦ
2568 2556 2702 2610 Θεοῦ
2737 2560 2917 2627 χεῖρα.
2948 2555 3097 2626 Αὕτη
3128 2556 3238 2627 γάρ
3268 2556 3525 2625 ἀκέραιον
3575 2554 3670 2607 καὶ
3714 2553 3817 2623 τὴν

2147 2644 2351 2699 τούτων
2390 2645 2631 2717 φυλακὴν
2658 2646 2903 2718 παρέξει,
2932 2645 3025 2699 καὶ
3053 2645 3273 2699 ἐπειδὰν
3296 2644 3594 2716 ἐπανέλθῃς
3616 2646 3694 2706 εἰς
3716 2642 3817 2712 τὴν

2148 2731 2346 2785 οίκείον
2375 2733 2633 2803 πατρίδα,
2672 2735 2810 2804 μετά
2839 2734 2936 2804 τῆς
2968 2733 3194 2787 ἐκείνων
3228 2731 3536 2795 ἀποδόσεως
3564 2730 3657 2784 καὶ
3678 2731 3815 2782 ἀνα-

2147 2818 2395 2890 κηρύξει,
2427 2820 2521 2873 καὶ
2555 2818 2909 2889 στεφανώσει,
2937 2821 3032 2873 καὶ
3061 2822 3119 2875 ἐν
3149 2821 3299 2893 πάσῃ
3328 2817 3479 2891 [ιεο]
3501 2816 3817 2889 εὐρυχωρία

2147 2907 2240 2958 καὶ
2286 2906 2466 2960 ἀνέσει
2500 2908 2855 2978 καταστήσει.
2903 2906 3211 2977 Ἐκχέωμεν
3250 2906 3445 2970 τοίνυν,
3487 2903 3812 2976 παρακαλῶ,

2146 2994 2214 3045 τά
2250 2993 2587 3064 ἀποκείμενα
2635 2995 2715 3056 εἰς
2766 2995 2863 3058 τὰς
2912 2994 3019 3046 τῶν
3071 2995 3316 3064 πενήτων
3361 2992 3669 3063 γαστέρας,
3717 2992 3815 3044 καὶ

2148 3081 2457 3153 σπείρωμεν
2493 3082 2568 3146 ὡς
2611 3082 2690 3135 ἔτι
2739 3082 2948 3153 καιρὸς,
2999 3082 3087 3135 ἵνα
3128 3085 3207 3146 είς
3247 3083 3340 3137 τὸν
3392 3082 3577 3136 δέοντα
3624 3080 3817 3152 καιρὸν

2148 3167 2470 3239 θερίσωμεν,
2508 3168 2525 3207 ί
2551 3169 2646 3223 καὶ
2670 3170 2744 3240 μὴ
2767 3169 3082 3239 προϊέμενοι
3100 3169 3199 3240 τὴν
3227 3168 3508 3240 παροῦσαν
3529 3167 3817 3239 εὐκαιρίαν

2147 3255 2372 3326 ὕστερον
2426 3256 2661 3327 ἀνόνητα
2717 3256 3169 3328 μεταμελὼμεθα.
3227 3256 3316 3329 Μὴ
3360 3255 3468 3328 γὰρ
3517 3254 3606 3310 διὰ
3656 3254 3817 3309 τοῦτο

2148 3341 2368 3396 πλείονά
2386 3360 2465 3396 σοι
2491 3344 2808 3415 κεχάρισται
2837 3347 2864 3397 ὁ
2891 3344 3270 3415 φιλάνθρωπος
3296 3345 3593 3413 Δεσπότης.
3624 3345 3708 3398 ἵνα
3733 3345 3814 3405 είς

2144 3429 2241 3501 τὴν
2273 3430 2465 3483 ἐαυτοῦ
2498 3430 2658 3500 μόνον
2691 3430 2879 3500 χρείαν
2912 3430 3301 3503 καταναλώσῃς
3335 3431 3402 3485 τά
3434 3432 3684 3497 δοθέντα,
3715 3430 3812 3485 καὶ

2142 3518 2211 3569 τά
2248 3516 2408 3570 λοιπά
2435 3517 2700 3587 ταμιείοις
2735 3519 2830 3570 καὶ¹
2849 3517 3122 3580 κιϐωτίοις
3153 3518 3576 3591 ὲναποκλείσῃςς
3613 3519 3688 3570 Οὐ
3722 3517 3812 3572 διὰ

2142 3601 2322 3667 τοῦτο,
2353 3602 2468 3656 ἀλλ’
2494 3603 2601 3667 ἴνα,
2639 3604 2781 3657 κατά
2809 3604 2910 3673 τὴν
2950 3604 3269 3674 παραίνεσιν
3305 3605 3403 3676 τὴν
3430 3604 3809 3676 ἀποστολικήν,

2141 3689 2202 3742 τὸ
2235 3689 2324 3743 σὺν
2356 3691 2700 3762 περίσσευμα
2737 3692 2961 3763 γένηται
3013 3693 3092 3756 είς
3132 3692 3241 3746 τῶν
3284 3692 3458 3748 ἄλλων
3503 3692 3807 3763 ὑστέρημα.

2142 3776 2251 3828 Καὶ
2279 3776 2343 3830 σὺ
2386 3777 2484 3847 μὲν
2518 3776 2648 3841 ἴσως
2690 3779 2786 3832 καὶ
2820 3780 2958 3848 ὑπὲρ
2989 3780 3088 3850 τὴν
3114 3780 3301 3850 χρείαν
3341 3778 3670 3845 ἀπολαύεις,
3714 3778 3809 3832 καὶ

2142 3865 2200 3916 ἐν
2221 3865 2287 3933 τῇ
2312 3866 2491 3935 τρυφῇ
2514 3865 2606 3917 καὶ
2634 3865 2693 3917 ἐν
2716 3868 2828 3930 τοῖς
2850 3867 3122 3938 ἐσθήμασι
3141 3867 3237 3921 καὶ
3253 3869 3310 3921 ἐν
3332 3867 3468 3939 ἄλλῃ
3490 3867 3808 3937 πολυτελείᾳ

2142 3950 2318 4021 πολλῷ
2358 3952 2437 4021 τῷ
2467 3952 2694 4025 ἀργύρῳ
2727 3955 3090 4025 κεχρημένος,
3132 3957 3226 4010 καὶ
3256 3955 3418 4027 μέχρι
3446 3956 3555 4010 τῶν
3587 3954 3812 4009 οἰκετῶν

2141 4040 2235 4092 καὶ
2271 4040 2378 4094 τῶν
2414 4041 2624 4110 ἀλόγων
2652 4042 2840 4096 τοῦτον
2880 4044 3246 4114 κερματίζων·
3282 4047 3310 4098 ό
3351 4045 3408 4097 δὲ
3458 4044 3625 4114 πένης
3661 4041 3809 4101 οὐδὲν

2139 4126 2340 4180 τούτων
2367 4127 2519 4200 ζητεῖ
2540 4129 2690 4201 παρὰ
2709 4129 2825 4195 σοῦ,
2860 4131 2892 4202 ἢ
2919 4131 3078 4201 μόνον
3103 4131 3261 4201 λιμὸν
3289 4129 3809 4202 παραμυθήσασθαι,

2140 4212 2233 4265 καὶ
2256 4212 2352 4284 τὴν
2391 4216 2699 4282 ἀναγκαίαν
2727 4217 2917 4289 χρείαν
2955 4217 3047 4271 καὶ
3078 4217 3177 4289 τὴν
3202 4219 3481 4288 ἐφήμερον
3513 4215 3662 4287 αὑτῷ
3684 4232 3812 4287 τρο-

2140 4300 2244 4371 φὴν
2276 4305 2594 4373 παρασχεῖν,
2627 4302 2768 4356 ὥστε
2793 4303 3054 4374 συστῆναι
3082 4306 3176 4359 καὶ
3208 4306 3282 4376 μὴ
3305 4305 3686 4376 διαφθαρῆναι·
3716 4305 3810 4358 καὶ

2136 4389 2256 4442 οὑδέ
2293 4390 2451 4444 τοῦτο
2487 4391 2656 4465 ἀνέχῃ
2702 4393 2961 4463 ποιῆσαι,
3008 4393 3130 4448 οὑδέ
3172 4393 3391 4466 λογίζῃ,
3435 4395 3517 4448 δτι
3548 4391 3808 4456 πολλάκις

2134 4478 2330 4548 ἀθρόον
2359 4478 2729 4549 ἀναρπασθεὶς
2762 4479 2829 4533 τὰ
2865 4480 2964 4550 μὲν
2994 4480 3319 4550 συλλεγέντα
3361 4481 3577 4537 ἅπαντα
3620 4478 3806 4535 ἐντεῦ-

2136 4565 2227 4618 θεν
2262 4565 2716 4637 καταλιμπάνεις,
2771 4568 2862 4620 καὶ
2900 4567 3071 4621 ἐνίοτε
3113 4571 3194 4633 εἰς
3240 4568 3468 4640 ἐχθροῖς
3506 4569 3599 4623 καὶ
3650 4568 3810 4623 πολε-

2138 4652 2293 4723 μίους
2337 4652 2509 4707 ταῦτα
2551 4656 2992 4724 μεταστήσεται·
3023 4655 3186 4719 αὐτὸς
3231 4656 3288 4709 δέ
3329 4656 3398 4709 τά
3436 4657 3807 4726 ἁμαρτήματα

2136 4741 2365 4805 ἅπαντα,
2388 4743 2445 4808 ἐξ
2463 4734 2538 4795 ὧν
2552 4741 2724 4796 ταῦτα
2745 4742 3046 4810 συλλέγεις.
3066 4744 3182 4813 μεθ’
3201 4745 3395 4801 ἑαυτοῦ
3412 4743 3592 4800 λαϐὼν
3608 4745 3738 4798 ἄπει
3755 4745 3803 4797 Β.

2135 4828 2244 4881 Καὶ
2262 4828 2316 4881 τί
2340 4845 2467 4881 ποτε
2494 4830 2639 4899 ἐρεῖς
2660 4829 2802 4882 κατά
2820 4829 2919 4899 τὴν
2940 4831 3152 4903 ἡμέραν
3177 4830 3392 4903 ἐκείνην
3412 4830 3509 4901 τὴν
3531 4831 3803 4903 φο6ε;

2131 4916 2184 4971 τί
2212 4916 2268 4969 δὲ
2291 4915 2604 4988 ἀπολογήσῃ
2633 4916 2778 4972 οὑτω
2808 4917 3069 4991 ῥᾳθύμως
3094 4920 3163 4973 τά
3187 4919 3330 4977 κατά
3351 4920 3450 4991 τὴν
3473 4920 3668 4974 ἐαυτοῦ
3698 4936 3807 4972 σω-

2129 5002 2324 5074 τηρίαν
2354 5004 2751 5074 οίκονομήσας;
2779 5004 2879 5058 Διά
2905 5004 3063 5058 τοῦτο
3091 5006 3214 5076 ἐμοὶ
3243 5006 3471 5071 πείθοιο,
3497 5009 3590 5059 καὶ
3621 5006 3697 5069 ὡς
3720 5005 3807 5058 ἔτι

2130 5090 2320 5161 καιρὸν
2354 5090 2518 5161 ἔχεις,
2553 5091 2827 5161 διάνειμαι
2860 5091 2931 5145 τὰ
2959 5092 3190 5163 περιττά
3214 5093 3323 5146 τῶν
3355 5094 3674 5165 χρημάτων,
3714 5093 3805 5146 ἵνα

2126 5177 2226 5248 τὴν
2261 5179 2378 5231 ἐκεῖ
2408 5177 2591 5248 σαυτῷ
2627 5178 2913 5250 προαποθῇ
2951 5179 3245 5251 σωτηρίαν,
3278 5182 3372 5234 καὶ
3415 5181 3523 5233 τῶν
3567 5180 3804 5234 αἰωνίων

2126 5265 2348 5333 ἀγαθῶν
2378 5267 2620 5339 εὑρὴσῃς
2658 5266 2758 5337 τὴν
2806 5267 3190 5321 ἀνταπόδοσιν·
3232 5264 3301 5340 ἧς
3345 5270 3558 5336 γένοιτο
3595 5269 3805 5331 πάντας

2127 5355 2274 5424 ἡμᾶς
2311 5356 2606 5423 ἐπιτυχεῖν,
2661 5352 2844 5423 χάριτι
2892 5356 2985 5408 καὶ
3035 5355 3416 5427 φιλανθρωπίᾳ
3462 5356 3555 5409 τοῦ
3591 5357 3803 5425 Κυρίου

2126 5439 2282 5509 ἡμῶν
2320 5440 2494 5510 Ἰησοῦ
2539 5440 2796 5510 Χριστοῦ,
2831 5440 2951 5511 μεθ’
2989 5434 3049 5494 οὗ
3072 5440 3149 5511 τῷ
3195 5442 3371 5513 Πατρὶ
3398 5442 3513 5514 ἅμα
3545 5442 3623 5514 τῷ
3657 5442 3803 5515 ἁγίῳ

2127 5527 2403 5597 Πνεύματι
2433 5527 2579 5594 δόξα,
2614 5528 2834 5598 κράτος,
2867 5527 3021 5600 τιμὴ,
3053 5528 3147 5583 νῦν
3178 5530 3272 5584 καὶ
3299 5531 3405 5598 ἀεὶ,
3439 5533 3534 5585 καὶ
3567 5533 3646 5595 είς
3671 5532 3801 5595 τοὺς

2125 5613 2332 5680 αἰῶνας
2370 5614 2478 5667 τῶν
2509 5614 2740 5671 αἰώνων.
2787 5616 2980 5687 Ἀμήν.

2186 5793 2215 5833 d
2236 5791 2388 5841 Savil.
2404 5853 2416 5867 Ἰ
2509 5797 2613 5874 [res
2787 5794 2899 5874 Δ’ταῖς
2918 5795 3202 5871 ἀπορρήτοις
3223 5797 3638 5874 ἐκείναιεδωρεαῖς

2126 5856 2346 5917 κόμενον,
2369 5854 2494 5929 οὐδέ.
2566 5865 2590 5893 ε
2628 5855 2750 5917 Reg.
2772 5869 2898 5904 unus
2918 5854 3227 5964 πῃᾌνὺμένοις
3241 5857 3393 5906 ταῆτα
3416 5854 3639 5931 διάνειμεζ
3670 5854 3805 5911 lhfra

2137 5915 2310 5981 Morel.
2338 5915 2617 5981 δυνησονταί
2649 5932 2729 5964 σοι
2758 5917 3001 5981 συλλαϐεσ
3025 5934 3075 5981 αι
3104 5935 3234 5980 προς.
3310 5918 3331 5956 τ
3355 5919 3623 5981 Sequeplla
3646 5957 3660 5979 ,
3704 5935 3806 5981 per

2142 5935 2310 5965 more].
2338 5935 2617 5971 ουνησονται
2649 5935 2729 5964 σοι
2758 5935 3075 5965 συιλαοεσυαι
3104 5935 3234 5980 προς.
3310 5935 3324 5956 ι
3355 5935 3623 5981 δεψιρῐιιιε
3646 5957 3660 5979 ,
3704 5935 3804 5983 per

2131 5979 2253 6048 d_uas
2276 5975 2528 6048 et'vﬁgintj
2551 5980 2731 6048 ιὶιιεοξι,
2760 5990 2917 6048 gsqug
2944 5978 3003 6048 αι]
3030 5980 3090 6026 τὰ
3111 5981 3234 6048 κατὰ
3256 5980 3534 6048 τὴχέαυτοῦ
3555 5985 3804 6048 σωῃρίαν

2132 6037 2470 6102 οἰκονομήσας,
2489 6040 2667 6091 desunt
2687 6041 2738 6089 in
2761 6037 3057 6088 Coisliniano
3073 6041 3257 6090 codice.
3312 6041 3451 6091 'Duo
3473 6056 3586 6091 mss.
3610 6037 3798 6094 ἄπεισι.
