  <div class='ocr_page' id='page_1' title='image "/cluster/home/n/w/nwhite01/storage/ocr_20150623/53:no.4:pt.1/coo.31924054869536/174.png"; bbox 0 0 4110 6438; ppageno 0'>
   <div class='ocr_carea' id='block_1_1' title="bbox 432 337 537 394">
    <p class='ocr_par' dir='ltr' id='par_1_1' title="bbox 432 337 537 394">
     <span class='ocr_line' id='line_1_1' title="bbox 432 337 537 394; baseline 0.019 -2"><span class='ocrx_word' id='word_1_1' title='bbox 432 337 537 394; x_wconf 71' lang='grc'><strong>173</strong></span> 
     </span>
    </p>
   </div>
   <div class='ocr_carea' id='block_1_2' title="bbox 500 447 2025 509">
    <p class='ocr_par' dir='ltr' id='par_1_2' title="bbox 500 447 2025 509">
     <span class='ocr_line' id='line_1_2' title="bbox 500 447 2025 509; baseline -0.001 -4"><span class='ocrx_word' id='word_1_2' title='bbox 500 450 556 505; x_wconf 81' lang='lat'><strong>5.</strong></span> <span class='ocrx_word' id='word_1_3' title='bbox 589 447 810 506; x_wconf 72' lang='lat' dir='ltr'><strong>Horati:</strong></span> <span class='ocrx_word' id='word_1_4' title='bbox 830 448 1115 509; x_wconf 68' lang='lat' dir='ltr'><strong>exhortatio</strong></span> <span class='ocrx_word' id='word_1_5' title='bbox 1140 457 1317 505; x_wconf 82' lang='lat' dir='ltr'><strong>contra</strong></span> <span class='ocrx_word' id='word_1_6' title='bbox 1346 448 1630 503; x_wconf 77' lang='lat' dir='ltr'><strong>avaritiam.</strong></span> <span class='ocrx_word' id='word_1_7' title='bbox 1661 477 1734 490; x_wconf 92' lang='lat'><strong>-</strong></span> <span class='ocrx_word' id='word_1_8' title='bbox 1760 447 2025 505; x_wconf 51' lang='lat' dir='ltr'><strong>Ceterum</strong></span> 
     </span>
    </p>
   </div>
   <div class='ocr_carea' id='block_1_3' title="bbox 434 540 2031 613">
    <p class='ocr_par' dir='ltr' id='par_1_3' title="bbox 434 540 2031 613">
     <span class='ocr_line' id='line_1_3' title="bbox 434 540 2031 613; baseline -0.001 -16"><span class='ocrx_word' id='word_1_9' title='bbox 434 556 500 599; x_wconf 88' lang='lat' dir='ltr'><strong>ne</strong></span> <span class='ocrx_word' id='word_1_10' title='bbox 547 541 761 611; x_wconf 81' lang='lat' dir='ltr'><strong>incepta</strong></span> <span class='ocrx_word' id='word_1_11' title='bbox 809 541 1039 597; x_wconf 89' lang='lat' dir='ltr'><strong>lectione</strong></span> <span class='ocrx_word' id='word_1_12' title='bbox 1079 541 1352 613; x_wconf 86' lang='lat' dir='ltr'><strong>aliquanto</strong></span> <span class='ocrx_word' id='word_1_13' title='bbox 1391 540 1738 612; x_wconf 82' lang='lat' dir='ltr'><strong>prolixiorem</strong></span> <span class='ocrx_word' id='word_1_14' title='bbox 1785 547 2031 596; x_wconf 81' lang='lat' dir='ltr'><strong>texamus</strong></span> 
     </span>
    </p>
   </div>
   <div class='ocr_carea' id='block_1_4' title="bbox 428 629 2032 703">
    <p class='ocr_par' dir='ltr' id='par_1_4' title="bbox 428 629 2032 703">
     <span class='ocr_line' id='line_1_4' title="bbox 428 629 2032 703; baseline -0.002 -13"><span class='ocrx_word' id='word_1_15' title='bbox 428 646 771 700; x_wconf 82' lang='lat' dir='ltr'><strong>sermonem,</strong></span> <span class='ocrx_word' id='word_1_16' title='bbox 803 632 890 688; x_wconf 92' lang='lat' dir='ltr'><strong>hic</strong></span> <span class='ocrx_word' id='word_1_17' title='bbox 918 637 1080 689; x_wconf 88' lang='lat' dir='ltr'><strong>etiam</strong></span> <span class='ocrx_word' id='word_1_18' title='bbox 1128 648 1227 687; x_wconf 89' lang='lat' dir='ltr'><strong>nos</strong></span> <span class='ocrx_word' id='word_1_19' title='bbox 1265 647 1389 688; x_wconf 92' lang='lat' dir='ltr'><strong>cum</strong></span> <span class='ocrx_word' id='word_1_20' title='bbox 1431 631 1590 688; x_wconf 86' lang='lat' dir='ltr'><strong>beato</strong></span> <span class='ocrx_word' id='word_1_21' title='bbox 1643 630 1903 703; x_wconf 87' lang='lat' dir='ltr'><strong>prepheta</strong></span> <span class='ocrx_word' id='word_1_22' title='bbox 1950 629 2032 687; x_wconf 85' lang='lat' dir='ltr'><strong>di-</strong></span> 
     </span>
    </p>
   </div>
   <div class='ocr_carea' id='block_1_5' title="bbox 431 723 2030 799">
    <p class='ocr_par' dir='ltr' id='par_1_5' title="bbox 431 723 2030 799">
     <span class='ocr_line' id='line_1_5' title="bbox 431 723 2030 799; baseline -0.004 -16"><span class='ocrx_word' id='word_1_23' title='bbox 431 727 590 783; x_wconf 89' lang='lat' dir='ltr'><strong>cendi</strong></span> <span class='ocrx_word' id='word_1_24' title='bbox 637 725 796 781; x_wconf 77' lang='lat' dir='ltr'><strong>tinent</strong></span> <span class='ocrx_word' id='word_1_25' title='bbox 837 725 1129 794; x_wconf 85' lang='lat' dir='ltr'><strong>faciamus,</strong></span> <span class='ocrx_word' id='word_1_26' title='bbox 1160 733 1475 799; x_wconf 90' lang='lat' dir='ltr'><strong>sequentem</strong></span> <span class='ocrx_word' id='word_1_27' title='bbox 1511 723 2030 795; x_wconf 73' lang='lat' dir='ltr'><strong>interpretationem,</strong></span> 
     </span>
    </p>
   </div>
   <div class='ocr_carea' id='block_1_6' title="bbox 428 818 2028 889">
    <p class='ocr_par' dir='ltr' id='par_1_6' title="bbox 428 818 2028 889">
     <span class='ocr_line' id='line_1_6' title="bbox 428 818 2028 889; baseline -0.003 -17"><span class='ocrx_word' id='word_1_28' title='bbox 428 819 475 873; x_wconf 74' lang='lat' dir='ltr'><strong>si</strong></span> <span class='ocrx_word' id='word_1_29' title='bbox 508 819 651 874; x_wconf 89' lang='lat' dir='ltr'><strong>Deus</strong></span> <span class='ocrx_word' id='word_1_30' title='bbox 696 818 1024 889; x_wconf 89' lang='lat' dir='ltr'><strong>permiserit,</strong></span> <span class='ocrx_word' id='word_1_31' title='bbox 1067 819 1120 872; x_wconf 89' lang='lat' dir='ltr'><strong>in</strong></span> <span class='ocrx_word' id='word_1_32' title='bbox 1154 819 1318 877; x_wconf 87' lang='lat' dir='ltr'><strong>alium</strong></span> <span class='ocrx_word' id='word_1_33' title='bbox 1346 832 1649 873; x_wconf 89' lang='lat' dir='ltr'><strong>sermonem</strong></span> <span class='ocrx_word' id='word_1_34' title='bbox 1687 824 2028 886; x_wconf 88' lang='lat' dir='ltr'><strong>reponentes.</strong></span> 
     </span>
    </p>
   </div>
   <div class='ocr_carea' id='block_1_7' title="bbox 432 909 2035 979">
    <p class='ocr_par' dir='ltr' id='par_1_7' title="bbox 432 909 2035 979">
     <span class='ocr_line' id='line_1_7' title="bbox 432 909 2035 979; baseline 0.001 -13"><span class='ocrx_word' id='word_1_35' title='bbox 432 911 551 966; x_wconf 81' lang='lat' dir='ltr'><strong>.lam</strong></span> <span class='ocrx_word' id='word_1_36' title='bbox 573 919 753 967; x_wconf 88' lang='lat' dir='ltr'><strong>autem</strong></span> <span class='ocrx_word' id='word_1_37' title='bbox 774 910 1101 966; x_wconf 81' lang='lat' dir='ltr'><strong>admonitam</strong></span> <span class='ocrx_word' id='word_1_38' title='bbox 1125 912 1402 967; x_wconf 77' lang='lat' dir='ltr'><strong>caritatem</strong></span> <span class='ocrx_word' id='word_1_39' title='bbox 1428 919 1662 967; x_wconf 79' lang='lat' dir='ltr'><strong>vestram</strong></span> <span class='ocrx_word' id='word_1_40' title='bbox 1689 909 1904 974; x_wconf 88' lang='lat' dir='ltr'><strong>vellem,</strong></span> <span class='ocrx_word' id='word_1_41' title='bbox 1926 922 2035 979; x_wconf 88' lang='lat' dir='ltr'><strong>quo</strong></span> 
     </span>
    </p>
   </div>
   <div class='ocr_carea' id='block_1_8' title="bbox 434 998 2036 1073">
    <p class='ocr_par' dir='ltr' id='par_1_8' title="bbox 434 998 2036 1073">
     <span class='ocr_line' id='line_1_8' title="bbox 434 998 2036 1073; baseline -0.001 -17"><span class='ocrx_word' id='word_1_42' title='bbox 434 1002 756 1071; x_wconf 77' lang='lat' dir='ltr'><strong>ampliorem</strong></span> <span class='ocrx_word' id='word_1_43' title='bbox 797 1001 1082 1073; x_wconf 85' lang='lat' dir='ltr'><strong>quemdam</strong></span> <span class='ocrx_word' id='word_1_44' title='bbox 1111 1017 1176 1058; x_wconf 76' lang='lat' dir='ltr'><strong>ex</strong></span> <span class='ocrx_word' id='word_1_45' title='bbox 1209 1001 1366 1057; x_wconf 88' lang='lat' dir='ltr'><strong>dictis</strong></span> <span class='ocrx_word' id='word_1_46' title='bbox 1394 1001 1594 1056; x_wconf 85' lang='lat' dir='ltr'><strong>nostris</strong></span> <span class='ocrx_word' id='word_1_47' title='bbox 1639 998 1873 1057; x_wconf 88' lang='lat' dir='ltr'><strong>fructum</strong></span> <span class='ocrx_word' id='word_1_48' title='bbox 1912 1014 2036 1071; x_wconf 87' lang='lat' dir='ltr'><strong>pcr-</strong></span> 
     </span>
    </p>
   </div>
   <div class='ocr_carea' id='block_1_9' title="bbox 436 1091 2036 1165">
    <p class='ocr_par' dir='ltr' id='par_1_9' title="bbox 436 1091 2036 1165">
     <span class='ocr_line' id='line_1_9' title="bbox 436 1091 2036 1165; baseline -0.003 -16"><span class='ocrx_word' id='word_1_49' title='bbox 436 1094 671 1164; x_wconf 89' lang='lat' dir='ltr'><strong>cipiatis,</strong></span> <span class='ocrx_word' id='word_1_50' title='bbox 703 1102 763 1149; x_wconf 90' lang='lat' dir='ltr'><strong>ut</strong></span> <span class='ocrx_word' id='word_1_51' title='bbox 778 1093 1024 1165; x_wconf 88' lang='lat' dir='ltr'><strong>quotidie</strong></span> <span class='ocrx_word' id='word_1_52' title='bbox 1049 1107 1144 1149; x_wconf 91' lang='lat' dir='ltr'><strong>vos</strong></span> <span class='ocrx_word' id='word_1_53' title='bbox 1167 1093 1510 1158; x_wconf 75' lang='lat' dir='ltr'><strong>cxaminetis,</strong></span> <span class='ocrx_word' id='word_1_54' title='bbox 1541 1092 1667 1164; x_wconf 89' lang='lat' dir='ltr'><strong>quid</strong></span> <span class='ocrx_word' id='word_1_55' title='bbox 1695 1107 1760 1148; x_wconf 78' lang='lat' dir='ltr'><strong>ex</strong></span> <span class='ocrx_word' id='word_1_56' title='bbox 1792 1091 1896 1147; x_wconf 86' lang='lat' dir='ltr'><strong>hoc</strong></span> <span class='ocrx_word' id='word_1_57' title='bbox 1919 1105 2036 1148; x_wconf 88' lang='lat' dir='ltr'><strong>scr—</strong></span> 
     </span>
    </p>
   </div>
   <div class='ocr_carea' id='block_1_10' title="bbox 439 1181 2036 1257">
    <p class='ocr_par' dir='ltr' id='par_1_10' title="bbox 439 1181 2036 1257">
     <span class='ocr_line' id='line_1_10' title="bbox 439 1181 2036 1257; baseline -0.002 -18"><span class='ocrx_word' id='word_1_58' title='bbox 439 1202 623 1249; x_wconf 90' lang='lat' dir='ltr'><strong>mone,</strong></span> <span class='ocrx_word' id='word_1_59' title='bbox 652 1195 708 1241; x_wconf 90' lang='lat' dir='ltr'><strong>et</strong></span> <span class='ocrx_word' id='word_1_60' title='bbox 751 1185 878 1257; x_wconf 89' lang='lat' dir='ltr'><strong>quid</strong></span> <span class='ocrx_word' id='word_1_61' title='bbox 922 1201 985 1240; x_wconf 76' lang='lat' dir='ltr'><strong>ex</strong></span> <span class='ocrx_word' id='word_1_62' title='bbox 1036 1185 1141 1239; x_wconf 90' lang='lat' dir='ltr'><strong>alio</strong></span> <span class='ocrx_word' id='word_1_63' title='bbox 1190 1184 1579 1249; x_wconf 86' lang='lat' dir='ltr'><strong>lucrifcceritis,</strong></span> <span class='ocrx_word' id='word_1_64' title='bbox 1613 1192 1670 1239; x_wconf 91' lang='lat' dir='ltr'><strong>et</strong></span> <span class='ocrx_word' id='word_1_65' title='bbox 1708 1198 1814 1239; x_wconf 92' lang='lat' dir='ltr'><strong>non</strong></span> <span class='ocrx_word' id='word_1_66' title='bbox 1860 1181 2036 1239; x_wconf 82' lang='lat' dir='ltr'><strong>solum</strong></span> 
     </span>
    </p>
   </div>
   <div class='ocr_carea' id='block_1_11' title="bbox 437 1273 2039 1347">
    <p class='ocr_par' dir='ltr' id='par_1_11' title="bbox 437 1273 2039 1347">
     <span class='ocr_line' id='line_1_11' title="bbox 437 1273 2039 1347; baseline -0.002 -17"><span class='ocrx_word' id='word_1_67' title='bbox 437 1276 663 1333; x_wconf 82' lang='lat' dir='ltr'><strong>auribus</strong></span> <span class='ocrx_word' id='word_1_68' title='bbox 693 1275 1000 1347; x_wconf 80' lang='lat' dir='ltr'><strong>percipiatis</strong></span> <span class='ocrx_word' id='word_1_69' title='bbox 1039 1283 1219 1330; x_wconf 90' lang='lat' dir='ltr'><strong>nostra</strong></span> <span class='ocrx_word' id='word_1_70' title='bbox 1245 1274 1417 1343; x_wconf 74' lang='lat' dir='ltr'><strong>dicta,</strong></span> <span class='ocrx_word' id='word_1_71' title='bbox 1446 1273 1541 1330; x_wconf 89' lang='lat' dir='ltr'><strong>sed</strong></span> <span class='ocrx_word' id='word_1_72' title='bbox 1570 1283 1622 1330; x_wconf 92' lang='lat' dir='ltr'><strong>et</strong></span> <span class='ocrx_word' id='word_1_73' title='bbox 1654 1273 1817 1329; x_wconf 91' lang='lat' dir='ltr'><strong>menti</strong></span> <span class='ocrx_word' id='word_1_74' title='bbox 1848 1280 2039 1328; x_wconf 74' lang='lat' dir='ltr'><strong>vestra:</strong></span> 
     </span>
    </p>
   </div>
   <div class='ocr_carea' id='block_1_12' title="bbox 439 1363 2036 1436">
    <p class='ocr_par' dir='ltr' id='par_1_12' title="bbox 439 1363 2036 1436">
     <span class='ocr_line' id='line_1_12' title="bbox 439 1363 2036 1436; baseline -0.004 -15"><span class='ocrx_word' id='word_1_75' title='bbox 439 1367 578 1421; x_wconf 82' lang='lat' dir='ltr'><strong>bene</strong></span> <span class='ocrx_word' id='word_1_76' title='bbox 597 1364 1007 1433; x_wconf 85' lang='lat' dir='ltr'><strong>eotnmendetis,</strong></span> <span class='ocrx_word' id='word_1_77' title='bbox 1035 1373 1089 1420; x_wconf 93' lang='lat' dir='ltr'><strong>et</strong></span> <span class='ocrx_word' id='word_1_78' title='bbox 1115 1364 1425 1436; x_wconf 79' lang='lat' dir='ltr'><strong>qumidiana</strong></span> <span class='ocrx_word' id='word_1_79' title='bbox 1455 1364 1804 1421; x_wconf 81' lang='lat' dir='ltr'><strong>meditatione</strong></span> <span class='ocrx_word' id='word_1_80' title='bbox 1830 1363 2036 1417; x_wconf 83' lang='lat' dir='ltr'><strong>firmam</strong></span> 
     </span>
    </p>
   </div>
   <div class='ocr_carea' id='block_1_13' title="bbox 446 1454 2036 1513">
    <p class='ocr_par' dir='ltr' id='par_1_13' title="bbox 446 1454 2036 1513">
     <span class='ocr_line' id='line_1_13' title="bbox 446 1454 2036 1513; baseline -0.001 0"><span class='ocrx_word' id='word_1_81' title='bbox 446 1458 522 1513; x_wconf 85' lang='lat' dir='ltr'><strong>rei</strong></span> <span class='ocrx_word' id='word_1_82' title='bbox 555 1456 868 1512; x_wconf 86' lang='lat' dir='ltr'><strong>memoriam</strong></span> <span class='ocrx_word' id='word_1_83' title='bbox 900 1457 1144 1513; x_wconf 86' lang='lat' dir='ltr'><strong>teneatis.</strong></span> <span class='ocrx_word' id='word_1_84' title='bbox 1191 1456 1395 1511; x_wconf 85' lang='lat' dir='ltr'><strong>\‘cllem</strong></span> <span class='ocrx_word' id='word_1_85' title='bbox 1420 1456 1569 1512; x_wconf 86' lang='lat' dir='ltr'><strong>enim</strong></span> <span class='ocrx_word' id='word_1_86' title='bbox 1607 1470 1704 1511; x_wconf 88' lang='lat' dir='ltr'><strong>vos</strong></span> <span class='ocrx_word' id='word_1_87' title='bbox 1745 1471 1850 1511; x_wconf 92' lang='lat' dir='ltr'><strong>non</strong></span> <span class='ocrx_word' id='word_1_88' title='bbox 1881 1454 2036 1511; x_wconf 91' lang='lat' dir='ltr'><strong>vobis</strong></span> 
     </span>
    </p>
   </div>
   <div class='ocr_carea' id='block_1_14' title="bbox 440 1545 2042 1618">
    <p class='ocr_par' dir='ltr' id='par_1_14' title="bbox 440 1545 2042 1618">
     <span class='ocr_line' id='line_1_14' title="bbox 440 1545 2042 1618; baseline 0 -18"><span class='ocrx_word' id='word_1_89' title='bbox 440 1557 651 1602; x_wconf 88' lang='lat' dir='ltr'><strong>tantum</strong></span> <span class='ocrx_word' id='word_1_90' title='bbox 673 1547 951 1617; x_wconf 88' lang='lat' dir='ltr'><strong>prolicere,</strong></span> <span class='ocrx_word' id='word_1_91' title='bbox 969 1546 1062 1601; x_wconf 89' lang='lat' dir='ltr'><strong>sed</strong></span> <span class='ocrx_word' id='word_1_92' title='bbox 1090 1557 1145 1601; x_wconf 90' lang='lat' dir='ltr'><strong>ct</strong></span> <span class='ocrx_word' id='word_1_93' title='bbox 1165 1546 1391 1602; x_wconf 90' lang='lat' dir='ltr'><strong>aliorum</strong></span> <span class='ocrx_word' id='word_1_94' title='bbox 1418 1545 1533 1603; x_wconf 86' lang='lat' dir='ltr'><strong>fieri</strong></span> <span class='ocrx_word' id='word_1_95' title='bbox 1562 1547 1870 1618; x_wconf 89' lang='lat' dir='ltr'><strong>magistros,</strong></span> <span class='ocrx_word' id='word_1_96' title='bbox 1899 1546 1969 1601; x_wconf 90' lang='lat' dir='ltr'><strong>ita</strong></span> <span class='ocrx_word' id='word_1_97' title='bbox 1986 1554 2042 1603; x_wconf 88' lang='lat' dir='ltr'><strong>ut</strong></span> 
     </span>
    </p>
   </div>
   <div class='ocr_carea' id='block_1_15' title="bbox 446 1639 2043 1713">
    <p class='ocr_par' dir='ltr' id='par_1_15' title="bbox 446 1639 2043 1713">
     <span class='ocr_line' id='line_1_15' title="bbox 446 1639 2043 1713; baseline -0.002 -17"><span class='ocrx_word' id='word_1_98' title='bbox 446 1642 665 1712; x_wconf 84' lang='lat' dir='ltr'><strong>possitis</strong></span> <span class='ocrx_word' id='word_1_99' title='bbox 681 1641 841 1698; x_wconf 88' lang='lat' dir='ltr'><strong>etiam</strong></span> <span class='ocrx_word' id='word_1_100' title='bbox 869 1640 1006 1695; x_wconf 85' lang='lat' dir='ltr'><strong>alios</strong></span> <span class='ocrx_word' id='word_1_101' title='bbox 1030 1639 1342 1707; x_wconf 86' lang='lat' dir='ltr'><strong>admonere,</strong></span> <span class='ocrx_word' id='word_1_102' title='bbox 1369 1655 1545 1713; x_wconf 88' lang='lat' dir='ltr'><strong>neque</strong></span> <span class='ocrx_word' id='word_1_103' title='bbox 1563 1640 1665 1695; x_wconf 93' lang='lat' dir='ltr'><strong>hoc</strong></span> <span class='ocrx_word' id='word_1_104' title='bbox 1694 1639 1873 1695; x_wconf 89' lang='lat' dir='ltr'><strong>verbis</strong></span> <span class='ocrx_word' id='word_1_105' title='bbox 1890 1639 2043 1694; x_wconf 82' lang='lat' dir='ltr'><strong>dum—</strong></span> 
     </span>
    </p>
   </div>
   <div class='ocr_carea' id='block_1_16' title="bbox 441 1730 2042 1807">
    <p class='ocr_par' dir='ltr' id='par_1_16' title="bbox 441 1730 2042 1807">
     <span class='ocr_line' id='line_1_16' title="bbox 441 1730 2042 1807; baseline 0 -19"><span class='ocrx_word' id='word_1_106' title='bbox 441 1742 593 1793; x_wconf 80' lang='lat' dir='ltr'><strong>taxat</strong></span> <span class='ocrx_word' id='word_1_107' title='bbox 637 1748 829 1807; x_wconf 85' lang='lat' dir='ltr'><strong>agerc,</strong></span> <span class='ocrx_word' id='word_1_108' title='bbox 878 1733 974 1790; x_wconf 89' lang='lat' dir='ltr'><strong>scd</strong></span> <span class='ocrx_word' id='word_1_109' title='bbox 1008 1742 1066 1791; x_wconf 88' lang='lat' dir='ltr'><strong>et</strong></span> <span class='ocrx_word' id='word_1_110' title='bbox 1108 1733 1362 1804; x_wconf 83' lang='lat' dir='ltr'><strong>operibus</strong></span> <span class='ocrx_word' id='word_1_111' title='bbox 1402 1732 1617 1788; x_wconf 86' lang='lat' dir='ltr'><strong>erudire</strong></span> <span class='ocrx_word' id='word_1_112' title='bbox 1665 1732 1938 1802; x_wconf 75' lang='lat' dir='ltr'><strong>proximos</strong></span> <span class='ocrx_word' id='word_1_113' title='bbox 1975 1730 2042 1788; x_wconf 88' lang='lat' dir='ltr'><strong>ad</strong></span> 
     </span>
    </p>
   </div>
   <div class='ocr_carea' id='block_1_17' title="bbox 446 1822 2040 1895">
    <p class='ocr_par' dir='ltr' id='par_1_17' title="bbox 446 1822 2040 1895">
     <span class='ocr_line' id='line_1_17' title="bbox 446 1822 2040 1895; baseline 0.001 -19"><span class='ocrx_word' id='word_1_114' title='bbox 446 1824 766 1895; x_wconf 56' lang='lat' dir='ltr'><strong>prum-larum</strong></span> <span class='ocrx_word' id='word_1_115' title='bbox 794 1824 1005 1879; x_wconf 90' lang='lat' dir='ltr'><strong>virtutis</strong></span> <span class='ocrx_word' id='word_1_116' title='bbox 1022 1823 1084 1878; x_wconf 90' lang='lat' dir='ltr'><strong>of</strong></span> <span class='ocrx_word' id='word_1_117' title='bbox 1085 1824 1282 1878; x_wconf 88' lang='lat' dir='ltr'><strong>licium.</strong></span> <span class='ocrx_word' id='word_1_118' title='bbox 1301 1823 1566 1895; x_wconf 77' lang='lat' dir='ltr'><strong>Cogitate,</strong></span> <span class='ocrx_word' id='word_1_119' title='bbox 1589 1838 1709 1890; x_wconf 91' lang='lat' dir='ltr'><strong>oro,</strong></span> <span class='ocrx_word' id='word_1_120' title='bbox 1729 1824 1773 1879; x_wconf 90' lang='lat' dir='ltr'><strong>si</strong></span> <span class='ocrx_word' id='word_1_121' title='bbox 1804 1837 1919 1888; x_wconf 90' lang='lat' dir='ltr'><strong>vos,</strong></span> <span class='ocrx_word' id='word_1_122' title='bbox 1949 1822 2040 1892; x_wconf 85' lang='lat' dir='ltr'><strong>qui</strong></span> 
     </span>
    </p>
   </div>
   <div class='ocr_carea' id='block_1_18' title="bbox 445 1915 2044 1987">
    <p class='ocr_par' dir='ltr' id='par_1_18' title="bbox 445 1915 2044 1987">
     <span class='ocr_line' id='line_1_18' title="bbox 445 1915 2044 1987; baseline 0 -16"><span class='ocrx_word' id='word_1_123' title='bbox 445 1916 537 1971; x_wconf 90' lang='lat' dir='ltr'><strong>hic</strong></span> <span class='ocrx_word' id='word_1_124' title='bbox 563 1915 820 1984; x_wconf 72' lang='lat' dir='ltr'><strong>affuistis,</strong></span> <span class='ocrx_word' id='word_1_125' title='bbox 848 1916 1085 1987; x_wconf 89' lang='lat' dir='ltr'><strong>quotidie</strong></span> <span class='ocrx_word' id='word_1_126' title='bbox 1130 1916 1517 1986; x_wconf 72' lang='lat' dir='ltr'><strong>portiunculam</strong></span> <span class='ocrx_word' id='word_1_127' title='bbox 1560 1924 1765 1972; x_wconf 90' lang='lat' dir='ltr'><strong>tantum</strong></span> <span class='ocrx_word' id='word_1_128' title='bbox 1807 1915 2044 1986; x_wconf 88' lang='lat' dir='ltr'><strong>accepis-</strong></span> 
     </span>
    </p>
   </div>
   <div class='ocr_carea' id='block_1_19' title="bbox 441 2006 2044 2081">
    <p class='ocr_par' dir='ltr' id='par_1_19' title="bbox 441 2006 2044 2081">
     <span class='ocr_line' id='line_1_19' title="bbox 441 2006 2044 2081; baseline 0.002 -18"><span class='ocrx_word' id='word_1_129' title='bbox 441 2008 580 2063; x_wconf 89' lang='lat' dir='ltr'><strong>setis</strong></span> <span class='ocrx_word' id='word_1_130' title='bbox 607 2007 672 2062; x_wconf 83' lang='lat' dir='ltr'><strong>ad</strong></span> <span class='ocrx_word' id='word_1_131' title='bbox 699 2006 1065 2063; x_wconf 82' lang='lat' dir='ltr'><strong>emendandas</strong></span> <span class='ocrx_word' id='word_1_132' title='bbox 1093 2007 1430 2063; x_wconf 81' lang='lat' dir='ltr'><strong>alfectionum</strong></span> <span class='ocrx_word' id='word_1_133' title='bbox 1456 2009 1909 2080; x_wconf 86' lang='lat' dir='ltr'><strong>perturbationes,</strong></span> <span class='ocrx_word' id='word_1_134' title='bbox 1931 2009 2044 2081; x_wconf 87' lang='lat' dir='ltr'><strong>jam</strong></span> 
     </span>
    </p>
   </div>
   <div class='ocr_carea' id='block_1_20' title="bbox 441 2098 2042 2173">
    <p class='ocr_par' dir='ltr' id='par_1_20' title="bbox 441 2098 2042 2173">
     <span class='ocr_line' id='line_1_20' title="bbox 441 2098 2042 2173; baseline 0.001 -20"><span class='ocrx_word' id='word_1_135' title='bbox 441 2098 517 2154; x_wconf 83' lang='lat' dir='ltr'><strong>ad</strong></span> <span class='ocrx_word' id='word_1_136' title='bbox 567 2114 832 2154; x_wconf 90' lang='lat' dir='ltr'><strong>summum</strong></span> <span class='ocrx_word' id='word_1_137' title='bbox 879 2100 1093 2173; x_wconf 81' lang='lat' dir='ltr'><strong>aliquod</strong></span> <span class='ocrx_word' id='word_1_138' title='bbox 1138 2100 1408 2173; x_wconf 79' lang='lat' dir='ltr'><strong>fastigium</strong></span> <span class='ocrx_word' id='word_1_139' title='bbox 1454 2111 1807 2173; x_wconf 89' lang='lat' dir='ltr'><strong>perventuros</strong></span> <span class='ocrx_word' id='word_1_140' title='bbox 1857 2102 2042 2159; x_wconf 75' lang='lat' dir='ltr'><strong>fuisse.</strong></span> 
     </span>
    </p>
   </div>
   <div class='ocr_carea' id='block_1_21' title="bbox 454 2191 2046 2263">
    <p class='ocr_par' dir='ltr' id='par_1_21' title="bbox 454 2191 2046 2263">
     <span class='ocr_line' id='line_1_21' title="bbox 454 2191 2046 2263; baseline 0.002 -16"><span class='ocrx_word' id='word_1_141' title='bbox 454 2191 589 2247; x_wconf 78' lang='lat' dir='ltr'><strong>Nam</strong></span> <span class='ocrx_word' id='word_1_142' title='bbox 621 2208 726 2247; x_wconf 91' lang='lat' dir='ltr'><strong>non</strong></span> <span class='ocrx_word' id='word_1_143' title='bbox 758 2207 1034 2248; x_wconf 86' lang='lat' dir='ltr'><strong>cessamus</strong></span> <span class='ocrx_word' id='word_1_144' title='bbox 1059 2193 1383 2263; x_wconf 90' lang='lat' dir='ltr'><strong>quotidianis</strong></span> <span class='ocrx_word' id='word_1_145' title='bbox 1407 2195 1746 2250; x_wconf 85' lang='lat' dir='ltr'><strong>sermonibus</strong></span> <span class='ocrx_word' id='word_1_146' title='bbox 1775 2194 2046 2250; x_wconf 86' lang='lat' dir='ltr'><strong>inculcare</strong></span> 
     </span>
    </p>
   </div>
   <div class='ocr_carea' id='block_1_22' title="bbox 446 2283 2044 2359">
    <p class='ocr_par' dir='ltr' id='par_1_22' title="bbox 446 2283 2044 2359">
     <span class='ocr_line' id='line_1_22' title="bbox 446 2283 2044 2359; baseline 0.003 -21"><span class='ocrx_word' id='word_1_147' title='bbox 446 2283 669 2340; x_wconf 88' lang='lat' dir='ltr'><strong>auribus</strong></span> <span class='ocrx_word' id='word_1_148' title='bbox 697 2285 913 2351; x_wconf 88' lang='lat' dir='ltr'><strong>vestris,</strong></span> <span class='ocrx_word' id='word_1_149' title='bbox 944 2301 1064 2357; x_wconf 63' lang='lat' dir='ltr'><strong>quae</strong></span> <span class='ocrx_word' id='word_1_150' title='bbox 1091 2285 1158 2341; x_wconf 90' lang='lat' dir='ltr'><strong>ad</strong></span> <span class='ocrx_word' id='word_1_151' title='bbox 1185 2286 1560 2343; x_wconf 88' lang='lat' dir='ltr'><strong>instituendam</strong></span> <span class='ocrx_word' id='word_1_152' title='bbox 1591 2289 1849 2359; x_wconf 88' lang='lat' dir='ltr'><strong>optimam</strong></span> <span class='ocrx_word' id='word_1_153' title='bbox 1883 2287 2044 2343; x_wconf 90' lang='lat' dir='ltr'><strong>vitam</strong></span> 
     </span>
    </p>
   </div>
   <div class='ocr_carea' id='block_1_23' title="bbox 448 2378 2043 2449">
    <p class='ocr_par' dir='ltr' id='par_1_23' title="bbox 448 2378 2043 2449">
     <span class='ocr_line' id='line_1_23' title="bbox 448 2378 2043 2449; baseline 0.001 -17"><span class='ocrx_word' id='word_1_154' title='bbox 448 2379 704 2449; x_wconf 90' lang='lat' dir='ltr'><strong>attinent,</strong></span> <span class='ocrx_word' id='word_1_155' title='bbox 736 2388 791 2433; x_wconf 91' lang='lat' dir='ltr'><strong>ut</strong></span> <span class='ocrx_word' id='word_1_156' title='bbox 821 2378 1162 2440; x_wconf 89' lang='lat' dir='ltr'><strong>eradicentur</strong></span> <span class='ocrx_word' id='word_1_157' title='bbox 1186 2379 1313 2435; x_wconf 90' lang='lat' dir='ltr'><strong>mali</strong></span> <span class='ocrx_word' id='word_1_158' title='bbox 1339 2380 1426 2435; x_wconf 88' lang='lat' dir='ltr'><strong>isti</strong></span> <span class='ocrx_word' id='word_1_159' title='bbox 1454 2380 1699 2446; x_wconf 71' lang='lat' dir='ltr'><strong>affectus,</strong></span> <span class='ocrx_word' id='word_1_160' title='bbox 1726 2379 1860 2435; x_wconf 89' lang='lat' dir='ltr'><strong>iram</strong></span> <span class='ocrx_word' id='word_1_161' title='bbox 1886 2379 2043 2446; x_wconf 86' lang='lat' dir='ltr'><strong>dico;</strong></span> 
     </span>
    </p>
   </div>
   <div class='ocr_carea' id='block_1_24' title="bbox 450 2471 2050 2544">
    <p class='ocr_par' dir='ltr' id='par_1_24' title="bbox 450 2471 2050 2544">
     <span class='ocr_line' id='line_1_24' title="bbox 450 2471 2050 2544; baseline 0.001 -19"><span class='ocrx_word' id='word_1_162' title='bbox 450 2471 707 2527; x_wconf 79' lang='lat' dir='ltr'><strong>invidiam</strong></span> <span class='ocrx_word' id='word_1_163' title='bbox 745 2481 799 2527; x_wconf 90' lang='lat' dir='ltr'><strong>et</strong></span> <span class='ocrx_word' id='word_1_164' title='bbox 828 2472 1050 2528; x_wconf 81' lang='lat' dir='ltr'><strong>livorem</strong></span> <span class='ocrx_word' id='word_1_165' title='bbox 1085 2491 1099 2528; x_wconf 88' lang='lat'><strong>:</strong></span> <span class='ocrx_word' id='word_1_166' title='bbox 1129 2473 1322 2544; x_wconf 84' lang='lat' dir='ltr'><strong>quibus</strong></span> <span class='ocrx_word' id='word_1_167' title='bbox 1347 2472 1573 2529; x_wconf 88' lang='lat' dir='ltr'><strong>sublatis</strong></span> <span class='ocrx_word' id='word_1_168' title='bbox 1592 2516 1607 2541; x_wconf 93' lang='lat'><strong>,</strong></span> <span class='ocrx_word' id='word_1_169' title='bbox 1641 2472 1847 2530; x_wconf 87' lang='lat' dir='ltr'><strong>facilius</strong></span> <span class='ocrx_word' id='word_1_170' title='bbox 1875 2481 1932 2529; x_wconf 88' lang='lat' dir='ltr'><strong>et</strong></span> <span class='ocrx_word' id='word_1_171' title='bbox 1968 2472 2050 2528; x_wconf 88' lang='lat' dir='ltr'><strong>in-</strong></span> 
     </span>
    </p>
   </div>
   <div class='ocr_carea' id='block_1_25' title="bbox 451 2561 2050 2635">
    <p class='ocr_par' dir='ltr' id='par_1_25' title="bbox 451 2561 2050 2635">
     <span class='ocr_line' id='line_1_25' title="bbox 451 2561 2050 2635; baseline 0.003 -19"><span class='ocrx_word' id='word_1_172' title='bbox 451 2561 604 2617; x_wconf 85' lang='lat' dir='ltr'><strong>sania</strong></span> <span class='ocrx_word' id='word_1_173' title='bbox 649 2562 736 2621; x_wconf 91' lang='lat' dir='ltr'><strong>illa</strong></span> <span class='ocrx_word' id='word_1_174' title='bbox 770 2562 823 2617; x_wconf 91' lang='lat' dir='ltr'><strong>in</strong></span> <span class='ocrx_word' id='word_1_175' title='bbox 862 2563 1177 2634; x_wconf 72' lang='lat' dir='ltr'><strong>colligendis</strong></span> <span class='ocrx_word' id='word_1_176' title='bbox 1219 2564 1458 2635; x_wconf 84' lang='lat' dir='ltr'><strong>pecuniis</strong></span> <span class='ocrx_word' id='word_1_177' title='bbox 1486 2564 1915 2621; x_wconf 89' lang='lat' dir='ltr'><strong>emendationem</strong></span> <span class='ocrx_word' id='word_1_178' title='bbox 1951 2563 2050 2620; x_wconf 91' lang='lat' dir='ltr'><strong>ad-</strong></span> 
     </span>
    </p>
   </div>
   <div class='ocr_carea' id='block_1_26' title="bbox 450 2652 2050 2728">
    <p class='ocr_par' dir='ltr' id='par_1_26' title="bbox 450 2652 2050 2728">
     <span class='ocr_line' id='line_1_26' title="bbox 450 2652 2050 2728; baseline 0.003 -23"><span class='ocrx_word' id='word_1_179' title='bbox 450 2652 688 2709; x_wconf 81' lang='lat' dir='ltr'><strong>mitteret</strong></span> <span class='ocrx_word' id='word_1_180' title='bbox 735 2652 859 2728; x_wconf 83' lang='lat' dir='ltr'><strong>:(a)</strong></span> <span class='ocrx_word' id='word_1_181' title='bbox 889 2663 944 2709; x_wconf 89' lang='lat' dir='ltr'><strong>et</strong></span> <span class='ocrx_word' id='word_1_182' title='bbox 984 2662 1230 2710; x_wconf 86' lang='lat' dir='ltr'><strong>cessante</strong></span> <span class='ocrx_word' id='word_1_183' title='bbox 1279 2654 1484 2710; x_wconf 85' lang='lat' dir='ltr'><strong>insania</strong></span> <span class='ocrx_word' id='word_1_184' title='bbox 1530 2655 1806 2724; x_wconf 83' lang='lat' dir='ltr'><strong>avaritiae,</strong></span> <span class='ocrx_word' id='word_1_185' title='bbox 1858 2654 2050 2727; x_wconf 79' lang='lat' dir='ltr'><strong>majori</strong></span> 
     </span>
    </p>
   </div>
   <div class='ocr_carea' id='block_1_27' title="bbox 454 2750 2050 2824">
    <p class='ocr_par' dir='ltr' id='par_1_27' title="bbox 454 2750 2050 2824">
     <span class='ocr_line' id='line_1_27' title="bbox 454 2750 2050 2824; baseline 0.004 -22"><span class='ocrx_word' id='word_1_186' title='bbox 454 2750 744 2806; x_wconf 86' lang='lat' dir='ltr'><strong>securitate</strong></span> <span class='ocrx_word' id='word_1_187' title='bbox 796 2751 993 2806; x_wconf 74' lang='lat' dir='ltr'><strong>illicita:</strong></span> <span class='ocrx_word' id='word_1_188' title='bbox 1035 2750 1298 2822; x_wconf 71' lang='lat' dir='ltr'><strong>fteda‘que</strong></span> <span class='ocrx_word' id='word_1_189' title='bbox 1337 2752 1690 2824; x_wconf 80' lang='lat' dir='ltr'><strong>cogitationes</strong></span> <span class='ocrx_word' id='word_1_190' title='bbox 1727 2752 2050 2823; x_wconf 87' lang='lat' dir='ltr'><strong>comprime-</strong></span> 
     </span>
    </p>
   </div>
   <div class='ocr_carea' id='block_1_28' title="bbox 452 2841 2052 2902">
    <p class='ocr_par' dir='ltr' id='par_1_28' title="bbox 452 2841 2052 2902">
     <span class='ocr_line' id='line_1_28' title="bbox 452 2841 2052 2902; baseline 0.006 -8"><span class='ocrx_word' id='word_1_191' title='bbox 452 2849 687 2896; x_wconf 87' lang='lat' dir='ltr'><strong>rentur:</strong></span> <span class='ocrx_word' id='word_1_192' title='bbox 741 2841 910 2897; x_wconf 72' lang='lat' dir='ltr'><strong>findit</strong></span> <span class='ocrx_word' id='word_1_193' title='bbox 954 2843 1089 2899; x_wconf 78' lang='lat' dir='ltr'><strong>enim</strong></span> <span class='ocrx_word' id='word_1_194' title='bbox 1138 2843 1369 2900; x_wconf 82' lang='lat' dir='ltr'><strong>ontuium</strong></span> <span class='ocrx_word' id='word_1_195' title='bbox 1424 2845 1676 2900; x_wconf 84' lang='lat' dir='ltr'><strong>malorum</strong></span> <span class='ocrx_word' id='word_1_196' title='bbox 1715 2851 1787 2901; x_wconf 79' lang='lat' dir='ltr'><strong>est</strong></span> <span class='ocrx_word' id='word_1_197' title='bbox 1835 2844 2052 2902; x_wconf 80' lang='lat' dir='ltr'><strong>auaritia</strong></span> 
     </span>
    </p>
   </div>
   <div class='ocr_carea' id='block_1_29' title="bbox 454 2933 2054 3006">
    <p class='ocr_par' dir='ltr' id='par_1_29' title="bbox 454 2933 2054 3006">
     <span class='ocr_line' id='line_1_29' title="bbox 454 2933 2054 3006; baseline 0.001 -17"><span class='ocrx_word' id='word_1_198' title='bbox 454 2934 536 3002; x_wconf 85' lang='grc' dir='ltr'><strong>(Ι.</strong></span> <span class='ocrx_word' id='word_1_199' title='bbox 562 2933 693 2988; x_wconf 85' lang='lat' dir='ltr'><strong>Tim.</strong></span> <span class='ocrx_word' id='word_1_200' title='bbox 724 2934 779 2990; x_wconf 82' lang='lat'><strong>6.</strong></span> <span class='ocrx_word' id='word_1_201' title='bbox 818 2933 925 3006; x_wconf 82' lang='lat' dir='ltr'><strong>l0).</strong></span> <span class='ocrx_word' id='word_1_202' title='bbox 961 2934 1114 3003; x_wconf 84' lang='lat' dir='ltr'><strong>Quod</strong></span> <span class='ocrx_word' id='word_1_203' title='bbox 1155 2935 1201 2993; x_wconf 92' lang='lat' dir='ltr'><strong>si</strong></span> <span class='ocrx_word' id='word_1_204' title='bbox 1245 2934 1483 2992; x_wconf 82' lang='lat' dir='ltr'><strong>radicem</strong></span> <span class='ocrx_word' id='word_1_205' title='bbox 1530 2936 1957 3003; x_wconf 81' lang='lat' dir='ltr'><strong>resccuerimus,</strong></span> <span class='ocrx_word' id='word_1_206' title='bbox 1996 2943 2054 2992; x_wconf 87' lang='lat' dir='ltr'><strong>et</strong></span> 
     </span>
    </p>
   </div>
   <div class='ocr_carea' id='block_1_30' title="bbox 458 3026 2048 3099">
    <p class='ocr_par' dir='ltr' id='par_1_30' title="bbox 458 3026 2048 3099">
     <span class='ocr_line' id='line_1_30' title="bbox 458 3026 2048 3099; baseline 0.003 -19"><span class='ocrx_word' id='word_1_207' title='bbox 458 3026 692 3082; x_wconf 87' lang='lat' dir='ltr'><strong>funditus</strong></span> <span class='ocrx_word' id='word_1_208' title='bbox 720 3027 1223 3099; x_wconf 75' lang='lat' dir='ltr'><strong>exstirpaverimus,</strong></span> <span class='ocrx_word' id='word_1_209' title='bbox 1257 3028 1466 3086; x_wconf 88' lang='lat' dir='ltr'><strong>facilius</strong></span> <span class='ocrx_word' id='word_1_210' title='bbox 1496 3044 1678 3087; x_wconf 84' lang='lat' dir='ltr'><strong>ramos</strong></span> <span class='ocrx_word' id='word_1_211' title='bbox 1712 3028 1896 3089; x_wconf 88' lang='lat' dir='ltr'><strong>licebit</strong></span> <span class='ocrx_word' id='word_1_212' title='bbox 1934 3043 2048 3084; x_wconf 86' lang='lat' dir='ltr'><strong>am—</strong></span> 
     </span>
    </p>
   </div>
   <div class='ocr_carea' id='block_1_31' title="bbox 455 3118 2053 3191">
    <p class='ocr_par' dir='ltr' id='par_1_31' title="bbox 455 3118 2053 3191">
     <span class='ocr_line' id='line_1_31' title="bbox 455 3118 2053 3191; baseline 0.001 -19"><span class='ocrx_word' id='word_1_213' title='bbox 455 3128 664 3190; x_wconf 86' lang='lat' dir='ltr'><strong>putare.</strong></span> <span class='ocrx_word' id='word_1_214' title='bbox 696 3120 806 3174; x_wconf 80' lang='lat' dir='ltr'><strong>Arx</strong></span> <span class='ocrx_word' id='word_1_215' title='bbox 849 3120 992 3175; x_wconf 89' lang='lat' dir='ltr'><strong>enim</strong></span> <span class='ocrx_word' id='word_1_216' title='bbox 1038 3120 1334 3187; x_wconf 89' lang='lat' dir='ltr'><strong>malorum.</strong></span> <span class='ocrx_word' id='word_1_217' title='bbox 1364 3120 1746 3191; x_wconf 81' lang='lat' dir='ltr'><strong>ctc010phon,</strong></span> <span class='ocrx_word' id='word_1_218' title='bbox 1780 3129 1839 3175; x_wconf 90' lang='lat' dir='ltr'><strong>ut</strong></span> <span class='ocrx_word' id='word_1_219' title='bbox 1873 3119 1944 3176; x_wconf 91' lang='lat' dir='ltr'><strong>ita</strong></span> <span class='ocrx_word' id='word_1_220' title='bbox 1970 3118 2053 3174; x_wconf 85' lang='lat' dir='ltr'><strong>di-</strong></span> 
     </span>
    </p>
   </div>
   <div class='ocr_carea' id='block_1_32' title="bbox 456 3212 2056 3285">
    <p class='ocr_par' dir='ltr' id='par_1_32' title="bbox 456 3212 2056 3285">
     <span class='ocr_line' id='line_1_32' title="bbox 456 3212 2056 3285; baseline 0.001 -18"><span class='ocrx_word' id='word_1_221' title='bbox 456 3227 597 3277; x_wconf 87' lang='lat' dir='ltr'><strong>eam,</strong></span> <span class='ocrx_word' id='word_1_222' title='bbox 628 3221 1007 3282; x_wconf 87' lang='lat' dir='ltr'><strong>peccatorum,</strong></span> <span class='ocrx_word' id='word_1_223' title='bbox 1049 3222 1130 3269; x_wconf 91' lang='lat' dir='ltr'><strong>cst</strong></span> <span class='ocrx_word' id='word_1_224' title='bbox 1156 3213 1335 3276; x_wconf 59' lang='lat' dir='ltr'><strong>rabms</strong></span> <span class='ocrx_word' id='word_1_225' title='bbox 1360 3214 1449 3269; x_wconf 90' lang='lat' dir='ltr'><strong>illa</strong></span> <span class='ocrx_word' id='word_1_226' title='bbox 1477 3213 1893 3285; x_wconf 87' lang='lat' dir='ltr'><strong>colligendarum</strong></span> <span class='ocrx_word' id='word_1_227' title='bbox 1920 3212 2056 3269; x_wconf 85' lang='lat' dir='ltr'><strong>divi—</strong></span> 
     </span>
    </p>
   </div>
   <div class='ocr_carea' id='block_1_33' title="bbox 455 3304 2052 3376">
    <p class='ocr_par' dir='ltr' id='par_1_33' title="bbox 455 3304 2052 3376">
     <span class='ocr_line' id='line_1_33' title="bbox 455 3304 2052 3376; baseline 0.006 -20"><span class='ocrx_word' id='word_1_228' title='bbox 455 3304 678 3371; x_wconf 87' lang='lat' dir='ltr'><strong>tiarum,</strong></span> <span class='ocrx_word' id='word_1_229' title='bbox 707 3319 866 3374; x_wconf 89' lang='lat' dir='ltr'><strong>quam</strong></span> <span class='ocrx_word' id='word_1_230' title='bbox 891 3304 937 3360; x_wconf 91' lang='lat' dir='ltr'><strong>si</strong></span> <span class='ocrx_word' id='word_1_231' title='bbox 959 3304 1178 3361; x_wconf 90' lang='lat' dir='ltr'><strong>domare</strong></span> <span class='ocrx_word' id='word_1_232' title='bbox 1200 3304 1554 3373; x_wconf 78' lang='lat' dir='ltr'><strong>voluerimus,</strong></span> <span class='ocrx_word' id='word_1_233' title='bbox 1579 3304 1708 3359; x_wconf 83' lang='lat' dir='ltr'><strong>nihil</strong></span> <span class='ocrx_word' id='word_1_234' title='bbox 1736 3314 1901 3371; x_wconf 83' lang='lat' dir='ltr'><strong>vetat,</strong></span> <span class='ocrx_word' id='word_1_235' title='bbox 1924 3305 2052 3376; x_wconf 85' lang='lat' dir='ltr'><strong>quin</strong></span> 
     </span>
    </p>
   </div>
   <div class='ocr_carea' id='block_1_34' title="bbox 455 3396 2056 3467">
    <p class='ocr_par' dir='ltr' id='par_1_34' title="bbox 455 3396 2056 3467">
     <span class='ocr_line' id='line_1_34' title="bbox 455 3396 2056 3467; baseline 0.001 -15"><span class='ocrx_word' id='word_1_236' title='bbox 455 3397 617 3453; x_wconf 86' lang='lat' dir='ltr'><strong>simul</strong></span> <span class='ocrx_word' id='word_1_237' title='bbox 643 3406 697 3454; x_wconf 90' lang='lat' dir='ltr'><strong>et</strong></span> <span class='ocrx_word' id='word_1_238' title='bbox 722 3398 821 3453; x_wconf 89' lang='lat' dir='ltr'><strong>hac</strong></span> <span class='ocrx_word' id='word_1_239' title='bbox 850 3398 1052 3455; x_wconf 82' lang='lat' dir='ltr'><strong>insania</strong></span> <span class='ocrx_word' id='word_1_240' title='bbox 1081 3399 1387 3467; x_wconf 84' lang='lat' dir='ltr'><strong>liberemur,</strong></span> <span class='ocrx_word' id='word_1_241' title='bbox 1414 3406 1469 3455; x_wconf 91' lang='lat' dir='ltr'><strong>ct</strong></span> <span class='ocrx_word' id='word_1_242' title='bbox 1489 3413 1610 3455; x_wconf 91' lang='lat' dir='ltr'><strong>cum</strong></span> <span class='ocrx_word' id='word_1_243' title='bbox 1632 3396 1732 3459; x_wconf 84' lang='lat' dir='ltr'><strong>hac</strong></span> <span class='ocrx_word' id='word_1_244' title='bbox 1760 3397 2056 3454; x_wconf 82' lang='lat' dir='ltr'><strong>evellamus</strong></span> 
     </span>
    </p>
   </div>
   <div class='ocr_carea' id='block_1_35' title="bbox 459 3490 2056 3563">
    <p class='ocr_par' dir='ltr' id='par_1_35' title="bbox 459 3490 2056 3563">
     <span class='ocr_line' id='line_1_35' title="bbox 459 3490 2056 3563; baseline 0.002 -17"><span class='ocrx_word' id='word_1_245' title='bbox 459 3491 879 3549; x_wconf 89' lang='lat' dir='ltr'><strong>cteradicemus</strong></span> <span class='ocrx_word' id='word_1_246' title='bbox 923 3506 1112 3551; x_wconf 87' lang='lat' dir='ltr'><strong>omnes</strong></span> <span class='ocrx_word' id='word_1_247' title='bbox 1157 3491 1488 3563; x_wconf 83' lang='lat' dir='ltr'><strong>perniciosos</strong></span> <span class='ocrx_word' id='word_1_248' title='bbox 1526 3490 1771 3551; x_wconf 82' lang='lat' dir='ltr'><strong>allectus.</strong></span> <span class='ocrx_word' id='word_1_249' title='bbox 1819 3490 1938 3549; x_wconf 89' lang='lat' dir='ltr'><strong>.lam</strong></span> <span class='ocrx_word' id='word_1_250' title='bbox 1988 3505 2056 3549; x_wconf 85' lang='lat' dir='ltr'><strong>ne</strong></span> 
     </span>
    </p>
   </div>
   <div class='ocr_carea' id='block_1_36' title="bbox 458 3584 2055 3657">
    <p class='ocr_par' dir='ltr' id='par_1_36' title="bbox 458 3584 2055 3657">
     <span class='ocr_line' id='line_1_36' title="bbox 458 3584 2055 3657; baseline -0.001 -17"><span class='ocrx_word' id='word_1_251' title='bbox 458 3584 779 3641; x_wconf 78' lang='lat' dir='ltr'><strong>existimetis</strong></span> <span class='ocrx_word' id='word_1_252' title='bbox 809 3600 1059 3657; x_wconf 87' lang='lat' dir='ltr'><strong>magnum</strong></span> <span class='ocrx_word' id='word_1_253' title='bbox 1086 3584 1287 3656; x_wconf 85' lang='lat' dir='ltr'><strong>aliquid</strong></span> <span class='ocrx_word' id='word_1_254' title='bbox 1315 3592 1369 3641; x_wconf 87' lang='lat' dir='ltr'><strong>et</strong></span> <span class='ocrx_word' id='word_1_255' title='bbox 1397 3599 1561 3656; x_wconf 84' lang='lat' dir='ltr'><strong>grave</strong></span> <span class='ocrx_word' id='word_1_256' title='bbox 1590 3598 1712 3640; x_wconf 88' lang='lat' dir='ltr'><strong>esse</strong></span> <span class='ocrx_word' id='word_1_257' title='bbox 1731 3598 1891 3654; x_wconf 90' lang='lat' dir='ltr'><strong>opum</strong></span> <span class='ocrx_word' id='word_1_258' title='bbox 1922 3597 2055 3639; x_wconf 69' lang='lat' dir='ltr'><strong>con-</strong></span> 
     </span>
    </p>
   </div>
   <div class='ocr_carea' id='block_1_37' title="bbox 461 3674 2057 3749">
    <p class='ocr_par' dir='ltr' id='par_1_37' title="bbox 461 3674 2057 3749">
     <span class='ocr_line' id='line_1_37' title="bbox 461 3674 2057 3749; baseline -0.001 -19"><span class='ocrx_word' id='word_1_259' title='bbox 461 3685 749 3749; x_wconf 81' lang='lat' dir='ltr'><strong>templum.</strong></span> <span class='ocrx_word' id='word_1_260' title='bbox 791 3676 926 3745; x_wconf 85' lang='lat' dir='ltr'><strong>Quia</strong></span> <span class='ocrx_word' id='word_1_261' title='bbox 957 3693 1079 3733; x_wconf 84' lang='lat' dir='ltr'><strong>eum</strong></span> <span class='ocrx_word' id='word_1_262' title='bbox 1108 3691 1317 3735; x_wconf 88' lang='lat' dir='ltr'><strong>mecum</strong></span> <span class='ocrx_word' id='word_1_263' title='bbox 1362 3686 1574 3747; x_wconf 84' lang='lat' dir='ltr'><strong>reputo,</strong></span> <span class='ocrx_word' id='word_1_264' title='bbox 1605 3686 1711 3735; x_wconf 86' lang='lat' dir='ltr'><strong>tam</strong></span> <span class='ocrx_word' id='word_1_265' title='bbox 1760 3675 1958 3733; x_wconf 88' lang='lat' dir='ltr'><strong>multos</strong></span> <span class='ocrx_word' id='word_1_266' title='bbox 1986 3674 2057 3730; x_wconf 91' lang='lat' dir='ltr'><strong>ob</strong></span> 
     </span>
    </p>
   </div>
   <div class='ocr_carea' id='block_1_38' title="bbox 461 3764 2062 3843">
    <p class='ocr_par' dir='ltr' id='par_1_38' title="bbox 461 3764 2062 3843">
     <span class='ocr_line' id='line_1_38' title="bbox 461 3764 2062 3843; baseline 0 -22"><span class='ocrx_word' id='word_1_267' title='bbox 461 3767 675 3823; x_wconf 88' lang='lat' dir='ltr'><strong>inanem</strong></span> <span class='ocrx_word' id='word_1_268' title='bbox 708 3777 764 3822; x_wconf 90' lang='lat' dir='ltr'><strong>et</strong></span> <span class='ocrx_word' id='word_1_269' title='bbox 789 3768 1030 3824; x_wconf 91' lang='lat' dir='ltr'><strong>inutilem</strong></span> <span class='ocrx_word' id='word_1_270' title='bbox 1068 3768 1292 3843; x_wconf 76' lang='lat' dir='ltr'><strong>gloriam</strong></span> <span class='ocrx_word' id='word_1_271' title='bbox 1336 3767 1500 3822; x_wconf 90' lang='lat' dir='ltr'><strong>multa</strong></span> <span class='ocrx_word' id='word_1_272' title='bbox 1539 3767 1654 3824; x_wconf 84' lang='lat' dir='ltr'><strong>auri</strong></span> <span class='ocrx_word' id='word_1_273' title='bbox 1700 3765 1898 3827; x_wconf 66' lang='lat' dir='ltr'><strong>talenta</strong></span> <span class='ocrx_word' id='word_1_274' title='bbox 1924 3764 2062 3821; x_wconf 75' lang='lat' dir='ltr'><strong>effu-</strong></span> 
     </span>
    </p>
   </div>
   <div class='ocr_carea' id='block_1_39' title="bbox 462 3857 2058 3926">
    <p class='ocr_par' dir='ltr' id='par_1_39' title="bbox 462 3857 2058 3926">
     <span class='ocr_line' id='line_1_39' title="bbox 462 3857 2058 3926; baseline -0.001 -13"><span class='ocrx_word' id='word_1_275' title='bbox 462 3859 610 3916; x_wconf 88' lang='lat' dir='ltr'><strong>disse</strong></span> <span class='ocrx_word' id='word_1_276' title='bbox 634 3859 687 3914; x_wconf 90' lang='lat' dir='ltr'><strong>in</strong></span> <span class='ocrx_word' id='word_1_277' title='bbox 716 3859 919 3915; x_wconf 82' lang='lat' dir='ltr'><strong>nullam</strong></span> <span class='ocrx_word' id='word_1_278' title='bbox 951 3859 1258 3926; x_wconf 87' lang='lat' dir='ltr'><strong>utilitatem,</strong></span> <span class='ocrx_word' id='word_1_279' title='bbox 1282 3857 1375 3917; x_wconf 85' lang='lat' dir='ltr'><strong>sed</strong></span> <span class='ocrx_word' id='word_1_280' title='bbox 1404 3866 1515 3918; x_wconf 85' lang='lat' dir='ltr'><strong>uta</strong></span> <span class='ocrx_word' id='word_1_281' title='bbox 1532 3857 1975 3919; x_wconf 80' lang='lat' dir='ltr'><strong>circumforaneis</strong></span> <span class='ocrx_word' id='word_1_282' title='bbox 2002 3865 2058 3917; x_wconf 86' lang='lat' dir='ltr'><strong>et</strong></span> 
     </span>
    </p>
   </div>
   <div class='ocr_carea' id='block_1_40' title="bbox 461 3948 2024 4019">
    <p class='ocr_par' dir='ltr' id='par_1_40' title="bbox 461 3948 2024 4019">
     <span class='ocr_line' id='line_1_40' title="bbox 461 3948 2024 4019; baseline 0 -16"><span class='ocrx_word' id='word_1_283' title='bbox 461 3950 763 4006; x_wconf 86' lang='lat' dir='ltr'><strong>trivialibus</strong></span> <span class='ocrx_word' id='word_1_284' title='bbox 803 3950 1140 4007; x_wconf 86' lang='lat' dir='ltr'><strong>homunculis</strong></span> <span class='ocrx_word' id='word_1_285' title='bbox 1176 3962 1509 4019; x_wconf 86' lang='lat' dir='ltr'><strong>aucupentur</strong></span> <span class='ocrx_word' id='word_1_286' title='bbox 1555 3948 1787 4011; x_wconf 88' lang='lat' dir='ltr'><strong>nominis</strong></span> <span class='ocrx_word' id='word_1_287' title='bbox 1827 3948 2024 4009; x_wconf 86' lang='lat' dir='ltr'><strong>celebri</strong></span> 
     </span>
    </p>
   </div>
   <div class='ocr_carea' id='block_1_41' title="bbox 463 4040 2058 4112">
    <p class='ocr_par' dir='ltr' id='par_1_41' title="bbox 463 4040 2058 4112">
     <span class='ocr_line' id='line_1_41' title="bbox 463 4040 2058 4112; baseline -0.001 -17"><span class='ocrx_word' id='word_1_288' title='bbox 463 4049 651 4108; x_wconf 83' lang='lat' dir='ltr'><strong>tatem,</strong></span> <span class='ocrx_word' id='word_1_289' title='bbox 683 4058 804 4112; x_wconf 76' lang='lat' dir='ltr'><strong>qua:</strong></span> <span class='ocrx_word' id='word_1_290' title='bbox 829 4040 895 4099; x_wconf 89' lang='lat' dir='ltr'><strong>ad</strong></span> <span class='ocrx_word' id='word_1_291' title='bbox 925 4056 1205 4109; x_wconf 84' lang='lat' dir='ltr'><strong>vesperam</strong></span> <span class='ocrx_word' id='word_1_292' title='bbox 1227 4040 1452 4107; x_wconf 88' lang='lat' dir='ltr'><strong>desinit,</strong></span> <span class='ocrx_word' id='word_1_293' title='bbox 1497 4050 1552 4096; x_wconf 89' lang='lat' dir='ltr'><strong>et</strong></span> <span class='ocrx_word' id='word_1_294' title='bbox 1579 4055 1724 4111; x_wconf 64' lang='lat' dir='ltr'><strong>saepe</strong></span> <span class='ocrx_word' id='word_1_295' title='bbox 1753 4055 1859 4096; x_wconf 92' lang='lat' dir='ltr'><strong>non</strong></span> <span class='ocrx_word' id='word_1_296' title='bbox 1889 4054 2058 4109; x_wconf 88' lang='lat' dir='ltr'><strong>usque</strong></span> 
     </span>
    </p>
   </div>
   <div class='ocr_carea' id='block_1_42' title="bbox 461 4130 2058 4205">
    <p class='ocr_par' dir='ltr' id='par_1_42' title="bbox 461 4130 2058 4205">
     <span class='ocr_line' id='line_1_42' title="bbox 461 4130 2058 4205; baseline -0.002 -18"><span class='ocrx_word' id='word_1_297' title='bbox 461 4132 533 4187; x_wconf 88' lang='lat' dir='ltr'><strong>ad</strong></span> <span class='ocrx_word' id='word_1_298' title='bbox 570 4148 847 4203; x_wconf 82' lang='lat' dir='ltr'><strong>vesperam</strong></span> <span class='ocrx_word' id='word_1_299' title='bbox 871 4131 1049 4198; x_wconf 88' lang='lat' dir='ltr'><strong>durat,</strong></span> <span class='ocrx_word' id='word_1_300' title='bbox 1078 4132 1172 4187; x_wconf 62' lang='lat' dir='ltr'><strong>scel</strong></span> <span class='ocrx_word' id='word_1_301' title='bbox 1204 4140 1258 4186; x_wconf 89' lang='lat' dir='ltr'><strong>et</strong></span> <span class='ocrx_word' id='word_1_302' title='bbox 1288 4130 1597 4205; x_wconf 86' lang='lat' dir='ltr'><strong>priusquam</strong></span> <span class='ocrx_word' id='word_1_303' title='bbox 1643 4131 1758 4188; x_wconf 84' lang='lat' dir='ltr'><strong>dies</strong></span> <span class='ocrx_word' id='word_1_304' title='bbox 1785 4130 2058 4201; x_wconf 89' lang='lat' dir='ltr'><strong>complea-</strong></span> 
     </span>
    </p>
   </div>
   <div class='ocr_carea' id='block_1_43' title="bbox 461 4220 2058 4295">
    <p class='ocr_par' dir='ltr' id='par_1_43' title="bbox 461 4220 2058 4295">
     <span class='ocr_line' id='line_1_43' title="bbox 461 4220 2058 4295; baseline -0.001 -18"><span class='ocrx_word' id='word_1_305' title='bbox 461 4233 574 4290; x_wconf 82' lang='lat' dir='ltr'><strong>tur,</strong></span> <span class='ocrx_word' id='word_1_306' title='bbox 599 4224 894 4284; x_wconf 88' lang='lat' dir='ltr'><strong>innumeris</strong></span> <span class='ocrx_word' id='word_1_307' title='bbox 910 4223 1065 4279; x_wconf 90' lang='lat' dir='ltr'><strong>malis</strong></span> <span class='ocrx_word' id='word_1_308' title='bbox 1079 4223 1476 4289; x_wconf 86' lang='lat' dir='ltr'><strong>circumdatur;</strong></span> <span class='ocrx_word' id='word_1_309' title='bbox 1497 4221 1571 4294; x_wconf 69' lang='grc' dir='ltr'>(ιι)</span> <span class='ocrx_word' id='word_1_310' title='bbox 1594 4220 1705 4295; x_wconf 78' lang='lat' dir='ltr'><strong>[alii</strong></span> <span class='ocrx_word' id='word_1_311' title='bbox 1727 4233 1903 4277; x_wconf 90' lang='lat' dir='ltr'><strong>autem</strong></span> <span class='ocrx_word' id='word_1_312' title='bbox 1929 4237 2058 4293; x_wconf 87' lang='lat' dir='ltr'><strong>gen-</strong></span> 
     </span>
    </p>
   </div>
   <div class='ocr_carea' id='block_1_44' title="bbox 461 4314 2056 4391">
    <p class='ocr_par' dir='ltr' id='par_1_44' title="bbox 461 4314 2056 4391">
     <span class='ocr_line' id='line_1_44' title="bbox 461 4314 2056 4391; baseline -0.001 -20"><span class='ocrx_word' id='word_1_313' title='bbox 461 4316 635 4372; x_wconf 81' lang='lat' dir='ltr'><strong>tilium</strong></span> <span class='ocrx_word' id='word_1_314' title='bbox 664 4332 850 4374; x_wconf 83' lang='lat' dir='ltr'><strong>crrore</strong></span> <span class='ocrx_word' id='word_1_315' title='bbox 894 4317 1282 4391; x_wconf 75' lang='lat' dir='ltr'><strong>prmoccnpati,</strong></span> <span class='ocrx_word' id='word_1_316' title='bbox 1312 4317 1474 4372; x_wconf 88' lang='lat' dir='ltr'><strong>etiam</strong></span> <span class='ocrx_word' id='word_1_317' title='bbox 1514 4316 1613 4387; x_wconf 91' lang='lat' dir='ltr'><strong>ipsi</strong></span> <span class='ocrx_word' id='word_1_318' title='bbox 1654 4315 1721 4370; x_wconf 91' lang='lat' dir='ltr'><strong>ad</strong></span> <span class='ocrx_word' id='word_1_319' title='bbox 1770 4314 2056 4375; x_wconf 83' lang='lat' dir='ltr'><strong>humanam</strong></span> 
     </span>
    </p>
   </div>
   <div class='ocr_carea' id='block_1_45' title="bbox 469 4405 2059 4479">
    <p class='ocr_par' dir='ltr' id='par_1_45' title="bbox 469 4405 2059 4479">
     <span class='ocr_line' id='line_1_45' title="bbox 469 4405 2059 4479; baseline -0.001 -17"><span class='ocrx_word' id='word_1_320' title='bbox 469 4408 823 4479; x_wconf 85' lang='lat' dir='ltr'><strong>respicientes</strong></span> <span class='ocrx_word' id='word_1_321' title='bbox 849 4408 1075 4479; x_wconf 89' lang='lat' dir='ltr'><strong>gloriam</strong></span> <span class='ocrx_word' id='word_1_322' title='bbox 1097 4450 1113 4475; x_wconf 93' lang='lat'><strong>,</strong></span> <span class='ocrx_word' id='word_1_323' title='bbox 1141 4423 1300 4478; x_wconf 89' lang='lat' dir='ltr'><strong>quam</strong></span> <span class='ocrx_word' id='word_1_324' title='bbox 1328 4407 1545 4464; x_wconf 73' lang='lat' dir='ltr'><strong>maximi</strong></span> <span class='ocrx_word' id='word_1_325' title='bbox 1575 4406 1804 4474; x_wconf 85' lang='lat' dir='ltr'><strong>faciunt,</strong></span> <span class='ocrx_word' id='word_1_326' title='bbox 1836 4405 2059 4476; x_wconf 90' lang='lat' dir='ltr'><strong>abjcctis</strong></span> 
     </span>
    </p>
   </div>
   <div class='ocr_carea' id='block_1_46' title="bbox 460 4498 2058 4571">
    <p class='ocr_par' dir='ltr' id='par_1_46' title="bbox 460 4498 2058 4571">
     <span class='ocr_line' id='line_1_46' title="bbox 460 4498 2058 4571; baseline 0.001 -20"><span class='ocrx_word' id='word_1_327' title='bbox 460 4498 627 4555; x_wconf 87' lang='lat' dir='ltr'><strong>simul</strong></span> <span class='ocrx_word' id='word_1_328' title='bbox 657 4500 929 4566; x_wconf 84' lang='lat' dir='ltr'><strong>onmibus,</strong></span> <span class='ocrx_word' id='word_1_329' title='bbox 972 4509 1027 4556; x_wconf 91' lang='lat' dir='ltr'><strong>ct</strong></span> <span class='ocrx_word' id='word_1_330' title='bbox 1056 4500 1219 4571; x_wconf 89' lang='lat' dir='ltr'><strong>pallio</strong></span> <span class='ocrx_word' id='word_1_331' title='bbox 1261 4508 1465 4555; x_wconf 81' lang='lat' dir='ltr'><strong>tantum</strong></span> <span class='ocrx_word' id='word_1_332' title='bbox 1516 4508 1675 4570; x_wconf 86' lang='lat' dir='ltr'><strong>atque</strong></span> <span class='ocrx_word' id='word_1_333' title='bbox 1713 4500 1901 4555; x_wconf 89' lang='lat' dir='ltr'><strong>baculo</strong></span> <span class='ocrx_word' id='word_1_334' title='bbox 1939 4513 2058 4554; x_wconf 89' lang='lat' dir='ltr'><strong>ser-</strong></span> 
     </span>
    </p>
   </div>
   <div class='ocr_carea' id='block_1_47' title="bbox 466 4589 2059 4664">
    <p class='ocr_par' dir='ltr' id='par_1_47' title="bbox 466 4589 2059 4664">
     <span class='ocr_line' id='line_1_47' title="bbox 466 4589 2059 4664; baseline 0 -21"><span class='ocrx_word' id='word_1_335' title='bbox 466 4592 624 4659; x_wconf 85' lang='lat' dir='ltr'><strong>vatis,</strong></span> <span class='ocrx_word' id='word_1_336' title='bbox 655 4606 874 4649; x_wconf 86' lang='lat' dir='ltr'><strong>omnem</strong></span> <span class='ocrx_word' id='word_1_337' title='bbox 900 4592 1064 4648; x_wconf 88' lang='lat' dir='ltr'><strong>vitam</strong></span> <span class='ocrx_word' id='word_1_338' title='bbox 1089 4593 1169 4652; x_wconf 82' lang='lat' dir='ltr'><strong>sic</strong></span> <span class='ocrx_word' id='word_1_339' title='bbox 1193 4592 1413 4664; x_wconf 80' lang='lat' dir='ltr'><strong>exigunt</strong></span> <span class='ocrx_word' id='word_1_340' title='bbox 1432 4631 1448 4656; x_wconf 90' lang='lat'><strong>,</strong></span> <span class='ocrx_word' id='word_1_341' title='bbox 1479 4605 1693 4647; x_wconf 88' lang='lat' dir='ltr'><strong>onmem</strong></span> <span class='ocrx_word' id='word_1_342' title='bbox 1722 4590 1961 4646; x_wconf 89' lang='lat' dir='ltr'><strong>laborem</strong></span> <span class='ocrx_word' id='word_1_343' title='bbox 1991 4589 2059 4644; x_wconf 87' lang='lat' dir='ltr'><strong>il-</strong></span> 
     </span>
    </p>
   </div>
   <div class='ocr_carea' id='block_1_48' title="bbox 462 4681 2060 4741">
    <p class='ocr_par' dir='ltr' id='par_1_48' title="bbox 462 4681 2060 4741">
     <span class='ocr_line' id='line_1_48' title="bbox 462 4681 2060 4741; baseline -0.001 -4"><span class='ocrx_word' id='word_1_344' title='bbox 462 4682 577 4737; x_wconf 82' lang='lat' dir='ltr'><strong>lum</strong></span> <span class='ocrx_word' id='word_1_345' title='bbox 607 4693 662 4739; x_wconf 89' lang='lat' dir='ltr'><strong>et</strong></span> <span class='ocrx_word' id='word_1_346' title='bbox 688 4683 962 4741; x_wconf 86' lang='lat' dir='ltr'><strong>miseriam</strong></span> <span class='ocrx_word' id='word_1_347' title='bbox 989 4685 1059 4741; x_wconf 92' lang='lat' dir='ltr'><strong>ob</strong></span> <span class='ocrx_word' id='word_1_348' title='bbox 1088 4684 1212 4740; x_wconf 90' lang='lat' dir='ltr'><strong>vani</strong></span> <span class='ocrx_word' id='word_1_349' title='bbox 1236 4682 1471 4738; x_wconf 91' lang='lat' dir='ltr'><strong>nominis</strong></span> <span class='ocrx_word' id='word_1_350' title='bbox 1508 4681 1875 4738; x_wconf 87' lang='lat' dir='ltr'><strong>celebritatem</strong></span> <span class='ocrx_word' id='word_1_351' title='bbox 1903 4696 2060 4736; x_wconf 82' lang='lat' dir='ltr'><strong>assu-</strong></span> 
     </span>
    </p>
   </div>
   <div class='ocr_carea' id='block_1_49' title="bbox 465 4771 2058 4847">
    <p class='ocr_par' dir='ltr' id='par_1_49' title="bbox 465 4771 2058 4847">
     <span class='ocr_line' id='line_1_49' title="bbox 465 4771 2058 4847; baseline 0 -21"><span class='ocrx_word' id='word_1_352' title='bbox 465 4771 697 4846; x_wconf 89' lang='lat' dir='ltr'><strong>mentes]</strong></span> <span class='ocrx_word' id='word_1_353' title='bbox 722 4791 737 4828; x_wconf 90' lang='lat'>:</span> <span class='ocrx_word' id='word_1_354' title='bbox 764 4789 886 4831; x_wconf 92' lang='lat' dir='ltr'><strong>cum</strong></span> <span class='ocrx_word' id='word_1_355' title='bbox 909 4775 1069 4847; x_wconf 85' lang='lat' dir='ltr'><strong>igitur</strong></span> <span class='ocrx_word' id='word_1_356' title='bbox 1089 4774 1203 4831; x_wconf 78' lang='lat' dir='ltr'><strong>lucc</strong></span> <span class='ocrx_word' id='word_1_357' title='bbox 1226 4789 1436 4831; x_wconf 90' lang='lat' dir='ltr'><strong>mecum</strong></span> <span class='ocrx_word' id='word_1_358' title='bbox 1457 4783 1669 4844; x_wconf 86' lang='lat' dir='ltr'><strong>reputo,</strong></span> <span class='ocrx_word' id='word_1_359' title='bbox 1697 4773 1879 4831; x_wconf 87' lang='lat' dir='ltr'><strong>nescio</strong></span> <span class='ocrx_word' id='word_1_360' title='bbox 1899 4786 2058 4843; x_wconf 88' lang='lat' dir='ltr'><strong>quam</strong></span> 
     </span>
    </p>
   </div>
   <div class='ocr_carea' id='block_1_50' title="bbox 464 4863 2060 4934">
    <p class='ocr_par' dir='ltr' id='par_1_50' title="bbox 464 4863 2060 4934">
     <span class='ocr_line' id='line_1_50' title="bbox 464 4863 2060 4934; baseline -0.002 -14"><span class='ocrx_word' id='word_1_361' title='bbox 464 4863 699 4921; x_wconf 78' lang='lat' dir='ltr'><strong>habituri</strong></span> <span class='ocrx_word' id='word_1_362' title='bbox 748 4866 918 4922; x_wconf 89' lang='lat' dir='ltr'><strong>simus</strong></span> <span class='ocrx_word' id='word_1_363' title='bbox 960 4865 1044 4921; x_wconf 90' lang='lat' dir='ltr'><strong>vel</strong></span> <span class='ocrx_word' id='word_1_364' title='bbox 1087 4867 1515 4931; x_wconf 79' lang='lat' dir='ltr'><strong>excusationem,</strong></span> <span class='ocrx_word' id='word_1_365' title='bbox 1561 4865 1644 4920; x_wconf 88' lang='lat' dir='ltr'><strong>vel</strong></span> <span class='ocrx_word' id='word_1_366' title='bbox 1690 4864 1921 4928; x_wconf 82' lang='lat' dir='ltr'><strong>veniam,</strong></span> <span class='ocrx_word' id='word_1_367' title='bbox 1970 4863 2060 4934; x_wconf 87' lang='lat' dir='ltr'><strong>qui</strong></span> 
     </span>
    </p>
   </div>
   <div class='ocr_carea' id='block_1_51' title="bbox 465 4956 2063 5027">
    <p class='ocr_par' dir='ltr' id='par_1_51' title="bbox 465 4956 2063 5027">
     <span class='ocr_line' id='line_1_51' title="bbox 465 4956 2063 5027; baseline 0.001 -18"><span class='ocrx_word' id='word_1_368' title='bbox 465 4971 644 5027; x_wconf 85' lang='lat' dir='ltr'><strong>neque</strong></span> <span class='ocrx_word' id='word_1_369' title='bbox 668 4957 739 5013; x_wconf 89' lang='lat' dir='ltr'><strong>ob</strong></span> <span class='ocrx_word' id='word_1_370' title='bbox 778 4958 1090 5014; x_wconf 85' lang='lat' dir='ltr'><strong>mandatum</strong></span> <span class='ocrx_word' id='word_1_371' title='bbox 1122 4974 1153 5015; x_wconf 90' lang='lat' dir='ltr'><strong>a</strong></span> <span class='ocrx_word' id='word_1_372' title='bbox 1181 4958 1410 5014; x_wconf 90' lang='lat' dir='ltr'><strong>Domino</strong></span> <span class='ocrx_word' id='word_1_373' title='bbox 1444 4956 1738 5023; x_wconf 74' lang='lat' dir='ltr'><strong>traditum.</strong></span> <span class='ocrx_word' id='word_1_374' title='bbox 1785 4971 1959 5027; x_wconf 87' lang='lat' dir='ltr'><strong>neque</strong></span> <span class='ocrx_word' id='word_1_375' title='bbox 1992 4956 2063 5017; x_wconf 82' lang='lat' dir='ltr'><strong>ob</strong></span> 
     </span>
    </p>
   </div>
   <div class='ocr_carea' id='block_1_52' title="bbox 464 5048 2060 5116">
    <p class='ocr_par' dir='ltr' id='par_1_52' title="bbox 464 5048 2060 5116">
     <span class='ocr_line' id='line_1_52' title="bbox 464 5048 2060 5116; baseline 0.001 -15"><span class='ocrx_word' id='word_1_376' title='bbox 464 5048 692 5116; x_wconf 78' lang='lat' dir='ltr'><strong>gloriam</strong></span> <span class='ocrx_word' id='word_1_377' title='bbox 731 5050 874 5105; x_wconf 82' lang='lat' dir='ltr'><strong>illam</strong></span> <span class='ocrx_word' id='word_1_378' title='bbox 918 5050 1278 5107; x_wconf 87' lang='lat' dir='ltr'><strong>immortalem</strong></span> <span class='ocrx_word' id='word_1_379' title='bbox 1307 5059 1361 5106; x_wconf 91' lang='lat' dir='ltr'><strong>ct</strong></span> <span class='ocrx_word' id='word_1_380' title='bbox 1389 5049 1818 5116; x_wconf 82' lang='lat' dir='ltr'><strong>interminatam,</strong></span> <span class='ocrx_word' id='word_1_381' title='bbox 1847 5048 1931 5107; x_wconf 89' lang='lat' dir='ltr'><strong>vel</strong></span> <span class='ocrx_word' id='word_1_382' title='bbox 1964 5049 2060 5103; x_wconf 84' lang='lat' dir='ltr'><strong>mi-</strong></span> 
     </span>
    </p>
   </div>
   <div class='ocr_carea' id='block_1_53' title="bbox 465 5138 2065 5217">
    <p class='ocr_par' dir='ltr' id='par_1_53' title="bbox 465 5138 2065 5217">
     <span class='ocr_line' id='line_1_53' title="bbox 465 5138 2065 5217; baseline -0.001 -24"><span class='ocrx_word' id='word_1_383' title='bbox 465 5138 667 5194; x_wconf 85' lang='lat' dir='ltr'><strong>nimam</strong></span> <span class='ocrx_word' id='word_1_384' title='bbox 697 5155 876 5196; x_wconf 85' lang='lat' dir='ltr'><strong>rerum</strong></span> <span class='ocrx_word' id='word_1_385' title='bbox 908 5151 1211 5196; x_wconf 82' lang='lat' dir='ltr'><strong>nostrarum</strong></span> <span class='ocrx_word' id='word_1_386' title='bbox 1246 5141 1546 5212; x_wconf 89' lang='lat' dir='ltr'><strong>portionem</strong></span> <span class='ocrx_word' id='word_1_387' title='bbox 1575 5140 1880 5212; x_wconf 84' lang='lat' dir='ltr'><strong>relinquere</strong></span> <span class='ocrx_word' id='word_1_388' title='bbox 1904 5140 2065 5217; x_wconf 81' lang='lat' dir='ltr'><strong>susti-</strong></span> 
     </span>
    </p>
   </div>
   <div class='ocr_carea' id='block_1_54' title="bbox 467 5231 2066 5306">
    <p class='ocr_par' dir='ltr' id='par_1_54' title="bbox 467 5231 2066 5306">
     <span class='ocr_line' id='line_1_54' title="bbox 467 5231 2066 5306; baseline 0.003 -22"><span class='ocrx_word' id='word_1_389' title='bbox 467 5246 680 5301; x_wconf 87' lang='lat' dir='ltr'><strong>nemus,</strong></span> <span class='ocrx_word' id='word_1_390' title='bbox 706 5231 776 5306; x_wconf 83' lang='lat' dir='ltr'><strong>(c)</strong></span> <span class='ocrx_word' id='word_1_391' title='bbox 803 5234 933 5305; x_wconf 91' lang='lat' dir='ltr'><strong>quin</strong></span> <span class='ocrx_word' id='word_1_392' title='bbox 962 5243 1017 5288; x_wconf 92' lang='lat' dir='ltr'><strong>et</strong></span> <span class='ocrx_word' id='word_1_393' title='bbox 1065 5233 1362 5295; x_wconf 79' lang='lat' dir='ltr'><strong>deteriores</strong></span> <span class='ocrx_word' id='word_1_394' title='bbox 1397 5233 1502 5288; x_wconf 89' lang='lat' dir='ltr'><strong>illis</strong></span> <span class='ocrx_word' id='word_1_395' title='bbox 1546 5231 1843 5301; x_wconf 88' lang='lat' dir='ltr'><strong>reddimur,</strong></span> <span class='ocrx_word' id='word_1_396' title='bbox 1889 5247 2066 5302; x_wconf 85' lang='lat' dir='ltr'><strong>neque</strong></span> 
     </span>
    </p>
   </div>
   <div class='ocr_carea' id='block_1_55' title="bbox 468 5324 2052 5401">
    <p class='ocr_par' dir='ltr' id='par_1_55' title="bbox 468 5324 2052 5401">
     <span class='ocr_line' id='line_1_55' title="bbox 468 5324 2052 5401; baseline 0 -24"><span class='ocrx_word' id='word_1_397' title='bbox 468 5332 731 5391; x_wconf 85' lang='lat' dir='ltr'><strong>quantum</strong></span> <span class='ocrx_word' id='word_1_398' title='bbox 772 5324 843 5383; x_wconf 91' lang='lat' dir='ltr'><strong>sit</strong></span> <span class='ocrx_word' id='word_1_399' title='bbox 875 5325 1163 5383; x_wconf 85' lang='lat' dir='ltr'><strong>discrimen</strong></span> <span class='ocrx_word' id='word_1_400' title='bbox 1206 5325 1522 5401; x_wconf 82' lang='lat' dir='ltr'><strong>cogitamus.</strong></span> <span class='ocrx_word' id='word_1_401' title='bbox 1565 5325 1698 5385; x_wconf 81' lang='lat' dir='ltr'><strong>Nam</strong></span> <span class='ocrx_word' id='word_1_402' title='bbox 1734 5325 1810 5382; x_wconf 92' lang='lat' dir='ltr'><strong>illi</strong></span> <span class='ocrx_word' id='word_1_403' title='bbox 1853 5325 1924 5382; x_wconf 86' lang='lat' dir='ltr'><strong>oh</strong></span> <span class='ocrx_word' id='word_1_404' title='bbox 1970 5326 2052 5377; x_wconf 82' lang='lat' dir='ltr'><strong>ho-</strong></span> 
     </span>
    </p>
   </div>
   <div class='ocr_carea' id='block_1_56' title="bbox 533 5412 2069 5482">
    <p class='ocr_par' dir='ltr' id='par_1_56' title="bbox 533 5412 2069 5482">
     <span class='ocr_line' id='line_1_56' title="bbox 533 5412 2069 5482; baseline -0.004 -14"><span class='ocrx_word' id='word_1_405' title='bbox 533 5413 736 5482; x_wconf 60' lang='lat' dir='ltr'><strong>{51)ng</strong></span> <span class='ocrx_word' id='word_1_406' title='bbox 752 5423 1046 5482; x_wconf 81' lang='lat' dir='ltr'><strong>sequuntur,</strong></span> <span class='ocrx_word' id='word_1_407' title='bbox 1069 5415 1227 5482; x_wconf 80' lang='lat' dir='ltr'><strong>abhis</strong></span> <span class='ocrx_word' id='word_1_408' title='bbox 1246 5416 1430 5482; x_wconf 79' lang='lat' dir='ltr'><strong>verbis,</strong></span> <span class='ocrx_word' id='word_1_409' title='bbox 1448 5420 1495 5482; x_wconf 73' lang='lat' dir='ltr'><strong>et</strong></span> <span class='ocrx_word' id='word_1_410' title='bbox 1518 5412 1934 5482; x_wconf 79' lang='lat' dir='ltr'><strong>cessante</strong></span> <span class='ocrx_word' id='word_1_411' title='bbox 1956 5424 2069 5482; x_wconf 75' lang='lat' dir='ltr'><strong>ava-</strong></span> 
     </span>
    </p>
   </div>
   <div class='ocr_carea' id='block_1_57' title="bbox 471 5475 2053 5540">
    <p class='ocr_par' dir='ltr' id='par_1_57' title="bbox 471 5475 2053 5540">
     <span class='ocr_line' id='line_1_57' title="bbox 471 5475 2053 5540; baseline 0.001 -16"><span class='ocrx_word' id='word_1_412' title='bbox 471 5475 608 5524; x_wconf 66' lang='grc' dir='ltr'><strong>ναίω</strong></span> <span class='ocrx_word' id='word_1_413' title='bbox 626 5477 731 5540; x_wconf 63' lang='lat' dir='ltr'><strong>fatal</strong></span> <span class='ocrx_word' id='word_1_414' title='bbox 745 5475 955 5540; x_wconf 59' lang='grc' dir='ltr'><strong>τῆξπερὶ</strong></span> <span class='ocrx_word' id='word_1_415' title='bbox 975 5477 1036 5524; x_wconf 80' lang='grc' dir='ltr'><strong>τὰ</strong></span> <span class='ocrx_word' id='word_1_416' title='bbox 1055 5477 1278 5539; x_wconf 84' lang='grc' dir='ltr'>χρήματα</span> <span class='ocrx_word' id='word_1_417' title='bbox 1297 5475 1505 5539; x_wconf 79' lang='grc' dir='ltr'><strong>μανίας),</strong></span> <span class='ocrx_word' id='word_1_418' title='bbox 1525 5491 1687 5540; x_wconf 65' lang='lat' dir='ltr'><strong>usque</strong></span> <span class='ocrx_word' id='word_1_419' title='bbox 1701 5478 1761 5526; x_wconf 86' lang='lat' dir='ltr'><strong>ad</strong></span> <span class='ocrx_word' id='word_1_420' title='bbox 1780 5477 1867 5527; x_wconf 84' lang='lat' dir='ltr'><strong>illa</strong></span> <span class='ocrx_word' id='word_1_421' title='bbox 1884 5477 2053 5536; x_wconf 84' lang='lat' dir='ltr'><strong>verba,</strong></span> 
     </span>
    </p>
   </div>
   <div class='ocr_carea' id='block_1_58' title="bbox 472 5537 2056 5603">
    <p class='ocr_par' dir='ltr' id='par_1_58' title="bbox 472 5537 2056 5603">
     <span class='ocr_line' id='line_1_58' title="bbox 472 5537 2056 5603; baseline 0.004 -21"><span class='ocrx_word' id='word_1_422' title='bbox 472 5543 591 5598; x_wconf 84' lang='lat' dir='ltr'><strong>post</strong></span> <span class='ocrx_word' id='word_1_423' title='bbox 608 5537 785 5586; x_wconf 83' lang='lat' dir='ltr'><strong>decem</strong></span> <span class='ocrx_word' id='word_1_424' title='bbox 812 5537 1016 5603; x_wconf 76' lang='lat' dir='ltr'><strong>circiter</strong></span> <span class='ocrx_word' id='word_1_425' title='bbox 1037 5537 1231 5603; x_wconf 75' lang='lat' dir='ltr'><strong>versus,</strong></span> <span class='ocrx_word' id='word_1_426' title='bbox 1248 5537 1478 5603; x_wconf 62' lang='lat' dir='ltr'><strong>magno:</strong></span> <span class='ocrx_word' id='word_1_427' title='bbox 1497 5537 1688 5603; x_wconf 62' lang='lat' dir='ltr'><strong>aliquid</strong></span> <span class='ocrx_word' id='word_1_428' title='bbox 1705 5543 1753 5589; x_wconf 80' lang='lat' dir='ltr'><strong>et</strong></span> <span class='ocrx_word' id='word_1_429' title='bbox 1783 5550 1934 5603; x_wconf 70' lang='lat' dir='ltr'><strong>graue</strong></span> <span class='ocrx_word' id='word_1_430' title='bbox 1948 5551 2056 5603; x_wconf 69' lang='lat' dir='ltr'><strong>esse</strong></span> 
     </span>
    </p>
   </div>
   <div class='ocr_carea' id='block_1_59' title="bbox 473 5598 2053 5708">
    <p class='ocr_par' dir='ltr' id='par_1_59' title="bbox 473 5598 2053 5708">
     <span class='ocr_line' id='line_1_59' title="bbox 473 5598 2053 5703; baseline 0.003 -60"><span class='ocrx_word' id='word_1_431' title='bbox 473 5607 620 5703; x_wconf 49' lang='lat' dir='ltr'><strong>ﬂium</strong></span> <span class='ocrx_word' id='word_1_432' title='bbox 641 5602 963 5668; x_wconf 60' lang='lat' dir='ltr'><strong>contemptum</strong></span> <span class='ocrx_word' id='word_1_433' title='bbox 989 5598 1232 5664; x_wconf 74' lang='grc' dir='ltr'><strong>(φορτικὸν</strong></span> <span class='ocrx_word' id='word_1_434' title='bbox 1253 5598 1370 5649; x_wconf 63' lang='lat' dir='ltr'><strong>sivit</strong></span> <span class='ocrx_word' id='word_1_435' title='bbox 1392 5600 1448 5647; x_wconf 83' lang='grc' dir='ltr'><strong>τὸ</strong></span> <span class='ocrx_word' id='word_1_436' title='bbox 1474 5598 1733 5663; x_wconf 63' lang='grc' dir='ltr'><strong>χρημάτων</strong></span> <span class='ocrx_word' id='word_1_437' title='bbox 1757 5598 2053 5667; x_wconf 66' lang='grc' dir='ltr'><strong>ὕῖπεριδεῖν),</strong></span> 
     </span>
     <span class='ocr_line' id='line_1_60' title="bbox 516 5660 974 5708; baseline 0.011 -5"><span class='ocrx_word' id='word_1_438' title='bbox 516 5663 668 5706; x_wconf 89' lang='lat' dir='ltr'><strong>esunt</strong></span> <span class='ocrx_word' id='word_1_439' title='bbox 691 5672 743 5706; x_wconf 87' lang='lat' dir='ltr'><strong>tn</strong></span> <span class='ocrx_word' id='word_1_440' title='bbox 768 5660 974 5708; x_wconf 75' lang='lat' dir='ltr'><strong>Corslln.</strong></span> 
     </span>
    </p>
   </div>
   <div class='ocr_carea' id='block_1_60' title="bbox 539 5716 2071 5841">
    <p class='ocr_par' dir='ltr' id='par_1_60' title="bbox 539 5716 2071 5841">
     <span class='ocr_line' id='line_1_61' title="bbox 539 5716 2071 5841; baseline 0.005 -73"><span class='ocrx_word' id='word_1_441' title='bbox 539 5716 617 5841; x_wconf 44' lang='lat'><strong>$0;</strong></span> <span class='ocrx_word' id='word_1_442' title='bbox 637 5725 751 5778; x_wconf 66' lang='lat' dir='ltr'><strong>Quae</strong></span> <span class='ocrx_word' id='word_1_443' title='bbox 772 5721 961 5772; x_wconf 86' lang='lat' dir='ltr'><strong>uncinis</strong></span> <span class='ocrx_word' id='word_1_444' title='bbox 981 5721 1286 5785; x_wconf 85' lang='lat' dir='ltr'><strong>clauduntur,</strong></span> <span class='ocrx_word' id='word_1_445' title='bbox 1309 5725 1490 5776; x_wconf 89' lang='lat' dir='ltr'><strong>desunt</strong></span> <span class='ocrx_word' id='word_1_446' title='bbox 1511 5726 1558 5775; x_wconf 93' lang='lat' dir='ltr'><strong>in</strong></span> <span class='ocrx_word' id='word_1_447' title='bbox 1579 5725 1864 5778; x_wconf 80' lang='lat' dir='ltr'><strong>Coisliniano</strong></span> <span class='ocrx_word' id='word_1_448' title='bbox 1881 5726 2071 5777; x_wconf 88' lang='lat' dir='ltr'><strong>Codice.</strong></span> 
     </span>
     <span class='ocr_line' id='line_1_62' title="bbox 563 5787 2071 5841; baseline 0.007 -13"><span class='ocrx_word' id='word_1_449' title='bbox 563 5792 592 5828; x_wconf 85' lang='lat' dir='ltr'><strong>c</strong></span> <span class='ocrx_word' id='word_1_450' title='bbox 645 5787 758 5837; x_wconf 62' lang='lat' dir='ltr'><strong>Quae</strong></span> <span class='ocrx_word' id='word_1_451' title='bbox 779 5787 1053 5841; x_wconf 81' lang='lat' dir='ltr'><strong>sequuntur</strong></span> <span class='ocrx_word' id='word_1_452' title='bbox 1076 5799 1232 5841; x_wconf 83' lang='lat' dir='ltr'><strong>usque</strong></span> <span class='ocrx_word' id='word_1_453' title='bbox 1250 5788 1327 5841; x_wconf 85' lang='lat' dir='ltr'><strong>ad.</strong></span> <span class='ocrx_word' id='word_1_454' title='bbox 1354 5788 1657 5841; x_wconf 78' lang='lat' dir='ltr'><strong>cfﬁmdamua</strong></span> <span class='ocrx_word' id='word_1_455' title='bbox 1678 5801 1811 5841; x_wconf 80' lang='lat' dir='ltr'><strong>emo.</strong></span> <span class='ocrx_word' id='word_1_456' title='bbox 1830 5794 2009 5841; x_wconf 86' lang='lat' dir='ltr'><strong>desunt</strong></span> <span class='ocrx_word' id='word_1_457' title='bbox 2023 5789 2071 5839; x_wconf 91' lang='lat' dir='ltr'><strong>in</strong></span> 
     </span>
    </p>
   </div>
   <div class='ocr_carea' id='block_1_61' title="bbox 645 5787 2076 5852">
    <p class='ocr_par' dir='ltr' id='par_1_61' title="bbox 645 5787 2076 5852">
     <span class='ocr_line' id='line_1_63' title="bbox 645 5787 2076 5852; baseline 0.007 -23"><span class='ocrx_word' id='word_1_458' title='bbox 645 5787 758 5852; x_wconf 60' lang='lat' dir='ltr'><strong>nge</strong></span> <span class='ocrx_word' id='word_1_459' title='bbox 779 5787 1053 5852; x_wconf 74' lang='lat' dir='ltr'><strong>sequuntur</strong></span> <span class='ocrx_word' id='word_1_460' title='bbox 1076 5799 1232 5852; x_wconf 82' lang='lat' dir='ltr'><strong>usque</strong></span> <span class='ocrx_word' id='word_1_461' title='bbox 1250 5788 1327 5852; x_wconf 81' lang='lat' dir='ltr'><strong>ad,</strong></span> <span class='ocrx_word' id='word_1_462' title='bbox 1354 5788 1662 5852; x_wconf 57' lang='lat' dir='ltr'><strong>effundantur</strong></span> <span class='ocrx_word' id='word_1_463' title='bbox 1678 5801 1811 5850; x_wconf 82' lang='lat' dir='ltr'><strong>ergo,</strong></span> <span class='ocrx_word' id='word_1_464' title='bbox 1830 5794 2009 5843; x_wconf 87' lang='lat' dir='ltr'><strong>desunt</strong></span> <span class='ocrx_word' id='word_1_465' title='bbox 2023 5789 2076 5839; x_wconf 86' lang='lat' dir='ltr'><strong>in</strong></span> 
     </span>
    </p>
   </div>
   <div class='ocr_carea' id='block_1_62' title="bbox 471 5841 1778 5912">
    <p class='ocr_par' dir='ltr' id='par_1_62' title="bbox 471 5841 1778 5912">
     <span class='ocr_line' id='line_1_64' title="bbox 471 5841 1778 5912; baseline 0.002 -18"><span class='ocrx_word' id='word_1_466' title='bbox 471 5841 654 5895; x_wconf 82' lang='lat' dir='ltr'><strong>Coislln</strong></span> <span class='ocrx_word' id='word_1_467' title='bbox 682 5842 771 5907; x_wconf 80' lang='lat' dir='ltr'><strong>,lta</strong></span> <span class='ocrx_word' id='word_1_468' title='bbox 794 5841 980 5909; x_wconf 51' lang='lat' dir='ltr'><strong>ut’plus</strong></span> <span class='ocrx_word' id='word_1_469' title='bbox 994 5860 1140 5912; x_wconf 84' lang='lat' dir='ltr'><strong>quam</strong></span> <span class='ocrx_word' id='word_1_470' title='bbox 1152 5841 1357 5899; x_wconf 78' lang='lat' dir='ltr'><strong>&#39;dimidia</strong></span> <span class='ocrx_word' id='word_1_471' title='bbox 1380 5841 1555 5910; x_wconf 60' lang='lat' dir='ltr'><strong>[axitia</strong></span> <span class='ocrx_word' id='word_1_472' title='bbox 1572 5841 1778 5901; x_wconf 75' lang='lat' dir='ltr'><strong>deficiat.</strong></span> 
     </span>
    </p>
   </div>
   <div class='ocr_carea' id='block_1_63' title="bbox 1506 334 2624 398">
    <p class='ocr_par' dir='ltr' id='par_1_63' title="bbox 1506 334 2624 398">
     <span class='ocr_line' id='line_1_65' title="bbox 1506 334 2624 398; baseline 0.004 -6"><span class='ocrx_word' id='word_1_473' title='bbox 1506 335 1580 393; x_wconf 65' lang='grc' dir='ltr'><strong>ΙΝ</strong></span> <span class='ocrx_word' id='word_1_474' title='bbox 1617 336 1770 393; x_wconf 75' lang='lat' dir='ltr'><strong>CAP.</strong></span> <span class='ocrx_word' id='word_1_475' title='bbox 1814 335 1901 393; x_wconf 78' lang='lat' dir='ltr'><strong>IV.</strong></span> <span class='ocrx_word' id='word_1_476' title='bbox 1941 334 2187 395; x_wconf 80' lang='lat' dir='ltr'><strong>GENES.</strong></span> <span class='ocrx_word' id='word_1_477' title='bbox 2230 337 2459 396; x_wconf 74' lang='grc' dir='ltr'><strong>ΙΙΟΜῙΙ..</strong></span> <span class='ocrx_word' id='word_1_478' title='bbox 2501 339 2624 398; x_wconf 80' lang='lat' dir='ltr'><strong>XX.</strong></span> 
     </span>
    </p>
   </div>
   <div class='ocr_carea' id='block_1_64' title="bbox 3630 343 3733 402">
    <p class='ocr_par' dir='ltr' id='par_1_64' title="bbox 3630 343 3733 402">
     <span class='ocr_line' id='line_1_66' title="bbox 3630 343 3733 402; baseline 0.029 -4"><span class='ocrx_word' id='word_1_479' title='bbox 3630 343 3733 402; x_wconf 70' lang='lat' dir='ltr'><strong>Hi</strong></span> 
     </span>
    </p>
   </div>
   <div class='ocr_carea' id='block_1_65' title="bbox 2138 449 3728 527">
    <p class='ocr_par' dir='ltr' id='par_1_65' title="bbox 2138 449 3728 527">
     <span class='ocr_line' id='line_1_67' title="bbox 2138 449 3728 527; baseline 0.004 -23"><span class='ocrx_word' id='word_1_480' title='bbox 2138 449 2365 515; x_wconf 90' lang='lat' dir='ltr'><strong>minum,</strong></span> <span class='ocrx_word' id='word_1_481' title='bbox 2392 451 2484 523; x_wconf 90' lang='lat' dir='ltr'><strong>qui</strong></span> <span class='ocrx_word' id='word_1_482' title='bbox 2511 452 2754 523; x_wconf 85' lang='lat' dir='ltr'><strong>ejusdem</strong></span> <span class='ocrx_word' id='word_1_483' title='bbox 2781 461 2986 513; x_wconf 78' lang='lat' dir='ltr'><strong>naturae</strong></span> <span class='ocrx_word' id='word_1_484' title='bbox 3011 463 3168 524; x_wconf 88' lang='lat' dir='ltr'><strong>sunt,</strong></span> <span class='ocrx_word' id='word_1_485' title='bbox 3197 454 3437 510; x_wconf 87' lang='lat' dir='ltr'><strong>inutilem</strong></span> <span class='ocrx_word' id='word_1_486' title='bbox 3465 453 3690 527; x_wconf 76' lang='lat' dir='ltr'><strong>gloriam</strong></span> <span class='ocrx_word' id='word_1_487' title='bbox 3709 496 3728 521; x_wconf 95' lang='lat'><strong>,</strong></span> 
     </span>
    </p>
   </div>
   <div class='ocr_carea' id='block_1_66' title="bbox 2135 547 3728 619">
    <p class='ocr_par' dir='ltr' id='par_1_66' title="bbox 2135 547 3728 619">
     <span class='ocr_line' id='line_1_68' title="bbox 2135 547 3728 619; baseline 0.005 -23"><span class='ocrx_word' id='word_1_488' title='bbox 2135 557 2374 619; x_wconf 87' lang='lat' dir='ltr'><strong>eousque</strong></span> <span class='ocrx_word' id='word_1_489' title='bbox 2395 554 2761 615; x_wconf 87' lang='lat' dir='ltr'><strong>pervenerunt</strong></span> <span class='ocrx_word' id='word_1_490' title='bbox 2807 555 2866 602; x_wconf 91' lang='lat' dir='ltr'><strong>ut</strong></span> <span class='ocrx_word' id='word_1_491' title='bbox 2910 555 3019 602; x_wconf 87' lang='lat' dir='ltr'><strong>tam</strong></span> <span class='ocrx_word' id='word_1_492' title='bbox 3062 548 3227 604; x_wconf 89' lang='lat' dir='ltr'><strong>multa</strong></span> <span class='ocrx_word' id='word_1_493' title='bbox 3270 547 3556 619; x_wconf 86' lang='lat' dir='ltr'><strong>projiciant</strong></span> <span class='ocrx_word' id='word_1_494' title='bbox 3585 565 3599 603; x_wconf 89' lang='lat'>:</span> <span class='ocrx_word' id='word_1_495' title='bbox 3632 564 3728 604; x_wconf 92' lang='lat' dir='ltr'><strong>nos</strong></span> 
     </span>
    </p>
   </div>
   <div class='ocr_carea' id='block_1_67' title="bbox 2137 636 3730 711">
    <p class='ocr_par' dir='ltr' id='par_1_67' title="bbox 2137 636 3730 711">
     <span class='ocr_line' id='line_1_69' title="bbox 2137 636 3730 711; baseline 0.006 -25"><span class='ocrx_word' id='word_1_496' title='bbox 2137 641 2316 689; x_wconf 86' lang='lat' dir='ltr'><strong>autem</strong></span> <span class='ocrx_word' id='word_1_497' title='bbox 2342 644 2568 706; x_wconf 90' lang='lat' dir='ltr'><strong>propter</strong></span> <span class='ocrx_word' id='word_1_498' title='bbox 2596 636 2879 692; x_wconf 90' lang='lat' dir='ltr'><strong>Dominum</strong></span> <span class='ocrx_word' id='word_1_499' title='bbox 2911 648 3153 693; x_wconf 89' lang='lat' dir='ltr'><strong>nostrum</strong></span> <span class='ocrx_word' id='word_1_500' title='bbox 3173 681 3187 705; x_wconf 93' lang='lat'><strong>,</strong></span> <span class='ocrx_word' id='word_1_501' title='bbox 3218 641 3309 709; x_wconf 90' lang='lat' dir='ltr'><strong>qui</strong></span> <span class='ocrx_word' id='word_1_502' title='bbox 3337 639 3642 711; x_wconf 78' lang='lat' dir='ltr'><strong>suppeditat</strong></span> <span class='ocrx_word' id='word_1_503' title='bbox 3668 655 3730 696; x_wconf 78' lang='lat' dir='ltr'><strong>ea</strong></span> 
     </span>
    </p>
   </div>
   <div class='ocr_carea' id='block_1_68' title="bbox 2137 726 3731 801">
    <p class='ocr_par' dir='ltr' id='par_1_68' title="bbox 2137 726 3731 801">
     <span class='ocr_line' id='line_1_70' title="bbox 2137 726 3731 801; baseline 0.006 -24"><span class='ocrx_word' id='word_1_504' title='bbox 2137 738 2256 793; x_wconf 77' lang='lat' dir='ltr'><strong>qua:</strong></span> <span class='ocrx_word' id='word_1_505' title='bbox 2282 726 2642 801; x_wconf 86' lang='lat' dir='ltr'><strong>possidemus,</strong></span> <span class='ocrx_word' id='word_1_506' title='bbox 2662 736 2716 783; x_wconf 90' lang='lat' dir='ltr'><strong>et</strong></span> <span class='ocrx_word' id='word_1_507' title='bbox 2732 728 3022 785; x_wconf 79' lang='lat' dir='ltr'><strong>inell‘abilia</strong></span> <span class='ocrx_word' id='word_1_508' title='bbox 3046 730 3136 784; x_wconf 85' lang='lat' dir='ltr'><strong>illa</strong></span> <span class='ocrx_word' id='word_1_509' title='bbox 3153 728 3291 786; x_wconf 76' lang='lat' dir='ltr'><strong>dona</strong></span> <span class='ocrx_word' id='word_1_510' title='bbox 3320 731 3622 801; x_wconf 88' lang='lat' dir='ltr'><strong>pollicetur,</strong></span> <span class='ocrx_word' id='word_1_511' title='bbox 3640 746 3731 786; x_wconf 65' lang='lat' dir='ltr'><strong>sar-</strong></span> 
     </span>
    </p>
   </div>
   <div class='ocr_carea' id='block_1_69' title="bbox 2138 818 3728 892">
    <p class='ocr_par' dir='ltr' id='par_1_69' title="bbox 2138 818 3728 892">
     <span class='ocr_line' id='line_1_71' title="bbox 2138 818 3728 892; baseline 0.003 -24"><span class='ocrx_word' id='word_1_512' title='bbox 2138 828 2207 883; x_wconf 88' lang='lat' dir='ltr'><strong>pe</strong></span> <span class='ocrx_word' id='word_1_513' title='bbox 2224 830 2396 886; x_wconf 83' lang='lat' dir='ltr'><strong>neque</strong></span> <span class='ocrx_word' id='word_1_514' title='bbox 2418 831 2640 887; x_wconf 84' lang='lat' dir='ltr'><strong>parvum</strong></span> <span class='ocrx_word' id='word_1_515' title='bbox 2662 818 2914 889; x_wconf 87' lang='lat' dir='ltr'><strong>quiddam</strong></span> <span class='ocrx_word' id='word_1_516' title='bbox 2945 820 3192 890; x_wconf 89' lang='lat' dir='ltr'><strong>inopibus</strong></span> <span class='ocrx_word' id='word_1_517' title='bbox 3212 835 3436 892; x_wconf 82' lang='lat' dir='ltr'><strong>erogare</strong></span> <span class='ocrx_word' id='word_1_518' title='bbox 3461 820 3728 875; x_wconf 90' lang='lat' dir='ltr'><strong>volumus.</strong></span> 
     </span>
    </p>
   </div>
   <div class='ocr_carea' id='block_1_70' title="bbox 2141 906 3735 983">
    <p class='ocr_par' dir='ltr' id='par_1_70' title="bbox 2141 906 3735 983">
     <span class='ocr_line' id='line_1_72' title="bbox 2141 906 3735 983; baseline 0.003 -23"><span class='ocrx_word' id='word_1_519' title='bbox 2141 906 2211 961; x_wconf 88' lang='lat' dir='ltr'><strong>Et</strong></span> <span class='ocrx_word' id='word_1_520' title='bbox 2250 907 2500 977; x_wconf 86' lang='lat' dir='ltr'><strong>qualibus</strong></span> <span class='ocrx_word' id='word_1_521' title='bbox 2542 910 2711 965; x_wconf 88' lang='lat' dir='ltr'><strong>oculis</strong></span> <span class='ocrx_word' id='word_1_522' title='bbox 2756 910 3055 966; x_wconf 84' lang='lat' dir='ltr'><strong>videbimus</strong></span> <span class='ocrx_word' id='word_1_523' title='bbox 3095 911 3362 977; x_wconf 66' lang='lat' dir='ltr'><strong>iudicem,</strong></span> <span class='ocrx_word' id='word_1_524' title='bbox 3406 912 3735 983; x_wconf 87' lang='lat' dir='ltr'><strong>negligentes</strong></span> 
     </span>
    </p>
   </div>
   <div class='ocr_carea' id='block_1_71' title="bbox 2142 999 3732 1070">
    <p class='ocr_par' dir='ltr' id='par_1_71' title="bbox 2142 999 3732 1070">
     <span class='ocr_line' id='line_1_73' title="bbox 2142 999 3732 1070; baseline -0.003 -13"><span class='ocrx_word' id='word_1_525' title='bbox 2142 999 2455 1057; x_wconf 87' lang='lat' dir='ltr'><strong>mandatum</strong></span> <span class='ocrx_word' id='word_1_526' title='bbox 2481 1000 2624 1059; x_wconf 88' lang='lat' dir='ltr'><strong>illius</strong></span> <span class='ocrx_word' id='word_1_527' title='bbox 2648 1011 2754 1057; x_wconf 82' lang='lat' dir='ltr'><strong>tam</strong></span> <span class='ocrx_word' id='word_1_528' title='bbox 2783 1001 2975 1063; x_wconf 86' lang='lat' dir='ltr'><strong>facile?</strong></span> <span class='ocrx_word' id='word_1_529' title='bbox 3004 1001 3141 1058; x_wconf 88' lang='lat' dir='ltr'><strong>Num</strong></span> <span class='ocrx_word' id='word_1_530' title='bbox 3167 1003 3444 1070; x_wconf 86' lang='lat' dir='ltr'><strong>adhortor,</strong></span> <span class='ocrx_word' id='word_1_531' title='bbox 3476 1012 3535 1061; x_wconf 87' lang='lat' dir='ltr'><strong>ut</strong></span> <span class='ocrx_word' id='word_1_532' title='bbox 3553 1002 3732 1059; x_wconf 85' lang='lat' dir='ltr'><strong>omnia</strong></span> 
     </span>
    </p>
   </div>
   <div class='ocr_carea' id='block_1_72' title="bbox 2141 1090 3736 1165">
    <p class='ocr_par' dir='ltr' id='par_1_72' title="bbox 2141 1090 3736 1165">
     <span class='ocr_line' id='line_1_74' title="bbox 2141 1090 3736 1165; baseline 0.001 -18"><span class='ocrx_word' id='word_1_533' title='bbox 2141 1098 2321 1147; x_wconf 86' lang='lat' dir='ltr'><strong>vestra</strong></span> <span class='ocrx_word' id='word_1_534' title='bbox 2347 1090 2646 1162; x_wconf 78' lang='lat' dir='ltr'><strong>abjieiatis?</strong></span> <span class='ocrx_word' id='word_1_535' title='bbox 2676 1093 2881 1153; x_wconf 89' lang='lat' dir='ltr'><strong>Fruere</strong></span> <span class='ocrx_word' id='word_1_536' title='bbox 2923 1094 3072 1153; x_wconf 88' lang='lat' dir='ltr'><strong>omni</strong></span> <span class='ocrx_word' id='word_1_537' title='bbox 3105 1093 3490 1165; x_wconf 79' lang='lat' dir='ltr'><strong>prosperitate,</strong></span> <span class='ocrx_word' id='word_1_538' title='bbox 3527 1104 3583 1152; x_wconf 90' lang='lat' dir='ltr'><strong>et</strong></span> <span class='ocrx_word' id='word_1_539' title='bbox 3610 1108 3736 1148; x_wconf 85' lang='lat' dir='ltr'><strong>cum</strong></span> 
     </span>
    </p>
   </div>
   <div class='ocr_carea' id='block_1_73' title="bbox 2142 1182 3737 1259">
    <p class='ocr_par' dir='ltr' id='par_1_73' title="bbox 2142 1182 3737 1259">
     <span class='ocr_line' id='line_1_75' title="bbox 2142 1182 3737 1259; baseline 0.004 -21"><span class='ocrx_word' id='word_1_540' title='bbox 2142 1182 2273 1239; x_wconf 88' lang='lat' dir='ltr'><strong>satis</strong></span> <span class='ocrx_word' id='word_1_541' title='bbox 2300 1182 2490 1241; x_wconf 86' lang='lat' dir='ltr'><strong>feceris</strong></span> <span class='ocrx_word' id='word_1_542' title='bbox 2519 1195 2611 1242; x_wconf 92' lang='lat' dir='ltr'><strong>tuo</strong></span> <span class='ocrx_word' id='word_1_543' title='bbox 2640 1187 2797 1255; x_wconf 86' lang='lat' dir='ltr'><strong>usui,</strong></span> <span class='ocrx_word' id='word_1_544' title='bbox 2827 1204 2948 1259; x_wconf 82' lang='lat' dir='ltr'><strong>quae</strong></span> <span class='ocrx_word' id='word_1_545' title='bbox 2974 1202 3303 1259; x_wconf 85' lang='lat' dir='ltr'><strong>supervacua</strong></span> <span class='ocrx_word' id='word_1_546' title='bbox 3352 1187 3444 1244; x_wconf 92' lang='lat' dir='ltr'><strong>tibi</strong></span> <span class='ocrx_word' id='word_1_547' title='bbox 3473 1196 3528 1243; x_wconf 88' lang='lat' dir='ltr'><strong>et</strong></span> <span class='ocrx_word' id='word_1_548' title='bbox 3563 1188 3737 1245; x_wconf 84' lang='lat' dir='ltr'><strong>otiosa</strong></span> 
     </span>
    </p>
   </div>
   <div class='ocr_carea' id='block_1_74' title="bbox 2137 1274 3743 1350">
    <p class='ocr_par' dir='ltr' id='par_1_74' title="bbox 2137 1274 3743 1350">
     <span class='ocr_line' id='line_1_76' title="bbox 2137 1274 3743 1350; baseline 0.002 -20"><span class='ocrx_word' id='word_1_549' title='bbox 2137 1274 2341 1349; x_wconf 82' lang='lat' dir='ltr'><strong>jaceat,</strong></span> <span class='ocrx_word' id='word_1_550' title='bbox 2384 1278 2437 1333; x_wconf 91' lang='lat' dir='ltr'><strong>in</strong></span> <span class='ocrx_word' id='word_1_551' title='bbox 2465 1280 2824 1337; x_wconf 84' lang='lat' dir='ltr'><strong>necessarium</strong></span> <span class='ocrx_word' id='word_1_552' title='bbox 2854 1294 3007 1337; x_wconf 87' lang='lat' dir='ltr'><strong>usum</strong></span> <span class='ocrx_word' id='word_1_553' title='bbox 3047 1289 3302 1337; x_wconf 84' lang='lat' dir='ltr'><strong>converte</strong></span> <span class='ocrx_word' id='word_1_554' title='bbox 3322 1320 3337 1347; x_wconf 91' lang='lat'><strong>,</strong></span> <span class='ocrx_word' id='word_1_555' title='bbox 3380 1279 3606 1350; x_wconf 79' lang='lat' dir='ltr'><strong>aliisque</strong></span> <span class='ocrx_word' id='word_1_556' title='bbox 3629 1277 3743 1337; x_wconf 85' lang='lat' dir='ltr'><strong>dis-</strong></span> 
     </span>
    </p>
   </div>
   <div class='ocr_carea' id='block_1_75' title="bbox 2146 1367 3743 1443">
    <p class='ocr_par' dir='ltr' id='par_1_75' title="bbox 2146 1367 3743 1443">
     <span class='ocr_line' id='line_1_77' title="bbox 2146 1367 3743 1443; baseline 0.003 -20"><span class='ocrx_word' id='word_1_557' title='bbox 2146 1367 2321 1426; x_wconf 83' lang='lat' dir='ltr'><strong>tribuc</strong></span> <span class='ocrx_word' id='word_1_558' title='bbox 2358 1369 2499 1426; x_wconf 87' lang='lat' dir='ltr'><strong>fame</strong></span> <span class='ocrx_word' id='word_1_559' title='bbox 2546 1370 2951 1437; x_wconf 87' lang='lat' dir='ltr'><strong>laborantibus,</strong></span> <span class='ocrx_word' id='word_1_560' title='bbox 2984 1382 3039 1428; x_wconf 88' lang='lat' dir='ltr'><strong>et</strong></span> <span class='ocrx_word' id='word_1_561' title='bbox 3075 1372 3199 1443; x_wconf 87' lang='lat' dir='ltr'><strong>gelu</strong></span> <span class='ocrx_word' id='word_1_562' title='bbox 3236 1372 3646 1443; x_wconf 82' lang='lat' dir='ltr'><strong>rigescentibus,</strong></span> <span class='ocrx_word' id='word_1_563' title='bbox 3688 1380 3743 1427; x_wconf 85' lang='lat' dir='ltr'><strong>et</strong></span> 
     </span>
    </p>
   </div>
   <div class='ocr_carea' id='block_1_76' title="bbox 2146 1458 3738 1533">
    <p class='ocr_par' dir='ltr' id='par_1_76' title="bbox 2146 1458 3738 1533">
     <span class='ocr_line' id='line_1_78' title="bbox 2146 1458 3738 1533; baseline 0.003 -21"><span class='ocrx_word' id='word_1_564' title='bbox 2146 1472 2245 1527; x_wconf 87' lang='lat' dir='ltr'><strong>per</strong></span> <span class='ocrx_word' id='word_1_565' title='bbox 2269 1458 2484 1516; x_wconf 89' lang='lat' dir='ltr'><strong>illorum</strong></span> <span class='ocrx_word' id='word_1_566' title='bbox 2525 1476 2715 1517; x_wconf 87' lang='lat' dir='ltr'><strong>manus</strong></span> <span class='ocrx_word' id='word_1_567' title='bbox 2760 1464 2813 1517; x_wconf 90' lang='lat' dir='ltr'><strong>in</strong></span> <span class='ocrx_word' id='word_1_568' title='bbox 2856 1471 2999 1519; x_wconf 89' lang='lat' dir='ltr'><strong>tuam</strong></span> <span class='ocrx_word' id='word_1_569' title='bbox 3041 1464 3266 1533; x_wconf 89' lang='lat' dir='ltr'><strong>patriam</strong></span> <span class='ocrx_word' id='word_1_570' title='bbox 3311 1463 3651 1530; x_wconf 85' lang='lat' dir='ltr'><strong>transmitte,</strong></span> <span class='ocrx_word' id='word_1_571' title='bbox 3685 1462 3738 1516; x_wconf 84' lang='lat' dir='ltr'><strong>in</strong></span> 
     </span>
    </p>
   </div>
   <div class='ocr_carea' id='block_1_77' title="bbox 2145 1550 3741 1624">
    <p class='ocr_par' dir='ltr' id='par_1_77' title="bbox 2145 1550 3741 1624">
     <span class='ocr_line' id='line_1_79' title="bbox 2145 1550 3741 1624; baseline 0.003 -23"><span class='ocrx_word' id='word_1_572' title='bbox 2145 1562 2307 1618; x_wconf 87' lang='lat' dir='ltr'><strong>quam</strong></span> <span class='ocrx_word' id='word_1_573' title='bbox 2338 1550 2649 1619; x_wconf 84' lang='lat' dir='ltr'><strong>propediem</strong></span> <span class='ocrx_word' id='word_1_574' title='bbox 2680 1552 2769 1611; x_wconf 87' lang='lat' dir='ltr'><strong>tibi</strong></span> <span class='ocrx_word' id='word_1_575' title='bbox 2796 1553 3124 1624; x_wconf 83' lang='lat' dir='ltr'><strong>pergendum</strong></span> <span class='ocrx_word' id='word_1_576' title='bbox 3144 1595 3162 1620; x_wconf 96' lang='lat'><strong>,</strong></span> <span class='ocrx_word' id='word_1_577' title='bbox 3195 1561 3254 1607; x_wconf 90' lang='lat' dir='ltr'><strong>ut</strong></span> <span class='ocrx_word' id='word_1_578' title='bbox 3284 1553 3352 1611; x_wconf 91' lang='lat' dir='ltr'><strong>ibi</strong></span> <span class='ocrx_word' id='word_1_579' title='bbox 3377 1553 3628 1623; x_wconf 82' lang='lat' dir='ltr'><strong>accipias.</strong></span> <span class='ocrx_word' id='word_1_580' title='bbox 3664 1552 3741 1607; x_wconf 88' lang='lat' dir='ltr'><strong>Illi</strong></span> 
     </span>
    </p>
   </div>
   <div class='ocr_carea' id='block_1_78' title="bbox 2148 1642 3743 1715">
    <p class='ocr_par' dir='ltr' id='par_1_78' title="bbox 2148 1642 3743 1715">
     <span class='ocr_line' id='line_1_80' title="bbox 2148 1642 3743 1715; baseline 0.003 -21"><span class='ocrx_word' id='word_1_581' title='bbox 2148 1643 2292 1697; x_wconf 88' lang='lat' dir='ltr'><strong>enim</strong></span> <span class='ocrx_word' id='word_1_582' title='bbox 2331 1642 2621 1713; x_wconf 91' lang='lat' dir='ltr'><strong>plurimum</strong></span> <span class='ocrx_word' id='word_1_583' title='bbox 2653 1644 2747 1703; x_wconf 89' lang='lat' dir='ltr'><strong>tibi</strong></span> <span class='ocrx_word' id='word_1_584' title='bbox 2796 1645 3054 1715; x_wconf 85' lang='lat' dir='ltr'><strong>prodesse</strong></span> <span class='ocrx_word' id='word_1_585' title='bbox 3094 1654 3345 1715; x_wconf 88' lang='lat' dir='ltr'><strong>poterunt</strong></span> <span class='ocrx_word' id='word_1_586' title='bbox 3388 1645 3457 1700; x_wconf 89' lang='lat' dir='ltr'><strong>ad</strong></span> <span class='ocrx_word' id='word_1_587' title='bbox 3501 1653 3743 1703; x_wconf 84' lang='lat' dir='ltr'><strong>transve-</strong></span> 
     </span>
    </p>
   </div>
   <div class='ocr_carea' id='block_1_79' title="bbox 2149 1734 3742 1812">
    <p class='ocr_par' dir='ltr' id='par_1_79' title="bbox 2149 1734 3742 1812">
     <span class='ocr_line' id='line_1_81' title="bbox 2149 1734 3742 1812; baseline 0 -21"><span class='ocrx_word' id='word_1_588' title='bbox 2149 1734 2354 1791; x_wconf 88' lang='lat' dir='ltr'><strong>hendas</strong></span> <span class='ocrx_word' id='word_1_589' title='bbox 2385 1736 2510 1793; x_wconf 90' lang='lat' dir='ltr'><strong>illuc</strong></span> <span class='ocrx_word' id='word_1_590' title='bbox 2533 1751 2665 1808; x_wconf 80' lang='lat' dir='ltr'><strong>epes</strong></span> <span class='ocrx_word' id='word_1_591' title='bbox 2695 1755 2708 1797; x_wconf 87' lang='lat'><strong>:</strong></span> <span class='ocrx_word' id='word_1_592' title='bbox 2740 1747 2797 1793; x_wconf 90' lang='lat' dir='ltr'><strong>ut</strong></span> <span class='ocrx_word' id='word_1_593' title='bbox 2821 1738 3036 1812; x_wconf 88' lang='lat' dir='ltr'><strong>quando</strong></span> <span class='ocrx_word' id='word_1_594' title='bbox 3057 1739 3183 1796; x_wconf 87' lang='lat' dir='ltr'><strong>illuc</strong></span> <span class='ocrx_word' id='word_1_595' title='bbox 3205 1737 3421 1803; x_wconf 88' lang='lat' dir='ltr'><strong>abieris,</strong></span> <span class='ocrx_word' id='word_1_596' title='bbox 3450 1736 3630 1792; x_wconf 87' lang='lat' dir='ltr'><strong>omnia</strong></span> <span class='ocrx_word' id='word_1_597' title='bbox 3657 1736 3742 1791; x_wconf 83' lang='lat' dir='ltr'><strong>iu-</strong></span> 
     </span>
    </p>
   </div>
   <div class='ocr_carea' id='block_1_80' title="bbox 2148 1826 3746 1899">
    <p class='ocr_par' dir='ltr' id='par_1_80' title="bbox 2148 1826 3746 1899">
     <span class='ocr_line' id='line_1_82' title="bbox 2148 1826 3746 1899; baseline 0.003 -20"><span class='ocrx_word' id='word_1_598' title='bbox 2148 1826 2336 1882; x_wconf 88' lang='lat' dir='ltr'><strong>venias</strong></span> <span class='ocrx_word' id='word_1_599' title='bbox 2362 1827 2505 1883; x_wconf 88' lang='lat' dir='ltr'><strong>bene</strong></span> <span class='ocrx_word' id='word_1_600' title='bbox 2550 1827 2833 1899; x_wconf 90' lang='lat' dir='ltr'><strong>disposita,</strong></span> <span class='ocrx_word' id='word_1_601' title='bbox 2864 1828 3161 1899; x_wconf 88' lang='lat' dir='ltr'><strong>majorique</strong></span> <span class='ocrx_word' id='word_1_602' title='bbox 3204 1829 3313 1884; x_wconf 90' lang='lat' dir='ltr'><strong>illic</strong></span> <span class='ocrx_word' id='word_1_603' title='bbox 3355 1827 3552 1883; x_wconf 86' lang='lat' dir='ltr'><strong>fruaris</strong></span> <span class='ocrx_word' id='word_1_604' title='bbox 3577 1828 3746 1883; x_wconf 90' lang='lat' dir='ltr'><strong>abun-</strong></span> 
     </span>
    </p>
   </div>
   <div class='ocr_carea' id='block_1_81' title="bbox 2147 1916 3746 1990">
    <p class='ocr_par' dir='ltr' id='par_1_81' title="bbox 2147 1916 3746 1990">
     <span class='ocr_line' id='line_1_83' title="bbox 2147 1916 3746 1990; baseline 0.004 -21"><span class='ocrx_word' id='word_1_605' title='bbox 2147 1916 2350 1988; x_wconf 88' lang='lat' dir='ltr'><strong>dantia,</strong></span> <span class='ocrx_word' id='word_1_606' title='bbox 2375 1919 2563 1974; x_wconf 88' lang='lat' dir='ltr'><strong>videns</strong></span> <span class='ocrx_word' id='word_1_607' title='bbox 2580 1935 2643 1975; x_wconf 85' lang='lat' dir='ltr'><strong>ea</strong></span> <span class='ocrx_word' id='word_1_608' title='bbox 2666 1935 2696 1974; x_wconf 89' lang='lat' dir='ltr'><strong>a</strong></span> <span class='ocrx_word' id='word_1_609' title='bbox 2723 1920 3212 1987; x_wconf 88' lang='lat' dir='ltr'><strong>transvehentibus,</strong></span> <span class='ocrx_word' id='word_1_610' title='bbox 3236 1920 3346 1977; x_wconf 89' lang='lat' dir='ltr'><strong>imo</strong></span> <span class='ocrx_word' id='word_1_611' title='bbox 3364 1935 3394 1973; x_wconf 92' lang='lat' dir='ltr'><strong>a</strong></span> <span class='ocrx_word' id='word_1_612' title='bbox 3417 1919 3746 1990; x_wconf 83' lang='lat' dir='ltr'><strong>benignitate</strong></span> 
     </span>
    </p>
   </div>
   <div class='ocr_carea' id='block_1_82' title="bbox 2150 2011 3745 2082">
    <p class='ocr_par' dir='ltr' id='par_1_82' title="bbox 2150 2011 3745 2082">
     <span class='ocr_line' id='line_1_84' title="bbox 2150 2011 3745 2082; baseline -0.001 -16"><span class='ocrx_word' id='word_1_613' title='bbox 2150 2011 2268 2079; x_wconf 90' lang='lat' dir='ltr'><strong>Dei,</strong></span> <span class='ocrx_word' id='word_1_614' title='bbox 2295 2012 2366 2067; x_wconf 86' lang='lat' dir='ltr'><strong>ita</strong></span> <span class='ocrx_word' id='word_1_615' title='bbox 2393 2012 2770 2082; x_wconf 83' lang='lat' dir='ltr'><strong>multiplicata.</strong></span> <span class='ocrx_word' id='word_1_616' title='bbox 2802 2013 2939 2068; x_wconf 88' lang='lat' dir='ltr'><strong>Num</strong></span> <span class='ocrx_word' id='word_1_617' title='bbox 2971 2013 3209 2069; x_wconf 88' lang='lat' dir='ltr'><strong>laborem</strong></span> <span class='ocrx_word' id='word_1_618' title='bbox 3242 2012 3400 2069; x_wconf 82' lang='lat' dir='ltr'><strong>habet</strong></span> <span class='ocrx_word' id='word_1_619' title='bbox 3430 2011 3481 2067; x_wconf 90' lang='lat' dir='ltr'><strong>id</strong></span> <span class='ocrx_word' id='word_1_620' title='bbox 3510 2011 3745 2082; x_wconf 78' lang='lat' dir='ltr'><strong>negotii?</strong></span> 
     </span>
    </p>
   </div>
   <div class='ocr_carea' id='block_1_83' title="bbox 2150 2102 3747 2173">
    <p class='ocr_par' dir='ltr' id='par_1_83' title="bbox 2150 2102 3747 2173">
     <span class='ocr_line' id='line_1_85' title="bbox 2150 2102 3747 2173; baseline 0.001 -16"><span class='ocrx_word' id='word_1_621' title='bbox 2150 2118 2279 2161; x_wconf 90' lang='lat' dir='ltr'><strong>num</strong></span> <span class='ocrx_word' id='word_1_622' title='bbox 2321 2117 2540 2173; x_wconf 89' lang='lat' dir='ltr'><strong>curam,</strong></span> <span class='ocrx_word' id='word_1_623' title='bbox 2592 2120 2718 2160; x_wconf 90' lang='lat' dir='ltr'><strong>num</strong></span> <span class='ocrx_word' id='word_1_624' title='bbox 2767 2103 3225 2163; x_wconf 87' lang='lat' dir='ltr'><strong>sollicitudinem?</strong></span> <span class='ocrx_word' id='word_1_625' title='bbox 3266 2103 3349 2158; x_wconf 83' lang='lat' dir='ltr'><strong>Ad</strong></span> <span class='ocrx_word' id='word_1_626' title='bbox 3402 2102 3519 2158; x_wconf 66' lang='lat' dir='ltr'><strong>hate</strong></span> <span class='ocrx_word' id='word_1_627' title='bbox 3568 2111 3747 2159; x_wconf 88' lang='lat' dir='ltr'><strong>trans-</strong></span> 
     </span>
    </p>
   </div>
   <div class='ocr_carea' id='block_1_84' title="bbox 2152 2193 3743 2269">
    <p class='ocr_par' dir='ltr' id='par_1_84' title="bbox 2152 2193 3743 2269">
     <span class='ocr_line' id='line_1_86' title="bbox 2152 2193 3743 2269; baseline -0.001 -19"><span class='ocrx_word' id='word_1_628' title='bbox 2152 2197 2394 2252; x_wconf 87' lang='lat' dir='ltr'><strong>vehenda</strong></span> <span class='ocrx_word' id='word_1_629' title='bbox 2443 2198 2595 2253; x_wconf 91' lang='lat' dir='ltr'><strong>nullo</strong></span> <span class='ocrx_word' id='word_1_630' title='bbox 2641 2198 2734 2257; x_wconf 84' lang='lat' dir='ltr'><strong>tibi</strong></span> <span class='ocrx_word' id='word_1_631' title='bbox 2777 2213 2910 2268; x_wconf 90' lang='lat' dir='ltr'><strong>opus</strong></span> <span class='ocrx_word' id='word_1_632' title='bbox 2936 2197 3304 2269; x_wconf 86' lang='lat' dir='ltr'><strong>estjumcnto,</strong></span> <span class='ocrx_word' id='word_1_633' title='bbox 3350 2212 3457 2253; x_wconf 91' lang='lat' dir='ltr'><strong>non</strong></span> <span class='ocrx_word' id='word_1_634' title='bbox 3499 2193 3743 2258; x_wconf 84' lang='lat' dir='ltr'><strong>custode,</strong></span> 
     </span>
    </p>
   </div>
   <div class='ocr_carea' id='block_1_85' title="bbox 2149 2286 3745 2359">
    <p class='ocr_par' dir='ltr' id='par_1_85' title="bbox 2149 2286 3745 2359">
     <span class='ocr_line' id='line_1_87' title="bbox 2149 2286 3745 2359; baseline -0.003 -15"><span class='ocrx_word' id='word_1_635' title='bbox 2149 2302 2325 2359; x_wconf 86' lang='lat' dir='ltr'><strong>neque</strong></span> <span class='ocrx_word' id='word_1_636' title='bbox 2353 2289 2461 2347; x_wconf 90' lang='lat' dir='ltr'><strong>ullo</strong></span> <span class='ocrx_word' id='word_1_637' title='bbox 2485 2289 2612 2346; x_wconf 87' lang='lat' dir='ltr'><strong>alio.</strong></span> <span class='ocrx_word' id='word_1_638' title='bbox 2639 2288 2825 2344; x_wconf 88' lang='lat' dir='ltr'><strong>Nullus</strong></span> <span class='ocrx_word' id='word_1_639' title='bbox 2850 2290 2995 2345; x_wconf 89' lang='lat' dir='ltr'><strong>enim</strong></span> <span class='ocrx_word' id='word_1_640' title='bbox 3022 2289 3160 2344; x_wconf 89' lang='lat' dir='ltr'><strong>latro</strong></span> <span class='ocrx_word' id='word_1_641' title='bbox 3189 2289 3270 2344; x_wconf 88' lang='lat' dir='ltr'><strong>vel</strong></span> <span class='ocrx_word' id='word_1_642' title='bbox 3301 2287 3384 2343; x_wconf 90' lang='lat' dir='ltr'><strong>fur</strong></span> <span class='ocrx_word' id='word_1_643' title='bbox 3413 2287 3514 2343; x_wconf 89' lang='lat' dir='ltr'><strong>hac</strong></span> <span class='ocrx_word' id='word_1_644' title='bbox 3542 2286 3627 2342; x_wconf 85' lang='lat' dir='ltr'><strong>via</strong></span> <span class='ocrx_word' id='word_1_645' title='bbox 3659 2286 3745 2340; x_wconf 85' lang='lat' dir='ltr'><strong>in-</strong></span> 
     </span>
    </p>
   </div>
   <div class='ocr_carea' id='block_1_86' title="bbox 2149 2380 3746 2454">
    <p class='ocr_par' dir='ltr' id='par_1_86' title="bbox 2149 2380 3746 2454">
     <span class='ocr_line' id='line_1_88' title="bbox 2149 2380 3746 2454; baseline -0.003 -17"><span class='ocrx_word' id='word_1_646' title='bbox 2149 2382 2312 2453; x_wconf 89' lang='lat' dir='ltr'><strong>cedit,</strong></span> <span class='ocrx_word' id='word_1_647' title='bbox 2337 2393 2394 2441; x_wconf 90' lang='lat' dir='ltr'><strong>ut</strong></span> <span class='ocrx_word' id='word_1_648' title='bbox 2425 2398 2619 2439; x_wconf 85' lang='lat' dir='ltr'><strong>nocere</strong></span> <span class='ocrx_word' id='word_1_649' title='bbox 2641 2393 2803 2454; x_wconf 90' lang='lat' dir='ltr'><strong>queat</strong></span> <span class='ocrx_word' id='word_1_650' title='bbox 2818 2384 2883 2439; x_wconf 90' lang='lat' dir='ltr'><strong>iis</strong></span> <span class='ocrx_word' id='word_1_651' title='bbox 2908 2399 3028 2454; x_wconf 76' lang='lat' dir='ltr'><strong>qua:</strong></span> <span class='ocrx_word' id='word_1_652' title='bbox 3045 2399 3076 2441; x_wconf 75' lang='lat' dir='ltr'><strong>tt</strong></span> <span class='ocrx_word' id='word_1_653' title='bbox 3099 2394 3151 2439; x_wconf 90' lang='lat' dir='ltr'><strong>te</strong></span> <span class='ocrx_word' id='word_1_654' title='bbox 3174 2383 3299 2439; x_wconf 86' lang='lat' dir='ltr'><strong>illuc</strong></span> <span class='ocrx_word' id='word_1_655' title='bbox 3318 2381 3598 2438; x_wconf 87' lang='lat' dir='ltr'><strong>mittuntur</strong></span> <span class='ocrx_word' id='word_1_656' title='bbox 3618 2397 3631 2434; x_wconf 89' lang='lat'><strong>:</strong></span> <span class='ocrx_word' id='word_1_657' title='bbox 3649 2380 3746 2435; x_wconf 90' lang='lat' dir='ltr'><strong>sed</strong></span> 
     </span>
    </p>
   </div>
   <div class='ocr_carea' id='block_1_87' title="bbox 2152 2471 3749 2546">
    <p class='ocr_par' dir='ltr' id='par_1_87' title="bbox 2152 2471 3749 2546">
     <span class='ocr_line' id='line_1_89' title="bbox 2152 2471 3749 2546; baseline -0.003 -17"><span class='ocrx_word' id='word_1_658' title='bbox 2152 2488 2214 2529; x_wconf 85' lang='lat' dir='ltr'><strong>ea</strong></span> <span class='ocrx_word' id='word_1_659' title='bbox 2245 2489 2367 2545; x_wconf 62' lang='lat' dir='ltr'><strong>qua;</strong></span> <span class='ocrx_word' id='word_1_660' title='bbox 2404 2475 2712 2546; x_wconf 85' lang='lat' dir='ltr'><strong>reposueris</strong></span> <span class='ocrx_word' id='word_1_661' title='bbox 2755 2475 2809 2529; x_wconf 93' lang='lat' dir='ltr'><strong>in</strong></span> <span class='ocrx_word' id='word_1_662' title='bbox 2849 2489 3142 2545; x_wconf 85' lang='lat' dir='ltr'><strong>egenorum</strong></span> <span class='ocrx_word' id='word_1_663' title='bbox 3184 2489 3407 2538; x_wconf 84' lang='lat' dir='ltr'><strong>manus,</strong></span> <span class='ocrx_word' id='word_1_664' title='bbox 3446 2471 3531 2528; x_wconf 86' lang='lat' dir='ltr'><strong>illa</strong></span> <span class='ocrx_word' id='word_1_665' title='bbox 3562 2471 3616 2526; x_wconf 91' lang='lat' dir='ltr'><strong>in</strong></span> <span class='ocrx_word' id='word_1_666' title='bbox 3662 2484 3749 2525; x_wconf 85' lang='lat' dir='ltr'><strong>se-</strong></span> 
     </span>
    </p>
   </div>
   <div class='ocr_carea' id='block_1_88' title="bbox 2153 2562 3747 2639">
    <p class='ocr_par' dir='ltr' id='par_1_88' title="bbox 2153 2562 3747 2639">
     <span class='ocr_line' id='line_1_90' title="bbox 2153 2562 3747 2639; baseline -0.004 -17"><span class='ocrx_word' id='word_1_667' title='bbox 2153 2582 2342 2623; x_wconf 89' lang='lat' dir='ltr'><strong>curum</strong></span> <span class='ocrx_word' id='word_1_668' title='bbox 2373 2568 2799 2639; x_wconf 88' lang='lat' dir='ltr'><strong>promptuarium</strong></span> <span class='ocrx_word' id='word_1_669' title='bbox 2819 2608 2836 2634; x_wconf 90' lang='lat'><strong>,</strong></span> <span class='ocrx_word' id='word_1_670' title='bbox 2868 2581 3061 2637; x_wconf 88' lang='lat' dir='ltr'><strong>nempe</strong></span> <span class='ocrx_word' id='word_1_671' title='bbox 3088 2581 3304 2621; x_wconf 86' lang='lat' dir='ltr'><strong>manum</strong></span> <span class='ocrx_word' id='word_1_672' title='bbox 3344 2564 3438 2620; x_wconf 84' lang='lat' dir='ltr'><strong>Dei</strong></span> <span class='ocrx_word' id='word_1_673' title='bbox 3464 2562 3705 2619; x_wconf 73' lang='lat' dir='ltr'><strong>offendes</strong></span> <span class='ocrx_word' id='word_1_674' title='bbox 3731 2579 3747 2616; x_wconf 89' lang='lat'><strong>:</strong></span> 
     </span>
    </p>
   </div>
   <div class='ocr_carea' id='block_1_89' title="bbox 2154 2653 3751 2731">
    <p class='ocr_par' dir='ltr' id='par_1_89' title="bbox 2154 2653 3751 2731">
     <span class='ocr_line' id='line_1_91' title="bbox 2154 2653 3751 2731; baseline -0.004 -17"><span class='ocrx_word' id='word_1_675' title='bbox 2154 2675 2273 2731; x_wconf 75' lang='lat' dir='ltr'><strong>qua:</strong></span> <span class='ocrx_word' id='word_1_676' title='bbox 2304 2659 2557 2717; x_wconf 86' lang='lat' dir='ltr'><strong>inviolata</strong></span> <span class='ocrx_word' id='word_1_677' title='bbox 2586 2669 2641 2714; x_wconf 91' lang='lat' dir='ltr'><strong>et</strong></span> <span class='ocrx_word' id='word_1_678' title='bbox 2668 2658 2937 2714; x_wconf 85' lang='lat' dir='ltr'><strong>custodita</strong></span> <span class='ocrx_word' id='word_1_679' title='bbox 2967 2657 3258 2728; x_wconf 65' lang='lat' dir='ltr'><strong>praebebit,</strong></span> <span class='ocrx_word' id='word_1_680' title='bbox 3285 2666 3342 2712; x_wconf 87' lang='lat' dir='ltr'><strong>et</strong></span> <span class='ocrx_word' id='word_1_681' title='bbox 3370 2671 3494 2711; x_wconf 92' lang='lat' dir='ltr'><strong>cum</strong></span> <span class='ocrx_word' id='word_1_682' title='bbox 3526 2653 3751 2713; x_wconf 84' lang='lat' dir='ltr'><strong>redieris</strong></span> 
     </span>
    </p>
   </div>
   <div class='ocr_carea' id='block_1_90' title="bbox 2156 2745 3745 2821">
    <p class='ocr_par' dir='ltr' id='par_1_90' title="bbox 2156 2745 3745 2821">
     <span class='ocr_line' id='line_1_92' title="bbox 2156 2745 3745 2821; baseline -0.003 -15"><span class='ocrx_word' id='word_1_683' title='bbox 2156 2753 2207 2806; x_wconf 90' lang='lat' dir='ltr'><strong>in</strong></span> <span class='ocrx_word' id='word_1_684' title='bbox 2233 2751 2483 2821; x_wconf 86' lang='lat' dir='ltr'><strong>patriam,</strong></span> <span class='ocrx_word' id='word_1_685' title='bbox 2508 2750 2612 2805; x_wconf 90' lang='lat' dir='ltr'><strong>illis</strong></span> <span class='ocrx_word' id='word_1_686' title='bbox 2637 2750 2862 2807; x_wconf 89' lang='lat' dir='ltr'><strong>redditis</strong></span> <span class='ocrx_word' id='word_1_687' title='bbox 2883 2750 3041 2805; x_wconf 88' lang='lat' dir='ltr'><strong>etiam</strong></span> <span class='ocrx_word' id='word_1_688' title='bbox 3066 2747 3379 2818; x_wconf 67' lang='lat' dir='ltr'><strong>praedicabit</strong></span> <span class='ocrx_word' id='word_1_689' title='bbox 3404 2745 3588 2803; x_wconf 84' lang='lat' dir='ltr'><strong>laudes</strong></span> <span class='ocrx_word' id='word_1_690' title='bbox 3609 2755 3745 2810; x_wconf 86' lang='lat' dir='ltr'><strong>tuas,</strong></span> 
     </span>
    </p>
   </div>
   <div class='ocr_carea' id='block_1_91' title="bbox 2154 2839 3747 2911">
    <p class='ocr_par' dir='ltr' id='par_1_91' title="bbox 2154 2839 3747 2911">
     <span class='ocr_line' id='line_1_93' title="bbox 2154 2839 3747 2911; baseline -0.006 -13"><span class='ocrx_word' id='word_1_691' title='bbox 2154 2852 2209 2898; x_wconf 91' lang='lat' dir='ltr'><strong>et</strong></span> <span class='ocrx_word' id='word_1_692' title='bbox 2239 2841 2542 2911; x_wconf 86' lang='lat' dir='ltr'><strong>coronabit,</strong></span> <span class='ocrx_word' id='word_1_693' title='bbox 2572 2856 2635 2901; x_wconf 81' lang='lat' dir='ltr'><strong>ac</strong></span> <span class='ocrx_word' id='word_1_694' title='bbox 2657 2850 2707 2899; x_wconf 85' lang='lat' dir='ltr'><strong>te</strong></span> <span class='ocrx_word' id='word_1_695' title='bbox 2738 2841 2792 2898; x_wconf 90' lang='lat' dir='ltr'><strong>in</strong></span> <span class='ocrx_word' id='word_1_696' title='bbox 2818 2839 3096 2897; x_wconf 86' lang='lat' dir='ltr'><strong>latitudine</strong></span> <span class='ocrx_word' id='word_1_697' title='bbox 3120 2839 3475 2903; x_wconf 83' lang='lat' dir='ltr'><strong>constituens,</strong></span> <span class='ocrx_word' id='word_1_698' title='bbox 3498 2851 3747 2892; x_wconf 87' lang='lat' dir='ltr'><strong>securum</strong></span> 
     </span>
    </p>
   </div>
   <div class='ocr_carea' id='block_1_92' title="bbox 2152 2927 3748 3001">
    <p class='ocr_par' dir='ltr' id='par_1_92' title="bbox 2152 2927 3748 3001">
     <span class='ocr_line' id='line_1_94' title="bbox 2152 2927 3748 3001; baseline -0.006 -8"><span class='ocrx_word' id='word_1_699' title='bbox 2152 2944 2212 2993; x_wconf 87' lang='lat' dir='ltr'><strong>et</strong></span> <span class='ocrx_word' id='word_1_700' title='bbox 2236 2935 2446 2994; x_wconf 87' lang='lat' dir='ltr'><strong>felicem</strong></span> <span class='ocrx_word' id='word_1_701' title='bbox 2473 2933 2682 2993; x_wconf 89' lang='lat' dir='ltr'><strong>reddet.</strong></span> <span class='ocrx_word' id='word_1_702' title='bbox 2720 2931 3069 2988; x_wconf 83' lang='lat' dir='ltr'><strong>Eﬂ&#39;undamus</strong></span> <span class='ocrx_word' id='word_1_703' title='bbox 3091 2945 3243 3001; x_wconf 82' lang='lat' dir='ltr'><strong>ergo,</strong></span> <span class='ocrx_word' id='word_1_704' title='bbox 3267 2943 3480 3001; x_wconf 89' lang='lat' dir='ltr'><strong>precor,</strong></span> <span class='ocrx_word' id='word_1_705' title='bbox 3503 2927 3748 2997; x_wconf 77' lang='lat' dir='ltr'><strong>deposita</strong></span> 
     </span>
    </p>
   </div>
   <div class='ocr_carea' id='block_1_93' title="bbox 2156 3022 3751 3103">
    <p class='ocr_par' dir='ltr' id='par_1_93' title="bbox 2156 3022 3751 3103">
     <span class='ocr_line' id='line_1_95' title="bbox 2156 3022 3751 3103; baseline -0.005 -18"><span class='ocrx_word' id='word_1_706' title='bbox 2156 3029 2210 3086; x_wconf 91' lang='lat' dir='ltr'><strong>in</strong></span> <span class='ocrx_word' id='word_1_707' title='bbox 2251 3043 2546 3103; x_wconf 85' lang='lat' dir='ltr'><strong>pauperum</strong></span> <span class='ocrx_word' id='word_1_708' title='bbox 2600 3035 2851 3094; x_wconf 87' lang='lat' dir='ltr'><strong>ventres,</strong></span> <span class='ocrx_word' id='word_1_709' title='bbox 2891 3034 2946 3082; x_wconf 90' lang='lat' dir='ltr'><strong>et</strong></span> <span class='ocrx_word' id='word_1_710' title='bbox 2982 3024 3308 3082; x_wconf 83' lang='lat' dir='ltr'><strong>seminemus</strong></span> <span class='ocrx_word' id='word_1_711' title='bbox 3358 3022 3487 3079; x_wconf 90' lang='lat' dir='ltr'><strong>dum</strong></span> <span class='ocrx_word' id='word_1_712' title='bbox 3541 3030 3751 3092; x_wconf 86' lang='lat' dir='ltr'><strong>tempus</strong></span> 
     </span>
    </p>
   </div>
   <div class='ocr_carea' id='block_1_94' title="bbox 2155 3116 3750 3193">
    <p class='ocr_par' dir='ltr' id='par_1_94' title="bbox 2155 3116 3750 3193">
     <span class='ocr_line' id='line_1_96' title="bbox 2155 3116 3750 3193; baseline -0.006 -16"><span class='ocrx_word' id='word_1_713' title='bbox 2155 3130 2260 3189; x_wconf 92' lang='lat' dir='ltr'><strong>est,</strong></span> <span class='ocrx_word' id='word_1_714' title='bbox 2291 3132 2349 3179; x_wconf 87' lang='lat' dir='ltr'><strong>ut</strong></span> <span class='ocrx_word' id='word_1_715' title='bbox 2373 3130 2679 3193; x_wconf 90' lang='lat' dir='ltr'><strong>opportuno</strong></span> <span class='ocrx_word' id='word_1_716' title='bbox 2713 3131 2954 3190; x_wconf 86' lang='lat' dir='ltr'><strong>tempore</strong></span> <span class='ocrx_word' id='word_1_717' title='bbox 2976 3126 3262 3185; x_wconf 87' lang='lat' dir='ltr'><strong>metamus,</strong></span> <span class='ocrx_word' id='word_1_718' title='bbox 3291 3116 3365 3188; x_wconf 83' lang='grc' dir='ltr'><strong>(α)</strong></span> <span class='ocrx_word' id='word_1_719' title='bbox 3393 3124 3448 3172; x_wconf 91' lang='lat' dir='ltr'><strong>et</strong></span> <span class='ocrx_word' id='word_1_720' title='bbox 3475 3130 3544 3171; x_wconf 87' lang='lat' dir='ltr'><strong>ne</strong></span> <span class='ocrx_word' id='word_1_721' title='bbox 3573 3123 3750 3169; x_wconf 81' lang='lat' dir='ltr'><strong>trans-</strong></span> 
     </span>
    </p>
   </div>
   <div class='ocr_carea' id='block_1_95' title="bbox 2156 3208 3752 3284">
    <p class='ocr_par' dir='ltr' id='par_1_95' title="bbox 2156 3208 3752 3284">
     <span class='ocr_line' id='line_1_97' title="bbox 2156 3208 3752 3284; baseline -0.004 -16"><span class='ocrx_word' id='word_1_722' title='bbox 2156 3215 2320 3272; x_wconf 87' lang='lat' dir='ltr'><strong>missa</strong></span> <span class='ocrx_word' id='word_1_723' title='bbox 2367 3212 2628 3284; x_wconf 87' lang='lat' dir='ltr'><strong>temporis</strong></span> <span class='ocrx_word' id='word_1_724' title='bbox 2670 3212 3105 3283; x_wconf 87' lang='lat' dir='ltr'><strong>opportunitate,</strong></span> <span class='ocrx_word' id='word_1_725' title='bbox 3150 3210 3376 3281; x_wconf 87' lang='lat' dir='ltr'><strong>posthac</strong></span> <span class='ocrx_word' id='word_1_726' title='bbox 3416 3208 3610 3264; x_wconf 84' lang='lat' dir='ltr'><strong>frustra</strong></span> <span class='ocrx_word' id='word_1_727' title='bbox 3654 3221 3752 3262; x_wconf 89' lang='lat' dir='ltr'><strong>nos</strong></span> 
     </span>
    </p>
   </div>
   <div class='ocr_carea' id='block_1_96' title="bbox 2160 3298 3749 3378">
    <p class='ocr_par' dir='ltr' id='par_1_96' title="bbox 2160 3298 3749 3378">
     <span class='ocr_line' id='line_1_98' title="bbox 2160 3298 3749 3378; baseline -0.006 -16"><span class='ocrx_word' id='word_1_728' title='bbox 2160 3307 2437 3378; x_wconf 67' lang='lat' dir='ltr'><strong>pmniteat.</strong></span> <span class='ocrx_word' id='word_1_729' title='bbox 2470 3305 2701 3365; x_wconf 88' lang='lat' dir='ltr'><strong>llaccine</strong></span> <span class='ocrx_word' id='word_1_730' title='bbox 2731 3304 2799 3361; x_wconf 87' lang='lat' dir='ltr'><strong>de</strong></span> <span class='ocrx_word' id='word_1_731' title='bbox 2820 3318 2983 3359; x_wconf 86' lang='lat' dir='ltr'><strong>causa</strong></span> <span class='ocrx_word' id='word_1_732' title='bbox 3012 3303 3276 3374; x_wconf 86' lang='lat' dir='ltr'><strong>benignus</strong></span> <span class='ocrx_word' id='word_1_733' title='bbox 3304 3301 3444 3359; x_wconf 89' lang='lat' dir='ltr'><strong>Deus</strong></span> <span class='ocrx_word' id='word_1_734' title='bbox 3476 3300 3625 3370; x_wconf 88' lang='lat' dir='ltr'><strong>plura</strong></span> <span class='ocrx_word' id='word_1_735' title='bbox 3653 3298 3749 3354; x_wconf 87' lang='lat' dir='ltr'><strong>tibi</strong></span> 
     </span>
    </p>
   </div>
   <div class='ocr_carea' id='block_1_97' title="bbox 2158 3389 3750 3475">
    <p class='ocr_par' dir='ltr' id='par_1_97' title="bbox 2158 3389 3750 3475">
     <span class='ocr_line' id='line_1_99' title="bbox 2158 3389 3750 3475; baseline -0.006 -21"><span class='ocrx_word' id='word_1_736' title='bbox 2158 3399 2379 3475; x_wconf 88' lang='lat' dir='ltr'><strong>largitus</strong></span> <span class='ocrx_word' id='word_1_737' title='bbox 2405 3407 2509 3463; x_wconf 88' lang='lat' dir='ltr'><strong>cst,</strong></span> <span class='ocrx_word' id='word_1_738' title='bbox 2538 3408 2597 3455; x_wconf 89' lang='lat' dir='ltr'><strong>ut</strong></span> <span class='ocrx_word' id='word_1_739' title='bbox 2642 3398 2695 3453; x_wconf 89' lang='lat' dir='ltr'><strong>iu</strong></span> <span class='ocrx_word' id='word_1_740' title='bbox 2738 3405 2885 3455; x_wconf 82' lang='lat' dir='ltr'><strong>tuum</strong></span> <span class='ocrx_word' id='word_1_741' title='bbox 2916 3395 3087 3451; x_wconf 89' lang='lat' dir='ltr'><strong>solius</strong></span> <span class='ocrx_word' id='word_1_742' title='bbox 3129 3408 3284 3449; x_wconf 90' lang='lat' dir='ltr'><strong>usum</strong></span> <span class='ocrx_word' id='word_1_743' title='bbox 3325 3389 3603 3461; x_wconf 87' lang='lat' dir='ltr'><strong>impendas</strong></span> <span class='ocrx_word' id='word_1_744' title='bbox 3631 3404 3750 3455; x_wconf 69' lang='lat' dir='ltr'><strong>quae</strong></span> 
     </span>
    </p>
   </div>
   <div class='ocr_carea' id='block_1_98' title="bbox 2156 3479 3752 3558">
    <p class='ocr_par' dir='ltr' id='par_1_98' title="bbox 2156 3479 3752 3558">
     <span class='ocr_line' id='line_1_100' title="bbox 2156 3479 3752 3558; baseline -0.009 -12"><span class='ocrx_word' id='word_1_745' title='bbox 2156 3489 2326 3557; x_wconf 84' lang='lat' dir='ltr'><strong>dedit,</strong></span> <span class='ocrx_word' id='word_1_746' title='bbox 2350 3498 2406 3545; x_wconf 91' lang='lat' dir='ltr'><strong>ct</strong></span> <span class='ocrx_word' id='word_1_747' title='bbox 2424 3488 2631 3558; x_wconf 83' lang='lat' dir='ltr'><strong>reliqua</strong></span> <span class='ocrx_word' id='word_1_748' title='bbox 2661 3488 2714 3543; x_wconf 90' lang='lat' dir='ltr'><strong>in</strong></span> <span class='ocrx_word' id='word_1_749' title='bbox 2738 3486 2935 3542; x_wconf 81' lang='lat' dir='ltr'><strong>arcolis</strong></span> <span class='ocrx_word' id='word_1_750' title='bbox 2960 3495 3013 3541; x_wconf 87' lang='lat' dir='ltr'><strong>et</strong></span> <span class='ocrx_word' id='word_1_751' title='bbox 3043 3483 3426 3556; x_wconf 90' lang='lat' dir='ltr'><strong>promptuariis</strong></span> <span class='ocrx_word' id='word_1_752' title='bbox 3454 3479 3752 3540; x_wconf 83' lang='lat' dir='ltr'><strong>recondas?</strong></span> 
     </span>
    </p>
   </div>
   <div class='ocr_carea' id='block_1_99' title="bbox 2160 3572 3753 3649">
    <p class='ocr_par' dir='ltr' id='par_1_99' title="bbox 2160 3572 3753 3649">
     <span class='ocr_line' id='line_1_101' title="bbox 2160 3572 3753 3649; baseline -0.007 -11"><span class='ocrx_word' id='word_1_753' title='bbox 2160 3583 2275 3638; x_wconf 68' lang='lat' dir='ltr'><strong>Non</strong></span> <span class='ocrx_word' id='word_1_754' title='bbox 2303 3598 2367 3638; x_wconf 90' lang='lat' dir='ltr'><strong>ea</strong></span> <span class='ocrx_word' id='word_1_755' title='bbox 2403 3582 2471 3638; x_wconf 92' lang='lat' dir='ltr'><strong>de</strong></span> <span class='ocrx_word' id='word_1_756' title='bbox 2500 3596 2682 3649; x_wconf 86' lang='lat' dir='ltr'><strong>causa,</strong></span> <span class='ocrx_word' id='word_1_757' title='bbox 2714 3579 2809 3636; x_wconf 88' lang='lat' dir='ltr'><strong>sed</strong></span> <span class='ocrx_word' id='word_1_758' title='bbox 2838 3588 2893 3635; x_wconf 92' lang='lat' dir='ltr'><strong>ut</strong></span> <span class='ocrx_word' id='word_1_759' title='bbox 2914 3621 2930 3647; x_wconf 91' lang='lat'><strong>,</strong></span> <span class='ocrx_word' id='word_1_760' title='bbox 2961 3577 3256 3642; x_wconf 80' lang='lat' dir='ltr'><strong>secundum</strong></span> <span class='ocrx_word' id='word_1_761' title='bbox 3283 3575 3630 3646; x_wconf 86' lang='lat' dir='ltr'><strong>apostolicam</strong></span> <span class='ocrx_word' id='word_1_762' title='bbox 3654 3572 3753 3628; x_wconf 89' lang='lat' dir='ltr'><strong>ad-</strong></span> 
     </span>
    </p>
   </div>
   <div class='ocr_carea' id='block_1_100' title="bbox 2159 3667 3755 3742">
    <p class='ocr_par' dir='ltr' id='par_1_100' title="bbox 2159 3667 3755 3742">
     <span class='ocr_line' id='line_1_102' title="bbox 2159 3667 3755 3742; baseline -0.009 -10"><span class='ocrx_word' id='word_1_763' title='bbox 2159 3676 2533 3742; x_wconf 78' lang='lat' dir='ltr'><strong>rnonitionem,</strong></span> <span class='ocrx_word' id='word_1_764' title='bbox 2559 3672 2885 3731; x_wconf 86' lang='lat' dir='ltr'><strong>abundantia</strong></span> <span class='ocrx_word' id='word_1_765' title='bbox 2934 3680 3022 3727; x_wconf 89' lang='lat' dir='ltr'><strong>tua</strong></span> <span class='ocrx_word' id='word_1_766' title='bbox 3065 3670 3294 3725; x_wconf 87' lang='lat' dir='ltr'><strong>aliorum</strong></span> <span class='ocrx_word' id='word_1_767' title='bbox 3342 3667 3579 3737; x_wconf 88' lang='lat' dir='ltr'><strong>inopiam</strong></span> <span class='ocrx_word' id='word_1_768' title='bbox 3628 3679 3755 3734; x_wconf 87' lang='lat' dir='ltr'><strong>sup-</strong></span> 
     </span>
    </p>
   </div>
   <div class='ocr_carea' id='block_1_101' title="bbox 2162 3754 3755 3839">
    <p class='ocr_par' dir='ltr' id='par_1_101' title="bbox 2162 3754 3755 3839">
     <span class='ocr_line' id='line_1_103' title="bbox 2162 3754 3755 3839; baseline -0.009 -16"><span class='ocrx_word' id='word_1_769' title='bbox 2162 3770 2306 3837; x_wconf 78' lang='lat' dir='ltr'><strong>pleat</strong></span> <span class='ocrx_word' id='word_1_770' title='bbox 2325 3766 2402 3839; x_wconf 71' lang='lat'><strong>(2.</strong></span> <span class='ocrx_word' id='word_1_771' title='bbox 2435 3765 2553 3822; x_wconf 87' lang='lat' dir='ltr'><strong>Cor.</strong></span> <span class='ocrx_word' id='word_1_772' title='bbox 2581 3764 2634 3819; x_wconf 85' lang='lat'><strong>8.</strong></span> <span class='ocrx_word' id='word_1_773' title='bbox 2662 3763 2775 3833; x_wconf 73' lang='lat' dir='ltr'><strong>ll).</strong></span> <span class='ocrx_word' id='word_1_774' title='bbox 2797 3762 2865 3823; x_wconf 83' lang='lat' dir='ltr'><strong>Et</strong></span> <span class='ocrx_word' id='word_1_775' title='bbox 2883 3771 2935 3816; x_wconf 91' lang='lat' dir='ltr'><strong>tu</strong></span> <span class='ocrx_word' id='word_1_776' title='bbox 2958 3761 3173 3834; x_wconf 86' lang='lat' dir='ltr'><strong>quidem</strong></span> <span class='ocrx_word' id='word_1_777' title='bbox 3204 3757 3425 3815; x_wconf 88' lang='lat' dir='ltr'><strong>forsitan</strong></span> <span class='ocrx_word' id='word_1_778' title='bbox 3448 3754 3608 3812; x_wconf 83' lang='lat' dir='ltr'><strong>etiam</strong></span> <span class='ocrx_word' id='word_1_779' title='bbox 3636 3754 3755 3825; x_wconf 87' lang='lat' dir='ltr'><strong>plus</strong></span> 
     </span>
    </p>
   </div>
   <div class='ocr_carea' id='block_1_102' title="bbox 2159 3848 3756 3930">
    <p class='ocr_par' dir='ltr' id='par_1_102' title="bbox 2159 3848 3756 3930">
     <span class='ocr_line' id='line_1_104' title="bbox 2159 3848 3756 3930; baseline -0.007 -15"><span class='ocrx_word' id='word_1_780' title='bbox 2159 3875 2319 3930; x_wconf 87' lang='lat' dir='ltr'><strong>quam</strong></span> <span class='ocrx_word' id='word_1_781' title='bbox 2344 3876 2479 3930; x_wconf 85' lang='lat' dir='ltr'><strong>opus</strong></span> <span class='ocrx_word' id='word_1_782' title='bbox 2496 3868 2580 3914; x_wconf 91' lang='lat' dir='ltr'><strong>est</strong></span> <span class='ocrx_word' id='word_1_783' title='bbox 2600 3856 2684 3912; x_wconf 91' lang='lat' dir='ltr'><strong>his</strong></span> <span class='ocrx_word' id='word_1_784' title='bbox 2704 3856 2900 3915; x_wconf 76' lang='lat' dir='ltr'><strong>frueris</strong></span> <span class='ocrx_word' id='word_1_785' title='bbox 2930 3855 2982 3912; x_wconf 90' lang='lat' dir='ltr'><strong>in</strong></span> <span class='ocrx_word' id='word_1_786' title='bbox 3004 3852 3231 3918; x_wconf 88' lang='lat' dir='ltr'><strong>deliciis,</strong></span> <span class='ocrx_word' id='word_1_787' title='bbox 3253 3851 3514 3916; x_wconf 70' lang='lat' dir='ltr'><strong>vestibus,</strong></span> <span class='ocrx_word' id='word_1_788' title='bbox 3540 3848 3756 3918; x_wconf 85' lang='lat' dir='ltr'><strong>alioque</strong></span> 
     </span>
    </p>
   </div>
   <div class='ocr_carea' id='block_1_103' title="bbox 2162 3937 3757 4023">
    <p class='ocr_par' dir='ltr' id='par_1_103' title="bbox 2162 3937 3757 4023">
     <span class='ocr_line' id='line_1_105' title="bbox 2162 3937 3757 4023; baseline -0.008 -18"><span class='ocrx_word' id='word_1_789' title='bbox 2162 3951 2288 4007; x_wconf 75' lang='lat' dir='ltr'><strong>luxu</strong></span> <span class='ocrx_word' id='word_1_790' title='bbox 2310 3992 2325 4019; x_wconf 95' lang='lat'><strong>,</strong></span> <span class='ocrx_word' id='word_1_791' title='bbox 2353 3950 2521 4005; x_wconf 87' lang='lat' dir='ltr'><strong>servis</strong></span> <span class='ocrx_word' id='word_1_792' title='bbox 2559 3963 2773 4023; x_wconf 86' lang='lat' dir='ltr'><strong>quoque</strong></span> <span class='ocrx_word' id='word_1_793' title='bbox 2797 3955 2855 4002; x_wconf 92' lang='lat' dir='ltr'><strong>et</strong></span> <span class='ocrx_word' id='word_1_794' title='bbox 2900 3945 3070 4000; x_wconf 88' lang='lat' dir='ltr'><strong>brutis</strong></span> <span class='ocrx_word' id='word_1_795' title='bbox 3108 3954 3388 4014; x_wconf 87' lang='lat' dir='ltr'><strong>argentum</strong></span> <span class='ocrx_word' id='word_1_796' title='bbox 3418 3941 3641 3997; x_wconf 91' lang='lat' dir='ltr'><strong>multum</strong></span> <span class='ocrx_word' id='word_1_797' title='bbox 3668 3937 3757 3993; x_wconf 87' lang='lat' dir='ltr'><strong>di-</strong></span> 
     </span>
    </p>
   </div>
   <div class='ocr_carea' id='block_1_104' title="bbox 2163 4029 3755 4112">
    <p class='ocr_par' dir='ltr' id='par_1_104' title="bbox 2163 4029 3755 4112">
     <span class='ocr_line' id='line_1_106' title="bbox 2163 4029 3755 4112; baseline -0.009 -14"><span class='ocrx_word' id='word_1_798' title='bbox 2163 4045 2385 4099; x_wconf 84' lang='lat' dir='ltr'><strong>videns:</strong></span> <span class='ocrx_word' id='word_1_799' title='bbox 2427 4056 2629 4112; x_wconf 88' lang='lat' dir='ltr'><strong>pauper</strong></span> <span class='ocrx_word' id='word_1_800' title='bbox 2671 4048 2848 4096; x_wconf 86' lang='lat' dir='ltr'><strong>autem</strong></span> <span class='ocrx_word' id='word_1_801' title='bbox 2895 4038 3025 4093; x_wconf 91' lang='lat' dir='ltr'><strong>nihil</strong></span> <span class='ocrx_word' id='word_1_802' title='bbox 3072 4036 3266 4091; x_wconf 87' lang='lat' dir='ltr'><strong>horum</strong></span> <span class='ocrx_word' id='word_1_803' title='bbox 3305 4050 3337 4088; x_wconf 89' lang='lat' dir='ltr'><strong>a</strong></span> <span class='ocrx_word' id='word_1_804' title='bbox 3379 4044 3430 4089; x_wconf 88' lang='lat' dir='ltr'><strong>te</strong></span> <span class='ocrx_word' id='word_1_805' title='bbox 3471 4033 3620 4102; x_wconf 86' lang='lat' dir='ltr'><strong>petit,</strong></span> <span class='ocrx_word' id='word_1_806' title='bbox 3660 4029 3755 4086; x_wconf 84' lang='lat' dir='ltr'><strong>sed</strong></span> 
     </span>
    </p>
   </div>
   <div class='ocr_carea' id='block_1_105' title="bbox 2164 4122 3751 4200">
    <p class='ocr_par' dir='ltr' id='par_1_105' title="bbox 2164 4122 3751 4200">
     <span class='ocr_line' id='line_1_107' title="bbox 2164 4122 3751 4200; baseline -0.009 -9"><span class='ocrx_word' id='word_1_807' title='bbox 2164 4144 2369 4191; x_wconf 90' lang='lat' dir='ltr'><strong>tantum</strong></span> <span class='ocrx_word' id='word_1_808' title='bbox 2393 4142 2452 4187; x_wconf 90' lang='lat' dir='ltr'><strong>ut</strong></span> <span class='ocrx_word' id='word_1_809' title='bbox 2472 4132 2668 4188; x_wconf 88' lang='lat' dir='ltr'><strong>famem</strong></span> <span class='ocrx_word' id='word_1_810' title='bbox 2690 4131 2933 4200; x_wconf 85' lang='lat' dir='ltr'><strong>mitiges,</strong></span> <span class='ocrx_word' id='word_1_811' title='bbox 2964 4137 3022 4184; x_wconf 92' lang='lat' dir='ltr'><strong>ut</strong></span> <span class='ocrx_word' id='word_1_812' title='bbox 3047 4125 3416 4200; x_wconf 88' lang='lat' dir='ltr'><strong>quotidianum</strong></span> <span class='ocrx_word' id='word_1_813' title='bbox 3446 4124 3522 4179; x_wconf 87' lang='lat' dir='ltr'><strong>illi</strong></span> <span class='ocrx_word' id='word_1_814' title='bbox 3548 4122 3751 4187; x_wconf 86' lang='lat' dir='ltr'><strong>cibum,</strong></span> 
     </span>
    </p>
   </div>
   <div class='ocr_carea' id='block_1_106' title="bbox 2160 4218 3755 4289">
    <p class='ocr_par' dir='ltr' id='par_1_106' title="bbox 2160 4218 3755 4289">
     <span class='ocr_line' id='line_1_108' title="bbox 2160 4218 3755 4289; baseline -0.01 -6"><span class='ocrx_word' id='word_1_815' title='bbox 2160 4242 2224 4282; x_wconf 93' lang='lat' dir='ltr'><strong>ac</strong></span> <span class='ocrx_word' id='word_1_816' title='bbox 2242 4226 2602 4282; x_wconf 85' lang='lat' dir='ltr'><strong>necessarium</strong></span> <span class='ocrx_word' id='word_1_817' title='bbox 2627 4238 2782 4280; x_wconf 90' lang='lat' dir='ltr'><strong>usum</strong></span> <span class='ocrx_word' id='word_1_818' title='bbox 2806 4221 3025 4289; x_wconf 88' lang='lat' dir='ltr'><strong>tribuas,</strong></span> <span class='ocrx_word' id='word_1_819' title='bbox 3058 4228 3118 4277; x_wconf 88' lang='lat' dir='ltr'><strong>ut</strong></span> <span class='ocrx_word' id='word_1_820' title='bbox 3143 4218 3307 4285; x_wconf 87' lang='lat' dir='ltr'><strong>vivat,</strong></span> <span class='ocrx_word' id='word_1_821' title='bbox 3326 4225 3510 4273; x_wconf 86' lang='lat' dir='ltr'><strong>etnon</strong></span> <span class='ocrx_word' id='word_1_822' title='bbox 3534 4222 3755 4284; x_wconf 86' lang='lat' dir='ltr'><strong>pereat:</strong></span> 
     </span>
    </p>
   </div>
   <div class='ocr_carea' id='block_1_107' title="bbox 2163 4306 3758 4391">
    <p class='ocr_par' dir='ltr' id='par_1_107' title="bbox 2163 4306 3758 4391">
     <span class='ocr_line' id='line_1_109' title="bbox 2163 4306 3758 4391; baseline -0.009 -15"><span class='ocrx_word' id='word_1_823' title='bbox 2163 4331 2218 4377; x_wconf 92' lang='lat' dir='ltr'><strong>et</strong></span> <span class='ocrx_word' id='word_1_824' title='bbox 2244 4336 2419 4391; x_wconf 88' lang='lat' dir='ltr'><strong>neque</strong></span> <span class='ocrx_word' id='word_1_825' title='bbox 2449 4319 2551 4375; x_wconf 88' lang='lat' dir='ltr'><strong>hoc</strong></span> <span class='ocrx_word' id='word_1_826' title='bbox 2590 4317 2768 4373; x_wconf 87' lang='lat' dir='ltr'><strong>facere</strong></span> <span class='ocrx_word' id='word_1_827' title='bbox 2796 4314 3033 4386; x_wconf 87' lang='lat' dir='ltr'><strong>dignaris</strong></span> <span class='ocrx_word' id='word_1_828' title='bbox 3055 4354 3070 4379; x_wconf 89' lang='lat'><strong>,</strong></span> <span class='ocrx_word' id='word_1_829' title='bbox 3101 4327 3278 4383; x_wconf 85' lang='lat' dir='ltr'><strong>neque</strong></span> <span class='ocrx_word' id='word_1_830' title='bbox 3306 4308 3533 4381; x_wconf 83' lang='lat' dir='ltr'><strong>cogitas,</strong></span> <span class='ocrx_word' id='word_1_831' title='bbox 3563 4315 3615 4362; x_wconf 86' lang='lat' dir='ltr'><strong>te</strong></span> <span class='ocrx_word' id='word_1_832' title='bbox 3642 4306 3758 4378; x_wconf 85' lang='lat' dir='ltr'><strong>ple-</strong></span> 
     </span>
    </p>
   </div>
   <div class='ocr_carea' id='block_1_108' title="bbox 2162 4396 3759 4484">
    <p class='ocr_par' dir='ltr' id='par_1_108' title="bbox 2162 4396 3759 4484">
     <span class='ocr_line' id='line_1_110' title="bbox 2162 4396 3759 4484; baseline -0.01 -15"><span class='ocrx_word' id='word_1_833' title='bbox 2162 4428 2387 4484; x_wconf 88' lang='lat' dir='ltr'><strong>rumque</strong></span> <span class='ocrx_word' id='word_1_834' title='bbox 2408 4411 2588 4468; x_wconf 92' lang='lat' dir='ltr'><strong>subito</strong></span> <span class='ocrx_word' id='word_1_835' title='bbox 2607 4410 2911 4480; x_wconf 87' lang='lat' dir='ltr'><strong>abreptum,</strong></span> <span class='ocrx_word' id='word_1_836' title='bbox 2939 4406 3117 4463; x_wconf 86' lang='lat' dir='ltr'><strong>omnia</strong></span> <span class='ocrx_word' id='word_1_837' title='bbox 3141 4419 3260 4476; x_wconf 77' lang='lat' dir='ltr'><strong>qua:</strong></span> <span class='ocrx_word' id='word_1_838' title='bbox 3282 4401 3506 4458; x_wconf 86' lang='lat' dir='ltr'><strong>collecta</strong></span> <span class='ocrx_word' id='word_1_839' title='bbox 3527 4408 3651 4454; x_wconf 87' lang='lat' dir='ltr'><strong>sunt</strong></span> <span class='ocrx_word' id='word_1_840' title='bbox 3672 4396 3759 4453; x_wconf 87' lang='lat' dir='ltr'><strong>hic</strong></span> 
     </span>
    </p>
   </div>
   <div class='ocr_carea' id='block_1_109' title="bbox 2164 4495 3760 4577">
    <p class='ocr_par' dir='ltr' id='par_1_109' title="bbox 2164 4495 3760 4577">
     <span class='ocr_line' id='line_1_111' title="bbox 2164 4495 3760 4577; baseline -0.011 -15"><span class='ocrx_word' id='word_1_841' title='bbox 2164 4507 2504 4577; x_wconf 80' lang='lat' dir='ltr'><strong>relinquere,</strong></span> <span class='ocrx_word' id='word_1_842' title='bbox 2534 4511 2593 4558; x_wconf 88' lang='lat' dir='ltr'><strong>et</strong></span> <span class='ocrx_word' id='word_1_843' title='bbox 2620 4502 2888 4558; x_wconf 88' lang='lat' dir='ltr'><strong>interdum</strong></span> <span class='ocrx_word' id='word_1_844' title='bbox 2914 4500 2970 4555; x_wconf 93' lang='lat' dir='ltr'><strong>in</strong></span> <span class='ocrx_word' id='word_1_845' title='bbox 2996 4500 3187 4556; x_wconf 81' lang='lat' dir='ltr'><strong>hostes</strong></span> <span class='ocrx_word' id='word_1_846' title='bbox 3211 4505 3268 4555; x_wconf 91' lang='lat' dir='ltr'><strong>et</strong></span> <span class='ocrx_word' id='word_1_847' title='bbox 3308 4495 3555 4550; x_wconf 88' lang='lat' dir='ltr'><strong>inimicos</strong></span> <span class='ocrx_word' id='word_1_848' title='bbox 3581 4501 3760 4547; x_wconf 86' lang='lat' dir='ltr'><strong>trans-</strong></span> 
     </span>
    </p>
   </div>
   <div class='ocr_carea' id='block_1_110' title="bbox 2166 4582 3760 4664">
    <p class='ocr_par' dir='ltr' id='par_1_110' title="bbox 2166 4582 3760 4664">
     <span class='ocr_line' id='line_1_112' title="bbox 2166 4582 3760 4664; baseline -0.011 -10"><span class='ocrx_word' id='word_1_849' title='bbox 2166 4599 2328 4664; x_wconf 80' lang='lat' dir='ltr'><strong>ferri;</strong></span> <span class='ocrx_word' id='word_1_850' title='bbox 2363 4608 2415 4652; x_wconf 91' lang='lat' dir='ltr'><strong>te</strong></span> <span class='ocrx_word' id='word_1_851' title='bbox 2442 4605 2621 4651; x_wconf 89' lang='lat' dir='ltr'><strong>autem</strong></span> <span class='ocrx_word' id='word_1_852' title='bbox 2653 4591 2887 4663; x_wconf 86' lang='lat' dir='ltr'><strong>peccatis</strong></span> <span class='ocrx_word' id='word_1_853' title='bbox 2912 4589 3162 4647; x_wconf 87' lang='lat' dir='ltr'><strong>omnibus</strong></span> <span class='ocrx_word' id='word_1_854' title='bbox 3180 4628 3194 4651; x_wconf 89' lang='lat'><strong>,</strong></span> <span class='ocrx_word' id='word_1_855' title='bbox 3224 4602 3321 4661; x_wconf 88' lang='lat' dir='ltr'><strong>per</strong></span> <span class='ocrx_word' id='word_1_856' title='bbox 3349 4601 3470 4656; x_wconf 67' lang='lat' dir='ltr'><strong>quae</strong></span> <span class='ocrx_word' id='word_1_857' title='bbox 3497 4583 3616 4639; x_wconf 72' lang='lat' dir='ltr'><strong>hmo</strong></span> <span class='ocrx_word' id='word_1_858' title='bbox 3641 4582 3760 4638; x_wconf 62' lang='lat' dir='ltr'><strong>eol«</strong></span> 
     </span>
    </p>
   </div>
   <div class='ocr_carea' id='block_1_111' title="bbox 2168 4673 3763 4761">
    <p class='ocr_par' dir='ltr' id='par_1_111' title="bbox 2168 4673 3763 4761">
     <span class='ocr_line' id='line_1_113' title="bbox 2168 4673 3763 4761; baseline -0.013 -16"><span class='ocrx_word' id='word_1_859' title='bbox 2168 4689 2363 4761; x_wconf 87' lang='lat' dir='ltr'><strong>legisti,</strong></span> <span class='ocrx_word' id='word_1_860' title='bbox 2407 4697 2585 4745; x_wconf 68' lang='lat' dir='ltr'><strong>tecum</strong></span> <span class='ocrx_word' id='word_1_861' title='bbox 2629 4684 2862 4754; x_wconf 87' lang='lat' dir='ltr'><strong>receptis</strong></span> <span class='ocrx_word' id='word_1_862' title='bbox 2907 4681 3032 4739; x_wconf 91' lang='lat' dir='ltr'><strong>hinc</strong></span> <span class='ocrx_word' id='word_1_863' title='bbox 3068 4680 3320 4750; x_wconf 84' lang='lat' dir='ltr'><strong>migrare.</strong></span> <span class='ocrx_word' id='word_1_864' title='bbox 3358 4674 3428 4730; x_wconf 86' lang='lat' dir='ltr'><strong>Et</strong></span> <span class='ocrx_word' id='word_1_865' title='bbox 3467 4673 3593 4744; x_wconf 89' lang='lat' dir='ltr'><strong>quid</strong></span> <span class='ocrx_word' id='word_1_866' title='bbox 3633 4681 3763 4727; x_wconf 81' lang='lat' dir='ltr'><strong>tunc</strong></span> 
     </span>
    </p>
   </div>
   <div class='ocr_carea' id='block_1_112' title="bbox 2166 4763 3760 4844">
    <p class='ocr_par' dir='ltr' id='par_1_112' title="bbox 2166 4763 3760 4844">
     <span class='ocr_line' id='line_1_114' title="bbox 2166 4763 3760 4844; baseline -0.015 -6"><span class='ocrx_word' id='word_1_867' title='bbox 2166 4782 2316 4838; x_wconf 85' lang='lat' dir='ltr'><strong>dices</strong></span> <span class='ocrx_word' id='word_1_868' title='bbox 2343 4781 2393 4835; x_wconf 92' lang='lat' dir='ltr'><strong>in</strong></span> <span class='ocrx_word' id='word_1_869' title='bbox 2425 4780 2513 4834; x_wconf 91' lang='lat' dir='ltr'><strong>die</strong></span> <span class='ocrx_word' id='word_1_870' title='bbox 2541 4778 2634 4833; x_wconf 91' lang='lat' dir='ltr'><strong>illo</strong></span> <span class='ocrx_word' id='word_1_871' title='bbox 2665 4774 2925 4832; x_wconf 84' lang='lat' dir='ltr'><strong>terribili?</strong></span> <span class='ocrx_word' id='word_1_872' title='bbox 2951 4770 3220 4844; x_wconf 84' lang='lat' dir='ltr'><strong>quomodo</strong></span> <span class='ocrx_word' id='word_1_873' title='bbox 3250 4778 3300 4827; x_wconf 85' lang='lat' dir='ltr'><strong>te</strong></span> <span class='ocrx_word' id='word_1_874' title='bbox 3325 4764 3605 4823; x_wconf 77' lang='lat' dir='ltr'><strong>excusabis</strong></span> <span class='ocrx_word' id='word_1_875' title='bbox 3623 4803 3640 4827; x_wconf 89' lang='lat'><strong>,</strong></span> <span class='ocrx_word' id='word_1_876' title='bbox 3670 4763 3760 4832; x_wconf 88' lang='lat' dir='ltr'><strong>qui</strong></span> 
     </span>
    </p>
   </div>
   <div class='ocr_carea' id='block_1_113' title="bbox 2167 4857 3758 4944">
    <p class='ocr_par' dir='ltr' id='par_1_113' title="bbox 2167 4857 3758 4944">
     <span class='ocr_line' id='line_1_115' title="bbox 2167 4857 3758 4944; baseline -0.014 -14"><span class='ocrx_word' id='word_1_877' title='bbox 2167 4876 2241 4930; x_wconf 87' lang='lat' dir='ltr'><strong>ita</strong></span> <span class='ocrx_word' id='word_1_878' title='bbox 2268 4872 2601 4944; x_wconf 87' lang='lat' dir='ltr'><strong>negligenter</strong></span> <span class='ocrx_word' id='word_1_879' title='bbox 2622 4868 2810 4924; x_wconf 88' lang='lat' dir='ltr'><strong>salutis</strong></span> <span class='ocrx_word' id='word_1_880' title='bbox 2838 4864 3109 4936; x_wconf 89' lang='lat' dir='ltr'><strong>negotium</strong></span> <span class='ocrx_word' id='word_1_881' title='bbox 3132 4858 3442 4921; x_wconf 86' lang='lat' dir='ltr'><strong>instituisti?</strong></span> <span class='ocrx_word' id='word_1_882' title='bbox 3469 4857 3758 4926; x_wconf 80' lang='lat' dir='ltr'><strong>PrOpterea</strong></span> 
     </span>
    </p>
   </div>
   <div class='ocr_carea' id='block_1_114' title="bbox 2168 4948 3759 5033">
    <p class='ocr_par' dir='ltr' id='par_1_114' title="bbox 2168 4948 3759 5033">
     <span class='ocr_line' id='line_1_116' title="bbox 2168 4948 3759 5033; baseline -0.018 -8"><span class='ocrx_word' id='word_1_883' title='bbox 2168 4967 2298 5025; x_wconf 81' lang='lat' dir='ltr'><strong>mihi</strong></span> <span class='ocrx_word' id='word_1_884' title='bbox 2324 4966 2668 5033; x_wconf 85' lang='lat' dir='ltr'><strong>obtempera,</strong></span> <span class='ocrx_word' id='word_1_885' title='bbox 2700 4968 2901 5017; x_wconf 85' lang='lat' dir='ltr'><strong>etcum</strong></span> <span class='ocrx_word' id='word_1_886' title='bbox 2929 4956 3107 5011; x_wconf 87' lang='lat' dir='ltr'><strong>adhuc</strong></span> <span class='ocrx_word' id='word_1_887' title='bbox 3150 4963 3360 5022; x_wconf 88' lang='lat' dir='ltr'><strong>tempus</strong></span> <span class='ocrx_word' id='word_1_888' title='bbox 3394 4948 3560 5004; x_wconf 85' lang='lat' dir='ltr'><strong>habes</strong></span> <span class='ocrx_word' id='word_1_889' title='bbox 3580 4987 3595 5012; x_wconf 93' lang='lat'><strong>,</strong></span> <span class='ocrx_word' id='word_1_890' title='bbox 3626 4956 3759 5014; x_wconf 84' lang='lat' dir='ltr'><strong>opes</strong></span> 
     </span>
    </p>
   </div>
   <div class='ocr_carea' id='block_1_115' title="bbox 2167 5036 3758 5128">
    <p class='ocr_par' dir='ltr' id='par_1_115' title="bbox 2167 5036 3758 5128">
     <span class='ocr_line' id='line_1_117' title="bbox 2167 5036 3758 5128; baseline -0.016 -13"><span class='ocrx_word' id='word_1_891' title='bbox 2167 5069 2530 5128; x_wconf 87' lang='lat' dir='ltr'><strong>supervacuas</strong></span> <span class='ocrx_word' id='word_1_892' title='bbox 2557 5051 2840 5114; x_wconf 87' lang='lat' dir='ltr'><strong>distribue,</strong></span> <span class='ocrx_word' id='word_1_893' title='bbox 2872 5057 2932 5102; x_wconf 92' lang='lat' dir='ltr'><strong>ut</strong></span> <span class='ocrx_word' id='word_1_894' title='bbox 2957 5047 3105 5118; x_wconf 88' lang='lat' dir='ltr'><strong>prius</strong></span> <span class='ocrx_word' id='word_1_895' title='bbox 3133 5044 3243 5099; x_wconf 91' lang='lat' dir='ltr'><strong>illic</strong></span> <span class='ocrx_word' id='word_1_896' title='bbox 3267 5042 3322 5096; x_wconf 89' lang='lat' dir='ltr'><strong>in</strong></span> <span class='ocrx_word' id='word_1_897' title='bbox 3353 5050 3495 5098; x_wconf 87' lang='lat' dir='ltr'><strong>tuam</strong></span> <span class='ocrx_word' id='word_1_898' title='bbox 3524 5036 3758 5109; x_wconf 77' lang='lat' dir='ltr'><strong>reposita</strong></span> 
     </span>
    </p>
   </div>
   <div class='ocr_carea' id='block_1_116' title="bbox 2169 5135 3761 5214">
    <p class='ocr_par' dir='ltr' id='par_1_116' title="bbox 2169 5135 3761 5214">
     <span class='ocr_line' id='line_1_118' title="bbox 2169 5135 3761 5214; baseline -0.015 -7"><span class='ocrx_word' id='word_1_899' title='bbox 2169 5153 2368 5207; x_wconf 89' lang='lat' dir='ltr'><strong>habeas</strong></span> <span class='ocrx_word' id='word_1_900' title='bbox 2405 5147 2658 5214; x_wconf 88' lang='lat' dir='ltr'><strong>salutem,</strong></span> <span class='ocrx_word' id='word_1_901' title='bbox 2707 5152 2761 5200; x_wconf 84' lang='lat' dir='ltr'><strong>et</strong></span> <span class='ocrx_word' id='word_1_902' title='bbox 2804 5157 2902 5212; x_wconf 88' lang='lat' dir='ltr'><strong>pro</strong></span> <span class='ocrx_word' id='word_1_903' title='bbox 2942 5140 3051 5203; x_wconf 87' lang='lat' dir='ltr'><strong>illis</strong></span> <span class='ocrx_word' id='word_1_904' title='bbox 3089 5147 3347 5211; x_wconf 84' lang='lat' dir='ltr'><strong>perpetua</strong></span> <span class='ocrx_word' id='word_1_905' title='bbox 3388 5135 3529 5191; x_wconf 86' lang='lat' dir='ltr'><strong>bona</strong></span> <span class='ocrx_word' id='word_1_906' title='bbox 3566 5145 3761 5186; x_wconf 87' lang='lat' dir='ltr'><strong>consc-</strong></span> 
     </span>
    </p>
   </div>
   <div class='ocr_carea' id='block_1_117' title="bbox 2168 5223 3763 5314">
    <p class='ocr_par' dir='ltr' id='par_1_117' title="bbox 2168 5223 3763 5314">
     <span class='ocr_line' id='line_1_119' title="bbox 2168 5223 3763 5314; baseline -0.014 -17"><span class='ocrx_word' id='word_1_907' title='bbox 2168 5244 2351 5314; x_wconf 71' lang='lat' dir='ltr'><strong>quaris</strong></span> <span class='ocrx_word' id='word_1_908' title='bbox 2383 5260 2397 5297; x_wconf 89' lang='lat'><strong>:</strong></span> <span class='ocrx_word' id='word_1_909' title='bbox 2429 5256 2550 5313; x_wconf 68' lang='lat' dir='ltr'><strong>quas</strong></span> <span class='ocrx_word' id='word_1_910' title='bbox 2579 5254 2677 5301; x_wconf 89' lang='lat' dir='ltr'><strong>nos</strong></span> <span class='ocrx_word' id='word_1_911' title='bbox 2705 5252 2893 5297; x_wconf 80' lang='lat' dir='ltr'><strong>omnes</strong></span> <span class='ocrx_word' id='word_1_912' title='bbox 2913 5234 3164 5292; x_wconf 88' lang='lat' dir='ltr'><strong>obtinere</strong></span> <span class='ocrx_word' id='word_1_913' title='bbox 3191 5229 3486 5298; x_wconf 76' lang='lat' dir='ltr'><strong>contingat,</strong></span> <span class='ocrx_word' id='word_1_914' title='bbox 3513 5223 3682 5299; x_wconf 81' lang='lat' dir='ltr'><strong>gratia</strong></span> <span class='ocrx_word' id='word_1_915' title='bbox 3707 5230 3763 5275; x_wconf 87' lang='lat' dir='ltr'><strong>et</strong></span> 
     </span>
    </p>
   </div>
   <div class='ocr_carea' id='block_1_118' title="bbox 2173 5314 3765 5406">
    <p class='ocr_par' dir='ltr' id='par_1_118' title="bbox 2173 5314 3765 5406">
     <span class='ocr_line' id='line_1_120' title="bbox 2173 5314 3765 5406; baseline -0.016 -12"><span class='ocrx_word' id='word_1_916' title='bbox 2173 5335 2502 5406; x_wconf 76' lang='lat' dir='ltr'><strong>benignitate</strong></span> <span class='ocrx_word' id='word_1_917' title='bbox 2521 5330 2734 5388; x_wconf 88' lang='lat' dir='ltr'><strong>Domini</strong></span> <span class='ocrx_word' id='word_1_918' title='bbox 2760 5329 2929 5385; x_wconf 79' lang='lat' dir='ltr'><strong>nostri</strong></span> <span class='ocrx_word' id='word_1_919' title='bbox 2951 5325 3078 5383; x_wconf 70' lang='lat' dir='ltr'><strong>Iesu</strong></span> <span class='ocrx_word' id='word_1_920' title='bbox 3103 5322 3325 5391; x_wconf 87' lang='lat' dir='ltr'><strong>Christi,</strong></span> <span class='ocrx_word' id='word_1_921' title='bbox 3349 5335 3471 5376; x_wconf 89' lang='lat' dir='ltr'><strong>cum</strong></span> <span class='ocrx_word' id='word_1_922' title='bbox 3493 5333 3599 5390; x_wconf 90' lang='lat' dir='ltr'><strong>quo</strong></span> <span class='ocrx_word' id='word_1_923' title='bbox 3621 5314 3765 5371; x_wconf 82' lang='lat' dir='ltr'><strong>Patri</strong></span> 
     </span>
    </p>
   </div>
   <div class='ocr_carea' id='block_1_119' title="bbox 2171 5408 3766 5495">
    <p class='ocr_par' dir='ltr' id='par_1_119' title="bbox 2171 5408 3766 5495">
     <span class='ocr_line' id='line_1_121' title="bbox 2171 5408 3766 5495; baseline -0.016 -10"><span class='ocrx_word' id='word_1_924' title='bbox 2171 5428 2334 5485; x_wconf 86' lang='lat' dir='ltr'><strong>simul</strong></span> <span class='ocrx_word' id='word_1_925' title='bbox 2364 5436 2421 5482; x_wconf 91' lang='lat' dir='ltr'><strong>et</strong></span> <span class='ocrx_word' id='word_1_926' title='bbox 2446 5424 2668 5495; x_wconf 87' lang='lat' dir='ltr'><strong>Spiritui</strong></span> <span class='ocrx_word' id='word_1_927' title='bbox 2694 5429 2885 5481; x_wconf 84' lang='lat' dir='ltr'><strong>sancto</strong></span> <span class='ocrx_word' id='word_1_928' title='bbox 2910 5419 2982 5477; x_wconf 90' lang='lat' dir='ltr'><strong>sit</strong></span> <span class='ocrx_word' id='word_1_929' title='bbox 3011 5416 3204 5488; x_wconf 86' lang='lat' dir='ltr'><strong>gloria,</strong></span> <span class='ocrx_word' id='word_1_930' title='bbox 3234 5411 3540 5483; x_wconf 88' lang='lat' dir='ltr'><strong>imperium,</strong></span> <span class='ocrx_word' id='word_1_931' title='bbox 3571 5408 3766 5473; x_wconf 85' lang='lat' dir='ltr'><strong>honor,</strong></span> 
     </span>
    </p>
   </div>
   <div class='ocr_carea' id='block_1_120' title="bbox 2173 5504 3625 5589">
    <p class='ocr_par' dir='ltr' id='par_1_120' title="bbox 2173 5504 3625 5589">
     <span class='ocr_line' id='line_1_122' title="bbox 2173 5504 3625 5589; baseline -0.014 -11"><span class='ocrx_word' id='word_1_932' title='bbox 2173 5536 2316 5579; x_wconf 89' lang='lat' dir='ltr'><strong>nunc</strong></span> <span class='ocrx_word' id='word_1_933' title='bbox 2342 5529 2401 5577; x_wconf 89' lang='lat' dir='ltr'><strong>et</strong></span> <span class='ocrx_word' id='word_1_934' title='bbox 2418 5532 2656 5589; x_wconf 84' lang='lat' dir='ltr'><strong>semper,</strong></span> <span class='ocrx_word' id='word_1_935' title='bbox 2685 5515 2815 5573; x_wconf 84' lang='lat' dir='ltr'><strong>etin</strong></span> <span class='ocrx_word' id='word_1_936' title='bbox 2839 5511 3034 5571; x_wconf 67' lang='lat' dir='ltr'><strong>sarcula</strong></span> <span class='ocrx_word' id='word_1_937' title='bbox 3056 5508 3395 5567; x_wconf 68' lang='lat' dir='ltr'><strong>saeculorum.</strong></span> <span class='ocrx_word' id='word_1_938' title='bbox 3428 5504 3625 5567; x_wconf 68' lang='lat' dir='ltr'><strong>Amen.</strong></span> 
     </span>
    </p>
   </div>
   <div class='ocr_carea' id='block_1_121' title="bbox 2223 5675 3757 5781">
    <p class='ocr_par' dir='ltr' id='par_1_121' title="bbox 2223 5675 3757 5781">
     <span class='ocr_line' id='line_1_123' title="bbox 2223 5675 3757 5781; baseline -0.006 9"><span class='ocrx_word' id='word_1_939' title='bbox 2223 5715 2298 5781; x_wconf 60' lang='grc' dir='ltr'>(ιι)</span> <span class='ocrx_word' id='word_1_940' title='bbox 2315 5718 2427 5781; x_wconf 55' lang='lat' dir='ltr'><strong>Quae</strong></span> <span class='ocrx_word' id='word_1_941' title='bbox 2450 5715 2722 5778; x_wconf 70' lang='grc' dir='ltr'>δολιιιιιειιιεν</span> <span class='ocrx_word' id='word_1_942' title='bbox 2747 5701 3006 5781; x_wconf 44' lang='lat' dir='ltr'><strong>“mead.</strong></span> <span class='ocrx_word' id='word_1_943' title='bbox 3020 5675 3757 5781; x_wconf 51' lang='lat' dir='ltr'><strong>&quot;&#39;E‘IIEQ‘EEMIﬁl&#39;i‘fiP‘lﬁii‘flfl</strong></span> 
     </span>
    </p>
   </div>
   <div class='ocr_carea' id='block_1_122' title="bbox 2163 5756 3759 5832">
    <p class='ocr_par' dir='ltr' id='par_1_122' title="bbox 2163 5756 3759 5832">
     <span class='ocr_line' id='line_1_124' title="bbox 2163 5756 3759 5832; baseline -0.014 -9"><span class='ocrx_word' id='word_1_944' title='bbox 2163 5756 2426 5829; x_wconf 56' lang='lat' dir='ltr'><strong>instituisti,</strong></span> <span class='ocrx_word' id='word_1_945' title='bbox 2451 5756 2561 5832; x_wconf 57' lang='lat' dir='ltr'><strong>quia</strong></span> <span class='ocrx_word' id='word_1_946' title='bbox 2583 5769 2775 5832; x_wconf 83' lang='lat' dir='ltr'><strong>circiter</strong></span> <span class='ocrx_word' id='word_1_947' title='bbox 2800 5756 3007 5815; x_wconf 81' lang='lat' dir='ltr'><strong>mediam</strong></span> <span class='ocrx_word' id='word_1_948' title='bbox 3034 5756 3257 5826; x_wconf 69' lang='lat' dir='ltr'><strong>paginam</strong></span> <span class='ocrx_word' id='word_1_949' title='bbox 3280 5756 3554 5818; x_wconf 84' lang='lat' dir='ltr'><strong>absolvunt,</strong></span> <span class='ocrx_word' id='word_1_950' title='bbox 3580 5756 3759 5804; x_wconf 82' lang='lat' dir='ltr'><strong>desunt</strong></span> 
     </span>
    </p>
   </div>
   <div class='ocr_carea' id='block_1_123' title="bbox 2164 5830 2725 5892">
    <p class='ocr_par' dir='ltr' id='par_1_123' title="bbox 2164 5830 2725 5892">
     <span class='ocr_line' id='line_1_125' title="bbox 2164 5830 2725 5892; baseline -0.016 -5"><span class='ocrx_word' id='word_1_951' title='bbox 2164 5844 2215 5892; x_wconf 79' lang='lat' dir='ltr'><strong>in</strong></span> <span class='ocrx_word' id='word_1_952' title='bbox 2231 5830 2515 5887; x_wconf 78' lang='lat' dir='ltr'><strong>Coisliniatio</strong></span> <span class='ocrx_word' id='word_1_953' title='bbox 2536 5830 2725 5881; x_wconf 82' lang='lat' dir='ltr'><strong>codice.</strong></span> 
     </span>
    </p>
   </div>
  </div>
