4110 6420
416 369 421 375 ’
438 357 549 414 (1³75

998 458 1281 516 ιῐυιιειιΑ
1340 456 1484 511 XXI.

438 599 557 655 'lsle
586 610 659 654 est
698 597 821 653 liber
850 594 1186 668 generationis
1212 592 1491 655 hominum,
1521 590 1603 643 die
1626 603 1723 658 quo
1760 585 1878 656 fecit
1905 581 2045 635 Deus

518 689 707 756 Adam,
724 687 1004 744 secundum
1027 682 1409 756 imaginenth
1431 681 1551 753 fecit
1578 678 1741 740 illum,
1766 674 2046 729 masculum

520 792 566 837 et
595 782 837 854 feminam
866 780 985 851 fecit
1010 779 1145 844 illos,
1174 788 1222 832 et
1244 778 1432 830 vocavit
1454 788 1634 828 nomen
1657 785 1826 827 eorum
1853 766 2041 834 Adam,

517 891 618 945 qua
643 872 727 928 die
741 872 856 945 fecit
872 888 955 928 eos
976 869 1128 944 (Gen.
1151 869 1207 926 5.
1234 869 1283 923 1.
1305 867 1340 923 2
1361 867 1403 938 ).

520 1009 573 1065 1.
608 1008 826 1079 Magnus
853 1014 910 1063 et
934 1004 1213 1061 inell‘abilis
1241 1002 1542 1065 thesaurus,
1588 996 1805 1064 dilecti,
1836 997 1889 1051 in
1909 1009 2043 1049 ver-

450 1099 531 1157 bis
552 1101 719 1159 modo
757 1099 910 1155 lectis
936 1097 1242 1154 reconditus
1268 1102 1367 1149 est.
1400 1092 1464 1146 Et
1506 1090 1620 1146 scio
1644 1086 1883 1159 quidem,
1911 1085 2047 1140 ntul-

448 1210 534 1255 tos
562 1200 836 1253 nominum
867 1196 1164 1266 catalogum
1203 1190 1552 1262 respicientes
1591 1197 1646 1243 et
1683 1185 1929 1243 lectionis
1957 1200 2047 1240 su-

451 1289 687 1359 perliciei
739 1289 1022 1356 lia-rentes,
1070 1293 1256 1357 putare
1308 1282 1439 1338 nihil
1490 1280 1720 1352 amplius
1773 1280 1824 1334 in
1864 1277 2042 1346 dietis,

448 1394 607 1449 quam
632 1393 775 1433 mera
817 1378 1032 1431 nomina
1054 1391 1173 1432 esse
1202 1394 1216 1430 :
1253 1390 1364 1446 eg)
1397 1381 1577 1428 autem
1613 1386 1708 1427 vos
1736 1384 1927 1426 omnes
1953 1370 2046 1425 ob-

447 1484 715 1534 srem,ne
742 1467 1056 1537 simpliciter
1085 1480 1147 1522 ea
1176 1481 1296 1534 qum
1326 1465 1378 1518 in
1407 1461 1699 1532 Scripturis
1720 1460 1888 1515 sacris
1912 1474 2047 1514 con-

452 1571 592 1614 tenta
646 1568 769 1613 sunt
800 1559 1102 1613 transcatis.
1145 1556 1285 1612 Nihil
1318 1556 1460 1611 ιιιιῖιιι
1503 1553 1593 1609 hic
1644 1552 1902 1621 scriptum
1943 1560 2042 1617 est,

440 1653 589 1721 quod
601 1667 720 1707 non
740 1651 934 1707 multas
952 1664 1210 1706 sensuum
1234 1646 1655 1704 habeatdivitias
1675 1662 1689 1699 :
1712 1643 2047 1715 quandoqui-

440 1743 571 1796 dem
602 1743 787 1797 divino
810 1742 1009 1812 Spiritu
1034 1740 1200 1796 afﬂati
1231 1738 1503 1809 prephetm
1525 1736 1729 1807 loquuti
1754 1746 1898 1801 sunt,
1928 1735 2048 1790 ideo

444 1844 697 1905 utpote-a
740 1835 942 1905 Spiritu
995 1835 1206 1904 scripue
1252 1834 1519 1903 ingentem
1569 1830 1622 1886 in
1669 1845 1727 1885 se
1775 1831 2049 1885 continent

426 1928 778 1985 1hesaurum.
806 1929 879 1984 Et
907 1944 976 1983 ne
1000 1927 1212 1982 mireris
1239 1925 1381 1997 quod
1405 1926 1456 1979 in
1490 1924 1591 1981 hac
1610 1924 1885 1979 nominum
1911 1936 2046 1977 enu-

453 2022 748 2075 meratione
794 2021 989 2075 multas
1006 2020 1355 2090 intentosque
1407 2017 1622 2073 divitias
1659 2016 2046 2072 sententiarum

451 2112 606 2167 vobis
635 2128 720 2168 me
749 2123 1093 2169 ostensurum
1120 2112 1393 2182 pollicear.
1425 2111 1609 2181 Neque
1649 2110 1793 2166 enim
1822 2108 1905 2164 vel
1934 2108 2046 2180 syl-

452 2204 600 2271 laba,
632 2206 715 2260 vel
741 2205 981 2276 apiculus
1009 2214 1093 2262 est
1125 2206 1175 2262 in
1208 2206 1375 2268 sacris
1400 2204 1621 2271 Litoris,
1649 2203 1711 2259 in
1740 2203 1895 2275 cujus
1917 2218 2045 2274 pro-

454 2294 617 2351 fundo
645 2311 754 2352 non
783 2297 855 2352 sit
903 2297 1118 2367 grandis
1143 2295 1404 2368 quiSpiam
1463 2294 1745 2350 thesaurus
1782 2311 1796 2348 :
1824 2291 2050 2364 proinde

451 2402 551 2456 par
574 2397 658 2443 est
692 2402 791 2443 nos
830 2387 1008 2443 divina
1052 2388 1222 2457 gratia
1249 2386 1459 2452 ductos,
1509 2395 1566 2442 et
1609 2383 1809 2454 Spiritu
1865 2395 2050 2439 sancto

454 2478 750 2535 illustratos
771 2479 980 2550 eloquia
1006 2479 1182 2534 divina
1208 2478 1375 2534 adire.
1400 2478 1585 2548 Neque
1613 2491 1749 2547 opus
1774 2476 1935 2531 habet
1962 2475 2049 2531 di-

457 2574 579 2627 vina
609 2573 884 2643 Scriptura
933 2572 1209 2628 hominum
1257 2572 1539 2642 sapientia,
1588 2580 1648 2625 ut
1704 2569 2047 2640 intelligatur,

460 2665 557 2719 sed
584 2666 912 2723 revelatione
957 2665 1208 2738 Spiritus,
1238 2674 1296 2720 ut
1339 2665 1530 2719 hausto
1558 2663 1683 2719 inde
1707 2678 1835 2719 vero
1866 2678 2048 2726 sensu,

458 2771 707 2827 magnum
738 2758 893 2813 nobis
932 2757 1061 2813 hinc
1089 2757 1295 2813 lucrum
1344 2765 1634 2812 accrescat.
1657 2755 1734 2828 (a)
1771 2754 1903 2811 Nam
1924 2755 1970 2812 si
1999 2755 2050 2810 in

460 2847 806 2903 smcularibus
836 2849 1065 2920 negotiis
1088 2849 1284 2918 scripta
1318 2889 1333 2915 ,
1364 2864 1484 2919 quae
1503 2847 1573 2904 ab
1599 2847 1903 2904 hominibus
1923 2862 2054 2903 cou-

447 2940 728 3009 ﬁciuntur,
781 2957 924 3012 szepe
973 2952 1216 3013 tempore
1264 2952 1536 3013 corrupta,
1565 2957 1593 2996 a
1623 2951 1863 3012 tempore
1901 2942 2053 2997 initio

442 3033 800 3088 instrumenti
827 3043 1032 3101 notato,
1063 3043 1117 3090 et
1158 3034 1226 3090 ab
1253 3050 1355 3090 una
1401 3033 1625 3106 syllaba,
1673 3032 1899 3089 multum
1932 3047 2051 3087 mo-

456 3124 628 3179 menti
657 3125 891 3181 habent:
919 3126 1086 3182 multo
1103 3127 1271 3196 magis
1294 3125 1398 3181 hoc
1441 3123 1810 3195 inAScripturis
1858 3123 2053 3180 divinis

458 3233 488 3272 a
542 3217 744 3288 Spiritu
795 3228 984 3275 sancto
1031 3220 1342 3290 compositis
1391 3217 1695 3287 invenitur,
1752 3217 1914 3274 modo
1966 3232 2054 3274 so-

446 3308 560 3364 brii
606 3310 796 3378 simus,
846 3319 901 3366 et
956 3326 1061 3366 non
1115 3319 1314 3367 temere
1360 3309 1858 3383 pranergrediamur
1908 3309 2053 3366 :sed

463 3400 665 3457 intenta
728 3410 907 3459 mente
951 3402 1232 3474 diligenter
1271 3403 1453 3458 omnia
1493 3401 1897 3460 consideremus
1929 3442 1947 3469 ,
2001 3408 2057 3456 et

466 3508 572 3549 non
604 3494 1047 3564 negligentiores
1109 3495 1276 3551 simus
1331 3494 1449 3550 aliis
1502 3493 1594 3565 qui
1659 3501 1811 3548 tanto
1879 3491 2056 3548 studio

465 3587 519 3640 in
570 3587 860 3642 sensilibus
918 3595 1159 3641 utuntur.
1201 3586 1509 3642 'Enimvero
1570 3585 1660 3656 qui
1714 3583 1928 3639 metalla
1972 3582 2056 3637 ef-

372 3674 373 3677 “
466 3679 717 3746 fodiunt.
746 3695 857 3734 non
898 3679 951 3734 in
1001 3679 1287 3750 superficie
1345 3687 1581 3744 manent,
1621 3678 1717 3734 sed
1762 3693 1888 3734 cum
1932 3692 2057 3747 pro-

464 3773 626 3828 funde
656 3772 943 3827 admodum
970 3771 1365 3839 descenderint,
1389 3781 1443 3828 et
1465 3773 1586 3830 auri
1632 3780 1873 3827 ramenta
1918 3785 2056 3825 nan-

466 3862 594 3918 cisci
641 3862 932 3933 potuerint,
998 3878 1193 3934 magno
1239 3862 1421 3918 labore
1466 3873 1523 3918 et
1574 3862 1859 3919 sedulitate
1907 3877 1969 3918 ea
2024 3876 2055 3916 a

471 3965 610 4010 terra
661 3963 962 4025 separant,
1023 3966 1247 4027 p05tque
1306 3959 1529 4011 multum
1569 3956 1718 4012 illum
1775 3955 2008 4011 laborem
2039 3996 2055 4022 ,

468 4046 688 4102 brevem
713 4047 944 4118 aliquam
988 4048 1229 4103 laborum
1274 4047 1554 4104 inueniunt
1591 4047 2056 4114 consolationem;

460 4150 835 4196 uerumtamen
860 4140 984 4196 licet
1002 4141 1056 4196 hi
1083 4141 1270 4207 sciant,
1300 4156 1359 4197 se
1389 4141 1670 4197 utilitatem
1704 4151 2058 4211 percepturos

454 4231 738 4288 laboribus
759 4247 863 4286 non
896 4233 1330 4302 respondentem.
1359 4247 1610 4302 saepeque
1639 4231 1798 4287 etiam
1831 4240 1953 4301 post
1983 4239 2060 4285 tot

467 4323 673 4392 vigilias
697 4332 753 4379 et
772 4323 1008 4386 labores,
1038 4326 1436 4394 exspectatione
1461 4338 1557 4381 sua
1589 4323 1870 4378 frustratos
1915 4337 2057 4390 esse,

468 4430 645 4485 neque
664 4417 742 4470 sic
769 4415 1054 4481 desistunt,
1080 4416 1174 4471 sed
1200 4431 1296 4487 spe
1322 4415 1557 4481 aluntur,
1595 4424 1651 4472 et
1678 4430 1840 4471 sensu
1862 4415 2063 4472 laboris

464 4516 673 4564 carent.
702 4508 782 4576 Qu
821 4508 856 4563 d
884 4509 928 4563 si
966 4508 1040 4563 illi
1078 4518 1283 4564 tantum
1312 4524 1422 4579 pne
1450 4522 1509 4563 se
1548 4505 1726 4564 ferunt
1751 4509 1984 4565 studium
2009 4510 2061 4566 in

471 4599 928 4668 corruptibilibus,
958 4600 1197 4665 incertis,
1226 4607 1279 4655 et
1302 4600 1540 4667 caducis,
1566 4601 1736 4655 multo
1782 4601 1950 4671 inagis
1970 4601 2064 4657 de-

469 4697 558 4747 cet
586 4704 706 4759 nos,
751 4689 840 4746 ubi
872 4691 1067 4746 divitia:
1107 4691 1304 4748 auferri
1356 4700 1645 4763 nequeunt,
1696 4702 1750 4749 et
1781 4693 2064 4750 thesaurus

454 4785 676 4839 iabsumi
725 4792 1079 4855 non'potest,
1117 4793 1171 4840 et
1214 4800 1311 4855 spe
1339 4801 1445 4839 non
1490 4784 1791 4851 aberratur,
1839 4800 1934 4856 par
1981 4787 2063 4841 vel

473 4878 645 4948 majus
688 4877 922 4934 studium
952 4876 1226 4942 adhibere,
1259 4887 1314 4933 et
1356 4877 1483 4932 hinc
1503 4877 1682 4949 aliquo
1702 4876 1883 4933 fructu
1933 4892 2060 4948 per-

470 4978 651 5038 cepto,
682 4968 984 5025 desiderata
1009 4969 1220 5040 assequi
1245 4971 1530 5040 possimus,
1558 4971 1845 5040 agnitaque
1873 4969 2062 5024 inetia-

452 5062 560 5116 ‘bili
593 5062 919 5134 benignitate
950 5063 1043 5119 Dei
1070 5104 1086 5130 ,
1117 5062 1314 5133 gratias
1354 5071 1573 5134 agentes
1602 5063 1828 5118 Domino
1856 5073 2063 5127 nostro,

473 5153 587 5220 ejus
614 5155 770 5210 nobis
785 5154 1020 5210 favorem
1048 5151 1415 5219 conciliemus,
1439 5164 1494 5212 et
1511 5154 1706 5211 diaboli
1734 5154 1937 5210 retibus
1959 5171 2064 5210 non

470 5239 843 5314 illaqueemur.
883 5247 997 5320 Age
1038 5262 1168 5320 ergo
1194 5247 1416 5319 prolatis
1464 5249 1517 5303 in
1561 5248 1793 5304 medium
1840 5248 1904 5303 iis
1948 5264 2068 5318 qtae

476 5346 619 5387 nunc
637 5333 771 5388 lecta
810 5348 957 5406 sunt,
987 5338 1271 5409 diligenter
1297 5337 1504 5409 singula
1532 5349 1933 5408 perserutemnr
1961 5354 1978 5393 :
2010 5347 2066 5392 ut

462 5424 633 5478 solita
668 5425 945 5483 refocillati
966 5430 1236 5495 doctrina,
1266 5432 1347 5487 sic
1373 5431 1590 5486 domum
1612 5432 1811 5486 iterum
1844 5432 2058 5487 receda-

474 5513 565 5568 tis.
589 5514 647 5567 1.
665 5543 669 5548 ι
685 5512 833 5586 (Cap.
860 5519 938 5589 5).
963 5520 1069 5575 Iste
1090 5533 1160 5576 est
1179 5522 1304 5577 liber
1322 5522 1659 5594 generationis
1675 5522 1967 5588 hominum,
1983 5522 2059 5575 iu-

477 5606 611 5674 quit,
637 5605 720 5658 die
737 5623 833 5674 quo
861 5613 977 5680 fecit
1001 5611 1140 5667 Dens
1163 5613 1350 5683 Adam,
1373 5615 1648 5670 secundum
1674 5614 1948 5685 imaginem
1976 5613 2070 5668 Dei

468 5713 904 5829 ὧὶξέιὲιὲξιιαει
927 5725 1274 5797 sequentibus,
1289 5726 1400 5791 plus
1410 5739 1557 5791 quam
1579 5724 1821 5777 dimidiam
1847 5726 2071 5789 paginam

789 5810 802 5829 ι
861 5791 1003 5829 esum
1026 5798 1073 5829 ιη
1097 5786 1287 5829 (Zorshn-

789 5810 802 5837 ,
826 5786 1003 5834 desunt
1026 5788 1073 5834 in
1097 5786 1287 5836 coislin.

1178 350 1232 403 5.
1273 340 1551 400 J0.\NNIS
1583 334 2056 396 CIIRYSOSTOMI
2101 332 2414 388 AllClllEl’.
2454 330 2990 394 CONSTANTINOP.

3636 342 3743 399 ⁷176

2150 467 2268 533 [ει-ιι
2310 464 2556 524 ξιιιιυυὲ.
2608 468 2892 521 masculum
2932 476 2978 520 et
3028 467 3268 538 feminam
3320 471 3437 541 fecit
3484 473 3601 527 illos
3625 515 3641 538 ,
3695 490 3748 530 a

2149 554 2427 609 nominavit
2447 572 2628 611 nomen
2649 573 2822 611 eorum
2849 557 3014 611 Adam
3042 558 3119 630 (a)
3140 601 3154 625 ,
3184 560 3267 614 die
3305 578 3406 632 quo
3444 566 3561 634 fecit
3599 566 3716 622 illos
3734 610 3747 621 .

2149 643 2398 711 Attende,
2455 645 2702 715 obsecro,
2753 648 3026 718 propheta:
3063 648 3219 721 hujus
3261 652 3588 712 admirabilis
3637 673 3694 712 sa

2150 734 2446 805 pientiatn;
2494 736 2603 792 imo
2650 739 2821 794 sancti
2865 738 3094 811 Spiritus
3147 741 3466 801 doctrinam.
3521 748 3605 802 Ab
3642 749 3746 804 illo

2150 827 2312 894 enim,
2342 836 2399 884 ut
2424 844 2567 899 smpe
2601 830 2803 886 dictum
2830 841 2933 896 est,
2955 832 3191 901 afﬂatus,
3220 835 3376 892 nobis
3403 838 3523 896 haec
3564 842 3747 896 omnia

2150 918 2385 989 loquitur
2417 942 2428 975 :
2461 931 2516 976 et
2561 921 2793 991 linguam
2819 921 3035 993 quidem
3073 926 3333 995 prOpheta
3363 930 3745 997 commodavit,

2148 1011 2317 1078 gratia
2343 1017 2520 1065 autem
2551 1010 2778 1081 Spiritus
2806 1013 2977 1068 sancti
3023 1029 3118 1083 per
3163 1014 3307 1071 illam
3332 1019 3511 1072 omnia
3556 1018 3747 1076 huma-

2154 1115 2283 1154 num
2329 1116 2500 1172 genus
2543 1103 2826 1159 manifeSte
2854 1102 3034 1160 docet.
3068 1105 3201 1162 Vide
3226 1121 3355 1179 ergo
3379 1110 3649 1180 quomodo
3674 1113 3746 1169 ad

2150 1190 2410 1262 originem
2441 1207 2746 1249 sermonem
2774 1193 3003 1258 reducit.
3041 1204 3096 1251 et
3138 1199 3415 1267 superiora
3444 1201 3633 1256 iterum
3659 1218 3749 1258 re-

2149 1282 2333 1338 sumit.
2379 1282 2578 1352 Quare,
2632 1294 2683 1339 et
2719 1299 2822 1355 qua
2868 1284 2938 1340 de
2967 1286 3166 1341 causa?
3192 1287 3326 1355 Quia
3374 1290 3505 1345 vidit
3531 1306 3629 1347 eos
3652 1293 3746 1363 qui

2152 1381 2279 1428 tunc
2307 1383 2482 1441 erant,
2530 1390 2718 1445 magna
2747 1391 2855 1445 pra:
2881 1390 2940 1431 se
2965 1375 3102 1432 ferre
3124 1376 3316 1449 ingrati
3361 1381 3525 1436 animi
3571 1383 3747 1454 signa,

2152 1479 2252 1520 nec
2279 1466 2529 1522 meliores
2560 1467 2672 1521 fieri
2701 1483 2767 1522 ex
2811 1468 2873 1522 iis
2901 1484 3020 1538 qua:
3060 1469 3242 1541 primo
3271 1473 3486 1541 parenti
3533 1475 3746 1530 accide-

2153 1565 2291 1623 rant,
2339 1557 2437 1613 sed
2483 1558 2534 1612 in
2587 1557 2726 1612 idem
2781 1559 2995 1613 malitiae
3033 1560 3352 1631 profundum
3406 1563 3747 1635 praecipitari.

2146 1647 2283 1704 Nam
2312 1663 2430 1703 cum
2464 1648 2508 1704 is
2543 1650 2631 1719 qui
2661 1664 2723 1704 cx
2758 1649 2847 1705 illo
2875 1658 3031 1706 natus
3055 1662 3169 1707 erat
3211 1653 3392 1709 statim
3435 1657 3745 1712 concitante

2153 1738 2347 1793 invidia
2374 1739 2440 1793 ad
2470 1738 2819 1794 fratricidium
2870 1742 3084 1810 ruisset,
3118 1752 3171 1798 et
3215 1744 3335 1799 ideo
3376 1747 3748 1816 gravissimam

2152 1844 2366 1900 pmnam
2395 1831 2623 1898 tulisset,
2658 1833 2796 1886 sicut
2821 1834 3068 1903 superius
3088 1834 3371 1892 caritatem
3397 1849 3624 1894 vestram
3648 1841 3749 1894 do-

2151 1922 2360 1977 cuimus
2403 1940 2415 1977 :
2452 1936 2515 1976 ac
2547 1925 2745 1992 posteri
2796 1925 2911 1993 ejus
2940 1925 3070 1979 nihil
3103 1941 3166 1982 ea
3191 1928 3537 1999 eaStigatioue
3568 1930 3748 2000 profe-

2151 2014 2373 2079 cissent,
2404 2013 2499 2068 sed
2526 2014 2577 2068 in
2598 2014 2887 2084 majoribus
2912 2031 2972 2072 se
3001 2018 3155 2073 malis
3200 2019 3577 2088 iuvolvisscnt,
3609 2024 3750 2079 sicut

2150 2104 2428 2162 audivistis
2454 2105 2588 2173 heri,
2622 2106 2851 2162 Lamech
2878 2124 3069 2179 nempe
3099 2120 3374 2180 peccatum
3423 2128 3576 2168 suum
3605 2132 3745 2170 uxo-

2135 2198 2301 2254 -ribus
2320 2209 2683 2266 enarrantem,
2713 2215 3033 2272 plenamque
3061 2202 3318 2260 adversus
3356 2220 3416 2261 se
3444 2206 3748 2263 decernen-

2152 2296 2262 2345 tem
2295 2307 2308 2343 :
2333 2291 2455 2361 quia
2485 2292 2738 2360 paulatim
2770 2291 2901 2348 vidit
2926 2293 3228 2351 increscere
3251 2297 3507 2353 malitiam
3533 2299 3750 2354 illorum

2145 2382 2304 2452 quasi
2353 2383 2551 2437 malum
2580 2383 2855 2440 humorem
2886 2400 2983 2457 per
3012 2396 3180 2442 totum
3220 2384 3415 2459 corpus
3441 2406 3501 2447 se
3549 2392 3749 2448 dill‘un-

2155 2474 2393 2541 dentem,
2424 2475 2566 2531 sistit
2599 2477 2815 2532 malitia:
2835 2479 3112 2549 impetum,
3127 2489 3181 2536 et
3202 2483 3577 2557 generationes
3600 2486 3744 2551 illas.

2155 2581 2274 2637 qua:
2304 2582 2369 2622 ex
2415 2567 2547 2622 Cain
2589 2584 2756 2640 usque
2780 2570 2847 2625 ad
2894 2570 3155 2639 Lamech,
3212 2590 3279 2631 ne
3320 2578 3573 2631 memoria
3627 2580 3751 2650 qni-

2156 2660 2278 2715 dem
2309 2660 2600 2732 dignatur:
2629 2663 2724 2719 sed
2763 2664 2915 2735 quasi
2963 2665 3282 2737 principium
3335 2668 3603 2738 quoddam
3648 2671 3752 2726 du-

2154 2766 2285 2809 cens
2338 2760 2394 2807 et
2440 2751 2639 2809 luctum
2692 2755 2821 2810 Atla:
2870 2764 2924 2811 et
2975 2755 3107 2811 Eva:
3152 2757 3455 2815 demulcere
3522 2761 3751 2826 volens,

2156 2842 2214 2897 in
2265 2858 2425 2913 quem
2474 2842 2596 2898 illos
2651 2844 2907 2915 injecerat
2958 2845 3263 2914 fratricida,
3311 2859 3515 2904 armata
3562 2862 3752 2906 contra

2156 2933 2293 2990 Abel
2332 2934 2597 2991 dextera:
2638 2936 2716 2991 sic
2756 2938 3115 2993 narrationem
3163 2938 3388 3006 orditur,
3436 2951 3490 2996 et
3534 2942 3750 3012 inquit:

2156 3022 2268 3079 Iste
2290 3035 2361 3079 est
2388 3024 2514 3079 liber
2536 3027 2876 3096 generationis
2898 3026 3160 3081 hominum
3185 3072 3199 3096 ,
3227 3029 3308 3085 die
3335 3047 3433 3099 quo
3461 3032 3582 3102 fecit
3613 3031 3753 3085 Dens

2157 3115 2346 3185 Adam,
2373 3117 2649 3172 secundum
2669 3118 2944 3189 imaginem
2966 3116 3062 3172 Dei
3089 3120 3209 3191 fecit
3239 3121 3425 3185 illum;
3464 3122 3751 3176 musculum

2158 3217 2204 3262 et
2229 3207 2472 3279 feminam
2494 3208 2612 3283 fecit
2639 3207 2786 3262 illos:
2801 3215 2847 3262 et
2875 3208 3151 3264 nominavit
3171 3226 3350 3265 nomen
3372 3227 3540 3265 eorum
3566 3212 3751 3280 Adam,

2159 3297 2244 3352 die
2269 3314 2372 3368 quo
2399 3299 2517 3370 fecit
2543 3298 2681 3353 illos.

2227 3391 2282 3446 2.
2325 3391 2618 3448 Considera
2648 3392 2917 3462 quomodo
2956 3391 3145 3449 iisdem
3190 3394 3368 3450 verbis
3398 3411 3525 3450 usus
3574 3396 3749 3461 fuerit,

2161 3485 2362 3555 quibus
2410 3495 2466 3539 et
2497 3484 2668 3552 initio,
2700 3493 2758 3540 ut
2799 3484 3020 3542 doceret
3046 3500 3145 3541 nos
3166 3528 3181 3554 ,
3212 3501 3271 3542 se
3299 3472 3671 3557 generationes
3701 3488 3756 3543 il-

2160 3575 2241 3630 las
2285 3586 2342 3630 ut
2389 3585 2568 3645 postea
2618 3574 2953 3647 reprobatas,
2995 3591 3167 3646 neque
3193 3579 3449 3633 memoria
3494 3588 3613 3648 post
3655 3578 3757 3633 hoc

2160 3667 2347 3738 dignas
2380 3667 2580 3722 habere
2630 3684 2647 3721 :
2699 3667 2794 3724 sed
2845 3685 2912 3724 ex
2958 3668 3113 3732 Seth,
3147 3670 3235 3740 qui
3267 3685 3407 3725 nunc
3448 3671 3549 3725 illis
3600 3679 3758 3725 natus

2161 3767 2263 3823 est,
2294 3758 2658 3829 genealogiam
2686 3759 2874 3825 ordiri,
2909 3768 2966 3814 ιιι
2984 3768 3037 3816 et
3062 3774 3130 3816 ex
3148 3763 3249 3815 hoc
3276 3761 3471 3824 discas,
3502 3770 3754 3831 quantam

2162 3850 2309 3905 Deus
2339 3850 2557 3906 humani
2601 3851 2818 3922 generis
2844 3853 3105 3907 rationem
3141 3852 3337 3909 habeat
3357 3895 3372 3919 ,
3403 3864 3456 3908 et
3484 3854 3756 3925 quomodo

2166 3941 2286 3996 illos
2309 3951 2625 4008 aversetur,
2656 3942 2847 4013 quibus
2885 3942 3224 4012 sanguinaria
3274 3959 3427 3999 tnws
3467 3953 3569 3999 est.
3625 3943 3755 3999 Nam

2167 4035 2378 4090 illorum
2405 4036 2742 4102 memoriam,
2786 4034 2938 4106 quasi
2964 4050 3251 4107 numquam
3277 4037 3550 4105 vixissent,
3580 4037 3651 4093 ita
3682 4038 3756 4093 si-

2168 4128 2334 4184 lentio
2362 4127 2598 4198 prteterit
2641 4145 2657 4185 :
2694 4126 3047 4183 monstrando
3084 4127 3240 4182 nobis
3266 4143 3424 4199 quam
3453 4143 3615 4201 grave
3644 4145 3757 4184 ma-

2168 4218 2279 4273 lum
2300 4220 2371 4274 sit
2392 4227 2690 4288 peccatum,
2718 4217 2863 4290 quod
2888 4218 2978 4290 qui
2999 4219 3413 4289 amplectuntur,
3440 4233 3500 4274 se
3528 4221 3754 4290 prinnun

2168 4321 2223 4366 et
2257 4312 2489 4367 Inaxime
2532 4311 2897 4382 pessumdant.
2948 4310 3086 4366 Ecce
3126 4311 3272 4369 enim
3306 4311 3389 4365 illi
3439 4327 3471 4367 e
3514 4312 3759 4381 catalogo

2166 4414 2564 4473 esptmguntur,
2589 4411 2647 4458 et
2669 4410 2892 4458 eatenus
2933 4411 3137 4458 tantum
3186 4413 3675 4459 commemorantur
3701 4415 3758 4459 ιιι

2171 4495 2459 4550 infametur
2498 4494 2735 4564 ipsorum
2779 4493 2999 4560 malitia,
3030 4501 3084 4548 et
3116 4493 3498 4563 posterioribus
3548 4495 3756 4548 saeculis

2170 4584 2559 4640 emendationis
2596 4584 2705 4640 sint
2731 4584 2960 4640 occasio.
2997 4587 3066 4639 At
3090 4585 3179 4655 qui
3226 4584 3421 4654 injuste
3448 4586 3674 4649 occisus,
3706 4595 3761 4640 et

2170 4677 2405 4732 fraterna
2431 4692 2591 4731 manu
2615 4677 2963 4746 interemptus
2992 4685 3095 4742 est,
3123 4692 3189 4731 ex
3230 4691 3295 4731 eo
3324 4685 3564 4747 tempore
3584 4692 3761 4746 usque

2173 4770 2226 4824 in
2272 4771 2374 4825 hoc
2399 4778 2670 4836 nostrum,
2711 4769 2952 4825 omnium
2999 4768 3314 4824 dccantatur
3341 4785 3435 4824 ore
3458 4811 3472 4835 ,
3504 4776 3561 4824 et
3589 4782 3763 4837 neque

2172 4870 2385 4932 tempus
2412 4861 2568 4932 hujus
2590 4862 2902 4917 memoriam
2918 4860 3191 4927 exstinxit,
3216 4875 3386 4929 neque
3403 4860 3542 4914 illius
3560 4861 3762 4915 crimen

2173 4952 2438 5009 ittnninuit
2467 4970 2482 5006 :
2511 4952 2605 5007 sed
2636 4961 2691 5008 et
2720 4952 2805 5007 hic
2830 4952 3071 5022 quotidie
3097 4951 3336 5006 omnium
3378 4966 3473 5008 ore
3495 4951 3758 5022 prmdica-

2173 5057 2278 5108 tur.
2311 5055 2366 5102 et
2391 5046 2481 5101 ille
2508 5045 2761 5100 continue
2793 5045 3102 5099 infamatur.

2162 5154 2169 5161 ·
2252 5137 2423 5193 Virtus
2448 5153 2512 5192 ea:
2549 5136 2791 5191 arumnis
2819 5138 2878 5205 ﬁt
2925 5124 3191 5190 illustrior.
3232 5134 3368 5200 Quid
3400 5135 3465 5189 sit
3486 5133 3764 5189 secundum

2169 5232 2439 5303 imaginem
2487 5229 2587 5285 Dei
2632 5230 2814 5284 creari.
2867 5257 2940 5270 —-
2985 5227 3205 5283 Vidistis
3247 5236 3501 5297 quantum
3547 5227 3764 5282 malitia:

2170 5326 2446 5392 damnum,
2489 5334 2545 5379 et
2586 5330 2844 5394 quantum
2892 5321 3105 5376 virtutis
3134 5318 3340 5374 robur?
3387 5328 3443 5373 et
3494 5319 3763 5388 quomodo

2171 5418 2393 5485 malitia,
2423 5419 2583 5473 etiam
2621 5417 2677 5472 .si
2720 5414 2936 5470 infestet
2960 5421 3014 5469 et
3056 5411 3382 5478 dominetur,
3410 5411 3763 5479 exstinguitur

2174 5517 2356 5563 tamen
2397 5518 2451 5562 et
2476 5506 2727 5561 aboletur
2753 5522 2769 5558 :
2797 5504 2969 5558 virtus
2997 5510 3177 5556 autem
3201 5499 3328 5553 licet
3378 5498 3680 5565 infestetur,
3712 5506 3760 5551 et

2175 5597 2455 5654 innumera
2485 5596 2665 5668 gravia
2695 5594 2979 5661 sustineat,
3006 5606 3070 5648 ea
3100 5589 3384 5646 occasione
3409 5591 3670 5645 illustrior
3702 5589 3761 5644 lit

2244 5782 2319 5847 (a)
2351 5779 2471 5832 vide
2493 5777 2627 5830 Praef.
2654 5778 2786 5828 Tomi
2802 5776 2970 5841 hujus,
2990 5774 3020 5838 ς
3042 5779 3113 5822 ιν.
