4110 6414
288 454 413 512 {75'

933 567 1176 623 OMIAIA
1213 564 1343 620 KA'.

276 661 443 730 Αὕτη
474 661 513 729 ἠ
536 661 757 725 ,Βίϐλος
784 650 1069 730 γενέσεως
1098 646 1741 730 ἀνθρώπωνγῇ-ἡμρρᾳ
1767 651 1967 730 ἐττοίη-

358 722 479 786 σὲν
499 722 550 785 ’δ’
569 730 716 794 Θεὸς
731 722 856 781 ’τὸν
890 726 1085 795 Ἀδὰμ,
1112 727 1242 779 κατ’
1263 722 1653 795 εἰκόναίΘεοῦ
1679 723 1972 795 ἐποίησεν·

359 802 579 864 αὑτὸν,
632 791 824 865 ἄρσεν
865 796 964 850 καί
999 791 1532 865 θῆλυλέποίῃνσεν-
1553 793 1813 865 αὐτοὺς)
1869 791 1969 865 καί

358 858 715 940 ἑπωνόλιαοῖε
746 869 812 921 τὸ
836 866 1025 936 ὄνομα
1044 858 1243 920 αὐτῶν
1274 858 1467 933 Ἀδὰμ,
1494 858 1535 935 ᾖ
1550 860 1738 933 ἡμέρᾳ
1759 860 1970 931 ἐποίη-

360 958 477 995 σεν
507 940 751 1005 αὐτούς;

360 1033 431 1081 α’.
468 1025 641 1087 Πολύς
675 1023 773 1076 καί
804 1022 1008 1091 ἀφατος
1032 1021 1061 1073 ό
1098 1019 1394 1091 θησαυρός,
1442 1018 1752 1090 ἀγαπητοὶ,
1772 1018 1831 1071 ἐν
1859 1018 1972 1081 τοῖς

283 1114 605 1186 πρόσφατον
629 1108 1043 1178 άναγνωσθεῖσι.
1079 1108 1191 1161 Καὶ
1228 1104 1344 1161 οἶδα
1379 1108 1477 1178 μὲν
1503 1107 1585 1160 ὅτι
1619 1106 1804 1160 πολλοὶ
1834 1104 1973 1177 πρὸς

278 1205 382 1257 τὸν
406 1201 516 1256 τῶν
555 1201 836 1271 ὀνομάτων
875 1196 1177 1266 κατάλογον
1209 1195 1546 1268 ἀφορῶντες,
1582 1196 1678 1248 καὶ
1714 1194 1972 1260 ἐξεπιπο-

278 1291 387 1361 λῆς
434 1292 546 1353 τοῖς
590 1284 989 1356 ἀνεγνωμένοις
1047 1284 1408 1355 προσέχοντες
1461 1282 1744 1353 νομίζουσι
1801 1281 1971 1353 μηδὲν

283 1376 452 1430 πλέον
478 1374 623 1446 ἔχειν
647 1373 715 1427 τά
742 1371 1030 1442 εἰρημένα,
1069 1371 1184 1425 ἀλλ’
1216 1370 1250 1441 ῆ
1295 1370 1481 1433 ἁπλῶς
1513 1370 1792 1438 ὀνομάτων
1830 1363 1968 1423 εἶναι

281 1461 683 1535 προσηγορίας·
712 1457 825 1529 ἐγὼ
848 1459 905 1511 δὲ
929 1457 1233 1530 παρακαλῶ
1258 1456 1466 1520 πάντας
1499 1457 1643 1526 ὑμᾶς
1674 1454 1749 1526 μὴ
1780 1455 1970 1520 ἁπλῶς

279 1550 654 1621 παρατρέχειν
688 1547 757 1601 τά
787 1547 845 1600 ἐν
874 1549 993 1610 ταῖς
1021 1545 1196 1610 θείαις
1234 1545 1275 1598 Γ
1278 1547 1478 1617 ραφαῖς
1513 1544 1763 1615 κείμενα.
1801 1542 1969 1598 Οὐδὲν

278 1638 398 1709 γὰρ
424 1637 532 1690 τῶν
551 1634 784 1689 ἐνταῦθα
808 1633 1215 1706 γεγραμμένων
1234 1633 1405 1700 ἐστὶν,
1429 1632 1457 1685 ὂ
1484 1633 1559 1703 μὴ
1582 1633 1747 1685 πολὺν
1764 1631 1969 1703 νοημά-

278 1743 395 1778 των
427 1723 653 1777 πλοῦτον
693 1723 827 1793 ἔχει·
873 1721 1063 1793 ἐπειδὴ
1097 1722 1207 1795 γάρ
1234 1720 1515 1791 Πνεύματι
1565 1719 1693 1790 θείῳ
1739 1718 1968 1789 ἐνηχού-

282 1830 442 1883 μενοι
483 1811 726 1876 ἐξέθεντο
757 1811 808 1863 οί
855 1810 1115 1881 μακάριοι
1167 1809 1477 1879 προφῆται,
1528 1807 1615 1860 διὰ
1666 1805 1824 1859 τοῦτο
1873 1807 1969 1861 ἆτε

286 1891 569 1963 ιΙνεύματι
609 1890 994 1962 γεγραμμέναι
1042 1887 1209 1943 πολύν
1252 1887 1467 1957 ἐχουσιν
1516 1886 1969 1957 ἐγκεκρυμμένον

280 1978 580 2050 θησαυρόν.
623 1978 733 2030 Καὶ
766 1975 842 2048 μὴ
868 1976 1180 2047 θαυμάσῃς,
1235 1974 1284 2026 εί
1336 1973 1397 2026 ἐν
1431 1971 1509 2043 τῷ
1538 1972 1829 2042 καταλόγῳ
1857 1971 1968 2025 τῶν

278 2065 565 2137 ὀνομάτων
602 2063 697 2118 νῦν
729 2061 1137 2132 ἐπαγγέλλομαι
1171 2060 1300 2130 ὑμῖν
1338 2057 1618 2111 δεικνύναι
1665 2057 1845 2110 πολὺν»
1875 2058 1968 2124 ἐγ-

283 2151 670 2223 κεκρυμμένον
720 2149 951 2203 πλοῦτον
993 2148 1304 2219 νοημάτων.
1358 2144 1496 2199 Οὐδὲ
1540 2146 1650 2215 γὰρ
1686 2144 1964 2216 συλλαϐὴ,

279 2240 408 2295 οὐδέ
437 2238 635 2311 κεραία
671 2238 768 2308 μία
790 2235 942 2309 [181]
964 2237 1111 2290 ἐστὶν
1137 2233 1435 2305 ἐγκειμένη
1472 2232 1624 2303 παρά
1648 2236 1715 2304 τῇ
1743 2234 1965 2303 Γραφῇ,

281 2323 322 2400 ᾖ
356 2326 433 2399 μὴ
461 2327 628 2389 πολὺς
661 2325 1009 2379 ἐναπόκειται
1056 2323 1378 2394 θησαυρὺςι
1423 2324 1481 2375 ἐν
1523 2320 1602 2392 τῷ
1651 2321 1824 2391 βάθει.
1869 2321 1970 2375 Διά

280 2426 370 2460 τοι
405 2406 566 2459 τοῦτο
594 2406 859 2477 προσήκει
896 2406 1046 2474 ἡμᾶς
1080 2404 1184 2456 ὐπὸ
1207 2404 1306 2473 τῆς
1332 2401 1540 2455 ἄνωθεν
1583 2401 1809 2471 χάριτος
1841 2402 1971 2473 όδη-

282 2484 608 2556 γουμένους,
646 2483 868 2553 καὶ-τὴν
901 2483 1053 2555 παρά
1086 2481 1179 2536 τοῦ
1210 2481 1366 2549 ἀγίου
1400 2478 1725 2549 Πνεύματος
1768 2478 1969 2550 ἐλλαμ-

282 2565 382 2619 ὡιν
414 2564 758 2633 δεξαμένους,
786 2562 958 2624 οὕτως
993 2561 1203 2615 ἐπιέναι
1237 2560 1307 2613 τὰ
1338 2561 1456 2612 θεῖα
1485 2558 1663 2627 λόγια.
1700 2558 1834 2611 Οὐδέ
1860 2560 1971 2629 γάρ

284 2644 484 2712 σοφίας
513 2642 861 2714 ἀνθρωπίνης
906 2642 1076 2695 δεῖται
1120 2644 1153 2713 ή
1197 2640 1315 2694 θεία
1349 2639 1541 2709 Γραφὴ
1581 2639 1718 2709 πρὸς
1747 2639 1846 2710 τήν
1876 2657 1971 2693 κα-

283 2724 546 2795 τανόησιν
583 2723 690 2777 τῶν
732 2722 1152 2793 γεγραμμένων,
1203 2719 1339 2774 ἀλλὰ
1390 2720 1493 2790 τῆς
1528 2717 1623 2771 τοῦ
1657 2719 1970 2789 Πνεύματος

283 2802 707 2872 ἀποκαλύψεως,
736 2802 825 2854 ἵνα
843 2802 933 2855 τὸν
963 2802 1134 2872 ἀληθῆ
1159 2800 1283 2853 νοῦν
1309 2799 1419 2852 τῶν
1440 2798 1776 2868 ἐγκειμένων
1802 2816 1968 2853 κατα-

288 2882 556 2952 μαθόντες
599 2880 801 2952 πολλὴν
837 2880 1048 2934 ἐκεῖθεν
1081 2878 1365 2950 δεξώμεθα
1414 2878 1515 2947 τὴν
1565 2876 1855 2946 ὠφέλειαν.
1907 2876 1970 2931 El

284 2960 398 3031 γὰρ
421 2964 477 3014 ἐν
514 2963 627 3024 τοῖς
653 2959 925 3029 βιωτικοῖς
952 2960 1242 3030 πράγμασι
1280 2960 1347 3012 τὰ
1375 2958 1480 3011 ὐπὸ
1525 2956 1634 3010 τῶν
1666 2956 1970 3027 ἀνθρώπων

285 3040 689 3111 συντελούμενα
727 3041 1083 3110 γραμματεῖα
1117 3038 1379 3100 πολλάκις
1410 3036 1489 3108 τῷ
1517 3037 1698 3108 χρόνῳ
1751 3035 1974 3104 διαφθα-

286 3119 487 3192 ρέντα,
533 3120 637 3172 ὐπὸ
684 3118 777 3171 τοῦ
828 3118 1147 3187 ἐγκειμένου
1192 3118 1386 3189 χρόνου
1429 3117 1506 3188 τῷ
1557 3114 1831 3186 προοιμίῳ
1874 3113 1970 3168 τοῦ

283 3196 707 3269 γραμματείου,
765 3197 860 3250 καὶ
892 3197 1002 3250 ἀπὸ
1045 3198 1174 3267 μιᾶς
1223 3194 1497 3266 συλλαϐῆς
1533 3195 1560 3235 b
1612 3194 1812 3265 πολλὴν
1843 3194 1969 3265 ἔσχε

283 3278 386 3348 τὴν
421 3277 591 3349 ἰσχύνο
627 3276 806 3346 πολλῷ
852 3276 1051 3347 μᾶλλον
1092 3276 1185 3329 ἐπὶ
1234 3274 1343 3327 τῶν
1383 3274 1545 3327 θείων
1595 3275 1634 3325 Γ
1640 3273 1827 3345 ραφῶν
1862 3273 1972 3325 τῶν

284 3356 569 3428 Πνεύματι
599 3355 738 3427 ἁγίῳ
767 3354 1142 3427 συγκειμένων
1172 3352 1330 3409 τοῦτό
1377 3354 1527 3406 ἐστιν
1577 3355 1778 3421 εὑρεῖν,
1813 3351 1971 3422 μόνον

285 3437 388 3491 ἐάν
414 3438 695 3509 νήφωμεν,
734 3436 827 3489 καὶ
862 3433 937 3506 μὴ
966 3433 1151 3497 ἁπλῶς
1178 3431 1639 3503 παρατρέχωμεν,
1681 3431 1821 3486 ἀλλὰ
1848 3449 1972 3485 συν-

284 3518 556 3581 τείνοντες
599 3519 631 3586 ή
642 3516 757 3587 μῶν
802 3515 893 3569 τὸν
925 3513 1186 3585 λογισμὸν
1245 3511 1707 3582 κατοπτεύσωμεν
1754 3510 1971 3565 ἅπαντα

290 3596 433 3668 μετά
456 3596 761 3668 ἀκριϐείας,
796 3597 892 3649 καὶ
924 3595 999 3667 μὴ
1038 3595 1255 3666 χείρους
1284 3591 1566 3663 γινώμεθα
1595 3591 1704 3644 τῶν
1736 3591 1864 3661 περῖ⁹
1904 3590 1972 3643 τὰ

287 3676 525 3749 αίσθητά
563 3677 835 3744 τοσαύτην
885 3674 984 3747 τὴν
1028 3673 1265 3745 σπουδὴν
1315 3671 1804 3743 ἐπιδεικνυμένων.
1861 3671 1972 3727 Καὶ

287 3766 400 3836 γὰρ
431 3767 480 3818 οἱ
512 3767 610 3837 τὴν
638 3762 965 3836 μεταλλικὴν
990 3762 1095 3833 γῆν
1140 3761 1525 3833 ἀνορύττοντες
1562 3761 1621 3813 οὐ
1663 3760 1828 3832 μέχρι
1869 3760 1971 3831 τῆς

289 3853 610 3923 ἐπιφανείας
640 3853 908 3915 ἵστανται,
934 3850 1050 3904 ἀλλ’
1084 3849 1303 3903 ἐπειδὰν
1349 3848 1482 3902 πολὺ
1527 3848 1688 3918 βάθος
1720 3859 1742 3887 ο
1776 3847 1973 3901 κατέλ-

290 3942 450 4007 θωσι,
465 3942 558 3994 καί
579 3940 927 4002 καταλαϐεῖν,
945 3938 1215 4008 δυνηθῶσι
1235 3938 1326 3991 τοῦ
1346 3937 1571 4009 χρυσίου
1596 3937 1664 3991 τὰ
1679 3936 1969 4008 ψήγματα,

296 4031 438 4100 μετά
468 4029 662 4084 πολλοῦ
694 4028 787 4082 τοῦ
817 4028 979 4082 πόνου
1004 4026 1220 4096 καὶτῆς
1254 4026 1496 4089 εὐτονίας
1536 4027 1633 4096 τῆς
1672 4026 1776 4095 γῆς
1808 4024 1973 4096 χωρί-

290 4117 466 4181 ζουσι.
499 4119 592 4171 καὶ
625 4117 765 4189 μετὰ
792 4117 882 4170 τὸν
914 4115 1077 4169 πολὺν
1121 4115 1328 4168 ἐκεῖνον
1356 4113 1534 4177 πόνον,
1561 4112 1819 4183 βραχεῖάν
1852 4129 1973 4166 τινα

288 4208 399 4261 τών
429 4208 604 4260 πὸνων
630 4206 941 4277 εὑρίσκουσι
991 4203 1380 4275 παραμυθίαν·
1431 4202 1525 4256 καὶ
1568 4202 1718 4269 ὅμως
1771 4200 1973 4264 εἰδότες

288 4300 375 4350 ὅτι
404 4296 661 4349 ἐλάττονα
694 4294 802 4347 τῶν
826 4294 1003 4348 πόνων
1035 4290 1377 4365 καρποῦνται
1408 4290 1505 4361 τὴν
1532 4290 1824 4359 ὠφέλειαν,
1846 4289 1973 4340 πολ-

289 4388 453 4448 λάκις
491 4386 547 4439 δὲ
587 4383 680 4438 καὶ
718 4382 857 4454 μετά
887 4383 985 4453 τὴν
1016 4382 1216 4452 πολλὴν
1251 4380 1559 4451 ἀγρυπνίαν
1607 4378 1700 4431 καὶ
1734 4378 1825 4429 τὸν
1874 4377 1974 4430 κά-

295 4490 489 4544 ματον,
524 4474 617 4527 καὶ
645 4474 742 4542 τῆς
785 4469 1110 4543 προσδοκίας
1153 4468 1485 4540 διήμαρτον,
1520 4466 1615 4520 καὶ
1648 4465 1769 4518 οὐδὲ
1799 4463 1973 4527 οὓτως

291 4562 640 4630 ἀφίστανται,
696 4558 833 4612 ἀλλᾶ
876 4560 942 4629 τῇ
994 4557 1166 4609 ἐλπῖδι
1217 4556 1580 4627 τρεφόμενοι,
1631 4554 1740 4608 τῶν
1794 4554 1973 4607 πόνων

291 4649 545 4719 αἴσθησιν
589 4649 651 4701 οὐ
687 4647 1074 4718 λαμϐάνουσιν.
1132 4645 1194 4697 Et
1249 4643 1430 4696 τοίνυν
1481 4644 1677 4696 ἐκεῖνοι
1731 4642 1859 4712 περὶ
1905 4641 1972 4694 τά

293 4738 516 4808 φθαρτά
541 4738 634 4791 καὶ
676 4737 936 4806 ἐπίκηρα,
968 4733 1097 4788 ἔνθα
1144 4735 1238 4787 καὶ
1277 4732 1470 4803 ἀδηλία
1522 4730 1726 4801 πολλὴ,
1778 4731 1974 4783 τοσαύ-

289 4837 395 4889 τ’,ν
441 4820 835 4873 ἐπ.δείκνυνται
883 4819 980 4888 τὴν
1016 4816 1272 4888 σπουδήν,
1326 4815 1504 4884 πολλῷ
1553 4815 1758 4884 μᾶλλον
1802 4829 1972 4882 προσ-

291 4905 421 4972 ήκει
467 4905 612 4972 ἡμᾶς
651 4904 784 4956 ὅπου
842 4902 935 4954 καὶ
987 4904 1015 4955 ὁ
1069 4900 1297 4964 πλοῦτος
1354 4898 1754 4969 ἀναφαίρετος,
1799 4897 1893 4949 καὶ
1945 4899 1972 4950 ό

293 4990 568 5061 θησαυρὸς
606 4990 963 5061 ἀδαπάνητος,
989 4989 1081 5040 καὶ
1103 4988 1423 5059 διαμαρτεῖν
1450 4986 1549 5038 οὐκ
1581 4985 1660 5038 ένι
1678 5028 1691 5049 ,
1727 4984 1824 5054 τὴν
1853 4985 1975 5053 ίσην

295 5079 394 5134 καὶ
421 5078 636 5132 πλείονα
671 5075 903 5147 σπουδὴν
929 5075 1356 5138 ἐπιδείκνυσθαι,
1391 5074 1478 5126 ἵνα
1512 5072 1830 5144 δυνηθῶμεν
1857 5073 1976 5124 ἐπι-

294 5165 479 5233 τυχεῖν
518 5164 624 5216 τών
669 5162 1140 5232 σπουδαζομένων,
1178 5161 1270 5213 καὶ
1294 5160 1391 5231 τὴ)
1423 5158 1673 5212 ἐντεῦθεν
1705 5157 1974 5225 ὠφέλειαν

293 5254 744 5321 καρπωσάμενοι,
777 5250 874 5302 καὶ
908 5247 1319 5317 καταμαθόντες
1346 5247 1441 5299 τοῦ
1465 5246 1600 5298 Θεοῦ
1632 5245 1731 5315 τὴν
1769 5245 1975 5313 ἄφατον

294 5337 727 5409 φιλανθρωπίαν,
757 5335 1095 5407 εὐγνώμονές
1130 5353 1189 5387 τε
1229 5333 1514 5404 γενώμεθα
1555 5334 1682 5404 περὶ
1709 5332 1799 5385 τὸν
1834 5333 1973 5403 ήμέ-

291 5442 452 5496 τερον
480 5426 778 5495 Δεσπότην,
803 5424 898 5477 καὶ
918 5425 1015 5493 τὴν
1045 5422 1253 5477 ἐκεῖθεν
1275 5420 1488 5475 εῦνοιαν
1515 5421 1971 5491 ἐπισπασάμενοι,

294 5511 586 5582 ἀχείρωτοι
616 5511 975 5580 καταστῶμεν
1017 5512 1136 5572 ταῖς
1169 5508 1262 5561 τοῦ
1305 5508 1552 5563 διαϐόλου
1589 5506 1798 5575 παγίσι.
1836 5507 1973 5578 Φέρε

293 5599 389 5657 οὖν
414 5598 485 5651 τά
527 5599 838 5670 πρόσφατον
870 5596 1289 5667 ἀναγνωσθέντα
1335 5598 1416 5660 είς
1445 5595 1608 5667 μέσον
1630 5593 1971 5666 προθέντες,

291 5685 774 5757 διερευνησώμεθα
802 5684 940 5755 μετά
977 5684 1265 5756 ἀκριϐείας
1292 5682 1546 5746 ἕκαστον,
1591 5683 1675 5735 ἵνα
1714 5684 1810 5754 τῆς
1852 5699 1974 5735 συν-

293 5775 460 5844 ήθους
494 5772 900 5835 ἀπολαύσαντες
928 5772 1303 5837 διδασκαλίας,
1336 5770 1510 5833 οὕτως
1544 5769 1726 5823 οἴκαδε
1763 5771 1973 5840 ἀναχω-

295 5862 522 5930 ρήσητε.
541 5860 700 5927 Αὕτη
724 5860 760 5927 ἡ
781 5859 1020 5924 βίϐλος,
1056 5860 1209 5930 φησὶ,
1236 5857 1531 5927 γενέσεως
1557 5856 1901 5924 ἀνθρώπων,
1932 5852 1972 5929 ᾖ

293 5948 488 6017 ᾑμέρᾳ
519 5950 809 6018 ἐποίησεν
836 5954 867 6004 ὀ
896 5949 1037 6016 Θεὸς
1068 5950 1173 6002 τὸν
1207 5949 1388 6017 Ἀδὰμ
1418 5947 1545 6000 κατ’
1581 5946 1783 6000 εἰκόνα
1817 5947 1966 6003 Θεοῦ

358 6070 380 6093 η
415 6056 537 6116 ῐιρς.
578 6070 703 6105 unus
743 6056 962 6112 πλοῦτος.
1050 6052 1078 6093 δ
1102 6055 1198 6105 Alii
1223 6055 1403 6103 adium
1430 6054 1671 6112 πολλᾱνις.

360 6122 382 6150 ε
413 6118 581 6167 Murei.
609 6118 672 6173 εἷς
694 6118 813 6166 ποὶίι
839 6120 911 6181 βάι
930 6136 979 6174 ος
1023 6118 1154 6166 L'nus
1180 6130 1277 6164 mss
1322 6119 1385 6172 εἷς
1410 6118 1561 6179 βάθος.

1336 429 1584 503 ικίιιι).
1634 447 1675 499 v
1720 443 1803 499 ET
1847 445 1934 500 νε.
1980 441 2227 499 omns.
2268 438 2502 494 ιιοιιιι..
2546 439 2688 497 xxx;

2815 399 2820 405 .
2859 388 2964 407 ,-,-..-ο

3650 434 3753 486 Πϐ

2076 565 2367 633 ἐποίησεν
2404 562 2611 617 αὐτόν·
2649 558 2838 627 ἄρσεν
2860 556 2959 612 καί
2989 555 3147 625 θῆλυ
3174 552 3468 620 ἐ·ποήσεν
3498 549 3750 633 αὐτούς.

2074 654 2183 709 Καὶ
2216 632 2572 720 ἐπωνόμασε
2599 648 2665 701 τὸ
2708 647 2896 715 ὄνομα
2925 644 3123 699 αὐτῶν
3146 642 3174 681 ιι
3222 640 3424 709 Ἀδὰμ,
3480 632 3518 709 ᾗ
3561 637 3752 707 ἡμέρᾳ

2072 742 2364 807 ἐποίησεν
2400 736 2644 800 αὐτούς.
2674 734 2786 788 Θέα
2809 750 2899 804 μοι
2919 731 3014 785 τοῦ
3042 728 3358 801 θαυμαστοῦ
3392 728 3584 781 τούτου
3615 742 3749 796 προ-

2074 829 2251 900 φήτου
2267 827 2366 898 τὴν
2392 824 2631 880 σύνεσινυ
2670 822 2871 894 μᾶλλον
2902 821 2960 875 δὲ
2986 817 3079 873 τοῦ
3107 817 3262 887 ἁγίου
3295 816 3612 887 Πνεῦματος
3648 815 3748 883 τὴν

2071 914 2437 971 διδασκαλίαν.
2507 912 2748 967 Ἐκεῖθεν
2798 911 2905 983 γὰρ
2941 908 3303 981 ἐνηχούμενος
3353 907 3567 961 ἅπαντα
3615 906 3750 975 ἡμῖν

2073 1004 2397 1075 φθέγγεται,
2435 1001 2531 1056 καὶ
2561 999 2661 1071 τὴν
2690 998 2938 1069 γλῶτταν
2975 996 3076 1069 μὲν
3103 992 3258 1059 οὗτος
3287 994 3579 1056 ἐδάνεισεν,
3627 993 3662 1062 ή
3694 992 3750 1044 δέ

2072 1090 2166 1145 τοῦ
2190 1090 2509 1161 Πνεύματος
2541 1089 2701 1159 χάρις
2729 1086 2909 1140 πάντα
2939 1082 3131 1152 σαφῶς
3164 1081 3253 1135 διά
3281 1080 3473 1134 τούτου
3495 1078 3595 1150 τὴν
3621 1080 3753 1149 ήμε-

2071 1178 2237 1249 τέραν
2263 1176 2505 1231 διδάσκει
2534 1177 2717 1245 φύσιν.
2744 1172 2944 1226 Σκόπει
2982 1169 3163 1223 τοίνυν
3195 1168 3313 1232 πῶς
3340 1168 3421 1230 εἰς
3452 1165 3628 1238 ἀρχὴν
3658 1164 3750 1217 τὸν

2072 1266 2229 1335 λόγον
2260 1267 2529 1336 ἀνήγαγε,
2563 1264 2655 1318 καὶ
2682 1261 2909 1325 ἄνωθεν,
2928 1258 3004 1323 ὡς
3034 1260 3232 1322 εἰπεῖν,
3258 1257 3420 1312 πάλιν
3442 1255 3540 1327 τὴν
3560 1254 3751 1325 διήγη-

2074 1372 2159 1408 σιν
2189 1353 2520 1424 ποιήσασθαι
2553 1351 2707 1423 [182]
2736 1349 3006 1421 βούλεται.
3032 1346 3189 1410 Τίνος
3217 1346 3404 1399 ἕνεκεν
3428 1345 3523 1398 καὶ
3547 1341 3635 1397 διὰ
3662 1341 3749 1410 τίς

2084 1441 2303 1512 Ἐπειδὴ
2335 1441 2443 1510 γὰρ
2469 1436 2575 1493 εἶδε
2606 1439 2732 1502 τούς
2760 1438 2863 1509 ήδη
2895 1435 3189 1506 γεγονότας
3218 1432 3416 1503 πολλὴν
3445 1431 3544 1503 τήν
3573 1432 3749 1500 ἀγνω-

2075 1528 2314 1600 μοσύνην
2342 1526 2804 1598 ἐπιδειξαμένους,
2845 1524 2939 1578 καί¹
2985 1522 3118 1594 μηδέ
3150 1523 3262 1584 τοῖς
3293 1521 3375 1582 εἰς
3407 1519 3498 1572 τὸν
3532 1516 3749 1588 πρωτόσ-

2071 1619 2311 1672 πλαστον
2346 1616 2735 1687 γεγενημένοις
2778 1610 3275 1685 σωφρονισθέντας,
3308 1606 3424 1660 ἀλλ’
3460 1608 3538 1670 εἰς
3585 1603 3748 1658 αὐτὸν

2070 1707 2161 1760 τὸν
2194 1706 2440 1778 κρημνὸν
2469 1704 2568 1772 τῇς
2600 1701 2795 1763 κακίας
2847 1698 3294 1769 κατενεχθέντας’
3338 1696 3367 1749 ὅ
3409 1711 3470 1747 τε
3513 1694 3622 1764 γὰρ
3656 1692 3748 1744 ὐπ’

2072 1793 2236 1848 αὐτοῦ
2266 1791 2478 1864 τεχθεὶς
2516 1790 2721 1854 εὐθέως
2751 1788 2840 1843 διά
2882 1786 3182 1858 βασκανίαν
3212 1785 3293 1847 εἰς
3333 1778 3746 1850 ἀδελφοκτονίαν

2071 1882 2321 1953 ὥρμησε·
2354 1878 2436 1933 διὸ
2457 1878 2551 1933 καὶ
2589 1878 2688 1950 τὴν
2722 1876 2992 1946 τιμωρίαν
3035 1873 3252 1943 ἐκείνην
3295 1869 3394 1941 τὴν
3427 1867 3748 1939 χαλεπωτά-

2069 1987 2169 2041 την
2197 1968 2433 2035 ἐδέξατο,
2466 1965 2647 2029 καθὼς
2676 1964 2979 2032 φθάσαντες
3001 1957 3321 2030 ἐδιδάξαμεν
3344 1957 3443 2027 τὴν
3470 1955 3746 2026 ὑμετέραν

2071 2057 2313 2127 ἀγάπηνο
2348 2051 2469 2109 εἷτα
2502 2054 2662 2109 πάλιν
2704 2053 2754 2105 οί
2802 2052 2918 2122 μετ’
2950 2051 3176 2112 ἐκεῖνον,
3209 2046 3330 2099 οὐδὲ
3352 2047 3419 2116 τῇ
3449 2043 3638 2097 τούτου
3672 2058 3747 2094 τι-

2077 2145 2260 2217 μωρία
2306 2140 2799 2214 σωφρονισθέντες,
2842 2137 3046 2208 χείροσι
3083 2136 3275 2196 κακοῖς
3322 2131 3549 2195 ἐαυτούς
3593 2146 3750 2201 περι-

2077 2232 2300 2297 έϐαλον,
2327 2231 2580 2302 καθάπερ
2608 2227 2878 2299 ἠκούσατε
2904 2225 3031 2296 χθές
3062 2222 3156 2277 τοῦ
3187 2222 3378 2293 Λάμεχ
3545 2217 3748 2271 οἰκείαν

2073 2320 2349 2391 ἁμαρτίαν
2384 2316 2742 2388 διηγουμένου
2790 2315 2912 2377 ταῖς
2946 2310 3143 2365 ἐαυτοῦ
3189 2308 3408 2379 γυναιξὶ
3431 2345 3447 2372 ,
3486 2306 3581 2359 καλ⁸
3626 2303 3748 2391 καθ’

2072 2390 2265 2460 ἐαυτοῦ
2314 2409 2376 2461 τὸ
2418 2404 2695 2475 ἐπιτίμιον
2721 2402 3013 2474 ὁρίζοντος·
3054 2399 3176 2453 ἐπεὶ
3206 2398 3347 2452 κατά
3385 2395 3580 2468 μικρὸν
3606 2390 3750 2446 εἶδεν

2071 2493 2445 2565 αὐξανομένην
2468 2490 2644 2546 αὐτῶν
2670 2491 2766 2562 τὴν
2794 2488 2991 2543 κακίαν
3024 2486 3281 2556 καθάπερ
3309 2484 3402 2556 ρεῦ
3411 2501 3486 2554 μα
3514 2479 3749 2551 πονηρὸν

2077 2582 2269 2655 μέλλον
2299 2580 2441 2635 κατά
2470 2579 2668 2642 παντὸς
2689 2577 2991 2649 διατρέχειν
3018 2574 3110 2628 τοῦ
3129 2572 3405 2644 σώματος,
3438 2571 3618 2639 ἵστησι
3648 2565 3749 2636 τῆς

2073 2671 2272 2734 κακίας
2308 2671 2406 2739 τὴν
2437 2668 2629 2740 φορὰν,
2671 2668 2763 2720 καὶ
2795 2667 2894 2727 τάς
2940 2662 3132 2732 γενεὰς
3163 2660 3368 2722 ταύτας
3415 2656 3602 2712 λοιπὸν
3648 2653 3749 2717 τὰς

2073 2760 2139 2814 ἐκ
2169 2758 2263 2812 τοῦ
2297 2757 2429 2811 Κάῖν
2466 2757 2628 2827 μέχρι
2666 2753 2760 2807 τοῦ
2798 2753 2993 2822 Λάμεχ
3033 2749 3333 2820 γενομένας
3375 2746 3495 2801 οὐδέ
3527 2745 3748 2815 μνήμης

2073 2849 2231 2913 ἀξιοῖ,
2264 2847 2379 2901 ἀλλ’
2405 2844 2596 2916 ὥσπερ
2628 2846 2803 2915 ἀρχήν
2824 2859 2944 2896 τινα
2972 2839 3317 2909 ποιούμενος,
3344 2836 3437 2890 καὶ
3466 2834 3525 2886 τὸ
3551 2831 3748 2894 πένθος

2072 2938 2166 2990 τοῦ
2190 2935 2384 3005 εἈδάμ
2419 2935 2512 2989 καὶ
2552 2935 2650 3005 τῆς
2693 2932 2836 2995 Εὐας
2870 2927 3373 3002 παραμυθήσασθαι
3403 2922 3748 2994 βουλόμενος,

2072 3020 2117 3095 ᾧ
2158 3024 2471 3096 περιϐαλεῖν
2523 3022 2723 3084 αὐτοὺς
2774 3019 3071 3089 ἐτόλμησεν
3115 3019 3145 3070 ὁ
3195 3012 3601 3084 ἀδελφοκτόνος,
3648 3007 3749 3077 τὴν

2073 3095 2253 3181 δεξιὰν
2302 3113 2529 3177 ὁπλίσας
2578 3111 2720 3166 κατά
2760 3108 2853 3163 τοῦ
2887 3105 3089 3170 Ἀϐελ,
3139 3103 3317 3166 οὕτως
3369 3102 3599 3171 ἄρχεται
3648 3095 3749 3166 τῆς

2072 3205 2377 3275 διηγήσεως
2400 3243 2413 3264 ,
2445 3201 2538 3255 καί
2570 3215 2758 3272 φησιν’
2784 3196 2948 3263 Αὕτη
2987 3196 3025 3265 ἢ
3062 3194 3282 3259 βίϐλος
3315 3187 3608 3261 γενέσεως
3638 3184 3747 3275 (ὶνῖ

2073 3271 2336 3360 θρώσέων,
2367 3285 2406 3362 ᾖ
2437 3287 2624 3358 ἡμέρᾳ
2659 3285 2951 3353 ἐποίησεν
2978 3286 3011 3337 ό
3058 3280 3204 3347 Θεὸς
3247 3279 3357 3332 τὸν
3397 3275 3590 3344 Ἀδὰμ,
3622 3271 3750 3326 κατ’

2071 3382 2279 3436 εἰκόνα
2303 3378 2452 3435 Θεοῦ
2482 3377 2773 3444 ἐποίησεν
2805 3374 3014 3429 αὐτόν·
3037 3371 3228 3440 (year
3248 3367 3347 3422 καί
3381 3364 3539 3433 θῆλυ
3558 3363 3753 3427 ἐποίη-

2073 3484 2185 3524 σεν
2217 3469 2460 3533 αὐτούς·
2491 3466 2591 3520 καὶ
2624 3465 2979 3533 ἐπωνόμασε
3009 3461 3074 3515 τὸ
3101 3459 3289 3528 ὄνομα
3311 3451 3514 3510 αὐτῶν
3545 3450 3752 3521 Ἀδὰμ,

2070 3552 2112 3629 ᾖ
2144 3556 2336 3625 ἡμέρᾳ
2362 3554 2655 3622 ἐποίησεν
2686 3552 2931 3617 αὐτούς.

2147 3644 2211 3716 β’.
2244 3644 2442 3697 Σκόπει
2466 3643 2582 3706 πῶς
2626 3643 2740 3705 τοῖς
2761 3640 2945 3702 αὐτοῖς
2978 3637 3187 3708 ῥήμασι
3208 3632 3497 3702 κέχρηται,
3545 3627 3619 3688 ώς
3659 3626 3754 3679 καὶ

2074 3735 2132 3787 ἐν
2163 3732 2470 3804 προοιμίοις
2493 3772 2509 3798 ,
2545 3730 2633 3783 ἵνα
2674 3726 2862 3797 διδάξῃ
2911 3726 3079 3796 ἡμᾶς,
3112 3723 3195 3776 ὅτι
3230 3721 3307 3783 ὠς
3335 3716 3627 3804 ἀδοκίμους
3672 3730 3755 3782 γε-

2074 3802 2305 3893 νομένας
2332 3802 2435 3885 ντάς
2472 3818 2661 3889 γενεὰς
2699 3818 2914 3879 ἐκείνας
2937 3813 3057 3868 οὐδέ
3104 3814 3326 3884 μνήμης
3373 3807 3561 3861 λοιπὸν
3591 3802 3752 3871 ἀξιοῖ,

2073 3914 2187 3967 ἀλλ’
2219 3916 2284 3966 ἐκ
2332 3912 2424 3966 τοῦ
2454 3910 2549 3965 νῦν
2578 3908 2892 3981 τεχθέντος,
2924 3904 3018 3959 τοῦ
3065 3904 3173 3975 Σὴθ
3200 3902 3344 3969 λέγω
3371 3939 3386 3965 ν
3431 3897 3529 3967 τῆς
3564 3910 3756 3981 γενεοςῖ

2073 4003 2258 4071 λογίας
2290 4000 2537 4071 ἄρχεται,
2570 3979 2785 4050 ἵναήκαὶ
2817 3996 2882 4046 ἐκ
2914 3992 3104 4045 τούτου
3137 3988 3335 4060 μάθῃς,
3367 3987 3490 4047 ὅσος
3523 3981 3600 4051 τῷ
3633 3979 3754 4050 Θεῷ

2074 4091 2229 4159 λόγος
2256 4090 2353 4161 τῆς
2386 4085 2738 4156 ἀνθρωπίνης
2783 4083 3020 4151 φύσεως,
3051 4080 3146 4133 καὶ
3170 4080 3319 4139 ὅπως
3346 4074 3752 4161 ἀποστρέφεται

2074 4180 2199 4241 τοὺς
2244 4175 2468 4247 φονικὴν
2516 4174 2741 4244 ἔχοντας
2769 4173 2869 4243 τὴν
2903 4169 3151 4240 γνώμην.
3212 4167 3300 4229 Ὧς
3337 4164 3446 4234 γὰρ
3481 4160 3614 4232 μηδέ
3644 4174 3751 4211 παι

2077 4264 2384 4337 ραχθέντων
2422 4260 2608 4314 λοιπὸν
2650 4258 2875 4313 ἐκείνων
2922 4258 3001 4321 εἰς
3042 4258 3134 4309 τὸν
3179 4253 3313 4324 βίον,
3349 4250 3523 4313 οὓτως
3570 4247 3752 4300 αὐτῶν

2073 4355 2172 4425 τὴν
2200 4351 2423 4423 γνώμην
2455 4349 2891 4421 παραλιμπάνει,
2922 4347 3139 4408 δεικνὺς
3168 4345 3324 4415 ἡμῖν,
3352 4343 3474 4395 ὅσον
3502 4337 3618 4391 ἐστὶ
3654 4351 3753 4390 κα·-

2076 4441 2173 4495 κία
2204 4440 2458 4511 χαλεπὸν,
2500 4437 2594 4491 καὶ
2620 4438 2700 4490 ὅτι
2732 4437 2940 4499 ἑαυτοῖς
2968 4434 3037 4487 τὰ
3068 4434 3299 4504 μέγιστα
3327 4428 3680 4499 λυμαίνονται
3704 4426 3753 4478 οί

2074 4532 2276 4602 ταύτην
2304 4530 2693 4601 ἀσπαζόμενοι.
2736 4528 2867 4582 ’1δού
2904 4526 3011 4597 γὰρ
3036 4520 3178 4579 οὗτοι
3210 4524 3308 4594 μὲν
3331 4518 3425 4574 τοῦ
3449 4517 3752 4585 καταλόγου

2075 4622 2260 4675 λοιπὸν
2289 4619 2681 4689 ἐξαλείφονται,
2716 4617 2808 4670 ἐπὶ⁸
2824 4614 3081 4669 τοσοῦτον
3106 4612 3161 4665 δέ
3197 4611 3419 4682 μνήμης
3440 4604 3752 4679 ἠξιώθησαν

2081 4712 2260 4781 μόνον,
2295 4708 2436 4762 ὥστε
2470 4707 2569 4777 τὴν
2597 4706 2798 4760 κακίαν
2830 4702 3010 4758 αὐτῶν
3041 4697 3449 4770 στηλιτεύεσθαι
3470 4735 3483 4757 ,
3513 4694 3606 4747 καὶ
3633 4695 3754 4755 ταῖς

2077 4779 2155 4861 είς
2184 4798 2244 4850 τὸ
2278 4795 2404 4866 ἑξῆς
2431 4796 2645 4864 γενεαῖς
2680 4791 2933 4860 γενέσθαι
2966 4784 3347 4861 σωφρονισμοῦ
3374 4782 3652 4836 ὑπόθεσιν.
3695 4779 3753 4866 Ὢ

2076 4886 2131 4939 δὲ
2176 4865 2376 4946 ἀδίκως
2424 4880 2771 4953 ἀναιρεθεὶς,
2810 4879 2905 4932 καὶ
2959 4877 3064 4929 ὐπὸ
3097 4875 3195 4944 τῆς
3231 4868 3529 4939 ἀδελφικῆς
3570 4865 3755 4937 χειρὸς

2077 4973 2381 5043 φονευθεὶς,
2421 4970 2481 5034 ἐξ
2530 4969 2738 5022 ἐκείνου
2778 4967 2940 5037 μέχρι
2982 4962 3076 5016 τοῦ
3122 4963 3215 5015 νῦν
3265 4962 3322 5013 ἐν
3355 4961 3467 5020 τοῖς
3500 4955 3752 5009 ἀπάντων

2076 5063 2257 5135 ᾄδεται
2298 5060 2550 5128 στόμασι,
2593 5057 2685 5109 καὶ
2722 5056 2847 5108 οὐτε
2882 5057 2911 5107 ό
2955 5053 3143 5123 χρόνος
3176 5048 3365 5103 τούτου
3398 5046 3496 5115 τὴν
3534 5044 3753 5114 μνήμην

2076 5152 2319 5211 ἔσϐεσεν,
2349 5146 2472 5200 οὐτε
2503 5146 2713 5199 ἐκείνου
2749 5142 2846 5213 τήν
2895 5138 3230 5211 κατηγορίαν
3262 5135 3587 5203 ὐπετέμετο,
3619 5128 3755 5183 ἀλλὰ

2079 5239 2173 5293 καὶ
2218 5229 2375 5299 οὗτος
2409 5234 2529 5289 καθ’
2560 5232 2798 5302 ἑκάστην
2844 5230 3057 5301 ἡμέραν
3103 5225 3254 5297 παρὰ
3302 5224 3516 5277 πάντων
3547 5222 3753 5288 ἀνακη-

2079 5327 2352 5401 ρύττεται,
2378 5324 2474 5377 καὶ
2502 5323 2708 5386 ἐκεῖνος
2736 5318 3002 5390 διηνεκῶς
3043 5314 3443 5385 στη).ιτεύετο.ι.

2157 5414 2339 5466 Είδετε
2372 5413 2471 5482 ὅση
2501 5411 2597 5480 τῆς
2631 5409 2828 5471 κακίας
2855 5409 2887 5476 ή
2913 5405 3078 5476 λύμη,
3116 5403 3207 5456 καὶ
3233 5403 3334 5470 ὅση
3358 5401 3455 5469 τῆς
3490 5397 3689 5468 ἀρετῆς
3721 5397 3753 5467 ἡ

2080 5503 2252 5572 ἰσχὺς,
2275 5501 2367 5554 καὶ
2387 5500 2535 5562 ὅπως
2561 5501 2592 5568 ή
2620 5498 2739 5568 μὲν,
2767 5496 2860 5549 καὶ
2884 5491 3197 5563 πολεμοῦσα
3225 5488 3317 5541 καὶ
3340 5484 3753 5557 περιγινομένη.

2078 5592 2361 5648 σϐέννυταί
2390 5608 2447 5644 τε
2479 5590 2573 5643 καὶ
2601 5585 2944 5656 ἀφανίζεται,
2972 5585 3004 5652 ή
3027 5583 3104 5647 δέ,
3135 5580 3225 5634 καὶ
3251 5575 3633 5648 πολεμουμένη
3661 5574 3754 5628 καὶ

2074 5684 2142 5738 τά
2175 5685 2344 5755 μυρία
2374 5678 2522 5732 δεινά
2548 5675 2915 5747 ὑπομένουσα,
2950 5671 3124 5742 ταύτῃ
3157 5668 3357 5741 μᾶλλον
3387 5667 3480 5719 καὶ
3505 5664 3753 5734 λαμπρός

2022 5774 2026 5778 “
2075 5749 2208 5844 τέρα
2242 5749 2334 5824 καὶ
2374 5764 2702 5837 φαιδροτέρα
2735 5762 2983 5831 γίνεται;
3019 5760 3129 5812 Καὶ
3159 5758 3286 5827 ἐνῆν
3312 5756 3410 5826 μὲν
3438 5756 3533 5806 καὶ
3559 5750 3618 5814 ἐξ
3638 5749 3755 5844 ἐτέ-

2076 5878 2187 5932 ρων
2239 5854 2581 5928 πραγμάτων
2625 5852 2827 5923 ὁμοίως
2877 5848 3206 5920 συμϐάντων
3255 5843 3413 5897 τοῦτο
3447 5842 3616 5905 δεῖξαι
3657 5834 3750 5888 νῦν

2147 6114 2173 6154 ά
2198 6115 2416 6177 Quatuor
2433 6128 2546 6163 mss.
2574 6113 2626 6161 τὸ
2666 6113 2813 6173 ὄνομα
2836 6107 2997 6159 αὐτοῦ.
