4110 6428
363 440 467 495 I77

356 555 453 609 ιτιι
474 558 572 627 τῇς
603 555 870 627 ὑμετέρας
899 554 1120 629 ἀγάπης
1140 578 1152 590 ο
1183 560 1296 613 ἀλλ’
1320 561 1407 616 ἵνα
1434 562 1509 633 μὴ
1540 559 1639 632 τῆς
1662 560 2029 633 προκειμένης

357 643 678 707 ἀκολουθίας
706 644 841 707 τέως
867 643 1217 717 ἐκπέσωμεν,
1246 648 1377 720 φέρε
1410 649 1572 703 πάλιν
1600 646 2032 716 ἐπαναλάϐωμεν

358 728 497 783 αὐτά
525 730 595 784 τά
630 729 914 801 εἰρημένα.
959 732 1118 801 Αὕτη
1170 735 1208 802 ἠ
1235 735 1475 802 ﬁla/Ioc,
1524 734 1696 805 φησὶ,
1740 733 2033 805 γενέσεως

357 817 701 885 ἀνθρώπων,
719 813 924 891 [185]ᾖ
941 818 1127 889 ἡμέρᾳ
1152 820 1442 888 ἐποίησεν
1464 826 1497 876 ό
1524 821 1670 886 Θεὸς
1694 822 1803 875 τὸν
1837 820 2029 889 Ἀδὰμ,

356 907 483 959 κατ’
520 906 722 960 εἰκόνα
757 907 907 961 Θεοῦ
939 909 1232 976 ἐποίησεν
1261 911 1469 963 αὐτόν’
1510 907 1701 977 ἄρσεν
1738 908 1838 961 καί
1874 906 2028 975 θῆλυ

355 994 643 1062 ἐποίησεν
673 996 899 1061 αὐτούς
924 1012 939 1028 ο
983 995 1080 1049 καί
1116 996 1469 1065 ἐπωνόμασε
1500 996 1567 1049 τὸ
1603 996 1791 1065 ὄνομα
1829 994 2030 1049 αὐτῶν

367 1080 579 1151 Ἀδὰμ,
611 1074 653 1153 ᾖ
694 1083 883 1152 ἡμέρᾳ
917 1082 1208 1151 ἐποίησεν
1249 1084 1490 1148 αὐτούς.
1540 1083 1683 1153 Ὅρα
1718 1082 1837 1146 πῶς
1868 1082 2025 1136 πάλιν

352 1169 453 1239 τῆς
476 1168 779 1241 διηγήσεως
810 1170 1018 1223 ἄνωθεν
1051 1170 1336 1241 ἀρξαμένη
1372 1173 1408 1243 ή
1454 1170 1576 1224 θεία
1603 1171 1795 1243 Γραφὴ
1825 1170 2028 1240 ὑπομι-

357 1256 587 1327 μνήσκει
631 1258 819 1327 ἡμᾶς,
865 1259 995 1329 ὅσης
1037 1258 1262 1328 ἠξίωται
1312 1258 1477 1330 τιμῆς
1528 1262 1557 1313 6
1604 1259 2026 1332 δημιουργηθείς

352 1342 655 1413 ἄνθρωπος.
692 1338 777 1415 ᾜ
802 1344 991 1412 ἡμέρᾳ
1014 1387 1028 1411 ,
1075 1347 1269 1417 φησὶν,
1322 1348 1614 1414 ἐποίησεν
1667 1347 1857 1417 Ἀδὰμ,
1900 1346 2025 1400 κατ’

350 1431 553 1483 εἰκόνα
579 1430 726 1484 Θεοῦ
757 1432 1047 1500 ἐποίησεν
1076 1434 1284 1496 αὑτὸν,
1308 1433 1431 1487 ἀντὶ
1453 1432 1573 1497 τοῦ,
1598 1434 1836 1506 ἄρχοντα
1865 1434 2026 1487 αὐτὸν

352 1518 655 1590 κατέστησε
682 1520 897 1574 πάντων
918 1520 1028 1574 τῶν
1046 1522 1361 1593 ὁρωμένων.
1394 1520 1563 1576 Τοῦτο
1594 1524 1702 1594 γάρ
1726 1524 1863 1576 ἐστι·
1888 1523 2025 1577 Κατ’

348 1608 554 1661 εἰκόνα
574 1653 586 1667 ,
612 1607 756 1663 κατά
773 1625 834 1662 τε
862 1609 953 1663 τὸν
979 1608 1077 1679 τῆς
1102 1610 1277 1681 ἀρχῆς
1302 1610 1482 1680 λόγον,
1517 1611 1612 1665 καὶ
1638 1610 1779 1664 κατά
1806 1610 1898 1664 τὸν
1926 1611 2026 1682 τῆς

348 1693 687 1758 δεσποτείας.
739 1695 952 1767 ’Ὠσπερ
1001 1696 1112 1768 γὰρ
1163 1698 1193 1750 6
1228 1697 1339 1751 τῶν
1371 1697 1509 1751 ὅλων
1550 1696 1685 1761 Θεὸς
1733 1697 1834 1768 τὴν
1884 1697 2026 1752 κατὰ

350 1779 568 1834 πάντων
614 1781 787 1853 ἀρχὴν
832 1782 945 1853 ἔχει
975 1782 1083 1836 τῶν
1128 1800 1187 1836 τε
1236 1785 1472 1855 ὁρατῶν,
1511 1784 1619 1838 τῶν
1653 1802 1711 1838 τε
1754 1785 2023 1855 ἀοράτων,

348 1865 679 1938 δημιουργὸς
706 1869 961 1923 ἁπάντων
994 1870 1298 1939 τυγχάνων,
1327 1871 1469 1924 οὕτω
1493 1870 1588 1924 καὶ
1616 1870 1676 1924 τὸ
1701 1869 1842 1934 ζῶον
1869 1872 2027 1925 τοῦτο

347 1954 410 2008 τὸ
440 1954 654 2024 λογικὸν
688 1955 1123 2028 δημιουργήσας,
1176 1958 1441 2029 ἐϐουλήθη
1480 1958 1697 2012 πάντων
1735 1959 1843 2013 τῶν
1884 1961 2025 2032 ὁρω-

351 2043 526 2113 μένων
571 2041 673 2114 τὴν
700 2040 874 2114 ἀρχὴν
908 2044 1070 2097 αὐτὸν
1116 2044 1280 2114 ἐχειν.
1328 2044 1421 2097 Διδ
1451 2047 1543 2099 καὶ
1580 2045 1679 2117 τὴν
1713 2046 1815 2111 τῆς
1848 2045 2025 2117 ψυχῆς

346 2131 533 2185 οὐσίαν
571 2129 722 2200 αὐτῷ
754 2132 1067 2203 ἐχαρίσατο,
1101 2131 1387 2203 βουληθεὶς
1420 2133 1583 2187 αὐτὸν
1630 2134 1724 2187 καὶ
1757 2134 2025 2189 ἀθάνατον

347 2214 485 2274 εἶναι
520 2219 601 2281 είς
626 2216 688 2271 τὸ
706 2217 951 2288 διηνεκές
969 2235 984 2249 ·
1016 2218 1133 2272 ἀλλ’
1164 2219 1353 2290 ἐπειδὴ
1382 2219 1468 2273 διά
1504 2220 1777 2292 ρᾳθυμίαν
1804 2220 2021 2289 ὥλισθε,

350 2306 446 2361 καὶ
488 2304 704 2377 παρέϐη
737 2306 835 2377 τὴν
864 2305 1115 2360 δοθεῖσαν
1163 2307 1313 2378 αὐτῷ
1344 2309 1586 2378 ἐντολὴν,
1618 2309 1740 2363 οὐδέ
1764 2308 1906 2362 οὕτω
1933 2311 2022 2363 τέ-

347 2396 466 2448 λεον
499 2406 527 2436 ι
568 2393 897 2467 ἀπεστράφη
932 2394 1033 2464 τὴν
1065 2394 1271 2447 οἰκείαν
1305 2394 1714 2466 φιλανθρωπίαν
1753 2397 2023 2467 μιμούμε-

348 2498 461 2546 νος,
483 2480 619 2535 ἀλλὰ
648 2481 747 2552 τῆς
781 2482 879 2552 μὲν
902 2480 1199 2545 ἀθανασίας
1228 2481 1392 2535 αὐτόν
1417 2482 1779 2555 ἀπεστέρησε,
1809 2483 2022 2555 θανάτῳ

347 2568 404 2623 ει
445 2568 814 2632 καταδικάσας
847 2569 941 2622 ἐπὶ
982 2567 1083 2639 τῆς
1128 2568 1300 2639 αὐτῆς
1343 2570 1519 2642 ἀρχῆς
1569 2570 1756 2640 σχεδὸν
1810 2572 2022 2643 ἀφῆκεν

348 2651 509 2709 εἶναι.
549 2652 682 2709 Εἶτα
702 2655 892 2727 ἐπειδὴ
920 2657 949 2709 6
979 2655 1040 2720 ἐξ
1079 2655 1245 2709 αὐτοῦ
1274 2656 1486 2726 τεχθεὶς
1514 2659 1594 2721 εἰς
1625 2656 1894 2728 τοσαύτην
1924 2677 2022 2730 μα-

346 2742 468 2796 νίαν
494 2741 766 2808 ἐξώκειλε,
792 2743 887 2796 καὶ
916 2742 1131 2814 πρῶτος
1154 2742 1216 2796 τὸ
1244 2738 1384 2807 εἶδος
1406 2743 1501 2797 τοῦ
1525 2744 1685 2814 φόνου
1712 2747 2019 2816 εἰσήνεγκε,

348 2830 439 2883 καὶ
465 2826 559 2883 τὸν
588 2829 944 2901 βεϐιασμένον
965 2831 1173 2884 ἐκεῖνον
1200 2830 1430 2885 θάνατον
1458 2830 1753 2897 κατέδειξε,
1770 2831 1867 2886 καί⁵
1893 2832 2024 2886 πολ-

347 2918 442 2990 λὴν
484 2917 796 2983 ἐπεδείξατο
823 2919 922 2989 τὴν
955 2920 1348 2991 ἀγνωμοσύνην
1372 2919 1570 2990 ψεῦδος
1607 2920 1687 2991 τῷ
1720 2920 1867 2993 φόνῳ
1898 2936 2022 2977 συν-

345 3006 511 3076 άψας,
536 3007 600 3076 τῇ
634 3004 874 3076 διηνεκεῖ
907 3007 1149 3077 τιμωρίᾳ
1179 3007 1511 3077 σωφρονίσαι
1527 3007 1690 3062 αὐτὸν
1712 3007 2016 3080 ἠϐουλήθη,

348 3092 436 3147 ἵνα
469 3092 544 3163 μὴ
578 3091 738 3162 μόνον
772 3092 932 3156 αὐτὸς
964 3093 1199 3166 κερδάνῃ
1238 3095 1303 3146 ἐκ
1335 3093 1446 3147 τῶν
1472 3095 1553 3159 εἰς
1591 3095 1756 3148 αὐτὸν
1794 3111 2023 3167 γεγενη-

349 3178 546 3249 μένων,
575 3177 712 3233 ἀλλά
743 3179 837 3232 καὶ
864 3180 992 3243 τοὺς
1022 3181 1160 3250 μετά
1199 3179 1373 3234 ταῦτα
1401 3179 1629 3253 διδάσκῃ
1661 3181 1756 3235 καὶ
1795 3181 1904 3236 τῶν
1937 3200 2021 3236 τε·

345 3266 701 3337 τολμημένων
726 3264 787 3319 τὸ
807 3266 1057 3336 μέγεθος,
1086 3268 1179 3320 καὶ
1202 3270 1300 3339 τῆς
1321 3268 1548 3331 ἀτοπίας
1571 3269 1671 3339 τὴν
1692 3268 2019 3342 ὑπερϐολήν.

358 3353 497 3407 Ἀλλ’
527 3353 714 3423 ἐπειδὴ
739 3353 829 3408 διά
852 3353 1056 3422 πολλὴν
1089 3353 1362 3427 ρᾳθυμίαν
1393 3356 1489 3408 καὶ
1522 3357 1571 3408 οἰ
1606 3358 1673 3409 ἐκ
1703 3356 1902 3411 τούτου
1926 3375 2021 3427 γει-

342 3440 635 3512 γενημένοι
665 3441 806 3495 κατά
830 3442 1026 3513 μικρὸν
1050 3442 1290 3513 χείροσιν
1317 3442 1544 3507 ἐαυτούς
1572 3443 1893 3514 περιέϐαλον
1925 3462 2022 3499 κα-

344 3529 481 3592 κοῖς,
513 3528 1035 3599 παραμυθήσασθαι,
1055 3529 1129 3593 ὡς
1153 3531 1350 3597 εἰπεῖν,
1379 3529 1703 3602 βουλόμενος
1725 3532 1817 3586 τὸν
1852 3533 2024 3605 Ἀδὰμ

343 3614 406 3666 οὐ
437 3612 596 3683 μόνον
620 3614 709 3668 διὰ
729 3615 831 3687 τὴν
857 3616 1064 3670 οἰκείαν
1110 3617 1424 3686 παράϐασιν
1457 3619 1515 3672 ἐν
1545 3618 1789 3692 τοσαύτῃ
1815 3623 2021 3692 τυγχά-

344 3716 505 3754 νοντα
527 3702 839 3773 κατηφεία,
880 3702 1015 3757 ἀλλὰ
1058 3705 1153 3757 καὶ
1183 3704 1274 3758 διά
1317 3705 1378 3758 τὸ
1415 3704 1673 3776 τόλμημα
1718 3706 1812 3761 τοῦ
1855 3709 2017 3774 Κάῖν,

345 3789 442 3842 καὶ
465 3789 527 3843 τὸ
549 3788 744 3854 πένθος
766 3791 942 3845 ἐκεῖνο
966 3792 1025 3845 τὸ
1048 3791 1339 3864 ἀφόρητον,
1364 3793 1500 3866 ὅπερ
1520 3790 1633 3847 εἶδε
1660 3797 1772 3859 τοῖς
1801 3796 2020 3861 οἰκείοις

344 3875 644 3948 ὀφθαλμοῖς
665 3892 679 3908 ο
716 3876 841 3931 οὗτε
878 3877 988 3951 γὰρ
1025 3878 1117 3933 τοῦ
1164 3879 1398 3934 θανάτου
1434 3880 1633 3952 ᾔδεσαν
1661 3881 1723 3936 τὸ
1765 3878 1939 3951 εἶδος,
1970 3885 2018 3937 εἰ

345 3963 441 4017 καὶ
467 3964 568 4034 τὴν
596 3964 871 4034 ἀπόφασιν
903 3965 1154 4032 ἐδέξαντο
1177 3984 1191 3999 ο
1237 3968 1330 4021 καὶ
1368 3967 1591 4023 διπλοῦν
1641 3968 1790 4041 αὐτῷ
1818 3970 1871 4034 δ,
1925 3971 2020 4025 καὶ

343 4050 604 4120 τριπλοῦν
656 4051 720 4105 τὺ
756 4052 950 4118 πένθος
996 4054 1249 4123 ἐγένετο,
1278 4055 1360 4109 ὅτι
1406 4072 1464 4109 τε
1510 4056 1603 4110 καὶ
1645 4056 1738 4110 τὸν
1787 4056 2019 4113 θάνατον

347 4136 565 4209 πρῶτον
598 4133 738 4194 εἶδον
770 4140 1146 4212 εἰσενεχθέντα
1179 4144 1259 4208 εἰς
1291 4144 1383 4197 τὸν
1414 4142 1550 4212 βίον,
1601 4144 1702 4197 καὶ
1735 4143 1909 4214 βίαιον
1933 4144 2019 4200 θά-

342 4238 522 4290 νατον,
559 4225 655 4279 καὶ
685 4225 791 4279 ὐπδ
814 4226 910 4280 τοῦ
942 4227 1132 4291 παιδὸς
1159 4229 1520 4301 τολμηθέντα,
1553 4231 1648 4284 καὶ
1677 4232 1758 4294 εἰς
1791 4230 2019 4301 ἀδελφὸν

344 4312 704 4384 ὁμομήτριον,
736 4315 830 4368 καὶ
857 4316 1210 4387 ὁμοπάτριον,
1234 4317 1329 4370 καὶ
1357 4317 1509 4371 οὐδὲν
1530 4318 1830 4390 ἠδικηκότα
1853 4337 1868 4351 ·
1900 4319 2018 4390 βου-

342 4397 567 4468 λόμενος
606 4400 786 4455 τοίνυν
821 4403 850 4455 6
893 4402 1274 4474 φιλάνθρωπος
1315 4403 1448 4467 Θεὸς
1489 4405 1818 4477 ἀντίρροπον
1867 4407 2017 4479 αὐτῷ

342 4483 457 4538 τῶν
476 4484 740 4556 λυπηρῶν
772 4487 871 4558 τὴν
899 4490 1255 4559 παραμυθίαν
1283 4492 1620 4559 εἰσαγαγεῖν,
1658 4491 1844 4563 ἕτερον
1868 4493 2017 4565 αὐτῷ

343 4571 577 4642 παρέχει
612 4574 779 4627 παῖδα
816 4574 908 4628 τὸν
936 4574 1068 4647 Σὴθ,
1096 4575 1191 4628 καὶ
1224 4576 1503 4650 ἀρκοῦσαν
1533 4577 1683 4649 αὐτῷ
1706 4580 1807 4649 τὴν
1840 4582 2017 4652 παρά-

342 4653 537 4725 κλησιν
578 4654 827 4710 ἐντεῦθεν
856 4658 1254 4729 ποιησάμενος,
1299 4661 1408 4716 ἀπὸ
1444 4660 1633 4716 τούτου
1672 4661 1858 4717 λοιπὸν
1912 4665 2015 4737 τῆς

340 4741 608 4810 γενέσεως
636 4743 735 4815 τὴν
776 4744 952 4816 ἀρχὴν
985 4747 1288 4819 συνίστησι.
1326 4747 1426 4802 Διά
1452 4748 1610 4803 τοῦτο
1640 4746 1734 4806 καὶ
1763 4752 1793 4803 6
1833 4752 2015 4823 μακά-

344 4846 459 4901 ριος
505 4833 791 4904 προφήτης
827 4833 1002 4899 οὕτως
1042 4834 1245 4907 ἦρξατο
1292 4837 1501 4906 λέγων’
1538 4836 1699 4907 Αὕτη
1731 4839 1770 4906 ἠ
1796 4839 2016 4907 ,βίϐλος

340 4917 632 4987 γενέσεως
652 4921 996 4990 ἀνθρώπων.
1028 4920 1157 4977 Εἶτα
1188 4924 1656 4998 ἐπαγγειλάμενος
1680 4926 1779 4998 τὴν
1800 4927 2014 4996 γένεσιν

339 5005 448 5058 τῶν
490 5006 794 5078 ἀνθρώπων
831 5010 1173 5081 διηγεῖσθαι,
1227 5013 1419 5067 σκόπει
1456 5013 1545 5085 οἵα
1589 5010 1852 5085 κέχρηται
1887 5015 2015 5068 ἀκο-

339 5091 545 5166 λουθίᾳ·
571 5095 638 5148 ἿΞ
647 5094 808 5164 ζησε,
832 5098 1017 5166 φησὶν,
1057 5096 1238 5167 Ἀδὰμ
1252 5098 1358 5168 έτη
1374 5100 1651 5155 διακόσια
1673 5099 2012 5169 τριάκοντα,

339 5179 439 5234 καί
457 5180 751 5251 ἐγέννησε
781 5184 931 5239 κατὰ
974 5186 1090 5253 τὴν
1130 5182 1297 5240 ἰδέαν
1323 5186 1534 5252 αὐτοῦ,
1577 5189 1675 5242 καί
1708 5187 1859 5242 κατὰ
1902 5187 2016 5257 τὴν

338 5268 546 5321 εἰκόνα
576 5270 764 5323 αὑτοῦ
788 5312 803 5335 ,
828 5270 928 5325 καί
954 5272 1306 5342 ἐπωνόμασε
1338 5272 1405 5329 τὸ
1434 5274 1621 5345 ὄνομα
1655 5276 1841 5330 αὐτοῦ
1867 5275 2011 5345 Σήθ.

343 5351 658 5420 Ἐγένοντο
689 5354 759 5407 δὲ
806 5361 865 5410 αἰ
908 5357 1122 5427 ἡμέραι
1154 5358 1341 5415 αὐτοῦ
1369 5362 1475 5431 ἔτη
1512 5361 1865 5430 ἑπτακόσια,
1913 5365 2013 5420 καί

338 5436 669 5507 ἐγέννησεν
699 5442 871 5509 υίοὺς
900 5440 1047 5519 [Ιὸι]
1082 5447 1180 5501 καί
1214 5448 1559 5519 θυγατέρας.
1587 5451 1697 5505 Καὶ
1737 5451 2015 5520 ἐγένοντο

338 5525 527 5607 πᾶσαι
552 5530 610 5581 αἰ
632 5528 846 5599 ἡμέραι
874 5531 1054 5603 Ἀδὰμ
1072 5535 1176 5603 ἐτη
1200 5533 1527 5591 ἐννακόσια
1555 5537 1891 5607 τριάκοντα,
1916 5541 2012 5594 καί

336 5606 656 5669 ἀπέθανεν.

406 5706 474 5770 γ’.
500 5701 573 5755 Οὐ
609 5701 790 5768 καλῶς
807 5703 993 5775 ἔλεγον
1007 5704 1065 5761 ἐν
1095 5712 1207 5772 τοῖς
1244 5712 1571 5783 προοιμίοις,
1593 5714 1674 5767 ὅτι
1695 5713 1847 5768 οὐδὲν
1867 5713 2014 5766 ἐστιν

335 5788 517 5862 εὑρεῖν
545 5789 734 5854 ἁπλῶς
766 5792 860 5845 καὶ
881 5794 1002 5865 εἰκῆ
1026 5799 1409 5868 γεγραμμένον
1450 5800 1507 5855 ἐν
1537 5802 1603 5870 τῇ
1634 5800 1755 5872 θείᾳ
1781 5801 1970 5872 Γραφῇ
1994 5812 2012 5868 ;

347 5875 478 5931 Ἰδοὺ
522 5877 633 5947 γὰρ
666 5878 760 5932 καὶ
796 5879 894 5934 νῦν
919 5881 1060 5953 πόσῃ
1087 5885 1153 5955 τῇ
1187 5886 1445 5957 ἀκριϐείᾳ
1476 5887 1750 5959 ἐχρήσατο
1773 5888 1802 5940 6
1834 5887 2008 5960 9.13:6-

375 6021 696 6100 ...Dqgimss.
722 6026 907 6100 adt}qu
930 6027 1090 6100 αὐτόν.
1132 6030 1185 6100 Lb
1213 6032 1384 6100 ξενίη,
1410 6033 1582 6083 Morel.
1606 6041 1659 6100 e_l
1679 6035 1874 6100 quidam
1888 6046 2004 6086 mw.

333 6094 487 6147 a-th),
511 6097 597 6135 sex
620 6098 733 6136 mss.
758 6094 934 6147 αὐτῶν,
959 6095 1107 6151 alque
1129 6094 1197 6143 ila
1217 6094 1343 6155 legi:
1364 6094 1610 6156 interpres
1635 6094 1852 6147 Latinus.

1171 442 1229 497 S.
1264 441 1548 498 MUNle
1586 440 2069 500 ειξῐιγδοετυιιι
2108 441 2429 499 ΑἷὶΟΠίΕΡ.
2477 442 3028 500 (ΖΟΝδΤΑΝΤΙΝΟΡ.

3708 443 3817 501 178

2139 578 2252 632 ριος
2297 552 2453 618 οὗτος
2513 561 2820 632 προφήτης.
2858 559 3181 629 Ἐτέννησε
3223 559 3328 625 δέ,
3380 557 3564 630 φησὶν,
3626 557 3817 627 ’Δδὰμ

2133 648 2282 702 κατὰ
2306 647 2422 717 τὴν
2458 647 2625 704 ἰδέαν
2655 645 2864 712 αὑτοῦ,
2894 646 2995 700 καί
3028 648 3177 702 κατὰ
3207 646 3321 715 τὴν
3365 647 3571 701 εἰκόνα
3597 643 3815 699 αὑτοῦ.

2136 735 2228 788 καί
2257 735 2609 805 ἐπωνόμασε
2634 734 2701 788 τὸ
2727 734 2915 803 ὄνομα
2951 734 3139 789 αὑτοῦ
3167 731 3290 801 Σήθ
3308 749 3322 764 ⁸
3357 735 3449 787 ἐπὶ
3473 734 3529 787 δέ
3550 732 3646 786 τοῦ
3678 732 3789 804 πρό

2132 842 2289 896 τερον
2318 826 2622 896 τεχθέντος,
2659 822 2753 878 τοῦ
2786 825 2926 879 Κάῖν
2961 824 3123 895 λέγω,
3163 824 3314 879 οὐδὲν
3343 824 3585 879 τοιοῦτον
3615 827 3818 895 ἐπιση-

2135 914 2471 984 μηνάμενος,
2509 913 2624 967 ἀλλ⁹
2654 913 2859 968 ἀνωθεν
2887 913 3218 986 προμηνύων
3252 914 3417 969 αὐτοῦ
3446 911 3546 985 τὴν
3571 912 3667 967 ἐπὶ
3709 911 3816 984 τὴν

2131 998 2330 1053 κακίαν
2359 1000 2567 1070 ὁρμήν·
2610 999 2703 1053 καὶ
2740 1000 2995 1062 εἰκότωςο
3023 1000 3085 1053 οὐ
3115 998 3222 1071 γάρ
3247 999 3416 1064 ἔσωζε
3446 1000 3574 1063 τοὺς
3605 1015 3815 1070 πατρι-

2133 1086 2261 1150 κοὺς
2306 1089 2663 1158 χαρακτῆρας
2687 1123 2702 1151 ,
2741 1085 2855 1140 ἀλλ’
2888 1082 3089 1150 εὐθέως
3127 1087 3262 1159 πρὸς
3288 1086 3388 1157 τὴν
3417 1086 3616 1140 κακίαν
3644 1084 3815 1157 ηὐτο-

2133 1174 2386 1244 μόλησεν.
2429 1174 2692 1229 Ἐνταῦθα
2710 1174 2768 1228 δέ
2784 1191 2938 1245 φησι,
2961 1175 3124 1229 Κατὰ
3151 1174 3265 1243 τὴν
3280 1172 3447 1229 ἰδέαν
3464 1171 3674 1235 αὑτοῦ,
3705 1172 3812 1227 καὶ

2131 1261 2283 1315 κατὰ
2323 1261 2439 1329 τὴν
2469 1259 2671 1315 εἰκόνα
2710 1261 2919 1326 αὐτοῦ,
2952 1260 3229 1315 τουτέστιν
3258 1261 3566 1331 ὀμότροπον
3595 1257 3674 1328 τῷ
3703 1275 3810 1328 γε·

2130 1349 2446 1419 γεννηκότι,
2481 1350 2607 1414 τοὺς
2641 1349 2838 1413 αὐτοὺς
2865 1346 2962 1420 τῆς
2995 1346 3199 1421 ἀρετῆς
3224 1347 3579 1420 χαρακτῆρας
3598 1343 3811 1400 διασώ-

2130 1437 2323 1502 ζοντα,
2372 1436 2467 1507 τὴν
2514 1438 2701 1490 εἰκόνα
2744 1435 2843 1508 τὴν
2881 1436 3155 1508 πατρικὴν
3198 1434 3289 1490 διὰ
3333 1434 3442 1489 τῶν
3473 1434 3651 1505 ἔργων
3689 1436 3814 1488 63:-

2129 1518 2348 1585 κνύντα,
2375 1514 2811 1574 ἀνακαλέσασθαι
2836 1521 3132 1592 δυνάμενον
3149 1518 3237 1573 διὰ
3257 1516 3357 1590 τῆς
3378 1518 3584 1580 οἰκείας
3604 1518 3815 1589 ἀρετῆς

2129 1605 2223 1659 τοῦ
2249 1606 2611 1678 προλαϐόντος
2641 1608 2702 1660 τὸ
2729 1607 3123 1679 πλημμέλημα.
3144 1606 3284 1662 Οὐδὲ
3313 1604 3423 1677 γὰρ
3457 1604 3586 1674 περὶ
3615 1622 3777 1675 σωμα
3794 1635 3812 1646 ο

2129 1693 2296 1747 τικῶν
2335 1696 2699 1766 χαρακτήρων
2747 1694 2981 1749 ἐνταῦθα
3013 1696 3147 1766 ήμῖν
3188 1692 3494 1761 διαλέγεται
3532 1693 3567 1761 ή
3611 1690 3814 1764 Γραφὴ

2127 1781 2380 1849 λέγουσα,
2412 1782 2572 1835 Κατὰ
2594 1781 2710 1849 τὴν
2741 1781 2907 1835 ἰδέαν
2929 1778 3138 1844 αὐτοῦ,
3161 1780 3259 1834 καί
3288 1777 3440 1834 κατὰ
3463 1776 3578 1846 τὴν
3598 1779 3815 1831 εἰκόνα

2128 1867 2335 1922 αὐτοῦ’
2362 1866 2498 1921 ἀλλά
2526 1869 2655 1939 περὶ
2677 1867 2775 1935 τῆς
2800 1870 2859 1921 ἐν
2876 1870 2943 1938 τῇ
2970 1866 3116 1938 ψυχῇ
3146 1864 3552 1927 καταστάσεως,
3585 1863 3670 1915 ἵνα
3694 1863 3814 1934 μά-

2129 1953 2332 2025 θωμεν,
2367 1955 2448 2007 ὅτι
2482 1947 2635 2017 οὗτος
2665 1954 2764 2008 οὐκ
2797 1952 2947 2007 ἔσται
2981 1952 3241 2016 τοιοῦτος.
3292 1951 3385 2005 Διὸ
3415 1950 3512 2005 καὶ
3553 1954 3587 2023 ή
3621 1953 3815 2023 μήτηρ

2126 2043 2226 2115 τὴν
2270 2042 2645 2114 προσηγορίαν
2692 2042 2944 2095 ἐπιθεῖσα
2994 2040 3074 2112 τῷ
3111 2040 3267 2094 παιδὶ
3299 2038 3417 2110 μετ’
3453 2038 3815 2110 εὐχαριστίας

2126 2129 2334 2203 ταύτην
2366 2130 2664 2203 ἐπιτίθησι,
2695 2130 2787 2182 καὶ
2817 2130 2879 2182 οὐ
2924 2129 2994 2201 τῇ
3014 2126 3197 2198 φύσει,
3227 2124 3348 2181 οὐδὲ
3373 2125 3454 2197 τῷ
3482 2126 3623 2197 τόκῳ
3652 2125 3811 2194 λογί-

2129 2219 2281 2282 ζεται
2320 2218 2382 2272 τὸ
2434 2218 2626 2290 τεχθὲν
2675 2217 2907 2282 παιδίον,
2953 2215 3092 2270 ἀλλὰ
3129 2218 3198 2288 τῇ
3233 2214 3330 2269 τοῦ
3371 2212 3503 2267 Θεοῦ
3554 2214 3807 2284 δυνάμει.

2139 2305 2353 2377 Ἐκείνη
2380 2305 2490 2378 γὰρ
2523 2307 2618 2359 καὶ
2645 2305 2743 2378 τὴν
2767 2304 2926 2375 φύσιν
2955 2303 3197 2375 διήγειρε
3217 2301 3353 2373 πρὸς
3380 2301 3471 2355 τὸν
3496 2300 3674 2368 τόκον,
3711 2306 3810 2355 καί

2126 2409 2290 2464 φησιν
2314 2411 2331 2426 -
2380 2394 2771 2464 Ἔπωνόμασε
2796 2392 2864 2446 τὸ
2899 2391 3089 2460 ὄνομα
3110 2389 3298 2445 αὑτοῦ
3338 2386 3465 2457 Σὴθ
3486 2387 3767 2459 λέγουσα
3795 2402 3813 2417 ·

2124 2480 2498 2549 ἐξανέστησε
2544 2480 2656 2552 γάρ
2708 2497 2812 2550 μοι
2870 2482 2904 2534 ό
2948 2477 3095 2545 Θεὸς
3143 2477 3381 2546 σπέρμα
3421 2476 3627 2545 ἕτερον
3666 2476 3812 2532 ἀντὶ

2130 2569 2342 2631 Ἅϐελ,
2387 2568 2460 2622 δν
2506 2566 2820 2623 ἀπέκτεινε
2873 2565 3041 2621 Κάτν.
3092 2566 3235 2638 Ὅρα
3280 2564 3376 2618 τοῦ
3418 2566 3660 2635 ῥήματος
3704 2565 3815 2633 τὴν

2123 2655 2433 2727 ἀκρίϐειαν.
2470 2656 2584 2709 Οὐκ
2616 2650 2793 2719 εἶπεν,
2835 2652 3004 2708 ἔδωκέ
3039 2669 3129 2725 μοι
3166 2654 3195 2706 ὀ
3224 2652 3375 2719 Θεὸς,
3412 2650 3526 2706 ἀλλ’
3566 2650 3809 2716 Ἐξανέ-

2123 2742 2319 2810 στησέ
2342 2759 2465 2812 μοι.
2504 2742 2704 2796 Σκόπει
2735 2739 2854 2805 πῶς
2885 2739 3146 2812 ἀμυδρῶς
3174 2740 3244 2793 τὰ
3261 2739 3521 2811 προοίμια
3538 2737 3636 2810 τῆς
3661 2737 3807 2792 ἀνα-

2125 2831 2368 2893 στάσεως
2407 2828 2658 2883 ἐντεῦθεν
2691 2828 2969 2882 δείκνυται
3003 2826 3104 2899 ήδη
3146 2824 3236 2879 διά
3265 2823 3360 2879 τοῦ
3408 2826 3672 2897 ῥήματος.
3714 2824 3811 2889 Ὠς

2123 2920 2232 2993 γάρ
2268 2918 2335 2974 ἂν
2373 2921 2516 2974 εἰποι
2549 2937 2633 2983 τις
2680 2918 2864 2988 ἔλεγεν
2888 2934 2904 2950 ·
2943 2916 3065 2970 ἀντὶ
3104 2912 3198 2970 τοῦ
3242 2914 3497 2977 πεσόντος
3538 2913 3811 2985 ἀνέστησέ

2127 3027 2217 3080 μοι
2248 3008 2456 3063 τοῦτον.
2486 3009 2549 3062 Εἰ
2582 3008 2675 3061 καὶ
2706 3009 2930 3072 ἐκεῖνος,
2966 3004 3151 3074 φησὶν,
3181 3002 3287 3055 ὑπὸ
3316 3001 3416 3072 τῆς
3450 3000 3746 3072 ἀδελφικῆς
3782 3011 3808 3041 α

2122 3094 2300 3163 δεξιᾶς
2328 3099 2407 3160 εἰς
2434 3095 2533 3167 τὴν
2579 3095 2682 3165 γῆν
2730 3094 3001 3148 κατέπεσε
3022 3133 3038 3157 ,
3080 3090 3175 3145 καὶ
3218 3087 3313 3143 τοῦ
3347 3088 3580 3143 θανάτου
3612 3086 3811 3160 πεῖραν

2124 3185 2336 3249 ἔλαϐεν,
2360 3183 2474 3238 ἀλλ’
2501 3185 2534 3255 ή
2563 3178 2656 3236 τοῦ
2687 3182 2822 3236 Θεοῦ
2855 3180 3083 3253 δύναμις
3107 3180 3227 3234 ἀντὶ
3264 3177 3360 3232 τοῦ
3396 3177 3652 3241 πεσόντος
3680 3177 3812 3231 τοῦ-

2124 3290 2217 3328 τον
2240 3274 2481 3345 ήγειρεν.
2529 3270 2746 3342 Ἐπειδὴ
2767 3272 2876 3342 γάρ
2904 3270 3121 3324 οὐδέπω
3147 3268 3337 3339 καιρξς
3352 3262 3420 3338 ἢν
3443 3265 3542 3337 τῆς
3569 3265 3813 3319 ἀναστά-

2127 3379 2286 3425 σεως,
2317 3362 2436 3431 οὐχί
2463 3359 2555 3413 τὸν
2589 3360 2825 3413 πεσόντα
2855 3357 3112 3429 ἦγειρεν,
3143 3355 3257 3408 ἀλλ’
3286 3354 3475 3426 ἕτερον
3519 3353 3634 3406 ἀντ’
3659 3348 3813 3406 ἐκεί.

2122 3462 2214 3503 νου
2241 3465 2254 3479 ·
2286 3448 2366 3502 διὸ
2393 3448 2489 3501 καί
2516 3447 2653 3518 αὐτή
2684 3462 2867 3519 φησιν’
2909 3442 3310 3512 Ἑξανέστησε
3333 3440 3446 3511 γάρ
3478 3458 3581 3511 μοι
3599 3444 3632 3494 ό
3659 3442 3813 3507 Θεὸς

2124 3538 2363 3609 σπέρμα
2387 3537 2592 3606 ἕτερον
2614 3536 2977 3599 ἁντί.”Α6ελ,
3003 3532 3075 3588 δν
3101 3532 3417 3587 ἀπέκτεινε
3443 3529 3614 3586 Κάϊν.
3648 3525 3812 3596 Εἶδες

2124 3624 2540 3695 εὐγνωμοσύνην
2571 3623 2827 3692 γυναικός
2849 3640 2863 3688 ;
2888 3618 3025 3685 εἶδες
3057 3617 3470 3690 φιλανθρωπίαν
3490 3616 3810 3684 Δεσπότους

2125 3712 2243 3777 πῶς
2265 3712 2493 3782 ταχεῖαν
2523 3710 2706 3774 αὐτοῖς
2737 3711 2836 3783 τὴν
2868 3706 3222 3781 παραμυθίαν
3254 3707 3512 3775 ἐπενόησε
3540 3720 3556 3769 ;
3585 3700 3811 3773 Ταύτην

2126 3798 2423 3872 μιμώμεθα
2459 3802 2716 3861 ἅπαντες,
2758 3797 2935 3851 καὶτὸ
2961 3794 3071 3850 πᾶν
3094 3797 3162 3866 τῇ
3189 3792 3397 3849 ἄνωθεν
3438 3791 3623 3863 χάριτι
3648 3790 3808 3859 λογι-

2122 3886 2365 3959 ζώμεθα.
2398 3887 2463 3940 Εἰ
2495 3886 2611 3958 γτίιρ¹
2644 3885 2739 3940 καὶ
2766 3887 2800 3957 η
2828 3885 2991 3955 φύσις
3014 3882 3329 3956 ἐργάζεται,
3353 3880 3469 3935 ἀλλ’
3499 3880 3601 3933 οὐκ
3622 3879 3808 3949 οἰκείᾳ

2119 3975 2381 4047 δυνάμει,
2430 3975 2567 4029 ἀλλά
2616 3973 2693 4044 τῷ
2740 3974 3117 4045 προστάγματι
3159 3969 3267 4023 τοῦ.
3298 3968 3808 4040 δημιουργήσαντος

2120 4065 2361 4118 εἰκουσα·
2387 4065 2482 4118 καὶ
2507 4063 2774 4135 μηδέποτε
2803 4061 3142 4129 ἀλγείτωσαν
3161 4059 3440 4129 γυναῖκες,
3468 4053 3690 4107 ἐπειδάν
3723 4052 3805 4125 μὴ

2121 4151 2400 4216 τίκτωσιν,
2432 4150 2569 4204 ἀλλὰ
2616 4148 2841 4221 γνώμην
2869 4147 3191 4219 εὐχάριστον
3229 4141 3670 4214 ἐπιδεικνύμεναι
3703 4141 3806 4195 ἐπὶ

2119 4239 2211 4295 τὸν
2246 4239 2345 4308 τῆς
2374 4236 2588 4309 φύσεως
2632 4235 2963 4309 δημιουργὸν
2989 4232 3507 4304 καταφευγέτωσαν,
3537 4230 3633 4284 καὶ
3668 4230 3806 4300 παρ’

2120 4326 2329 4381 ἐκείνου
2362 4326 2683 4379 αἰτείτωσαν
2714 4323 2808 4377 τοῦ
2836 4323 2936 4393 τῆς
2968 4321 3186 4393 φύσεως
3207 4319 3502 4383 Δεσπότου,
3537 4318 3635 4371 καὶ
3659 4318 3803 4388 μήτε

2119 4416 2187 4487 τῇ
2217 4413 2475 4484 συνουσίᾳ
2496 4411 2605 4467 τῶν
2629 4410 3024 4466 συνοικούντων
3045 4449 3060 4474 ,
3096 4411 3231 4480 μήτε
3267 4406 3438 4478 ἐτέρῳ
3462 4406 3568 4459 τινὶ
3588 4402 3804 4473 λογιζέ-

2121 4502 2337 4556 σθωσαν
2363 4500 2461 4570 τὴν
2484 4499 2593 4554 τῶν
2622 4498 2830 4553 παίδων
2851 4497 3038 4570 γονὴν,
3068 4497 3204 4551 ἀλλά
3235 4495 3315 4566 τῷ
3336 4492 3655 4566 δημιουργῷ
3685 4492 3801 4544 τῶν

2118 4590 2256 4645 ὅλων
2288 4589 2369 4661 τῷ
2394 4590 2486 4644 καὶ
2515 4588 2624 4645 ἀπὸ
2646 4586 2741 4641 τοῦ
2769 4587 2844 4659 μὴ
2872 4588 3025 4651 ὄντος
3062 4587 3141 4649 εἰς
3163 4584 3223 4638 τὸ
3247 4579 3387 4637 εἶναι
3418 4580 3811 4653 παραγαγόντι

2117 4675 2216 4748 τὴν
2243 4677 2404 4746 φύσιν
2429 4676 2529 4747 τὴν
2549 4674 2846 4746 ἡμετέραν,
2878 4674 2973 4727 καὶ
3001 4666 3346 4744 χωλεύουσαν
3374 4669 3537 4725 πάλιν
3569 4667 3800 4738 διορθῶ-

2120 4779 2211 4815 σαι
2233 4760 2516 4832 δυναμένῳ
2536 4776 2551 4791 ο
2587 4760 2711 4813 ἐπεὶ
2742 4760 2839 4814 καὶ
2867 4758 3007 4828 αὕτη
3032 4758 3132 4828 τὴν
3160 4754 3255 4811 τοῦ
3281 4754 3511 4819 πένθους
3544 4752 3816 4807 ὑπόθεσιν»

2117 4847 2422 4916 δοξολογίας
2448 4847 2703 4920 ἀφορμὴν
2732 4847 3045 4918 ἐποιήσατο,
3071 4843 3259 4916 καὶτῷ
3280 4842 3524 4914 Δεσπότη
3556 4838 3708 4914 [185]
3737 4839 3805 4894 τὸ

2118 4938 2227 4990 πᾶν
2243 4934 2515 5005 λογίζεται
2529 4935 2783 5004 λέγουσα,
2802 4931 3211 4999 Ἐξανέστησέ
3224 4949 3326 5001 μοι
3342 4933 3374 4984 0’
3397 4930 3540 4995 Θεὸς
3560 4928 3802 4995 σπέρμα

2117 5019 2323 5089 ἕτερον
2352 5020 2488 5076 ἀντὶ
2518 5021 2709 5085 Ἅϐελ,
2751 5018 2823 5073 ὃν
2850 5017 3164 5071 ἀπέκτεινε
3189 5015 3354 5070 Κὰῖν.
3393 5013 3556 5083 Ὁρᾷς
3594 5010 3709 5073 πῶς
3734 5011 3803 5063 οὐ

2122 5106 2282 5176 μόνον
2315 5106 2416 5160 οὐκ
2452 5105 2835 5176 ἐδυσχέρανεν,
2862 5101 2985 5157 οὐδέ
3013 5099 3314 5171 ἐφθέγξατό
3342 5116 3396 5151 τι
3428 5096 3677 5168 λυπηρὸν
3711 5096 3799 5166 (οὐ

2121 5190 2229 5263 γὰρ
2253 5191 2319 5246 ἂν
2349 5191 2648 5264 παρέλιπεν
2668 5192 2701 5261 ὴ
2724 5190 2843 5244 θεία
2862 5189 3072 5261 Γραφὴ,
3107 5187 3162 5241 εἴ
3181 5187 3246 5256 γέ
3265 5203 3319 5239 τι
3342 5184 3585 5239 τοιοῦτον
3610 5182 3801 5253 εἴρητο

2119 5282 2250 5351 παρ’
2281 5281 2451 5352 αὐτῆς
2471 5279 2490 5350 )
2511 5320 2525 5346 ,
2549 5279 2686 5333 ἀλλά
2716 5278 2983 5348 γενναίως
3019 5275 3318 5345 ἐνεγκοῦσα
3345 5273 3405 5326 τὸ
3434 5271 3670 5343 συμϐὰν,
3700 5284 3800 5325 τα-

2118 5368 2272 5438 χείας
2305 5365 2549 5432 ἀξιοῦται
2598 5367 2699 5435 τῆς
2737 5363 3123 5435 παραμυθίας,
3153 5362 3245 5416 καὶ
3277 5359 3499 5414 πλείονα
3524 5357 3623 5430 τὴν
3670 5357 3800 5425 εὐγ-

2119 5453 2445 5526 νωμοσύνην
2474 5452 2843 5507 ἐπιδείκνυται
2866 5495 2879 5516 ,
2911 5447 3363 5520 ἀνακηρύττουσιν.
3391 5445 3487 5500 τοῦ
3505 5443 3797 5498 Agam

2115 5542 2216 5614 τὴν
2253 5541 2604 5613 εὐεργεσίαν;
2640 5541 2785 5611 ’Ὀρα
2818 5541 2927 5609 γὰρ
2962 5536 3082 5608 μεθ’
3122 5537 3257 5606 ὅσης
3283 5533 3594 5605 φιλοτιμίας
3632 5533 3662 5584 6
3697 5533 3799 5584 Δε-

2120 5631 2326 5701 σπότης
2355 5629 2425 5684 τὰ
2450 5628 2582 5700 παρ’
2614 5626 2807 5681 ἑαυτοῦ
2837 5624 3221 5680 ἐπιδείκνυται.
3249 5623 3324 5677 Οὐ
3351 5620 3512 5692 μόνον
3539 5619 3651 5689 γὰρ
3679 5616 3798 5671 υἰὺν

2118 5718 2307 5788 ετερον
2337 5714 2653 5787 ἐχαρίσατο,
2689 5714 2825 5769 ἀλλὰ
2854 5713 2950 5767 καὶ
2975 5712 3228 5784 ἐνάρετον
3259 5707 3420 5765 αὐτὸν
3447 5705 3666 5760 ἔσεσθαι
3692 5705 3795 5777 ήδη

2119 5804 2447 5876 προμηνύει.
2467 5802 2791 5873 Ὲγέννησε
2801 5801 2934 5870 γὰρ,
2948 5801 3103 5869 φησὶ,
3116 5795 3394 5864 κατὰτὴν
3405 5794 3572 5849 ἰδέαν
3584 5791 3792 5857 αὑτοῦ,

2120 5894 2220 5949 καί
2254 5891 2406 5946 κατὰ
2435 5890 2555 5960 τὴν
2588 5891 2797 5946 εἰκόνα
2821 5886 3029 5943 αὑτοῦ.
3055 5886 3167 5940 Καὶ
3194 5886 3282 5938 ῐνα
3312 5883 3571 5955 μάθωμεν
3592 5879 3796 5942 εὐθέως

2121 5978 2215 6033 τοῦ
2239 5977 2523 6049 τεχθέντος
2555 5977 2655 6048 τὴν
2692 5974 2914 6048 ἀρετὴν,
2946 5976 3049 6046 δρα
3072 5973 3164 6028 καὶ
3195 5970 3358 6026 αὐτὸν
3385 5969 3547 6022 πάλιν
3579 5966 3667 6022 διὰ
3696 5964 3795 6034 τῆς

2193 6101 2214 6129 ο
2252 6096 2334 6147 Sic
2355 6097 2467 6147 Sav.
2507 6102 2759 6148 eLomncs
2780 6095 2901 6145 fere.
2927 6092 3049 6145 Mor.
3075 6093 3169 6143 ἀπὸ
3195 6098 3279 6152 τῆς
3299 6090 3457 6151 ἀδεὶφ.
