4110 6414
453 393 548 446 l'l'i

445 512 507 558 et.
521 498 756 557 clarior?
786 496 852 551 Et
866 494 1051 549 liceret
1080 488 1291 561 quidem
1319 483 1421 539 hoc
1452 481 1614 537 etiam
1629 493 1697 533 ex
1722 473 1839 529 aliis
1864 467 2027 541 gestis

450 607 569 663 qua:
604 587 853 645 similiter
882 587 1173 640 evenerunt
1211 573 1420 632 caritati
1458 577 1653 627 vestra:
1696 561 1979 622 ostendere
2013 574 2027 616 :

452 656 548 739 sed
564 697 633 737 ne
654 680 722 735 ab
750 677 990 733 instituto
1001 665 1578 739 nostrodigrediamur,
1598 675 1695 732 age
1716 656 1894 715 denuo
1912 665 2030 720 qua:

451 776 594 830 dicta
619 778 745 828 sunt
767 776 1090 839 repetamus.
1139 760 1245 817 Iste
1270 757 1493 815 estliber
1515 747 1847 826 generationis
1872 741 2033 797 Itami-

453 882 605 932 num,
635 863 718 917 die
749 837 850 931 quo
875 859 991 931 {erait
1029 855 1169 910 Deus
1208 851 1372 906 Adam
1398 889 1417 917 ,
1445 844 1721 903 secundum
1765 837 2034 907 imaginem

462 959 551 1014 Dei
582 930 710 1030 fecit
902 968 927 1019 ;.
964 947 1245 1004 masculum
1284 952 1332 1000 et
1373 941 1614 1014 feminam
1661 933 1779 1006 fecit
1804 930 1964 993 illos;
1988 937 2036 981 et

456 1020 728 1123 appellavit
748 1061 928 1101 nomen
953 1058 1123 1098 eorum
1150 1038 1332 1104 Adam,
1357 1035 1440 1090 die
1462 1047 1562 1103 quo
1592 1029 1707 1102 fecit
1734 1025 1870 1080 illos.
1903 1020 2037 1077 Vide

455 1139 725 1214 quomodo
748 1138 943 1193 iterum
970 1130 1277 1188 narratione
1304 1126 1377 1183 ab
1405 1123 1556 1179 initio
1580 1116 1830 1188 repetita,
1862 1111 2040 1167 divina

456 1233 728 1302 Scriptura
775 1227 930 1283 nobis
974 1226 1361 1279 commemorat
1404 1224 1661 1286 quantum
1700 1210 1957 1262 honorem
2010 1215 2041 1255 a

458 1292 750 1380 Conditore
780 1318 1002 1375 sortitus
1028 1316 1099 1370 sit
1146 1312 1331 1367 homo.
1374 1307 1470 1362 Die
1516 1319 1635 1375 quo,
1688 1299 1906 1369 inquit,
1930 1292 2044 1365 fecit

461 1416 658 1482 Adam,
681 1409 955 1467 secundum
1000 1405 1271 1475 imaginem
1300 1400 1397 1455 Dei
1446 1397 1558 1471 fecit
1604 1395 1747 1449 illuni
1778 1406 1797 1444 :
1820 1388 1923 1442 hoc
1963 1391 2046 1440 est

460 1507 757 1579 principem
807 1502 953 1556 illum
1000 1496 1274 1553 constituit
1300 1491 1538 1548 omnium
1583 1483 1892 1540 visibilium.
1937 1476 2048 1531 lloe

462 1598 606 1654 enim
652 1604 735 1650 est
768 1589 1062 1648 Secundum
1114 1586 1405 1655 imaginem,
1450 1577 1743 1636 secundum
1789 1569 2047 1625 rationem

464 1687 687 1744 dominii
713 1672 768 1741 et
785 1682 1135 1753 principatus.
1161 1676 1292 1732 Nam
1324 1673 1462 1730 sicut
1490 1667 1725 1724 omnium
1749 1664 1889 1718 Deus
1907 1657 2049 1729 prin-

465 1782 697 1851 cipatum
727 1776 888 1831 habet
915 1749 1075 1843 super
1099 1769 1278 1827 omnia
1300 1777 1406 1822 tam
1431 1759 1658 1818 visibilia
1680 1769 1838 1827 quam
1863 1749 2046 1807 inrisi-

468 1845 619 1937 bilia,
652 1868 742 1939 qui
767 1865 1009 1921 omnium
1051 1859 1295 1916 conditor
1321 1865 1376 1911 et
1402 1852 1575 1924 opil‘ex
1609 1857 1690 1906 est
1717 1863 1732 1899 :
1761 1845 1840 1900 sic
1860 1850 1911 1899 et
1930 1855 2053 1896 cum

470 1961 725 2018 formavit
745 1955 1003 2012 rationale
1032 1954 1134 2008 hoc
1161 1947 1380 2014 animal,
1413 1942 1580 1999 voluit
1603 1938 1843 1995 omnium
1874 1931 2053 1988 visibi-

476 2055 605 2109 lium
630 2050 945 2124 praefectura
968 2044 1175 2115 insigne
1197 2055 1336 2096 esse.
1360 2033 1589 2092 Proinde
1616 2040 1672 2088 et
1704 2028 1898 2083 anima:
1927 2021 2055 2077 sub-

473 2146 721 2203 stantiam
750 2142 827 2198 illi
872 2139 1091 2210 largitus
1119 2144 1222 2201 est,
1263 2132 1448 2187 volens
1487 2129 1659 2197 ipsum
1703 2117 2055 2178 itumortalem

489 2252 610 2294 esse
648 2246 703 2291 et
732 2240 1048 2305 perpetuum
1073 2244 1090 2285 :
1118 2240 1303 2282 verum
1332 2222 1419 2278 ubi
1449 2235 1545 2291 per
1566 2215 1822 2272 desidiam
1840 2209 2057 2277 excidit,

474 2338 531 2383 et
557 2338 916 2396 transgressus
942 2329 1025 2377 est
1049 2317 1353 2373 mandatum
1371 2312 1472 2368 sibi
1491 2307 1763 2371 traditum,
1787 2315 1961 2372 neque
1972 2299 2050 2354 sic

473 2417 699 2474 omnino
724 2417 894 2486 ipsum
921 2417 1196 2467 aversatus
1219 2415 1303 2462 est
1330 2423 1344 2459 :
1376 2403 1469 2460 sed
1499 2415 1595 2472 pro
1620 2413 1719 2454 sua
1750 2394 2056 2451 misericor-

480 2510 569 2565 dia
597 2507 1053 2563 immortalitatem
1080 2500 1293 2573 quidem
1321 2496 1397 2551 illi
1441 2491 1661 2556 ademit,
1684 2494 1858 2543 morte
1885 2493 2063 2539 autem

479 2602 786 2657 damnatum
811 2597 863 2652 in
882 2596 1075 2652 eodem
1102 2592 1271 2648 ferme
1295 2586 1592 2660 principatu
1613 2580 1845 2651 reliquit.
1865 2574 2069 2631 Deinde

489 2708 611 2747 cum
651 2691 695 2745 is
719 2690 808 2760 qui
835 2703 901 2743 ex
937 2686 1027 2741 illo
1053 2692 1210 2740 natus
1238 2687 1355 2737 erat
1389 2678 1442 2733 in
1473 2681 1671 2731 tantam
1700 2666 1942 2741 prorupit
1989 2666 2069 2720 in-

485 2782 712 2846 saniam,
742 2788 802 2835 ut
826 2779 1026 2850 primus
1054 2773 1243 2830 mortis
1271 2770 1505 2842 speciem
1529 2764 1828 2829 inveberet,
1861 2758 2069 2814 violen-

494 2887 602 2931 tam
629 2874 776 2928 illam
808 2869 1011 2927 caedem
1036 2866 1335 2930 exhiberet,
1375 2876 1440 2916 ac
1465 2858 1598 2915 credi
1624 2853 1956 2911 mendacium
1981 2863 2073 2905 eo-

491 2969 700 3040 pulans,
720 2978 963 3036 magnam
985 2957 1380 3032 improbitatem
1402 2966 1512 3023 pra:
1536 2964 1595 3005 se
1616 2947 1800 3011 ferret,
1823 2943 2073 2999 diuturna

489 3059 832 3129 castigatione
860 3051 1145 3109 emendare
1169 3047 1321 3103 illum
1347 3041 1533 3105 voluit,
1561 3049 1622 3094 ut
1648 3052 1753 3092 non
1780 3033 1955 3090 solum
1981 3029 2074 3085 ille

493 3124 693 3207 lucrum
722 3148 914 3203 facere:
940 3160 1005 3200 ex
1023 3144 1086 3198 iis
1110 3156 1227 3212 qua:
1254 3137 1352 3209 ipsi
1366 3130 1760 3203 contingebant,
1785 3124 1879 3181 sed
1896 3130 1952 3179 et
1978 3136 2074 3192 po—

492 3253 665 3298 steros
688 3239 904 3294 doceret
926 3233 1329 3292 commissorum
1353 3220 1790 3296 magnitudinem,
1812 3224 1866 3270 et
1895 3214 2079 3282 ingen-

495 3345 602 3390 tem
648 3330 866 3389 sceleris
910 3327 1220 3383 imditatem.
1260 3321 1525 3376 Caeterum
1573 3313 1695 3385 quia
1739 3323 1851 3381 pra:
1890 3318 2079 3375 magna

499 3423 705 3496 ignavia
728 3419 922 3493 pestcri
942 3429 1151 3488 quoque
1172 3412 1315 3469 illius
1333 3406 1583 3482 paulatim
1606 3405 1658 3458 in
1678 3400 1922 3473 graviora
1944 3395 2078 3450 mala

498 3489 745 3581 ruebant,
761 3514 964 3576 volens,
987 3518 1044 3566 ut
1065 3510 1135 3564 ita
1151 3506 1346 3571 dicam,
1369 3500 1529 3559 solari
1553 3496 1838 3559 Adamum,
1861 3489 1953 3562 qui
1977 3502 2080 3542 non

499 3610 671 3666 solum
697 3607 768 3663 ob
787 3620 934 3660 suam
957 3597 1433 3670 transgressionem
1452 3591 1586 3647 adeo
1610 3585 1888 3647 mmrebat,
1912 3579 2007 3638 sed
2030 3587 2087 3633 et

501 3703 571 3756 ob
592 3699 846 3770 ﬂagitium
863 3694 1013 3751 Caini
1031 3695 1083 3748 in
1103 3693 1245 3747 luctu
1263 3683 1579 3743 intolerabili
1598 3678 1927 3741 versabatur,
1946 3671 2085 3744 quod

502 3794 614 3849 suis
644 3765 757 3862 ipse
802 3787 971 3845 oculis
1003 3798 1201 3841 erasnm
1247 3780 1378 3836 Abel
1406 3776 1628 3832 vidisset
1669 3788 1685 3828 :
1718 3783 1892 3840 neque
1940 3765 2084 3822 enim

508 3886 695 3943 mortis
723 3883 955 3954 speciem
985 3877 1244 3941 sciebant,
1270 3871 1478 3928 tametsi
1503 3869 1605 3924 lata
1626 3871 1769 3922 esset
1790 3859 2085 3917 sententia:

511 3980 649 4034 unde
671 3987 726 4032 et
745 3948 936 4043 duplex
969 3970 1043 4025 illi
1069 3982 1133 4023 ac
1164 3965 1354 4037 triplex
1382 3964 1555 4018 luctus
1593 3957 1798 4012 aderat.
1828 3953 1948 4023 quia
1985 3948 2092 4019 pri—

514 4086 658 4125 mum
682 4067 925 4121 viderunt
951 4068 1176 4117 mortem
1205 4058 1259 4112 in
1284 4057 1443 4109 vitam
1489 4047 1867 4109 introductam,
1899 4052 1957 4097 et
1982 4041 2094 4092 vio-

516 4164 712 4217 lentam
738 4164 983 4222 mortem,
1015 4161 1070 4208 et
1094 4166 1123 4205 a
1150 4149 1258 4204 lilio
1281 4151 1660 4217 perpetralam,
1711 4144 1767 4192 et
1794 4136 1846 4189 in
1875 4132 2091 4187 fratrem

515 4254 703 4310 eodeni
750 4256 900 4321 patre
945 4220 1239 4313 eademque
1285 4247 1454 4293 matre
1495 4240 1697 4295 natum,
1728 4227 1819 4298 qui
1866 4224 1993 4279 nihil
2023 4220 2098 4275 illi

520 4343 724 4415 injuria:
755 4337 1021 4394 intulisset
1052 4355 1066 4391 :
1093 4332 1280 4387 volens
1300 4342 1426 4398 ergo
1457 4323 1716 4395 benignus
1744 4320 1884 4374 Deus
1917 4327 2099 4386 parem

522 4407 794 4491 doloribus
818 4427 1006 4483 alierre
1031 4422 1470 4481 consolationem,
1497 4417 1659 4472 alium
1692 4413 1766 4467 illi
1795 4411 1885 4465 dat
1912 4407 2098 4471 lilium,

522 4528 650 4586 Seth
677 4524 955 4583 videlicet;
986 4532 1147 4589 atque
1176 4517 1301 4572 hinc
1324 4513 1423 4584 ipsi
1445 4510 1565 4566 data
1589 4503 1877 4562 sufﬁcienti
1903 4513 2102 4556 conso-

526 4620 742 4684 latione,
765 4619 832 4673 ab
850 4616 939 4673 ille
961 4624 1139 4686 postea
1156 4624 1206 4680 p:
1220 4605 1427 4678 ogcniei
1445 4601 1651 4657 initium
1672 4596 1834 4652 ducit.
1859 4594 2108 4661 Propter-

530 4729 591 4769 ea
628 4713 814 4768 beatus
840 4684 1094 4780 propheta
1131 4703 1211 4758 sic
1236 4710 1459 4757 exorsus
1494 4701 1598 4757 eSt,
1641 4690 1823 4746 dicens
1852 4705 1866 4741 :
1903 4684 2012 4738 Iste
2034 4691 2110 4736 est

534 4803 656 4858 liber
683 4775 1020 4874 generationis
1068 4794 1348 4850 hominum.
1404 4782 1623 4847 Deinde,
1653 4790 1710 4834 ut
1760 4775 2000 4850 promisit
2052 4788 2111 4828 se

535 4904 870 4951 narraturum
900 4890 1174 4946 hominum
1200 4880 1624 4957 generationem,
1673 4873 1796 4928 vide
1841 4884 1943 4940 qua
1972 4866 2113 4924 serie

536 4989 719 5045 utitur.
744 4988 798 5042 5.
840 4984 973 5039 Vixit
1002 4982 1165 5037 Adam
1192 4977 1337 5031 annis
1366 4969 1591 5027 ducentis
1612 4967 1837 5036 triginta,
1867 4971 1911 5015 et
1938 4959 2113 5032 genuit

538 5079 811 5136 secundum
836 5075 1049 5147 specirm
1078 5087 1240 5133 suam,
1271 5076 1319 5123 et
1343 5061 1616 5121 secundum
1642 5058 1911 5129 imaginem
1939 5066 2118 5114 suam;

534 5183 579 5226 et
613 5142 881 5241 appellavit
904 5180 1081 5219 nomen
1096 5162 1234 5215 illius
1258 5157 1404 5213 Setlt.
1431 5154 1484 5208 4.
1519 5150 1746 5205 Fuerunt
1775 5154 1939 5199 autem
1959 5142 2120 5212 ipsius

540 5235 662 5318 anni
682 5235 1005 5332 septingenti,
1029 5262 1075 5310 et
1101 5252 1267 5325 genuit
1294 5248 1426 5318 ﬁlios
1449 5254 1495 5300 et
1514 5242 1668 5313 ﬁlias.
1693 5240 1747 5295 5.
1777 5237 1839 5293 Et
1867 5235 1988 5305 facti
2007 5241 2122 5288 sunt

543 5368 713 5407 omnes
738 5351 843 5404 dies
869 5346 1053 5412 Adam,
1076 5342 1197 5396 anni
1224 5337 1457 5409 nongenti
1472 5335 1699 5405 triginta,
1718 5343 1764 5385 et
1781 5341 2003 5383 mortuus
2024 5335 2120 5381 est.

616 5444 670 5496 5.
703 5439 849 5494 Nihil
870 5439 1059 5510 [metra
1082 5432 1295 5503 positum
1316 5431 1368 5483 in
1389 5428 1656 5496 Scriptura
1679 5437 1844 5476 sacra.
1860 5416 2127 5472 -—Nonne

549 5531 685 5588 bene
699 5529 938 5586 dicebam
957 5526 1008 5580 in
1024 5522 1244 5581 exordio
1263 5516 1545 5583 sermonis,
1569 5513 1696 5569 nihil
1715 5526 1838 5567 esse
1855 5518 2054 5563 temere
2075 5513 2130 5559 et

551 5624 751 5691 absque
771 5618 995 5673 utilitate
1014 5616 1066 5670 in
1087 5627 1237 5669 sacra
1257 5608 1529 5678 Scriptura
1548 5599 1814 5674 positum?
1830 5599 1965 5653 Ecce
1984 5592 2127 5650 enim

544 5723 598 5769 et
621 5685 769 5774 nunc
783 5716 973 5779 quanta
992 5703 1259 5775 diligentia
1287 5715 1413 5755 usus
1432 5707 1510 5752 est
1534 5697 1718 5751 beatus
1739 5692 1827 5746 ille
1850 5685 2126 5760 propheta.

549 5803 760 5876 Genua,
783 5798 973 5870 inquit,
998 5794 1157 5852 Adam
1175 5790 1445 5849 secundum
1467 5787 1679 5858 speciem
1699 5797 1857 5847 suam,
1887 5788 1931 5834 ct
1957 5792 2105 5834 secnn

1509 369 1571 425 IN
1609 366 1763 423 CAP.
1808 362 1870 417 V.
1912 357 2160 417 CENES.
2202 355 2429 413 11οΜ11ι.
2463 350 2605 410 XXI;

3606 320 3706 374 178

2137 464 2260 516 dum
2273 461 2541 534 imaginem
2552 476 2717 526 suam,
2732 448 3060 529 etappeilavit
3075 464 3252 506 nomen
3269 445 3408 534 illius
3425 442 3568 500 Sella.
3582 438 3712 494 Cum

2135 556 2202 612 de
2226 530 2404 626 priore
2428 551 2734 621 loqueretur
2757 545 2866 599 lilio
2886 584 2900 609 ,
2926 538 3055 597 Cain
3080 539 3201 594 dico
3219 578 3237 605 ,
3262 533 3392 590 nihil
3420 532 3527 588 tale
3553 530 3717 601 signi-

2135 650 2311 705 licavit
2355 645 2604 701 nimirum
2639 642 2749 712 jam
2788 645 2944 692 antea
2989 633 3226 689 indicans
3255 628 3397 685 illius
3426 626 3478 680 itt
3516 622 3715 678 malum

2137 740 2559 813 proclivitatem;
2587 744 2642 792 et
2664 731 2855 789 merito
2878 747 2894 784 :
2926 742 3031 785 non
3052 725 3195 782 enim
3221 717 3454 778 servavit
3472 725 3721 788 paternas

2138 810 2333 900 mores,
2361 832 2455 888 sed
2483 828 2723 900 protinus
2750 823 2817 881 ad
2847 821 3100 877 malitiam
3130 813 3385 884 confugit.
3418 810 3516 866 llic
3540 815 3719 862 autem

2141 925 2348 994 inquit,
2397 917 2691 977 Secundum
2749 912 2965 985 speciem
3013 918 3060 964 et
3114 904 3389 961 secundum
3453 899 3724 968 imaginem

2141 1029 2285 1070 suam
2306 1053 2322 1079 ,
2354 1012 2455 1066 hoc
2491 1016 2571 1064 est
2594 1046 2613 1075 ,
2649 1002 2962 1061 eorutndcm
3006 1009 3214 1053 mentm
3236 1035 3250 1060 ,
3280 991 3472 1061 quibus
3509 987 3595 1041 ille
3634 985 3725 1054 qui

2143 1111 2416 1177 genuerat,
2444 1110 2499 1155 et
2519 1098 2610 1170 qui
2635 1101 2875 1153 servaret
2893 1090 3112 1147 eosdem
3133 1083 3344 1142 virtutis
3369 1081 3724 1141 characteres,

2145 1198 2230 1266 qui
2265 1166 2557 1265 paternam
2570 1185 2854 1258 imaginem
2883 1181 3135 1252 aperibus
3160 1175 3485 1244 exprimeret
3504 1209 3521 1237 ,
3553 1178 3605 1223 et
3634 1166 3723 1237 qui

2146 1302 2239 1341 sua
2272 1285 2468 1338 virtute
2495 1254 2701 1351 prioris
2727 1283 3003 1346 peccatum
3040 1282 3291 1338 reparare
3332 1260 3521 1333 possit.
3546 1254 3730 1325 Neque

2147 1376 2290 1431 enim
2338 1373 2407 1428 de
2450 1345 2818 1438 corporalibus
2864 1359 3199 1416 lineamentis
3241 1365 3293 1409 et
3337 1345 3733 1405 characteribtts

2150 1467 2422 1536 Scriptura
2450 1437 2603 1516 nobis
2642 1459 2915 1515 disserens
2937 1493 2953 1518 ,
2996 1450 3160 1506 dicit:
3195 1442 3486 1501 Secundam
3517 1437 3733 1509 speciem

2150 1574 2329 1623 suant,
2371 1563 2419 1609 et
2461 1549 2738 1608 secundum
2787 1545 3055 1616 imaginem
3104 1553 3247 1593 suam
3273 1552 3292 1590 :
3338 1531 3433 1588 sed
3476 1530 3546 1584 de
3591 1534 3732 1581 statu

2152 1651 2365 1713 animat,
2397 1655 2456 1701 ut
2495 1645 2769 1699 discamus
2806 1637 2947 1691 hunc
2986 1648 3092 1688 non
3128 1629 3287 1684 talem
3316 1638 3437 1680 esse
3473 1620 3732 1677 futurum.

2154 1741 2279 1796 ldeo
2304 1747 2361 1794 et
2387 1746 2558 1792 mater
2588 1746 2781 1788 nomen
2812 1728 2921 1782 lilio
2951 1725 3230 1793 imponens
3256 1756 3272 1783 ,
3303 1728 3423 1769 eum
3448 1708 3734 1781 gratiarum

2154 1832 2363 1888 actione
2392 1829 2495 1883 hoc
2521 1840 2716 1882 nomen
2743 1818 2933 1876 indidit
2960 1834 2975 1871 :
3019 1822 3076 1870 et
3101 1824 3274 1881 neque
3303 1816 3540 1870 natura,
3570 1813 3741 1868 neque

2157 1922 2331 1996 partui
2359 1917 2614 1977 adscribit
2642 1924 2823 1970 natum
2854 1922 3076 1981 puerum
3099 1947 3114 1970 ,
3158 1901 3250 1958 sed
3284 1899 3377 1954 Dei
3416 1894 3619 1951 virtuti.
3650 1891 3741 1945 Illa

2156 1982 2301 2074 enim
2331 2022 2573 2069 naturam
2615 2003 2917 2062 fecundavit
2958 1998 3025 2052 ad
3053 2004 3281 2067 partum,
3311 1997 3364 2045 ct
3394 1989 3469 2042 ait
3497 2004 3510 2040 :
3539 1982 3742 2055 Cogno-

2159 2105 2364 2162 minavit
2391 2118 2571 2158 nomen
2601 2098 2741 2152 illius
2766 2093 2889 2150 Setlt
2912 2131 2927 2156 ,
2958 2089 3127 2143 dicens
3148 2100 3169 2139 :
3194 2078 3444 2136 Excitavit
3469 2076 3601 2130 enim
3621 2071 3743 2126 mihi

2160 2160 2300 2253 Dens
2339 2210 2506 2250 semen
2547 2187 2689 2244 aliud
2730 2201 2822 2257 pro
2849 2180 3001 2245 Abel,
3041 2190 3187 2246 quem
3224 2170 3405 2226 occidit
3439 2165 3562 2221 Cain
3591 2160 3741 2237 (Gen.

2164 2295 2218 2348 t.
2244 2290 2359 2359 es).
2388 2286 2521 2341 Vide
2548 2280 2695 2337 verbi
2719 2252 3067 2346 diligentiam.
3094 2265 3210 2322 Non
3236 2261 3408 2318 dixit:
3438 2256 3591 2313 Dedit
3616 2252 3746 2307 mihi

2168 2345 2339 2437 Deus;
2373 2376 2490 2442 sed,
2526 2369 2774 2428 Excitavit
2801 2345 2944 2421 milii.
2975 2356 3205 2415 Attende
3233 2348 3498 2424 quomodo
3523 2345 3748 2400 obscure

2170 2472 2322 2528 nobis
2354 2469 2453 2524 hoc
2488 2464 2652 2521 verbo
2691 2451 3097 2515 resurrectionis
3124 2442 3339 2503 exordia
3384 2439 3472 2495 hic
3498 2432 3748 2491 ostendit.

2170 2565 2245 2619 Ita
2270 2559 2413 2617 enim
2454 2553 2768 2627 loquebatur
2793 2562 2858 2603 ac
2902 2544 2947 2599 si
2975 2542 3096 2613 quis
3137 2537 3378 2592 diceret:
3421 2529 3526 2583 Pro
3569 2540 3634 2581 eo
3663 2522 3751 2593 qui

2171 2654 2383 2719 cecidit,
2411 2619 2660 2706 excitavit
2685 2642 2813 2699 mihi
2840 2641 3000 2695 hunc.
3029 2634 3359 2702 Quamquam
3385 2624 3476 2679 ille
3496 2663 3511 2690 ,
3545 2619 3752 2690 inquit,

2173 2748 2226 2802 in
2258 2753 2453 2800 terram
2494 2739 2682 2793 dextra
2711 2732 2887 2788 fratris
2911 2734 3194 2797 percussus
3230 2716 3419 2773 cecidit
3442 2753 3456 2777 ,
3487 2720 3541 2765 et
3572 2706 3759 2764 mortis

2177 2836 2466 2908 periculum
2490 2830 2634 2892 fecit,
2667 2835 2840 2880 tamen
2872 2819 2963 2874 Dei
2989 2817 3159 2872 virtus
3181 2825 3275 2882 pro
3296 2820 3437 2863 ca'so
3464 2804 3603 2858 hunc
3628 2798 3757 2854 mihi

2173 2891 2469 2983 suscitat-it.
2496 2919 2601 2976 Sed
2625 2917 2748 2988 quia
2779 2909 3012 2968 nondum
3043 2915 3253 2973 tempus
3273 2906 3390 2955 erat
3415 2891 3757 2950 resurrectio-

2178 3021 2283 3086 nis,
2335 3032 2440 3072 non
2485 3020 2753 3069 mortuum
2799 3000 3092 3064 suscitavit,
3137 2994 3234 3050 sed
3276 2992 3435 3047 alium
3481 3000 3579 3056 pro
3627 2983 3755 3038 illo:

2181 3109 2526 3184 quamobrem
2554 3115 2607 3160 et
2634 3103 2744 3173 ipsa
2774 3097 2946 3154 dixit:
2978 3087 3253 3149 Suscitavit
3281 3083 3401 3139 mihi
3434 3079 3568 3134 Deus
3597 3090 3763 3132 semen

2181 3175 2321 3258 aliud
2348 3215 2441 3270 pro
2468 3196 2622 3260 Abel,
2647 3206 2793 3265 queat
2821 3185 3001 3242 occidit
3025 3180 3173 3238 Cain.
3204 3175 3395 3234 Vidisti
3420 3179 3628 3243 gratum
3651 3181 3766 3220 mu-

2185 3258 2869 3350 lieris'animumv‘i'vidisti
2916 3272 3295 3344 benignitatem
3344 3258 3589 3318 Domini?
3635 3269 3766 3327 quo-

2186 3383 2347 3441 modo
2401 3379 2748 3436 acceleratam
2797 3370 2902 3426 illis
2951 3360 3368 3422 consolationem
3420 3346 3763 3420 excogitavit.

2186 3478 2337 3534 lianc
2365 3473 2634 3529 imitentur
2659 3478 2847 3521 omnes
2872 3499 2886 3526 ,
2914 3469 2971 3514 et
3000 3465 3165 3511 totum
3195 3461 3438 3519 superna:
3463 3442 3647 3515 gratim
3673 3440 3766 3492 tri-

2189 3570 2431 3625 bnamus.
2470 3561 2605 3617 Nam
2638 3558 2765 3613 licet
2800 3559 2987 3607 natura
3030 3550 3302 3615 operetur,
3331 3550 3438 3592 non
3469 3542 3645 3587 tamen
3677 3542 3768 3582 sua

2563 3650 2828 3719 praecepto
2853 3640 3015 3702 illius,
3042 3633 3131 3705 qui
3161 3633 3327 3701 ipsam
3350 3625 3493 3690 fecit,
3521 3616 3772 3719 obedieus

2193 3708 2466 3822 operatur.
2599 3708 2885 3806 numquam
2914 3728 3126 3785 doleant
3157 3720 3406 3776 mulieres
3432 3708 3642 3784 quando
3670 3721 3777 3760 non

3306 3810 3326 3822 .
3588 3800 3648 3822 Α
3683 3815 3742 3822 -η

2196 3800 2426 3913 pariunt,
2456 3834 2549 3892 sed
2577 3800 2786 3904 gratum
2814 3824 3050 3879 animum
3084 3831 3193 3888 pra:
3218 3827 3279 3869 se
3304 3810 3553 3873 ferentes,
3584 3800 3651 3855 ad
3682 3815 3779 3853 na-

2199 3892 2617 3999 Dpiiicem
2650 3917 2988 3987 confugiant;
3014 3919 3068 3965 et
3094 3907 3162 3962 ab
3188 3906 3276 3959 illo
3307 3906 3524 3971 petant,
3564 3892 3652 3964 qui
3684 3905 3779 3944 na-

2195 4037 2332 4082 tura:
2359 4019 2617 4078 Dominus
2642 4021 2760 4077 est;
2804 4017 2858 4064 et
2902 4016 3071 4073 neque
3108 3996 3391 4066 cunjugum
3431 3982 3739 4056 congressui
3766 4021 3780 4042 ,

2202 4131 2376 4188 neque
2400 4110 2550 4167 alteri
2578 4072 2807 4175 cuipiam
2838 4098 2912 4153 rei
2942 4072 3168 4148 ﬁliorum
3196 4089 3456 4155 imputent
3483 4072 3786 4149 generatio-

2203 4172 2325 4267 nem
2347 4248 2363 4275 ,
2393 4203 2485 4261 sed
2526 4192 2798 4257 Conditori
2827 4187 3062 4244 omnium
3088 4221 3103 4249 ,
3130 4179 3220 4251 qui
3249 4193 3314 4232 ex
3345 4172 3512 4230 nihilo
3543 4176 3784 4222 naturam

2207 4257 2441 4357 nostram
2469 4286 2717 4363 produxit
2742 4296 2799 4339 ut
2822 4286 3002 4344 esset,
3029 4283 3083 4328 ct
3105 4267 3493 4326 clandicantem
3520 4257 3787 4327 corrigere

2208 4399 2383 4465 potest
2407 4406 2420 4442 :
2449 4348 2872 4456 quandoquidem
2894 4379 2948 4425 ct
2968 4368 3063 4423 ista
3087 4380 3152 4419 ex
3175 4357 3454 4417 occasione
3479 4352 3655 4406 luctus
3683 4348 3791 4403 Deo

2960 4461 2969 4465 ⁸
3300 4458 3311 4465 ‘
3340 4464 3345 4465 γ
3374 4461 3401 4465 --
3477 4451 3520 4465 ιι
3569 4438 3791 4465 Πηηιζ-ιη

2208 4438 2429 4558 gloriam
2468 4438 2736 4533 referendi
2775 4461 3001 4531 sumpsit
3040 4458 3431 4525 argumentum,
3471 4451 3527 4500 et
3569 4438 3794 4495 Domino

2893 4553 2931 4558 “
3002 4552 3013 4558 ·
3100 4548 3131 4558 ·-
3218 4543 3284 4558 ὀ·
3324 4527 3794 4558 nun—munda”;

2214 4527 2381 4634 :otum
2413 4567 2609 4631 tribuit,
2637 4562 2855 4618 dicens:
2888 4527 3131 4608 Excitavit
3161 4543 3284 4600 mihi
3316 4540 3451 4595 Deus
3468 4550 3635 4591 senisu
3652 4527 3795 4584 aliud

2217 4626 2462 4740 piro—Villia
2480 4701 2498 4727 ,
2527 4626 2673 4728 quem
2703 4647 2883 4706 occidit
2908 4643 3055 4700 Cain.
3086 4636 3251 4693 Vides
3275 4626 3542 4740 quomodq
3569 4638 3671 4677 non
3702 4633 3792 4674 so-

2843 4736 2874 4740 “
3174 4736 3182 4740 -
3222 4724 3315 4740 σξη
3350 4715 3523 4740 ινα-ηε-
3584 4713 3792 4740 Imm“...

2218 4713 2324 4813 lum
2354 4768 2459 4808 non
2498 4743 2755 4819 gravatim
2784 4736 2937 4800 tulit,
2969 4743 3140 4798 neque
3173 4724 3321 4779 triste
3348 4713 3542 4787 al’quid
3584 4713 3798 4778 loquuta

2220 4798 2324 4813 ......
2500 4798 2615 4819 ,γη
2925 4798 2931 4800 ν

2220 4856 2305 4906 est
2331 4846 2458 4917 (non
2485 4839 2626 4896 enim
2653 4827 3081 4906 praetermisisset
3107 4815 3285 4873 divina
3308 4811 3608 4877 Scriptura,
3637 4798 3803 4869 siqui-

2222 4900 2350 4998 detti
2375 4936 2478 4992 tale
2505 4928 2755 5002 quiddam
2786 4921 2852 4975 ab
2892 4919 2976 4972 illa
3007 4913 3206 4967 dictum
3237 4900 3472 4971 fuisset),
3503 4908 3682 4951 verum
3705 4906 3796 4962 ge-

2224 5044 2419 5090 nerose
2461 4981 2636 5079 ieiens
2680 5012 2820 5087 quod
2873 5006 3169 5064 acciderat,
3218 4989 3585 5053 consolatione
3626 4981 3806 5038 statim

2225 5128 2471 5196 dignatur
2493 5159 2508 5183 ,
2536 5123 2592 5170 et
2632 5108 2834 5178 majora
2881 5098 3014 5172 grati
3056 5089 3218 5149 animi
3264 5089 3355 5142 dat
3381 5083 3529 5152 signa
3549 5117 3567 5147 ,
3598 5073 3808 5131 Domini

2987 5195 2993 5196 ⁷
3018 5193 3030 5196 “
3168 5190 3178 5196 ⁸
3403 5194 3410 5196 -
3450 5173 3674 5196 ι-ι-αξ--υι
3706 5167 3784 5196 nn

2229 5167 2906 5280 benti-eliciuinvprtedicansl
2938 5193 3067 5247 Vide
3095 5190 3236 5244 enim
3261 5194 3417 5253 quam
3450 5173 3675 5242 benigne
3696 5167 3812 5280 Bo-

2232 5257 2542 5276 IIUIIVIIVIu~Iu
2573 5257 2701 5280 ’νυ-..-
2722 5257 2729 5259 .

2231 5312 2407 5369 minus
2445 5319 2562 5376 qua:
2603 5309 2817 5357 suarum
2862 5297 2982 5346 sunt
3039 5278 3262 5351 partium
3307 5273 3645 5338 exsequatur.
3696 5257 3811 5314 Non

3041 5374 3049 5376 λ
3279 5364 3292 5376 ·
3359 5369 3371 5376 -
3413 5361 3594 5376 -·ηι--ι-
3624 5348 3788 5376 ...η-..ιιι

2235 5348 2394 5458 modo
2418 5348 2560 5452 enim
2584 5389 2741 5445 alium
2766 5384 2856 5439 dat
2884 5379 2956 5433 illi
2985 5348 3171 5435 lilium,
3201 5364 3294 5421 sed
3323 5369 3378 5418 et
3406 5361 3599 5413 virtute
3624 5348 3811 5422 prtcdi~

2235 5504 2345 5548 tum
2370 5488 2486 5545 iure
2512 5490 2666 5538 antea
2689 5473 2966 5545 signiﬁcat.
2996 5460 3179 5520 Genuit
3203 5456 3344 5512 cnim
3367 5492 3382 5517 ,
3409 5446 3613 5517 inquit,
3636 5456 3818 5497 secun-

2238 5586 2359 5637 dum
2380 5576 2596 5651 speciem
2620 5583 2783 5630 suout,
2811 5574 2856 5618 et
2882 5555 3157 5616 secundum
3184 5544 3454 5614 imaginem
3478 5549 3645 5590 saant.
3674 5531 3743 5585 Et
3764 5536 3821 5581 nt

3189 5640 3200 5651 '
3224 5638 3237 5651 '
3308 5649 3327 5651 έν
3370 5632 3410 5651 ’ί
3445 5636 3486 5651 Α·
3517 5627 3628 5651 ε-ηυι
3645 5620 3821 5651 Matini

2240 5620 2705 5729 suttimrdiscamus
2730 5653 2835 5711 nati
2857 5651 3129 5709 virtutem,
3154 5638 3275 5695 vide
3297 5632 3418 5705 quia
3440 5636 3493 5684 et
3517 5627 3629 5695 ipse
3645 5620 3821 5676 statim

2247 5784 2340 5842 per
2363 5754 2768 5834 appellationem
2800 5744 2890 5800 lilii
2916 5740 2997 5797 sui
3025 5750 3133 5793 sum
3162 5727 3354 5786 mentis
3380 5722 3626 5795 pietatem
3646 5717 3817 5764 ostvtr
3886 5798 3889 5799 ν
