4110 6484
369 425 471 483 179

366 536 477 593 dat.
509 534 577 590 Et
613 531 801 597 Setho,
852 524 1056 598 inquit,
1101 534 1248 579 natus
1285 529 1357 577 est
1387 520 1563 590 filius,
1596 526 1642 572 et
1686 511 1956 585 appellauit

1123 411 1184 470 S.
1222 405 1501 467 .lOANNlS
1537 394 2013 461 CHRYSOSTOMI
2050 391 2365 451 ARCHIEP.
2405 390 2939 452 CONSTANTINOP.

3564 380 3706 441 sse

2065 510 2151 564 12.
2196 517 2243 564 et
2274 508 2486 565 Cainam
2508 510 2680 581 genuit
2733 508 2995 576 Halaleel,
3025 506 3113 562 i5.
3139 516 3188 560 et
3210 506 3449 562 Malaleel
3474 509 3693 580 genui:

370 643 550 683 nomen
578 624 715 678 illius
740 620 899 675 Enos.
929 618 1031 673 Hic
1049 614 1266 688 speravit
1291 613 1526 667 invocare
1547 623 1730 663 nomen
1751 602 1956 660 Domini
2059 600 2242 667 Jared,
2275 599 2361 654 18.
2392 609 2441 654 et
2488 599 2650 655 Jared
2670 601 2837 671 genuit
2869 599 3063 654 Enoclt.
3088 598 3180 654 21.
3214 598 3284 654 Et
3308 601 3430 655 sisit
3468 598 3692 657 Eteocle

376 716 467 773 Dei
509 712 662 785 (Gen.
708 712 763 767 4.
806 709 924 781 26).
970 707 1157 763 Vidisti
1204 702 1610 774 appellationem
1660 695 1961 752 diademate

372 807 672 871 clariorem,
713 816 944 875 purpura
987 793 1446 870 splendidiorem?
1484 791 1620 861 Quid
1666 788 1824 843 fuerit
1869 785 1961 839 illo

376 898 581 955 beatius
608 895 698 968 qui
744 893 1079 950 invocatione
1118 888 1213 945 Dei
1261 893 1480 942 ornatur
1500 923 1516 949 ,
1549 881 1707 951 idque
1736 892 1831 948 pro
1862 890 1960 930 no-

375 992 519 1047 mine
546 987 827 1061 possidet?

450 1081 507 1136 Ν
510 1082 733 1136 ominum
759 1077 1015 1149 impositio
1042 1091 1212 1130 recens
1244 1072 1394 1126 natis.
1424 1067 1648 1124 Nomina
1674 1073 1964 1120 sanctorum

379 1175 499 1244 ﬁliis
523 1171 849 1244 imponenda.
880 1200 950 1211 ——
970 1169 1130 1224 Vides
1160 1166 1212 1222 id
1239 1163 1380 1236 quod
1405 1162 1473 1217 ab
1498 1160 1650 1216 initio
1674 1158 1916 1215 dicebam
1945 1197 1963 1222 ,

379 1276 433 1320 et
459 1267 511 1319 in
542 1265 719 1336 parvis
759 1258 1200 1332 appellationibus
1224 1270 1444 1327 magnas
1472 1253 1854 1309 sententiarum
1883 1250 1967 1305 di-

380 1356 534 1410 vitias
560 1355 860 1411 reconditas
886 1350 1043 1407 esse?
1067 1349 1179 1405 Non
1206 1347 1378 1404 solum
1406 1346 1548 1402 enim
1579 1344 1665 1399 hic
1692 1350 1966 1413 parentum

382 1454 706 1503 monstratur
733 1445 922 1515 pietas,
945 1441 1040 1498 sed
1069 1449 1123 1496 et
1152 1453 1341 1510 magna
1369 1451 1494 1507 erga
1521 1435 1719 1490 liberos
1743 1432 1970 1501 diligen-

384 1540 487 1605 tia;
542 1546 598 1593 et
641 1534 911 1606 quomodo
959 1532 1136 1589 statim
1181 1537 1236 1586 et
1274 1545 1305 1584 a
1350 1526 1612 1598 principio
1656 1522 1972 1579 erudiebant

381 1629 634 1700 puerulos
658 1628 748 1699 qui
788 1627 919 1696 ipsis
945 1623 1301 1679 nascebantur
1322 1662 1335 1683 ,
1360 1619 1712 1673 admonentes
1741 1629 1838 1685 per
1874 1628 1971 1683 ap-

385 1718 717 1788 pellationes,
753 1730 886 1785 quas
913 1713 1017 1767 illis
1045 1713 1428 1780 imposuerant,
1458 1715 1517 1761 ut
1545 1707 1792 1760 virtutem
1822 1718 1975 1757 exer-

385 1817 570 1863 cerent
598 1825 612 1862 :
639 1822 744 1860 non
770 1805 905 1860 sicut
934 1818 1075 1857 nunc
1104 1800 1322 1855 fortuito
1351 1807 1480 1853 etut
1506 1797 1732 1867 primum
1763 1808 1979 1848 succur-

386 1900 458 1953 rit
485 1898 701 1953 nomina
742 1895 893 1951 fiunt.
932 1894 1178 1959 Nomine,
1221 1891 1498 1960 inquiunt,
1538 1888 1621 1942 avi
1669 1886 1752 1942 vel
1797 1883 1977 1955 proavi

386 1997 605 2043 vocetur
631 2001 763 2057 puer
786 2003 805 2041 :
841 1995 895 2039 at
921 1982 1079 2054 prisci
1111 1996 1215 2036 non
1244 1981 1314 2035 ita
1337 2021 1350 2045 ,
1380 1979 1473 2034 sed
1503 1992 1716 2032 omnem
1760 1989 1975 2046 operam

387 2077 707 2133 adhibebant
734 2117 749 2140 ,
780 2084 838 2129 ut
865 2074 991 2128 talia
1036 2072 1174 2126 natis
1209 2071 1547 2140 imponerent
1573 2068 1788 2122 nomina
1814 2108 1829 2132 ,
1859 2079 1979 2136 quae

390 2185 496 2224 non
527 2167 697 2224 solum
747 2165 867 2220 illos
902 2163 990 2234 qui
1018 2162 1233 2217 nomina
1264 2159 1621 2215 sortiebantur
1647 2157 1701 2212 in
1732 2156 1979 2211 virtutem

389 2258 732 2323 adducerent,
757 2254 850 2312 sed
877 2262 931 2310 et
953 2253 1082 2309 alios
1107 2265 1316 2318 omnes,
1337 2249 1495 2306 etiam
1521 2249 1611 2320 qui
1638 2247 1982 2318 sequentibus

389 2351 598 2406 steeulis
628 2347 787 2402 futuri
818 2353 989 2411 erant,
1017 2342 1337 2399 omnimoda:
1360 2339 1710 2412 phi1050phire
1738 2338 1982 2395 doctrina

391 2450 592 2497 essent.
624 2440 681 2496 ld
708 2438 849 2510 quod
878 2438 1110 2494 sciemus
1129 2477 1143 2502 ,
1171 2435 1217 2489 si
1245 2448 1425 2490 sermo
1453 2433 1725 2503 aliquanto
1754 2431 1983 2501 amplius

394 2520 750 2602 processerit.
780 2528 942 2599 Igitur
970 2540 1071 2583 nos
1108 2539 1282 2596 neque
1323 2523 1525 2594 quaevis
1563 2522 1779 2576 nomina
1808 2520 1986 2591 pueris

395 2623 638 2678 indamus
661 2662 677 2687 ,
710 2634 883 2690 neque
911 2632 1130 2674 avorum
1155 2625 1209 2672 et
1244 2628 1560 2686 proavorum
1600 2622 1657 2668 et
1683 2626 1867 2666 eorum
1894 2611 1985 2681 qui

392 2727 593 2784 genere
639 2711 767 2767 clari
813 2709 1046 2774 fuerunt,
1102 2707 1315 2762 nomina
1368 2704 1682 2766 tribuamus,
1732 2701 1826 2756 sed
1862 2714 1987 2755 san-

395 2815 601 2860 ctorum
627 2804 885 2863 virorum,
913 2799 1003 2871 qui
1033 2797 1317 2854 virtutibus
1343 2795 1627 2860 fulserunt,
1655 2792 1987 2863 plurimaque

395 2895 534 2965 apud
582 2895 745 2949 Deum
791 2891 978 2947 liducia
1008 2889 1291 2945 valuerunt
1316 2886 1416 2958 (a).
1443 2886 1555 2940 lino
1592 2899 1766 2955 neque
1795 2884 1985 2938 horum

397 2983 698 3041 nominibus
729 2982 895 3037 lidant
920 2981 1003 3036 vel
1034 2988 1309 3049 parentes,
1352 2977 1435 3032 vel
1470 2975 1617 3046 pueri
1642 2975 1834 3044 quibus
1863 2974 1985 3029 talia

398 3075 611 3130 nomina
637 3071 973 3141 contingunt.
996 3069 1139 3124 Nihil
1159 3069 1300 3123 enim
1331 3066 1545 3137 prodest
1572 3066 1728 3120 alicui
1756 3067 1987 3120 vocabu-

401 3167 506 3221 lum
531 3166 725 3219 virtute
752 3176 996 3228 vacuum,
1039 3159 1135 3216 sed
1182 3158 1424 3215 habenda
1464 3167 1546 3213 est
1575 3157 1761 3213 salutis
1797 3171 1989 3226 exspe-

398 3255 559 3310 etalio
584 3255 639 3309 in
663 3252 872 3308 virtutis
897 3250 1210 3322 operatione
1235 3268 1248 3304 :
1278 3258 1329 3304 et
1358 3263 1529 3320 neque
1556 3249 1607 3303 in
1634 3247 1990 3319 appellatione

400 3345 627 3400 sublime
654 3358 865 3414 sapere,
896 3357 1070 3412 neque
1092 3341 1143 3395 in
1175 3343 1490 3411 cognatione
1516 3346 1822 3394 sanctorum
1846 3340 1990 3394 viro-

400 3453 540 3506 rum,
569 3452 742 3508 neque
771 3436 822 3491 in
851 3436 1027 3506 aliquo
1055 3434 1165 3490 alio
1184 3475 1200 3499 ,
1229 3433 1323 3490 sed
1351 3431 1404 3488 in
1432 3432 1627 3489 ﬁducia
1654 3434 1989 3505 propriorum

399 3546 624 3603 operum
653 3547 668 3587 :
699 3529 806 3586 imo
832 3544 1008 3600 neque
1032 3528 1083 3583 in
1106 3528 1210 3583 illis
1238 3527 1463 3582 multum
1490 3525 1559 3581 de
1577 3540 1635 3581 se
1655 3529 1872 3592 sentire,
1897 3525 1991 3582 sed

398 3625 522 3677 tunc
539 3621 707 3690 magis
723 3619 971 3674 humilem
987 3627 1038 3673 et
1051 3618 1346 3673 modestum
1363 3631 1482 3672 esse
1494 3623 1723 3685 oportet,
1742 3632 1862 3671 cum
1881 3632 1992 3671 ma-

400 3727 530 3776 gnas
556 3712 806 3767 virtutum
836 3709 1046 3765 divitias
1074 3723 1363 3779 congerere
1388 3722 1704 3777 possumus:
1750 3709 1827 3764 sic
1850 3710 1991 3763 enim

402 3809 459 3856 ct
494 3801 594 3871 ipsi
620 3800 872 3856 collectas
900 3799 1111 3854 divitias
1149 3807 1265 3853 tuto
1293 3798 1687 3866 custodiemus,
1731 3807 1785 3853 et
1826 3797 1992 3854 bene-

406 3891 692 3946 volentiam
720 3889 811 3945 Dei
839 3889 994 3945 nobis
1013 3888 1432 3944 conciliabimus.
1464 3888 1753 3944 Enimvero
1781 3897 1996 3958 propter

403 3982 507 4037 hoc
532 3990 587 4038 et
624 3980 866 4039 Christus
912 3979 1190 4052 discipulis
1229 3980 1340 4035 suis
1377 3978 1624 4036 dicebat:
1658 3978 1781 4033 Cum
1825 3981 1996 4034 omnia

405 4075 652 4143 feceritis,
701 4074 879 4141 dicite,
923 4072 1141 4129 Inutiles
1181 4074 1312 4129 servi
1355 4089 1529 4128 sumus
1555 4070 1705 4145 (Luc.
1737 4074 1821 4128 l7.
1859 4073 1991 4146 10):

405 4167 457 4220 in
483 4166 732 4221 omnibus
751 4180 935 4222 eorum
963 4165 1335 4221 confidentiam
1364 4165 1679 4234 reprimens,
1708 4172 1761 4219 et
1780 4163 1847 4219 ad
1879 4179 1995 4218 mo-

403 4257 633 4313 destiam
677 4271 773 4313 eos
800 4271 1058 4313 revocans
1078 4298 1094 4324 ,
1122 4267 1181 4312 ut
1220 4255 1374 4311 bonis
1399 4256 1650 4327 operibus
1692 4270 1797 4310 non
1826 4256 1998 4311 extol-

409 4348 607 4412 lantur,
638 4347 732 4403 sed
762 4347 933 4403 sciant
970 4349 1254 4402 maximam
1284 4348 1536 4401 virtutum
1580 4361 1700 4402 esse
1740 4348 1791 4401 in
1844 4347 1998 4402 bonis

406 4440 659 4511 operibus
690 4438 928 4495 modeste
953 4447 1008 4494 et
1035 4438 1306 4493 humiliter
1332 4451 1392 4492 se
1421 4436 1638 4492 habere.

481 4531 538 4584 4.
566 4529 739 4584 Porro
763 4529 828 4582 ad
854 4536 1163 4584 contextum
1208 4526 1471 4582 sermonis
1500 4526 1801 4593 redeamus,
1829 4536 1885 4582 et
1917 4529 1998 4582 vi-

409 4621 635 4677 deamus
664 4634 758 4674 eos
784 4619 875 4688 qui
906 4626 1087 4688 postea
1110 4619 1217 4671 nati
1243 4625 1385 4672 sunt.
1414 4616 1695 4672 Probabile
1723 4624 1806 4672 est
1831 4618 1996 4684 enim,

409 4730 512 4770 nos
552 4712 807 4783 paulatim
857 4710 1196 4781 procedendo
1241 4710 1473 4780 majores
1526 4710 1833 4766 inventuros
1880 4724 2001 4767 esse

416 4806 700 4860 thesauros
721 4811 773 4859 et
802 4803 1089 4859 immensas
1115 4800 1346 4856 divitias.
1377 4800 1430 4857 9.
1472 4800 1537 4854 Et
1572 4801 1694 4855 vixit
1722 4800 1879 4869 Enos,
1919 4801 2002 4855 hic

414 4897 560 4951 Sethi
574 4895 735 4966 ﬁlius,
770 4911 929 4948 annos
955 4902 1154 4947 centum
1179 4893 1474 4965 nonaginta,
1497 4902 1543 4947 et
1568 4893 1739 4964 genuit
1767 4892 1999 4960 Cainam,

475 4987 558 5062 (τ’).
583 4987 712 5049 0⁸³οά
735 4987 812 5062 δίίξ
832 4985 1849 5062 “Ecliliii’slf’f‘l‘li‘,2.-'19’P§"E§§?°FPP‘P
1872 4996 2002 5062 ,ἓδὲεῗ

415 5046 1076 5111 ﬁliis'impoueuda,factunt
1097 5046 1498 5111 deprehenditur
1515 5058 1661 5111 supra
1692 5053 1838 5096 Tomo
1869 5046 1915 5096 II
1953 5048 2003 5096 in

416 5105 638 5161 Encomio
652 5119 697 5160 S.
716 5108 803 5159 Mel
827 5105 907 5158 ~t‘ii.
928 5115 1100 5169 Locum
1118 5105 1230 5157 huic
1252 5105 1533 5169 illustraudo
1557 5105 1662 5157 luco
1682 5116 2003 5169 Opportunum

415 5172 494 5221 hic
516 5171 781 5239 afl'erimus.
805 5173 885 5220 sic
903 5182 1024 5231 ergo
1045 5167 1229 5231 legitur
1252 5166 1397 5238 paulo
1421 5176 1531 5239 post
1568 5166 1766 5239 initium:
1792 5168 2003 5239 humilia:

417 5234 805 5284 Encomiastlcaez
836 5240 952 5293 Nam
967 5229 1083 5280 cum
1104 5229 1216 5293 eum
1245 5229 1276 5279 ἀ
1306 5229 1544 5293 principio
1575 5229 1625 5278 in
1657 5229 1897 5293 ciuitatem
1930 5229 2004 5293 in-

415 5306 635 5357 gressum
655 5289 1328 5357 excepissetis,_unusquisqu_e
1352 5289 1507 5357 lilium
1529 5304 1669 5340 suum
1690 5292 1794 5357 ejus
1816 5290 2005 5357 nomine

418 5350 707 5464 agiteadem,
731 5350 818 5415 per
841 5350 1209 5418 appellationem
1230 5350 1511 5403 existimans
1534 5350 1857 5414 unusqiisque
1878 5366 1931 5403 se
1953 5351 2004 5401 in

420 5430 435 5463 ι
484 5426 616 5463 mum
631 5427 770 5464 suam
789 5422 1006 5464 sanctum
1021 5413 1345 5464 introducere.
1364 5413 1613 5464 missisque
1631 5413 1865 5464 patribus.
1885 5413 2002 5464 avis.

420 5413 616 5464 domum
631 5413 770 5476 suam
789 5413 1006 5476 sanctum
1021 5413 1345 5476 introducere,
1364 5413 1613 5476 missisque
1631 5413 1865 5476 patribus,
1885 5413 2002 5476 auis,

423 5482 467 5523 et
491 5474 699 5537 proavis,
723 5482 900 5525 matres
925 5474 1055 5525 beati
1074 5474 1249 5537 Meletii
1276 5487 1453 5537 nomen
1468 5473 1768 5537 imponebant
1807 5473 2002 5537 liberis,

422 5535 540 5599 quos
570 5542 872 5599 pepererant.
898 5543 1128 5599 Naturam
1149 5535 1276 5586 enim
1300 5535 1514 5599 tinceoat
1538 5548 1682 5599 amor
1708 5535 1897 5599 pietatis
1914 5569 1943 5599 ,Α
1959 5542 2007 5586 et

425 5595 651 5667 deinceps
670 5595 1104 5667 qm’__na_scebmttt_qj,
1130 5609 1223 5646 non
1245 5596 1458 5667 naturali
1477 5596 1633 5648 solum
1655 5595 1995 5667 benevolentia,

420 5655 873 5722 sctljetiam'aﬁ'ectu
894 5670 1010 5722 erga
1030 5657 1164 5708 illam
1204 5657 1602 5721 appellationem,
1629 5665 1768 5707 erant
1790 5657 1898 5722 cari
1917 5670 2004 5719 pa-

416 5716 642 5782 rentibus.
686 5723 847 5782 Ipsum
867 5716 994 5782 enim
1014 5730 1191 5782 nomen
1206 5716 1252 5767 et
1270 5716 1609 5782 ornamentum
1631 5716 1941 5782 cogitationis,
1961 5725 2005 5768 ιιι

419 5781 603 5832 mdium
621 5775 826 5842 tutelam
844 5812 858 5832 ,
881 5784 926 5825 et
948 5780 1016 5830 ita
1038 5778 1215 5829 vocatis
1236 5778 1438 5831 salutem
1458 5818 1471 5842 ,
1497 5787 1543 5832 et
1578 5775 1757 5831 amoi'is
1785 5779 2004 5831 solatium

412 5844 517 5889 “se
548 5833 904 5891 existirrtrtbmit.

2062 708 2210 745 annis
2236 700 2433 745 centum
2460 692 2722 762 sexaginta
2747 692 2966 760 quinque
2984 732 3000 758 ,
3047 702 3095 746 et
3119 692 3289 762 genuit
3337 692 3689 749 Mathusala.

2062 782 2152 836 22.
2176 781 2381 836 Placuit
2398 792 2563 835 autem
2582 781 2756 837 Enoclt
2785 782 2913 837 Deo.
2938 782 3004 837 Et
3024 784 3145 838 vixit
3161 783 3361 850 Enoclt,
3387 796 3689 856 postquam

2064 874 2238 945 genuit
2265 872 2578 942 Mathusala,
2607 876 2757 929 annis
2784 875 3029 941 ducentis,
3064 885 3110 929 et
3137 877 3306 947 genuit
3334 877 3468 946 ﬁlios
3494 886 3555 932 et
3614 877 3695 946 ﬁ-

2067 969 2181 1022 lias.
2207 967 2299 1024 23.
2331 967 2396 1021 Et
2412 972 2614 1039 fuerunt
2641 969 2749 1025 dies
2773 968 2953 1024 Enoch
2974 971 3180 1024 trecenti
3218 973 3478 1043 sexaginta
3506 973 3691 1038 quitr-

2066 1075 2179 1131 que.
2207 1060 2298 1114 ει.
2341 1057 2409 1113 Et
2453 1059 2645 1131 placuit
2675 1058 2854 1114 Enoch
2898 1058 3029 1125 Deo,
3069 1070 3117 1114 et
3148 1077 3251 1115 non
3293 1065 3524 1117 inventus
3559 1071 3689 1128 est,

2067 1150 2185 1218 quia
2215 1151 2470 1204 transtulit
2511 1150 2654 1205 illum
2704 1148 2862 1205 Deus.
2889 1149 3025 1206 Num
3073 1150 3213 1207 bene
3243 1152 3507 1216 dicebam,
3570 1167 3695 1207 nos

2069 1240 2410 1312 procedendo
2459 1255 2713 1312 magnum
2754 1241 3062 1297 thesaurum
3099 1244 3151 1297 in
3210 1243 3314 1299 illis
3354 1244 3696 1300 nominibus

2073 1333 2382 1387 inventuros
2408 1333 2563 1388 esse?
2585 1333 2965 1389 Animadverte
2984 1335 3147 1399 enim,
3177 1334 3423 1401 obsecro,
3448 1335 3566 1399 hic,
3595 1334 3694 1389 di»

2075 1422 2233 1485 lecte,
2278 1431 2332 1478 et
2369 1422 2498 1493 justi
2550 1424 2800 1478 virtutem
2830 1431 2886 1480 et
2921 1424 3051 1479 boni
3094 1425 3191 1480 Dei
3212 1425 3479 1495 ingentem
3505 1423 3694 1480 beni-

2074 1515 2332 1585 gnitatem
2359 1555 2375 1580 ,
2406 1524 2460 1570 et
2503 1514 2794 1586 Scriptura:
2825 1516 3174 1586 diligentiam.
3223 1516 3293 1572 Et
3317 1519 3439 1572 vixit
3483 1517 3696 1572 Enoeh

2077 1605 2224 1659 annis
2253 1614 2450 1660 centum
2467 1607 2732 1676 sexaginta
2770 1609 3018 1678 quinque,
3047 1617 3097 1664 et
3131 1609 3303 1680 genuit
3345 1608 3692 1665 Mathusala'.

2083 1694 2148 1749 Et
2179 1697 2366 1765 placuit
2408 1695 2585 1750 Enoclt
2632 1695 2743 1751 Deo
2764 1737 2781 1764 ,
2832 1707 3096 1768 postquam
3125 1700 3297 1770 genuit
3344 1698 3692 1756 Mathulasa.

2154 1785 2363 1856 Nuptae
2376 1804 2477 1841 non
2496 1789 2549 1841 in
2571 1804 2724 1843 causa
2746 1799 2860 1843 sunt
2884 1790 3152 1861 quominus
3171 1790 3395 1845 homines
3416 1790 3527 1846 Deo
3553 1794 3694 1861 plu-

2082 1879 2567 1934 ceant.—Audiant
2593 1878 2690 1935 viri
2716 1890 2770 1937 et
2794 1882 3068 1949 mulieres,
3098 1892 3153 1938 et
3184 1883 3389 1940 discant
3406 1885 3538 1955 justi
3569 1886 3695 1941 vin-

2085 1979 2250 2024 tutem
2272 2010 2287 2036 ,
2323 1984 2421 2024 nec
2449 1980 2635 2040 putent
2676 1971 2889 2041 nuptias
2932 1973 2984 2027 in
3020 1988 3180 2028 causa
3226 1988 3347 2030 esse
3381 1977 3694 2044 quominus

2084 2062 2204 2132 quis
2252 2060 2365 2118 Deo
2393 2062 2620 2133 placeat.
2664 2062 2796 2118 Nam
2827 2064 3024 2120 idcirco
3051 2065 3228 2121 divina
3280 2066 3559 2139 Scriptura
3589 2084 3695 2125 se-

2084 2153 2190 2209 mel
2233 2153 2500 2210 etiterum
2528 2154 2583 2210 id
2627 2155 2946 2226 significavit
2970 2156 3198 2214 dicens:
3234 2158 3430 2217 Genuil
3458 2162 3693 2217 Mathu-

2086 2246 2218 2314 sala,
2245 2255 2302 2303 et
2342 2254 2469 2302 tunc
2491 2248 2707 2317 placuit.
2754 2247 2818 2302 Et
2848 2247 2987 2304 idem
3020 2250 3311 2320 ingeminat
3346 2268 3411 2309 ac
3447 2257 3695 2325 repetit,

2087 2340 2274 2397 dicens
2307 2358 2323 2395 :
2353 2340 2421 2397 Et
2471 2341 2661 2411 placuit
2689 2351 2951 2413 postquam
2994 2345 3172 2416 genuit
3201 2359 3222 2400 :
3246 2356 3304 2400 ut
3334 2361 3403 2402 ne
3430 2348 3553 2418 quis
3586 2362 3694 2403 ar-

2089 2430 2316 2487 bitretur
2357 2431 2692 2486 obstaculum
2723 2432 2905 2488 virtuti
2944 2448 3069 2490 esse
3093 2435 3422 2507 conjugium.
3459 2436 3581 2505 Qua
3643 2437 3694 2492 si

2089 2522 2254 2578 sobrii
2283 2536 2489 2588 sumus,
2528 2537 2700 2593 neque
2739 2523 3007 2591 educatio,
3038 2536 3212 2597 neque
3227 2526 3557 2599 coniugium,
3586 2543 3694 2584 nc-

2090 2626 2195 2683 que
2235 2612 2380 2668 aliud
2423 2612 2550 2683 quid
2600 2614 2754 2669 nobis
2792 2614 2985 2682 oberit,
3033 2618 3318 2687 quominus
3369 2619 3695 2688 placeamus

2093 2704 2226 2760 Deo.
2254 2703 2394 2760 Ecce
2438 2705 2584 2760 enim
2626 2714 2681 2761 et
2702 2704 2787 2761 hic
2811 2706 3049 2777 ejusdem
3076 2718 3281 2765 natura;
3331 2719 3481 2777 erat,
3523 2712 3695 2781 cujus

2090 2804 2145 2851 et
2177 2809 2274 2851 nos
2300 2810 2484 2851 sumus
2517 2813 2532 2850 :
2560 2805 2613 2852 et
2641 2812 2815 2868 neque
2835 2798 2918 2854 lex
2947 2799 3137 2855 tradita
3167 2809 3302 2866 erat,
3338 2817 3510 2873 neque
3537 2801 3697 2858 Scri—

2095 2893 2262 2954 pturte
2290 2885 2573 2954 docebant,
2614 2903 2789 2958 neque
2830 2889 2973 2944 aliud
2999 2890 3288 2961 quidquam
3317 2892 3379 2948 ad
3404 2896 3699 2964 sapientia:

2095 2978 2552 3051 philosophiteque
2581 2980 2810 3036 studium
2838 2981 3155 3039 deducebat.
3187 2983 3263 3038 Ex
3292 2998 3371 3051 se,
3393 2993 3451 3040 et
3488 3001 3556 3042 ex
3584 3002 3695 3040 vo-

2095 3072 2297 3127 luntate
2328 3073 2495 3144 ipsius
2539 3073 2838 3144 profectum
2878 3083 2962 3130 est
2993 3075 3134 3147 quod
3167 3076 3278 3132 Deo
3303 3077 3577 3147 placeret,
3617 3080 3698 3134 ita

2095 3172 2153 3218 ut
2180 3178 2348 3232 usque
2390 3163 2549 3219 hodie
2568 3166 2711 3219 vivat
2736 3165 2970 3221 nondum
2992 3174 3220 3223 mortem
3256 3179 3526 3238 expertus.
3547 3169 3692 3224 Nam

2093 3254 2140 3309 si
2167 3255 2385 3325 nuptite,
2411 3253 2619 3321 dilecti,
2670 3257 2756 3311 vel
2785 3270 3073 3326 puerorum
3114 3257 3360 3315 educatio
3382 3300 3398 3326 ,
3451 3260 3694 3330 impedi-

2096 3355 2337 3401 mentum
2383 3345 2560 3401 forent
2603 3346 2656 3402 in
2700 3347 2953 3402 virtutum
2983 3348 3209 3416 itinere,
3250 3364 3585 3421 nequaquam
3637 3353 3697 3405 in

2097 3437 2236 3493 hanc
2263 3446 2502 3494 nostram
2527 3438 2691 3493 vitam
2721 3439 2930 3509 nuptias
2975 3440 3365 3498 introduxisset
3403 3443 3688 3498 universo-

2097 3544 2216 3583 rum
2263 3529 2521 3597 Creator,
2550 3536 2608 3584 ut
2634 3545 2703 3584 ne
2743 3529 2795 3584 in
2835 3530 2995 3586 rebus
3036 3531 3317 3600 praecipuis
3361 3542 3416 3588 et
3454 3533 3694 3588 maxime

2098 3622 2419 3677 necessariis
2445 3636 2542 3676 nos
2595 3621 2832 3677 laederet.
2873 3620 2978 3678 Sed
3017 3623 3140 3693 quia
3182 3638 3289 3679 non
3337 3624 3511 3679 soluat
3552 3624 3692 3679 nihil

2099 3714 2255 3768 nobis
2279 3713 2494 3769 obstant
2520 3712 2587 3768 ad
2633 3712 3122 3784 philosophandum
3164 3715 3456 3770 secundum
3492 3715 3691 3784 Deum,

2099 3805 2143 3858 si
2171 3804 2500 3859 voluerimus
2528 3818 2653 3861 esse
2678 3805 2866 3873 sobrii,
2915 3806 3017 3862 sed
3063 3815 3119 3861 et
3172 3821 3419 3878 magnam
3456 3806 3694 3863 aderunt

2099 3897 2545 3965 consolationem,
2567 3898 2691 3953 dum
2714 3900 3076 3971 comprimunt
3094 3902 3339 3956 insanum
3366 3910 3569 3957 natura:
3586 3903 3695 3957 im-

2098 3998 2302 4061 petum,
2347 4004 2447 4045 nec
2474 3990 2674 4046 turbari
2717 3992 2867 4063 quasi
2899 4006 3048 4048 mare
3070 3993 3275 4061 sinunt,
3315 3993 3411 4048 sed
3444 3994 3694 4049 elliciunt

2101 4090 2161 4136 ut
2186 4081 2383 4153 scapha
2410 4082 2641 4139 feliciter
2663 4086 2719 4139 in
2759 4093 2969 4154 portum
3010 4084 3267 4154 appellat,
3292 4084 3413 4140 ideo
3439 4085 3692 4141 consola-

2104 4174 2299 4229 tionem
2333 4174 2470 4230 hanc
2502 4173 2738 4231 humano
2760 4174 2945 4246 generi
2995 4175 3197 4233 tribuit.
3222 4175 3375 4243 Quod
3402 4191 3562 4247 quam
3588 4192 3690 4234 ve-

2103 4281 2221 4320 rum
2253 4267 2343 4333 sit,
2381 4266 2619 4323 ostendit
2654 4266 2830 4336 justus
2856 4265 2965 4323 ille.
3008 4266 3141 4335 Quia
3165 4276 3465 4339 postquam,
3496 4269 3692 4339 inquit.

2100 4363 2287 4433 genuit
2330 4361 2622 4419 Mathusala
2643 4404 2659 4429 ,
2690 4362 2887 4433 placuit
2912 4361 3023 4418 Deo
3050 4361 3265 4429 Enoch,
3312 4377 3486 4434 neque
3523 4376 3691 4435 parvo

2101 4468 2363 4509 annorum
2394 4468 2618 4510 numero
2642 4453 2695 4509 in
2726 4453 2979 4509 virtutum
3020 4454 3276 4511 exercitio
3304 4456 3686 4525 perseveravit,

2102 4545 2196 4602 sed
2213 4546 2365 4614 vixit,
2387 4546 2573 4616 inquit,
2593 4545 2746 4600 annis
2765 4543 3099 4601 ducentis.Et
3117 4545 3239 4616 quia
3258 4555 3377 4617 post
3396 4555 3693 4617 transgres-

2104 4639 2311 4694 sionem
2338 4638 2470 4693 Adae
2500 4637 2746 4694 inventus
2779 4644 2864 4694 est
2906 4638 3066 4693 homo
3098 4638 3186 4708 qui
3211 4637 3279 4693 ad
3304 4639 3555 4694 virtutum
3577 4638 3694 4693 cul-

2102 4745 2225 4786 men
2243 4729 2573 4796 ascenderet,
2593 4738 2647 4784 et
2666 4730 2825 4800 primi
2838 4730 3075 4800 parentis
3099 4739 3373 4799 peccatum
3390 4738 3691 4798 revocaret,

2104 4821 2175 4878 ob
2216 4836 2336 4877 eam
2363 4835 2520 4892 quam
2547 4820 2687 4891 apud
2718 4820 2886 4875 Deum
2914 4819 3144 4875 habebat
3167 4821 3414 4891 gratiam,
3446 4821 3568 4875 vide
3588 4820 3689 4876 bo-

2106 4915 2160 4969 ni
2209 4913 2302 4969 Dei
2341 4912 2692 4968 excellentem
2735 4911 3095 4968 clementiam.
3127 4910 3260 4967 Nam
3312 4912 3433 4982 quia
3492 4911 3694 4966 invenit

2105 5006 2335 5077 aliquem
2378 5004 2466 5076 qui
2497 5005 2671 5075 potuit
2717 5012 2991 5073 peccatum
3036 5003 3168 5058 Adte
3195 5016 3449 5058 revocare
3484 5018 3498 5054 :
3535 5017 3689 5057 mou-

2106 5095 2324 5151 strando
2360 5109 2424 5151 re
2447 5094 2557 5166 ipsa
2585 5095 2707 5164 quia
2734 5108 2839 5149 non
2863 5092 3051 5149 volens
3078 5103 3304 5148 mortem
3345 5091 3577 5147 humano
3603 5106 3695 5162 ge

2106 5188 2223 5244 neri
2255 5188 2449 5242 inferre
2474 5196 2695 5257 propter
2740 5185 2974 5240 mandati
3018 5184 3531 5256 transgressionem,
3569 5197 3691 5238 eum

2106 5281 2194 5351 qui
2219 5281 2524 5335 mandatum
2550 5286 2830 5350 acceperat
2853 5277 3308 5339 condemnaverit,
3340 5276 3480 5331 hunc
3506 5277 3693 5331 viven-

2111 5383 2215 5429 tem
2262 5372 2535 5428 translert.
2569 5371 2640 5426 Et
2675 5368 2901 5442 placuit,
2932 5370 3122 5442 inquit,
3154 5369 3329 5424 Enoch
3351 5367 3460 5423 Deo
3481 5410 3495 5435 ,
3528 5379 3693 5423 etnon

2106 5466 2338 5520 inventus
2374 5475 2468 5532 est,
2499 5481 2557 5520 eo
2595 5463 2733 5534 quod
2759 5463 3014 5517 transtulit
3047 5461 3196 5517 illum
3218 5460 3377 5517 Deus.
3421 5461 3578 5516 Vides
3606 5475 3693 5515 sa-

2109 5555 2360 5625 pientiam
2379 5555 2630 5611 Domini?
2646 5554 2920 5611 Viventem
2941 5554 3230 5622 transtulit,
3257 5568 3364 5609 non
3380 5551 3692 5609 immortali-

2110 5657 2273 5702 tatem
2312 5648 2533 5718 largitus
2563 5654 2678 5715 est,
2729 5662 2798 5702 ne
2844 5647 3095 5717 peccandi
3143 5633 3344 5701 metum
3394 5652 3688 5705 enervat-et,

2109 5740 2200 5795 sed
2230 5741 2472 5795 timorem
2491 5740 2541 5794 in
2561 5740 2792 5795 humano
2808 5754 3003 5810 genere
3022 5740 3284 5812 vigentem
3315 5736 3548 5807 reliquit.
3570 5736 3692 5791 Pro-

2109 5842 2227 5904 pter
2256 5830 2357 5888 boc
2405 5830 2596 5886 iterum
2642 5831 2885 5896 obscure,
2920 5839 2977 5885 ut
3019 5831 3086 5885 ita
3127 5828 3330 5895 dicam,
3376 5838 3427 5883 et
3475 5826 3700 5880 latenter
