4110 6442
522 409 613 466 181
1331 409 1387 465 S.
1429 410 1716 468 JOANNIS
1756 407 2239 468 CIIBYSOSTOMI
2281 408 2606 464 ARCHIEP.
2646 410 3189 469 CONSTANTINOP.
3859 422 3956 472 132

520 529 815 598 ἀπόφασιν.
841 524 907 596 ἢν
937 522 1078 578 κατά
1105 522 1201 578 τοῦ
1242 524 1411 596 ’Δδάμ
1432 525 1713 597 ἐξήνεγκε.
1762 525 1903 579 Ἀλλ’
1946 524 2006 578 οὐ
2040 527 2184 578 ποιεῖ
2291 523 2562 593 νομοῦντι.
2617 525 2728 581 Καὶ
2753 526 3009 581 ἐκάλεσε
3039 528 3103 581 τὸ
3127 527 3314 595 ὄνομα
3340 528 3527 583 αὐτοῦ
3561 530 3691 584 Νῶε
3714 547 3727 560 ·
3783 534 3952 602 ἐρμη-

516 616 648 672 αὐτδ
675 611 929 687 φανερὸν,
963 613 1052 665 ἴνα
1095 611 1125 665 ὁ
1155 611 1316 682 φόϐος
1347 612 1470 665 ἀντὶ
1510 611 1887 685 σωφρονισμοῦ
1936 612 2159 680 γένηται

516 703 612 756 Διά
657 702 816 755 τοῦτο
844 698 1287 773 εὐαρεστήσαντα
1336 699 1425 752 τὸν
1464 698 1632 769 Ἑνὼχ
1663 699 1978 770 μετέθηκεν.
2033 699 2094 750 Εἰ
2126 695 2180 749 δέ

512 807 594 854 τις
627 788 867 859 βούλοιτο
894 785 1374 858 περιεργάζεσθαι,
1406 786 1500 840 καὶ
1528 786 1733 855 λέγειν,
1771 788 1862 839 καὶ
1889 784 1991 838 ποῦ
2016 783 2179 837 αὐτὸν

515 875 816 947 μετέθηκε;
851 875 944 928 καὶ
972 875 1020 927 εί
1044 873 1205 945 μέχρι
1237 873 1331 926 τοῦ
1366 874 1629 945 παρόντος
1653 873 1937 946 διήρκεσε;
1971 871 2179 945 μανθα-

513 963 648 1017 νέτω
688 963 762 1035 μὴ
796 963 1073 1032 λογισμοῖς
1096 962 1456 1033 ἀνθρωπίνοις
1481 961 1927 1025 κατακολουθεῖν,
1958 962 2053 1015 καὶ
2107 959 2179 1015 τά

509 1050 659 1123 παρά
688 1051 782 1104 τοῦ
831 1048 965 1104 Θεοῦ
1013 1050 1507 1121 πολυπραγμονεῖν,
1541 1049 1675 1103 ἀλλά
1731 1052 2011 1105 πιστεύειν
2061 1052 2176 1117 τοῖς

509 1138 838 1209 λεγομένοις.
866 1138 1035 1191 Ὅταν
1064 1137 1171 1207 γὰρ
1196 1139 1225 1189 ό
1246 1136 1377 1200 Θεὸς
1398 1138 1768 1207 ἀποφαίνηταί
1793 1156 1865 1201 τι,
1890 1141 1951 1193 οὐ
1976 1140 2059 1193 δεῖ
2081 1141 2177 1193 ἀνο

507 1225 781 1279 τιϐλέπειν
810 1226 921 1287 τοῖς
948 1224 1190 1293 ῥηθεῖσιν
1213 1265 1228 1289 ,
1258 1223 1397 1277 ἀλλά
1419 1224 1488 1278 τὰ
1526 1226 1679 1295 παρά
1713 1225 1807 1279 τοῦ
1851 1226 1987 1280 Θεοῦ
2024 1226 2177 1296 λεγό-

507 1334 643 1387 μενα
668 1315 1081 1385 ἀξιοπιστότερα
1108 1314 1381 1384 ἡγεῖσθαι,
1413 1314 1519 1368 κᾶν
1554 1314 1629 1386 μὴ
1646 1314 1904 1387 φαίνηται
1935 1315 2045 1369 τῶν
2069 1316 2175 1369 ὐπὸ

505 1407 614 1467 τοῖς
637 1402 935 1472 ὀφθαλμοῖς
963 1402 1232 1472 κειμένων
1262 1404 1374 1465 τοῖς
1404 1402 1714 1474 ἡμετέροις.
1748 1403 1871 1456 Ὅτι
1907 1403 2016 1474 γάρ
2046 1420 2167 1475 μετα

502 1492 698 1560 έθηκεν
749 1490 909 1545 αὐτὸν
950 1485 1103 1543 εἶπεν
1142 1492 1174 1560 ή
1205 1489 1324 1543 θεία
1352 1489 1543 1561 Γραφὴ
1566 1530 1581 1553 ,
1618 1492 1711 1543 καὶ
1746 1492 1827 1545 δτι
1867 1491 2044 1555 ζῶντα
2078 1510 2173 1560 με-

503 1579 717 1648 τέθηκε,
765 1579 859 1633 καὶ
894 1578 1086 1649 πεῖραν
1125 1577 1201 1649 μὴ
1238 1577 1469 1631 λαϐόντα
1496 1577 1746 1640 θανάτου,
1781 1578 1917 1631 ἀλλά
1962 1579 2049 1632 διὰ
2076 1580 2172 1649 τῆς

500 1666 707 1728 οἰκείας
733 1665 1147 1736 εὐαρεστήσεως
1171 1662 1446 1735 ἀνώτερον
1466 1663 1724 1731 γεγονότα
1751 1665 1847 1735 τῆς
1875 1666 2172 1735 ἐξενεχθεί-

505 1769 603 1821 σης
646 1750 976 1821 ἀποφάσεως
1028 1749 1169 1804 κατά
1199 1749 1293 1803 τοῦ
1326 1748 1432 1803 τῶν
1461 1748 1765 1821 ἀνθρώπων
1793 1752 2003 1819 γένους.
2063 1751 2168 1806 Ποῦ

501 1838 557 1891 ῖέ
581 1838 743 1892 αὐτὸν
776 1837 1097 1908 μετέθηκεν,
1124 1838 1217 1890 καὶ
1246 1838 1393 1901 ὅπως
1426 1835 1520 1891 νῦν
1549 1837 1727 1907 διάγει
1746 1837 1904 1892 τοῦτο
1928 1839 1985 1891 οὐ
2011 1856 2173 1909 πρυσο

500 1928 717 1999 έθηκεν.

570 2024 630 2071 ε’.
666 2012 820 2078 Εἶδες
866 2015 1177 2086 ἀγαθότητα
1215 2015 1504 2080 Δεσπότου,
1542 2014 1657 2079 πῶς
1680 2014 1854 2085 εὑρὼν
1875 2015 2041 2086 ἄνδρα
2068 2017 2169 2087 τὴν

495 2104 696 2176 ἀρετὴν
716 2102 1117 2175 κατωρθωκότα
1134 2140 1148 2165 ,
1170 2103 1270 2156 οὐκ
1290 2102 1662 2173 ἀπεστέρησεν
1697 2102 1857 2156 αὐτὸν
1873 2103 1968 2173 τῆς
1986 2103 2162 2170 ἀξίας,

495 2193 561 2262 ἢν
592 2192 670 2263 τῷ
701 2190 1110 2262 πρωτοπλάστῳ
1160 2190 1453 2262 ἐχαρίσατο
1502 2192 1610 2261 πρὸ
1655 2191 1754 2262 τῆς
1800 2190 2167 2262 παραϐάσεως

494 2281 590 2350 τῆς
619 2278 871 2347 ἐντολῆς,
906 2277 1170 2331 διδάσκων
1205 2279 1386 2349 ἡμᾶς,
1434 2278 1515 2332 ὅτι
1536 2280 1805 2343 κάκεῖνος,
1838 2280 1888 2331 εί
1943 2279 2019 2351 μὴ
2065 2281 2164 2350 τὴν

494 2368 708 2438 ἀπάτην
746 2365 1081 2436 προετίμησε
1126 2365 1225 2435 τῆς
1257 2364 1502 2435 δοθείσης
1540 2365 1797 2436 ἐντολῆς,
1827 2366 1938 2419 τῶν
1985 2367 2165 2421 αὐτῶν

493 2452 558 2508 ἂν
588 2453 840 2524 ὴξίωτοῆ
878 2454 971 2506 καὶ
1005 2452 1305 2522 μειζόνων;
1359 2452 1470 2506 Καὶ
1513 2453 1708 2520 ἔζησε,
1742 2456 1894 2525 φησὶ,
1930 2458 2164 2510 Μαθου-

495 2540 656 2595 σάλα
702 2541 805 2609 ἐτη
858 2540 1075 2594 ἑκατὸν
1112 2539 1485 2609 ὀγδοήκοντα
1529 2540 1699 2602 ἑπτὰ,
1739 2542 1835 2595 καί
1870 2543 2163 2611 ἐγέννησε

494 2627 601 2682 τὸν
628 2627 830 2698 Λάμεχ
845 2647 858 2660 ο
884 2628 979 2681 καί
997 2627 1173 2695 ἔζησε
1190 2626 1390 2696 Λάμεχ
1411 2628 1515 2694 ἐτη
1537 2629 1643 2681 ἐπα
1654 2628 1754 2681 τὸν
1774 2629 2161 2700 ὀγδοήκοντα,

492 2716 587 2769 καί
618 2715 948 2787 ἐγέννησεν
975 2715 1129 2780 υἱὸν,
1156 2715 1253 2768 καὶ
1281 2715 1634 2784 ἐπωνόμασε
1667 2716 1731 2769 τὸ
1765 2716 1949 2787 ὄνομα
1977 2718 2161 2774 αὐτοῦ

493 2803 637 2862 Νῶε.
672 2802 867 2873 λέγων
891 2817 905 2834 ·
950 2797 1140 2869 Οὗτος
1173 2802 1249 2871 δὴ
1284 2803 1666 2858 ἀναπαύσειιι
1704 2805 1861 2874 ἡμᾶς
1892 2806 2010 2861 ἀπὸ
2044 2807 2162 2861 τῶν

490 2890 845 2965 [188]ἕργων
877 2890 1065 2961 ἡμῶν,
1088 2891 1181 2945 καί
1209 2891 1327 2948 ἀπὸ
1350 2890 1466 2944 τῶν
1492 2892 1781 2961 λυπηρῶν
1800 2893 1919 2948 τῶν
1949 2895 2162 2963 χειρῶν

490 2977 678 3048 ἡμῶν,
721 2979 818 3032 καί
861 2978 979 3033 ἀπὸ
1027 2978 1140 3048 τῆς
1167 2977 1301 3048 τῆς,
1359 2974 1436 3048 ἧς
1469 2980 1852 3049 κατηράσατο
1881 2983 2095 3049 Κύριος
2127 2988 2160 3039 ὀ

489 3066 654 3130 Θεός.
691 3066 832 3136 Ὅρα
859 3065 1019 3120 πάλιν
1051 3064 1138 3117 διὰ
1165 3065 1265 3135 τῆς
1300 3067 1667 3138 προσηγορίας
1699 3067 1794 3121 τοῦ
1825 3069 1919 3122 νῦν
1943 3069 2162 3139 τεχθέν-

489 3169 577 3218 τος
604 3151 711 3207 ὑπὸ
738 3152 831 3205 τοῦ
859 3153 1049 3223 Λάμεχ
1076 3152 1389 3223 μυστηρίων
1417 3154 1477 3206 τὺ
1508 3154 1752 3225 μέγεθος,
1781 3158 1875 3211 καὶ
1910 3160 2158 3229 προρρή-

489 3254 627 3301 σεως
656 3238 981 3310 ὑπερϐολὴν,
1022 3240 1117 3293 καὶ
1146 3240 1551 3311 φιλανθρωπίαν
1581 3242 1785 3311 ἄφατον
1817 3244 1911 3297 τοῦ
1950 3244 2157 3313 ἀγαθοῦ

488 3325 642 3380 Θεοῦ.
702 3325 917 3397 Ἐπειδὴ
965 3326 1075 3397 γὰρ
1123 3328 1190 3398 τῇ
1230 3327 1407 3399 οἰκείᾳ
1451 3331 1847 3399 προγνώσειτά
1893 3332 2157 3402 μέλλοντα

487 3412 763 3484 προεώρα,
798 3412 918 3466 ἰδὼν
941 3412 1037 3484 τὴν
1071 3413 1268 3468 κακίαν
1295 3415 1404 3468 τῶν
1437 3416 1739 3487 ἀνθρώπιον
1763 3418 2155 3491 αὐξανομένην,

487 3500 742 3570 προλέγει
779 3500 868 3554 διὰ
908 3501 1007 3571 τῆς
1034 3500 1128 3553 τοῦ
1168 3501 1357 3565 παιδὸς
1383 3499 1753 3576 ⁴τιέροσηγορίαις
1793 3506 1860 3559 τά
1896 3507 2158 3577 μέλλοντα

487 3586 899 3657 καταλήψεσθαι
932 3585 1078 3640 κακά
1122 3586 1268 3640 ἅπαν
1295 3587 1356 3640 τὸ
1387 3588 1495 3642 τῶν
1529 3590 1831 3661 ἀνθρώπων
1861 3593 2037 3660 γένος,
2071 3595 2158 3649 ἵνα

485 3674 589 3728 κᾶν
637 3673 716 3744 τῷ
759 3674 908 3745 φόϐῳ
939 3674 1399 3744 σωφρονισθέντες
1429 3675 1770 3746 ἀπόσχωνται
1798 3681 1896 3751 τῆς
1937 3679 2155 3747 κακίας,

484 3760 713 3814 ἕλωνται
741 3760 799 3812 δέ
822 3758 917 3830 τὴν
943 3759 1162 3830 ἀρετήν.
1195 3760 1306 3813 Καὶ
1326 3760 1428 3830 δρα
1452 3761 1830 3833 μακροθυμίαν
1860 3766 2154 3833 Δεσπότου,

484 3844 591 3916 πρὸ
618 3846 785 3898 πόσου
820 3844 1010 3916 χρόνου
1040 3844 1139 3914 τὴν
1170 3846 1475 3917 πρόρρησιν
1497 3847 1926 3916 γενέσθαιποιεῖ,
1946 3852 2032 3906 ῖνα
2063 3854 2157 3907 καὶ

482 3936 583 4006 τὴν
637 3935 845 3987 οἰκείαν
909 3932 1242 4004 ἐπιδείξηται
1296 3935 1706 4007 φιλανθρωπίαν
1743 3982 1758 4004 ,
1814 3939 1911 3993 καὶ
1974 3939 2156 4012 πάσης

482 4022 778 4092 ἀπολογίας
837 4024 1185 4095 ἀποστερήσῃ
1227 4023 1355 4088 τοὺς
1399 4024 1497 4097 τὴν
1543 4026 1813 4098 τιμωρίαν
1863 4028 2156 4099 μέλλοντας

475 4109 747 4182 δέχεσθαι.

564 4197 702 4250 Ἀλλ’
733 4197 865 4261 ἴσως
898 4197 965 4251 ἀν
992 4215 1077 4261 τις
1097 4197 1263 4256 εἴποι.
1301 4199 1396 4253 καὶ
1423 4198 1586 4254 πόθεν
1614 4199 1693 4271 τῷ
1724 4201 1914 4274 Λάμεχ
1944 4202 2004 4256 τὸ
2029 4221 2155 4258 τοσ-

480 4285 637 4337 οῦτον
681 4284 910 4354 μέγεθος
953 4285 1052 4354 τῆς
1096 4287 1489 4358 προρρήσεωςς
1543 4288 1619 4358 μὴ
1661 4288 1771 4360 γάρ
1817 4291 2152 4364 μέμνηταιή

479 4370 691 4442 Γραφὴ,
710 4372 790 4424 ὅτι
814 4372 1067 4443 ἐνάρετὸς
1093 4390 1175 4435 τις
1199 4368 1266 4442 ἦν
1288 4373 1382 4425 καὶ
1400 4373 1707 4443 θαυμαστός
1728 4392 1742 4440 ;
1766 4376 1856 4448 Μὴ
1881 4377 2151 4451 ξενισθῇς,

479 4457 730 4527 ἀγαπητέ
752 4475 765 4489 ·
794 4458 955 4527 σοφὸς
983 4457 1091 4529 γὰρ
1121 4458 1194 4511 ὢν
1227 4461 1321 4511 καὶ
1348 4460 1654 4530 εὐμήχανος
1679 4464 1706 4515 ὁ
1737 4465 2032 4534 Δεσπότης.
2059 4466 2153 4519 καὶ

477 4543 546 4597 δι’
580 4543 815 4611 ἀναξίων
847 4544 1108 4608 πολλάκις
1149 4547 1424 4616 συγχωρεῖ
1472 4547 1832 4616 προλέγεσθαι
1863 4550 2151 4622 θαυμαστά

480 4630 577 4684 καὶ
625 4629 835 4699 μεγάλα
872 4630 1191 4701 πράγματα,
1225 4629 1318 4685 καὶ
1365 4632 1465 4685 οὐκ
1523 4634 1582 4684 ἐν
1614 4634 1682 4702 τῇ
1729 4634 1941 4709 Παλαιᾷ
1993 4638 2152 4709 μόνον

479 4714 655 4779 τοῦτο,
691 4715 825 4770 άλλά
864 4717 958 4771 καὶ
988 4720 1046 4770 ἐν
1070 4719 1137 4789 τῇ
1167 4718 1361 4789 Καινῇ.
1395 4720 1595 4772 ⁶Ἄκουε
1620 4720 1730 4792 γὰρ
1752 4722 1846 4775 τοῦ
1878 4725 2153 4795 εὐαγγελι-

482 4803 609 4859 στοῦ
636 4805 763 4875 περὶ
793 4803 888 4858 τοῦ
922 4804 1144 4874 Καῖάφα
1168 4803 1262 4859 τοῦ
1294 4802 1403 4858 τῶν
1453 4804 1714 4861 Ἰουδαίων
1736 4809 2033 4881 ἀρχιερέως
2064 4812 2152 4866 λέ-

479 4908 668 4960 γοντος
694 4908 707 4925 ο
755 4893 933 4947 Τοῦτο
963 4892 1033 4945 δὲ
1063 4893 1165 4962 ἀφ’
1207 4892 1427 4948 ἑαυτοῦ
1469 4895 1581 4948 οὐκ
1622 4890 1812 4958 εἶπεν,
1859 4898 1997 4952 ἀλλ’
2043 4900 2150 4967 dp-

478 4980 713 5049 χιερεὺς
749 4978 835 5033 ὢν
881 4981 986 5035 τοῦ
1025 4981 1305 5036 ἐνιαυτοῦ
1353 4982 1589 5036 ἐκείνου
1610 5020 1625 5045 ,
1673 4983 2146 5054 προεφήτευσεν.

477 5068 567 5121 ὅτι
601 5068 868 5137 ἤμελλεν
895 5071 927 5122 ὁ
967 5068 1201 5135 Ἰησοῦς
1233 5069 1668 5138 ἀποθνήσκειν,
1708 5073 1824 5140 οὐχ
1851 5072 2004 5142 ὑπὲρ
2041 5074 2149 5130 τοῦ

478 5155 630 5209 λαοῦ
647 5155 859 5224 μόνον,
889 5155 1027 5210 ἀλλ’
1060 5156 1162 5209 ἵνα
1194 5155 1293 5210 καί
1322 5155 1395 5210 τὰ
1417 5156 1562 5225 ἔθνη
1587 5156 1661 5211 τὰ
1695 5158 2147 5230 ἐσκορπισμένα

474 5240 792 5312 συναγάγῃ
822 5243 911 5308 είς
934 5241 1022 5295 ἓν.
1054 5243 1321 5315 Εὑρήσεις
1352 5242 1590 5299 τοιοῦτόν
1618 5262 1669 5298 τι
1722 5246 1885 5301 πάλιν
1928 5247 2022 5300 καὶ
2052 5249 2148 5302 ἐπὶ

474 5325 568 5379 τοῦ
595 5326 823 5397 Βαλαὰμ
847 5329 1150 5400 γινόμενον.
1208 5329 1444 5400 Κληθεὶς
1473 5331 1581 5402 γὰρ
1610 5331 1749 5385 ὥστε
1770 5334 1796 5373 δ
1832 5335 2146 5407 καταράσα-

477 5411 605 5465 σθαι
631 5410 722 5464 τὸν
751 5412 898 5476 λαὸν,
929 5416 990 5468 οὐ
1029 5416 1184 5485 μόνον
1213 5417 1273 5470 οὐ
1299 5417 1676 5487 κατηράσατο,
1721 5419 1856 5473 ἀλλά
1883 5421 1974 5474 καὶ
2012 5439 2145 5492 προ-

475 5499 739 5569 εφήτευσε
776 5500 984 5570 μεγάλα
1012 5504 1106 5557 καὶ
1134 5503 1422 5573 θαυμαστά
1454 5505 1774 5575 πράγματα,
1805 5507 1863 5559 οὐ
1897 5505 2141 5579 περὶτοῦ

474 5583 606 5639 λαοῦ
632 5585 810 5654 μόνον,
859 5589 992 5642 ἀλλὰ
1021 5591 1114 5642 καὶ
1151 5592 1280 5662 περὶ¹
1306 5592 1404 5659 τῆς
1428 5593 1522 5645 τοῦ
1550 5595 1798 5664 Σωτῆρος
1827 5595 2140 5666 ἐπιδημίας.

474 5671 570 5743 Μὴ
594 5672 772 5752 τοίνυν
808 5674 1033 5738 ξενίζου,
1058 5679 1105 5729 εί
1131 5678 1224 5731 καὶ
1246 5678 1340 5731 νῦν
1373 5681 1401 5732 ό
1424 5679 1614 5751 Λάμεχ
1640 5682 2008 5752 προσηγορίαν
2030 5683 2143 5736 ἐπι·

473 5752 589 5818 θεὶς
612 5751 690 5822 τῷ
719 5756 870 5808 παιδὶ
896 5756 1148 5828 τοιαύτην
1178 5759 1503 5829 ἐπιτίθησιν,
1531 5761 1666 5814 ἀλλά
1683 5751 1760 5831 τῷ
1780 5762 1898 5832 Θεῷ
1926 5762 2142 5831 λόγισαι

471 5841 533 5896 τὸ
572 5842 680 5895 πᾶν
707 5840 784 5911 τῷ
806 5841 893 5895 διά
923 5844 1019 5914 τῆς
1056 5845 1365 5916 εὐμηχάνου
1393 5847 1556 5900 αὐτοῦ
1584 5850 1773 5918 σοφίας
1799 5850 1973 5903 πάντα
2000 5852 2140 5903 οίκο-

536 6041 561 6068 ⁸
588 6037 711 6087 Bibl.
767 6043 818 6084 ρι
858 6037 1009 6085 Savil.
1038 6037 1173 6092 οὗτος
1194 6039 1517 6088 διαναπανσει.
1583 6042 1610 6081 ιι
1640 6042 1718 6091 Sic
1757 6042 1885 6094 Sam
1948 6048 1993 6093 cl
2018 6052 2135 6091 mss.

478 6095 650 6150 Morel.
686 6100 864 6149 omilul
891 6102 1015 6147 ὥστε

2292 609 2501 665 δεύεται
2528 612 2637 685 γάρ
2669 613 2831 667 αὐτοῦ
2858 614 2919 667 τὸ
2944 614 3112 685 ϐνομα
3145 616 3464 679 ἀνάπαυσις.
3501 616 3613 688 Τὴν
3649 614 3745 671 οὖν
3783 637 3954 673 πανωο

2289 693 2504 766 λεθρίαν
2526 699 2762 769 ἐκείνην,
2803 701 2900 770 τὴν
2933 701 3073 772 μετά
3096 702 3362 756 τοσούτων
3403 703 3540 757 ἐτῶν
3569 704 3807 775 ἀριθμὸν
3830 723 3955 776 συμ-

2290 781 2550 853 ϐήσεσθαι
2601 786 2920 856 μέλλουσαν,
2962 788 3268 843 ἀνάπαυσιν
3312 788 3498 842 καλεῖ·
3557 790 3817 862 καθάπερ
3868 793 3959 846 καὶ

2300 869 2420 923 Ἶώϐ
2453 888 2584 941 φησι
2606 888 2620 901 ·
2675 873 2942 940 Θάνατος
2976 874 3150 942 ἀνδρί
3187 875 3550 941 ἀνάπαυσις.
3604 878 3828 949 Ἐπειδὴ
3850 878 3958 950 γὰρ

2287 957 2453 1012 πολὺν
2478 960 2572 1011 καὶ
2605 960 2809 1031 σφόδρα
2834 961 3007 1030 μέγαν
3043 961 3156 1032 ἔχει
3188 962 3278 1016 τὸν
3299 964 3539 1033 κάματον
3561 966 3596 1034 ή
3641 965 3833 1029 κακία,
3861 966 3959 1035 τὴν

2284 1048 2488 1116 ταύτης
2520 1048 2731 1118 ἀποχὴν
2756 1049 2850 1101 καὶ
2868 1049 2967 1119 τὴν
3001 1049 3301 1121 ἀναίρεσιν,
3327 1051 3393 1122 ὴν
3419 1050 3508 1104 διὰ
3536 1052 3631 1109 τοῦ
3665 1053 3957 1106 κλυδωνίου

2283 1132 2489 1186 ἐκείνου
2514 1133 2735 1204 ἔμελλον
2768 1135 3114 1203 ὑφίστασθαι,
3144 1137 3447 1190 ἀνάπαυσιν
3470 1138 3643 1194 καλεῖ.
3683 1139 3797 1192 Καὶ
3821 1138 3958 1193 M-

2281 1223 2460 1284 λεσσ,
2508 1222 2672 1291 φησὶ,
2721 1222 2785 1277 τὸ
2813 1222 3000 1291 ὄνομα
3040 1223 3227 1276 αὑτοῦ
3265 1222 3414 1277 Νῶε.
3474 1220 3609 1279 Εἶτα
3634 1224 3958 1295 ἑρμηνεύων

2282 1308 2415 1378 ἡμῖν
2450 1307 2545 1362 τοῦ
2578 1309 2841 1380 ὀνόματος
2885 1310 2985 1381 τὴν
3019 1310 3391 1381 προσηγορίαν
3424 1311 3587 1380 φησίν
3611 1328 3625 1341 θ
3668 1307 3870 1378 Οὗτος
3892 1311 3958 1364 δὲ

2280 1395 2619 1450 ἀναπαύσει
2656 1394 2814 1464 ἡμᾶς
2839 1396 2958 1451 ἀπὸ
2985 1395 3101 1450 τῶν
3120 1396 3309 1467 ἔργων
3329 1394 3499 1465 ἡμῶν
3522 1414 3536 1428 ·
3591 1398 3699 1452 ἀπὸ
3726 1398 3830 1468 τῆς
3862 1415 3958 1450 κα-

2281 1476 2426 1543 κίας,
2453 1478 2636 1549 φησὶν,
2669 1478 2968 1549 ἀποστήσει
2994 1494 3006 1507 ·
3063 1478 3173 1533 Καὶ
3212 1477 3330 1531 ἀπὸ
3362 1476 3479 1531 τῶν
3515 1478 3810 1549 λυπηρῶν
3838 1478 3959 1533 τῶν

2280 1563 2493 1631 χειρῶν
2530 1564 2730 1634 ἡμῶν·
2790 1566 2882 1618 καὶ
2933 1564 3093 1619 πάλιν
3125 1565 3184 1619 τὸ
3228 1563 3360 1619 αὐτὸ
3387 1565 3494 1617 ἀπὸ
3533 1564 3640 1619 τῶν
3674 1566 3955 1637 πράξεων,

2282 1651 2433 1720 φησὶ,
2451 1651 2557 1704 τῶν
2590 1650 2859 1723 πονηρῶν.
2876 1652 3010 1704 Οὐδέ
3036 1652 3142 1723 γὲρ
3160 1652 3345 1722 ἐπειδὴ
3362 1653 3415 1704 αἱ
3440 1655 3615 1721 χεῖρες
3636 1651 3954 1718 ἐλυποῦντο,

2278 1736 2419 1791 οὕτω
2452 1739 2602 1792 ἀὑτό
2630 1755 2793 1809 φησιν
2815 1750 2836 1778 ε
2852 1784 2863 1799 ,
2880 1739 2994 1793 ἀλλ’
3024 1739 3312 1812 ἐπειδὴδιά
3334 1739 3434 1807 τῆς
3459 1739 3660 1792 τούτων
3684 1740 3955 1809 ἐργασίας

2280 1822 2373 1874 καὶ
2403 1823 2501 1893 τῆς
2534 1825 2773 1895 πονηρᾶς
2804 1824 3055 1895 πράξεως
3087 1822 3155 1876 τὰ
3192 1824 3290 1894 τῆς
3313 1821 3492 1893 λύπης
3518 1822 3698 1886 αὐτοῖς
3728 1822 3953 1894 ηὔξετο.

2278 1907 2386 1961 Καὶ
2431 1910 2548 1963 ἀπὸ
2588 1909 2699 1978 τῆς
2747 1910 2894 1980 γῆς,
2938 1902 3010 1978 ἧς
3040 1910 3421 1979 κατηράσατο
3449 1911 3661 1978 Κύριος
3706 1913 3739 1964 ὁ
3775 1914 3954 1977 Θεός.

2289 1993 2669 2066 Ἐλευθερώσει
2701 1996 2846 2067 ἡμᾶς
2876 1997 3112 2061 πάντων,
3138 1995 3294 2065 φησὶ,
3320 1995 3429 2049 τῶν
3458 1996 3824 2065 ἐπικειμένων
3855 2014 3957 2050 κα-

2276 2081 2408 2146 κῶν,
2424 2080 2629 2136 καὶτοῦ
2656 2100 2721 2136 πε
2731 2083 2786 2154 ρὶ
2806 2084 2904 2155 τὴν
2923 2082 3029 2152 γῆν
3056 2082 3332 2136 πονεῖσθαι
3359 2083 3453 2136 καὶ
3481 2082 3959 2153 ταλαιπωρεῖσθαι

2273 2172 2373 2243 τὴν
2395 2172 2640 2245 κατάραν
2663 2169 2810 2244 [189]
2843 2171 3142 2243 δεξαμένην
3169 2170 3257 2224 διὰ
3279 2171 3379 2244 τὴν
3397 2170 3491 2225 τοῦ
3516 2172 3954 2246 πρωτοπλάστου

2274 2259 2603 2330 παράϐασιν.
2651 2257 2854 2314 Ἐννόει
2894 2259 3003 2329 γάρ
3040 2276 3131 2330 μοι
3163 2258 3370 2323 λοιπὸν,
3419 2259 3687 2331 ἀγαπητὲ,
3717 2260 3844 2323 πῶς
3894 2261 3956 2313 τὸ

2274 2346 2484 2400 παιδίον
2529 2346 2688 2400 τοῦτο
2740 2346 2881 2401 κατά
2949 2348 3142 2418 μικρὸν
3190 2346 3549 2417 αὐξανόμενον
3596 2347 3954 2411 διδασκαλίας

2274 2432 2528 2496 ὑπόθεσις
2561 2434 2733 2488 ἅπασι
2754 2436 2865 2495 τοῖς
2891 2433 3090 2503 ὁρῶσιν
3110 2434 3317 2501 ἐγίνετο
3366 2433 3538 2487 Μόνον
3559 2434 3662 2503 γάρ
3678 2450 3761 2495 τις
3780 2435 3955 2487 ἐπυν-

2273 2518 2462 2573 θάνετο
2486 2519 2579 2572 τοῦ
2611 2520 2819 2572 σταδίου
2842 2519 2943 2592 τὴν
2969 2520 3356 2590 προσηγορίαν,
3379 2521 3471 2572 καὶ
3498 2518 3692 2583 εὐθέως
3716 2522 3747 2591 η
3771 2522 3955 2593 ἑρμη-

2271 2608 2389 2660 νεία
2416 2609 2514 2677 τῆς
2543 2608 2915 2678 προσηγορίας
2937 2607 3180 2660 ἐδίδασκε
3199 2608 3304 2661 τῶν
3340 2607 3635 2677 μελλόντων
3659 2611 3951 2679 συμϐήσε-

2274 2694 2396 2747 σθαι
2418 2694 2509 2746 τὸν
2536 2693 2775 2765 ὄλεθρον.
2804 2695 2865 2747 El
2888 2694 2986 2764 μὲν
3012 2694 3119 2765 γάρ
3145 2712 3226 2755 τις
3241 2693 3425 2758 ἁπλῶς
3448 2687 3597 2747 εἶπεν
3630 2695 3951 2764 ἐνηχηθεὶς,

2270 2782 2351 2833 ὅτι
2400 2781 2741 2843 τόδε-ἐσται,
2787 2780 2889 2834 κᾶν
2918 2779 3060 2853 λήθῃ
3088 2779 3365 2851 παραδοθῇ
3394 2781 3453 2833 τὸ
3495 2772 3675 2852 ῥηθὲν,
3710 2784 3809 2834 καὶ
3843 2785 3951 2837 οὐκ

2269 2869 2335 2924 ἂν
2356 2871 2556 2933 πάντες
2583 2870 2877 2938 ἐγίνωσκον
2901 2867 3001 2939 τῆς
3025 2868 3291 2940 τιμωρίας
3315 2867 3376 2921 τὸ
3402 2869 3701 2940 ἀφόρητον·
3731 2870 3860 2922 νυνὶ
3887 2871 3944 2923 δὲ

2268 2952 2422 3020 οὗτος
2454 2957 2559 3010 ὐπὸ
2586 2959 2697 3020 τοῖς
2728 2956 2985 3011 ἀπάντων
3017 2953 3313 3025 ὀφθαλμοῖς
3346 2955 3722 3026 στρεφόμενος,
3753 2957 3950 3011 εὐκαί-

2270 3063 2411 3117 ρως,
2445 3044 2689 3115 ἀκαίρως
2724 3044 3031 3114 ὑπόμνησις
3070 3042 3281 3110 ἐγίνετο
3322 3039 3419 3111 τῆς
3437 3040 3531 3094 τοῦ
3561 3040 3690 3094 Θεοῦ
3732 3042 3949 3110 ἀγανα-

2269 3135 2528 3203 κτήσεως.
2582 3131 2693 3186 Καὶ
2724 3132 2809 3184 ίνα
2855 3129 3115 3201 μάθωμεν
3158 3124 3401 3199 ἀκριϐῶς
3435 3128 3527 3181 ἐπὶ
3553 3128 3713 3182 πῦσον
3742 3130 3946 3200 χρόνον

2265 3219 2551 3291 διήρκεσεν
2579 3220 2606 3273 ό
2638 3218 2754 3282 υίὸς
2789 3217 2876 3271 διὰ
2903 3217 3001 3287 τῆς
3036 3216 3406 3289 προσηγορίας
3444 3214 3543 3287 τῆς
3574 3214 3762 3269 ἐαυτοῦ
3794 3220 3944 3273 πὶσι

2268 3306 2547 3379 παραινῶν
2595 3306 2897 3377 ἀποστῆναι
2934 3304 3034 3376 μὲν
3086 3303 3189 3374 τῆς
3222 3304 3441 3369 κακίας,
3494 3303 3705 3358 ἑλέσθαι
3734 3304 3792 3357 δέ
3842 3306 3945 3377 τὴν

2267 3395 2488 3467 ἀρετὴν,
2515 3394 2609 3448 καὶ
2631 3393 2913 3463 διαφυγεῖν
2940 3390 3036 3463 τὴν
3058 3390 3324 3461 τοσαύτην
3348 3391 3737 3462 ἀγανάκτησιν,
3767 3395 3941 3463 φησί·

2265 3483 2375 3537 Καὶ
2418 3478 2493 3551 ἦν
2523 3480 2652 3535 Νῶε
2686 3479 2838 3535 ἐτῶν
2881 3479 3317 3543 πεντακοσίων,
3349 3477 3447 3531 καί
3481 3477 3770 3547 ἐγέννησε
3805 3480 3944 3536 Νῶε

2265 3572 2422 3640 τρεῖς
2448 3572 2637 3638 υἱούς.
2696 3572 2840 3638 Ὅρα
2881 3567 3041 3625 πάλιν
3091 3567 3249 3622 ἀλλον
3276 3566 3483 3622 δίκαιον
3516 3568 3654 3639 μετά
3675 3571 3943 3637 γυναικὸς

2266 3659 2360 3712 καὶ
2381 3659 2605 3722 τέκνων,
2637 3657 2836 3728 πολλὴν
2859 3657 2958 3727 τὴν
2986 3655 3115 3726 περὶ
3144 3655 3234 3708 τὸν
3266 3653 3398 3708 Θεὺν
3417 3655 3771 3727 εὐαρέστησιν
3800 3675 3942 3712 κατ-

2267 3744 2583 3816 ωρθωκότα,
2632 3745 2725 3799 καὶ
2760 3742 3086 3806 ἀπεναντίας
3120 3741 3295 3795 ἀπασι
3323 3741 3420 3813 τὴν
3463 3743 3561 3813 τῆς
3588 3743 3787 3815 ἀρετῆς
3816 3745 3942 3800 ὁδὸν

2266 3831 2538 3902 ἐλόμενον,
2577 3831 2671 3887 καὶ
2712 3830 2863 3884 οὐδὲν
2894 3829 3017 3885 οὐτε
3056 3830 3162 3882 ὑπὸ
3193 3827 3285 3883 τοῦ
3323 3830 3523 3899 γάμου,
3554 3829 3675 3883 οὔτε
3702 3831 3806 3884 ὑπὸ
3835 3834 3941 3902 τῆς

2267 3917 2652 3990 παιδοτροφίας
2682 3915 3010 3972 κωλυθέντα.
3065 3914 3216 3979 Τέως
3243 3915 3300 3968 δὲ
3330 3915 3626 3985 ἀναγκαῖον
3657 3916 3942 3992 ἐκπλαγὴς

2264 4023 2352 4058 ναι
2395 4004 2489 4058 τοῦ
2535 4001 2797 4079 Θεοῦ-τὴν
2834 4004 3039 4073 ἀφστον
3071 4001 3485 4073 μακροθυμίαν,
3535 4003 3627 4056 καὶ
3655 4002 3761 4056 τῶν
3807 4006 3938 4059 τότε

2264 4093 2565 4165 ἀνθρώπων
2592 4091 2688 4164 τὴν
2721 4090 3114 4163 ἀγνωμοσύνην
3143 4089 3240 4160 τήν
3286 4088 3751 4159 ὑπερϐάλλουσαν.
3798 4089 3934 4147 Ἰδοὺ

2264 4185 2372 4255 γάρ
2434 4182 2763 4237 πεντακόσια
2810 4181 2904 4252 ἐτη
2961 4180 3095 4241 τέως
3129 4178 3416 4250 διήρκεσεν
3463 4180 3491 4231 ὁ
3533 4178 3733 4243 δίκαιος
3779 4175 3938 4246 οὗτος

2265 4272 2423 4342 βοῶν,
2456 4271 2549 4324 καὶ
2573 4269 3079 4339 διαμαρτυρόμενος
3094 4265 3183 4319 διὰ
3207 4262 3306 4335 τῆς
3338 4263 3531 4317 ἐαυτοῦ
3560 4268 3936 4338 προσηγορίας

2260 4357 2323 4411 τὸ
2358 4357 2548 4429 μέλλον
2582 4355 2797 4410 ἔσεσθαι
2828 4352 3117 4407 κλυδώνιον
3155 4351 3295 4407 κατά
3329 4352 3509 4405 πᾶσαν
3535 4352 3636 4423 τὴν
3679 4355 3935 4423 οἰκουμέ-

2261 4463 2358 4514 νην
2389 4444 2478 4497 διά
2526 4442 2623 4514 τὴν
2656 4441 2757 4512 τῆς
2798 4439 2994 4503 κακίας
3036 4439 3280 4492 ἐπίτασιν
3316 4438 3407 4491 καὶ
3453 4438 3573 4491 οὐδέ
3597 4437 3769 4500 οὕτως
3798 4440 3932 4492 ἀπο-

2262 4532 2451 4601 στῆναι
2492 4529 2593 4599 τῆς
2622 4528 2821 4591 κακίας
2861 4524 3260 4596 ἠϐουλήθησαν.
3333 4523 3467 4576 Ἀλλ’
3496 4526 3525 4576 ό
3554 4522 3934 4596 φιλάνθρωπος

2261 4617 2393 4681 Θεὸς
2419 4616 2542 4671 οὐδέ
2579 4615 2717 4688 μετά
2746 4613 2845 4684 τὴν
2878 4611 3145 4683 τοσαύτην
3172 4610 3498 4682 πρόρρησιν,
3520 4611 3643 4664 οὐδέ
3676 4611 3811 4680 μετά
3841 4613 3932 4665 τὸν

2260 4704 2528 4757 τοσούτων
2557 4701 2789 4775 ἀριθμὸν
2818 4699 2955 4753 ἐτῶν
2988 4698 3084 4770 τὴν
3111 4699 3379 4770 τιμωρίαν
3412 4699 3630 4765 ἐπάγει,
3668 4698 3801 4752 ἀλλά
3828 4700 3931 4752 πά·

2258 4790 2341 4845 λιν
2371 4790 2550 4855 αὔξων
2580 4788 2743 4843 αὐτοῦ
2773 4787 2870 4859 τὴν
2912 4786 3314 4858 μακροθυμίαν,
3348 4786 3438 4839 καὶ
3474 4786 3663 4857 ἕτερον
3696 4788 3795 4840 οὐκ
3822 4787 3927 4840 ὀλί-

2258 4894 2369 4948 γων
2400 4876 2535 4932 ἐτῶν
2558 4875 2786 4949 ἀριθμὸν
2811 4873 3136 4945 προστίθησι
3165 4874 3231 4944 τῇ
3268 4872 3443 4944 οίκείᾳ
3480 4873 3824 4944 ἀνεξικακίᾳ.
3853 4876 3928 4928 Οὐ

2258 4964 2365 5038 γάρ
2380 4965 2469 5018 διὰ
2496 4963 2653 5017 τοῦτο
2692 4963 2983 5033 παρήγαγε
3008 4960 3106 5029 τὴν
3131 4959 3239 5013 τῶν
3260 4959 3561 5030 ἀνθρώπιον
3587 4960 3770 5029 φύσιν,
3791 4954 3927 5015 ὥστε

2256 5049 2698 5123 τιμωρήσασθαι,
2735 5049 2870 5103 ἀλλά
2894 5047 3204 5101 τούναντίον
3225 5046 3390 5113 ἅπαν,
3420 5046 3560 5099 ὥστε
3584 5046 3696 5100 τῶν
3723 5050 3933 5119 μυρῖων

2257 5134 2479 5203 ἀγαθῶν
2505 5133 2604 5204 τὴν
2636 5133 2936 5187 ἀπόλαυσιν
2962 5130 3330 5202 δωρήσασθαι.
3365 5129 3465 5183 Διά
3494 5129 3653 5183 τοῦτο
3685 5131 3818 5201 ὁρᾷς
3838 5131 3931 5183 αὐ-

2254 5223 2347 5276 τὸν
2380 5220 2655 5291 πανταχοῦ
2690 5220 2973 5291 μέλλοντα,
3013 5217 3108 5269 καὶ
3145 5215 3581 5287 ἀναϐαλλόμενον
3613 5218 3672 5270 ἐν
3700 5220 3821 5281 ταῖς
3846 5234 3934 5270 τι-

2258 5309 2511 5383 μωρίαις.
2546 5307 2686 5360 Ἀλλ’
2717 5306 2806 5359 ἵνα
2854 5304 2930 5378 μὴ
2954 5303 3031 5373 τῷ
3063 5303 3254 5373 πλήθει
3281 5302 3388 5356 τῶν
3417 5303 3731 5375 λεγομένων
3758 5321 3932 5357 κατα-

2252 5394 2519 5464 χώσωμεν
2562 5390 2714 5462 ὑμῶν
2747 5392 2845 5462 τὴν
2883 5390 3125 5459 μνήμην,
3184 5387 3345 5458 μέχρι
3393 5388 3587 5441 τούτου
3633 5391 3936 5460 στήσαντες

2251 5483 2343 5537 τὸν
2368 5483 2525 5550 λόγον
2558 5481 2636 5544 είς
2664 5480 2763 5550 τὴν
2795 5477 3057 5532 ἐπιοῦσαν
3076 5475 3144 5529 τὰ
3172 5474 3469 5546 λειπόμενα
3494 5477 3933 5548 ταμιεοσόμεθα.

2326 5572 2398 5631 qv.
2425 5561 2651 5616 ᾶΤαῦτα
2686 5562 2741 5614 δὲ
2788 5562 2861 5634 μὴ
2893 5558 3078 5621 ἁπλῶς
3106 5557 3424 5627 ἀκούωμεν,
3449 5559 3747 5630 ἀγαπητοὶ,
3795 5562 3938 5616 ἀλλά

2252 5649 2631 5721 παιδευώμεθα
2658 5650 2754 5721 τῆς
2780 5649 2982 5721 ἀρετῆς
3014 5646 3409 5716 ἐπιμελεῖσθαι,
3429 5648 3520 5700 καὶ
3559 5647 3657 5718 τὴν
3683 5649 3813 5718 περὶ
3838 5649 3939 5704 τὸν

2249 5742 2381 5796 Θεὸν
2423 5740 2783 5811 εὐαρέστησιν
2827 5738 2954 5807 περὶ
2990 5735 3187 5789 πολλοῦ
3218 5734 3510 5797 ποιεῖσθαι,
3543 5736 3637 5788 καλ⁵
3666 5737 3806 5807 μήτε
3844 5740 3937 5790 οἰ-

2251 5830 2374 5892 κίας
2420 5826 2788 5900 προστασίαν,
2829 5826 2966 5896 μήτε
3007 5824 3263 5892 γυναικὸς
3298 5824 3587 5893 φροντίδα,
3619 5825 3759 5893 μήτε
3801 5826 3937 5878 παι-

2312 5918 2335 5946 ε
2364 5915 2495 5973 Ha'c,
2519 5914 2645 5962 οὕτω
2668 5911 2811 5961 τοῦτὸ
2828 5927 2992 5975 φησιν,
3015 5924 3043 5958 e
3071 5909 3219 5975 Savily.
3250 5908 3755 5975 Aac¢¢$scrunt._Enlr.

2309 5975 2336 6015 ἆ
2359 5970 2783 6027 Ηωοίιεηεοοείιο
2827 5970 3065 6029 reguntur
3088 5973 3215 6032 apud
3242 5972 3473 6032 Sayi’iium
3501 5978 3551 6018 cl
3584 5971 3705 6032 dum;
3724 5970 3937 6019 codives

2248 6051 2383 6091 ωδε..
2408 6038 2474 6085 ila
2496 6043 2543 6084 ιιι
2568 6049 2678 6083 cum
2698 6033 3019 6095 sequentibus
3042 6030 3176 6082 Padli
3196 6033 3255 6081 ad
3274 6030 3585 6081 Timotheum
3614 6040 3663 6080 οι
3688 6031 3931 6079 Eicchie-

2254 6100 2318 6148 lis
2353 6097 2474 6148 locis
2515 6105 2626 6147 ante
2653 6097 2901 6158 epilogum
2940 6100 3205 6157 ponantur.
3573 6101 3634 6123 θ’
