4110 6420
335 604 593 654 revocare
619 586 730 644 vult
757 580 1075 642 sententiam
1101 591 1258 651 quam
1287 583 1473 632 contra
1493 572 1662 629 Adam
1686 568 1925 641 protulit;

335 687 435 746 sed
458 681 797 741 manifestum
825 676 929 731 hoc
967 689 1075 730 non
1102 671 1247 737 facit,
1284 677 1343 724 ut
1372 668 1532 722 timor
1560 665 1703 720 illius
1748 677 1933 719 emen-

335 775 540 837 dationi
566 771 783 829 serviat.
812 768 878 823 Et
903 765 1103 821 idcirco
1132 759 1339 827 Enoch,
1387 773 1509 815 cum
1557 756 1655 827 ipsi
1700 753 1929 810 multum

337 872 597 942 placeret,
641 859 927 917 transtulit.
950 856 1067 912 Jam
1093 854 1138 908 si
1161 852 1281 923 quis
1304 847 1570 906 curiosius
1602 858 1793 917 rogare
1838 856 1935 898 ve-

337 939 427 1030 lit,
472 968 532 1015 et
580 956 761 1013 dicere
801 970 817 1008 :
873 950 943 1006 Et
994 962 1101 1021 quo
1150 947 1323 1017 ipsum
1364 939 1667 999 transtulit?
1710 947 1765 994 et
1806 950 1933 992 num

339 1067 512 1124 usque
536 1050 605 1105 ad
635 1058 873 1118 priesens
898 1039 1129 1097 vixerit?
1157 1038 1327 1094 discat
1369 1050 1475 1091 non
1505 1031 1793 1090 convenire
1835 1029 1932 1084 hu-

339 1145 516 1204 manis
538 1136 949 1212 cogitationibus
971 1130 1219 1202 obsequi,
1247 1137 1303 1184 et
1329 1126 1595 1184 curiosius
1643 1138 1704 1180 ea
1752 1136 1873 1193 qua:
1899 1133 1931 1174 a

342 1238 458 1294 Deo
486 1234 619 1290 ﬁunt
655 1230 957 1300 explorare,
986 1222 1081 1280 sed
1124 1219 1347 1277 credere
1390 1218 1457 1272 iis
1493 1230 1614 1287 quae
1660 1214 1929 1269 dicuntur.

342 1330 479 1386 Nam
504 1324 719 1397 quando
749 1322 891 1377 Deus
933 1315 1134 1387 aliquid
1187 1311 1529 1383 pronuntiat,
1573 1307 1733 1361 dit'liS
1768 1304 1938 1376 ipsius

340 1394 818 1478 coiitradiceiidum
863 1423 970 1466 non
1006 1414 1110 1473 est,
1141 1405 1236 1461 sed
1269 1403 1375 1459 [ide
1402 1400 1647 1470 digniora
1693 1394 1936 1451 habenda

341 1522 472 1571 sunt
509 1527 630 1585 qua:
663 1525 694 1564 a
747 1508 857 1561 Deo
892 1501 1321 1575 pronuntiantur,
1352 1494 1562 1553 etiamsi
1595 1503 1933 1557 noncompa-

344 1580 704 1675 mann-quani
722 1615 783 1656 ea
796 1612 916 1669 quae
935 1593 1105 1651 oculis
1120 1591 1319 1646 nostris
1330 1586 1564 1657 subjecta
1587 1591 1732 1640 sunt.
1751 1580 1937 1636 Enim-

342 1715 476 1758 vero
503 1670 777 1767 Scriptura
801 1689 958 1756 dixit,
987 1684 1130 1757 quod
1161 1679 1489 1739 transtulerit
1511 1677 1681 1740 illum,
1728 1670 1937 1742 etquod

344 1795 615 1850 viventem
647 1784 998 1849 transtulerit,
1052 1795 1149 1836 nec
1182 1785 1410 1833 mortem
1437 1779 1690 1843 expertus
1714 1769 1817 1833 sit,
1845 1766 1938 1821 sed

342 1886 420 1941 ob
447 1898 622 1950 suum,
659 1894 816 1951 quem
847 1875 985 1947 apud
1009 1875 1176 1929 Deum
1208 1868 1436 1924 habebat
1460 1865 1693 1920 favorem
1715 1903 1730 1928 ,
1779 1872 1941 1928 supe-

347 1979 464 2033 rior
490 1975 657 2030 iactus
686 1972 756 2028 sit
779 1969 957 2025 divina
983 1964 1247 2021 sententia
1270 1969 1455 2017 contra
1509 1957 1798 2010 humanum
1842 1963 1938 2020 ge-

346 2083 454 2125 nus
479 2065 701 2138 prolata.
730 2061 848 2130 Quo
871 2067 1048 2114 autem
1075 2057 1223 2111 illum
1253 2047 1604 2115 transtulerit,
1635 2053 1690 2100 et
1715 2052 1945 2115 quoum-

346 2163 424 2218 do
447 2174 588 2216 nunc
621 2163 764 2227 agat,
795 2154 896 2209 hoe
921 2167 1028 2207 non
1050 2148 1264 2220 adjecit.

429 2253 484 2309 5.
525 2245 715 2304 Vidisti
747 2244 1036 2302 bonitatem
1075 2237 1321 2301 Domini,
1353 2231 1623 2306 quomodo
1670 2229 1942 2284 inventum

352 2346 531 2400 virum
578 2341 667 2412 qui
697 2339 943 2393 virtutem
992 2338 1243 2404 operatus
1271 2337 1376 2394 est,
1417 2340 1522 2381 non
1563 2320 1829 2378 fraudavit
1866 2317 1948 2373 di-

349 2436 556 2508 gnitate
579 2445 737 2503 quam
766 2426 1071 2499 primigenia:
1099 2420 1298 2477 homini
1329 2427 1454 2473 ante
1482 2413 1717 2470 mandati
1765 2420 1947 2466 trans-

351 2524 687 2598 gressionem
729 2520 951 2591 largitus
988 2524 1103 2572 erat
1134 2530 1148 2568 :
1179 2511 1381 2568 docens
1414 2523 1514 2564 nos
1537 2548 1553 2576 ,
1584 2521 1643 2562 se
1691 2515 1747 2561 et
1773 2502 1943 2565 illum,

355 2594 462 2676 nisi
488 2614 748 2673 dainionis
773 2610 1141 2682 deccptionem
1170 2604 1337 2677 pluris
1366 2601 1578 2658 fecisset
1607 2612 1765 2670 quam
1795 2594 1952 2650 tradi-

356 2723 472 2767 tum
502 2706 834 2768 mandatum,
863 2700 1052 2757 eodem
1074 2698 1158 2753 vel
1181 2694 1369 2766 majori
1388 2693 1595 2749 honore
1611 2690 1948 2761 dignatnrum

363 2800 570 2858 fuisse?
593 2798 685 2855 25.
716 2795 781 2850 Et
808 2793 960 2859 uixit,
990 2791 1182 2861 inquit,
1213 2784 1507 2841 Mathusala
1547 2796 1709 2836 annos
1753 2789 1952 2833 centum

356 2906 405 2950 et
431 2892 683 2963 octoginta
706 2897 917 2959 septem,
945 2892 991 2938 et
1016 2881 1187 2954 genuit
1218 2878 1437 2933 Lamech
1470 2891 1490 2930 :
1513 2874 1606 2931 28.
1646 2883 1694 2928 et
1714 2871 1836 2926 uixit
1855 2868 1954 2924 La-

358 2986 502 3042 mech
520 2998 681 3038 annos
705 2989 900 3035 centum
922 2975 1205 3047 octoginta,
1230 2970 1324 3027 29.
1362 2979 1411 3025 et
1450 2967 1620 3040 genuit
1667 2964 1853 3035 ﬁlium,
1905 2969 1951 3016 et

358 3077 637 3150 appellauit
657 3088 839 3129 nomen
859 3070 999 3126 illius
1026 3067 1161 3133 Noe,
1185 3065 1356 3120 dicens
1374 3080 1393 3118 :
1418 3061 1519 3116 Hic
1539 3058 1847 3131 requiescere
1869 3060 1977 3129 fam

359 3179 457 3234 eiet
485 3191 578 3230 nos
597 3172 660 3227 ab
681 3168 913 3242 cperibus
955 3165 1160 3230 nostris,
1180 3172 1225 3217 et
1249 3179 1280 3214 a
1308 3157 1549 3214 molestiis
1579 3169 1819 3209 manuum
1863 3167 1955 3206 no-

361 3278 608 3333 strarum,
637 3275 684 3321 et
728 3280 761 3318 a
807 3271 942 3316 terra
983 3273 1136 3330 quam
1182 3251 1447 3308 maledixit
1496 3248 1746 3303 Dominus
1797 3243 1954 3298 Deus.

366 3363 500 3419 Vide
521 3360 714 3417 iterum
742 3371 838 3428 per
862 3351 1272 3424 appellationem
1302 3360 1443 3401 nunc
1472 3344 1579 3398 nati
1624 3356 1689 3396 ex
1724 3336 1954 3395 Lamech

364 3453 746 3529 mysteriorum
779 3445 1196 3519 magnitudinem
1218 3482 1232 3506 ,
1264 3436 1496 3494 vaticinii
1545 3432 1915 3490 excellentiam
1939 3470 1954 3495 ,

362 3523 547 3605 non
571 3544 702 3603 boni
726 3539 1053 3598 imitabilem
1082 3533 1485 3604 benignitatem.
1516 3526 1777 3596 Quoniam
1814 3523 1958 3579 enim

366 3638 702 3713 prmscieiitia
732 3648 828 3690 sua
858 3627 1186 3703 praevidebat
1226 3640 1287 3680 ea
1317 3637 1435 3694 qua:
1471 3619 1643 3675 futura
1687 3623 1874 3680 eruit;
1903 3620 1963 3670 ut

365 3707 503 3788 vidit
526 3728 787 3785 malitiam
820 3723 1098 3780 hominum
1124 3719 1177 3774 in
1222 3716 1338 3773 dies
1374 3714 1541 3784 magis
1589 3721 1745 3781 atque
1794 3707 1963 3778 magis

367 3827 695 3886 increscere,
717 3814 958 3890 prmdicit
974 3826 1070 3885 per
1091 3808 1499 3881 appellationem
1519 3803 1666 3874 pueri
1691 3801 1827 3856 mala
1846 3812 1964 3869 qua:

369 3925 543 3973 totum
566 3913 855 3968 humanum
881 3916 1050 3979 genus
1074 3904 1319 3958 invasura
1351 3905 1554 3962 essent,
1578 3903 1634 3949 ut
1664 3893 1747 3948 vel
1774 3892 1965 3946 timore

368 4005 613 4078 castigati
643 3978 1036 4059 abducerentur
1063 4008 1093 4050 a
1125 3992 1286 4057 vitiis,
1320 3998 1375 4045 et
1401 3988 1834 4057 amplexarentur
1860 3978 1968 4036 vir-

371 4077 565 4156 tutem.
598 4095 668 4151 Et
694 4093 815 4149 vide
857 4086 1167 4163 patientiam
1194 4080 1401 4140 Domini
1430 4077 1691 4140 curantis,
1742 4084 1801 4129 ut
1841 4081 1969 4129 ante

376 4199 586 4247 tantum
632 4194 847 4256 tempus
868 4178 1178 4236 vaticinium
1216 4170 1574 4246 praecederet,
1619 4176 1677 4223 ut
1717 4175 1772 4222 et
1816 4179 1967 4220 suam

375 4279 687 4339 ostenderet
704 4271 1145 4334 misericordiam,
1167 4274 1223 4324 et
1242 4262 1384 4323 omni
1405 4263 1635 4333 privaret
1660 4256 1969 4315 defensione

379 4392 480 4435 eos
507 4375 596 4447 qui
628 4385 802 4444 paena:
832 4367 994 4424 futuri
1022 4372 1174 4420 erant
1198 4357 1434 4416 obnoxii.

456 4441 814 4534 Perindignos
837 4458 1090 4514 interdum
1119 4453 1293 4525 futura
1315 4446 1525 4521 prtedici
1547 4445 1651 4499 vult
1687 4443 1823 4499 Deus
1875 4441 1974 4496 Ge-

382 4564 519 4619 neris
559 4557 768 4612 humani
810 4552 1041 4608 interitus
1070 4548 1210 4618 quies
1237 4553 1539 4600 uocatur.-
1551 4538 1662 4595 Sed
1690 4536 1828 4594 forte
1855 4534 1974 4606 quis

389 4650 589 4707 dixerit
619 4667 633 4703 :
663 4645 817 4703 Unde
839 4639 1070 4698 Lamech
1102 4636 1206 4692 hoc
1231 4633 1434 4698 habuit,
1486 4638 1544 4685 ut
1590 4637 1795 4683 tantum
1837 4625 1972 4679 vati-

382 4742 586 4799 cinium
612 4733 965 4809 praediceret?
990 4745 1095 4787 non
1126 4727 1268 4785 enim
1294 4721 1537 4780 meminit
1559 4720 1840 4790 Scriptura
1853 4730 1975 4772 eum

388 4832 556 4888 multa
567 4805 763 4884 virtute
778 4822 1054 4889 claruisse,
1070 4816 1547 4884 admirabilemque
1567 4811 1748 4867 fuisse.
1780 4807 1857 4864 Ne
1878 4805 1980 4862 mi-

386 4923 550 4986 reris,
578 4919 773 4976 dilecte
797 4933 812 4969 :
840 4914 1097 4970 Dominus
1122 4909 1266 4965 enim
1294 4913 1477 4962 noster
1496 4903 1710 4973 sapiens
1725 4910 1778 4955 et
1806 4898 1982 4954 omni-

392 5022 605 5087 potens,
636 5024 735 5081 per
772 5007 1019 5077 indignos
1062 5016 1206 5073 saepe
1247 4996 1494 5055 concedit
1520 4994 1733 5065 prmdici
1762 5002 1984 5061 magnas

392 5083 773 5170 niirabilesque
809 5113 897 5153 res
927 5113 941 5151 :
992 5094 1152 5164 idque
1192 5107 1300 5147 non
1332 5089 1386 5145 in
1432 5086 1610 5144 Veteri
1638 5083 1986 5140 Testamento

394 5194 592 5258 solum,
617 5191 715 5247 sed
743 5199 798 5245 et
823 5190 874 5243 in
918 5184 1088 5242 Novo.
1120 5184 1259 5238 Audi
1300 5180 1443 5237 enim
1483 5175 1864 5246 evangelistam
1918 5170 1989 5228 de

393 5283 596 5355 Caipha
625 5281 932 5338 Judzeorum
964 5275 1214 5349 pontiﬁce
1233 5273 1497 5329 dicentem
1531 5283 1551 5324 :
1599 5266 1713 5322 Hoc
1751 5274 1919 5320 autem
1955 5278 1991 5318 α

396 5375 665 5446 semetipso
704 5386 808 5428 non
828 5371 977 5437 dixit,
1002 5366 1091 5423 sed
1116 5382 1233 5422 eum
1269 5373 1395 5420 esset
1421 5360 1652 5434 pontifex
1671 5357 1793 5412 anni
1812 5356 1953 5412 illius
1969 5396 1985 5424 ,

400 5464 640 5540 prwdixit
666 5464 967 5519 moriturum
993 5475 1100 5515 esse
1117 5456 1314 5522 Iesum,
1340 5470 1445 5509 non
1477 5453 1645 5509 solum
1664 5467 1757 5524 pro
1778 5449 1991 5522 populo,

402 5562 492 5618 sed
534 5569 590 5615 ut
612 5566 781 5632 gentes
816 5556 1073 5627 dispersas
1094 5556 1421 5622 congregaret
1446 5547 1498 5600 in
1523 5561 1685 5600 unum
1717 5542 1959 5615 (Joan.ll
1978 5579 1992 5594 .

408 5653 525 5724 5|).
544 5649 790 5706 Invenies
816 5648 944 5704 item
972 5653 1026 5700 et
1049 5659 1079 5699 a
1107 5642 1321 5698 Balaam
1350 5640 1454 5695 tale
1483 5637 1612 5709 quid
1641 5636 1859 5691 iactum.
1890 5633 1996 5688 Vo-

403 5751 556 5800 catus
583 5740 727 5798 enim
774 5747 829 5794 ut
861 5735 1204 5793 malediceret
1230 5732 1487 5804 populum
1508 5771 1522 5796 ,
1550 5744 1658 5783 non
1683 5727 1855 5783 solum
1888 5738 1993 5779 non

407 5833 704 5899 maledixit,
732 5828 827 5887 sed
849 5838 903 5885 et
926 5826 1173 5899 praedixit
1200 5822 1396 5879 multas
1425 5820 1694 5889 mirasque
1717 5832 1808 5873 res
1826 5859 1839 5880 ,
1888 5830 1995 5871 non

409 5925 478 5983 de
506 5925 709 5998 populo
727 5930 959 5991 tantum,
977 5920 1072 5979 sed
1100 5918 1261 5978 etiam
1307 5915 1375 5972 de
1425 5910 1653 5969 adventu
1696 5908 1985 5967 Salvatoris

1404 458 1471 515 1N
1507 455 1659 514 CAP.
1701 452 1764 511 ν.
1805 451 2047 511 GENES.
2089 451 2316 510 llOMlL.
2357 452 2500 512 XXI.

3532 450 3633 507 {32

2047 568 2215 626 nostri
2239 567 2428 639 (Nam.
2457 568 2574 641 24).
2598 567 2713 624 Non
2745 568 2903 641 igitur
2932 568 3163 637 mireris,
3204 568 3251 624 si
3298 568 3459 624 etiam
3490 584 3630 623 nunc

2040 656 2276 715 Lamech
2298 660 2369 715 ita
2400 675 2623 731 puerum
2651 660 2950 731 appellarit.
2969 659 3064 716 sed
3094 661 3204 716 Deo
3232 668 3401 715 totum
3433 659 3630 726 tribue,

2037 750 2129 820 qui
2153 751 2338 805 solerti
2360 765 2457 806 sua
2483 751 2744 823 sapientia
2772 761 2962 808 cuncta
2989 752 3285 823 dispensat.
3332 751 3401 807 Et
3440 753 3631 807 vocavit

2038 856 2223 896 nomen
2242 840 2382 897 illius
2408 840 2542 897 Noe.
2566 842 2680 899 Hoc
2720 859 2940 908 nomen,
2991 843 3035 899 si
3080 844 3200 914 quis
3230 844 3626 914 interpretetur,

2040 931 2271 1003 quietem
2298 933 2446 987 dicit.
2478 932 2723 1000 Quietem
2763 943 2943 990 autem
2973 942 3130 989 vocat
3152 934 3457 1005 generalem
3482 932 3628 988 illum

2043 1023 2314 1080 interitum
2345 1035 2466 1095 post
2492 1027 2691 1083 multos
2740 1041 2911 1082 annos
2964 1026 3235 1095 futurum;
3269 1027 3407 1084 sicut
3432 1034 3489 1083 et
3530 1023 3634 1081 Job

2040 1116 2206 1175 dicit:
2242 1117 2387 1174 Mors
2423 1121 2530 1174 viro
2553 1124 2692 1190 quies
2717 1119 2837 1193 (Job
2866 1121 2921 1176 5.
2945 1120 3042 1192 25)
3073 1139 3087 1176 :
3140 1121 3393 1192 quoniam
3435 1118 3633 1175 multus

2040 1218 2196 1265 estet
2221 1211 2374 1267 valde
2400 1227 2620 1283 magnus
2650 1212 2801 1266 labor
2846 1212 3091 1277 malitiae,
3123 1213 3239 1283 ejus
3278 1212 3632 1268 cessationem

2042 1311 2097 1357 et
2123 1302 2473 1373 perditionem
2504 1319 2599 1375 per
2626 1304 2881 1359 diluvium
2906 1305 3159 1370 futuram,
3186 1305 3417 1377 quietem
3452 1312 3629 1358 vocat.

2044 1391 2112 1446 Et
2137 1395 2328 1450 vocavit
2352 1412 2532 1450 nomen
2553 1395 2693 1451 illius
2717 1395 2850 1451 Noe.
2880 1396 3080 1452 Deinde
3103 1396 3511 1466 appellationem
3539 1410 3636 1449 no-

2044 1485 2205 1540 minis
2234 1485 2635 1556 interpretatur,
2659 1495 2716 1542 et
2747 1488 2915 1542 dicit:
2946 1487 3049 1541 Hic
3070 1490 3241 1558 utique
3259 1487 3471 1558 quietem
3491 1486 3635 1540 nobis

2046 1579 2303 1649 pra'stabit
2339 1579 2403 1633 ab
2432 1580 2664 1651 operibus
2685 1582 2909 1636 nostris:
2945 1597 2974 1641 a
3005 1581 3226 1648 malitia,
3256 1581 3447 1651 inquit,
3475 1594 3634 1634 aver-

2049 1677 2143 1735 tet,
2174 1668 2245 1722 Et
2269 1684 2301 1723 a
2338 1669 2579 1724 molestiis
2606 1687 2845 1724 manuum
2871 1680 3158 1725 nostrarum
3183 1687 3203 1725 :
3233 1681 3285 1725 et
3312 1670 3502 1725 iterum
3533 1668 3637 1724 hoc

2048 1758 2242 1827 ipsum,
2273 1759 2341 1813 ab
2366 1760 2637 1828 operibus,
2683 1761 2887 1831 inquit,
2931 1761 3108 1816 malis.
3152 1759 3267 1815 Non
3298 1759 3441 1815 enim
3485 1758 3634 1822 dicit,

2048 1863 2239 1905 manus
2266 1849 2452 1907 dolore
2476 1849 2695 1908 ali'eetas
2725 1868 2738 1906 :
2780 1853 2872 1908 sed
2905 1869 2999 1922 per
3025 1852 3233 1907 illarum
3263 1868 3426 1924 opera
3448 1862 3500 1907 et
3526 1867 3641 1906 ma-

2048 1939 2128 1994 las
2152 1939 2410 2006 actiones,
2442 1942 2714 1998 molestias
2740 1952 2923 1998 auctas
2948 1942 3130 2000 fuisse.
3169 1943 3232 1997 Et
3253 1961 3283 1997 a
3310 1953 3461 2007 terra,
3486 1959 3638 2013 quam

2050 2033 2311 2086 maledixit
2338 2033 2587 2088 Dominus
2616 2032 2771 2089 Deus.
2798 2033 3063 2091 Liberabil
3084 2050 3199 2099 nos,
3226 2035 3416 2105 inquit,
3438 2035 3506 2088 ab
3526 2049 3643 2087 oni-

2051 2122 2207 2179 nibus
2261 2124 2416 2179 malis
2459 2126 2857 2195 prementibus,
2903 2136 2958 2182 et
3002 2126 3274 2182 laboribus
3303 2135 3360 2181 et
3409 2125 3642 2181 miseriis

2052 2230 2182 2286 quas
2213 2216 2454 2272 subimus
2481 2220 2530 2273 in
2573 2229 2710 2274 terra
2746 2219 2993 2287 colenda,
3020 2235 3139 2291 qua:
3166 2219 3524 2275 maledictioni
3556 2218 3639 2273 fa-

2050 2322 2136 2365 cta
2165 2321 2245 2366 est
2270 2311 2499 2366 obnoxia
2520 2319 2733 2382 propter
2757 2313 3063 2383 primigenio
3085 2313 3318 2368 hominis
3347 2323 3643 2382 transgres-

2053 2404 2281 2459 sionem.
2309 2404 2404 2459 llic
2444 2404 2833 2470 animadverte,
2865 2405 3079 2472 dilecte,
3120 2406 3390 2476 quomodo
3433 2406 3645 2476 puellus

2056 2497 2157 2551 iste
2203 2497 2453 2567 paulatim
2497 2510 2784 2562 crescens,
2836 2497 3085 2552 omnibus
3127 2496 3299 2569 ipsum
3343 2497 3647 2553 videntibus

2057 2588 2295 2644 discendi
2345 2590 2554 2644 occasio
2607 2589 2784 2645 fuerit.
2834 2587 2966 2644 Nam
3017 2604 3138 2644 mox
3191 2598 3249 2645 ut
3282 2589 3402 2661 quis
3450 2604 3644 2645 nomen

2059 2681 2208 2751 pueri
2237 2680 2538 2737 sciscitatus
2581 2689 2682 2747 est,
2711 2696 2777 2737 ex
2806 2681 3244 2752 interpretatione
3288 2682 3534 2738 vocabuli
3562 2682 3647 2739 di-

2058 2771 2189 2827 dicit
2231 2781 2545 2827 eveuturum
2590 2772 2893 2842 generalem
2929 2771 3220 2828 interitum.
3263 2771 3394 2827 Nam
3440 2773 3484 2827 si
3529 2774 3647 2841 quis

2058 2863 2241 2919 divino
2283 2863 2486 2935 Spiritu
2531 2863 2744 2919 alllatus
2792 2864 3106 2933 simpliciter
3136 2866 3236 2920 hoc
3275 2866 3506 2920 futurum
3561 2867 3647 2921 di-

2063 2958 2253 3021 xisset,
2300 2954 2355 3012 id
2375 2955 2553 3010 statim
2602 2953 2787 3010 inisset
2812 2953 3064 3009 oblivioni
3096 2954 3367 3022 traditum,
3391 2964 3446 3012 et
3469 2956 3648 3026 gravi-

2063 3060 2146 3106 tas
2190 3065 2361 3122 poena:
2397 3065 2504 3104 non
2535 3048 2719 3105 fuisset
2747 3047 2994 3104 omnibus
3022 3048 3233 3121 cognita
3267 3066 3281 3104 :
3311 3063 3455 3104 nunc
3471 3059 3648 3104 autem

2063 3144 2186 3212 quia
2235 3141 2324 3197 hic
2357 3149 2481 3197 ante
2508 3140 2748 3196 omnium
2773 3149 3015 3195 versatur
3038 3140 3242 3206 oculos,
3266 3141 3579 3211 tempestive
3597 3150 3653 3196 et

2064 3236 2438 3306 intempestive
2462 3233 2697 3289 divinam
2728 3232 3183 3289 commemorabat
3208 3232 3649 3304 indignationem.

2066 3328 2233 3384 Porro
2280 3337 2341 3383 ut
2385 3336 2533 3383 certo
2563 3326 2795 3382 sciamus
2820 3335 3020 3395 quanto
3051 3334 3289 3397 tempore
3344 3340 3653 3396 persevcra—

2065 3419 2203 3476 verit
2225 3418 2365 3474 ﬁlius
2392 3433 2488 3489 per
2510 3418 2590 3473 sui
2619 3416 2853 3472 nominis
2901 3417 3309 3487 appellationem
3338 3432 3527 3472 omnes
3562 3417 3656 3473 ad-

2066 3524 2288 3567 monere
2317 3518 2376 3565 ut
2397 3508 2721 3566 desisterent
2748 3524 2779 3563 a
2819 3516 3055 3577 peccato,
3087 3516 3142 3564 et
3167 3508 3413 3562 virtutem
3451 3508 3656 3577 ample-

2065 3612 2337 3668 xarentur,
2364 3614 2469 3672 quo
2493 3601 2625 3655 iram
2656 3599 2793 3654 lianc
2812 3598 3046 3668 ell‘ugere
3088 3599 3347 3664 valerent,
3365 3597 3494 3653 dicit
3519 3615 3532 3652 :
3563 3596 3655 3654 52.

2067 3695 2138 3751 Et
2171 3706 2276 3750 erat
2303 3695 2414 3749 Noe
2452 3709 2705 3748 annorum
2737 3692 3145 3763 quingentorum,
3169 3700 3217 3746 et
3257 3691 3429 3762 genuit
3465 3700 3563 3746 tres
3588 3690 3660 3760 ﬁ-

2069 3791 2186 3848 lios.
2219 3789 2352 3845 Vide
2377 3788 2566 3843 iterum
2595 3787 2755 3842 alium
2781 3786 2981 3857 justum
3021 3801 3142 3841 cum
3197 3800 3362 3841 uxore
3397 3795 3452 3842 et
3501 3785 3658 3851 liliis,

2071 3884 2164 3954 qui
2209 3883 2346 3938 bene
2378 3880 2647 3952 Operando
2673 3879 2959 3934 admodum
3007 3878 3206 3949 placuit
3237 3879 3367 3946 Deo,
3399 3888 3453 3934 et
3479 3888 3663 3934 contra

2071 3990 2229 4045 quam
2257 3989 2444 4031 omnes
2470 3972 2718 4042 agebant,
2747 3971 2958 4025 virtutis
2988 3971 3125 4024 viam
3162 3969 3325 4040 elegit
3356 3986 3369 4022 :
3398 3978 3452 4024 et
3490 3985 3665 4038 neque

2076 4065 2271 4136 nuptiis
2297 4105 2312 4130 ,
2365 4076 2536 4133 neque
2582 4060 2812 4116 ﬁliorum
2856 4059 3175 4116 educatione
3224 4059 3519 4129 prohibitus
3561 4071 3664 4115 est.

2075 4152 2245 4213 Porro
2267 4150 2692 4223 obstupescenda
2718 4159 2801 4207 est
2838 4148 3119 4207 inel‘t‘abilis
3168 4151 3421 4221 patientia
3455 4151 3569 4215 Dei,
3611 4160 3665 4206 et

2075 4247 2377 4322 prodigiosa
2405 4244 2681 4301 hominum
2704 4287 2719 4312 ,
2760 4242 2852 4315 qui
2881 4252 3005 4299 tunc
3031 4251 3221 4311 erant,
3248 4243 3502 4315 nequitia.
3523 4243 3667 4299 Ecce

2077 4342 2220 4398 enim
2240 4338 2542 4411 quingentis
2584 4337 2738 4392 annis
2764 4335 2969 4391 vixerat
2993 4334 3171 4406 justus
3197 4336 3305 4403 ille,
3334 4335 3572 4390 clamans
3612 4344 3672 4390 et

2081 4432 2370 4491 testiﬁcans
2399 4446 2497 4488 suo
2522 4429 2741 4486 nomine
2769 4426 3004 4484 futurum
3033 4444 3127 4499 per
3152 4429 3457 4484 universum
3485 4428 3676 4484 orbein

2079 4529 2356 4594 diluvium,
2387 4526 2457 4581 ob
2480 4523 2698 4579 nimiam
2744 4519 3021 4577 hominum
3050 4521 3306 4576 malitiam
3332 4562 3346 4586 ,
3396 4528 3451 4577 et
3502 4534 3683 4591 neque

2082 4621 2162 4676 sic
2185 4635 2216 4676 a
2247 4619 2482 4690 nequitia
2511 4616 2784 4672 abstinere
2812 4616 3117 4671 voluerunt.
3150 4614 3220 4669 At
3248 4615 3486 4669 clemens
3531 4613 3683 4668 Deus

2085 4726 2257 4781 neque
2287 4717 2405 4780 post
2432 4716 2635 4763 tantum
2664 4704 2992 4772 vaticinium,
3025 4719 3199 4775 neque
3227 4712 3347 4772 post
3389 4711 3470 4758 tot
3504 4716 3674 4755 anno-

2087 4820 2206 4860 rum
2229 4816 2508 4858 numerum
2538 4814 2751 4870 paznam
2780 4796 2980 4853 inducit
3008 4813 3022 4848 :
3051 4795 3147 4850 sed
3172 4794 3350 4850 denuo
3394 4808 3547 4849 suam
3576 4806 3677 4847 au-

2087 4906 2271 4952 cturus
2298 4892 2630 4965 patientiam,
2678 4890 2813 4944 alios
2856 4904 2960 4944 non
2987 4901 3183 4957 paucos
3208 4899 3378 4940 annos
3404 4900 3513 4939 sum.
3541 4883 3682 4937 tole-

2090 4987 2275 5044 rantiae
2304 4984 2563 5057 adjuugit.
2592 4981 2776 5052 Neque
2797 4981 2938 5036 enim
2971 4979 3090 5033 ideo
3118 4977 3366 5048 produxit
3390 4975 3687 5030 humanum

2091 5095 2260 5153 genus
2283 5089 2342 5135 ut
2362 5078 2595 5149 puniret,
2621 5073 2715 5129 sed
2745 5073 2908 5144 plane
2935 5087 2967 5127 e
2986 5070 3218 5134 diverso,
3254 5078 3307 5122 ut
3333 5067 3554 5122 donaret
3581 5080 3682 5119 uo-

2094 5172 2179 5228 bis
2222 5171 2500 5226 innumera
2527 5167 2664 5224 bona
2694 5164 2889 5235 quibus
2918 5162 3237 5218 fruerentur.
3294 5160 3361 5214 Et
3403 5168 3690 5229 propterea

2095 5263 2267 5333 ipsum
2290 5259 2488 5331 ubique
2518 5257 2666 5313 vides
2689 5263 3045 5319 cunctantem,
3092 5262 3147 5306 et
3182 5266 3361 5307 moras
3383 5258 3696 5305 nectentem

2098 5355 2151 5409 in
2177 5352 2350 5424 poenis
2382 5348 2703 5421 inlligendis.
2729 5346 2924 5401 Verum
2958 5359 3026 5399 ne
3062 5342 3326 5398 dictorum
3353 5338 3703 5396 multitudine

2100 5443 2415 5503 memoriam
2460 5451 2693 5498 vestram
2748 5438 3074 5501 obruamus,
3123 5433 3213 5489 hic
3261 5445 3570 5489 sermonem
3620 5430 3695 5485 si.-

2099 5543 2324 5600 stentos,
2355 5543 2548 5590 cietera
2594 5545 2761 5602 usque
2788 5530 2841 5583 in
2887 5527 3175 5583 crastinum
3205 5537 3551 5594 reponemus.

2175 5628 2228 5685 6.
2271 5623 2487 5682 Moralis
2509 5625 2756 5701 epilogus.
2777 5621 2996 5676 -—ll;rc
3031 5630 3233 5688 autem,
3270 5634 3338 5673 ne
3378 5615 3700 5688 simplicites

2107 5729 2162 5777 et
2192 5717 2653 5775 inconsiderantcr
2680 5713 2979 5779 audiamus,
3006 5709 3183 5766 dilecti
3224 5728 3238 5764 :
3265 5707 3361 5764 sed
3384 5707 3697 5763 erudiamus

2109 5809 2178 5867 ad
2210 5808 2467 5865 virtutum
2508 5821 2692 5862 curam
2730 5802 3013 5876 agendam,
3063 5800 3458 5870 adinodnmque
3485 5797 3691 5853 studeao

2111 5918 2229 5960 mus
2261 5902 2369 5958 Deo
2395 5900 2534 5957 bene
2566 5899 2807 5971 placere;
2856 5904 2910 5953 ct
2936 5909 3106 5964 neque
3138 5907 3326 5948 uomus
3354 5883 3697 5961 gubernatior
