4110 6492
437 489 534 545 185

436 616 576 663 nem,
610 612 781 669 neque
810 597 992 653 uxoris
1031 613 1235 665 curam,
1274 616 1446 670 neque
1475 601 1702 655 ﬁliorum
1751 597 2011 654 sollicztu-

437 692 634 755 dinem,
667 706 837 761 neque
874 691 1015 746 aliud
1043 691 1294 762 quiddam
1337 702 1710 762 prtetexamus,
1737 692 1874 763 quod
1925 707 1992 760 ptt

438 796 609 841 tentus
637 787 764 841 satis
793 800 915 842 esse
957 786 1024 841 ad
1069 788 1429 842 excusandam
1474 798 1707 841 nostram
1748 788 2013 855 negligcno

439 886 568 943 tem,
615 876 960 947 desidemque
1007 879 1168 932 vitam
1218 896 1232 932 :
1279 893 1449 945 neque
1499 877 1683 946 frigida
1728 876 1817 930 illa
1860 874 2021 930 verba

441 967 797 1036 proferamus,
850 978 906 1023 et
946 967 1184 1022 dicamus
1224 985 1236 1020 :
1282 968 1575 1023 Mundauus
1620 982 1757 1031 sum,
1801 979 2021 1019 uxorem

443 1055 635 1122 habeo,
662 1067 713 1112 et
741 1058 1029 1112 liberorum
1057 1073 1239 1112 emam
1274 1072 1403 1127 gero
1436 1075 1449 1112 :
1484 1057 1533 1111 id
1578 1055 1717 1127 quod
1753 1055 1902 1110 multi
1931 1069 2025 1110 so-

444 1146 555 1200 lent
579 1147 778 1214 dicere,
823 1147 865 1198 si
897 1148 1108 1217 quando
1157 1162 1250 1201 eos
1293 1162 1539 1217 rogamus
1578 1156 1636 1201 ιιι
1672 1146 1740 1201 ad
1770 1147 2023 1200 virtutmn

446 1237 660 1292 labores
689 1238 1070 1307 ingrediantur,
1103 1240 1182 1294 vel
1216 1240 1438 1293 multum
1480 1238 1711 1293 studium
1742 1237 2028 1292 adhibeant

448 1329 502 1383 iu
532 1329 698 1385 Sacris
727 1329 917 1384 Literis
943 1329 1201 1400 legendis.
1234 1331 1347 1385 Non
1370 1342 1449 1386 est
1472 1331 1572 1386 hoc
1593 1346 1791 1392 meum,
1822 1331 2025 1400 inquit:

448 1419 701 1489 numquid
765 1420 1058 1474 renuntiavi
1122 1422 1359 1476 sa'culo?
1430 1422 1685 1491 numquid
1740 1421 2031 1475 monachus

448 1508 601 1562 sum?
629 1508 765 1575 Quid
792 1508 944 1574 dicis,
975 1510 1174 1564 homo?
1203 1512 1285 1566 An
1313 1511 1362 1565 h:
1384 1527 1416 1567 c
1453 1512 1516 1565 ad
1549 1514 1696 1568 solos
1744 1509 2034 1567 monachos

452 1602 701 1668 pertinet,
732 1609 790 1654 ιιι
816 1601 952 1657 bene
977 1602 1085 1658 Deo
1116 1603 1400 1672 placeant?
1426 1605 1627 1659 Omnes
1655 1605 1897 1657 homines
1926 1603 2036 1657 vult

452 1691 628 1743 salvos
654 1689 790 1755 fieri,
817 1701 867 1746 ct
895 1693 960 1745 ad
987 1694 1310 1761 agnitionem
1340 1695 1581 1748 veritatis
1607 1694 1789 1747 venire
1815 1692 2033 1764 (LTim.

454 1778 507 1830 2.
543 1779 622 1845 ι),
655 1779 960 1849 nullamque
984 1781 1236 1834 virtutem
1265 1782 1546 1850 negligere.
1578 1781 1714 1835 Audi
1746 1783 1887 1836 enim
1913 1796 2034 1836 cum

459 1883 552 1936 per
581 1871 889 1938 prophetam
931 1870 1197 1925 dicentem
1243 1888 1257 1923 :
1310 1870 1448 1925 Nolo
1490 1883 1697 1925 mortem
1739 1872 2035 1939 peccatoris,

462 1961 549 2012 sed
575 1971 630 2013 ut
657 1972 973 2015 convertatur
999 1973 1047 2016 et
1072 1964 1201 2017 vivat
1240 1964 1452 2033 (Ezeclt.
1488 1965 1572 2019 l8.
1601 1965 1719 2036 25).
1753 1964 2036 2033 Numquid,

459 2051 544 2105 die
573 2066 690 2118 oro,
711 2053 856 2122 justo
883 2052 1004 2108 huic
1034 2055 1215 2109 uxoris
1239 2054 1589 2120 consuetudo,
1636 2055 1717 2109 vei
1755 2054 2039 2109 liberorum

459 2155 585 2194 cura
622 2140 719 2195 fuit
746 2140 1061 2197 obstaculo?
1099 2143 1335 2199 Obsecro
1382 2144 1540 2215 igitur
1579 2161 1644 2199 uc
1687 2145 2043 2215 nosmetipsos

464 2232 725 2300 fallamus,
753 2233 846 2289 sed
876 2245 1075 2304 quanto
1100 2235 1266 2307 magis
1294 2234 1659 2305 hujuscemodi
1693 2236 1836 2290 curis
1865 2235 2043 2308 impli-

462 2338 664 2390 cantur,
694 2334 842 2381 tanto
880 2327 1049 2398 magis
1090 2327 1322 2384 remedia
1371 2344 1436 2383 ex
1476 2328 1701 2384 lectione
1746 2329 2043 2382 divinarum

465 2417 858 2488 Scripturarum
896 2422 1267 2490 suseipiamus.
1308 2420 1496 2476 Nonne
1543 2431 1597 2475 ct
1649 2421 1724 2475 illi
1768 2421 2042 2487 ejusdem,

466 2511 619 2578 cujus
647 2525 743 2565 nos
769 2524 972 2577 sumus,
1007 2511 1219 2566 fuerttnt
1246 2522 1466 2577 natttrte,
1502 2527 1674 2581 neque
1719 2520 1824 2565 tam
1856 2511 2049 2565 multas

471 2600 768 2656 habuerunt
795 2602 1104 2657 occasiones
1122 2601 1187 2655 ad
1216 2602 1423 2657 tirtutis
1449 2601 1680 2657 studium
1706 2601 2049 2657 induceutcs?

470 2691 585 2758 Qua
627 2705 756 2762 ergo
797 2690 997 2747 erimus
1034 2692 1193 2747 venia
1232 2692 1397 2762 digni,
1436 2693 1522 2762 qui
1575 2693 1661 2747 tali
1703 2692 1923 2747 fruimur
1951 2692 2050 2746 do-

471 2782 663 2847 ctrina,
685 2790 950 2837 cttantam
976 2783 1199 2853 gratiam
1223 2783 1490 2852 asscquuti
1510 2799 1712 2849 sunms,
1738 2800 1801 2838 ac
1824 2799 2052 2852 superne

473 2872 763 2926 subsidium
789 2873 1063 2938 habemus,
1093 2882 1147 2928 et
1172 2874 1514 2928 ineﬂ'abilium
1546 2876 1758 2930 illorum
1788 2876 2049 2930 bonorum

473 2965 881 3033 promissionem
906 2964 1230 3034 accepimus,
1260 2965 1303 3019 si
1333 2980 1440 3019 non
1466 2965 1532 3019 ad
1560 2981 1860 3020 mensuram
1891 2967 2057 3021 virtu-

475 3064 586 3107 tum
627 3054 985 3123 pervenimus,
1030 3054 1220 3124 quibus
1262 3055 1467 3125 antiqui
1511 3054 1696 3110 Patres
1749 3055 2054 3125 pol'ebant?

475 3144 606 3199 Nam
636 3147 680 3200 si
710 3146 1033 3200 voluerimus
1057 3146 1218 3201 sobrii
1248 3162 1385 3212 csse,
1422 3145 1691 3201 sufticiunt
1720 3147 1801 3201 vel
1843 3163 1903 3202 ea
1938 3162 2057 3217 qua:

477 3237 636 3293 hodie
673 3238 808 3294 dicta
849 3248 973 3294 sunt
1003 3249 1055 3296 ,ιι
1082 3239 1146 3294 ad
1176 3240 1383 3294 virtutis
1410 3256 1646 3294 amorem
1674 3256 1769 3293 nos
1800 3240 2054 3307 excitent,

481 3344 579 3383 nec
603 3330 771 3382 ullnur
795 3339 1042 3406 putemus
1077 3329 1141 3391 ad
1189 3330 1324 3391 illius
1364 3333 1505 3387 viam
1541 3351 1662 3393 esse
1706 3329 2059 3398 impedimen-

483 3431 613 3480 tum.
644 3426 776 3481 Nam
813 3429 856 3482 si
887 3430 917 3481 ti
946 3429 1034 3498 qui
1062 3438 1185 3482 ante
1215 3428 1388 3499 legem
1418 3435 1587 3491 erant,
1616 3442 1647 3481 a
1674 3425 1915 3481 doctrina
1959 3443 2048 3483 ua-

482 3525 616 3571 turte
669 3531 779 3572 suae
820 3520 975 3573 insita
1018 3519 1085 3573 ad
1138 3528 1335 3574 tantam
1384 3519 1708 3589 pcrligcruut
1752 3519 1999 3573 virtutem
2042 3534 2058 3572 :

482 3607 608 3676 quid
634 3623 730 3662 nos
762 3610 1052 3677 poterimus
1077 3610 1278 3675 dicere,
1305 3610 1395 3679 qui
1427 3618 1545 3679 post
1588 3620 1789 3662 tautmn
1829 3606 2062 3662 admini-

484 3698 682 3762 culum,
709 3707 764 3753 ct
799 3714 868 3769 po
899 3710 919 3753 t
960 3700 1157 3754 Clu-isti
1187 3701 1493 3763 adventum,
1532 3712 1583 3753 et
1634 3700 1909 3752 iunium-ra
1947 3697 2064 3768 ejus

486 3792 758 3857 miracula,
778 3792 950 3845 adltuc
966 3801 1073 3846 tant
1102 3793 1334 3861 procula
1353 3793 1544 3845 virtute
1568 3792 1785 3844 smnus?
1815 3790 2061 3854 Proinde,

485 3882 731 3946 obsecro,
764 3898 830 3937 ne
865 3884 931 3937 ad
960 3898 1021 3938 ea
1047 3899 1165 3954 qua:
1191 3884 1241 3938 in
1268 3884 1435 3939 sacris
1462 3882 1749 3951 Scripturis
1786 3890 1912 3935 sunt
1936 3896 2067 3933 euu-

489 3984 629 4026 tenta
661 3973 971 4046 simpliciter
996 3976 1377 4046 ingrediantur,
1408 3974 1499 4029 sed
1530 3990 1593 4029 ea
1623 3989 1744 4028 cum
1770 3974 2065 4028 attentione

488 4063 743 4133 legamus,
773 4076 831 4120 ιιι
857 4082 923 4120 ex
955 4066 1059 4120 illis
1103 4075 1351 4136 percepta
1383 4066 1626 4128 utilitate,
1671 4063 1757 4119 vel
1796 4078 1918 4118 sero
1962 4063 2069 4117 sal-

488 4166 593 4209 tem
621 4157 904 4228 aliquando
931 4158 1202 4223 virtutczn,
1243 4174 1403 4228 quam
1451 4158 1589 4213 Deus
1628 4156 1834 4226 probat,
1876 4170 2068 4225 capes-

486 4261 606 4302 sere
634 4250 923 4305 valeamus.
958 4249 1089 4305 Nam
1131 4250 1176 4304 si
1208 4249 1535 4320 spiritualetu
1587 4250 1723 4303 hanc
1769 4248 2065 4303 doctrinam

487 4341 646 4391 ctiam
677 4355 773 4395 nos
801 4341 1039 4411 quotidie
1068 4342 1219 4395 vobis
1244 4339 1524 4394 clamaturi
1553 4356 1756 4406 sumus,
1787 4345 1983 4408 vosque
2015 4339 2066 4392 in

490 4427 681 4483 eadem
724 4431 987 4484 maneatis
1016 4431 1240 4500 ignavia,
1267 4446 1389 4500 qua:
1416 4438 1588 4484 vestra
1619 4429 1722 4484 erit
1763 4431 1963 4484 utilitas
2000 4445 2067 4483 cx

489 4521 736 4573 continua
759 4521 1038 4577 doctrina?
1057 4534 1147 4576 aut
1173 4524 1324 4579 nobis
1341 4539 1458 4593 qua:
1482 4524 1775 4578 consolatio
1801 4523 1922 4588 erit,
1947 4538 2067 4577 cum

493 4610 748 4675 videmus,
782 4629 881 4667 nos
907 4622 1108 4668 tantum
1137 4615 1380 4674 laborare
1407 4616 1625 4682 frustra,
1659 4628 1709 4670 et
1743 4616 1871 4669 nihil
1906 4617 2065 4686 proli-

490 4713 614 4755 cere
648 4711 791 4756 tanto
820 4704 1032 4758 studio?
1071 4705 1162 4759 Dic
1205 4704 1333 4759 mihi
1363 4719 1380 4758 :
1405 4704 1592 4760 Nonne
1616 4721 1679 4760 cx
1709 4706 1912 4759 duabus
1937 4705 2071 4759 sub-4

492 4792 703 4847 stantiis
726 4794 995 4848 constituti
1026 4811 1229 4861 sumus,
1259 4812 1321 4850 ex
1348 4797 1522 4850 anima
1551 4796 1691 4862 dico,
1723 4804 1778 4850 ct
1804 4796 2069 4865 corpore?

489 4883 598 4939 Cur
621 4900 748 4954 ergo
775 4902 878 4939 non
906 4901 1086 4957 parem
1129 4889 1337 4958 utrique
1362 4904 1543 4942 curam
1572 4887 1945 4958 impendimus,
1975 4888 2068 4943 sed

488 4992 684 5046 eoi-pus
719 4978 930 5047 quidem
970 4980 1213 5034 onmibus
1252 4978 1422 5033 modis
1448 4995 1716 5044 curamus,
1749 4989 1802 5033 et
1838 4980 2069 5034 accersi-

492 5080 610 5119 tuus
632 5068 887 5132 medicos,
910 5084 973 5123 ac
999 5085 1093 5123 nos
1111 5085 1320 5140 quoque
1346 5070 1470 5124 illud
1494 5070 1774 5140 diligenter
1797 5086 2065 5137 curamus,

493 5159 684 5212 vestitu
714 5162 947 5228 pretioso
977 5160 1103 5214 illttd
1138 5161 1383 5229 tegimus,
1411 5161 1587 5214 cibum
1614 5176 1772 5231 supra
1803 5176 1959 5230 quam
1986 5169 2070 5215 sat

490 5259 573 5303 est
594 5252 871 5316 sumimus,
896 5262 1056 5322 atque
1082 5252 1132 5305 iu
1153 5252 1401 5306 continua
1427 5255 1775 5322 prosperitate
1798 5252 1925 5306 illud
1948 5267 2068 5307 esse

495 5339 758 5405 voluntas,
789 5350 845 5394 et
871 5342 1011 5395 nulla
1040 5342 1260 5395 omnino
1295 5341 1610 5411 a‘gritudinc
1638 5342 1815 5397 vesari
1850 5360 1863 5395 :
1895 5342 1989 5397 sed
2021 5342 2065 5396 si

494 5425 630 5479 forte
666 5428 791 5493 quid
818 5430 1084 5495 obturbet,
1116 5447 1328 5486 onmem
1361 5447 1637 5487 movemus
1659 5431 1981 5496 machinam,
2012 5441 2068 5487 ιιι

493 5516 633 5582 quod
658 5517 953 5575 molestiam
982 5522 1135 5577 affert
1157 5523 1511 5579 emendetur?
1542 5525 1605 5579 lit
1632 5524 1732 5579 hoc
1757 5525 1824 5579 de
1843 5540 2069 5593 corpore

494 5609 638 5676 ἀίει),
667 5613 807 5678 quod
841 5614 1131 5671 secundum
1177 5617 1525 5672 substantiam
1577 5619 1751 5672 minus
1788 5627 1869 5670 est
1898 5634 1911 5668 :
1941 5617 2068 5686 quid

493 5700 633 5753 enim
655 5701 844 5769 majus,
873 5707 1138 5772 animane,
1167 5725 1233 5762 an
1260 5710 1639 5778 corpus?Nam
1670 5711 1715 5765 si
1744 5715 1824 5766 vis
1847 5715 1861 5744 ¹
1890 5712 2069 5766 videre

560 5792 573 5865 ξ
609 5790 811 5865 tfavjlitts
831 5808 901 5865 ste
924 5795 1072 5865 habet
1087 5829 1103 5847 .
1127 5803 1180 5847 Et
1206 5799 1301 5865 hoc
1317 5802 1379 5865 tte
1405 5813 1632 5865 corpore.
1658 5805 1786 5865 quod
1806 5806 2071 5854 scrttmittttt

495 5855 980 5922 Si;bafttttfitltttnntiutta
1005 5863 1092 5913 est.
1111 5858 1250 5919 (quid
1271 5861 1399 5910 enim
1424 5855 1608 5922 imitus,
1625 5855 1853 5918 animum
1874 5881 1935 5915 tu:
1956 5881 2067 5917 cor-

488 5925 581 5970 pus
599 5914 643 5962 1’)
660 5914 955 5966 (repit-(«tutus
977 5924 1022 5966 ιί
1042 5914 1267 5972 currimus
1313 5931 1364 5974 Et
1385 5924 1426 5974 si
1454 5914 1579 5974 tis...

1196 487 1254 543 8.
1293 487 1568 548 JO.\NNlS
1602 473 2078 546 CllliYSOSTUMl
2113 471 2431 528 Mitlllll-IP.
2474 475 3007 536 CONSTANTINOP:

3607 486 3721 543 183

2129 586 2518 654 diversitatem,
2543 590 2906 648 animadverte
2931 594 3202 663 quomodo
3229 596 3422 652 nullius
3454 600 3717 652 momenti

2122 679 2191 730 sit
2215 694 2410 749 corpus
2439 681 2483 734 si
2513 684 2689 735 anima
2714 684 2783 737 ab
2809 698 2876 738 eo
2902 684 3227 740 discesserit.
3264 688 3427 757 Igitur
3459 692 3552 759 qui
3593 702 3718 745 tan-

2129 776 2233 820 tam
2265 770 2427 823 habes
2449 772 2691 839 corporis
2714 788 2917 837 curam,
2956 775 3108 843 cujus
3149 779 3339 846 gratia.
3388 789 3442 832 et
3495 794 3727 848 propter

2125 859 2252 929 quid
2286 869 2489 914 tantum
2517 863 2710 917 anima:
2733 875 3096 936 contemptum
3137 866 3394 931 admittis.
3438 879 3493 923 et
3540 886 3725 940 neque

2128 964 2422 1018 congruum
2455 951 2530 1006 illi
2559 952 2735 1008 cibum
2764 955 3054 1026 impartiris
3094 975 3109 1011 :
3140 958 3557 1015 admonitionem
3590 962 3727 1016 diro

2132 1056 2197 1094 ex
2239 1040 2406 1094 sacris
2434 1040 2744 1112 Scripturis,
2792 1060 2964 1116 neque
3008 1047 3317 1105 vulneribus
3352 1059 3407 1104 et
3447 1052 3726 1108 ulceribus

2132 1146 2249 1199 quae
2277 1130 2415 1186 illius
2443 1133 2605 1187 robur
2628 1133 2927 1201 debilitant,
2949 1146 2999 1191 et
3031 1137 3274 1194 fiduciam
3295 1154 3570 1208 enervant,
3597 1142 3727 1195 ido-

2137 1237 2234 1277 nea
2266 1221 2500 1278 remedia
2527 1225 2752 1293 apponis
2780 1243 2794 1279 :
2824 1226 2918 1281 sed
2947 1225 3056 1282 fers
3086 1238 3142 1282 ut
3171 1229 3259 1284 illa
3295 1230 3544 1301 despecta
3577 1232 3731 1287 fame

2136 1313 2496 1379 contabescat,
2520 1314 2589 1368 ab
2616 1315 2887 1371 ulceribus
2915 1318 3196 1387 putrefiat;
3234 1328 3291 1374 et
3332 1320 3537 1390 objecta
3563 1324 3729 1392 quasi

2139 1404 2380 1463 canibus.
2414 1405 2567 1459 liceat
2594 1407 2671 1460 sic
2693 1406 2892 1474 dicere,
2920 1423 2950 1462 a
2973 1408 3125 1464 malis
3149 1419 3204 1464 et
3229 1410 3423 1465 illicitis
3443 1414 3734 1482 cogitatio-

2141 1493 2298 1548 nibus
2319 1494 2659 1562 dilaceretur,
2686 1498 2975 1568 omnirque
2991 1499 3216 1555 firmitas
3237 1500 3351 1571 ejus
3373 1502 3727 1558 dissolvatur.

2214 1586 2395 1638 Anima
2418 1588 2669 1656 quomodo
2694 1590 2942 1645 curanda.
2964 1621 3033 1631 —
3051 1592 3352 1661 QIIaI'CﬂOII
3378 1596 3513 1650 sicut
3540 1596 3734 1651 visibi‘

2142 1677 2206 1731 lis
2233 1680 2472 1748 corporis
2495 1682 2726 1751 gerimus
2744 1697 2948 1750 curam,
2978 1685 3048 1738 ita
3072 1693 3128 1739 et
3154 1672 3364 1752 animm,
3389 1703 3509 1757 qua:
3539 1689 3731 1743 incor-

2145 1784 2303 1839 porca
2334 1780 2389 1825 et
2414 1771 2725 1837 invisibilis;
2770 1776 3062 1841 pnescrtim
3100 1791 3221 1831 cum
3268 1792 3396 1832 cura
3437 1779 3572 1849 ejus,
3614 1797 3732 1835 non

2147 1859 2305 1914 modo
2334 1862 2466 1915 levis
2493 1862 2563 1916 sit
2586 1871 2643 1918 et
2677 1862 2866 1929 facilis,
2911 1865 3004 1919 sed
3032 1867 3189 1921 etiam
3227 1869 3359 1922 nihil
3402 1869 3454 1923 iu
3484 1885 3542 1924 ea
3572 1872 3735 1925 insu-

2148 1960 2342 2016 matur,
2395 1967 2568 2022 ncque
2622 1953 2929 2008 laboretur?
2987 1956 3162 2025 Atque
3216 1956 3301 2012 hic
3348 1959 3558 2027 quidem
3598 1977 3735 2014 cum

2148 2053 2231 2098 est
2257 2059 2450 2113 corpus
2502 2045 2819 2112 cmaudum,
2859 2062 2980 2101 cum
3020 2050 3238 2103 sanandi
3270 2050 3438 2104 morbi
3483 2052 3739 2122 corporis

2149 2151 2393 2207 magnam
2450 2152 2670 2193 necesse
2725 2148 2808 2193 est
2855 2140 3143 2208 pecuniam.
3184 2141 3530 2210 impendere,
3585 2159 3739 2198 nunc

2151 2226 2203 2280 iu
2258 2226 2533 2292 medicos,
2593 2243 2734 2282 nunc
2785 2228 2835 2282 in
2877 2229 2981 2284 alia
3037 2232 3334 2285 necessaria
3363 2273 3379 2297 ,
3434 2242 3613 2301 utpote
3677 2235 3735 2287 iu

2155 2326 2332 2372 vestes
2373 2327 2427 2373 et
2462 2318 2761 2373 alimenta:
2807 2334 2874 2374 nc
2915 2319 3041 2391 quid
3090 2321 3300 2375 interim
3340 2323 3511 2377 dicam
3557 2324 3623 2377 de
3670 2325 3739 2379 iis

2153 2423 2274 2477 qua:
2322 2418 2516 2478 przetcr
2558 2410 2917 2465 necessarium
2963 2427 3115 2467 usum
3170 2412 3298 2466 luxu
3348 2415 3736 2479 absumuntur;

2153 2501 2328 2556 anima
2400 2510 2577 2556 autem
2635 2503 2780 2558 nullo
2838 2504 3025 2558 horum
3092 2503 3328 2573 indiget,
3390 2504 3483 2559 sed
3539 2506 3582 2560 si
3635 2522 3739 2561 vo-

2156 2592 2356 2659 lueris,
2420 2594 2557 2647 sicut
2615 2594 2851 2663 quotidie
2909 2598 3120 2665 corpori
3181 2596 3359 2650 cibum
3427 2598 3743 2668 suppeditas

2156 2693 2211 2740 ct
2257 2684 2510 2753 pecunias
2539 2684 2788 2750 cﬂ‘undis,
2818 2687 2896 2741 sic
2924 2695 2979 2741 et
3014 2688 3244 2742 animam
3290 2705 3394 2741 non
3437 2689 3742 2757 despicere,

2159 2787 2215 2830 ut
2239 2791 2307 2830 ne
2336 2775 2473 2831 fame
2500 2787 2720 2847 pereat;
2746 2778 2837 2833 sed
2862 2777 2993 2833 dare
3020 2778 3117 2849 ipsi
3138 2788 3514 2849 congruentem
3533 2781 3740 2842 cibum.

2158 2867 2407 2923 videlicet
2442 2884 2506 2923 ex
2553 2868 2780 2924 lectione
2822 2868 3217 2939 Scripturarum
3260 2879 3315 2925 et
3360 2886 3445 2924 ex.
3479 2871 3743 2939 sltiriltlztli

2158 2959 2528 3015 adhortatione
2557 2975 2577 3013 :
2606 2957 2727 3013 Non
2756 2960 2897 3015 enim
2937 2961 2990 3014 in
3035 2977 3185 3030 parte,
3229 2962 3381 3028 dicit,
3409 2962 3570 3015 solum
3615 2963 3745 3016 eiset

2161 3052 2329 3119 homo,
2360 3053 2449 3106 sed
2485 3054 2536 3106 iu
2574 3053 2712 3107 ataui
2756 3054 2902 3107 verbo
2945 3053 3080 3123 quod
3123 3056 3376 3124 egreditur
3416 3072 3508 3126 per
3548 3072 3603 3110 os
3643 3054 3745 3109 Dei

2164 3142 2385 3214 (Matth.
2412 3144 2466 3199 4.
2496 3143 2564 3214 4)
2598 3160 2612 3196 :
2645 3145 2843 3214 optime
2866 3144 2933 3200 de
2961 3144 3043 3200 his
3072 3146 3341 3209 statueris,
3374 3157 3425 3200 et
3452 3147 3585 3216 parti
3622 3162 3748 3215 quae

2163 3236 2317 3291 nobis
2345 3236 2511 3307 magis
2541 3246 2620 3291 est
2654 3237 2884 3307 pr0pria,
2918 3249 3060 3294 recte
3088 3240 3443 3308 proSpcset-is.
3474 3238 3623 3293 Sicut
3647 3239 3749 3306 igi-

2166 3334 2253 3381 tur
2280 3327 2489 3397 corpori
2521 3329 2662 3382 varia
2691 3328 2897 3399 pra-bes
2923 3329 3252 3395 indmueuta,
3282 3340 3331 3384 ct
3359 3331 3616 3385 rationem
3649 3329 3748 3382 ha-

2164 3425 2258 3483 bes
2276 3422 2401 3477 anui
2429 3428 2809 3493 tempestatum
2835 3422 2887 3476 in
2915 3418 3140 3476 \CSlitlm
3162 3418 3472 3487 diversitate
3501 3445 3513 3480 :
3555 3420 3747 3480 sittztli-

2170 3527 2249 3572 tcr
2279 3533 2449 3587 neque
2474 3521 2705 3572 animam
2726 3517 3006 3586 despicito,
3038 3528 3095 3572 ut
3125 3533 3191 3573 ne
3226 3519 3361 3570 nuda
3394 3519 3544 3573 bonis
3569 3520 3745 3587 operi.

2169 3607 2267 3664 hus
2291 3609 2613 3675 obambulet,
2643 3608 2737 3663 scd
2768 3607 3080 3662 deccntibus
3111 3608 3252 3662 illam
3293 3608 3524 3664 chIihtts
3551 3608 3744 3674 indue;

2168 3701 2345 3755 statim
2379 3716 2495 3754 eam
2527 3699 2800 3771 reparabis
2827 3711 2881 3754 et
2904 3698 2969 3753 ad
3002 3699 3296 3754 naturalem
3340 3702 3615 3754 sanitatem
3659 3714 3746 3751 rc-

2169 3789 2354 3844 duces.
2385 3790 2448 3842 Et
2477 3805 2596 3860 qua:
2627 3799 2750 3843 sunt
2776 3789 2969 3843 anima:
3010 3788 3355 3844 indumenta?
3398 3790 3746 3860 Elecmosyna

2169 3890 2223 3936 et
2249 3881 2464 3950 largitas
2491 3881 2539 3933 in
2565 3896 2829 3952 pauperes
2859 3899 2872 3935 :
2903 3879 3002 3936 hoc
3036 3881 3178 3936 enim
3223 3881 3510 3935 maximum
3554 3882 3747 3934 anima:

2171 3975 2543 4030 vestimentum
2575 3983 2676 4041 est,
2704 3974 2804 4029 hoc
2831 3972 3164 4045 splendidum
3197 3973 3336 4029 ill'us
3362 3973 3742 4028 indmueutum.

2172 4069 2227 4124 Si
2258 4079 2434 4123 autem
2461 4070 2538 4123 vis
2566 4083 2671 4122 non
2701 4067 2872 4121 solum
2902 4066 3213 4121 vestimenta
3243 4081 3453 4136 parare,
3484 4065 3579 4121 sed
3608 4065 3746 4119 illam

2172 4178 2367 4218 ornare
2393 4163 2574 4226 etiam,
2606 4161 2743 4215 sicut
2768 4173 2962 4230 corpus
2987 4159 3149 4222 soles,
3191 4172 3401 4228 appone
3429 4155 3746 4226 adjutorium

2172 4252 2313 4323 quod
2338 4269 2401 4306 ex
2429 4250 2674 4322 precibus
2696 4258 2797 4311 est,
2826 4258 2878 4305 ct
2902 4257 3236 4319 peccatorum
3260 4246 3669 4309 confessionem,
3694 4255 3748 4298 et

2171 4345 2435 4400 Continuis
2463 4342 2707 4412 lacrymis
2729 4340 2916 4396 faciem
2941 4350 3083 4395 tuam
3107 4341 3283 4395 lavare
3303 4356 3370 4394 ne
3395 4354 3592 4394 cesses.
3613 4337 3746 4392 Nam

2173 4437 2307 4492 sicut
2337 4435 2521 4490 faciem
2553 4433 2795 4504 corporis
2822 4434 2895 4488 tui
2922 4431 3157 4503 quotidie
3196 4448 3316 4487 cum
3357 4432 3501 4485 otuni
3547 4429 3745 4484 sollici-

2177 4529 2358 4583 tudine
2379 4527 2570 4595 abluis,
2606 4541 2672 4580 nc
2716 4541 2817 4595 qua
2851 4524 2989 4580 forte
3037 4525 3237 4579 macula
3283 4523 3436 4577 faciei
3483 4523 3747 4576 inluerens

2173 4622 2467 4678 deformem
2514 4619 2656 4674 illam
2689 4619 2876 4673 reddat
2922 4636 2935 4671 ε
2976 4618 3053 4672 sic
3090 4627 3142 4671 ct
3171 4617 3362 4670 anima:
3398 4631 3580 4670 curam
3616 4614 3748 4667 habe

2177 4717 2396 4774 fervidis
2441 4715 2676 4786 quotidie
2724 4712 2971 4784 lztcrymis
3008 4727 3125 4766 eam
3172 4711 3411 4765 abluens.
3462 4708 3569 4762 llae
3607 4706 3747 4761 enim

2174 4826 2307 4879 aqua
2330 4808 2553 4863 maculis
2577 4805 2852 4874 depositis,
2877 4805 2991 4872 ejus
3020 4804 3179 4857 [κεῖρε
3207 4798 3532 4870 Sp'endidior
3554 4796 3744 4852 evadit.

2176 4903 2239 4956 Et
2266 4902 2386 4971 quia
2419 4900 2665 4953 mulieres
2687 4898 2953 4967 pleneque
2983 4896 3051 4949 ob
3077 4893 3376 4957 mollitiem,
3403 4890 3745 4960 apOstolicmn

2175 4994 2481 5050 mandatum
2522 4997 2945 5052 contemnentes,
2993 5002 3096 5054 quo
3138 4985 3355 5056 jubetur
3394 4998 3462 5036 ne
3508 4981 3571 5035 In
3610 4980 3749 5033 tortis

2172 5084 2415 5143 crinibus,
2445 5090 2531 5133 aut
2556 5095 2700 5141 auro,
2729 5077 2805 5131 vel
2834 5075 3141 5146 margaritis,
3180 5074 3258 5127 vel
3294 5084 3422 5126 reste
3460 5082 3749 5138 sumptuosa

2175 5192 2235 5232 se
2271 5181 2461 5230 ornent
2495 5173 2541 5241 (l
2599 5169 2733 5224 Tim.
2763 5169 2818 5222 2.
2841 5168 2920 5239 9),
2968 5182 3159 5238 magno
3207 5164 3307 5218 hoc
3347 5162 3472 5218 luxu
3523 5162 3750 5225 faciunt;

2176 5282 2346 5339 neque
2384 5264 2633 5319 mulieres
2664 5270 2888 5325 tantum,
2935 5259 3028 5314 sed
3073 5269 3126 5313 et
3170 5257 3266 5311 viri
3297 5255 3518 5327 quilibet
3564 5253 3752 5308 molles

2176 5361 2372 5414 vilibus
2420 5353 2745 5410 mulierculis
2779 5352 2981 5405 similes
3023 5352 3173 5411 linut,
3204 5347 3428 5401 annulus
3452 5345 3632 5415 digitis
3659 5359 3743 5409 ge-

2174 5461 2335 5512 stant,
2364 5458 2413 5503 et
2443 5444 2645 5517 magnis
2668 5443 3024 5514 gravibusque
3051 5438 3313 5508 lapidibus
3350 5452 3409 5490 se
3437 5443 3652 5499 ornant,
3686 5432 3753 5487 tle

2174 5541 2367 5613 quibus
2396 5538 2714 5592 erubescere
2736 5541 3010 5603 Oporterct
3048 5548 3065 5585 :
3110 5540 3163 5585 et
3193 5530 3297 5583 illa:
3325 5545 3453 5597 ergo
3495 5536 3553 5580 et
3580 5526 3664 5589 bi,
3707 5525 3753 5576 si

2175 5635 2309 5688 meis
2340 5639 2588 5701 parerent
2631 5626 2984 5687 sermonibus,
3030 5636 3188 5677 aurea
3234 5621 3368 5685 hare,
3400 5636 3517 5687 qua:
3547 5631 3605 5671 ct
3629 5616 3753 5669 viris

2174 5737 2228 5783 ct
2256 5723 2562 5778 mulieribus
2580 5720 2833 5774 damnosa
2858 5727 3001 5779 sunt,
3026 5716 3077 5767 in
3101 5722 3345 5768 ornatum
3365 5711 3556 5763 anima:
3583 5719 3736 5763 trans

2178 5821 2395 5879 ferrent,
2429 5824 2483 5869 et
2511 5814 2627 5867 istis
2656 5812 2796 5865 illam
2824 5809 3165 5862 adornarent.
3195 5804 3334 5876 ﬁam
3363 5802 3503 5856 sicut
3541 5798 3749 5868 eumut

2186 5908 2574 5974 circumposiza,
2622 5902 2828 5957 etiamsi
2857 5901 3147 5955 formosum
3177 5897 3267 5960 sit,
3312 5896 3481 5966 ipsum
3513 5891 3750 5948 deforme
