4110 6486
356 383 454 435 lilii

347 501 578 554 reddunt
609 516 620 551 :
653 497 724 551 ita
753 496 798 550 si
824 495 1016 550 animae
1050 493 1535 562 circumponantur,
1583 490 1794 546 etiamsi
1835 490 1932 546 de-

347 591 508 647 formi
526 602 791 644 summam
807 585 1250 657 pulchritudinem
1263 583 1532 640 afferrent.
1559 583 1626 637 Et
1645 580 1930 651 quomoda,

347 684 522 746 dices,
547 687 770 750 possunt
789 677 980 732 animae
1009 675 1335 745 circumponi
1354 675 1555 730 aurea?
1575 673 1769 728 lterum
1796 674 1934 734 diro,

352 787 454 842 per
472 784 662 826 manus
683 783 990 838 pauperum.
1016 767 1090 822 llli
1117 767 1258 823 enim
1279 766 1620 835 accipientes,
1651 762 1938 818 formosam

352 865 502 919 illam
528 861 776 917 reddunt.
805 861 914 916 lllis
936 874 1150 913 auream
1182 857 1459 927 pecuniam
1485 855 1652 920 trade,
1691 863 1746 909 et
1775 855 1825 908 in
1873 854 1939 906 il-

356 957 531 1009 lorum
557 962 770 1007 ventres
790 951 1098 1020 dispensata
1115 991 1128 1015 ,
1157 956 1462 1018 tantamque
1498 947 1570 1003 ibi
1591 945 1824 1001 vicissim
1847 944 1945 998 da—

358 1048 493 1102 bunt
517 1044 985 1115 pulchritudinem,
1009 1054 1070 1098 ut
1089 1041 1256 1097 forma
1284 1052 1369 1097 tua
1396 1056 1580 1095 verum
1605 1040 1750 1094 illum
1780 1054 1940 1107 spon-

357 1153 480 1194 sum
507 1138 724 1200 alliciat,
749 1137 1127 1204 innumeraque
1152 1133 1289 1187 dona
1315 1133 1577 1187 conciliet.
1602 1131 1736 1186 Cum
1762 1139 1943 1185 autem

361 1227 755 1298 pulchritudine
798 1226 1078 1280 Dominum
1132 1224 1416 1287 allexeris,
1466 1221 1944 1292 suppeditabantur

360 1320 460 1376 tibi
503 1319 642 1372 bona
672 1317 870 1382 omnia,
917 1325 972 1371 et
1001 1315 1276 1369 immensis
1317 1314 1506 1384 Opibus
1534 1313 1848 1367 ahuudabis.
1885 1311 1942 1365 Si

359 1426 492 1481 ergo
515 1409 770 1464 amabiles
799 1406 912 1462 ﬁeri
941 1407 1167 1460 Domino
1190 1406 1454 1472 volumus,
1483 1405 1592 1474 jam
1635 1419 1738 1457 non
1780 1419 1941 1457 orna-

363 1511 477 1555 tum
503 1499 741 1569 corporis
772 1499 902 1553 tanti
930 1499 1198 1561 faciamus,
1229 1497 1322 1551 sed
1347 1498 1533 1550 anima:
1560 1495 1944 1549 formositatem

363 1592 601 1664 quotidie
630 1607 817 1660 magna
848 1590 1119 1659 diligentia
1149 1603 1418 1654 curemus,
1453 1595 1581 1643 utet
1605 1587 1826 1657 gratiam
1849 1587 1945 1640 be-

366 1686 512 1754 nigni
545 1683 636 1738 Dei
668 1682 822 1737 nobis
845 1681 1209 1744 conciliemus,
1241 1691 1293 1734 et
1320 1678 1600 1734 ineﬂ'abilia
1642 1679 1776 1732 bona
1814 1692 1948 1731 eon-

364 1789 674 1844 sequamur,
706 1774 870 1842 gratia
903 1779 958 1827 ct
1001 1771 1325 1840 benignitate
1366 1770 1570 1824 Domini
1613 1769 1779 1824 nostri
1820 1768 1946 1823 Jesu

363 1869 585 1931 Christi,
614 1881 732 1919 cum
771 1880 876 1934 quo
915 1863 1078 1928 Patri,
1105 1863 1260 1917 simul
1299 1876 1354 1917 et
1393 1861 1609 1930 Spiritui
1655 1869 1840 1914 sancto
1880 1859 1950 1913 sit

365 1958 558 2026 g'oria,
600 1955 902 2025 imperium,
929 1955 1122 2021 honor,
1163 1969 1301 2008 nunc
1332 1961 1385 2008 et
1412 1966 1645 2021 semper,
1676 1951 1808 2006 etin
1850 1965 1949 2004 sa:-

365 2050 486 2106 cnla
516 2049 850 2104 smculorum.
884 2049 1072 2101 Amen.

915 2180 1190 2234 HOMILIA
1234 2179 1398 2235 XXII.

370 2295 438 2350 Et
471 2306 575 2348 rrut
605 2293 719 2348 Noe
747 2311 995 2346 annorum
1015 2294 1416 2362 quingentorum,
1447 2302 1491 2343 et
1518 2290 1688 2360 genuit
1713 2287 1826 2341 Noe
1851 2297 1950 2340 (res

442 2388 597 2456 ﬁlios,
630 2386 768 2450 Sam,
805 2384 981 2448 Citam,
1013 2395 1055 2437 rt
1080 2382 1325 2450 Japhctlt.
1355 2382 1418 2435 Et
1446 2386 1636 2452 factum
1659 2388 1730 2433 est
1751 2376 1950 2448 quando

443 2486 699 2545 (ceperunt
729 2475 952 2528 homines
982 2473 1309 2542 nni/(iplicuri
1351 2488 1502 2539 super
1529 2481 1730 2532 terram,
1761 2479 1806 2523 et
1832 2469 1955 2537 ﬁlia:

447 2579 582 2620 nata:
605 2576 720 2620 sunt
745 2565 814 2619 eis
842 2564 991 2634 (Cen.
1021 2565 1073 2620 5.
1105 2565 1192 2617 51.
1225 2574 1267 2617 ct
1294 2564 1344 2618 6.
1381 2564 1458 2633 1).

448 2681 499 2734 l.
543 2679 876 2751 Attentionem
903 2677 1192 2730 auditorum
1212 2684 1400 2744 captat.
1435 2674 1563 2740 Quae
1579 2673 1643 2727 sit
1668 2682 1846 2726 natura
1869 2675 1957 2723 de-

371 2773 464 2826 biti
488 2770 788 2841 apiritualis.
806 2768 1158 2838 —-Reliquias
1183 2767 1443 2820 hesterna:
1466 2780 1664 2818 mensa:
1687 2764 1835 2818 vobis
1859 2761 1956 2817 lio-

371 2868 462 2920 dic
490 2879 786 2934 pr0ponere
813 2863 930 2916 volo
960 2885 972 2918 :
1005 2861 1098 2917 sed
1125 2877 1188 2917 ne
1215 2877 1352 2931 atgrc
1379 2860 1540 2920 feras,
1573 2859 1783 2920 dilecte,
1814 2856 1956 2928 quod

375 2960 632 3029 reliquias
660 2957 798 3011 dico.
831 2956 961 3010 Nam
992 2957 1044 3010 in
1074 2955 1414 3012 sensibilibus
1441 2953 1652 3023 quidem
1693 2951 1958 3006 alimentis

377 3063 493 3124 pos!
531 3068 692 3107 unum
723 3060 776 3105 ct
805 3051 1028 3105 alterum
1061 3047 1200 3104 diem
1233 3046 1465 3102 marcida
1509 3046 1640 3099 ﬁunt
1668 3043 1866 3111 edulia,
1907 3052 1959 3097 et

375 3145 446 3199 ad
477 3142 796 3198 vescendum
824 3141 1026 3196 inutilia
1059 3157 1072 3194 :
1104 3140 1153 3193 in
1181 3137 1440 3208 spirituali
1463 3150 1592 3191 vero
1619 3150 1802 3190 mensa
1829 3134 1960 3188 nihil

377 3238 484 3291 tale
513 3237 683 3290 vereri
715 3240 943 3304 oportet.
978 3232 1094 3302 Ipsa
1120 3232 1285 3296 enim,
1317 3241 1515 3300 quan'o
1555 3229 1671 3298 plus
1707 3230 1961 3298 temporis

379 3327 660 3397 prmtcriit,
694 3333 840 3380 tanto
873 3324 1126 3393 majorem
1150 3324 1374 3393 gratiam
1405 3321 1585 3388 habet,
1615 3331 1668 3375 et
1696 3321 1962 3374 recentior

376 3430 538 3489 atque
567 3421 802 3488 vegetior
840 3416 1126 3471 invenitur.
1169 3416 1280 3484 Age
1328 3415 1484 3484 igitur
1531 3413 1962 3482 promissionem,

377 3525 540 3580 quam
562 3509 675 3564 beri
703 3509 993 3572 emisimus,
1024 3507 1355 3576 impleamus,
1377 3514 1426 3560 et
1449 3505 1685 3560 debitum
1706 3504 1965 3560 doetrina:

378 3612 534 3671 grato
580 3600 927 3655 cxhiheamus
972 3602 1168 3654 animo.
1220 3598 1333 3652 Non
1379 3598 1520 3652 enim
1563 3597 1663 3652 hoc
1714 3598 1840 3651 utile
1884 3606 1968 3652 est

380 3692 764 3760 accipientibus
811 3691 1106 3751 dumtaxat,
1165 3698 1222 3743 ut
1262 3691 1314 3742 in
1360 3689 1478 3742 aliis
1522 3688 1734 3751 debitis,
1778 3688 1871 3743 sed
1913 3697 1968 3744 ct.

380 3784 514 3836 mihi
554 3782 930 3837 dinumeranti.
973 3781 1040 3835 Et
1065 3781 1188 3851 quid
1235 3780 1354 3835 dico
1400 3779 1528 3834 mihi
1568 3779 1967 3834 dinumeranti?

381 3877 532 3931 Talis
577 3885 658 3933 est
695 3874 984 3944 spiritualis
1032 3872 1195 3928 debiti
1243 3884 1452 3937 natura,
1499 3881 1556 3926 ut
1597 3880 1798 3942 quanto
1848 3887 1964 3925 ma-

381 3971 466 4039 gis
519 3968 773 4031 solvitur,
829 3977 972 4019 tanto
1022 3965 1213 4034 magis
1252 3973 1536 4033 augeatur,
1601 3971 1655 4016 et
1719 3962 1964 4016 substano

384 4061 515 4114 tiam
562 4059 729 4128 magis
786 4059 1127 4127 tuultiplicet,
1182 4065 1340 4126 atque
1405 4055 1701 4110 ineli'abiles
1757 4054 1971 4110 divitias

383 4150 574 4204 afferat
595 4160 699 4203 tam
731 4149 900 4214 danti,
925 4163 1082 4218 quam
1124 4147 1523 4216 accipientibus.
1557 4146 1746 4201 Vidisti
1778 4161 1971 4202 novam

383 4241 552 4296 debiti
573 4250 834 4306 naturam,
859 4250 913 4296 et
939 4255 1112 4293 raram
1143 4237 1426 4294 solutionis
1446 4238 1722 4309 speciem?
1752 4239 1805 4292 lu
1833 4238 1973 4295 hunc

385 4329 532 4385 enim
557 4329 770 4383 modum
811 4343 870 4383 se
899 4328 1096 4383 habent
1135 4328 1429 4398 spiritualia
1455 4369 1470 4394 ,
1505 4337 1561 4381 ut
1601 4328 1973 4384 distributione

386 4420 558 4491 magis
584 4428 848 4483 crescant,
872 4429 926 4475 et
955 4435 1074 4474 cum
1098 4419 1250 4474 multi
1281 4429 1405 4474 sunt
1429 4420 1732 4489 participes,
1758 4419 1975 4474 uberior

384 4513 464 4567 sit
491 4511 842 4577 abundantia;
867 4519 922 4566 et
948 4510 1039 4581 qui
1067 4511 1385 4577 numeravit,
1420 4527 1526 4566 non
1555 4511 1748 4566 sentiat
1789 4525 1847 4566 se
1872 4511 1972 4565 ali-

386 4604 519 4676 quid
537 4618 868 4671 numerasse,
895 4603 1324 4674 quandoquidem
1354 4603 1472 4674 ejus
1501 4618 1634 4672 opes
1680 4612 1928 4658 crescunt
1955 4620 1971 4670 ;

383 4707 446 4754 et
498 4697 562 4751 iis
607 4698 696 4767 qui
739 4705 1064 4766 acceperunt
1102 4695 1273 4765 major
1291 4697 1452 4751 etiam
1490 4696 1639 4764 c0pia
1685 4704 1972 4750 accrescat.

385 4789 526 4856 Quia
558 4789 716 4859 igitur
745 4789 863 4843 talis
891 4796 974 4843 est
993 4787 1349 4857 spiritualium
1380 4786 1602 4842 istorum
1622 4795 1830 4849 natura,
1857 4801 1974 4840 ma-

385 4895 493 4960 gna
521 4879 793 4934 alacritate
819 4879 981 4934 etiam
1032 4894 1129 4933 nos
1167 4877 1235 4934 ad
1276 4880 1595 4933 solutionem
1641 4877 1974 4946 festinemus,

390 4979 448 5027 et
476 4985 570 5026 vos
592 4971 658 5025 ad
685 4969 1081 5041 suscipiendum
1109 4981 1267 5025 aures
1291 4971 1730 5036 accommodetis,
1765 4979 1821 5028 ut
1862 4987 1978 5024 om-

391 5079 492 5120 nes
519 5079 638 5118 cum
661 5065 780 5118 latis
797 5063 959 5117 animi
981 5062 1186 5117 sinibus
1209 5062 1545 5132 sumpseritis
1587 5079 1704 5130 quae
1749 5079 1778 5116 a
1825 5063 1979 5118 nobis

392 5157 663 5221 dicuntur,
713 5157 783 5210 ita
821 5156 1036 5211 domum
1087 5155 1516 5224 proﬁciscamini.
1561 5156 1756 5210 lterum
1798 5166 1976 5215 autem

391 5260 766 5319 argumentum
797 5248 866 5304 de
904 5248 1051 5318 justo
1090 5247 1201 5302 Noe
1226 5247 1278 5302 in
1309 5246 1544 5302 medium
1595 5246 1788 5303 afferre
1832 5248 1976 5314 volo,

397 5350 456 5392 ut
473 5340 599 5408 justi
628 5355 872 5410 magnam
900 5341 1172 5405 virtutem,
1198 5347 1254 5394 et
1281 5339 1603 5394 ineffabilem
1647 5339 1739 5393 Dei
1766 5341 1980 5395 miscri-

395 5433 660 5500 cordiam,
692 5448 754 5486 ac
777 5433 1114 5488 tolerantiam
1143 5448 1262 5500 qua:
1311 5447 1524 5486 omnem
1571 5432 1735 5487 animi
1767 5441 1978 5501 captum

401 5527 758 5591 transcendit,
815 5526 1053 5581 discatis.
1099 5525 1366 5582 Didicistis
1409 5525 1548 5592 heri,
1591 5526 1858 5596 quomodo
1913 5527 1981 5581 ab

399 5626 520 5671 ortu
558 5633 656 5673 suo
677 5617 852 5687 justus
884 5617 990 5682 ille,
1019 5625 1239 5687 accepto
1275 5632 1304 5671 a
1332 5628 1482 5686 patre
1512 5619 1726 5673 nomine
1748 5658 1762 5683 ,
1803 5617 1982 5671 obam-

399 5709 631 5773 bulabat,
662 5710 913 5765 omnibus
932 5710 1022 5780 qui
1045 5718 1170 5765 tunc
1198 5719 1352 5764 erant
1375 5709 1563 5766 doctor
1585 5709 1944 5766 calamitatum
1961 5748 1978 5773 ,

397 5800 553 5872 quasi
603 5801 838 5858 clamans
864 5809 918 5857 et
962 5816 1056 5872 per
1101 5800 1273 5873 ipsum
1303 5815 1502 5858 nomen
1545 5816 1700 5858 suum
1738 5800 1922 5858 dicens
1962 5818 1974 5854 :

1265 377 1330 432 IN
1356 376 1510 431 CAP.
1558 374 1618 428 Υ.
1656 375 1740 430 ΕΤ
1780 373 1862 428 \'l.
1907 375 2148 432 GENES.
2195 374 2422 428 ιιοιιιιι.
2465 372 2626 427 XX".

3527 383 3625 437 l8li

2045 487 2296 542 Desistite
2320 502 2349 541 a
2371 486 2535 552 malo,
2561 485 2858 557 operemini
2885 487 3155 555 virtutem,
3189 490 3373 544 timete
3410 503 3625 560 poenam

2045 578 2439 650 impendentem
2472 596 2484 632 :
2510 592 2795 634 commune
2824 579 3078 633 diluvium
3111 580 3162 634 in
3193 589 3302 634 toto
3340 582 3472 636 orbe
3501 581 3622 637 erit.

2045 669 2233 738 lugens
2265 668 2361 725 Dei
2389 669 2682 739 indignatio
2709 670 2891 734 instat,
2925 671 3046 739 quia
3069 681 3120 725 et
3145 684 3335 742 magna
3376 671 3628 742 nequitia:

2044 761 2324 816 colluvies.
2356 759 2425 814 Et
2447 759 2548 814 hoe
2570 775 2677 814 non
2705 776 2798 829 per
2821 760 2955 815 duos
2985 761 3068 815 vel
3095 770 3205 816 tres
3228 772 3428 816 tantum
3457 778 3624 817 annos

2047 850 2294 916 faciebat,
2332 851 2425 905 sed
2454 852 2774 920 quingentos
2799 866 2970 907 annos
2992 853 3123 906 vixit
3154 853 3267 908 lure
3309 854 3624 910 admonens.

2053 940 2267 995 Vidistis
2288 942 2624 996 tolerantiam
2658 943 2907 997 Domini?
2945 943 3150 998 vidistis
3176 944 3428 999 bonitatis
3447 946 3623 999 excel-

2048 1032 2301 1085 lrutiam?
2330 1033 2540 1086 vidistis
2567 1033 2884 1088 iucll'abilem
2914 1034 3265 1103 patientiam?
3293 1035 3630 1090 vidistisma-

2047 1120 2172 1176 litiae
2190 1122 2552 1178 incrementa?
2575 1123 2780 1180 vidistis
2797 1125 3151 1193 improbitatis
3175 1126 3632 1195 magnitudinem?

2048 1213 2330 1283 [lucusque
2360 1215 2523 1280 enim,
2553 1224 2608 1269 ut
2635 1217 2804 1283 scitis,
2853 1217 2968 1272 heri
3009 1233 3188 1273 sermo
3212 1229 3396 1274 noster
3421 1233 3634 1289 proces—

2048 1305 2116 1358 sit
2149 1321 2162 1358 :
2186 1321 2362 1374 Operae
2389 1307 2616 1374 pretium
2643 1317 2724 1362 est
2750 1308 2906 1378 igitur
2927 1317 2984 1362 ut
3010 1309 3168 1363 hodie
3189 1308 3476 1376 discamus,
3498 1325 3634 1379 quo—

2048 1397 2211 1450 modo
2238 1398 2543 1452 misericors
2567 1400 2706 1454 Deus
2744 1415 2841 1468 pro
2869 1415 2960 1454 sua
2994 1401 3228 1456 bonitate
3260 1416 3432 1470 neque
3477 1403 3635 1471 quin—

2050 1489 2223 1557 gentis
2247 1489 2400 1542 annis
2429 1489 2493 1543 ad
2516 1491 2846 1545 tolerantiam
2869 1501 3155 1546 contentus
3178 1492 3292 1557 fuit,
3322 1492 3416 1547 sed
3435 1493 3638 1546 addidit

2052 1597 2226 1636 annos
2250 1582 2384 1636 alios
2410 1582 2475 1636 ad
2508 1583 2815 1652 superiores
2841 1584 2892 1637 in
2935 1585 3158 1654 gratiam
3186 1600 3370 1640 eorum
3403 1585 3491 1655 qui
3519 1593 3636 1638 tan-

2056 1683 2164 1728 tum
2197 1684 2566 1743 peccaverant.
2610 1673 2676 1727 Et
2703 1685 2808 1728 erat
2851 1674 2987 1743 Noe,
3039 1676 3228 1744 inquit,
3257 1677 3638 1746 quingentorum

2053 1783 2322 1822 annorum.
2376 1767 2458 1822 Ad
2512 1767 2794 1822 utilitatem
2848 1777 3084 1822 nostram
3133 1766 3311 1820 divina
3363 1766 3638 1835 Scriptura

2055 1874 2337 1913 numerum
2389 1873 2650 1912 annorum
2716 1857 2850 1927 justi
2901 1858 3227 1927 assignavit,
3268 1866 3326 1911 ut
3372 1857 3642 1911 discamus

2054 1959 2256 2019 quanto
2285 1960 2524 2020 tempore
2553 1951 2766 2015 vixerit,
2795 1949 3093 2004 admonens
3124 1951 3264 2015 illos,
3293 1959 3347 2004 et
3373 1949 3642 2019 quomodo

2056 2043 2128 2096 illi
2160 2041 2374 2110 quidem
2407 2041 2622 2095 malitim
2640 2042 2775 2094 viam
2795 2042 3003 2108 sectati,
3028 2042 3080 2096 in
3107 2057 3168 2094 ea
3191 2041 3490 2109 consumpti
3513 2041 3638 2102 sint:

2051 2133 2226 2202 justus
2258 2142 2434 2186 autem
2461 2147 2616 2186 secus
2647 2147 2803 2201 quam
2840 2133 2934 2185 alii
2960 2133 3239 2187 ambulans
3271 2141 3416 2185 tanta
3447 2135 3644 2186 virtute

2057 2225 2419 2294 prmeelluerit
2451 2240 2465 2276 :
2498 2232 2632 2278 utet
2667 2224 2766 2278 sibi
2801 2223 2891 2277 Dei
2921 2223 3346 2277 benevolentiam
3387 2222 3648 2276 concilia-

2058 2325 2159 2381 ret,
2188 2325 2240 2370 ct
2277 2331 2398 2370 cum
2422 2330 2609 2369 omnes
2642 2315 2731 2367 alii
2779 2317 2951 2383 pmnis
2994 2314 3210 2368 obnoxii
3268 2315 3476 2380 ﬁerent,
3531 2314 3645 2383 ipse

2058 2410 2204 2463 solus
2227 2424 2346 2463 cum
2371 2417 2475 2461 tota
2509 2405 2706 2460 familia
2753 2406 3028 2476 ell‘ugeret.
3077 2406 3212 2460 llinc
3238 2405 3512 2469 discimus,
3550 2422 3645 2458 no-

2059 2501 2162 2562 bis,
2214 2500 2258 2552 si
2300 2498 2462 2553 sobrii
2515 2497 2768 2551 luerimus
2797 2506 2850 2552 et
2883 2512 2986 2551 nou
3032 2496 3267 2562 desides,
3322 2510 3427 2549 non
3475 2497 3645 2549 solun

2060 2591 2191 2646 nihil
2220 2606 2416 2643 nocere
2447 2589 2490 2642 si
2521 2591 2658 2656 inter
2687 2589 2893 2643 medios
2916 2589 3089 2642 malos
3119 2603 3431 2650 versemur;
3475 2586 3567 2641 sed
3597 2587 3646 2639 id

2062 2697 2160 2737 nos
2189 2681 2413 2736 reddere
2447 2681 2657 2735 virtutis
2684 2681 3052 2735 studiosiores.
3082 2679 3214 2733 Nam
3241 2679 3360 2733 ideo
3387 2679 3650 2749 benignus

2064 2777 2208 2831 Dcus
2238 2777 2316 2830 sic
2341 2775 2688 2844 dispensavit,
2722 2783 2775 2827 ut
2826 2774 2982 2826 simul
3019 2783 3200 2827 essent
3246 2772 3370 2826 boui
3402 2781 3454 2826 et
3501 2772 3648 2836 mali,

2061 2884 2170 2938 quo
2225 2868 2486 2922 malorum
2538 2868 2982 2921 subenervaretur
3028 2865 3249 2930 malitia,
3284 2866 3653 2935 bonorumque

2062 2961 2234 3017 virtus
2263 2960 2456 3014 clarius
2487 2959 2815 3013 clucesceret
2844 2976 2858 3012 :
2890 2967 2943 3012 et
2967 2957 3180 3012 desides
3205 2973 3237 3011 a
3264 2957 3646 3012 studiosiorum

2063 3051 2444 3109 consuetudine
2465 3052 2688 3121 plurima
2715 3050 2996 3106 commoda
3042 3050 3433 3113 lucrifacereut,
3492 3050 3656 3104 modo

2066 3146 2282 3201 vellent.
2315 3145 2410 3198 llic
2437 3143 2641 3213 cogites
2665 3143 2848 3209 velim,
2881 3151 3093 3213 quantm
3131 3143 3341 3196 virtutis
3373 3141 3532 3197 fuerit
3563 3142 3654 3196 ille

2063 3237 2256 3306 justus,
2313 3235 2583 3304 quomodo
2633 3235 2688 3289 in
2723 3243 2869 3289 tanta
2914 3235 3272 3299 multitudine,
3305 3249 3425 3304 qua:
3463 3249 3656 3304 magno

2069 3329 2268 3396 impetu
2301 3328 2351 3380 in
2381 3327 2582 3380 malum
2615 3326 2822 3394 ruebat,
2855 3327 3004 3381 solus
3049 3326 3164 3396 ipse
3214 3326 3426 3381 diversa
3467 3327 3656 3379 ambu-

2069 3419 2197 3480 lavit
2223 3421 2328 3486 via,
2362 3421 2608 3473 virtutem
2638 3419 2854 3472 malitiae
2881 3420 3202 3488 praeferens:
3237 3433 3300 3472 ac
3322 3434 3497 3487 neque
3522 3419 3656 3472 alio-

2071 3526 2186 3564 rum
2214 3526 2529 3575 consensus,
2564 3525 2662 3564 nec
2709 3518 2853 3563 tanta
2905 3509 3207 3578 frequentia
3245 3509 3505 3564 reddebat
3534 3525 3656 3562 eum

2071 3602 2134 3657 ad
2169 3603 2376 3656 virtutis
2408 3601 2508 3655 iter
2560 3601 2859 3672 segniorem
2891 3619 2903 3654 :
2930 3601 3022 3655 sed
3064 3601 3174 3672 jam
3221 3601 3364 3669 prius
3410 3600 3660 3670 inplebat

2072 3696 2212 3766 quod
2265 3697 2450 3750 beatus
2497 3695 2670 3751 Moses
2719 3706 2902 3764 postea
2943 3695 3337 3750 dicturus‘erat
3369 3715 3383 3749 :
3418 3693 3538 3747 Non
3565 3694 3662 3748 eris

2078 3805 2190 3843 eum
2224 3787 2454 3858 pluribus
2481 3790 2534 3842 in
2572 3789 2766 3842 malitia
2797 3787 2993 3855 (Exod.
3022 3787 3092 3843 23
3139 3788 3217 3856 2).
3243 3789 3308 3842 Et
3328 3786 3467 3856 quod
3497 3787 3664 3856 magis

2075 3879 2409 3955 admirabile,
2443 3895 2562 3934 cum
2593 3881 2790 3936 multos
2823 3879 3064 3946 haberet,
3118 3879 3226 3932 imo
3269 3892 3459 3933 omnes
3481 3878 3568 3946 qui
3597 3877 3663 3928 ad

2077 3971 2272 4024 malum
2304 3980 2355 4022 et
2386 3969 2452 4026 ad
2501 3986 2659 4039 prava
2709 3986 2872 4039 opera
2897 3969 3327 4032 cohortarentur,
3380 3978 3435 4022 et
3491 3967 3665 4020 nullus

2076 4071 2219 4116 cs~ct
2259 4060 2349 4130 qui
2391 4060 2456 4114 ad
2485 4062 2730 4116 virtutem
2768 4060 3041 4114 induceret
3075 4076 3090 4114 :
3124 4069 3265 4111 tanta
3310 4058 3396 4111 ille
3439 4057 3490 4111 iu
3543 4073 3660 4112 eam

2077 4154 2412 4207 vehementia
2446 4152 2736 4218 ferebatur,
2765 4161 2820 4206 ut
2853 4154 2989 4205 viam
3020 4160 3182 4205 tanta:
3210 4149 3532 4204 multitudini
3569 4164 3662 4218 op-

2078 4246 2303 4316 positam
2330 4254 2384 4299 ct
2426 4245 2746 4299 contrariam
2793 4252 3031 4308 teneret;
3088 4257 3260 4311 neque
3309 4241 3546 4304 timebat,
3577 4250 3664 4293 aut

2079 4337 2363 4392 verebatur
2387 4351 2669 4406 pravorum
2698 4335 3060 4397 concordiam,
3093 4349 3268 4404 neque
3290 4332 3362 4386 illi
3391 4332 3495 4387 tale
3536 4331 3662 4401 quid

2079 4429 2276 4491 evenit,
2310 4429 2465 4498 quale
2503 4430 2640 4483 solet
2680 4427 2884 4496 ignavis
2932 4425 3194 4493 accidere,
3229 4424 3320 4494 qui
3365 4423 3408 4478 si
3453 4422 3668 4493 quando

2080 4520 2311 4574 viderint
2357 4519 2555 4572 multos
2596 4519 2754 4579 simul
2805 4533 3144 4577 concurrere.
3200 4515 3301 4570 hoc
3343 4515 3586 4570 veluncn
3615 4525 3670 4570 et

2081 4611 2220 4666 hanc
2247 4610 2585 4666 occasionem
2608 4625 2718 4665 sua:
2749 4611 2975 4680 ignavia:
3003 4617 3329 4679 praztexunt,
3353 4623 3418 4662 ac
3445 4608 3629 4662 dicunt
3653 4624 3667 4658 :

2081 4707 2190 4762 Cur
2216 4720 2315 4776 ego
2345 4719 2539 4760 novum
2587 4704 2858 4775 quidpiam
2907 4712 2961 4758 et
3010 4703 3276 4772 singulare
3319 4709 3512 4770 praeter
3553 4700 3672 4754 illos

2082 4812 2272 4852 omnes
2312 4810 2659 4865 aggressurus
2688 4811 2840 4858 sum,
2863 4794 3200 4849 adversarius
3233 4799 3393 4845 tanta:
3422 4790 3670 4844 multitu~

2083 4887 2215 4954 dini,
2247 4897 2438 4941 etcum
2467 4895 2613 4940 tanto
2639 4885 2834 4954 populo
2865 4884 3064 4938 bellum
3090 4881 3474 4951 suscepturus?
3509 4880 3668 4934 Num-

2083 4979 2210 5046 quid
2242 4979 2343 5032 illis
2384 4977 2632 5031 omnibus
2671 4976 2866 5045 justior
2913 4974 3076 5029 sum?
3106 4973 3233 5042 Quae
3287 4971 3482 5026 utilitas
3537 4970 3672 5028 foret

2086 5079 2352 5123 tantarum
2382 5067 2815 5121 inimicitiarum?
2835 5065 2975 5135 quod
2999 5063 3336 5118 commodum
3359 5061 3490 5116 tanti
3521 5060 3627 5115 odii
3650 5060 3674 5114 ἲ

2084 5160 2225 5214 Nihil
2271 5157 2574 5226 hujnsmodi
2625 5157 2884 5212 inutiliter
2930 5154 3216 5225 cogitabat,
3266 5168 3440 5223 neque
3490 5151 3670 5205 animo

2083 5253 2367 5306 versabat:
2392 5250 2483 5305 sed
2511 5259 2564 5303 ct
2588 5248 2708 5315 hoc,
2741 5248 2880 5316 quod
2913 5258 3093 5318 postea
3125 5262 3153 5298 a
3183 5245 3438 5316 propheta
3468 5243 3668 5298 dictant

2085 5351 2188 5407 est,
2242 5342 2386 5414 prius
2426 5342 2539 5410 ipse
2592 5339 2846 5409 implebat
2887 5355 2900 5394 :
2956 5337 3141 5394 Melior
3180 5347 3251 5391 est
3301 5352 3436 5388 unus
3480 5335 3671 5405 faciens

2085 5434 2390 5487 voluntatem
2443 5431 2686 5497 Domini,
2751 5447 2903 5500 quam
2949 5428 3200 5481 innumeri
3260 5428 3674 5498 prtwaricatores

2087 5525 2276 5598 (Eccli.
2307 5526 2390 5580 16.
2421 5525 2500 5595 5).
2544 5524 2676 5578 Num
2704 5525 2962 5589 societas,
2998 5522 3186 5592 inquit,
3213 5519 3568 5575 multitudinis
3604 5519 3673 5577 ad

2086 5621 2283 5674 malum
2315 5618 2536 5683 ruentis,
2571 5627 2620 5671 et
2647 5617 2804 5670 simul
2835 5617 3108 5685 rapientis,
3141 5629 3170 5669 a
3197 5613 3433 5670 cruciatu
3460 5627 3547 5666 me
3576 5625 3674 5680 po-

2089 5713 2210 5765 terit
2229 5710 2440 5780 eripere
2460 5709 2484 5763 ?
2507 5708 2719 5764 Sciebat
2745 5708 2910 5770 enim,
2937 5705 3140 5763 sciebat
3183 5704 3383 5775 liquido
3410 5717 3675 5774 quemque

2089 5817 2187 5876 pro
2215 5814 2310 5858 sua
2335 5801 2506 5858 salute
2533 5801 2793 5858 rationem
2812 5799 3140 5856 redditurum
3172 5813 3292 5856 csse
3310 5837 3328 5865 ,
3352 5810 3523 5866 neque
3550 5809 3672 5849 um-
3699 5821 3712 5831 -
