4110 6492
473 382 575 438 187

473 510 633 565 quam
664 494 799 561 fore,
824 503 886 549 ut
907 493 1015 550 alio
1042 502 1295 565 peccante
1337 493 1477 549 alius
1518 506 1731 564 poenam
1777 488 2062 555 sustineat,

473 589 559 644 vel
585 587 889 643 mercedem
916 588 1189 644 sortiatur.
1219 586 1423 642 Idcirco
1445 585 1622 655 justus
1660 582 1809 653 quasi
1838 581 2070 635 scintilla

474 678 721 733 inmedio
747 677 880 732 mari
902 690 1141 743 versans,
1162 691 1271 731 non
1290 675 1465 731 solum
1484 689 1592 729 non
1612 670 2071 741 chtinguebatur,

473 767 568 823 sed
596 768 836 838 quotidie
855 768 1124 841 fulgidiori
1145 768 1265 825 luce
1302 767 1568 839 prodibat,
1589 777 1781 823 omnes
1804 763 1917 820 suis
1941 776 2073 834 opc-

476 860 625 916 ribus
650 860 871 917 docens.

551 951 792 1008 Liberum
818 953 1106 1011 arbitrium.
1133 984 1206 995 —
1230 953 1420 1010 Vidisti
1450 950 1720 1023 quomodo
1737 949 1818 1005 sui
1846 947 1985 1020 juris
2018 956 2076 1004 et

477 1044 687 1101 arbitrii
739 1055 983 1102 naturam
1024 1054 1262 1102 nostram
1291 1044 1547 1101 Dominus
1595 1040 1880 1098 formavit?
1919 1039 2077 1096 Unde

479 1137 648 1203 enim,
681 1136 796 1204 dic,
819 1153 935 1203 oro,
968 1138 1041 1192 illi
1066 1138 1132 1192 ad
1152 1137 1407 1193 malitiam
1442 1135 1822 1208 properabant,
1850 1142 1906 1190 et
1933 1132 2077 1202 seip-

481 1241 573 1282 sos
605 1229 780 1298 poenis
814 1229 1083 1285 faciebant
1128 1229 1428 1293 obnoxios;
1459 1228 1561 1285 iste
1599 1236 1779 1283 autem
1825 1226 2076 1282 virtutem

481 1316 733 1389 eligebat,
779 1331 833 1376 et
880 1321 1086 1391 fugiens
1133 1336 1320 1377 eorum
1372 1320 1710 1384 societatem,
1738 1333 1913 1390 patum
1970 1333 2077 1372 non

482 1411 746 1467 obnoxius
775 1411 917 1466 fuit?
945 1411 1133 1467 Nonne
1149 1411 1515 1477 manifestum,
1541 1425 1640 1467 sua
1684 1424 1952 1481 quemque
1982 1424 2116 1463 vo-.

484 1502 686 1558 luntate
706 1503 787 1558 vel
819 1502 1101 1570 malitiam,
1125 1504 1209 1559 vel
1241 1504 1493 1558 virtutem
1522 1501 1770 1572 eligere?
1812 1500 1945 1555 Nam
1977 1499 2078 1555 nisi

483 1594 553 1648 ita
573 1604 739 1663 esset,
762 1604 816 1650 et
841 1596 943 1650 nisi
975 1605 1177 1651 naturae
1204 1606 1403 1651 ucstra:
1424 1605 1663 1666 potestas
1707 1595 1864 1649 insita
1899 1601 2077 1659 esset,

484 1702 656 1756 neque
688 1688 807 1742 illus
847 1689 1041 1757 puniri,
1071 1704 1247 1759 neque
1292 1688 1425 1744 istos
1454 1689 1663 1743 virtutis
1690 1688 1905 1757 prannia
1939 1687 2082 1742 acci—

487 1794 615 1846 pere
638 1780 940 1848 oportebit.
957 1780 1151 1834 Verum
1176 1780 1299 1850 quia
1330 1781 1384 1835 in
1409 1791 1590 1836 nostra
1614 1780 1887 1836 voluntate
1906 1788 2081 1834 totum

488 1871 838 1941 postgratiam
861 1872 952 1926 Dei
971 1873 1212 1928 relictum
1233 1882 1335 1939 est,
1363 1872 1484 1928 ideo
1507 1883 1563 1928 et
1588 1872 1931 1942 peccantibus
1957 1888 2091 1941 snp-

487 1960 643 2031 plicia
670 1971 851 2032 parata
883 1972 1010 2018 sunt
1032 2005 1047 2029 ,
1079 1973 1135 2017 et
1161 1964 1294 2019 bene
1322 1962 1671 2031 cperautibus
1714 1963 1991 2018 mercedes
2030 1970 2087 2016 et

490 2054 729 2120 pra-mia.
762 2052 824 2107 Et
847 2065 956 2108 erat
977 2097 992 2121 ,
1019 2054 1207 2125 inquit,
1243 2054 1360 2109 Noe
1380 2071 1631 2109 annorum
1658 2055 2082 2126 quingentorum,

487 2154 534 2196 et
553 2144 726 2214 genuit
753 2154 853 2199 tres
880 2146 1016 2214 ﬁlios
1042 2145 1183 2211 Scin,
1209 2144 1370 2200 Cliam
1416 2156 1464 2200 et
1499 2144 1748 2215 Japlietlt.
1789 2146 2086 2201 Considera

488 2233 681 2289 divina:
711 2234 1004 2305 Scripturre
1034 2239 1450 2292 accuratiunem.
1480 2237 1765 2308 Postquam
1804 2253 2087 2292 numerum

488 2341 751 2382 annorum
789 2328 917 2396 justi
960 2327 1113 2383 nobis
1142 2331 1409 2392 narravit,
1436 2329 1780 2398 cahibuitque
1819 2329 2087 2398 ingentem

494 2420 700 2475 Domini
726 2421 1055 2489 patientiam,
1077 2421 1270 2475 iterum
1298 2435 1563 2474 summam
1595 2421 1927 2481 tolerantiam
1950 2420 2087 2489 ejus,

491 2521 546 2566 et
591 2513 842 2583 nequitiae
882 2511 1158 2567 hominum
1201 2512 1632 2583 exsuperantiam
1680 2512 1957 2569 declarare
2004 2515 2091 2568 tti-

496 2604 641 2657 titttr.
1540 2662 1550 2672 _

564 2694 621 2749 2.
664 2695 915 2751 Adversus
936 2713 1020 2751 cos
1039 2697 1129 2769 qui
1147 2696 1380 2751 dicebant
1400 2696 1607 2769 angelos
1632 2714 1748 2752 cum
1767 2698 1969 2768 ﬁliabus
1996 2698 2092 2752 Ito-

493 2790 689 2842 miunm
718 2790 1016 2843 commixtos
1053 2806 1175 2844 esse.
1201 2819 1275 2831 —
1299 2790 1405 2845 Sed
1451 2790 1731 2845 audiamus
1774 2792 1885 2862 ipsa
1932 2791 2094 2846 verba

498 2880 659 2936 Musis
690 2898 704 2934 :
735 2882 931 2952 Spiritu
978 2882 1121 2938 enim
1171 2883 1418 2953 loquens,
1448 2885 1627 2939 omnia
1669 2900 1768 2939 nos
1816 2884 2099 2956 diligenter

499 2970 610 3026 vult
635 2972 893 3028 docere.l
935 2972 1084 3043 (Cap.
1114 2974 1193 3044 6).
1220 2973 1287 3027 Et
1328 2976 1517 3041 factum
1545 2983 1640 3042 est,
1672 2974 1862 3045 inquit,
1890 2977 2097 3046 quando

502 3075 754 3135 capernut
809 3066 1038 3121 homines
1080 3067 1411 3136 multiplicari
1458 3084 1609 3136 super
1640 3077 1854 3131 terram,
1889 3078 1935 3122 ct
1975 3069 2100 3137 lilia:

502 3167 642 3212 nata:
670 3169 787 3210 sunt
816 3157 939 3213 illis.
970 3156 1087 3212 Non
1132 3157 1334 3226 absque
1369 3158 1576 3214 ratione
1613 3157 1836 3225 addidit,
1866 3158 1930 3214 Et
1976 3160 2100 3229 lilia:

501 3259 639 3301 mth
662 3257 779 3301 sunt
804 3247 906 3301 illis
932 3263 952 3301 :
981 3248 1073 3303 sed
1108 3257 1165 3302 ut
1198 3264 1442 3319 magnam
1474 3249 1865 3305 multitudinem
1896 3252 1975 3307 sic
2019 3252 2100 3306 in-

503 3339 762 3395 sinuaret.
793 3339 924 3396 Nam
963 3342 1051 3396 ubi
1081 3350 1224 3397 mnta
1267 3341 1503 3397 radicum
1534 3352 1617 3398 est
1645 3343 1967 3411 multitudo,
2004 3360 2103 3401 ne-

500 3449 653 3489 cesse
681 3445 765 3490 est
787 3436 947 3490 etiam
979 3437 1177 3492 multos
1207 3453 1384 3493 ramos
1410 3440 1610 3494 enasci.
1655 3438 1711 3492 2.
1747 3438 1817 3494 Ut
1845 3440 2098 3509 viderunt,

506 3526 711 3598 inquit,
734 3528 833 3598 ﬁlii
861 3527 959 3584 Dei
1002 3530 1140 3599 filias
1173 3530 1436 3586 hominum
1468 3533 1604 3603 quod
1629 3533 1859 3603 pulchra:
1894 3545 2054 3589 essent
2083 3578 2098 3602 ,

504 3632 829 3690 sumpserunt
878 3624 974 3677 sibi
1019 3640 1203 3679 uxores
1250 3642 1314 3680 ea:
1354 3626 1587 3679 omnibus
1604 3666 1620 3691 ,
1657 3641 1783 3696 quas
1825 3626 2099 3697 elegerant.

506 3712 755 3782 Singulas
780 3714 1042 3770 dictiones
1070 3716 1354 3786 diligenter
1381 3717 1785 3773 consideremus
1808 3759 1824 3784 ,
1867 3734 1935 3773 ne
1973 3718 2102 3789 quid

510 3805 562 3858 in
593 3804 756 3859 fundo
784 3804 956 3862 latens
984 3822 1084 3862 nos
1126 3816 1429 3879 praetereat.
1459 3808 1649 3878 Opera:
1697 3808 1926 3877 [actium
1959 3808 2103 3865 enim

513 3895 675 3951 luerit
713 3897 850 3952 bene
889 3901 1114 3953 scrutari
1147 3903 1287 3955 hunc
1314 3900 1512 3969 locum,
1542 3912 1599 3955 ut
1626 3900 1998 3957 subvermmns
2029 3901 2106 3957 l‘a-

513 3988 666 4043 bulas
707 3989 884 4044 omnia
937 3989 1330 4049 inconsiderate
1370 3992 1699 4064 loquentinm
1730 4008 1745 4046 :
1777 4003 1832 4048 ct
1874 3995 2104 4063 primum

510 4080 780 4136 efferenda
809 4095 871 4136 ea
899 4098 1018 4153 quae
1043 4082 1222 4139 dicere
1249 4084 1470 4153 audent,
1493 4093 1551 4140 et
1584 4094 1877 4140 monstrata
1916 4100 2104 4140 eoi-nm

507 4191 631 4246 qua:
672 4176 742 4231 ab
776 4176 882 4231 illis
914 4175 1170 4232 dicuntur
1194 4177 1550 4244 absurditate,
1580 4193 1868 4250 germanus
1895 4192 2108 4248 quoque

511 4268 805 4338 Scripturae
843 4283 1035 4325 sensus
1075 4279 1269 4327 vestra:
1298 4271 1506 4326 caritati
1536 4271 1856 4340 aperiendus
1893 4282 1977 4326 est
1999 4311 2015 4337 ,
2050 4278 2105 4325 ut

511 4374 582 4412 ne
610 4358 926 4427 simpliciter
951 4366 1005 4414 ct
1048 4361 1203 4415 facile
1227 4375 1386 4417 aures
1411 4361 1828 4417 accommodetis
1854 4360 2110 4417 tanth'as-

512 4450 711 4521 phema
764 4449 1065 4507 dicentibus
1084 4490 1099 4515 ,
1130 4460 1186 4507 ct
1212 4452 1494 4506 adversum
1520 4452 1692 4521 capita
1722 4468 1816 4507 sua
1847 4453 2110 4509 blaterare

516 4539 854 4594 audentibus.
883 4541 1141 4595 Asscrnnt
1171 4543 1314 4596 enim
1347 4541 1448 4595 hoc
1474 4556 1579 4596 non
1607 4542 1675 4597 de
1702 4540 2006 4597 hominilms
2030 4542 2113 4597 di-

515 4640 660 4687 ctum
687 4645 829 4697 esse,
853 4632 948 4686 sed
973 4631 1041 4686 de
1066 4632 1271 4703 angelis
1299 4650 1312 4687 :
1338 4632 1446 4687 llos
1468 4632 1634 4699 enim,
1659 4634 1828 4697 aiunt,
1855 4635 1993 4688 filios
2019 4634 2109 4688 hei

514 4722 823 4794 appellavit.
857 4723 1093 4778 Primum
1118 4723 1423 4791 Ostendam,
1452 4724 1540 4779 ubi
1582 4725 1755 4794 angeli
1783 4726 1872 4778 lilii
1900 4726 1991 4780 Dei
2019 4740 2114 4795 ap-

519 4816 699 4890 pellati
725 4816 834 4872 sint
855 4815 932 4891 (a)
965 4836 979 4873 :
1008 4817 1101 4873 sed
1133 4833 1239 4872 non
1269 4827 1520 4888 poterunt
1550 4834 1770 4889 usquant
1791 4828 2112 4876 monstrare.

560 4953 638 5016 (α)
656 4952 899 5016 Veterum
910 4949 1172 5016 multorum
1184 4965 1229 5014 οδ
1250 4951 1348 5000 inio
1361 4951 1447 5016 [uit
1457 4950 1661 5016 angelos
1668 4965 1768 5016 cur;
1779 4964 1932 5001 orco»;
1943 4950 2110 5016 fuisse,

524 5013 701 5066 ct‘ciun
723 5014 913 5064 filiabus
950 5014 1198 5076 hominum
1234 5027 1339 5063 rem
1366 5013 1629 5076 habuisse;
1665 5013 1874 5076 illosque
1909 5013 2116 5076 angelos

518 5079 713 5150 quidam
745 5084 1005 5150 vocarunt,
1032 5074 1219 5150 trinitas...
1242 5075 1482 5150 insolitus
1515 5076 1681 5150 Antiq.
1707 5074 1805 5125 lihf
1827 5075 1883 5150 ε,

515 5136 656 5190 multi
672 5137 832 5201 angeli
859 5138 945 5189 Dei
967 5136 1567 5201 cuntmulieribnsgmixti,
1598 5136 1940 5201 ldipsmnl‘ere
1961 5136 2111 5186 Justi-

517 5213 639 5257 nus,
682 5198 1315 5265 Athenagoras_,_clemens
1347 5198 1739 5265 Alexandrinus,
1776 5200 2115 5263 'rheoguostus

514 5265 642 5325 apud
666 5260 898 5320 Photiutn',
920 5271 973 5313 ct
996 5262 1094 5312 alii.
1129 5272 1277 5325 Quam
1311 5275 1416 5325 rem
1443 5260 1661 5325 pluribus
1685 5260 2016 5325 persequutus
2039 5271 2116 5311 est

524 5323 1008 5388 lesepltusscaliger
1039 5324 1088 5373 in
1128 5324 1255 5388 notis
1289 5323 1348 5371 ad
1386 5324 1577 5372 t-Zuscbii
1608 5323 1986 5388 Cl1r0tticon._ct
2009 5330 2115 5387 post

520 5382 647 5434 cum‘
669 5384 748 5434 alii
765 5382 1032 5448 innmiieri,
1050 5397 1175 5448 quos
1197 5382 1395 5447 longum
1421 5391 1557 5448 esset
1578 5397 1864 5448 recensere.
1885 5382 2115 5448 Cum'au-

521 5451 623 5510 tem
643 5449 709 5510 ait
731 5443 1112 5510 tiu-vsostomn's,
1135 5443 1399 5496 ostendant
1430 5446 1512 5497 ubi
1532 5445 1693 5508 angeli
1713 5443 1805 5509 ﬁlii
1832 5445 2106 5510 peiuppel-

521 5505 606 5572 lati
646 5507 739 5557 sint
760 5506 796 5572 3‘
824 5505 939 5558 illud
976 5509 1176 5572 quidem
1216 5521 1388 5572 verum
1431 5514 1509 5572 est
1542 5505 1641 5557 non
1678 5505 1887 5572 repetivi
1918 5505 1984 5555 ln'
2005 5505 2114 5572 LXX

522 5566 896 5633 interpretibus,
922 5566 1046 5632 quos
1066 5568 1198 5619 solos
1220 5567 1420 5633 legebat
1439 5566 1823 5633 Chrysostonius.
1849 5566 2033 5633 Verum
2067 5570 2115 5617 in

524 5628 649 5693 libro
666 5628 774 5677 Job.
811 5643 856 5680 c.
892 5628 1020 5691 Ην.
1055 5633 1120 5689 6,
1146 5628 1309 5693 angeli
1349 5628 1580 5682 vocantur
1618 5632 1668 5681 in
1706 5631 1940 5681 chraico
1974 5637 2117 5680 textu

524 5689 822 5791 amba—ana
845 5730 897 5771 et
918 5689 1332 5791 taVutgataCﬁtii
1358 5722 1460 5774 Dei.
1486 5721 1800 5791 Nihilominus
1820 5720 2119 5791 _lamett__ltic

531 5778 915 5851 prolie'confutat
936 5778 1305 5851 _(:hrysostonius
1328 5797 1415 5835 eos
1444 5786 1531 5851 qui
1562 5784 1787 5837 dicerent
1820 5783 1970 5834 hosce
1995 5781 2118 5834 ﬁlios

528 5845 612 5888 Dei
638 5845 780 5889 :uissc
806 5845 1025 5908 angelos.
1176 5846 1181 5879 ι

1222 384 1279 440 S.
1317 376 1597 436 JOANNIS
1625 371 2108 435 CllRYSOSTOMI
2147 374 2469 431 ARCIIIEP.
2511 370 3052 431 CONS'I‘ANTINOP.

3669 373 3789 430 1'88

2178 487 2436 544 llomiucs
2478 489 2697 559 quidem
2742 489 2836 543 filii
2884 488 2979 543 Dei
3018 486 3147 542 dicti
3194 497 3350 551 sunt,
3386 487 3562 558 angeli
3594 498 3792 543 autem

2173 595 2487 652 numquam.
2520 581 2679 651 Atqui
2719 579 2790 637 de
2828 580 3035 651 angelis
3062 578 3193 634 dicit
3222 597 3236 633 :
3271 579 3373 645 Qui
3408 580 3533 650 facit
3567 582 3795 650 angelos

2171 690 2291 728 suos
2327 673 2567 745 spiritus,
2594 683 2643 728 et
2670 674 2927 728 ministros
2966 688 3085 727 suos
3120 674 3382 743 ﬂammam
3411 672 3547 742 ignis
3576 673 3596 740 (
3625 671 3791 725 Psal.

2174 764 2301 821 103.
2329 765 2365 821 4
2388 765 2448 836 );
2489 766 2557 822 de
2599 765 2907 821 hominibus
2943 774 3123 819 autem
3153 783 3167 822 :
3203 762 3313 837 Ego
3341 762 3451 819 dixi
3476 779 3497 819 :
3526 764 3618 819 Dii
3657 765 3796 819 estis

2175 858 2196 929 (
2221 857 2367 915 Psal.
2395 860 2484 916 8|.
2511 859 2622 931 6);
2665 869 2722 915 et
2765 860 2956 915 iterum
2990 877 3003 913 :
3033 858 3197 914 Filios
3234 860 3384 931 geruli
3410 899 3426 923 ,
3455 869 3504 913 ct
3554 860 3795 915 excitati

2175 950 2342 1022 (lsai.
2376 952 2423 1006 Ι.
2455 951 2551 1021 2);
2593 962 2649 1009 et
2705 952 2896 1008 iterum
2943 969 2957 1007 :
3015 950 3392 1024 Primogcnitns
3442 953 3584 1022 ﬁlius
3633 969 3794 1008 uicus

2176 1041 2345 1099 Israel
2370 1045 2387 1113 (
2415 1043 2583 1099 Brod.
2616 1045 2671 1099 4.
2701 1044 2796 1109 2?.)
2830 1061 2844 1098 ε
2877 1044 3098 1115 angelus
3121 1052 3300 1099 autem
3326 1058 3589 1113 nusquam
3616 1058 3793 1099 voca-

2179 1145 2264 1192 tus
2285 1145 2375 1192 est
2400 1136 2559 1203 filius,
2590 1151 2767 1207 neque
2796 1135 2939 1190 illius
2967 1134 3080 1189 Dei.
3110 1132 3372 1189 Czetcrum
3401 1134 3528 1205 quid
3552 1134 3792 1189 dicunt?

2178 1230 2444 1295 Prdecto,
2475 1230 2651 1301 angeli
2695 1231 2911 1302 quidem
2939 1238 3094 1284 erant
3119 1245 3134 1281 :
3166 1226 3262 1283 sed
3284 1228 3409 1298 quia
3433 1227 3498 1281 ad
3530 1227 3789 1297 iniquum

2178 1321 2283 1377 hoc
2307 1338 2443 1394 opus
2472 1320 2861 1377 descenderunt
2886 1363 2901 1384 ,
2930 1319 3189 1390 dignitate
3216 1332 3309 1373 sua
3335 1317 3664 1374 exciderunt.
3695 1317 3789 1372 En

2180 1413 2374 1469 iterum
2411 1412 2702 1469 fabulosius
2737 1411 2899 1467 aliud.
2931 1412 3141 1482 Ergone
3167 1424 3310 1465 nunc
3337 1408 3653 1465 exciderunt
3674 1451 3693 1475 ,
3717 1419 3793 1464 et

2181 1504 2297 1560 hzcc
2323 1505 2490 1561 ruitur:
2512 1504 2722 1559 illorqu
2744 1518 2901 1559 causa
2922 1504 2945 1555 ’ρ
2967 1501 3166 1557 Verum
3195 1501 3471 1570 Scriptura
3496 1514 3600 1554 nos
3622 1501 3791 1555 aliter

2180 1596 2373 1663 docet,
2407 1611 2599 1666 nempe
2622 1606 2909 1666 antequam
2940 1595 3261 1650 lormarctur
3284 1594 3492 1664 primus
3520 1592 3678 1647 homo
3697 1633 3713 1657 ,
3744 1606 3787 1645 ιι

2180 1705 2277 1745 sua
2310 1689 2568 1759 dignitate
2605 1688 2869 1743 excidisse
2907 1695 2962 1741 et
2980 1685 3256 1741 diabolum
3281 1725 3297 1750 ,
3323 1693 3380 1740 et
3405 1699 3500 1739 cos
3525 1684 3614 1753 qui
3646 1698 3788 1737 αιιιι

2181 1798 2249 1839 eo
2297 1784 2553 1851 majorem
2601 1795 2761 1852 quam
2803 1779 3029 1835 decebat
3069 1778 3383 1849 dignitatem
3430 1775 3742 1831 ambiebant
3768 1793 3790 1829 :

2183 1877 2321 1931 sicut
2346 1885 2401 1930 et
2425 1876 2638 1945 sapiens
2667 1874 2883 1945 quidam
2919 1874 3125 1944 inquit:
3151 1871 3355 1926 Invidia
3395 1881 3562 1925 autem
3587 1869 3797 1924 diaboh'

2184 1984 2321 2022 mors
2337 1967 2540 2021 intravit
2557 1966 2609 2020 in
2625 1965 2870 2019 mundum
2882 1963 3046 2035 (δίῳ.
3067 1963 3125 2018 3.
3140 1961 3259 2034 24).
3275 1963 3385 2028 Dic,
3406 1977 3607 2032 qna-so,
3623 1961 3790 2026 mihi,

2185 2058 2233 2113 si
2276 2073 2383 2113 non
2423 2067 2548 2112 ante
2593 2055 2790 2111 factum
2831 2054 3102 2109 hominem
3142 2053 3374 2117 excidit,
3400 2052 3672 2123 qnmnodo
3730 2052 3794 2106 in

2189 2158 2332 2204 tanta
2353 2148 2612 2219 dignitate
2639 2164 2860 2202 ntaneus
2886 2146 3073 2201 invidit
3117 2144 3359 2200 homini?
3387 2144 3664 2211 Quomodo
3689 2160 3794 2197 ra-

2191 2241 2325 2295 tioni
2352 2255 2647 2295 consonum
2675 2247 2758 2293 est
2781 2279 2796 2303 ,
2827 2237 3072 2307 angelum
3104 2236 3476 2304 incorporeum
3494 2279 3509 2297 ,
3530 2244 3581 2290 et
3610 2236 3660 2289 in
3687 2235 3803 2295 tali

2190 2331 2448 2402 dignitate
2472 2331 2825 2387 constitutum
2852 2371 2867 2396 ,
2895 2329 3097 2383 homini
3128 2327 3371 2383 invidere
3407 2342 3629 2396 corpore
3670 2328 3796 2380 cir-

2191 2423 2512 2479 cumamicto
2531 2422 2554 2475 ?
2576 2421 2681 2477 Sed
2706 2422 2959 2492 quoniam
2995 2436 3025 2475 a
3051 2435 3281 2490 superna
3312 2418 3481 2490 gloria
3518 2418 3571 2473 in
3605 2426 3801 2472 estre-

2193 2530 2335 2570 mam
2359 2514 2705 2585 ignominiam
2727 2512 2970 2583 dejcetus
2996 2510 3188 2578 fuerat,
3217 2511 3343 2566 licet
3362 2521 3499 2566 esset
3532 2509 3800 2580 incorpo-

2193 2621 2352 2673 reus;
2381 2605 2571 2661 videns
2602 2605 2889 2660 formatum
2918 2604 3212 2669 hominem,
3243 2603 3294 2659 iu
3324 2618 3548 2673 corpore
3579 2612 3801 2658 tantum

2197 2699 2454 2756 honorem
2501 2698 2809 2755 Conditoris
2850 2698 3221 2754 benevolentia
3265 2699 3508 2752 sortitum
3535 2738 3550 2762 ,
3583 2695 3797 2752 invidia

2195 2793 2415 2859 exarsit,
2448 2801 2502 2848 ct
2526 2791 2861 2861 deceptione,
2889 2790 2955 2845 ad
2994 2805 3151 2861 quam
3182 2789 3445 2859 serpentis
3469 2804 3625 2857 opera
3656 2802 3804 2842 usus

2196 2893 2300 2952 est,
2327 2884 2596 2939 hominem
2614 2883 2803 2939 mortis
2823 2897 2995 2953 paenae
3018 2882 3305 2937 obnoxium
3328 2880 3473 2937 fecit.
3487 2881 3627 2935 Talis
3640 2881 3801 2935 enim

2197 2985 2279 3033 est
2309 2975 2543 3043 malitia;
2574 2990 2679 3031 non
2711 2983 2888 3045 potest
2913 2988 3019 3028 non
3041 2973 3274 3043 grauiter
3303 2973 3443 3027 ferre
3463 2971 3683 3027 aliorum
3715 2971 3804 3025 fe—

2199 3067 2474 3123 licitatem.
2504 3064 2659 3134 Quod
2700 3066 2860 3137 igitur
2883 3063 3127 3119 diabolus
3152 3072 3209 3119 et
3246 3061 3424 3117 oumis
3451 3062 3564 3133 eius
3592 3060 3800 3117 cohors

2199 3159 2329 3216 olim
2353 3174 2384 3213 a
2404 3157 2572 3231 gloria
2599 3157 2687 3212 illa
2712 3156 3029 3223 exciderint,
3048 3164 3102 3211 ct
3132 3153 3472 3226 ignominiosi
3501 3153 3800 3219 evaserint,

2202 3249 2543 3306 manifestum
2572 3256 2673 3304 est.
2706 3247 2954 3319 Alioquin
2979 3246 3141 3302 etiam
3167 3254 3365 3315 quanta
3391 3260 3497 3301 non
3522 3244 3804 3299 dementia

2201 3344 2419 3416 plenum
2469 3341 2658 3409 fuerit,
2689 3341 2872 3397 dicere
2912 3340 3137 3412 angelos
3177 3340 3249 3395 ita
3286 3339 3555 3410 dejectos,
3585 3348 3641 3393 ut
3668 3354 3803 3393 cum

2203 3434 2517 3492 mulieribus
2557 3448 2669 3489 rem
2715 3433 3010 3498 haberent,
3038 3441 3093 3487 ct
3122 3431 3435 3501 incorporea
3477 3431 3562 3485 illa
3606 3439 3804 3485 natura

2202 3529 2546 3600 comitaretur
2580 3525 2899 3597 corporibus
2925 3523 2951 3577 ?
2984 3525 3176 3580 Annon
3215 3524 3368 3579 audis
3413 3523 3691 3579 Dominum
3718 3521 3805 3576 di-

2204 3632 2415 3679 centem
2461 3620 2530 3677 de
2580 3620 2892 3691 angelorum
2943 3618 3241 3674 substantia
3274 3636 3291 3674 :
3332 3616 3395 3671 In
3439 3617 3806 3672 resurrectione

2205 3714 2338 3768 enim
2380 3729 2540 3782 neque
2587 3711 2962 3766 matrimonium
3002 3709 3328 3773 contrahunt,
3360 3725 3519 3776 neque
3559 3711 3804 3771 nubunt,-

2206 3807 2297 3861 sed
2319 3817 2436 3862 sunt
2458 3804 2587 3859 sicut
2607 3803 2773 3874 angeli
2799 3802 2891 3857 Dei
2919 3800 3132 3871 (Matth.
3154 3799 3247 3854 9.2.
3280 3800 3371 3856 '50.
3400 3798 3566 3853 Marc.
3588 3799 3670 3854 12.
3702 3797 3802 3856 ὓ.

2210 3899 2335 3954 Luc.
2365 3897 2457 3953 9.0.
2487 3896 2576 3965 35)
2600 3895 2625 3948 ?
2650 3894 2833 3967 Neque
2875 3894 3017 3951 enim
3050 3892 3301 3964 possibile
3323 3901 3404 3947 est
3431 3891 3801 3960 incorpoream

2209 4000 2472 4054 naturam,
2503 3986 2663 4043 talem
2691 4002 2940 4057 umquam
2964 3983 3454 4054 concupiscentiam
3482 3982 3697 4038 habere.
3720 3982 3801 4037 Ad

2211 4080 2325 4136 haec
2362 4080 2523 4134 etiam
2547 4077 2887 4148 cogitandum
2919 4087 3036 4141 est,
3076 4075 3179 4131 hoc
3219 4075 3467 4129 omnibus
3494 4072 3669 4129 mmlis
3707 4073 3808 4128 ab-

2208 4170 2582 4228 surdissimum
2614 4168 2777 4223 fuisse
2799 4169 2851 4221 in
2874 4166 3111 4221 animum
3142 4165 3417 4221 inducere.
3451 4163 3582 4218 Nam
3607 4164 3649 4218 si
3679 4178 3809 4217 sau-

2209 4263 2282 4318 cti
2316 4272 2367 4317 ct
2393 4261 2483 4334 qui
2514 4260 2769 4332 Spiritum
2801 4268 3043 4314 sanctum
3069 4265 3407 4328 acceperant,
3437 4271 3609 4327 neqtte
3637 4255 3805 4309 visio-

2211 4369 2335 4410 netn
2364 4354 2673 4425 angelorum
2720 4350 2903 4405 videre
2932 4358 3221 4420 potuerunt
3254 4347 3427 4418 (Dan.
3467 4351 3547 4402 l0.
3577 4346 3703 4401 7-H
3736 4346 3756 4415 )
3789 4364 3804 4400 :

2211 4446 2489 4501 enimvero
2514 4444 2594 4498 vir
2617 4443 3006 4499 desideriorum
3031 4451 3315 4511 conspecta
3353 4440 3527 4512 angeli
3573 4455 3808 4508 ιιι-περιι-

2215 4538 2282 4593 tia
2309 4578 2325 4604 ,
2367 4553 2471 4592 non
2502 4547 2679 4590 tamen
2721 4534 3039 4598 substantia,
3073 4533 3219 4603 (quo
3262 4541 3414 4602 pacto
3453 4531 3598 4585 cuitu
3641 4529 3806 4584 videri

2215 4638 2397 4699 posset
2426 4627 2778 4699 incorporalis
2805 4623 3145 4681 substantia?
3165 4620 3307 4694 )‘sed
3340 4620 3810 4677 transformatium:

2213 4721 2384 4776 Solum
2412 4719 2641 4790 quadam
2673 4720 2806 4785 visa,
2838 4732 3026 4788 parum
3064 4715 3233 4771 abfuit
3260 4714 3387 4784 quin
3423 4713 3625 4768 viribus
3647 4710 3816 4766 desti-

2217 4821 2360 4868 tntus
2403 4822 2458 4868 et
2501 4812 2734 4866 animam
2765 4811 3069 4871 amitteret;
3116 4815 3277 4877 atque
3305 4806 3349 4861 si
3381 4814 3560 4859 tantus
3598 4817 3661 4858 ac
3689 4802 3815 4857 talis

2216 4907 2298 4960 vir
2327 4919 2463 4975 pene
2490 4905 2691 4974 absque
2727 4901 2916 4972 spiritu
2942 4899 3175 4972 jacebat,
3207 4899 3325 4969 quis
3353 4898 3514 4952 etiam
3541 4894 3696 4950 valde
3731 4893 3817 4948 in-

2215 5012 2381 5054 sanus
2407 4994 2783 5066 comprobaret
2818 4992 2933 5047 lucc
2977 4980 3286 5060 blaSphctua
3330 4986 3490 5043 verba
3525 4983 3818 5042 dementia:

2218 5090 2394 5161 plena,
2422 5088 2563 5158 quod
2607 5088 2921 5154 incorporea
2952 5093 3006 5139 et
3035 5080 3326 5152 spiritualis
3354 5088 3545 5134 natura
3568 5076 3818 5147 corporis

2217 5181 2554 5247 complexum
2601 5176 2796 5232 ferret?

2288 5275 2344 5330 5.
2390 5272 2632 5327 flamines
2661 5268 2758 5337 lilii
2801 5265 2896 5322 Dei
2924 5265 3047 5320 dicti
3083 5264 3136 5318 in
3178 5260 3469 5334 Scriptura.
3497 5257 3696 5316 —Set|
3743 5272 3816 5313 ne

2218 5367 2461 5439 pluribus
2491 5366 2589 5420 ista
2618 5361 2948 5419 excutientes
2964 5367 3138 5415 terere
3164 5366 3373 5425 tempus
3388 5353 3685 5415 videamur,
3717 5364 3816 5419 age

2219 5462 2341 5532 quia
2378 5457 2767 5514 sufficientibus
2807 5450 3136 5523 argumentis
3169 5447 3376 5502 caritati
3403 5453 3597 5501 vestrm
3642 5442 3818 5498 decla—

2222 5553 2456 5608 ravimus
2477 5591 2492 5615 ,
2524 5564 2682 5619 quam
2712 5547 2780 5600 sit
2810 5546 2910 5600 hoc
2939 5540 3267 5613 impossibile
3294 5555 3309 5592 :
3342 5538 3633 5594 doceamus
3677 5548 3817 5589 nunc

2221 5661 2341 5715 qua:
2366 5644 2442 5699 rei
2473 5642 2543 5698 sit
2580 5639 2810 5703 veritas;
2861 5638 3054 5691 iterum
3103 5642 3281 5688 tamen
3328 5630 3480 5686 lectis
3509 5630 3576 5684 iis
3603 5643 3724 5699 qum
3763 5626 3814 5679 in

2223 5736 2399 5792 divina
2415 5731 2692 5802 Scriptura
2715 5728 2974 5783 feruntur.
2994 5724 3054 5779 Et
3068 5727 3259 5794 factum
3275 5730 3370 5786 est,
3402 5719 3595 5790 inquit,
3616 5717 3818 5788 quando

2225 5835 2479 5899 coeperunt
2523 5824 2750 5879 homines
2793 5816 3122 5892 multiplicari
3168 5832 3319 5888 super
3365 5824 3570 5882 terram,
3617 5821 3665 5867 et
3700 5810 3822 5881 ﬁlia
