4110 6412
297 374 403 434 187

283 507 429 557 τινος
462 493 755 565 ἐπιτυχεῖν.
791 499 889 552 Διά
931 499 1088 554 τοῦτο
1130 503 1159 555 ό
1194 500 1398 568 δίκαιος
1437 504 1688 576 καθάπερ
1721 509 1954 581 σπινθὴρ

282 588 346 641 ἐν
385 589 536 660 μέσῳ
583 590 811 659 πελάγει
854 595 1155 665 τυγχάνων,
1205 598 1266 650 οὐ
1302 598 1461 669 μόνον
1508 601 1609 654 οὐκ
1644 602 1951 671 ἐσϐέννυτο,

278 683 420 738 ἀλλὰ
468 686 562 739 καὶ
602 686 725 740 καθ’
756 689 994 762 ἑκάστην
1037 692 1248 764 ἡμέραν
1288 693 1665 767 λαμπρότερον
1706 698 1857 768 ἠφίει
1893 700 1955 754 τὸ

278 780 435 849 φῶς,
486 782 806 848 διδάσκαλος
859 788 993 841 πᾶσι
1061 788 1343 860 γινόμενος
1401 790 1490 845 διὰ
1538 791 1650 846 τῶν
1700 793 1892 847 ἐαυτοῦ
1922 807 1952 837 ι

274 874 476 947 ἔργων.

346 969 501 1037 Εἶδες
535 972 615 1038 ὡς
656 973 1001 1043 αὐτεξούσιον
1046 977 1202 1050 ήμῶν
1249 979 1350 1051 τὴν
1401 979 1562 1049 φύσιν
1609 984 1639 1035 ὁ
1672 983 1949 1055 Δεσπότης

268 1067 702 1141 ἐδημιούργησες
754 1071 924 1127 Πόθεν
953 1073 1083 1146 γάρ,
1115 1074 1237 1127 είπέ
1285 1092 1394 1145 μοι,
1430 1077 1628 1129 ἐκεῖνοι
1679 1077 1780 1147 μὲν
1812 1078 1950 1149 πρὸς

266 1166 369 1234 τὴν
400 1167 598 1221 κακίαν
640 1167 916 1235 ἔσπευδον,
944 1171 1040 1224 καὶ
1068 1173 1134 1244 τῇ
1169 1173 1410 1243 τιμωρίᾳ
1456 1174 1791 1239 ὑπευθύνους
1819 1177 1945 1229 ἐαυ·

261 1264 396 1327 τοὺς
421 1264 709 1335 καθίστων,
723 1263 873 1332 οὗτος
893 1268 950 1322 δὲ
967 1270 1063 1341 τὴν
1085 1271 1283 1344 ἀρετὴν
1297 1271 1568 1342 ἐλόμενος,
1582 1274 1676 1327 καὶ
1689 1274 1790 1345 τὴν
1809 1274 1946 1345 πρὸς

261 1358 509 1424 ἐκείνους
522 1362 805 1416 κοινωνίαν
821 1346 1029 1432 φυγὼν,
1044 1365 1145 1436 τῆς
1163 1368 1436 1438 τιμωρίας
1456 1372 1651 1440 πεῖραν
1665 1372 1767 1423 οὐκ
1783 1370 1944 1442 ἐλάμ-

260 1454 457 1521 ϐανεν;
483 1457 597 1510 Ούκ
617 1456 856 1529 εὔδηλον,
889 1461 973 1514 ὅτι
988 1460 1076 1515 διὰ
1100 1462 1162 1515 τὸ
1176 1463 1405 1518 ἕκαστον
1422 1466 1599 1538 οἰκείᾳ
1623 1468 1940 1538 προαιρέσει

258 1553 295 1623 ἢ
313 1554 415 1622 τὴν
442 1554 643 1626 ἀρετὴν
671 1556 978 1627 αίρείσθαι;
1010 1559 1073 1611 El
1101 1559 1210 1631 γὰρ
1236 1560 1310 1632 μὴ
1337 1562 1496 1616 τοῦτο
1509 1559 1598 1634 ἦν,
1621 1565 1758 1635 μηδὲ
1785 1568 1842 1619 ἐν
1869 1568 1937 1636 τῇ

257 1646 421 1714 φύσει
449 1651 514 1719 τῇ
546 1650 787 1723 ἡμετέρᾳ
812 1652 881 1706 τά
913 1654 1011 1724 τῆς
1036 1654 1284 1722 ἐξουσίας
1317 1656 1513 1723 ἔκειτο,
1546 1658 1670 1712 ούτε
1698 1661 1938 1726 ἐκείνους

255 1743 584 1808 κολάζεσθαι
625 1746 752 1812 ἔδει,
794 1747 917 1802 οὕτε
959 1749 1182 1816 τούτους
1230 1754 1462 1823 ἀμοιϐὰς
1497 1755 1796 1827 λαμϐάνειν
1837 1760 1936 1831 τῆς

252 1840 459 1911 ἀρετῆς
482 1858 494 1870 ’
523 1841 640 1895 ἀλλ’
671 1843 859 1917 ἐπειδὴ
883 1846 942 1899 ἐν
969 1849 1034 1919 τῇ
1070 1850 1384 1921 προαιρέσει
1418 1855 1486 1924 τῇ
1528 1855 1770 1925 ἡμετέρᾳ
1799 1871 1932 1909 κατ-

250 1936 409 1988 έλιπε
440 1938 579 2007 μετὰ
606 1939 706 2010 τὴν
735 1939 938 1995 ἀνωθεν
963 1944 1123 2015 χάριν
1151 1944 1213 1998 τὸ
1239 1947 1368 2012 πᾶν,
1390 1946 1479 2002 διὰ
1504 1950 1662 2002 τοῦτο
1700 1952 1791 2003 καὶ
1818 1955 1931 2014 τοῖς

251 2030 629 2102 ἁμαρτάνουσι
656 2035 904 2100 κολάσεις
931 2038 1273 2104 ἀπόκεινται,
1303 2040 1399 2095 καὶ
1433 2046 1547 2106 τοῖς
1574 2044 1929 2116 κατορθοῦσιν

248 2127 547 2191 ἀντιδόσεις
573 2130 666 2182 καὶ
690 2131 936 2201 ἀμοιϐαί.
981 2135 1094 2188 Καὶ
1130 2132 1228 2206 ἦν,
1262 2140 1415 2208 φησὶ,
1444 2138 1573 2194 Νῶε
1604 2140 1754 2194 ἐτῶν
1785 2157 1927 2196 πεν-

246 2225 569 2288 τακοσίων,
610 2226 711 2280 καὶ
746 2227 1042 2298 ἐγέννησε
1070 2231 1230 2299 τρεῖς
1263 2234 1455 2300 υἱοὺς,
1498 2235 1610 2288 τὸν
1634 2239 1786 2306 Σὶυι,
1819 2241 1926 2292 τὸν

244 2317 398 2386 Χὰμ,
430 2317 540 2372 τὸν
583 2320 792 2389 Ἰάφεθ.
830 2323 1028 2378 Σκόπει
1058 2326 1156 2397 τῆς
1184 2326 1333 2392 θείας
1377 2330 1601 2402 Γραφῆς
1629 2332 1730 2402 τὴν
1768 2333 1925 2407 ἀκρί-

242 2413 419 2467 ϐειαν.
468 2413 684 2488 Ἐπειδὴ
728 2419 1024 2490 διηγήσατο
1068 2424 1203 2493 ἡμῖν
1246 2424 1356 2477 τῶν
1399 2426 1538 2480 ἐτῶν
1574 2428 1667 2481 τοῦ
1712 2429 1921 2485 δικαίου

241 2507 340 2562 τὸν
372 2505 624 2582 ἀριθμδν,
653 2513 969 2569 δεικνύουσα
992 2517 1092 2586 τῆς
1123 2520 1505 2591 μακροθυμίας
1524 2522 1674 2596 [195]
1706 2527 1798 2580 τοῦ
1824 2531 1921 2582 Δε-

245 2604 448 2658 σπότου
473 2606 572 2678 τὴν
604 2609 929 2682 ὑπερϐολὴν,
961 2612 1205 2682 βούλεται
1237 2616 1400 2670 πάλιν
1424 2619 1519 2672 καὶ
1544 2620 1642 2692 τὴν
1670 2624 1921 2680 ἐπίτασιν

241 2707 344 2777 τῆς
376 2709 726 2775 ἀνεξικακίας
756 2712 851 2766 τοῦ
883 2715 1155 2769 Δεσπότου
1182 2718 1349 2789 δήλην
1386 2722 1517 2793 ἡμῖν
1548 2726 1795 2799 ποιῆσαι,
1826 2733 1917 2785 καὶ

243 2805 345 2873 τῆς
372 2805 570 2870 κακίας
593 2805 702 2861 τῶν
730 2800 1032 2882 ἀνθρώπων
1062 2814 1160 2884 τὴν
1196 2816 1396 2889 πολλὴν
1427 2822 1617 2892 φοράν.

314 2908 385 2979 β’.
421 2912 557 2966 Ἀλλ’
576 2913 895 2986 ἀκούσωμεν
918 2916 1095 2972 αὐτῶν
1114 2920 1222 2974 τῶν
1246 2923 1396 2995 παρά
1410 2925 1506 2979 τοῦ
1527 2929 1803 2996 Μωῠσέως
1816 2935 1915 3005 ρη-

242 3005 442 3061 θέντων
460 3024 474 3037 ·
511 3008 788 3080 Πνεύματι
807 3012 915 3083 γὰρ
941 3013 1307 3086 φθεγγόμενος
1338 3021 1553 3078 ἅπαντα
1585 3027 1730 3095 μετά’
1749 3028 1913 3100 ἀκρι-

239 3101 390 3166 ϐείας
411 3103 559 3174 ἡμᾶς
583 3105 792 3173 διδάξαι
816 3107 1083 3178 βούλεται.
1113 3114 1221 3167 Καὶ
1238 3115 1495 3183 ἐγένετο,
1521 3124 1704 3192 φησὶν,
1726 3126 1913 3193 ἡνίκα

237 3197 502 3265 ἤρξαντο
528 3203 583 3255 οἱ
615 3202 910 3273 ἅνθρωποι
938 3209 1177 3263 πολλοί
1202 3212 1471 3281 γίνεσθαι
1493 3217 1594 3271 ἐπὶ
1619 3221 1732 3291 τῆς
1770 3224 1906 3295 τῆς,

237 3294 339 3347 καὶ
400 3297 720 3365 θυγατέρες
779 3299 1195 3371 ἐγεννήθησαν
1260 3310 1485 3379 αὐτοῖς.
1549 3316 1661 3387 Οὐχ
1720 3294 1908 3386 ἁπλῶς

235 3391 544 3462 προσέθηκε
580 3394 662 3457 τὺ,
710 3395 820 3450 Καὶ
857 3400 1173 3469 θυγατέρες
1211 3404 1628 3477 ἐγεννήθησαν
1682 3417 1904 3485 αὐτοῖς,

234 3487 351 3540 ἀλλ’
382 3488 469 3542 ἴνα
500 3490 562 3542 τὸ
593 3490 728 3543 πολὺ
759 3492 960 3565 πλῆθος
1003 3498 1138 3568 ἡμῖν
1185 3502 1421 3577 ὲμφήνῃ.
1455 3505 1629 3564 Ὅπου
1671 3513 1779 3584 γὰρ
1816 3534 1907 3571 το-

236 3585 428 3639 σοῦτον
465 3587 526 3641 τὸ
550 3588 658 3643 τῶν
686 3588 854 3662 ῥιζῶν
880 3593 1103 3664 πλῆθος,
1132 3598 1345 3673 ἀνάγκη
1379 3603 1606 3672 πολλοὺς
1631 3611 1905 3670 τίκτεσθαι

233 3681 361 3746 τοὺς
405 3682 651 3747 κλάδους.
717 3686 964 3754 Ἰδόντες
1014 3691 1101 3758 δὲ,
1134 3695 1318 3765 φησὶν,
1363 3701 1420 3753 οἱ
1464 3704 1581 3756 υἱοὶ
1612 3707 1719 3762 τοῦ
1758 3712 1905 3767 Θεοῦ

232 3777 339 3844 τὰς
406 3779 731 3849 θυγατέρας
775 3782 894 3839 τῶν
936 3787 1282 3857 ἀνθρώπων.
1337 3794 1426 3849 ὅτι
1487 3803 1672 3855 καλαί
1723 3809 1901 3875 εἰσιν,

231 3872 455 3928 ἕλαϐον
475 3875 709 3944 ἑαυτοῖς
727 3880 1018 3949 γυναῖκας
1037 3885 1157 3938 ἀπὸ
1177 3890 1392 3944 πασῶν
1409 3887 1499 3948 ὧν
1522 3872 1900 3966 ἐξελέξαντο.

243 3969 515 4042 Ἐκάστην
543 3970 687 4037 λέξιν
722 3973 831 4028 τῶν
858 3977 1164 4049 εἰρημένων
1194 3984 1375 4052 σαφῶς
1423 3996 1900 4069 κατοπτεύσωμεν,

231 4066 321 4119 ἵνα
356 4066 522 4137 μηδὲν
547 4068 695 4139 ἡμᾶς
722 4072 1054 4146 παραδράμῃ
1076 4076 1186 4131 τῶν
1210 4081 1269 4134 ἐν
1301 4081 1380 4153 τῷ
1406 4082 1557 4153 βάθει
1588 4066 1902 4168 κεκρυμμέ-

228 4178 360 4218 νων.
394 4162 506 4217 Καὶ
532 4165 642 4236 γάρ
669 4166 965 4236 ἀναγκαῖον
990 4171 1177 4227 τούτου
1205 4176 1299 4230 τοῦ
1332 4184 1530 4253 χωρίου
1573 4162 1775 4262 πολλὴν
1803 4162 1900 4266 τὴν

228 4258 458 4329 ἔρευναν
484 4260 830 4330 ποιήσασθαι,
861 4265 955 4318 καὶ
978 4267 1276 4341 ἀνατρέψαι
1307 4273 1407 4338 τάς
1446 4258 1767 4353 μυθολογίας
1793 4258 1898 4346 τών

228 4355 647 4425 ἀπερισκέπτως
677 4359 850 4413 πάντα
878 4362 1260 4436 φθεγγομένων
1280 4385 1296 4402 ο
1326 4371 1419 4424 καὶ
1444 4375 1657 4446 πρῶτον
1697 4385 1795 4452 μὲν
1820 4390 1897 4441 εξ-

225 4450 351 4501 πεῖν
372 4449 510 4519 άπερ
537 4451 713 4521 λέγειν
749 4455 1007 4526 τολμῶσι,
1022 4460 1114 4514 καὶ
1135 4461 1412 4533 δείξαντας
1430 4471 1530 4542 τὴν
1549 4449 1777 4534 ἀτοπίαν
1790 4484 1897 4538 τῶν

142 4588 155 4593 -
228 4545 360 4617 παρ’
379 4547 554 4601 αὐτῶν
583 4549 909 4620 λεγομένων,
939 4555 1081 4610 οὓτω
1101 4559 1191 4613 τὸν
1223 4562 1394 4637 ἀληθῆ
1412 4568 1536 4622 νοῦν
1564 4576 1663 4644 τῆς
1677 4576 1716 4627 Γ
1722 4584 1895 4652 ραφῆς

223 4641 434 4707 διδάξαι
474 4645 570 4716 τὴν
602 4647 870 4720 ὑμετέραν
903 4652 1143 4726 ἀγάπην,
1166 4656 1305 4713 ὥστε
1346 4662 1421 4734 μὴ
1450 4641 1635 4733 ἁπλῶς

222 4736 323 4801 τὰς
353 4740 521 4804 ἀκοὰς
561 4748 672 4807 τοῖς
701 4747 771 4800 τὰ
813 4745 1103 4820 βλάσφημα
1136 4754 1317 4809 ἐκεῖνα
1355 4759 1764 4835 φθεγγομένοις,
1782 4736 1894 4829 ,καὶ

221 4835 365 4888 κατά
390 4840 489 4908 τῆς
510 4839 717 4894 ἑαυτῶν
747 4843 988 4916 κεφαλῆς
1017 4847 1256 4919 τολμῶσι
1278 4852 1476 4923 λέγειν.
1507 4861 1643 4915 Φασὶ
1686 4868 1788 4938 γὰρ
1810 4871 1889 4926 ὅτι

218 4928 283 4983 ού
314 4931 441 5002 περὶ
484 4931 786 5005 ἀνθρώπιον
814 4937 972 4993 τοῦτο
1009 4942 1241 5015 εἴρηται,
1273 4949 1410 5004 ἀλλά
1453 4958 1581 5027 περὶ
1609 4928 1886 5030 ἀγγέλων·

217 5022 443 5089 τούτους
492 5028 600 5099 γάρ
647 5031 798 5094 υἱοὺς
841 5033 977 5088 Θεοῦ
1038 5044 1465 5115 προσηγόρευσε.
1525 5022 1748 5125 Πρῶτδν
1790 5062 1890 5128 μὲν

215 5118 569 5187 δειξάτωσαν,
615 5125 719 5180 ποῦ
758 5128 981 5197 ἄγγελοι
1026 5135 1131 5189 υἱοὶ
1160 5138 1294 5193 Θεοῦ
1338 5118 1885 5225 προσηγορεύθησαν·

215 5214 336 5266 ἀλλ’
373 5217 473 5271 οὐκ
499 5217 564 5272 ἂν
592 5219 768 5291 ἐχοιεν
802 5224 1039 5297 οὐδαμοῦ
1086 5231 1272 5297 δεῖξαι.
1314 5214 1624 5313 Ἀνθρώποι
1655 5214 1886 5326 μὲνγὰρ

214 5305 525 5379 ἐκλήθησαν
565 5313 672 5365 υίοὶ
705 5314 863 5381 Θεοῦ,
905 5321 1122 5389 ἄγγελοι
1162 5325 1220 5379 δὲ
1260 5305 1531 5401 οὐδαμώς.
1562 5305 1723 5394 Ἀλλά

214 5404 320 5474 μὲν
349 5405 458 5460 τῶν
498 5408 750 5478 ἀγγέλων
795 5419 962 5488 φησίν
987 5435 1002 5451 ο
1047 5419 1100 5473 'O
1157 5424 1345 5481 ποιῶν
1397 5431 1542 5497 τοὺς
1588 5404 1886 5509 ἀγγέλοσύς

206 5500 402 5555 αὑτοῦ
437 5506 765 5575 πνεύματα,
806 5512 903 5566 καί
947 5515 1090 5581 τοὺς
1118 5522 1500 5594 λειτουργοὺς
1538 5533 1722 5589 αὑτοῦ
1768 5553 1881 5594 πυ-

196 5599 317 5669 ρὸς
344 5601 543 5671 φλόγα
562 5621 575 5635 ·
606 5607 733 5676 περί
769 5606 827 5662 δέ
866 5611 974 5664 τῶν
1005 5611 1326 5684 ἀνθρώπων,
1380 5624 1521 5695 Ἐγὼ
1545 5624 1682 5684 εἶπα
1701 5649 1715 5663 ο
1750 5637 1884 5690 Θεοί

263 5792 287 5818 ⁰
308 5794 390 5845 Sic
412 5797 564 5847 Savil.
595 5801 761 5851 Morel.
793 5812 847 5854 et
878 5806 1043 5859 Momf.
1068 5813 1219 5864 αὐτῶν
1266 5814 1401 5869 Eun.

498 5903 766 5964 Ρηιιοι.
802 5908 919 5970 Gn.
956 5910 1114 5974 ιλιι.

1340 391 1405 447 IN
1447 393 1602 450 CAP.
1641 392 1682 449 ν
1722 396 1810 455 ΕΤ
1852 399 1918 456 Vl
1958 400 2207 463 GENES.
2247 405 2486 468 IIOMIL.
2526 412 2687 470 XXII.

3641 421 3741 479 188

2062 512 2236 569 ἐστει
2275 517 2369 571 καὶ
2418 518 2614 573 πάλιν·
2657 510 2829 588 Υίοὺζ
2868 520 3186 593 ἐγέννησα,
3226 531 3327 585 καί
3365 531 3617 602 ὕψωυαδ
3644 540 3740 593 καὶ

2060 608 2225 666 πάλιν
2246 629 2260 644 ο
2306 617 2684 684 Πρωτότοκος
2729 620 2861 685 υἱός
2899 639 3018 689 μου
3076 625 3321 692 Ἰσραήλ
3341 643 3353 657 ·
3400 629 3629 699 ἄγγελος
3678 633 3740 688 δέ

2058 704 2298 776 οὐδαμοῦ
2351 709 2465 772 υίὸς
2509 710 2734 783 ἐκλήθη,
2762 712 2894 767 οὐδὲ
2930 716 3042 779 υίὸς
3079 719 3236 773 Θεοῦ.
3276 722 3439 777 Ἀλλὰ
3477 725 3530 778 τί
3563 744 3737 796 φασις
3788 784 3795 787 _

2056 799 2185 863 Ναὶ,
2218 802 2439 871 ἄγγελοι
2489 805 2590 877 μέν
2619 803 2792 878 ἦσαν’
2839 809 2974 864 διότι
3000 812 3058 866 δὲ
3088 815 3223 886 πρὸς
3273 818 3371 891 τὴν
3419 823 3737 896 παράνομον

2055 895 2261 968 ταύτην
2297 898 2498 971 πρᾶξιν
2550 904 2837 975 κατῆλθον.
2882 909 2983 977 τῆς
3034 908 3192 974 ἀξίας
3237 910 3513 977 ἐξέπεσον.
3565 895 3734 973 Πάλιν

2055 990 2242 1061 ἓτερον
2290 994 2717 1068 μυθωδέστερον.
2748 1000 2816 1052 Τί
2845 997 2972 1069 οὖν;
3021 1003 3119 1057 νῦν
3147 1004 3422 1076 ἐξέπεσον,
3470 1014 3564 1065 καὶ
3591 1013 3731 1086 αὕτη

2054 1086 2153 1156 τῆς
2185 1088 2446 1154 πτώσεως
2475 1092 2659 1156 αὐτοῖς
2689 1093 2716 1133 ιι
2748 1094 2950 1168 ἐστινὴ
2978 1099 3160 1165 αίτία;
3194 1102 3305 1156 Καὶ
3335 1104 3440 1176 μὴν
3470 1108 3502 1178 ἡ
3539 1108 3731 1181 Γραφὴ

2051 1178 2226 1243 άλλως
2249 1182 2396 1253 ἡμᾶς
2418 1183 2682 1252 διδάσκει,
2703 1187 2785 1240 ὅτι
2805 1191 2900 1243 καὶ
2924 1192 3029 1263 πρὸ
3054 1193 3150 1261 τῆς
3180 1197 3274 1249 τοῦ
3301 1178 3727 1269 πρωτοπλάστου

2049 1273 2404 1348 δημιουργίας
2432 1282 2533 1350 τῆς
2559 1279 2718 1346 ἀξίας
2754 1282 2967 1355 ἐκείνης
2991 1287 3403 1361 κατηνέχθησαν
3434 1295 3526 1347 καὶ
3556 1299 3586 1349 ὁ
3613 1297 3729 1352 διά-

2050 1370 2204 1433 ϐολος
2233 1372 2328 1425 καὶ
2354 1374 2403 1425 οί
2427 1373 2541 1444 μετ’
2571 1375 2758 1445 αὐτοῦ,
2791 1379 2977 1448 μεῖζον
3016 1366 3112 1452 τῆς
3147 1383 3309 1449 ἀξίας
3338 1391 3725 1460 φρονήσαντες,

2052 1467 2303 1539 καθάπερ
2329 1473 2423 1524 καὶ
2456 1475 2616 1543 σοφός
2650 1476 2735 1540 τίς
2766 1494 2933 1547 φησι·
2965 1481 3169 1548 Φθόνφ
3198 1482 3268 1537 δὲ
3303 1487 3411 1540 τοῦ
3439 1488 3725 1550 διαϐόλου

2046 1556 2303 1652 θάνατος
2333 1563 2421 1628 εὶς
2453 1563 2563 1618 τὸν
2605 1566 2839 1652 κόσμον
2864 1568 3171 1639 εἰσῆλθεν.
3217 1574 3356 1629 Είπὲ
3387 1578 3496 1652 γάρ
3526 1599 3638 1651 μοι.
3671 1589 3722 1640 εί

2047 1643 2122 1713 μὴ
2148 1640 2218 1715 ἦν
2248 1647 2356 1719 πρὸ
2382 1648 2483 1719 τῆς
2510 1649 2604 1703 τοῦ
2631 1651 2918 1724 ἀνθρώπου
2946 1656 3307 1731 δημιουργίας
3327 1640 3718 1735 ἐκπεπτωκώς,

2041 1741 2161 1805 πῶς
2198 1743 2265 1796 ἂν
2311 1745 2405 1797 ἐπὶ
2435 1746 2534 1817 τῆς
2576 1746 2733 1813 ἀξίας
2768 1750 2943 1820 μένων
2983 1754 3252 1828 ἐϐάσκηνε
3285 1759 3364 1831 τῷ
3407 1763 3717 1839 ἀνθρώπως

2040 1836 2201 1891 Ποῖον
2231 1839 2340 1910 γὰρ
2372 1841 2439 1896 ἀν
2486 1843 2600 1914 έχοι
2637 1845 2813 1915 λόγον,
2844 1848 3075 1917 ἄγγελον
3114 1854 3386 1929 ἀνθρώπῳ
3427 1836 3717 1934 βασκῆναι,

2038 1936 2131 1989 τὸν
2176 1937 2465 2009 ἀσώματον
2512 1944 2607 1997 καὶ
2665 1948 2722 1999 ἐν
2780 1950 3018 2024 τοσαύτῃ
3061 1958 3197 2026 τιμῇ
3248 1960 3606 2030 τυγχάνοντα,
3633 1965 3717 2036 τῷ

2036 2030 2196 2102 σῶμα
2255 2038 2655 2110 περικειμένῳ;
2717 2040 2853 2094 Ἀλλ’
2911 2045 3098 2119 ἐπειδὴ
3152 2052 3262 2105 ἀπὸ
3304 2036 3424 2127 τῆς.
3451 2030 3715 2115 ἀνωτάτω

2032 2126 2190 2198 δόξης
2211 2131 2291 2192 είς
2322 2132 2559 2204 ἐσχάτην
2583 2135 2807 2206 ἀτιμίαν
2851 2143 3184 2215 κατηνέχθη,
3227 2149 3321 2202 καὶ
3357 2126 3527 2207 ταῦτα
3566 2157 3714 2210 ἀσώ-

2034 2240 2204 2293 ματος
2246 2224 2342 2288 ὢν,
2385 2224 2489 2281 εἶδε
2517 2228 2574 2281 δὲ
2601 2230 2691 2284 τὸν
2718 2231 2867 2306 [196]
2898 2235 3184 2309 ἄνθρωπον
3211 2243 3710 2320 δημιουργηθέντα.

2032 2320 2125 2372 καὶ
2153 2320 2211 2373 ἐν
2266 2320 2481 2393 σώματι
2518 2325 2785 2398 τοσαύτης
2812 2333 2979 2401 τιμῆς
3019 2333 3316 2400 ἀξιωθέντα
3348 2340 3436 2395 διὰ
3474 2344 3572 2415 τὴν
3612 2352 3709 2400 του

2027 2414 2533 2488 δημιουργήσαντος
2590 2421 3031 2495 φιλανθρωπίαν,
3086 2431 3169 2494 εἰς
3223 2433 3416 2503 φθόνον
3472 2438 3705 2515 ἐξήφθη,

1973 2568 1979 2574 _
2027 2510 2122 2562 καὶ
2154 2510 2244 2564 διά
2271 2514 2374 2584 τῆς
2404 2515 2644 2587 ἀπάτης,
2684 2518 2752 2589 ἢν
2779 2518 2868 2574 διὰ
2909 2521 3001 2576 τοῦ
3035 2524 3211 2595 ὄφεως
3257 2510 3597 2607 προσήγαγέ,
3626 2510 3723 2612 τῷ

2024 2605 2119 2658 τοῦ
2155 2606 2389 2663 θανάτου
2421 2613 2698 2684 ,ἐπιτιμίῳ
2753 2616 3051 2674 ὑπεύθυνον
3091 2623 3183 2677 τὸν
3225 2605 3529 2699 ἄνθρωπον
3568 2605 3705 2689 κατ’·

2025 2703 2312 2759 εσκεύασε.
2358 2705 2612 2761 Τοιοῦτον
2656 2709 2763 2783 γὰρ
2799 2714 2833 2782 ή
2864 2716 3130 2787 πονηρίαο
3150 2720 3232 2774 ὀύ
3262 2721 3483 2781 δύναται
3511 2730 3705 2801 πράως

2025 2801 2210 2869 φέρειν
2237 2801 2337 2873 τὴν
2362 2802 2569 2874 ἐτέρων
2607 2805 2928 2879 εὐημερίαν.
2956 2810 3079 2866 Ὅτι
3111 2814 3214 2885 μὲν
3234 2814 3329 2872 οὖν
3351 2821 3518 2875 πάλαι
3552 2826 3647 2878 καὶ
3670 2828 3703 2880 ό

2019 2894 2262 2960 διάϐολος
2291 2898 2386 2952 καὶ
2414 2901 2565 2954 πᾶσα
2584 2901 2750 2956 αὐτοῦ
2783 2905 2816 2974 ἡ
2841 2905 3056 2976 φάλαγξ
3082 2912 3146 2964 ἐκ
3178 2914 3279 2986 τῆς
3302 2915 3457 2988 δόξης
3484 2921 3700 2993 ἐκείνης

2018 2990 2297 3058 ἐξέπεσον,
2338 2996 2434 3049 καὶ
2466 2997 2574 3049 τῶν
2607 2999 2973 3071 ἠτιμωμένων
3020 3009 3293 3077 γεγόνασι,
3334 3014 3488 3087 δῆλον
3547 2990 3696 3073 άπα-

2021 3105 2105 3144 σιν
2124 3101 2170 3145 ε.
2195 3092 2401 3174 Ἄλλως
2421 3094 2478 3147 δέ
2500 3097 2592 3149 καὶ
2616 3096 2774 3161 ποίας
2794 3100 2895 3154 οὐκ
2915 3100 2981 3155 ἂν
3001 3104 3085 3175 εἴη
3108 3107 3290 3173 ἀνοίας
3313 3112 3618 3184 ἀνάμεστον
3636 3120 3698 3172 τὸ

2016 3169 2316 3256 λέγειν,’ὅτι
2343 3190 2562 3261 ἄγγελοι
2591 3195 2726 3266 πρὸς
2754 3200 3041 3255 συνουσίαν
3064 3169 3337 3273 γυναικών
3359 3169 3695 3290 κατηνέχθη;

2017 3302 2136 3351 σαν,
2162 3287 2258 3340 καὶ
2280 3289 2314 3357 ή
2339 3288 2633 3360 ἀσώματος
2657 3293 2843 3363 ἐκείνη
2873 3296 3033 3365 φύσις
3059 3302 3193 3373 πρὸς
3220 3304 3320 3377 τὴν
3354 3287 3695 3386 συναλλαγην

2013 3380 2121 3433 τῶν
2141 3383 2407 3453 σωμάτων
2429 3386 2645 3460 ὑπήχθη
2662 3406 2677 3454 ;
2701 3391 2769 3442 Ἦ
2781 3392 2882 3446 οὐκ
2905 3394 3125 3463 ἀκούεις
3147 3401 3240 3454 τοῦ
3259 3404 3498 3476 Χριστοῦ
3515 3380 3693 3481 λέγονο

2011 3494 2104 3543 τος
2126 3483 2254 3552 περὶ
2276 3483 2377 3552 τῆς
2408 3484 2518 3537 τῶν
2548 3487 2794 3557 ἀγγέλων
2817 3491 3006 3557 οὐσίας
3025 3512 3040 3526 ο
3075 3498 3171 3552 Ἐν
3191 3500 3301 3570 γὰρ
3331 3504 3407 3574 τῇ
3426 3508 3693 3567 ἀναστά-

2011 3591 2107 3629 σει
2138 3578 2277 3632 οὔτε
2301 3581 2620 3650 γαμοῦσιν,
2640 3586 2779 3639 οὔτε
2810 3591 3224 3664 γαμίσκονται,
3253 3600 3394 3655 ἀλλ’
3422 3605 3581 3659 εἰσιν
3607 3610 3682 3678 ὡς

2011 3672 2255 3741 ἄγγελοι
2277 3676 2425 3730 Θεοῦ
2443 3678 2610 3741 ;υύδέ
2630 3680 2736 3753 γὰρ
2753 3677 2864 3737 οἷόν
2878 3701 2937 3738 τε
2955 3685 3052 3758 τὴν
3070 3689 3359 3762 ἀσώματον
3376 3698 3537 3766 φύσιν
3550 3672 3691 3757 ἐκείἒ

2010 3787 2107 3840 νην
2123 3770 2378 3844 τοιαύτην
2408 3775 2702 3847 ἐπιθυμίαν
2735 3779 2991 3846 δέξασθαί
3025 3799 3176 3843 ποτε.
3222 3792 3364 3862 Πρὸς
3396 3796 3606 3864 τούτοις
3626 3801 3687 3856 δὲ

2010 3871 2230 3925 κάκεῖνο
2244 3875 2490 3944 ἐννοῆσαι
2501 3875 2600 3940 δεῖ,
2613 3878 2695 3931 ὅτι
2709 3880 2884 3954 πάντη
2899 3883 3007 3937 τῶν
3016 3885 3381 3946 ἀτοπωτάτων
3393 3895 3418 3946 ἐ
3427 3897 3510 3950 στὶ
3525 3899 3687 3955 τοῦτο

2007 3963 2260 4031 δέξασθαι
2301 3967 2380 4038 τῷ
2420 3969 2685 4042 λογισμῷ.
2727 3975 2927 4048 Είγάρ
2960 3980 3007 4032 οί
3049 3982 3193 4051 ἆγιοι
3223 3986 3316 4038 καὶ
3367 3989 3684 4063 Πνεύματος

2008 4059 2164 4129 ἁγίου
2207 4060 2497 4133 ἠξιωμένοι
2544 4066 2666 4119 οὐδὲ
2708 4070 2973 4126 ὀπτασίαν
3010 4075 3255 4145 ἀγγέλων
3295 4080 3423 4138 ίδεῖν
3454 4059 3680 4159 ἴσχυσαν

2006 4156 2124 4226 (καὶ
2148 4156 2255 4229 γὰρ
2270 4160 2297 4210 ό
2318 4157 2457 4231 ἀνὴρ
2471 4160 2578 4213 τῶν
2595 4162 2898 4235 ἐπιθυμιῶν
2923 4167 3253 4242 θεασάμενος
3275 4156 3516 4248 ἀγγέλου
3527 4156 3680 4259 *παρ-

2002 4251 2213 4317 ουσίαν,
2229 4253 2330 4307 ούκ
2345 4255 2515 4327 αὐτὴν
2534 4256 2632 4327 τὴν
2652 4258 2857 4313 οὐσίαν·
2887 4263 3005 4329 πῶς
3037 4268 3139 4339 γὰρ
3166 4263 3280 4325 οἷόν
3304 4289 3364 4326 τε
3384 4276 3677 4349 ἀσώματον

2002 4347 2192 4405 οὐσίαν
2226 4349 2385 4417 ίδεῖν;
2417 4351 2552 4408 ἀλλά
2584 4362 3209 4431 μετασχηματισθεῖσαν,
3259 4367 3357 4441 τὴν
3395 4347 3676 4445 ἐνέργειαν

1998 4444 2202 4518 ,μικροῦ
2226 4445 2334 4498 δεῖν
2361 4447 2456 4500 καὶ
2477 4448 2646 4519 αὐτὴν
2677 4451 2776 4522 τὴν
2791 4453 2969 4527 ψυχὴν
2992 4458 3226 4530 ἀφῆκεν,
3247 4466 3341 4519 καὶ
3368 4467 3398 4519 ὁ
3423 4472 3676 4540 τοσοῦτος

2003 4541 2095 4593 καὶ
2122 4540 2438 4612 τηλικοῦτος
2466 4544 2605 4615 ἀνὴρ
2641 4547 2843 4613 ἄπνους
2881 4554 3066 4621 σχεδὸν
3096 4556 3294 4629 ἔκειτο)
3314 4579 3328 4593 ⁸
3356 4565 3453 4630 τίς·
3472 4568 3541 4623 ἂν
3568 4572 3673 4627 κᾶν

2002 4636 2208 4707 σφόδρα
2233 4655 2298 4707 με
2306 4638 2492 4710 μηνὼς
2510 4635 2567 4715 ᾗ,
2590 4645 2939 4712 καταδέξαιτο
2961 4651 3023 4704 τὸ
3057 4653 3374 4730 βλάσφημον
3393 4663 3550 4718 τοῦτο
3576 4669 3669 4739 ῥῆ-

2003 4751 2080 4806 μα
2108 4735 2204 4789 καὶ
2235 4737 2434 4810 πολλῆς
2459 4741 2629 4811 γέμον
2652 4743 2752 4813 τῆς
2774 4746 2979 4810 ἀνοίας.
3011 4750 3093 4803 ὅτι
3127 4753 3471 4828 ηάσώματος
3504 4735 3665 4832 φύσις

2000 4832 2094 4884 καὶ
2121 4832 2283 4904 νοερὰ
2315 4834 2582 4905 σωμάτων
2614 4840 2931 4913 συμπλοκῆς
2954 4845 3240 4918 ἠνέσχετο,

2065 4969 2136 5029 γ’.
2166 4962 2304 5014 Ἀλλ’
2333 4963 2419 5017 ἵνα
2442 4965 2517 5036 μὴ
2531 4969 2771 5038 ἐπὶ-πολὺ
2798 4971 2969 5026 ταῦτα
2998 4978 3270 5045 κινοῦντες
3287 4984 3378 5037 καὶ
3405 4988 3560 5042 αὐτοὶ
3572 4992 3662 5046 δό-

1997 5055 2174 5124 ξωμεν
2198 5057 2321 5128 είκῆ
2342 5058 2433 5111 τὸν
2459 5062 2647 5132 χρόνον
2678 5069 3043 5140 κατατρίϐειν,
3071 5075 3201 5146 φέρε
3230 5080 3414 5155 ἐπειδὴ
3436 5087 3524 5141 διὰ
3551 5090 3662 5144 τῶν

1994 5155 2335 5222 πραγμάτων
2355 5156 2491 5227 ἐπλη
2501 5163 2879 5234 ροφορήσαμεν
2903 5167 3054 5237 ὑμῶν
3076 5170 3174 5242 τὴν
3192 5175 3430 5249 ἀγάπην,
3452 5183 3527 5247 ὡς
3550 5186 3661 5241 τῶν

1994 5246 2272 5300 ἀδυνάτων
2301 5248 2460 5303 τοῦτο
2487 5252 2811 5328 καθέστηκε,
2841 5262 2940 5332 τὴν
2978 5264 3236 5336 ἀλήθειαν
3270 5246 3377 5328 τῶν
3405 5277 3659 5352 ἐγκεμέο

1992 5351 2100 5388 νων
2145 5337 2443 5411 διδάξωμεν
2481 5342 2644 5414 ὑμᾶς,
2684 5349 2845 5402 πάλιν
2894 5353 3218 5424 ἀναγνόντες
3266 5363 3334 5417 τὰ
3376 5337 3524 5441 παρὰ
3561 5337 3658 5446 Ῑτῆς

1992 5424 2142 5491 θείας
2168 5428 2391 5502 Γραφῆς
2415 5435 2696 5506 εἰρημένα·
2724 5442 2832 5497 Καί
2859 5445 3117 5515 ἐγένετο,
3136 5456 3319 5526 φησὶν,
3340 5424 3520 5529 ἡνίκα

1990 5520 2175 5585 farto
2203 5527 2258 5578 οἱ
2279 5525 2575 5597 ἄνθρωποι
2597 5537 2812 5591 πολλοὶ
2834 5541 3102 5608 γίνεσθαι
3255 5520 3375 5623 τῆς.
3402 5556 3534 5628 γῆς,
3557 5520 3654 5617 φξὶιι

2052 5780 2078 5844 ὶξ
2104 5781 2201 5844 {Hii
2226 5787 2308 5841 τῆς
2332 5787 2559 5844 πτώσεως
2585 5792 2755 5842 αὐτῶν.

2055 5842 2076 5868 θ
2103 5842 2249 5891 SaVil.
2277 5846 2410 5895 addit
2439 5849 2492 5895 ἐκ
2524 5842 2619 5898 τῶν
2642 5856 2912 5917 εἰρημένων.

3449 5872 3459 5886 Ι

3532 5914 3543 5926 ι(

3301 5919 3375 5976 12
3450 5936 3531 5955 -ι“

3292 5998 3299 6003 ,
3531 5991 3543 6003 ι
