4110 6422
399 444 500 504 189

393 571 532 612 nata:
553 567 668 612 sunt
698 557 803 610 illis
830 571 847 608 :
879 565 935 609 ut
975 553 1206 609 viderunt
1249 553 1344 622 filii
1387 551 1484 605 Dei
1512 551 1648 621 [ilius
1686 550 1986 610 hominum,

390 651 533 718 quod
558 649 786 720 pulchra:
813 657 993 714 essent,
1021 653 1341 715 sumpserunt
1371 643 1694 712 sibimetipsis
1720 655 1904 694 uxores
1933 640 1996 693 de

391 739 654 802 omnibus,
683 755 810 810 quas
839 740 1112 808 elegerant.
1145 737 1298 790 Prius
1325 735 1604 790 docuimus
1633 747 1757 797 vos,
1787 747 1990 786 morem

400 845 526 886 esse
554 828 864 898 Scriptum,
909 840 966 883 ut
1011 829 1255 882 homines
1286 827 1422 881 ﬁlios
1451 826 1541 880 Dei
1568 833 1742 880 vocet.
1777 823 1844 878 Et
1869 824 1992 893 quia

387 921 481 974 isti
513 936 540 974 a
571 921 739 977 Sctho
771 921 1032 991 originem
1061 921 1344 976 trahebant
1368 961 1382 986 ,
1415 928 1470 975 et
1515 913 1583 974 ξι)
1605 919 1722 987 ejus
1752 917 1861 972 ﬁlio
1901 917 1990 987 qui

389 1013 696 1078 appellatus
723 1021 806 1066 est
834 1013 978 1067 Enos
1007 1031 1022 1066 :
1065 1012 1196 1066 dicit
1219 1012 1361 1065 enim
1407 1029 1420 1064 :
1467 1009 1574 1064 Iste
1596 1010 1816 1080 sperauit
1842 1009 1988 1062 invo-

394 1119 520 1157 care
556 1119 738 1158 nomen
779 1104 991 1159 Domini
1025 1103 1125 1159 Dei
1161 1121 1182 1161 :
1210 1106 1279 1159 ab
1309 1107 1399 1160 illo
1429 1115 1609 1174 postea
1633 1105 1740 1158 nati
1762 1145 1778 1171 ,
1812 1105 1986 1158 vocati

388 1205 521 1249 sunt
559 1195 651 1249 lilii
683 1196 776 1251 Dei
817 1198 868 1250 in
911 1197 1107 1251 divinis
1153 1197 1474 1266 Scripturis,
1523 1207 1804 1266 propterea
1847 1195 1988 1266 quod

389 1301 636 1356 eousque
667 1289 944 1356 parentum
961 1290 1212 1343 virtutem
1244 1290 1431 1342 imitati
1453 1299 1614 1342 sunt:
1647 1288 1986 1342 ﬁliosautem

389 1380 523 1431 Cain
555 1389 608 1432 et
636 1380 724 1449 qui
744 1396 810 1434 ex
833 1396 899 1435 eo
921 1382 1054 1447 nati,
1079 1391 1131 1436 et
1155 1382 1244 1452 qui
1267 1391 1389 1436 ante
1414 1381 1544 1436 Seth
1570 1380 1734 1451 geniti
1753 1379 1985 1444 fuerunt,

391 1468 540 1524 ﬁlios
563 1469 838 1525 hominum
868 1481 1038 1526 vocat.
1066 1471 1284 1526 Factum
1309 1483 1382 1526 est
1405 1513 1421 1539 ,
1459 1473 1651 1542 inquit,
1681 1488 1794 1525 cum
1822 1487 1987 1540 caepe-

387 1569 515 1614 runt
539 1561 765 1616 homines
791 1563 1124 1632 multiplicari
1166 1581 1317 1634 super
1359 1571 1590 1626 terram,
1632 1576 1677 1614 et
1709 1562 1830 1628 tilia:
1854 1571 1988 1614 natu:

387 1661 510 1704 sunt
535 1651 637 1704 illis
659 1669 678 1705 :
707 1663 762 1705 ut
779 1653 1008 1707 viderunt
1033 1653 1128 1722 filii
1160 1652 1273 1718 Dei,
1298 1654 1388 1723 qui
1415 1668 1446 1707 a
1481 1652 1609 1707 Selh
1639 1662 1694 1706 et
1731 1653 1798 1706 ab
1841 1651 1986 1706 Enos

387 1743 678 1810 progeniti,
694 1745 831 1813 ﬁlias
853 1745 1133 1808 hominum,
1162 1746 1277 1799 illas
1302 1761 1419 1815 qua:
1439 1745 1506 1799 ab
1533 1744 1648 1798 aliis
1673 1753 1810 1832 nata:
1837 1752 1982 1809 sunt,

383 1835 462 1887 de
490 1835 682 1903 quibus
709 1835 844 1890 dixit
870 1837 1014 1906 qttod
1059 1837 1213 1892 Filia:
1237 1847 1373 1890 naue
1403 1837 1506 1891 sint
1528 1837 1652 1901 illis,
1689 1837 1837 1903 Quod
1863 1837 1984 1904 pul-

383 1927 532 1979 chrae
547 1937 725 1980 essent.
760 1927 890 1982 Vide
915 1930 1186 1999 quomodo
1229 1945 1327 2000 per
1350 1929 1571 1983 verbum
1619 1927 1722 1983 hoc
1766 1942 1981 1982 omnem

387 2017 548 2070 nobis
572 2032 758 2072 eorum
778 2020 1249 2089 intemperantiam
1281 2021 1532 2074 insinuet.
1578 2019 1694 2073 Non
1733 2020 1874 2073 enim
1914 2019 1985 2074 ob

383 2107 718 2164 desiderium
762 2112 1217 2177 procreandorum
1271 2111 1498 2166 ﬁliorum
1544 2111 1981 2178 conveniebant,

385 2199 486 2252 sed
515 2201 584 2252 ob
623 2200 948 2270 voluptatem
976 2213 1031 2257 et
1075 2203 1537 2273 intemperantiam
1570 2219 1582 2256 :
1620 2201 1688 2258 Ut
1714 2203 1941 2256 uiderunt
1963 2242 1982 2271 ,

386 2293 563 2360 inquit
587 2333 603 2357 ,
631 2291 770 2360 ﬁlias
798 2294 1080 2355 hominum,
1114 2296 1251 2364 quod
1289 2295 1517 2364 pulchrw
1555 2303 1738 2348 essent.
1775 2294 1985 2348 Concu-

388 2386 650 2453 piscentia
689 2385 903 2440 forune‘
949 2387 1068 2442 illos
1110 2387 1162 2441 in
1206 2387 1342 2442 hanc
1390 2388 1597 2442 induxit
1639 2388 1928 2457 perniciem
1962 2427 1981 2454 ,

388 2477 736 2546 pulchritudo
785 2489 1035 2548 aspectus
1087 2481 1429 2536 scortationis
1454 2489 1509 2535 et
1555 2481 1982 2549 intemperantia:

381 2569 472 2624 eis
510 2571 722 2624 occasio
769 2571 885 2625 fuit.
941 2574 1006 2626 Ιείι
1054 2587 1227 2642 neque
1267 2573 1320 2627 id
1360 2574 1493 2628 satis
1539 2573 1746 2628 habens
1787 2572 1977 2628 addit:

384 2661 730 2728 Sumpserunt
745 2664 840 2717 sibi
855 2663 979 2734 ipsis
1007 2680 1191 2718 uxores
1218 2665 1282 2718 de
1297 2664 1545 2730 omnibus,
1565 2681 1690 2736 quas
1707 2666 1979 2736 elegerant:

381 2752 530 2820 quod
555 2754 717 2807 etiam
738 2769 982 2824 magnam
1012 2755 1222 2810 illorum
1242 2757 1702 2825 intemperantiam
1725 2757 1978 2820 insinuat,

382 2843 532 2911 quod
563 2859 590 2896 a
616 2843 1016 2913 pulchritudine
1041 2847 1166 2901 victi
1203 2857 1346 2904 sunt.
1372 2857 1428 2901 et
1467 2846 1677 2902 frenum
1706 2849 1981 2916 imponere

382 2936 706 2989 inordinata:
732 2937 1178 3006 concupiscentia:
1207 2954 1320 2993 sum
1363 2955 1468 2992 non
1504 2941 1788 2994 valuerunt
1823 2957 1837 2992 :
1883 2939 1978 2992 sed

379 3029 681 3097 spectando
719 3031 858 3098 capti
890 3031 1261 3102 submersique
1290 3041 1435 3094 sunt,
1464 3041 1627 3101 atque
1659 3032 1729 3087 ob
1758 3033 1976 3100 impium

379 3121 491 3173 huc
521 3136 655 3190 opus
695 3136 924 3191 superna
959 3122 1289 3190 providentia
1331 3137 1452 3178 sese
1490 3137 1686 3178 vacuos
1727 3123 1978 3178 reddide-

384 3224 532 3266 runt.
563 3214 626 3267 Et
648 3213 1001 3268 ut-disramus
1028 3216 1172 3284 ipsos
1193 3231 1298 3270 non
1325 3216 1442 3287 lege
1458 3217 1785 3286 nuptiarum,
1805 3233 1980 3286 neque

385 3306 841 3373 procreandorum
885 3307 1113 3361 ﬁliorum
1153 3309 1322 3378 gratia
1365 3309 1467 3366 hoc
1509 3311 1726 3375 fecisse,
1761 3321 1980 3380 propter

382 3396 490 3450 hoc
505 3397 634 3451 dicit
660 3413 674 3449 :
699 3396 766 3451 Ut
787 3399 1018 3452 viderunt
1037 3401 1174 3469 quod
1201 3400 1429 3470 pulchra:
1456 3412 1635 3464 essent,
1659 3411 1979 3472 sumpserunt

379 3491 708 3560 sibimetipsis
745 3507 929 3544 uxores
968 3491 1031 3544 de
1055 3492 1287 3546 omnibus
1307 3533 1322 3557 ,
1364 3509 1489 3560 quas
1525 3493 1796 3564 elegerant.
1840 3493 1976 3561 Quid

384 3582 592 3650 igitur?
633 3582 1060 3651 reprehendctne
1097 3583 1289 3653 aliquis
1331 3599 1603 3654 aspectum
1649 3585 1978 3640 oculorum?

379 3671 502 3726 Non
536 3689 550 3725 :
586 3688 761 3742 neque
785 3673 927 3728 enim
949 3673 1140 3727 oculus
1163 3675 1330 3727 ruinae
1358 3688 1518 3728 causa
1562 3677 1704 3742 luit‘,
1752 3675 1847 3731 sed
1885 3693 1980 3730 vo-

380 3767 605 3820 luntatis
637 3767 954 3837 negligentia
981 3777 1034 3820 et
1058 3765 1317 3821 effrenata
1348 3768 1802 3837 concupiscentia.
1844 3770 1977 3824 Nam

379 3858 573 3912 oculus
605 3866 884 3928 propterea
927 3857 1097 3911 factus
1124 3866 1207 3910 est
1232 3899 1247 3922 ,
1277 3867 1333 3910 ut
1377 3857 1503 3912 dum
1539 3859 1680 3913 videt
1706 3869 1979 3914 creaturas

381 3949 506 4013 Dei,
548 3950 780 4019 ipsarum
809 3949 1152 4004 Conditorem
1182 3949 1438 4004 celebret.
1475 3951 1652 4020 Itaque
1677 3954 1814 4006 oculi
1845 3969 1979 4022 opus

374 4053 470 4096 est
493 4043 676 4098 videre
709 4061 721 4095 :
763 4043 904 4098 male
941 4052 1119 4097 autem
1155 4043 1338 4098 videre
1362 4084 1375 4106 ,
1417 4057 1447 4095 a
1488 4051 1666 4098 mente
1693 4054 1806 4107 est,
1859 4063 1978 4116 qua:

381 4133 710 4189 intrinsecus
731 4134 1012 4204 gubernat.
1056 4133 1189 4188 Nam
1231 4134 1470 4188 membra
1512 4145 1692 4190 nostra
1721 4135 1866 4190 utilia
1909 4136 1976 4190 ad

376 4227 583 4279 bonum
614 4226 944 4294 operandam
970 4224 1180 4280 condita
1204 4235 1327 4280 sunt
1350 4241 1380 4279 a
1409 4225 1634 4280 Domino
1653 4267 1668 4289 ,
1696 4235 1751 4282 et
1779 4229 1978 4297 guber-

377 4320 499 4370 nari
529 4333 588 4371 ea
626 4319 892 4372 concessit
918 4319 986 4372 ab
1014 4319 1325 4388 incorporea
1356 4319 1674 4382 substantia,
1703 4320 1771 4375 de
1799 4321 1977 4376 anima

375 4410 526 4462 dico.
575 4410 862 4478 Postquam
886 4419 1067 4464 autem
1095 4411 1210 4465 hzec
1238 4411 1508 4480 negligens
1535 4427 1676 4476 esse,
1707 4421 1762 4468 et
1809 4413 1976 4468 habe-

380 4516 486 4556 nas
516 4502 692 4556 laxare
734 4505 957 4573 cmperit
981 4544 996 4568 ,
1037 4504 1488 4573 quemadmodum
1519 4505 1698 4575 auriga
1731 4507 1976 4563 nesciens

373 4607 644 4660 equorum
686 4591 941 4647 ferociam
967 4608 1314 4662 compescere
1337 4635 1354 4660 ,
1387 4596 1626 4650 remissis
1671 4595 1835 4652 frenis
1859 4639 1874 4662 ,
1923 4609 1977 4653 et

373 4701 552 4754 equos
576 4701 794 4741 currum
826 4685 1099 4741 trahentes
1131 4697 1184 4742 et
1209 4689 1446 4758 seipsum
1488 4690 1539 4743 in
1577 4705 1815 4759 praeceps
1844 4689 1978 4760 deji-

373 4775 496 4829 cit:
528 4775 606 4829 sic
635 4776 791 4843 plane
815 4786 868 4829 et
895 4777 1143 4831 voluntas
1190 4787 1370 4831 nostra
1399 4778 1835 4849 quandoquidem
1884 4797 1979 4836 ue-

375 4865 487 4918 scit
531 4865 785 4920 membris
829 4874 888 4920 ut
933 4876 1145 4936 oportet
1183 4869 1290 4931 uti,
1340 4869 1656 4925 iuordinatis
1698 4871 1977 4943 indulgens

369 4957 830 5024 concupiscentiis
858 4959 1090 5028 seipsam
1120 4961 1432 5030 submergit.
1483 4962 1770 5032 Propterea
1800 4966 1980 5020 Domi-

376 5060 488 5100 nus
520 5058 702 5102 noster
725 5048 993 5117 Christus,
1017 5051 1443 5122 sciensfragilem
1471 5065 1706 5110 nostram
1731 5067 1975 5113 naturam

373 5149 436 5193 et
466 5141 755 5195 voluntatis
779 5142 1174 5214 negligentiam,
1205 5146 1374 5216 legem
1407 5151 1579 5216 posuit
1604 5166 1724 5221 qua:
1745 5153 1979 5208 muniret

373 5245 448 5283 ac
463 5230 783 5298 prohiberet
811 5234 1077 5288 curiosam
1107 5237 1624 5306 considerationem,
1658 5251 1716 5298 ut
1752 5259 1976 5299 nascens

376 5321 436 5374 in
453 5321 608 5376 nobis
622 5322 946 5386 incendium,
965 5340 1085 5380 cum
1108 5327 1282 5382 adhuc
1313 5331 1492 5397 procul
1520 5341 1624 5395 est,
1639 5335 1972 5405 exstinguat;

375 5422 435 5466 et
468 5414 536 5466 ait
563 5429 577 5466 :
612 5413 712 5480 Qui
741 5416 924 5484 aspicit
941 5416 1228 5480 mulierem,
1258 5429 1314 5472 ut
1332 5423 1653 5490 concupiscat
1681 5425 1841 5487 illam,
1861 5430 1974 5497 jam

374 5503 686 5558 adulterium
713 5508 962 5561 commisit
987 5524 1101 5561 cum
1129 5509 1221 5562 illa
1247 5511 1300 5564 in
1343 5516 1494 5566 corde
1537 5531 1630 5568 suo
1658 5516 1677 5586 (
1702 5516 1887 5571 Mattlt.
1919 5521 1971 5574 εἰ.

373 5593 497 5664 9.8).
542 5595 764 5666 Propter
805 5597 944 5662 hoc,
999 5599 1186 5669 inquit,
1237 5602 1497 5660 interdico
1546 5607 1699 5661 vobis
1732 5609 1970 5665 illicitum

371 5687 553 5740 visum
578 5727 593 5750 ,
643 5696 699 5740 nt
726 5688 795 5742 ab
822 5702 984 5757 opere
1015 5690 1202 5748 illicito
1247 5709 1341 5747 vos
1383 5694 1626 5760 liberem.
1673 5697 1750 5754 Nc
1779 5711 1928 5770 putes
1953 5743 1970 5767 ,

444 5866 460 5897 ⁸
501 5865 624 5920 Vox.
642 5867 838 5933 fornae,
862 5869 1005 5922 dcent
1031 5871 1079 5919 iu
1104 5873 1390 5934 quibusdam
1412 5881 1516 5924 Mss.

1241 438 1302 494 IN
1342 438 1492 493 CAP.
1540 437 1600 490 Υ.
1646 435 1731 490 ΕΤ
1789 433 1871 486 Vl.
1926 427 2176 485 GENES.
2217 429 2446 488 "Oili!"
2494 431 2654 488 XXil.

3599 447 3701 503 I90

2104 541 2290 612 inquit,
2322 557 2611 612 congressu
2645 546 2818 599 soluat
2842 559 3116 617 peccatum
3146 553 3254 607 ﬁeri
3285 573 3296 608 :
3332 555 3584 615 voluntas
3619 573 3702 616 est

2095 647 2216 700 qua:
2261 635 2671 690 wndenmatur.
2724 636 2886 706 Igitur
2928 651 2982 694 et
3025 641 3077 696 bi
3119 645 3244 696 Visa!
3283 649 3703 717 pulchritudinis

2095 727 2402 793 spectaculo
2443 730 2580 798 capti
2623 740 2768 784 sunt.
2822 731 3064 788 Viderunt
3106 738 3274 807 enim,
3319 742 3531 812 inquit,
3558 759 3702 820 quod

2096 814 2326 882 pulclmr
2361 830 2542 884 essent,
2575 830 2623 874 et
2651 835 2972 893 sumpserunt
2995 827 3089 880 sibi
3117 846 3297 886 uxores
3341 849 3404 888 cz
3440 814 3695 901 omnibus,

2094 923 2221 974 quas
2268 911 2540 982 elegerant.
2591 913 2697 967 Sed
2745 915 3024 973 videamus
3069 921 3234 976 etiam
3283 933 3406 994 post
3455 928 3695 984 illicitam

2096 997 2305 1053 illorum
2333 1004 2720 1070 operationem.
2763 1017 2820 1064 et
2847 1009 3294 1080 intemperantem
3318 1020 3557 1074 animum
3593 1023 3699 1076 Do—

2095 1089 2225 1143 mini
2253 1092 2348 1146 ltci
2370 1093 2684 1150 bonitatem.
2715 1099 2769 1152 5.
2797 1097 2962 1167 Dixit,
2994 1102 3199 1174 inquit,
3235 1106 3488 1167 Dominus
3517 1111 3654 1167 Deus
3675 1132 3695 1170 :

2096 1179 2218 1234 Non
2246 1186 2554 1251 permanebit
2582 1187 2810 1256 Spiritus
2843 1209 2983 1246 meus
3010 1195 3062 1248 in
3089 1196 3377 1254 horninibus
3409 1201 3490 1256 Itis
3518 1203 3570 1256 in
3599 1220 3698 1259 str-

2093 1273 2284 1338 culum,
2307 1292 2365 1328 eo
2384 1278 2522 1348 quod
2544 1280 2642 1346 ipsi
2669 1297 2847 1337 carnes
2876 1285 2996 1339 sint.
3029 1287 3194 1343 Erunt
3223 1303 3390 1346 autent
3415 1297 3522 1352 dies
3548 1299 3691 1369 ipso-

2091 1381 2205 1418 rum
2233 1378 2430 1422 centum
2452 1371 2629 1441 riginti
2648 1375 2790 1430 anni.
2832 1376 2930 1432 Hic
2959 1379 3010 1434 in
3047 1385 3228 1450 paucis
3261 1387 3436 1442 verbis
3463 1391 3689 1465 abyssns

2091 1459 2473 1518 misericordia:
2504 1463 2669 1519 videri
2700 1477 2896 1536 potcSI.
2943 1471 3012 1526 Et
3039 1475 3188 1540 dixis,
3219 1479 3409 1549 inquit,
3437 1459 3688 1538 Dominus

2092 1546 2232 1603 Deus
2263 1567 2282 1605 :
2309 1551 2431 1607 Non
2460 1559 2770 1626 permanebit
2793 1561 3020 1630 Spiritus
3044 1582 3182 1620 meus
3209 1569 3262 1622 in
3289 1546 3578 1630 hominibus
3611 1579 3696 1633 his

2089 1641 2145 1694 in
2169 1645 2430 1710 saxulum,
2457 1664 2516 1700 eo
2548 1652 2682 1717 quod
2701 1651 2801 1722 ipsi
2826 1670 3007 1710 carnes
3031 1659 3154 1713 sint.
3192 1660 3450 1731 Spiritum
3481 1667 3567 1720 hic
3596 1685 3694 1738 po—

2095 1735 2313 1790 tentiam
2342 1753 2516 1801 suam,
2539 1757 2642 1810 qua
2667 1759 2850 1799 curam
2881 1750 3048 1803 nostri
3079 1752 3222 1820 agit,
3263 1768 3450 1811 vocat.
3475 1735 3692 1816 illorum

2095 1823 2370 1881 interitum
2401 1835 2787 1898 praenuntians.
2830 1836 2900 1890 Et
2928 1848 2980 1893 ut
3008 1841 3280 1899 sciashac
3303 1845 3372 1901 de
3398 1864 3458 1903 re
3485 1865 3694 1905 sermo-

2093 1932 2214 1969 nem
2237 1917 2444 1984 haberi,
2475 1923 2598 1979 vide
2621 1926 3055 1994 quidsubdatur.
3089 1932 3167 1987 Eo
3185 1938 3324 2004 quod
3354 1939 3472 2008 ipsi,
3499 1942 3691 2014 inquit,

2089 2023 2268 2062 carnes
2297 2012 2398 2064 sint
2437 2029 2458 2067 :
2501 2013 2602 2068 hoc.
2645 2026 2756 2082 est,
2802 2034 2869 2074 eo
2907 2024 3047 2090 quod
3093 2029 3398 2084 carnalibus
3439 2012 3693 2101 operibus

2090 2103 2295 2170 seipsos
2325 2113 2465 2159 totos
2491 2107 2709 2175 dedant,
2739 2121 2794 2165 et
2816 2114 3013 2168 anima:
3051 2118 3348 2176 substantia
3373 2126 3688 2193 abutantur,

2088 2200 2144 2244 et
2173 2195 2324 2260 quasi
2364 2196 2478 2250 sola
2509 2213 2671 2255 carne
2713 2202 3029 2260 circumdati
3072 2211 3248 2267 anima
3295 2223 3577 2285 carerent,
3610 2225 3691 2278 sic

2091 2284 2254 2339 vitam
2296 2294 2446 2343 Suam
2491 2292 2796 2349 absumant.
2853 2297 3148 2368 Perpetuus
3191 2304 3335 2361 enim
3397 2312 3688 2382 Scriptura:

2093 2390 2213 2432 mos
2241 2387 2343 2443 cst,
2376 2396 2594 2436 carnem
2625 2399 2819 2442 vocare
2843 2393 3086 2446 carnales
3109 2412 3122 2446 :
3149 2395 3288 2452 sicut
3327 2400 3524 2458 virtute
3551 2425 3562 2473 ι
3585 2423 3687 2460 ru:-

2091 2475 2338 2533 stantes,
2387 2474 2566 2527 carnis
2610 2487 2860 2546 expertes
2907 2484 3188 2539 nominat:
3233 2494 3686 2558 quemadmodum

2091 2557 2285 2612 Paulus
2306 2559 2469 2614 dicit:
2503 2562 2601 2618 Vas
2625 2575 2794 2620 autem
2819 2585 2920 2624 non
2936 2574 3054 2627 estis
3079 2575 3133 2629 in
3152 2557 3306 2632 carne
3327 2580 3504 2652 (Rom.
3527 2587 3582 2642 8.
3606 2590 3681 2661 9,):

2088 2665 2196 2704 non
2237 2653 2378 2721 quod
2423 2669 2530 2709 non
2574 2671 2741 2714 carne
2785 2661 3099 2719 circumdati
3146 2680 3369 2738 essent,
3420 2677 3516 2730 sed
3562 2653 3683 2747 quin

2087 2757 2249 2798 carne
2273 2747 2610 2813 circumdati,
2625 2753 2929 2820 superiores
2947 2767 3101 2812 erant
3115 2764 3422 2821 carnalibus
3440 2769 3686 2825 allectio-

2089 2836 2245 2890 nibus
2271 2848 2328 2892 et
2345 2840 2612 2894 sensibus.
2637 2843 2768 2898 Nam
2800 2845 2936 2901 sicut
2968 2849 3084 2904 istis
3108 2851 3320 2909 dicebat
3352 2875 3365 2910 :
3395 2857 3496 2913 Vos
3513 2875 3686 2919 autem

2087 2943 2188 2981 non
2210 2930 2329 2984 estis
2351 2932 2407 2984 in
2436 2949 2606 3000 carne,
2639 2949 2705 2990 eo
2727 2938 2869 3005 quod
2899 2943 3135 2998 carnalia
3166 2945 3532 3016 despiciebant
3561 2971 3576 3009 :
3601 2956 3683 3011 ita

2087 3029 2139 3073 et
2167 3019 2234 3075 de
2264 3021 2368 3076 illis
2397 3023 2611 3091 dicitur,
2634 3028 2776 3094 quod
2799 3030 2905 3084 sint
2933 3047 3126 3089 carnes
3146 3077 3160 3097 ,
3187 3051 3253 3090 eo
3282 3041 3422 3110 quod
3448 3047 3688 3102 carnali-

2034 3160 2039 3164 .
2089 3109 2190 3165 bus
2218 3112 2380 3167 rebus
2405 3118 2659 3170 continuo
2684 3118 2792 3172 sint
2820 3125 3084 3192 occupati.
3122 3123 3199 3179 Eo
3225 3109 3363 3198 quod
3384 3132 3482 3201 ipsi
3507 3152 3684 3192 carnes

2083 3200 2206 3266 sint,
2237 3217 2343 3257 non
2375 3204 2514 3260 ultra
2535 3208 2825 3264 concedam
2855 3212 2934 3267 eis
2957 3224 3013 3268 ut
3041 3219 3274 3285 peccatis
3301 3200 3412 3277 suis
3441 3225 3686 3298 coinqui-

2087 3303 2298 3348 nentur.

2154 3385 2207 3438 4.
2242 3385 2428 3440 Vidisti
2469 3389 2848 3460 indignationis
2878 3398 3341 3465 magnitudinem?
3368 3405 3543 3462 vidisti
3576 3411 3647 3464 mi
3661 3441 3687 3472 ο,

2085 3492 2272 3533 narum
2305 3481 2746 3540 vehementiam?
2779 3488 3084 3545 Considera
3115 3494 3273 3548 etiam
3300 3501 3570 3566 quomodo
3597 3503 3683 3556 iu—

2086 3569 2447 3628 terminationi
2473 3584 2526 3630 et
2554 3576 2902 3647 indignationi
2927 3581 3346 3642 miscricordiam
3372 3589 3678 3648 admiscuit.

2085 3661 2231 3717 Talis
2259 3665 2403 3719 enim
2445 3676 2527 3721 est
2560 3668 2817 3725 Dominus
2861 3683 3045 3728 noster
3073 3691 3088 3730 :
3120 3678 3353 3734 minatur
3379 3695 3546 3750 smpc,
3577 3701 3680 3741 non

2085 3763 2144 3807 ut
2165 3770 2327 3824 opere
2341 3758 2609 3827 compleat
2639 3761 2830 3828 minas,
2857 3765 2952 3818 sed
2973 3774 3030 3819 ut
3053 3770 3312 3826 correctis
3339 3772 3495 3828 nobis
3511 3779 3681 3832 minus

2083 3861 2190 3902 non
2217 3847 2284 3902 ad
2310 3864 2444 3918 opus
2469 3853 2747 3922 perducat.
2790 3857 3002 3928 Alioqui
3035 3859 3079 3913 si
3124 3861 3316 3931 punire
3346 3866 3538 3933 vellet,
3585 3886 3680 3924 cur

2086 3940 2440 4007 prtediceret?
2483 3943 2588 3999 Sed
2618 3947 2740 4013 quia
2769 3963 2874 4002 non
2903 3950 3014 4003 vult
3033 3991 3049 4016 ,
3085 3967 3300 4022 semper
3321 3967 3604 4015 cunctatur
3626 3973 3680 4016 et

2088 4047 2292 4084 moram
2321 4035 2506 4098 nectit,
2533 4046 2587 4089 et
2607 4036 2806 4101 differt,
2837 4048 2891 4092 et
2919 4041 3179 4108 pnedicit,
3209 4047 3548 4104 occasionem
3578 4054 3682 4108 reis

2085 4133 2366 4190 praestans,
2395 4133 2454 4178 ut
2483 4124 2732 4196 fugiendo
2762 4131 3017 4184 malitiam
3044 4142 3098 4187 et
3125 4137 3379 4191 scetaudo
3409 4141 3680 4209 virtutem,

2066 4231 2275 4284 *pmuas
2305 4233 2408 4271 non
2435 4221 2800 4286 experiantur.
2845 4222 3027 4294 Itaque
3055 4237 3338 4297 postquam
3364 4233 3644 4290 intermina
3666 4267 3683 4276 -

2088 4316 2171 4361 tus
2214 4317 2306 4369 est
2343 4309 2466 4364 illos
2509 4325 2569 4365 sc
2606 4314 3036 4370 exterminationi
3079 4321 3314 4386 generali
3362 4325 3680 4383 tradituruut

2083 4398 2212 4467 (hoc
2239 4401 2380 4454 enim
2407 4410 2509 4468 est,
2530 4401 2650 4456 Non
2678 4407 2988 4473 permanebit
3019 4408 3247 4478 Spiritus
3278 4430 3414 4470 meus
3435 4417 3486 4470 in
3516 4418 3682 4473 Itami-

2083 4490 2229 4544 nibus
2265 4491 2374 4546 istis
2395 4535 2408 4557 ,
2451 4510 2509 4546 eo
2539 4496 2676 4563 quod
2715 4497 2816 4566 ipsi
2853 4499 2954 4551 sint
2983 4516 3162 4557 carnes
3194 4520 3214 4557 :
3253 4519 3320 4559 ac
3350 4507 3394 4560 si
3438 4508 3683 4577 diceret,

2083 4582 2199 4636 Non
2223 4583 2397 4637 sinam
2426 4586 2547 4640 illos
2579 4588 2801 4656 posthac
2827 4591 3054 4664 vivere),
3087 4609 3190 4648 non
3220 4609 3504 4655 contentus
3528 4604 3681 4672 quiu-

2083 4687 2363 4746 gentorum
2390 4694 2655 4735 annorum
2685 4684 2974 4752 patientia,
3006 4702 3109 4755 qua
3143 4704 3236 4757 per
3271 4706 3486 4748 omnem
3516 4696 3676 4750 vitam

2084 4767 2217 4833 Noe,
2267 4771 2452 4824 audito
2491 4772 2631 4826 illius
2665 4775 2882 4828 nomine
2907 4776 3257 4844 docebantur,
3309 4797 3450 4836 nunc
3483 4784 3674 4839 iterum

2087 4859 2402 4928 protrahens
2421 4869 2478 4914 et
2501 4861 2755 4920 differens
2776 4864 3216 4934 indignationem,
3246 4871 3386 4924 aliud
3411 4871 3515 4926 illis
3543 4886 3677 4928 lent-

2085 4963 2184 5016 pus
2210 4951 2512 5018 prmscribil
2536 4961 2588 5004 et
2613 4953 2742 5007 dicit
2769 4970 2782 5006 :
2817 4953 3191 5011 Interminatus
3221 4974 3362 5026 sum,
3393 4971 3448 5016 et
3472 4963 3581 5018 dixi
3622 4974 3676 5018 et

2087 5042 2258 5110 palam
2290 5041 2388 5099 feci
2412 5060 2584 5098 meam
2615 5047 3053 5116 indignationem,
3082 5067 3243 5121 quant
3279 5056 3350 5110 ob
3374 5059 3674 5120 multitudi-

2086 5151 2208 5190 nem
2254 5146 2598 5206 peccatorum
2625 5179 2642 5202 ,
2692 5156 2812 5209 qua-
2852 5145 3258 5211 operatiestis,
3314 5149 3464 5203 vobis
3495 5151 3675 5207 inferri

2080 5229 2286 5294 justm
2331 5239 2414 5283 est
2461 5247 2477 5284 :
2527 5231 2623 5285 sed
2651 5233 2774 5302 quia
2819 5234 2982 5288 etiam
3031 5251 3125 5292 eos
3170 5239 3261 5307 qui
3312 5240 3678 5300 incurabiliter

2085 5329 2461 5386 peccaverunt,
2499 5321 2726 5376 salutem
2756 5324 3010 5395 consequi
3040 5327 3181 5391 volo,
3215 5329 3525 5402 nullutnque
3557 5347 3678 5402 per-

2085 5411 2183 5472 ire.
2214 5413 2414 5468 idcirco
2442 5414 2588 5468 vobis
2621 5416 2868 5486 indulgeo
2890 5428 2946 5473 et
2991 5428 3199 5490 tempus
3239 5435 3454 5478 centum
3491 5426 3674 5496 viginti

2083 5519 2342 5559 annorum
2374 5506 2448 5575 (a)
2477 5523 2490 5560 :
2525 5515 2600 5572 ut,
2632 5509 2675 5561 si
2710 5509 2982 5563 volueritis
3006 5551 3020 5574 ,
3055 5522 3109 5564 et
3143 5525 3357 5580 peccata
3396 5517 3678 5573 ablncritis

2144 5703 2216 5762 (a)
2244 5699 2382 5759 Quod
2415 5701 2495 5767 hlc
2533 5702 2785 5767 subjungit
2815 5705 3208 5767 Chrysmtomus,
3245 5707 3353 5758 illos
3384 5720 3581 5761 centum
3605 5716 3678 5762 vi-

2080 5765 2202 5836 gigni
2245 5775 2398 5812 annos
2435 5763 2484 5811 in
2519 5763 3039 5836 Cenesi_'me_moratos
3083 5777 3278 5836 tempus
3322 5772 3534 5836 indicare
3577 5787 3674 5836 qua

2081 5824 2314 5873 diluvium
2339 5832 2598 5895 venturum
2624 5834 2745 5895 erat,
2773 5826 2992 5895 illudque
3011 5824 3218 5895 spatium
3242 5833 3372 5895 quod
3397 5824 3674 5883 intermisit

2083 5899 2111 5935 a
2135 5895 2360 5949 tempore
2383 5899 2482 5950 quo
2505 5893 2633 5938 Deus
2668 5887 3161 5955 diluvium'prwdixit
3179 5925 3196 5954 ,
3234 5887 3292 5941 sit
3328 5894 3486 5955 lpum
3510 5901 3668 5952 usque
