4110 6440
495 428 590 482 191

496 533 862 608 resipiscendo
884 541 1045 602 atque
1078 531 1130 583 in
1163 530 1390 584 meliora
1420 542 1516 580 vos
1547 525 1933 589 convcrtendo,
1968 536 2066 575 nec

500 648 602 685 non
631 628 811 683 virtuti
845 624 1190 688 studueritis,
1224 636 1502 691 pinnarum
1529 618 1760 689 pericula
1789 614 2052 683 ell'ngiatis
2078 633 2090 665 :

500 721 664 774 Erunt
692 720 834 772 enim
861 759 878 785 ,
927 717 1126 786 inquit,
1167 714 1276 767 dies
1302 729 1475 766 eorum
1505 711 1627 763 anni
1670 717 1869 762 rentum
1897 705 2094 774 viginti.
2186 720 2192 725 '

496 817 551 870 4.
586 815 830 884 Gigantes
847 820 1052 871 autem,
1075 807 1274 876 inquit,
1298 814 1439 859 erant
1463 818 1615 873 super
1639 811 1822 854 terram
1849 799 1901 851 in
1922 797 2096 850 diebus

497 909 624 964 illis.
660 905 731 960 Et
761 915 1085 974 posteaquam
1114 899 1326 968 ingrcssi
1348 907 1461 950 sunt
1493 895 1587 963 ﬁlii
1618 892 1715 946 Dei
1740 890 1808 944 ad
1835 890 1971 959 [ilius
2000 890 2095 942 Ito-

500 1001 718 1062 minum,
747 997 950 1064 illucque
969 993 1063 1047 sibi
1089 997 1369 1062 genuerunt
1393 1029 1408 1052 ,
1447 987 1524 1040 illi
1549 991 1692 1038 erant
1718 985 1945 1053 gigantes
1963 1022 1976 1043 ,
2009 979 2098 1046 qui

501 1111 534 1148 a
557 1091 743 1147 sazculo
766 1088 859 1142 viri
887 1084 1090 1156 famosi.
1132 1081 1384 1150 Gigantes
1406 1079 1492 1132 hic
1527 1091 1556 1129 a
1596 1076 1774 1130 divina
1821 1073 2095 1141 Scriptura

501 1183 605 1238 dtci
637 1182 827 1252 Opinor
844 1177 1096 1232 robustos
1122 1186 1368 1240 corpore.
1411 1169 1488 1223 Ex
1517 1168 1640 1232 illis,
1675 1165 1885 1236 inquit,
1931 1178 2098 1234 gene-

502 1277 642 1332 ratio
687 1271 894 1328 illorum
936 1277 1094 1323 aucta
1131 1275 1233 1321 est.
1276 1263 1334 1317 ld
1361 1261 1503 1333 quod
1537 1270 1593 1316 et
1622 1260 1727 1314 alio
1774 1260 1892 1313 loco
1917 1257 2100 1310 videre

503 1368 627 1420 licet
661 1365 900 1417 dictum:
938 1358 1179 1428 Gigantes
1204 1397 1220 1422 ,
1271 1355 1480 1424 inquit,
1525 1353 1732 1414 veniunt
1773 1359 1827 1402 ut
1877 1351 2102 1420 furorem

503 1471 667 1512 meum
697 1456 896 1526 placent
921 1451 1082 1524 (lsai.
1110 1447 1299 1516 13.3).
1321 1447 1478 1501 Hunc
1507 1459 1666 1514 porro
1681 1450 1894 1498 centum
1918 1439 2100 1510 viginti

497 1562 765 1603 annorum
785 1557 1088 1605 numerum,
1121 1539 1280 1608 aliqui
1307 1546 1490 1607 putant
1506 1534 1790 1590 terminum
1815 1533 1934 1586 vita:
1947 1547 2066 1586 esse
2083 1547 2096 1583 :

506 1655 614 1694 non
645 1639 745 1692 hoc
771 1647 950 1690 autem
973 1630 1261 1701 signiﬁcat,
1291 1627 1385 1683 sed
1418 1641 1560 1681 nunc
1588 1626 1896 1692 patientiam
1924 1623 2104 1677 decla-

510 1746 632 1786 rare
656 1729 791 1795 vult,
823 1741 981 1798 quam
1012 1732 1209 1792 etpost
1250 1721 1362 1776 Iure
1394 1729 1608 1790 peccata
1651 1719 1703 1773 in
1734 1719 1879 1788 ipsos
1917 1726 2102 1770 osten-

513 1825 612 1878 dit.
655 1822 816 1892 Igitur
855 1829 912 1873 ut
941 1819 1208 1872 discamus
1255 1815 1374 1869 illos
1427 1823 1546 1882 post
1593 1811 2009 1882 indignationem
2051 1818 2105 1864 et

515 1916 685 1970 minas
709 1954 726 1979 ,
775 1923 828 1966 et
873 1909 1008 1964 tanti
1049 1905 1762 1977 temporisdiuturnitatem,
1790 1918 1948 1971 quam
1974 1901 2105 1970 ipsis

511 2011 563 2062 in
604 2007 971 2078 ptenitentiam
1000 2002 1242 2066 dederat,
1275 2016 1379 2055 non
1413 2001 1584 2054 solmn
1617 1999 1749 2053 nihil
1786 1997 2098 2067 profecisse,

514 2100 608 2155 sed
657 2099 709 2152 in
759 2097 946 2152 iisdem
1002 2094 1239 2149 moribus
1283 2091 1713 2162 perseveravisse
1761 2109 1774 2144 :
1826 2100 2105 2160 propterea

515 2192 663 2254 dicit,
697 2189 977 2258 Postquam
1015 2185 1229 2256 ingressi
1268 2193 1384 2238 sunt
1428 2183 1525 2253 ﬁlii
1550 2181 1645 2237 Dei
1673 2182 1742 2236 ad
1766 2183 1900 2252 ﬁlias
1939 2183 2110 2236 Itami-

517 2299 668 2342 num,
712 2278 913 2348 illwque
959 2277 1054 2330 sibi
1077 2272 1378 2346 genuerunt,
1409 2271 1486 2326 illi
1512 2282 1654 2326 erant
1682 2272 1930 2344 gigantes,
1962 2272 2050 2342 qui
2078 2290 2110 2323 a

517 2375 704 2428 swrulo
723 2371 814 2426 viri
832 2371 1036 2442 famosi.
1060 2367 1248 2422 Vidisti
1278 2365 1633 2434 improbitatis
1653 2363 2110 2435 magnitudinem?

518 2464 696 2519 vidisti
738 2463 980 2532 stupidas
1020 2469 1074 2515 et
1117 2459 1323 2514 doloris
1371 2471 1534 2512 sensu
1577 2467 1823 2510 carentes
1865 2455 2112 2510 animas?

520 2557 703 2627 Neque
733 2571 909 2626 pinna:
948 2555 1140 2621 timor,
1170 2565 1346 2621 neque
1373 2549 1670 2604 tolerantia:
1700 2558 1908 2616 tempus
1946 2546 2117 2600 arcuit

523 2651 644 2705 illos
672 2664 702 2702 a
729 2647 882 2702 malis
902 2644 1156 2714 operibus
1186 2661 1199 2696 :
1233 2641 1326 2696 sed
1351 2641 1517 2696 semel
1547 2641 1601 2694 in
1629 2653 1871 2710 praeceps
1898 2637 2113 2707 dejecti,

522 2752 576 2797 et
625 2740 819 2796 mentis
865 2737 1019 2792 oculo
1073 2733 1366 2800 exca'cati,
1410 2748 1440 2786 a
1479 2731 1614 2785 mala
1662 2729 2111 2798 concupiscentia,

521 2833 672 2903 quasi
703 2832 770 2886 ab
796 2831 1052 2885 ebrietate
1077 2827 1307 2897 quadam
1329 2823 1586 2889 demersi,
1605 2821 1672 2876 ad
1694 2822 1753 2876 se
1778 2819 1955 2876 redire
1981 2820 2116 2873 ultra

523 2925 809 2980 noluerunt
842 2940 854 2975 :
888 2917 1340 2991 quemadmodum
1369 2925 1423 2970 et
1451 2917 1664 2985 sapiens
1705 2913 1920 2983 quidam
1946 2911 2075 2966 dicit
2103 2928 2115 2963 :

528 3017 724 3088 Impius
746 3057 759 3077 ,
807 3030 921 3066 cum
948 3013 999 3065 in
1031 3007 1339 3082 profundum
1369 3005 1606 3060 ceciderit
1625 3007 1903 3070 mulorum,
1949 3011 2118 3057 conte-

529 3111 657 3163 mnit
689 3106 868 3176 (Prov.
906 3104 992 3158 18.
1027 3101 1102 3170 ὅ).
1131 3100 1305 3156 Grave
1344 3099 1508 3162 enim,
1546 3111 1710 3165 grave
1749 3103 1865 3159 est,
1895 3094 2118 3155 dilecte.

529 3201 648 3273 capi
697 3199 898 3268 laqueis
939 3195 1156 3258 diaboli,
1213 3192 1405 3246 Anima
1449 3189 1591 3244 enim
1635 3197 1822 3258 postea
1867 3187 2017 3256 quasi
2070 3187 2120 3239 in

529 3293 729 3348 retibus
767 3286 1153 3356 comprehensa
1189 3281 1447 3346 trahitur,
1496 3289 1551 3334 et
1594 3279 1733 3332 sicut
1779 3291 1873 3332 sus
1919 3278 1972 3330 in
2030 3276 2120 3330 luti

531 3383 808 3439 Vulutabro
839 3381 1159 3442 oblectatur,
1191 3375 1271 3430 sic
1296 3384 1350 3430 et
1379 3375 1484 3428 ista
1507 3387 1537 3426 a
1566 3371 1703 3425 mala
1737 3368 2126 3424 consuetudine

529 3478 742 3542 obruta,
769 3490 842 3530 ne
880 3472 1045 3528 sentit
1069 3468 1284 3540 quidem
1310 3475 1655 3538 peccatorum
1688 3463 1956 3518 fauorem.
2004 3460 2126 3515 Ideo

531 3584 667 3640 opus
706 3576 790 3622 est
816 3576 874 3618 nt
899 3563 1063 3619 sobrii
1091 3570 1147 3615 et
1174 3559 1360 3629 vigiles
1389 3559 1587 3622 simus,
1631 3570 1699 3609 ne
1736 3554 1804 3606 ab
1837 3552 1987 3606 initio
2014 3551 2132 3606 dia-

536 3661 659 3716 bolo
703 3660 999 3728 ingressum
1044 3652 1436 3715 concedamus,
1476 3658 1535 3703 nt
1575 3663 1641 3702 ne
1671 3646 2017 3702 obteuebrata
2044 3658 2130 3698 ra—

537 3756 682 3810 tione
721 3762 936 3814 nostra,
975 3757 1029 3802 et
1068 3754 1333 3802 excmcata
1371 3744 1564 3799 mentis
1594 3740 1951 3811 perspicacia,
1977 3737 2128 3808 quasi

541 3848 775 3918 privatos
809 3844 964 3913 hujus
992 3840 1123 3896 solis
1153 3839 1354 3892 lutnine
1384 3836 1590 3899 reddat,
1626 3849 1727 3888 nec
1764 3833 2040 3888 valeamus
2076 3830 2129 3884 in

539 3940 717 3996 radios
742 3937 870 3992 solis
892 3934 1113 4004 justitia:
1141 3930 1404 3992 contueri,
1432 3939 1486 3983 et
1514 3928 1583 3982 ita
1611 3929 1662 3981 in
1705 3939 1944 3996 pratceps
1987 3922 2132 3978 fera-

541 4049 661 4087 mur
694 4048 706 4084 :
739 4030 788 4084 id
818 4027 1042 4100 quodet
1065 4025 1167 4079 iliis
1195 4034 1320 4077 tunc
1349 4019 1567 4076 accidit.
1599 4018 1732 4073 Audi
1757 4017 1908 4073 enim
1939 4017 2132 4070 iterum

533 4122 796 4178 bonitatis
819 4119 910 4174 Dei
939 4114 1297 4172 tolerantiam.
1331 4112 1386 4168 5.
1436 4109 1503 4165 Ut
1543 4109 1666 4164 vidit
1705 4117 1892 4171 autem,
1941 4104 2132 4174 inquit,

542 4217 796 4272 Dominus
831 4212 988 4276 Deus,
1018 4207 1154 4279 quod
1197 4205 1552 4274 multiplicata:
1591 4211 1710 4256 sunt
1741 4199 1949 4270 malitia
1973 4198 2137 4250 Itami-

451 4329 456 4334 ·
548 4323 671 4361 num
699 4319 849 4373 super
874 4311 1080 4354 terram.
1109 4295 1245 4363 Quid
1273 4295 1372 4350 sibi
1401 4293 1514 4347 vult
1543 4293 1644 4346 hoc
1669 4291 1891 4357 dictum,
1917 4287 1985 4342 Ut
2013 4287 2135 4341 vidit

515 4399 754 4464 autem?
802 4396 936 4451 Num
981 4391 1260 4464 ignorabat
1303 4386 1597 4442 Dominus?
1641 4386 1794 4440 Absit
1837 4401 1850 4437 :
1903 4381 1995 4438 sed
2040 4394 2138 4451 pro

550 4501 732 4548 nostra
765 4486 1075 4543 inﬁrmitate
1101 4481 1280 4536 omnia
1301 4488 1486 4533 narrat
1511 4477 1690 4531 divina
1721 4475 1994 4544 Scriptura
2020 4489 2034 4525 :
2083 4481 2139 4525 ut

549 4599 648 4640 nos
676 4583 902 4645 doceat,
935 4591 1029 4632 eos
1053 4575 1210 4629 etiam
1252 4581 1374 4642 post
1419 4577 1616 4622 tantam
1661 4565 1756 4620 Dei
1799 4563 2137 4619 tolerantiam

546 4678 604 4731 in
654 4673 846 4730 iisdem
895 4666 1158 4724 mansisse
1205 4662 1399 4725 malis,
1427 4660 1710 4714 autetiam
1756 4657 1811 4710 in
1854 4655 2034 4725 pejora
2079 4669 2140 4708 se

545 4769 875 4841 conjecisse,
921 4763 1039 4817 ait:
1077 4757 1146 4815 Ut
1183 4755 1308 4811 vidit
1357 4763 1561 4818 autem,
1603 4750 1738 4822 quod
1791 4748 2141 4817 multiplicant

544 4838 665 4918 sunt
689 4856 900 4913 malitiae
929 4853 1188 4907 hominum
1213 4863 1365 4918 super
1381 4855 1586 4899 terram.
1621 4843 1696 4897 Ex
1718 4840 1820 4894 hoc
1838 4839 1980 4895 enim
2003 4838 2144 4892 malo

546 4967 734 5025 opere,
760 4948 910 5021 quasi
940 4961 971 5000 e
993 4943 1139 4999 fonte
1167 4939 1396 5011 quodam
1425 4979 1439 5002 ,
1470 4936 1635 4990 multa
1681 4934 1844 4987 etiam
1873 4931 1979 4985 alia
2010 4928 2141 4984 sub-

548 5021 858 5106 oriehantur
874 5046 1091 5114 peccata
1120 5053 1133 5089 :
1156 5034 1276 5089 ideo
1296 5032 1447 5095 dicit,
1474 5027 1688 5083 Malitia:
1704 5025 1986 5079 hominum.
2009 5021 2141 5076 Nam

551 5146 638 5199 ubi
690 5138 946 5196 srortatio
969 5176 986 5203 ,
1037 5141 1092 5188 et
1121 5129 1327 5185 luxuria
1359 5168 1376 5191 ,
1430 5134 1485 5179 et
1526 5132 1672 5178 tanta
1703 5116 2142 5188 intemperantia,

552 5229 843 5288 verisimile
872 5235 955 5282 est
985 5226 1056 5280 ibi
1089 5231 1145 5278 et
1182 5220 1520 5280 ebrietatem,
1549 5222 1604 5268 et
1629 5211 1996 5281 crapulannet
2028 5221 2144 5262 ma-

553 5337 712 5393 gnam
768 5319 1102 5390 injustitiam,
1147 5321 1202 5368 et
1255 5310 1573 5370 avaritiam,
1630 5307 2016 5373 innumeraque
2043 5299 2144 5354 alia

557 5391 704 5469 nasci
755 5412 913 5466 mala.
948 5410 1014 5465 Ut
1043 5407 1168 5462 vidit
1210 5414 1380 5458 autem
1405 5443 1420 5467 ,
1453 5400 1662 5470 inquit,
1713 5395 1960 5450 Dominus
2009 5391 2148 5448 Deus

556 5504 690 5569 quod
716 5502 1064 5571 multiplicare
1088 5506 1204 5553 sunt
1240 5494 1449 5550 malitia:
1477 5491 1734 5544 hominum
1756 5503 1909 5558 super
1939 5495 2146 5546 terram,

495 5669 505 5680 ’
558 5678 794 5734 diluvium
818 5691 829 5725 :
857 5675 1006 5733 illud,
1044 5675 1268 5736 inquam,
1309 5681 1476 5736 contra
1511 5675 1817 5736 communem
1855 5660 2151 5736 sententiam

563 5725 662 5789 eat:
677 5725 788 5804 nam
814 5725 1005 5804 putatur
1025 5725 1320 5804 bis'indieari
1353 5733 1560 5804 Spatium
1599 5729 1709 5776 vitae
1741 5725 1951 5804 heminis
1982 5730 2151 5804 postea

560 5783 946 5851 contrahendum
969 5803 1019 5845 et
1042 5783 1101 5844 ad
1124 5783 1325 5845 centum
1348 5783 1516 5855 viginti
1541 5802 1692 5855 annos
1714 5783 2072 5855 redigendum;
2095 5785 2148 5828 et

561 5848 614 5914 ut
637 5859 750 5910 anui
771 5857 1094 5921 cbronologiei
1116 5856 1358 5920 quadrent
1377 5848 1481 5914 ,‘sic
1503 5848 1876 5912 intelligendum
1898 5853 1992 5897 est.

1238 415 1292 470 S.
1334 411 1613 468 JOANNIS
1653 402 2128 466 CIIIlYSOSTOMI
2171 401 2482 458 ARCIIIEP.
2533 403 3071 460 CONSTANTINOP.

3691 411 3794 467 19³1

2205 525 2409 592 etquod
2436 524 2773 593 unusquisque
2797 527 2981 596 rogitat
3027 527 3074 578 iu
3113 527 3264 580 Corde
3307 545 3398 582 suo
3443 528 3707 602 diligenter
3735 539 3806 590 atl

2205 614 2340 666 mala
2378 616 2608 670 omnibus
2628 618 2817 672 diebus.

2275 705 2329 759 5.
2373 705 2506 760 Vide
2548 708 2819 776 quomodo
2865 710 3068 779 singula
3115 727 3234 782 quae
3267 713 3518 772 dicuntur
3553 731 3805 788 peccato-

2205 810 2320 848 rum
2368 796 2657 851 ostendvnt
2699 800 3138 868 magnitudinem.
3192 803 3325 872 Quia
3351 807 3495 861 enim
3523 809 3576 862 in
3603 824 3809 880 genere

2205 886 2357 949 dixit,
2382 885 2738 957 Multiplicatre
2755 901 2872 943 sunt
2903 893 3109 946 malitia:
3128 894 3388 950 hominum
3416 915 3572 966 super
3593 912 3807 968 terram,

2209 981 2463 1047 subdidit,
2485 982 2552 1035 Et
2581 985 2943 1053 unusquisque.
2958 985 3142 1056 Magna
3172 987 3330 1058 hujus
3356 991 3503 1046 verbi
3531 995 3814 1062 emphasis

2206 1087 2257 1127 et
2289 1076 2367 1128 vis
2393 1085 2496 1130 est.
2539 1075 2656 1131 Non
2705 1077 2894 1148 inquit,
2945 1080 3258 1136 adolescens
3285 1083 3479 1148 solum,
3513 1087 3607 1140 sed
3635 1097 3691 1140 et
3723 1103 3815 1141 se-

2209 1182 2308 1221 nex
2361 1168 2549 1223 eadem
2592 1170 2702 1239 agit
2747 1187 2866 1240 qua:
2913 1171 3269 1229 adolescens:
3302 1191 3476 1247 neque
3503 1181 3584 1232 vir
3603 1178 3811 1238 solum.

2207 1262 2300 1315 sed
2326 1272 2379 1316 et
2400 1263 2631 1319 mulier:
2660 1280 2833 1335 neque
2861 1281 3049 1320 servus
3076 1269 3268 1332 solum,
3297 1270 3391 1324 sed
3417 1280 3471 1324 et
3491 1271 3664 1326 liber:
3697 1289 3815 1327 Ιιιηι

2209 1354 2360 1410 dives
2389 1357 2586 1422 solum,
2617 1357 2710 1412 sed
2737 1367 2790 1412 et
2813 1373 3034 1428 pauper.
3063 1359 3128 1414 Et
3155 1360 3395 1425 verbum,
3426 1360 3646 1434 Cogitat,
3669 1366 3818 1420 mul-

2211 1455 2320 1500 tum
2365 1446 2522 1502 habet
2577 1450 2854 1504 momenti.
2903 1449 3018 1505 Non
3065 1453 3206 1506 enim
3237 1468 3301 1506 ex
3332 1455 3679 1525 subreptiooe
3705 1457 3814 1512 hoc

2211 1537 2315 1592 illis
2361 1539 2574 1604 accidit,
2625 1541 2718 1594 sed
2766 1541 2818 1594 in
2865 1542 3027 1596 corde
3053 1543 3307 1613 cogitant,
3339 1553 3395 1599 et
3433 1547 3549 1600 haec
3573 1561 3669 1616 per
3692 1546 3812 1602 sin-

2209 1629 2358 1697 gulas
2388 1628 2550 1684 horas
2594 1630 2831 1696 volvunt,
2878 1633 2928 1685 in
2961 1633 3042 1687 his
3074 1635 3308 1688 studium
3333 1649 3489 1690 suum
3513 1637 3808 1700 collocant,

2211 1733 2264 1778 ct
2309 1738 2499 1820 neque.
2530 1723 2747 1820 fortuito
2771 1726 2938 1780 semel
2969 1737 3022 1780 et
3051 1728 3238 1781 iterum
3269 1729 3595 1807 supplantati
3625 1746 3654 1784 a
3684 1747 3810 1802 pec-

2211 1826 2352 1885 cato,
2399 1832 2428 1871 a
2472 1804 2676 1872 inalitia
2719 1818 2819 1872 sibi
2864 1829 3178 1889 temperant,
3224 1821 3318 1875 sed
3373 1804 3660 1892 diligenter
3685 1840 3811 1878 eam

2211 1921 2486 1975 exercent,
2512 1920 2565 1964 et
2593 1909 2728 1963 tnala
2757 1921 3083 1978 operantur:
3117 1911 3216 1966 hoc
3244 1921 3346 1976 est,
3375 1928 3569 1983 magno
3604 1914 3817 1981 studio,

2215 2003 2342 2057 nihil
2374 2003 2568 2069 obiter,
2617 2001 2751 2056 nihil
2797 2001 3125 2072 negligenter
3148 2002 3216 2057 ab
3240 2004 3321 2058 eis
3350 2005 3427 2070 tit,
3462 2019 3634 2072 neque
3661 2005 3817 2061 brevi

2217 2106 2476 2164 tempore,
2505 2092 2598 2146 sed
2624 2093 2872 2146 omnibus
2901 2093 3108 2157 diebus,
3142 2108 3355 2148 omnem
3385 2109 3534 2148 suam
3563 2096 3721 2147 vitam
3756 2095 3814 2148 in

2216 2186 2318 2241 hoc
2341 2185 2675 2254 impendunt.
2709 2184 2896 2239 Vidisti
2923 2185 3138 2239 malitiae
3160 2185 3585 2241 immanitatem?
3631 2186 3816 2241 vidisti

2215 2278 2485 2347 quomodo
2509 2276 2686 2332 dedita
2718 2291 2880 2347 opera
2905 2291 3016 2330 rem
3047 2276 3290 2340 fecerint,
3322 2276 3605 2346 diligenter
3631 2281 3818 2332 omnia

2215 2373 2353 2426 mala
2398 2380 2717 2441 operantes;
2754 2377 2809 2424 et
2851 2369 3029 2423 onmis
3053 2377 3184 2422 aetas
3211 2368 3278 2422 ad
3317 2369 3580 2438 agendum
3611 2369 3818 2423 malum

2218 2482 2313 2522 sua
2335 2475 2526 2536 sponte
2541 2463 2865 2520 accesserit?
2889 2461 3254 2532 Unusquisque,
3280 2461 3470 2531 inquit,
3493 2477 3665 2530 neque
3679 2471 3825 2516 aetas

2220 2561 2526 2622 immatura,
2554 2570 2607 2613 et
2631 2556 2866 2626 alioquin
2890 2555 3162 2623 ineXperta
3191 2554 3453 2607 malorum
3477 2567 3639 2608 vacua
3655 2561 3822 2606 erat:

2221 2652 2316 2707 sed
2341 2652 2519 2706 statim
2548 2649 2690 2706 etab
2731 2647 3068 2702 incunabulis
3094 2660 3282 2699 omnes
3313 2643 3512 2698 malum
3542 2643 3643 2697 hoc
3671 2658 3824 2713 prse-

2223 2745 2350 2798 lium
2380 2742 2680 2806 certabant,
2722 2741 3107 2794 contendentes
3138 2744 3194 2789 ut
3223 2736 3382 2790 malis
3405 2735 3650 2805 operibus
3674 2733 3828 2789 alter

2223 2837 2448 2889 alterum
2488 2838 2784 2901 superaret.
2833 2829 2943 2891 llic,
3001 2843 3118 2891 oro,
3146 2826 3327 2880 animo
3351 2825 3591 2895 expende
3619 2823 3826 2877 miram

2227 2927 2382 2994 hujus
2405 2924 2535 2994 justi
2562 2922 2901 2991 sapientiam,
2931 2920 3018 2988 qui
3046 2919 3097 2971 in
3130 2926 3274 2970 tanta
3306 2915 3562 2969 tnalurum
3599 2915 3828 2982 conspi-

2226 3020 2434 3073 ratione
2455 3014 2720 3068 malitiam
2750 3012 2986 3080 eli'ugere
3020 3009 3202 3074 valuit,
3233 3017 3286 3060 et
3314 3008 3441 3061 nihil
3492 3007 3611 3060 inde
3635 3005 3828 3060 danmi

2227 3109 2402 3190 sensit
2427 3125 2439 3161 :
2462 3108 2556 3161 sed
2583 3107 2734 3175 quasi
2765 3121 2829 3159 cx
2861 3103 2961 3156 alia
2987 3111 3174 3156 natura
3203 3101 3544 3163 constitutus,
3586 3098 3662 3152 sic
3689 3096 3830 3152 forti

2199 3187 2723 3279 cumgojprmditus,
2774 3207 2828 3250 et
2869 3210 2963 3265 per
3004 3195 3242 3264 seipsum
3289 3192 3498 3247 virtutis
3525 3187 3832 3260 operationi

2229 3274 2460 3356 domtus,
2485 3301 2540 3344 et
2566 3289 2760 3342 malam
2788 3302 2975 3342 eorum
3001 3283 3451 3354 conspirationem
3483 3281 3680 3350 effugit,
3709 3291 3773 3334 et
3799 3296 3833 3334 a

2229 3379 2499 3440 communi
2524 3380 2761 3435 omnium
2796 3376 3091 3448 perditione
3113 3384 3198 3432 est
3223 3383 3520 3444 exemptus.
3558 3373 3610 3428 6.
3643 3370 3706 3424 Et
3731 3387 3836 3425 se-

2231 3496 2347 3532 cum
2373 3477 2644 3544 reputavit,
2679 3476 2869 3544 iuquit,
2907 3473 3153 3526 Dominus
3183 3469 3321 3524 Deus
3343 3468 3477 3539 quod
3505 3467 3698 3538 fecisset
3723 3465 3838 3519 ko-

2235 3572 2418 3624 minem
2468 3583 2620 3639 super
2663 3577 2870 3620 terram.
2923 3564 3052 3619 Vide
3090 3565 3282 3617 iterum
3311 3564 3528 3616 verbum
3558 3572 3834 3624 crassum,

2233 3672 2287 3716 et
2318 3671 2513 3716 nostra:
2542 3659 2786 3728 parvitati
2812 3657 3082 3713 idoneum.
3113 3654 3300 3709 Secum
3334 3653 3601 3722 reputavit,
3633 3651 3837 3719 inquit,

2237 3752 2644 3825 pro,pmnituit:
2675 3767 2779 3806 non
2802 3747 2944 3819 quod
2975 3747 3284 3818 pteuituerit
3319 3746 3502 3808 Deum,
3531 3741 3700 3806 absit;
3727 3742 3839 3796 sed

2236 3845 2528 3901 secundum
2575 3843 2862 3898 humanam
2910 3837 3355 3895 consuetudinem
3401 3835 3632 3904 loquitur
3675 3832 3840 3886 nobis

2237 3937 2414 3993 divina
2463 3934 2758 4006 Scriptura,
2811 3941 2871 3987 ut
2924 3946 3022 3986 nos
3072 3930 3267 3984 doceat
3313 3927 3553 3982 enormia
3615 3923 3838 3978 illorum

2239 4041 2454 4104 peccata
2470 4031 2790 4086 clementem
2814 4027 2981 4082 Deum
3003 4022 3057 4077 in
3081 4021 3496 4092 indignationem
3513 4017 3839 4072 concitasse.

2239 4124 2308 4178 Et
2337 4139 2504 4178 secum
2529 4120 2801 4191 reputavit,
2833 4117 3022 4188 inquit,
3075 4113 3320 4168 Dominus
3350 4110 3489 4164 Deus
3516 4110 3649 4180 quod
3674 4107 3840 4176 fecis-

2239 4229 2312 4272 set
2356 4218 2610 4272 hominem
2654 4229 2809 4284 super
2853 4220 3057 4266 terram.
3109 4207 3244 4262 Num
3295 4205 3438 4261 enim
3471 4209 3686 4272 praptcr
3729 4198 3844 4255 hoc

2243 4318 2415 4386 ipsttm
2441 4308 2686 4383 produxi,
2720 4307 2910 4378 inquit,
2937 4314 2995 4360 ut
3014 4305 3064 4357 in
3084 4311 3282 4356 tantam
3316 4297 3602 4369 perniciem
3633 4297 3841 4364 lapsus.

2242 4405 2449 4476 sibiipsi
2499 4400 2812 4473 perditionis
2861 4400 3014 4452 tieret
3049 4393 3276 4448 auctor?
3303 4391 3439 4446 Num
3465 4389 3562 4442 hac
3582 4387 3649 4441 de
3675 4399 3844 4440 causa

2244 4518 2273 4554 a
2320 4496 2582 4570 principio
2624 4502 2772 4548 tanto
2823 4490 3028 4545 honore
3067 4502 3190 4542 cum
3241 4479 3509 4552 insigniri,
3542 4487 3597 4534 et
3637 4487 3845 4532 tantam

2245 4599 2361 4669 ejus
2403 4605 2588 4648 curam
2637 4601 2724 4640 me
2775 4584 2982 4639 habere
2999 4579 3292 4643 declaravi,
3322 4585 3381 4630 ut
3399 4574 3584 4628 virtuti
3619 4584 3843 4635 vacans,

2246 4661 2452 4745 alienus
2475 4701 2506 4738 a
2530 4680 2828 4754 perditione
2853 4677 3034 4730 ﬁeret?
3068 4673 3329 4739 Quoniam
3356 4677 3532 4724 autem
3559 4661 3846 4718 clementia

2249 4797 2366 4838 mea
2419 4781 2616 4834 abusus
2664 4782 2768 4838 est,
2825 4771 2992 4825 satius
3049 4766 3272 4835 posthac
3318 4760 3479 4816 fuerit
3531 4755 3704 4810 malos
3729 4754 3850 4822 ejus

2247 4885 2470 4932 conatus
2520 4866 2798 4939 impedire.
2851 4862 2916 4916 Et
2958 4857 3212 4930 cogitavit,
3254 4856 3304 4908 7.
3327 4853 3558 4921 Dixitque
3598 4847 3856 4901 Dominus

2253 4971 2411 5032 Deus,
2440 4964 2612 5036 inquit
2635 4980 2647 5017 :
2673 4959 2862 5015 Delebo
2890 4954 3144 5009 hominem
3172 4965 3319 5020 quem
3346 4945 3444 5015 feci
3463 4961 3496 4997 a
3525 4943 3654 5014 facie
3677 4952 3854 5003 teme,

2249 5067 2313 5118 ab
2344 5030 2543 5116 homine
2569 5069 2726 5125 usque
2753 5051 2822 5104 ad
2851 5063 3021 5119 pecus,
3052 5055 3098 5098 et
3127 5061 3158 5095 a
3179 5038 3444 5110 reptilibus
3475 5048 3633 5104 usque
3659 5030 3730 5084 ad
3759 5044 3854 5084 vo-

2253 5156 2414 5211 latilia
2461 5151 2572 5206 cteli
2593 5163 2611 5202 .'
2636 5148 2756 5218 quia
2804 5155 2998 5196 mecum
3051 5134 3280 5206 reputavi
3328 5128 3464 5201 quod
3509 5126 3714 5195 fecerim
3739 5137 3856 5178 eos.

2254 5252 2383 5319 Qua:
2409 5246 2514 5303 mei
2541 5214 2703 5299 cilicii
2731 5245 2907 5300 erant,
2935 5233 3128 5303 inquit,
3167 5227 3350 5284 omnia
3377 5221 3623 5280 exhibui.
3660 5219 3745 5275 Ex
3767 5214 3860 5271 ni-

2255 5345 2384 5407 hilo,
2412 5351 2470 5396 ut
2493 5345 2659 5402 esset,
2693 5332 2840 5387 illum
2870 5325 3120 5399 produxi,
3167 5329 3370 5376 naturae
3401 5317 3542 5370 illius
3568 5311 3860 5368 scientiam

2256 5405 2616 5491 faciendorum
2647 5435 2701 5482 et
2730 5437 2836 5478 non
2867 5417 3226 5474 faciendorum
3273 5407 3462 5473 indidi,
3512 5405 3738 5459 liberum
3771 5414 3865 5451 ar-

2256 5526 2471 5582 bitrium
2495 5518 2712 5581 donavi,
2747 5510 2998 5569 inell'abili
3033 5504 3311 5562 tolerantia
3335 5514 3467 5553 usus
3487 5509 3627 5556 sum,
3645 5502 3701 5546 et
3736 5501 3864 5561 post

2259 5621 2472 5686 longum
2506 5609 2634 5665 illud
2662 5618 2892 5674 tempus,
2921 5611 2975 5656 et
2997 5607 3115 5670 post
3144 5591 3562 5663 indignationem
3582 5593 3640 5639 et
3678 5583 3871 5635 minas

2258 5672 2390 5781 quas
2430 5705 2561 5768 dixi,
2591 5712 2644 5758 et
2690 5672 2834 5754 aliud
2881 5687 3136 5766 prtulinivi
3184 5697 3415 5754 tempus,
3444 5678 3631 5734 volens
3678 5683 3733 5728 ut
3767 5672 3872 5725 illo

2261 5767 2355 5860 sua
2371 5808 2588 5876 peccata
2610 5795 2896 5856 sentiente,
2923 5783 3214 5856 indignatio
3235 5793 3352 5836 mea
3383 5777 3744 5832 revocaretur:
3763 5767 3871 5821 sed
