4110 6418
260 455 365 516 191

258 570 470 643 ψασθαι
496 567 590 624 διὰ
613 567 713 639 τῆς
742 566 836 622 ἐπὶ
874 577 937 621 ἰο
968 565 1176 636 βέλτιον
1206 563 1527 636 μεταϐῶῆς,
1562 562 1657 617 καὶ
1680 561 1779 631 τὴν
1806 561 1932 632 ἀρε⁹

260 654 365 726 τὴν
389 652 653 723 ἑλόμενοι,
672 650 774 721 τῆς
793 650 1064 721 τιμωρίας
1084 647 1181 720 τὴν
1201 649 1403 719 πεῖραν¹
1416 646 1935 716 ἐκφύγητε.Ἕσον-

263 759 363 796 ται
381 739 511 810 γὰρ,
546 740 734 810 φησὶν,
763 741 822 793 al
860 736 1073 806 ήμέραι
1109 735 1307 790 αὐτῶν
1324 736 1429 803 ἐτη
1469 734 1685 789 ἑκατὸν
1717 733 1935 788 εἴκοσι.

265 832 337 886 Οί
354 828 423 882 δέ
443 829 734 899 γίγαντες,
755 825 944 897 φησὶν,
967 822 1131 895 ἦσαν
1146 824 1245 878 ἐπὶ
1274 822 1385 892 τῆς
1408 822 1521 892 γῆς
1548 822 1618 875 ἐν
1649 819 1779 886 ταῖς
1798 819 1940 889 ήμέ-

256 936 400 988 ραις
422 918 703 982 ἐκείναις.
733 917 845 969 Καὶ
874 915 1002 983 μετ’
1022 912 1243 977 ἐκεῖνα,
1271 913 1352 978 ὡς
1377 910 1456 966 ἂν
1482 908 1940 977 είσεπορεύοντο

262 1010 325 1063 οἱ
350 1006 471 1061 υίοὶ
486 1004 593 1060 τοῦ
619 1003 769 1058 Θεοῦ
787 1000 936 1075 [199]
954 1001 1102 1068 πρὸς
1120 997 1223 1066 τὰς
1243 1001 1570 1069 θυγατέρας
1583 996 1703 1051 τῶν
1718 992 1939 1062 ἀνθρώ-

261 1109 420 1159 πων,
434 1094 541 1153 ,καί
552 1091 900 1162 ἐγεννῶσαν
914 1088 1172 1155 ἑαυτοῖς,
1189 1086 1405 1142 ἐκεῖνοι
1419 1082 1583 1156 ἦσαν
1596 1087 1650 1140 οί
1665 1085 1940 1154 γίγαντες

262 1186 326 1238 οἱ
363 1183 464 1237 ἀπ’
496 1180 733 1247 αἰῶνος,
772 1181 828 1234 οί
861 1177 1162 1246 ἄνθρωποι
1196 1178 1253 1230 οἱ
1295 1173 1642 1245 ὀνομαστοί.
1674 1170 1941 1240 Γίγαντας

264 1268 505 1323 ἐνταῦθα
536 1268 664 1331 τοὺς
697 1265 950 1338 ἰσχυροὺς
977 1263 1039 1317 τὸ
1073 1261 1233 1334 σῶμα
1261 1256 1417 1332 οἶμαι
1445 1260 1624 1329 λέγειν
1651 1257 1750 1330 τὴν
1789 1256 1941 1311 θείαν

262 1356 516 1427 Γραφήν.
555 1354 647 1420 Ἐξ
682 1353 926 1417 ἐκείνων,
969 1350 1156 1422 φησὶν,
1204 1353 1239 1421 ἡ
1275 1348 1453 1418 γενεὰ.
1483 1346 1663 1402 αὐτῶν
1704 1344 1940 1417 ηὐξήθη.

265 1444 388 1498 Καὶ
421 1442 529 1514 γὰρ
559 1443 653 1496 καὶ
692 1438 925 1511 ἀλλαχοῦ
959 1438 1107 1492 ἐστιν
1138 1439 1265 1493 ίδεῖν
1292 1438 1450 1492 τοῦτο
1482 1435 1802 1508 εἰρημένον
1837 1433 1940 1487 Γί-

265 1548 505 1602 γαντες,
556 1529 739 1601 φησιν,
793 1529 1069 1598 ἔρχονται
1108 1526 1215 1580 τὸν
1253 1526 1444 1595 θυμόν
1472 1541 1592 1593 μου
1630 1521 1861 1575 παῦσαι
1889 1533 1940 1575 ι.

266 1619 475 1673 Τοῦτον
502 1617 558 1671 δέ
585 1617 676 1672 τὸν
698 1616 804 1670 τῶν
837 1615 1028 1669 ἑκατὸν
1050 1614 1223 1668 εἴκοσι
1257 1611 1393 1666 ἐτῶν
1422 1608 1654 1682 ἀριθμὸν
1681 1608 1828 1671 τινὲς
1857 1623 1944 1660 νο·

274 1706 492 1778 μίζουσι
516 1706 607 1759 τὸν
637 1705 761 1775 ὅρον
785 1703 885 1775 τῆς
914 1703 1060 1774 ζωῆς
1085 1697 1227 1755 εἶναι
1250 1718 1264 1731 ·
1302 1701 1363 1754 ού
1394 1699 1551 1752 τοῦτο
1582 1698 1639 1751 δέ
1667 1695 1941 1767 σημαίνει,

266 1793 411 1848 ἀλλά
430 1792 566 1855 τέως
582 1790 680 1863 τὴν
704 1789 1089 1862 μακροθυμίαν
1110 1786 1447 1853 ἐνδείξασθαι
1473 1784 1740 1857 βούλεται,
1759 1783 1825 1854 ἢν
1850 1782 1946 1835 καὶ

272 1880 417 1953 μετά
460 1878 697 1934 τοσαῦτα
746 1878 1120 1951 ἁμαρτήματα
1176 1875 1264 1929 ἐπ’
1314 1872 1510 1937 αὐτοὺς
1555 1870 1942 1925 ἐπιδείκνυται.

268 1967 373 2021 'lv’
403 1960 496 2020 οὖν
548 1963 807 2037 μάθωμεν
850 1962 944 2017 καὶ
980 1961 1118 2033 μετά
1160 1961 1258 2032 τὴν
1289 1959 1680 2030 ἀγανάκτησιν,
1718 1955 1812 2009 καὶ
1845 1953 1947 2026 τὴν

268 2054 525 2126 ἀπειλὴν,
554 2054 652 2107 καὶ
684 2051 782 2124 τὴν
801 2049 1073 2123 τοσαύτην
1104 2048 1199 2103 τοῦ
1220 2048 1414 2120 χρόνου
1443 2043 1847 2118 μακροθυμίαν,
1880 2043 1949 2115 ἢν

269 2145 357 2207 είς
396 2142 684 2214 μετάνοιαν
718 2140 902 2202 αὐτοῖς
924 2138 1178 2200 δέδωκεν,
1222 2135 1299 2199 ὡς
1340 2134 1400 2187 ού
1431 2132 1588 2205 μόνον
1613 2130 1765 2185 οὐδὲν
1789 2129 1948 2203 ἐκέρο-

268 2229 454 2292 δανον,
491 2226 628 2281 ἀλλά
661 2226 891 2289 καὶτοῖς
926 2224 1110 2286 αὐτοῖς
1131 2222 1443 2294 ἐπέμειναν,
1474 2218 1562 2273 διά
1580 2217 1741 2273 τοῦτό
1762 2234 1946 2289 φησιν,

285 2315 388 2383 Ὠς
411 2314 488 2370 ἂν
511 2314 970 2383 εισεπορεύοντο
991 2314 1046 2365 al
1068 2310 1187 2366 υίοί
1216 2307 1325 2362 τοῦ
1358 2305 1508 2362 Θεοῦ
1528 2305 1676 2375 πρὸς
1710 2305 1818 2372 τὰς
1844 2309 1949 2362 θυ-

271 2401 531 2474 γατέρας
585 2400 706 2456 τῶν
740 2396 1065 2468 ἀνθρώπων
1085 2437 1100 2463 ,
1148 2395 1249 2451 καί
1305 2392 1650 2465 ἐγεννῶσαν
1692 2391 1948 2459 ἑαυτοῖς,

268 2487 511 2544 ἐκεῖνοι.
525 2484 690 2560 ἦσαν
716 2489 770 2542 oi
797 2487 1071 2557 γίγαντες
1097 2486 1152 2538 οί
1176 2482 1278 2538 ἀπ’
1306 2484 1538 2547 αἰῶνος,
1570 2482 1626 2535 οί
1657 2477 1957 2548 ἅνθρωποι

270 2581 332 2633 οι
385 2575 733 2646 ὀνομαστοί.
779 2570 933 2637 Εἶδες
979 2564 1371 2641 ἀγνωμοσύνης
1417 2566 1759 2640 ὑπερϐολήν;
1813 2562 1953 2630 εἶδες

272 2664 457 2735 ψυχὴν
500 2663 830 2734 ἀνάλγητον;
882 2658 1020 2714 Οὔτε
1043 2662 1073 2714 6
1097 2659 1200 2729 τῆς
1242 2656 1511 2729 τιμωρίας
1557 2655 1741 2725 φόϐος,
1773 2652 1895 2710 οὔτε
1924 2655 1954 2707 6

271 2748 378 2818 τῆς
410 2745 786 2818 μακροθυμίας
813 2742 1001 2814 χρόνος
1021 2740 1326 2811 ἀπέστησεν
1351 2738 1546 2800 αὐτοὺς
1574 2736 1680 2789 τῶν
1704 2735 1955 2808 πονηρῶν

275 2833 531 2906 πράξεων
555 2851 571 2866 ·
597 2832 712 2887 ἀλλ’
748 2831 896 2897 me
929 2829 1069 2883 κατά
1090 2826 1350 2899 κρημνῶν
1388 2823 1822 2894 κατενεχθέντες,
1860 2823 1955 2876 καὶ

272 2923 341 2979 τὸ
352 2923 451 2994 τῆς
470 2921 703 2984 διανοίας
718 2918 873 2991 ὄμμα
887 2915 1252 2988 πηρωθέντες,
1267 2915 1367 2967 ούκ
1382 2911 1462 2966 ἐτι
1477 2911 1681 2971 λοιπὸν,
1704 2909 1954 2982 καθάπερ

277 3010 390 3068 ὑπὸ
433 3008 604 3080 μέθης
651 3007 791 3070 τινὸς
837 3005 938 3076 τῆς
994 3003 1235 3073 πονηρᾶς
1271 2999 1564 3072 ἐπιθυμίας
1614 2999 1952 3053 καταϐαπτι-

280 3098 523 3161 σθέντες,
547 3095 859 3163 ἀνενεγκεῖν
876 3091 1272 3163 ἠϐουλήθησαν,
1295 3088 1545 3160 καθάπερ
1571 3087 1666 3141 καὶ
1690 3088 1849 3155 σοφός
1870 3085 1954 3150 τίς

277 3200 447 3258 φησιν
468 3201 482 3215 ο
522 3179 774 3249 Ἀσεϐὴς
801 3178 1081 3249 ἐμπεσὼν
1105 3179 1192 3244 είς
1208 3175 1400 3242 βάθος
1432 3173 1634 3228 κακῶν
1660 3190 1954 3245 καταφρο-

276 3272 395 3327 νεῖ.
430 3269 611 3324 Δεινδν
644 3269 773 3340 γὰρ.
800 3266 995 3332 δεινὸν,
1028 3266 1298 3338 ἀγαπητέ,
1324 3263 1526 3318 ἀλῶναι
1553 3265 1673 3326 ταῖς
1709 3262 1803 3316 τοῦ
1835 3263 1953 3316 δια-

279 3360 443 3413 ϐόλον
475 3357 720 3426 παγίσιν.
755 3355 819 3409 Ἦ
847 3353 956 3426 γὰρ
976 3353 1123 3426 ψυχὴ
1147 3352 1332 3407 λοιπὸν
1358 3351 1609 3422 καθάπερ
1629 3352 1687 3405 ἐν
1717 3349 1955 3415 δικτύοις

278 3443 689 3516 ἀπειλημμένη,
727 3442 822 3496 καὶ
863 3439 1051 3511 ὥσπερ
1086 3435 1149 3504 ὗς
1180 3438 1538 3510 ἐγκυλιομένη
1568 3436 1810 3510 βορϐόρῳ
1832 3438 1956 3508 ἥδε-

279 3550 398 3598 ται,
427 3530 568 3585 οὕτω
601 3530 695 3584 καὶ
724 3527 862 3599 αὑτὴ
890 3527 996 3581 ὑπὸ
1037 3526 1139 3597 τῆς
1186 3528 1365 3597 κακῆς
1394 3524 1678 3596 συνηθείας
1705 3541 1955 3594 καταχω-

286 3619 498 3683 σθεῖσα,
529 3617 653 3671 οὐδὲ
681 3616 935 3688 αἴσθησιν
973 3613 1239 3685 λαμϐάνει
1273 3613 1374 3684 τῆς
1399 3610 1508 3665 τῶν
1543 3611 1957 3683 ἁμαρτημάτων

281 3705 575 3769 δυσωδίας.
607 3704 698 3757 Διὸ
726 3704 833 3774 χρὴ
858 3704 1049 3775 νήφειν
1089 3702 1183 3755 καὶ
1210 3699 1590 3771 ἐγρηγορέναι,
1622 3698 1761 3752 ὥστε
1795 3698 1957 3769 μηδε-

287 3794 423 3866 μίαν
451 3791 529 3864 τῶ
559 3791 779 3864 πονηρῷ
816 3790 1031 3862 δαίμονι
1056 3788 1207 3859 παρὰ
1232 3788 1330 3859 τὴν
1358 3786 1530 3859 ἀρχὴν
1550 3786 1752 3841 είσοδον
1775 3803 1957 3856 παρα-

285 3884 462 3953 σχεῖν,
501 3880 586 3934 ῐνα
616 3880 691 3950 μὴ
728 3876 1008 3940 σκοτώσας
1035 3874 1194 3946 ήμῶν
1223 3875 1314 3929 τὸν
1340 3875 1617 3945 λογισμὸν,
1645 3875 1741 3928 καὶ
1784 3874 1844 3927 τδ
1876 3873 1957 3927 διο

282 3967 538 4040 ορατικδν
558 3966 661 4037 τῆς
683 3964 920 4028 διανοίας
939 3962 1351 4032 ἀποτυφλώσας,
1379 3963 1796 4034 παρασκευάσῃ,
1821 3962 1957 4016 καθα

282 4059 432 4128 άπερ
462 4053 937 4133 ἀπεστερημένους
969 4051 1065 4105 τοῦ
1102 4050 1324 4123 ἡλιακοῦ
1356 4050 1547 4103 τούτου
1588 4050 1785 4119 φωτὸς,
1820 4051 1957 4122 πρὸς

280 4146 388 4209 τὰς
414 4145 638 4206 ἀκτῖνας
662 4141 759 4196 τοῦ
778 4140 878 4211 τῆς
905 4139 1251 4210 δικαιοσύνης
1278 4138 1431 4209 ἡλίου
1453 4140 1586 4208 ὁρᾷν
1608 4137 1681 4209 μὴ
1722 4138 1956 4209 δυναμέ-

280 4248 432 4296 νους,
473 4228 616 4284 κατὰ
640 4226 902 4300 κρημνῶν
931 4226 1213 4298 φέρεσθαι,
1249 4226 1385 4296 ὅπερ
1415 4225 1509 4278 καὶ
1532 4219 1677 4279 οὗτοι
1708 4225 1828 4277 τότε
1856 4241 1954 4277 πε-

283 4318 566 4372 πόνθασιν.
609 4316 807 4369 ’Δκουε
840 4314 948 4385 γὰρ
979 4312 1141 4367 πάλιν
1184 4313 1279 4382 τῆς
1320 4310 1416 4364 τοῦ
1459 4310 1593 4363 Θεοῦ
1624 4309 1958 4381 ἀγαθότητος

282 4406 389 4474 τὴν
416 4400 789 4468 ἀνεξικακίαν.
832 4400 1001 4455 Ἰδὼν
1034 4398 1143 4474 δὲ,⁵
1166 4399 1318 4469 φησὶ,
1354 4398 1571 4465 Κύριος
1612 4400 1645 4450 ό
1681 4397 1824 4462 Θεὸς
1867 4395 1957 4448 ὅτι

280 4469 759 4555 ἐπληθύνθησαν
781 4488 839 4539 αί
861 4485 1059 4539 κακίαι
1086 4469 1205 4537 τῶν
1222 4483 1547 4550 ἀνθρώπων
1569 4482 1665 4534 ἐπὶ
1687 4480 1797 4549 τῆς
1818 4479 1951 4550 γῆς.

282 4574 353 4627 Τί
384 4573 631 4645 βούλεται
672 4573 732 4626 τὸ
759 4571 1065 4643 εἰρημένον,
1106 4569 1264 4624 Ἰδὼν
1287 4568 1388 4632 δός
1418 4569 1530 4623 Ούκ
1554 4568 1739 4638 ἐπειδὴ
1772 4568 1955 4638 ἠγνόει

277 4663 315 4715 ὁ
343 4662 619 4731 Δεσπότης
646 4677 661 4692 ·
696 4660 772 4732 μὴ
805 4660 1014 4728 γένοιτο
1037 4675 1051 4689 '
1081 4657 1219 4713 ἀλλά
1259 4658 1396 4729 πρὸς
1422 4656 1519 4727 τὴν
1555 4656 1834 4710 ἀσθένειαν
1859 4655 1955 4725 τὴν

279 4749 564 4822 ἡμετέραν
591 4748 807 4802 ἅπαντα
829 4748 1095 4819 διηγεῖται
1117 4748 1153 4818 ἡ
1177 4745 1298 4800 θεία
1324 4745 1516 4816 Γραφή
1544 4761 1557 4776 ·
1592 4744 1679 4797 ἵνα
1704 4744 1850 4815 ἡμᾶς
1878 4744 1957 4796 δι-

278 4838 444 4908 δάξῃ,
477 4838 559 4890 δτι
591 4836 684 4890 καὶ
737 4834 877 4907 μετά
911 4834 1008 4906 τὴν
1052 4832 1321 4905 τοσαύτην
1362 4832 1527 4886 αὑτοῦ
1576 4830 1957 4903 μακροθυμίαν

276 4927 400 4987 τοῖς
419 4925 600 4988 αὐτοῖς
621 4924 905 4995 ἐπέμενον,
931 4922 964 4994 ἢ
1001 4924 1091 4975 καὶ
1139 4922 1345 4992 χείροσι
1390 4919 1710 4991 περιέϐαλον
1736 4920 1957 4982 ἑαυτοὺς

279 5013 500 5076 κακοῖς,
533 5011 698 5082 φησίν
722 5027 736 5041 ⁸
784 5008 943 5065 Ἰδὼν
966 5008 1032 5061 δὲ
1055 5009 1144 5062 ὅτι
1171 5008 1643 5075 ἐπληθύνθησαν
1674 5009 1733 5060 αί
1759 5006 1957 5059 κακίαι

279 5097 410 5154 τῶν
436 5098 759 5166 ἀνθρώπων
805 5098 903 5151 ἐπὶ
954 5096 1066 5165 τῆς
1096 5097 1226 5166 γῆς.
1274 5097 1367 5149 Ἐκ
1412 5093 1521 5165 γὰρ
1563 5096 1662 5165 τῆς
1716 5095 1958 5165 πονηρᾶς

282 5185 491 5257 ταύτης
515 5187 785 5259 πράξεως,
816 5185 1069 5255 καθάπερ
1091 5185 1197 5237 ἀπὸ
1228 5184 1410 5253 πηγῆς
1453 5198 1616 5245 τινος,
1657 5182 1751 5234 καὶ
1792 5182 1958 5252 ἕτερα

283 5271 462 5326 πολλὰ
491 5273 673 5336 αὐτοῖς
718 5272 960 5326 ἐτίκτετο
1006 5272 1375 5344 ἁμαρτήματα
1399 5288 1413 5301 σ
1454 5269 1541 5322 διὰ
1572 5268 1730 5322 τοῦτὸ
1773 5287 1955 5339 φησιν,

276 5361 350 5414 Al
398 5361 597 5415 κακίαι
646 5361 769 5414 τῶν
811 5359 1155 5427 ἀνθρώπων.
1188 5360 1364 5413 Ὅπου
1410 5359 1520 5429 γὰρ
1579 5357 1825 5429 πορνεία,
1861 5359 1959 5412 καὶ

282 5443 566 5513 ἀσέλγεια,
596 5447 690 5500 καὶ
734 5446 972 5516 τοσαύτη
1021 5445 1305 5505 ἀκολασία,
1349 5447 1493 5508 εἰκὸς
1526 5444 1621 5498 καὶ
1644 5443 1835 5513 μέθην,
1868 5445 1960 5497 καὶ

282 5532 595 5602 παροινίαν,
626 5535 723 5587 καὶ
747 5532 950 5604 πολλὴν
993 5533 1227 5595 ἀδικίαν,
1278 5534 1370 5586 καὶ
1419 5533 1727 5596 πλεονεξίαν
1756 5536 1850 5584 καὶ
1893 5532 1959 5584 τὰ

284 5617 464 5689 μυρία
492 5620 772 5675 τίκτεσθαι
796 5620 964 5675 κακά.
1012 5619 1170 5675 Ἰδὼν
1201 5619 1289 5683 δὲ,
1313 5620 1466 5689 φησὶ,
1500 5620 1712 5686 Κύριος
1733 5621 1765 5670 ὀ
1792 5618 1955 5679 Θεές,

281 5704 382 5759 ὅτι
416 5704 890 5775 ἐπληθύνθησαν
917 5710 976 5762 al
1001 5708 1201 5762 κακίαι
1230 5704 1349 5760 τῶν
1368 5706 1695 5776 ἀνθρώπων
1716 5702 1815 5756 ἐπὶ
1848 5701 1960 5769 τῆς

277 5790 426 5865 τῆς,
458 5794 555 5847 καί
584 5792 703 5859 πᾶς
732 5811 819 5860 τις
841 5794 1158 5848 διανοεῖται
1182 5795 1253 5847 ἐν
1279 5792 1353 5861 τῇ
1388 5791 1603 5861 καρδίᾳ
1632 5789 1821 5847 αὑτοῦ
1839 5793 1964 5844 ἐπει

275 5878 484 5952 μελῶς
515 5880 613 5933 ἐπί
643 5882 714 5935 τὰ
738 5882 971 5948 πονηρὰ
999 5881 1201 5947 πάσας
1235 5882 1337 5946 τὰς
1362 5880 1602 5949 ἡμέρας,

344 5960 372 5995 ⁸
392 5963 453 6023 In
470 5965 591 6017 Isaia
614 5966 795 6032 legitur
825 5971 1088 6033 πληρῶσαι.

1322 456 1392 513 IN
1424 457 1582 514 CAP.
1609 456 1653 513 V
1690 452 1783 512 ET
1814 453 1884 513 VI
1912 451 2161 510 GENES.
2203 451 2438 510 HOMIL.
2480 453 2644 512 XXII.

3606 450 3719 508 ωε

2112 567 2172 616 ε’.
2199 561 2343 633 ’Ὅρα
2364 561 2483 626 πῶς
2510 561 2742 614 ἕκαστον
2757 558 2865 613 τῶν
2881 558 3185 632 εἰρημένων
3208 561 3453 633 δείκνυσι
3466 563 3528 616 τδ
3556 563 3708 639 [200]

2041 648 2269 718 μέγεθος
2288 646 2397 700 τῶν
2418 646 2847 718 ἡμαρτημένων.
2866 647 3085 718 Ἐπειδὴ
3105 649 3177 716 γά
3185 666 3216 718 ρ
3241 644 3362 701 εἷπε
3384 650 3708 716 καθολικῶς,

2040 734 2122 787 ὅτι
2163 735 2663 801 Ἑπληθύνθησαν
2682 735 2743 787 αί
2770 734 2972 787 κακίαι
2999 732 3118 787 τῶν
3139 735 3464 802 ἀνθρώπων
3481 737 3578 791 ἐπὶ
3600 737 3711 808 τῆς

2039 822 2171 891 γῆς,
2202 823 2472 894 ἐπήγαγε,
2506 821 2615 877 Καὶ
2645 820 2765 890 πᾶς
2796 839 2886 888 τις
2926 822 2973 875 ιε.
3005 821 3223 894 Μεγάλη
3257 824 3351 878 τοῦ
3405 827 3647 898 ῥήματος
3675 830 3709 898 η

2040 908 2297 980 ἔμφασις.
2331 910 2442 979 Οὐχ
2492 911 2521 963 6
2553 910 2692 973 νέος.
2730 911 2915 980 φησὶν,
2943 909 3081 964 ἀλλά
3109 912 3206 965 καὶ
3246 913 3275 965 6
3304 914 3613 984 πρεσϐύτης
3641 916 3712 969 τά

2041 997 2180 1050 αὑτά
2214 997 2294 1067 τῷ
2319 998 2423 1066 νέῳ
2452 996 2871 1069 διαπράττεταιο
2902 997 3023 1051 ούδέ
3052 997 3195 1068 ἀνὴρ
3230 998 3390 1068 μόνον
3408 1039 3423 1059 ,
3449 1000 3584 1054 ἀλλά
3616 1005 3713 1056 καὶ

2041 1085 2178 1155 γυνή
2200 1101 2213 1114 ο
2248 1085 2308 1137 οὺ
2339 1083 2543 1148 δοῦλος,
2567 1083 2821 1138 ἀλλὰκαὶ
2847 1083 3131 1157 ἐλεύθερος
3152 1101 3166 1116 ·
3194 1086 3255 1140 οὐ
3286 1085 3559 1151 πλούσιος,
3578 1088 3714 1142 ἀλλὰ

2043 1169 2135 1221 καὶ
2161 1169 2347 1241 πένης.
2376 1170 2487 1223 Καὶ
2506 1169 2587 1236 τὸ,
2617 1169 2963 1234 Διανοεῒται,
2989 1170 3189 1243 πολλὴν
3211 1171 3325 1242 ἔχει
3348 1172 3447 1242 τὴν
3461 1172 3711 1244 δύναμιν.

2043 1256 2120 1312 Οὐ
2160 1258 2268 1329 γὰρ
2301 1259 2366 1311 ἐκ
2401 1258 2753 1329 συναρπαγῆς
2798 1258 2957 1312 τοῦτο
2988 1259 3372 1329 ὑπομένουσιν,
3407 1260 3523 1314 ἀλλ’
3550 1262 3608 1314 ἐν
3645 1264 3711 1334 τῇ

2042 1344 2242 1417 καρδίᾳ
2266 1344 2654 1415 διανοούμενοι,
2675 1347 2767 1400 καὶ
2794 1346 2966 1399 ταῦτα
2996 1347 3118 1400 καθ’
3152 1348 3391 1418 ἐκάστην
3419 1347 3567 1421 ῶραν
3589 1348 3716 1419 βου-

2042 1432 2345 1505 λευόμενοι,
2377 1432 2473 1488 καὶ
2505 1435 2563 1488 ἐν
2593 1433 2799 1498 τούτοις
2818 1435 2917 1505 τὴν
2950 1434 3183 1506 σπουδὴν
3208 1433 3443 1506 ἔχοντες,
3478 1436 3571 1490 καὶ
3593 1436 3715 1490 ούδέ

2043 1521 2233 1585 ἁπλῶς
2278 1522 2373 1575 καὶ
2405 1520 2480 1585 ὡς
2519 1521 2709 1592 ἔτυχεν
2743 1519 2892 1586 ἅπαξ
2924 1521 2957 1592 ἢ
3008 1520 3259 1593 δεύτερον
3297 1523 3717 1578 ὑποσκελισθένι

2043 1627 2134 1672 τες
2168 1610 2273 1664 ὑπὸ
2289 1610 2392 1680 τῆς
2417 1609 2713 1681 ἁμαρτίας,
2746 1609 2992 1663 ἵστανται
3020 1610 3119 1680 τῆς
3136 1610 3356 1675 κακίας,
3387 1610 3501 1663 ἀλλ’
3524 1612 3718 1683 ἐπιμε-

2044 1693 2152 1756 λῶς
2183 1693 2386 1764 ταύτην
2420 1695 2791 1764 μετέρχονται,
2824 1694 2916 1747 καί⁵
2942 1693 3011 1748 τὰ
3037 1693 3251 1765 πονηρά
3273 1693 3715 1766 διαπράττονται·

2045 1781 2190 1835 τοῦτ’
2214 1781 2329 1834 ἐστι
2372 1780 2512 1852 μετὰ
2547 1780 2748 1852 πολλῆς
2799 1781 2899 1851 τῆς
2929 1780 3186 1852 σπουδῆς,
3212 1780 3363 1837 οὐδὲν
3399 1782 3717 1855 παρέργως,

2044 1869 2195 1923 οὐδὲν
2224 1868 2587 1940 ἠμελημένως
2617 1867 2709 1921 ὑπ’
2744 1867 2924 1921 αὐτῶν
2949 1867 3179 1937 γίνεται,
3210 1868 3330 1922 ούδέ
3350 1869 3488 1941 πρὸς
3512 1868 3718 1941 βραχὺν

2046 1954 2259 2027 χρόνον,
2284 1953 2420 2008 ἀλλά
2448 1954 2625 2016 πάσας
2653 1953 2749 2017 τὰς
2777 1954 3011 2025 ἡμέρας,
3044 1956 3225 2008 πᾶσαν
3243 1953 3423 2008 αὐτῶν
3444 1955 3544 2026 τὴν
3572 1955 3721 2025 ζωὴν

2047 2043 2129 2105 εἰς
2166 2042 2324 2094 τοῦτο
2371 2040 2876 2095 καταναλίσκουσιν.
2927 2037 3081 2105 Εἶδες
3112 2042 3379 2113 πονηρίας
3425 2042 3716 2107 ἐπίτασιν;

2048 2124 2183 2193 εἶδες
2240 2127 2358 2192 πῶς
2403 2128 2634 2198 μελέτην
2683 2128 2746 2181 τὸ
2799 2129 3030 2199 πρᾶγμα
3085 2128 3383 2193 ἐποιοῦντο,
3445 2127 3720 2200 ἐπιμελῶς
3766 2126 3772 2131 ’

2049 2217 2265 2270 ἅπαντα
2305 2214 2376 2269 τὰ
2405 2216 2617 2287 πονηρά
2661 2214 3135 2286 διαπραττόμενοι,
3195 2217 3287 2270 καὶ
3337 2218 3488 2271 πᾶσα
3530 2217 3720 2289 ἡλικία

2050 2304 2187 2375 πρὸς
2219 2298 2317 2375 τὴν
2372 2303 2473 2374 τῆς
2520 2305 2720 2369 κακίας
2775 2304 3039 2375 ἐργασίαν
3077 2305 3398 2375 ηὐτομόλει;
3453 2304 3580 2373 Πᾶς
3606 2324 3717 2375 τις,

2050 2391 2246 2462 φησιν’
2276 2390 2455 2461 οὐδὲὴ
2488 2389 2666 2461 ἄωρος
2701 2389 2908 2459 ἡλικία,
2943 2391 3066 2445 οὐδὲ
3100 2393 3133 2462 ή
3167 2393 3533 2464 ἀπειρόκακος
3561 2394 3722 2466 ἀμοιο

2052 2496 2146 2550 ρος
2175 2474 2267 2550 ἦν,
2296 2478 2413 2532 ἀλλ’
2440 2478 2645 2542 εὐθέως
2676 2479 2772 2533 καὶ
2805 2480 2870 2531 ἐκ
2902 2480 3205 2551 προοιμίων
3241 2482 3340 2553 τὴν
3381 2482 3558 2554 κακὴν
3585 2482 3720 2538 ταύ-

2050 2584 2151 2637 την
2205 2565 2439 2636 ἅμιλλαν
2488 2567 2689 2630 πάντες
2734 2565 3039 2630 ἐποιοῦντο,
3098 2567 3325 2633 ἕκαστος
3354 2569 3448 2623 τὸν
3495 2570 3722 2639 πλησίον

2052 2653 2484 2731 ὑπερϐάλλεσθαι
2516 2654 2835 2724 φιλονεικῶν
2857 2655 2918 2708 ἐν
2946 2658 3013 2727 τῇ
3045 2655 3155 2710 τῶν
3201 2657 3454 2726 πράξεων
3479 2675 3721 2730 παρανο-

2056 2740 2176 2813 μίᾳ.
2212 2741 2415 2794 Ἐννόει
2443 2741 2553 2813 γάρ
2601 2758 2694 2812 μοι
2726 2741 2964 2797 ἐνταῦθα
2988 2742 3088 2814 τὴν
3138 2742 3583 2815 ὑπερϐάλλουσαν
3624 2744 3722 2799 τοῦ

2051 2826 2261 2881 δικαίου
2287 2827 2502 2897 σοφίαν,
2530 2829 2613 2882 ὅτι
2634 2830 2691 2881 ἐν
2721 2828 2960 2897 τοσαύτῃ
2985 2829 3172 2885 κακῶν
3216 2830 3507 2902 συμφωνίᾳ
3534 2830 3722 2903 ἴσχυσε

2051 2914 2150 2986 τὴν
2180 2914 2358 2987 λύμην
2389 2914 2690 2984 διαφυγεῖν,
2714 2915 2810 2969 καὶ
2853 2916 3122 2987 μηδεμίαν
3166 2917 3416 2972 ἐντεῦθεν
3466 2916 3722 2982 δέξασθαι

2055 3002 2279 3072 βλάϐην,
2316 3001 2453 3056 ἀλλά
2478 3001 2728 3073 καθάπερ
2767 3001 2827 3069 ἐξ
2874 3003 3066 3074 ἐτέρας
3104 3004 3318 3074 φύσεως
3349 3006 3725 3076 συγκείμενος,

2052 3089 2225 3154 οὕτως
2266 3091 2575 3163 ἐρρωμένον
2622 3091 2876 3162 φρόνημα
2909 3091 3214 3156 ἀναλαϐὼν,
3244 3093 3339 3146 καὶ
3388 3092 3597 3146 οἴκοθεν
3630 3093 3724 3148 ἐπὶ

2052 3177 2151 3251 τὴν
2180 3179 2281 3250 τῆς
2312 3180 2514 3252 ἀρετῆς
2545 3178 2883 3251 κατόρθωσιν
2936 3179 3199 3245 σπεύσας,
3260 3181 3354 3234 καὶ
3393 3179 3492 3251 τὴν
3549 3180 3723 3252 κακὴν

2054 3266 2231 3319 αὐτῶν
2253 3266 2572 3336 συμφωνίαν
2607 3266 2851 3335 διέφυγε,
2896 3265 2991 3319 καὶ
3048 3265 3149 3336 τῆς
3192 3266 3331 3321 κατὰ
3381 3267 3598 3321 πάντων
3639 3269 3724 3320 ἐνο

2057 3354 2311 3425 εχθείσης
2350 3353 2731 3424 πανωλεθρίας
2772 3354 2931 3417 ἐκτὸς
2975 3354 3187 3422 γέγονε.
3218 3354 3331 3408 Καί
3361 3355 3721 3425 ἐνεθυμήθη,

2055 3443 2210 3513 φησὶ,
2238 3443 2453 3512 Κύριος
2483 3445 2516 3497 ό
2543 3442 2707 3508 Θεὸς,
2740 3443 2829 3495 ὅτι
2868 3441 3120 3510 ἐποίησε
3140 3442 3248 3497 τὸν
3286 3443 3600 3511 ἄνθρωπον
3622 3445 3723 3499 ἐπὶ

2054 3530 2166 3599 τῆς
2191 3530 2323 3602 γῆς.
2356 3532 2497 3600 Ὅρα
2526 3530 2690 3584 πάλιν
2723 3529 2920 3594 λέξεως
2948 3529 3232 3601 παχύτητα
3258 3532 3351 3584 καὶ
3376 3531 3726 3600 συγκατάϐα-

2055 3633 2157 3670 σιν.
2211 3615 2601 3685 Ἐνεθυμήθη,
2648 3615 2834 3686 φησὶν,
2876 3616 2996 3670 ἀντὶ
3027 3616 3145 3681 τοῦ,
3179 3617 3571 3689 Μετεμελήθη*
3622 3619 3725 3671 οὐκ

2054 3701 2242 3775 ἐπειδὴ
2271 3703 2654 3774 μεταμελεῖται
2680 3702 2843 3766 Θεόςο
2880 3704 2955 3773 μὴ
2996 3704 3235 3772 γένοιτοο
3289 3703 3425 3758 ἀλλά
3453 3703 3594 3757 κατά
3627 3704 3727 3777 τὴν

2057 3790 2343 3862 συνήθειαν
2362 3791 2458 3861 τὴν
2486 3789 2832 3861 ἀνθρωπίνην
2849 3792 2980 3861 ἡμῖν
3000 3790 3306 3860 διαλέγεται
3323 3794 3356 3862 ἡ
3375 3791 3492 3844 θεία
3512 3792 3725 3863 Γραφη,

2056 3878 2142 3931 ἵνα
2168 3877 2354 3949 διδάξῃ
2374 3878 2542 3949 ἡμᾶς,
2574 3878 2657 3931 ὅτι
2687 3878 2720 3948 ὴ
2752 3877 3024 3949 ὑπερϐολὴ
3054 3878 3163 3931 τῶν
3187 3879 3598 3951 ἡμαρτημένων
3626 3882 3726 3934 αύ-

2054 3970 2164 4030 τοῖς
2193 3968 2272 4028 είς
2317 3965 2585 4034 τοσαύτην
2631 3965 3001 4036 ἀγανάκτησιν
3050 3966 3143 4018 τὸν
3170 3966 3549 4038 φιλάνθρωπον
3593 3968 3726 4024 Θεὸν

2054 4054 2250 4124 ἤγαγε.
2300 4050 2412 4105 Καὶ
2462 4049 2818 4118 ἐνεθυμήθη,
2877 4049 3034 4119 φησὶ,
3076 4051 3293 4118 Κύριος
3342 4054 3377 4105 ό
3428 4054 3593 4119 Θεὸς.
3632 4053 3725 4110 ὅτι

2054 4141 2303 4207 ἐποίησε
2324 4139 2432 4192 τὸν
2458 4138 2772 4206 ἄνθρωπον
2788 4137 2887 4190 ἐπί
2911 4137 3021 4206 τῆς
3041 4137 3173 4208 γῆς.
3196 4139 3288 4211 Μὴ
3308 4140 3417 4211 γὰρ
3438 4140 3527 4195 διὰ
3544 4141 3723 4207 τούτο,

2056 4228 2209 4295 φησι,
2244 4225 2406 4280 αὐτὸν
2433 4226 2779 4297 παρήγαγον,
2828 4224 2916 4277 ἵνα
2942 4226 3022 4288 είς
3050 4225 3305 4280 τοσοῦτον
3344 4226 3558 4281 ὄλισθον
3588 4245 3728 4285 κατ-

2055 4314 2292 4385 ενεχθεὶς
2318 4311 2589 4375 ἀπωλείας
2620 4311 2797 4383 ἐαυτῷ
2821 4312 2993 4374 αἴτιος
3014 4316 3256 4386 καταστῇ
3284 4330 3298 4379 ;
3347 4314 3446 4368 Διά
3474 4315 3634 4368 τοῦτο
3666 4315 3729 4381 ἐξ

2055 4404 2229 4474 ἀρχῆς
2272 4401 2368 4455 καὶ
2406 4404 2472 4455 ἐκ
2502 4401 2806 4471 προοιμίων
2854 4401 3125 4471 τοσαύτης
3168 4401 3377 4473 ἠξίωσα
3434 4404 3598 4457 αὐτὸν
3627 4405 3727 4475 τῆς

2054 4492 2239 4561 τιμῆς,
2274 4489 2369 4544 καὶ
2400 4489 2668 4560 τοσαύτην
2714 4488 2843 4559 περὶ
2872 4488 3035 4543 αὐτὸν
3064 4490 3427 4560 ἐπεδειξάμην
3466 4491 3567 4562 τὴν
3595 4492 3730 4563 πρό-

2057 4594 2226 4643 νοιαν,
2264 4578 2349 4631 ἵνα
2375 4577 2474 4647 τὴν
2502 4576 2704 4649 ἀρετὴν
2737 4577 2989 4641 ἐλόμενος
3014 4577 3171 4639 ἐκτὸς
3198 4577 3296 4645 τῆς
3318 4576 3592 4639 ἀπωλείας
3628 4577 3727 4644 γέ-

2056 4683 2234 4736 νηται.
2270 4666 2488 4735 Ἐπειδὴ
2521 4666 2579 4721 δὲ
2599 4666 2699 4720 οὐκ
2719 4668 2799 4729 είς
2820 4665 2941 4718 δέον
2956 4667 3225 4736 ἐχρήσατο
3251 4668 3319 4736 τῇ
3347 4666 3729 4737 φιλανθρωπίᾳ

2054 4756 2122 4825 τῇ
2153 4755 2283 4825 ἐμῇ,
2321 4754 2528 4822 βέλτιον
2560 4752 2745 4806 λοιπὸν
2773 4752 3076 4821 ἐκκοπῆναι
3104 4752 3267 4804 αὑτοῦ
3289 4752 3385 4823 τὴν
3402 4754 3578 4824 κακὴν
3605 4755 3727 4806 ἐπι-

2056 4841 2325 4914 χείρησιν.
2387 4840 2499 4896 Καί
2535 4838 2837 4907 διενοήθη,
2872 4839 2969 4893 καί
3008 4834 3138 4894 εἷπε
3187 4841 3404 4906 Κύριος
3452 4843 3486 4893 ὀ
3542 4841 3724 4906 Θεόςο

2071 4931 2400 4998 Ἁπαλείψω
2426 4928 2532 4983 τὸν
2555 4927 2869 4994 ἄνθρωπον
2896 4925 2967 4979 ὃν
2979 4926 3238 4993 ἐποίησα
3260 4926 3377 4979 ἀπὸ
3402 4926 3729 4994 προσώπου

2058 5018 2168 5087 τῆς
2192 5016 2319 5088 γῆς,
2347 5015 2465 5071 ἀπὸ
2489 5014 2805 5082 ἀνθρώπου
2824 5012 2935 5078 ἕως
2969 5012 3252 5078 κτήνους,
3283 5013 3379 5066 καί
3406 5013 3523 5066 ἀπὸ
3551 5014 3726 5081 ἑρπε-

2057 5106 2178 5160 τῶν
2203 5106 2314 5169 ἕως
2336 5100 2625 5159 πετεινῶν
2645 5100 2749 5155 τοῦ
2766 5101 3051 5169 οὐρανοῦ,
3081 5099 3171 5154 ὅτι
3197 5099 3593 5168 ἐνεθυμήθην,
3637 5101 3729 5155 ὅτι

2056 5195 2314 5262 ἐποίησα
2341 5192 2582 5255 αὐτούς.
2608 5189 2691 5242 Ta
2714 5190 2847 5258 παρ’
2877 5187 3027 5259 [20!]
3053 5185 3291 5258 ἐμαυτοῦ
3321 5188 3518 5252 πάντα,
3538 5189 3725 5259 φησιν,

2058 5282 2440 5351 ἐπεδειξάμην.
2483 5278 2615 5331 Ἀπὸ
2641 5276 2734 5330 τοῦ
2783 5277 2857 5346 μὴ
2895 5275 3047 5339 ὄντος
3091 5276 3171 5337 είς
3202 5274 3265 5327 τὸ
3298 5269 3439 5329 εἶναι
3480 5278 3731 5347 παρήγα-

2059 5388 2181 5439 γον,
2208 5368 2304 5438 τὴν
2333 5367 2534 5435 γνῶσιν
2581 5364 2690 5417 τῶν
2726 5364 3023 5433 πρακτέων,
3046 5363 3138 5415 καὶ
3166 5360 3278 5417 τῶν
3312 5363 3386 5433 μὴ
3438 5362 3729 5433 πρακτέων

2062 5459 2294 5527 ἐνέθηκα
2318 5457 2384 5526 τῇ
2424 5454 2604 5523 φύσει,
2631 5453 2692 5505 τὸ
2735 5450 3079 5515 αὐτεξούσιον
3119 5450 3504 5522 ἐδωρησάμην,
3533 5451 3731 5522 ἀφάτῳ

2059 5549 2126 5617 τῇ
2161 5541 2511 5614 μακροθυμίᾳ
2537 5539 2877 5611 ἐχρησάμην,
2913 5539 3006 5595 καὶ
3038 5537 3178 5609 μετά
3206 5540 3298 5591 τὸν
3349 5538 3517 5592 πολὺν
3541 5540 3731 5609 χρόνον

2060 5634 2287 5695 ἐκεῖνον,
2344 5628 2438 5681 καὶ
2491 5625 2589 5697 τὴν
2643 5625 3055 5697 ἀγανάκτησιν,
3100 5624 3194 5677 καὶ
3228 5624 3326 5696 τὴν
3371 5623 3622 5694 ἀπειλὴν,
3662 5624 3730 5695 ἢν

2060 5716 2234 5780 εἷπον,
2255 5718 2349 5769 καὶ
2364 5714 2555 5785 ἑτέραν
2591 5711 2928 5786 προθεσμίαν
2945 5712 3141 5784 ὥρισα,
3180 5711 3503 5784 βουλόμενος
3533 5710 3738 5777 αὐτοὺς,

2121 5961 2151 6011 ι)
2178 5961 2397 6023 Quatuor
2439 5974 2549 6010 mss.
2588 5966 2677 6016 πᾶς
2721 5961 2877 6015 ὅστις.
