4110 6428
411 447 515 502 895

404 568 529 633 qiiia
547 565 718 620 etiam
740 565 816 619 sic
841 562 972 619 nihil
1003 562 1294 628 lucrifacio,
1326 576 1424 618 nec
1451 560 1690 632 proficio,
1733 559 1876 630 cogit
1900 573 1996 613 ne-

329 641 338 646 ’
403 659 630 710 cessitas
660 667 716 709 ut
743 655 915 709 minas
943 669 1107 724 opere
1129 654 1448 724 conipleam,
1475 663 1529 708 et
1552 652 1802 706 omnibus
1822 649 1995 705 modis

405 745 576 802 deleri
602 745 722 801 illos
744 762 952 811 curem,
985 761 1046 801 ac
1070 747 1208 800 sicut
1247 746 1444 800 malum
1471 745 1738 816 quoddam
1765 743 1996 798 fermen-

405 857 520 901 tum
560 841 802 896 aboleain
854 849 1023 895 totum
1073 840 1281 895 illorum
1325 853 1514 908 genus,
1552 847 1708 893 utne
1739 838 1998 906 posterio-

406 937 555 990 ribus
583 931 1016 1004 generationibus
1044 932 1295 1000 peccandi
1322 931 1569 986 doctores
1597 929 1743 983 ﬁant.
1774 927 1840 981 E.‘
1867 928 1996 982 dixit

409 1029 660 1083 Dominus
705 1027 841 1080 Deus
875 1042 894 1080 :
927 1025 1115 1080 Delebo
1157 1025 1410 1078 hominem
1452 1039 1600 1094 quem
1649 1023 1749 1094 feci
1801 1039 1832 1074 a
1867 1021 1997 1088 facie

405 1130 577 1186 teme,
625 1115 686 1172 ab
733 1119 936 1172 homine
977 1133 1134 1187 usque
1178 1118 1246 1171 ad
1288 1130 1459 1186 pecus.
1490 1114 1608 1190 Jam
1636 1113 1776 1169 forte
1800 1112 1996 1168 dixerit

403 1213 598 1283 aliquis
623 1231 636 1266 :
663 1213 836 1281 Quare
859 1226 980 1266 cum
1004 1210 1163 1266 hoino
1194 1212 1244 1264 in
1274 1211 1468 1265 malum
1499 1211 1802 1279 declinavit,
1833 1212 1995 1267 etiam

403 1303 565 1360 bruta
604 1303 844 1358 eamdem
891 1318 1104 1375 pceiiain
1135 1304 1438 1359 sustinent?
1465 1303 1655 1358 Merito
1683 1318 1832 1359 sane.
1857 1303 1994 1358 Num

406 1407 626 1466 propter
670 1412 824 1452 suum
871 1399 1106 1466 ipsorum
1151 1413 1302 1452 usum
1349 1396 1604 1467 producta
1655 1403 1782 1451 sunt
1811 1395 1996 1452 bruta?

405 1486 632 1557 Propter
657 1488 925 1543 hominem
945 1488 1079 1543 facta
1108 1498 1230 1542 sunt
1248 1488 1363 1559 (a).
1381 1489 1510 1543 Cum
1537 1487 1622 1541 hic
1649 1487 1806 1554 igitur
1828 1502 1860 1541 e
1885 1503 1999 1542 tne—

402 1580 500 1635 dio
545 1582 837 1650 auferatur,
885 1583 1005 1653 quis
1052 1584 1262 1637 illorum
1304 1597 1432 1637 usus
1473 1583 1652 1638 esset?
1701 1582 1903 1637 Idcirco
1943 1593 1998 1636 et

405 1673 565 1728 istam
617 1689 829 1743 poenam
882 1690 1221 1731 communem
1271 1675 1467 1739 lerunt,
1517 1687 1572 1730 ut
1621 1676 1997 1746 indignationis

403 1766 716 1836 gravitatem
758 1767 1064 1824 addiscatis.
1099 1768 1166 1823 Et
1193 1767 1423 1823 sicutab
1457 1768 1610 1824 initio
1633 1784 1756 1823 cum
1795 1769 1997 1838 primus

406 1859 569 1915 homo
594 1869 890 1931 peccasset,
922 1871 1060 1916 terra
1093 1861 1522 1917 maledictiouem
1551 1862 1758 1932 accepit
1790 1879 1804 1917 :
1836 1861 1915 1917 sic
1943 1869 1998 1916 et

403 1967 547 2007 nunc
571 1966 692 2007 cum
737 1952 1033 2008 abolendus
1062 1963 1205 2008 esset
1234 1952 1414 2014 homo,
1460 1953 1612 2007 bru'a
1640 1967 1853 2023 quoque
1880 1951 1992 2007 cla-

399 2045 489 2100 dis
513 2047 654 2102 socia
688 2047 837 2101 fiunt.
867 2045 1325 2114 Quemadmodum
1351 2047 1495 2101 enim
1532 2061 1654 2101 cum
1683 2045 1844 2100 homo
1869 2059 1994 2114 gra-

403 2147 492 2192 tus
520 2136 578 2191 iit
607 2137 746 2203 Deo,
769 2147 1013 2193 creatura
1060 2153 1270 2208 quoque
1308 2137 1554 2192 humanae
1583 2136 1850 2192 felicitatis
1875 2151 1998 2206 par-

403 2229 574 2298 ticeps
613 2237 716 2293 est,
767 2229 906 2283 sicut
947 2229 1133 2286 beatus
1162 2230 1356 2285 Paulus
1402 2231 1609 2300 inquit:
1646 2229 1780 2296 Quia
1811 2242 1856 2282 ei
1883 2232 1996 2297 ipsa

399 2331 636 2375 creatura
663 2321 954 2375 liberabitur
993 2338 1028 2376 a
1057 2323 1291 2376 servitute
1327 2323 1662 2392 corruptionis
1703 2323 1756 2374 in
1785 2321 1993 2376 liberta-

401 2421 506 2466 tem
547 2413 772 2481 ﬁliorum
815 2413 996 2482 gloria:
1035 2412 1134 2468 Dei
1179 2414 1352 2484 (Rom.
1380 2414 1435 2470 8.
1465 2413 1593 2484 2i):
1622 2414 1700 2470 sic
1748 2423 1804 2469 et
1855 2427 1996 2467 nunc

396 2517 525 2556 cum
553 2502 714 2562 homo
737 2501 808 2559 ob
832 2503 1221 2558 multitudinem
1241 2512 1578 2574 peccatorum
1602 2503 1921 2576 puniendus,
1941 2513 1996 2558 et

401 2594 690 2648 universali
708 2594 988 2664 perditioni
1004 2596 1289 2652 tradendus
1313 2605 1475 2664 esset,
1489 2596 1922 2668 etiamjumenta,
1939 2605 1996 2653 et

399 2684 633 2754 reptilia,
652 2695 706 2741 et
725 2685 953 2742 volatilia
978 2687 1092 2742 caeli
1108 2689 1263 2744 simul
1284 2699 1508 2758 pereunt
1523 2689 1740 2756 diluvio,
1759 2688 1900 2760 quod
1916 2698 1998 2744 to-

400 2786 517 2830 tum
543 2777 727 2833 orbein
746 2779 1054 2834 invasurum
1083 2789 1220 2836 erat.
1244 2781 1312 2836 Et
1331 2785 1468 2836 sicut
1492 2781 1546 2836 iu
1567 2781 1752 2848 domo,
1778 2779 1996 2854 quando

401 2869 450 2924 is
473 2869 563 2938 qui
591 2879 783 2940 praeest
814 2873 876 2926 in:
913 2871 1330 2942 indignationem
1356 2874 1558 2928 domini
1580 2875 1788 2936 incidit,
1819 2874 1996 2930 solent

399 2963 756 3017 eomministri
800 2978 990 3019 omnes
1033 2965 1083 3020 ei
1111 2964 1437 3021 condolere:
1469 2965 1539 3020 ita
1561 2975 1615 3020 et
1644 2964 1730 3020 hic
1757 2965 1909 3033 quasi
1941 2965 1991 3020 in

399 3053 564 3108 domo
609 3053 914 3108 hominibus
946 3055 1312 3125 pereuntibus,
1359 3058 1537 3110 omnia
1582 3073 1700 3126 qua:
1731 3059 1782 3110 in
1812 3059 1990 3122 domn,

399 3157 458 3203 ct
513 3163 634 3217 qua:
681 3147 782 3203 sub
832 3148 975 3202 illius
1025 3159 1179 3204 erant
1228 3148 1488 3216 dominio,
1542 3165 1763 3206 necesse
1813 3151 1912 3205 l'uit
1941 3152 1992 3205 in

400 3237 650 3293 eamdem
679 3254 888 3307 pinnam
921 3239 1175 3294 incidant.
1206 3239 1274 3293 Et
1303 3257 1497 3296 mecum
1530 3243 1776 3309 reputavi,
1803 3244 1990 3313 inquii,

400 3330 540 3396 quod
572 3331 772 3400 fecerim
814 3331 951 3385 illos.
1008 3315 1191 3386 Verbo
1229 3331 1331 3386 hoc
1372 3336 1627 3400 quantum
1673 3348 1733 3389 se
1797 3344 1994 3388 nostra:

404 3422 694 3477 humilitati
737 3423 1094 3491 atteinperat?
1131 3422 1268 3478 Nunt
1315 3424 1579 3488 volebam,
1627 3426 1815 3494 inquit,
1850 3434 1993 3479 tanta

403 3515 524 3567 illos
548 3527 704 3582 paena
733 3513 928 3583 plecti?
969 3513 1069 3582 Ipsi
1099 3528 1187 3569 me
1209 3524 1548 3584 peccatorum
1585 3515 1914 3569 immanitate
1942 3516 1994 3569 in

403 3616 607 3661 tantam
654 3607 969 3661 invexeriint
1016 3605 1456 3675 indignationem.
1506 3604 1770 3660 Caeterum
1798 3621 1866 3660 ne
1895 3621 1994 3675 pu-

404 3711 581 3754 tcmus
603 3698 972 3753 omnimodam-
991 3699 1331 3757 abolitionem
1364 3699 1579 3753 humani
1621 3699 1830 3768 generis
1857 3697 1991 3765 ﬁeri,

404 3792 763 3862 radicitusqtie
790 3803 1031 3848 naturam
1059 3803 1296 3848 nostram
1328 3795 1702 3849 eradicandain
1732 3812 1746 3849 :
1788 3794 1884 3850 sed
1911 3793 1996 3848 di-

401 3900 617 3940 scamus
660 3894 915 3956 quantum
959 3887 1157 3940 malum
1214 3887 1283 3941 sit
1323 3897 1622 3958 peccatum,
1659 3897 1713 3942 et
1741 3897 1995 3957 quantum

407 3978 604 4031 bonum
625 3979 794 4032 virtus
824 3995 838 4031 :
866 3986 923 4033 et
945 3978 1086 4047 quod
1113 3978 1299 4032 melior
1323 3980 1392 4033 sit
1417 3993 1554 4034 unus
1579 3978 1778 4034 faciens
1805 3979 1996 4033 volun-

405 4079 569 4122 tatem
615 4069 845 4135 Domini,
890 4083 1047 4138 quani
1090 4069 1275 4124 decem
1315 4070 1479 4123 millia
1525 4070 1994 4139 praevaricatorem

409 4158 597 4229 (Eccli.
625 4161 714 4215 16.
736 4162 812 4228 3),
842 4161 969 4214 dicit
1004 4178 1018 4214 :
1049 4160 1103 4217 8.
1139 4159 1252 4215 Noe
1275 4171 1440 4214 autem
1468 4161 1652 4215 invenit
1673 4163 1887 4232 gratiam
1908 4179 1998 4216 co-

404 4269 519 4303 imm
551 4251 765 4305 Domino
795 4251 922 4309 Deo.
952 4251 1187 4306 Tametsi
1230 4252 1513 4306 multitudo
1556 4253 1760 4317 omnis,
1803 4253 1995 4323 inquit,

408 4347 460 4397 in
495 4354 692 4398 tantam
725 4346 980 4398 malitiam
1011 4345 1279 4412 inciderit,
1321 4345 1494 4414 justus
1526 4354 1702 4399 tanien
1737 4346 1822 4402 hic
1851 4349 1995 4402 scin-

407 4441 574 4492 tiliam
602 4439 812 4494 virtutis
841 4440 1108 4506 servavit,
1141 4440 1267 4494 dum
1299 4439 1384 4494 his
1408 4440 1655 4493 omnibus
1684 4442 1828 4493 omni
1857 4449 1995 4494 tem-

407 4546 538 4598 pore
587 4530 840 4601 loquitur,
889 4539 946 4584 et
969 4531 1095 4585 dum
1125 4531 1439 4585 adhortatur
1469 4539 1526 4584 ut
1551 4547 1580 4583 a
1608 4531 1808 4584 malitia
1851 4529 1998 4585 desi-

404 4631 574 4686 stant,
600 4623 762 4677 simul
785 4638 845 4678 se
868 4624 1077 4678 interim
1108 4623 1334 4678 liberum
1359 4623 1427 4679 ab
1454 4623 1663 4679 illorum
1696 4623 1782 4679 lue
1809 4638 1998 4679 serva-

407 4715 500 4767 vit.
526 4714 747 4784 Insuper
768 4715 908 4770 sicut
929 4715 1002 4770 illi
1029 4713 1180 4768 malis
1205 4715 1458 4784 operibus
1481 4715 1799 4770 clementem
1827 4716 1996 4770 Deum

402 4806 473 4860 ad
522 4806 936 4878 indignationem
982 4817 1400 4878 provocavcrant
1444 4826 1458 4862 :
1509 4813 1587 4864 sic
1633 4809 1998 4879 ipsc,virtute

406 4898 638 4966 pollens,
676 4899 906 4954 Gratiam
949 4901 1134 4954 invenit
1161 4917 1330 4954 coram
1374 4899 1592 4954 Domino
1622 4899 1747 4958 Deo.
1780 4899 1899 4954 Non
1928 4911 1999 4954 est

403 4989 550 5041 enim
584 5005 912 5059 personarum
937 5000 1171 5060 acceptor
1197 4990 1330 5045 Deus
1353 4991 1489 5062 (Act.
1525 4991 1612 5046 10.
1645 4992 1755 5062 51η).
1802 4990 1996 5046 Veriiin

401 5088 459 5132 ct
506 5079 548 5134 si
601 5080 654 5132 in
701 5090 846 5134 tanta
889 5081 1228 5136 multitudine
1258 5083 1491 5137 inveniat
1534 5081 1803 5137 hominem
1834 5099 1996 5136 unttm

401 5186 528 5238 qua:
570 5171 670 5225 sibi
709 5171 900 5241 placita
926 5182 1050 5226 sunt
1093 5173 1396 5239 facientem,
1449 5188 1552 5228 non
1603 5174 1872 5244 despicit:
1904 5174 1998 5228 sed

405 5276 504 5314 sua
534 5261 682 5316 illiitii
714 5262 963 5331 dignatur
991 5278 1140 5329 cura,
1182 5273 1236 5318 et
1276 5274 1423 5319 tanto
1450 5265 1706 5334 majorem
1740 5267 1881 5321 illius
1915 5284 1998 5321 ra-

407 5354 608 5407 tionem
657 5355 838 5419 hahet,
883 5365 1102 5424 quanto,
1151 5371 1270 5409 cum
1304 5365 1380 5410 tot
1420 5357 1658 5427 tantique
1683 5368 1788 5411 smt
1815 5359 1901 5429 qui
1930 5359 1994 5413 ad

403 5444 606 5497 nialuin
653 5461 774 5498 eum
816 5445 1051 5510 trahunt,
1101 5447 1213 5516 ipse
1254 5450 1586 5504 constantius
1619 5451 1828 5503 virtutis
1859 5452 1993 5504 viain

401 5549 546 5591 seeia
555 5548 637 5592 [IIS
667 5549 770 5594 CSl.

1925 5584 1958 5610 ί-

1919 5617 1940 5646 κ.

487 5755 541 5822 a)
580 5762 712 5806 Itane
748 5758 1008 5822 lectioan
1044 5759 1398 5822 amplectimur.
1435 5759 1552 5812 licet
1591 5763 1638 5811 in
1673 5775 1772 5812 uno
1807 5773 1993 5814 tantum

496 5822 570 5868 ice-
593 5825 890 5882 oonipareat.
938 5819 996 5869 In
1020 5819 1354 5871 aliis-deerant
1375 5822 1453 5870 lue
1483 5836 1641 5878 voces,
1666 5824 1836 5876 merito
1857 5839 1990 5887 sane,

397 5892 681 5954 υίίκάτως),
705 5898 758 5942 et
779 5904 948 5940 manca
972 5890 1224 5940 sententia
1249 5887 1532 5939 videbatur.

1310 444 1375 500 IN
1412 442 1566 500 CAP.
1607 441 1672 498 γ.
1713 437 1801 498 ΕΤ
1841 437 1930 494 VI.
1973 435 2202 493 GENES
2265 439 2490 498 IIOMIL.
2537 443 2684 499 XXII

3586 459 3685 515 I9I

2186 556 2238 611 6.
2279 554 2489 612 Mai-alia
2532 559 2832 626 exhortatio,
2884 565 3148 619 avaritiam
3177 569 3228 622 in
3273 570 3483 624 decursu
3528 575 3688 630 horto
3727 561 3741 576 ’

2105 649 2255 701 tionis
2284 651 2545 721 pro/ligat.
2576 678 2648 690 -—
2675 652 2728 706 Id
2758 653 3006 722 scientes,
3035 657 3100 711 ad
3127 657 3178 713 id
3205 645 3364 714 unum
3391 677 3694 731 spectemus

2102 738 2242 808 quod
2267 739 2362 809 ipsi
2392 741 2583 809 placet,
2609 752 2661 797 et
2686 744 2848 799 eflicit
2880 755 2934 799 ut
2955 746 3120 816 ipsius
3139 751 3360 820 gratiam
3384 753 3537 808 nobis
3556 769 3698 811 con-

2102 829 2341 884 ciliemus
2371 849 2382 884 :
2418 849 2588 904 neque
2610 834 2880 890 hominum
2911 840 3179 906 amicitiae,
3206 858 3376 913 neque
3409 857 3701 907 consuetu-

2103 917 2209 973 dini
2240 921 2307 974 ita
2344 923 2662 991 serviamus,
2697 934 2754 982 ut
2785 928 2994 984 virtutis
3018 931 3570 1004 laciamusjacturani,
3595 943 3694 998 sed

2107 1011 2198 1065 Dei
2254 1012 2554 1081 tolerantia,
2589 1029 2745 1087 prout
2784 1020 2959 1089 decet,
2993 1033 3242 1079 utamur:
3273 1035 3328 1080 et
3361 1027 3488 1082 dum
3518 1029 3699 1088 adhuc

2104 1110 2311 1174 tempus
2352 1105 2630 1174 habemus,
2661 1125 2872 1168 omnem
2904 1114 3234 1186 deponeiites
3263 1119 3546 1190 ignaviain,
3582 1122 3696 1179 vir-

2105 1205 2270 1251 tutem
2315 1214 2574 1267 amemus,
2626 1214 3008 1278 peccatumque
3052 1210 3178 1265 odio
3221 1211 3531 1270 habeamus.
3578 1215 3697 1273 Nisi

2103 1289 2246 1342 enim
2273 1299 2327 1345 et
2345 1291 2409 1345 ad
2440 1293 2592 1348 istam
2614 1311 2798 1353 amore
2820 1308 2874 1354 et
2893 1300 3158 1357 desiderio
3177 1305 3407 1375 quodam
3429 1309 3692 1365 immenso

2103 1394 2202 1433 nos
2230 1381 2630 1452 contulerimus,
2680 1395 2735 1441 et
2761 1390 3044 1460 nequitiam
3067 1393 3227 1449 valde
3253 1395 3522 1452 oderimus
3554 1415 3568 1452 :
3596 1415 3692 1455 ne-

2102 1487 2207 1540 que
2235 1472 2391 1542 hujus
2420 1475 2670 1532 damnum
2697 1480 2954 1550 effugere,
3005 1500 3179 1556 neque
3226 1488 3370 1542 illam
3399 1491 3690 1560 amplexari

2105 1561 2415 1630 poterimus.
2445 1564 2594 1633 Quod
2624 1569 2764 1622 enim
2793 1571 2961 1625 virtus
2985 1587 3118 1642 opus
3150 1575 3342 1632 habeat
3365 1578 3428 1632 iis
3455 1580 3545 1650 qui
3571 1597 3688 1636 eant

2104 1654 2510 1722 concupiscunt.
2545 1667 2598 1712 et
2625 1660 2739 1728 ejus
2769 1662 3033 1718 desiderio
3074 1666 3446 1736 exardescunt,
3495 1672 3562 1726 de
3591 1671 3693 1727 hoc

2104 1743 2419 1813 prophetam
2469 1748 2593 1801 ntali
2659 1751 2922 1807 dicentem
2958 1753 3210 1810 :Judicia
3263 1758 3470 1814 Domini
3533 1779 3691 1830 vera,

2092 1833 2378 1902 justi/icata
2425 1839 2478 1890 in
2523 1840 2779 1910 idipsum,
2831 1844 3184 1902 desiderabilia
3227 1865 3380 1924 super
3421 1869 3601 1905 aurum
3647 1867 3693 1907 et

2101 1925 2324 1997 lapidem
2363 1933 2635 1999 pretiosum
2663 1937 2873 1990 multum
2914 1937 3086 2006 (Paul.
3121 1941 3206 1995 I8.
3239 1941 3328 2012 10)
3361 1961 3375 1996 :
3418 1960 3520 1998 non
3551 1947 3692 2016 quod

2101 2037 2206 2075 non
2239 2022 2407 2092 magis
2434 2022 2830 2094 desiderabilia,
2863 2031 2956 2084 sed
2986 2032 3109 2100 quia
3152 2034 3292 2104 apud
3332 2052 3430 2090 nos
3472 2054 3577 2092 non
3607 2041 3692 2094 in-

2101 2116 2384 2170 veniuntur
2412 2117 2533 2183 alia,
2580 2135 2702 2189 qua:
2757 2120 2837 2175 his
2894 2125 3130 2179 materiis
3176 2127 3284 2180 sint
3332 2129 3690 2196 pretiosiora:

2105 2215 2382 2275 propterea
2433 2209 2609 2264 subdit
2642 2229 2656 2264 :
2689 2210 2756 2265 Et
2783 2212 3010 2268 dulciora
3035 2232 3188 2288 super
3212 2221 3309 2274 mel
3336 2229 3383 2274 et
3411 2225 3598 2293 favum.
3631 2224 3695 2278 Et

2103 2299 2188 2353 hic
2213 2316 2424 2371 quoque
2455 2303 2576 2372 quia
2619 2319 2722 2358 ion
2778 2307 2978 2363 invenit
3003 2309 3145 2379 quod
3177 2324 3363 2369 na'ura
3394 2317 3550 2372 melle
3573 2317 3693 2372 dol-

2101 2389 2214 2444 cius
2241 2399 2420 2457 esset,
2453 2392 2548 2446 Iiae
2579 2386 2931 2452 similitudine
2957 2415 3083 2455 usus
3133 2411 3234 2457 est.
3291 2403 3451 2474 Igitur
3494 2408 3629 2461 sicut
3662 2409 3694 2462 ii

2101 2479 2188 2548 qui
2212 2482 2266 2535 in
2292 2481 2495 2551 jopihus
2525 2483 2838 2554 colligendis
2863 2485 3136 2546 insaniunt
3177 2493 3444 2550 desiderio
3469 2506 3524 2551 et
3563 2512 3695 2551 con-

2102 2570 2428 2638 cupiscentia
2456 2573 2707 2642 quadam,
2740 2576 2792 2630 in
2823 2575 2927 2632 hoc
2956 2579 3270 2636 incumbunt
3298 2600 3489 2656 magno
3523 2588 3698 2642 studio

2103 2674 2154 2715 et
2186 2671 2400 2729 conatu,
2428 2674 2480 2718 et
2511 2682 2798 2736 numquam
2824 2669 3108 2739 explentur
3151 2691 3162 2724 :
3194 2677 3412 2731 aiaritia
3439 2679 3579 2732 enini
3613 2680 3695 2734 iii-

2104 2752 2362 2808 satiabilis
2406 2762 2489 2807 est
2538 2754 2893 2814 ehrie:as:et
2939 2761 3084 2815 sicut
3125 2764 3279 2828 ebrii,
3329 2776 3525 2835 quanto
3578 2770 3697 2839 plus

2104 2844 2228 2896 vino
2253 2857 2314 2899 se
2361 2843 2706 2915 ingurgitent,
2739 2857 2885 2903 tanto
2911 2851 3078 2920 magis
3102 2853 3169 2907 ad
3196 2855 3338 2912 sitim
3365 2856 3700 2916 inﬂamman-

2104 2937 2339 2991 turzsic
2391 2946 2446 2991 et
2499 2938 2582 2992 isti
2629 2955 2840 3010 quoque
2892 2943 3150 2998 insaniam
3202 2946 3341 3003 hanc
3388 2950 3691 3008 indomitam

2102 3042 2391 3097 numquam
2415 3029 2605 3085 sistere
2631 3041 2872 3101 possunt,
2896 3034 2991 3089 sed
3014 3047 3215 3106 quanto
3238 3041 3406 3109 magis
3429 3056 3554 3096 suas
3568 3058 3696 3113 Opes

2102 3119 2284 3187 augeri
2313 3119 2510 3186 vident,
2537 3129 2686 3176 tanto
2710 3135 2764 3177 et
2788 3127 3219 3195 concupiscentia
3245 3132 3414 3201 magis
3439 3131 3654 3204 ﬂagrant
3679 3151 3692 3189 :

2102 3207 2274 3281 neque
2302 3223 2455 3266 antea
2485 3228 2513 3266 a
2543 3213 2778 3283 pessimo
2804 3219 3043 3287 appetitu
3086 3221 3186 3275 hoc
3215 3221 3498 3291 absistunt,
3529 3226 3698 3282 donec

2104 3305 2155 3355 in
2201 3301 2372 3370 ipsum
2415 3304 2632 3356 malitia:
2681 3305 2999 3373 profundum
3029 3309 3425 3368 descenderint.
3453 3315 3618 3385 Igitur
3650 3319 3697 3372 si

2102 3393 2175 3448 illi
2208 3394 2563 3463 perniciosam
2594 3395 2730 3451 hanc
2773 3399 3257 3467 concupiscentiam
3285 3406 3543 3461 malorum
3581 3424 3699 3462 om-

2102 3485 2247 3538 nium
2297 3499 2514 3540 causam
2544 3501 2665 3541 cuiu
2714 3497 2854 3542 tanta
2895 3493 3241 3548 contentione
3269 3506 3456 3549 curant
3487 3514 3500 3550 :
3531 3499 3698 3556 multo

2097 3574 2291 3642 juslius
2307 3584 2388 3628 est
2407 3590 2505 3630 nos
2514 3575 2711 3646 judicia
2734 3578 2964 3648 Domini,
2982 3597 3100 3652 quin
3117 3599 3474 3651 superauruin
3491 3597 3615 3642 stitit
3638 3599 3693 3645 et

2103 3666 2332 3737 lapidein
2363 3668 2653 3738 pretiosum
2698 3671 2947 3739 multum,
2978 3688 3193 3743 semper
3219 3677 3270 3729 in
3313 3689 3491 3732 mente
3518 3686 3696 3734 nostra

2104 3773 2340 3824 versare,
2373 3760 2612 3831 nihilque
2651 3763 2935 3832 pretiosius
2967 3765 3161 3822 virtute
3210 3768 3323 3838 ipsa
3352 3772 3656 3827 existimare
3681 3815 3696 3839 ,

2105 3849 2198 3905 sed
2249 3853 2561 3908 exscindere
2589 3869 2654 3908 ex
2683 3855 2862 3909 animo
2903 3868 3087 3912 nostro
3125 3858 3436 3916 affectiones
3463 3862 3579 3917 illas
3607 3879 3701 3932 pe-

2102 3945 2314 3999 stiferas
2340 3960 2551 4010 omnes,
2579 3955 2633 4000 et
2661 3947 2800 4001 scire
2828 3949 3172 4017 temporalem
3201 3950 3343 4005 illam
3374 3953 3695 4023 voluptatein

2104 4045 2418 4105 perpetuum
2449 4052 2637 4106 parere
2679 4039 2857 4094 solere
2902 4040 3165 4105 dolorem,
3213 4051 3267 4097 et
3314 4045 3418 4099 line
3465 4049 3696 4100 carentia

2105 4139 2384 4193 tormenta,
2407 4130 2808 4201 cavendumque
2828 4147 2947 4188 esse
2967 4148 3034 4188 ne
3060 4133 3387 4204 decipiemus
3413 4152 3510 4192 nos
3530 4140 3696 4209 ipsos,

2105 4237 2276 4290 neque
2303 4232 2549 4292 putemus
2577 4223 2664 4277 hic
2693 4222 2850 4278 liuent
2884 4223 3157 4281 habituras
3185 4241 3306 4282 esse
3348 4243 3433 4282 res
3465 4241 3695 4286 nostras.

2106 4311 2158 4365 Id
2189 4328 2318 4367 vero
2341 4313 2584 4367 sentiunt
2610 4314 2872 4384 plerique,
2901 4315 3023 4369 licet
3042 4316 3217 4371 verbis
3243 4332 3349 4372 non
3377 4318 3658 4387 loipiaiitur
3683 4339 3695 4374 :

2106 4420 2225 4456 nam
2275 4403 2498 4460 credere
2526 4420 2586 4460 se
2631 4405 2818 4460 dicunt
2863 4409 3333 4474 resurrectionem,
3372 4417 3427 4464 et
3469 4409 3697 4464 futuram

2104 4497 2508 4552 retributionem
2541 4514 2557 4551 :
2584 4496 2679 4552 sed
2699 4511 2799 4566 ego
2822 4511 2930 4552 non
2956 4499 3174 4554 attendo
3193 4501 3376 4567 verba,
3399 4502 3494 4558 sed
3520 4504 3698 4573 quoti-

2104 4592 2261 4646 diana
2305 4599 2474 4662 gesta.
2523 4589 2656 4645 Nam
2685 4591 2730 4645 si
2759 4592 3205 4647 resurrectionem
3234 4603 3512 4663 exspectas
3539 4602 3594 4650 et
3617 4611 3702 4650 rc-

2107 4683 2474 4748 tributionein,
2501 4697 2672 4752 quare
2714 4681 2782 4735 ita
2812 4683 3092 4751 praesentis
3121 4684 3242 4738 vita:
3270 4685 3452 4754 gloria:
3487 4685 3706 4740 deditus

2105 4790 2166 4829 es
2189 4775 2213 4829 ἲ
2238 4775 2436 4840 Quare,
2486 4774 2576 4828 die
2612 4772 2762 4837 mihi,
2795 4774 3031 4842 quotidie
3073 4775 3279 4828 crucias
3331 4786 3402 4839 te,
3448 4775 3697 4844 pecunias

2111 4867 2291 4936 plures
2320 4880 2478 4935 quam
2509 4879 2668 4918 arena
2699 4864 2769 4916 sit
2790 4864 3067 4933 colligens,
3095 4874 3149 4918 et
3172 4878 3351 4932 agros,
3391 4873 3445 4918 et
3467 4864 3656 4920 domos
3676 4906 3695 4929 .

2105 4964 2160 5009 et
2202 4955 2417 5009 balneas
2446 4969 2652 5018 emens,
2699 4961 2860 5022 atque
2907 4954 3021 5009 litec
3061 4969 3205 5022 saepe
3246 4970 3340 5024 per
3383 4955 3618 5024 rapinam
3643 4965 3698 5012 et

2106 5047 2379 5101 avaritiam
2424 5045 2774 5110 corradendo,
2801 5055 2857 5101 et
2885 5046 3011 5100 illud
3055 5045 3326 5116 propheta.-
3354 5047 3552 5102 dictum
3599 5049 3694 5104 im-

2107 5141 2342 5210 plendo:
2385 5139 2470 5194 νω
2510 5139 2597 5209 qui
2646 5139 2961 5209 eonjungunt
3009 5140 3212 5192 domum
3257 5142 3326 5193 ad
3377 5143 3615 5207 domum,
3650 5151 3696 5196 et

2106 5248 2284 5302 agrum
2313 5247 2439 5302 agro
2465 5231 2725 5300 capulant,
2771 5241 2825 5283 ut
2853 5231 3015 5285 vicino
3058 5231 3294 5299 auferant
3317 5233 3512 5302 aliquid
3541 5231 3693 5300 (luti.

2106 5325 2159 5381 5.
2193 5324 2290 5396 8)?
2321 5328 2510 5378 Annon
2533 5323 2650 5378 brae
2673 5323 2907 5394 quotidie
2927 5323 3108 5379 videre
3125 5336 3202 5380 eat
3231 5324 3254 5379 1’
3283 5325 3352 5380 Et
3374 5327 3461 5380 ille
3481 5327 3695 5397 quidem

2105 5415 2234 5470 dicit
2262 5433 2277 5471 :
2309 5414 2467 5485 hujus
2512 5414 2706 5469 domus
2751 5414 3128 5468 obscuritatem
3178 5423 3234 5470 et
3276 5416 3516 5471 umbram
3562 5433 3696 5473 mea:

2111 5509 2244 5575 parit
2270 5523 2285 5573 ;
2313 5513 2370 5560 et
2395 5504 2630 5561 inﬁnitos
2652 5513 2938 5574 praetextus
2957 5507 3244 5576 excogitat,
3266 5517 3334 5562 uti
3346 5523 3465 5563 eam
3492 5509 3658 5580 rapiat
3678 5523 3707 5572 ;.

2106 5599 2241 5652 :iliiis
2275 5604 2450 5652 autem
2496 5604 2708 5664 raptum
2753 5596 2970 5665 pauperi
3019 5610 3226 5667 agrum,
3270 5612 3370 5653 suo
3397 5598 3693 5669 conjungit'.

2107 5690 2216 5743 Iioc
2260 5696 2436 5742 autem
2482 5686 2652 5742 multo
2700 5687 2892 5756 majus,
2922 5697 2972 5742 et
3005 5691 3173 5759 magis
3220 5689 3558 5755 admirabile,
3597 5691 3698 5742 nii-

2107 5795 2310 5851 nasque
2335 5781 2492 5834 venia
2518 5779 2757 5848 dignum,
2788 5778 2928 5848 quod
2959 5796 3094 5835 unus
3123 5799 3224 5834 uno
3250 5782 3546 5850 eodemque
3575 5780 3694 5834 loco

2108 5876 2349 5931 lnihitans
2376 5884 2427 5929 et
2466 5872 2687 5938 sedetis,
2714 5888 2857 5942 Sil-pe
2903 5873 3009 5928 alio
3035 5885 3282 5945 transire,
3313 5890 3484 5944 neque
3509 5876 3553 5931 si
3587 5870 3698 5924 N25-
