4078 6422
475 459 580 515 195

474 577 568 641 let,
602 575 698 628 val.
722 590 806 641 ns,
855 573 938 629 vel
965 573 1036 627 ob
1081 574 1253 626 varias
1279 573 1676 640 occupationes,
1711 569 1795 623 vel
1825 570 2064 635 corporis

473 664 780 720 valetudine
825 663 1104 734 alligatus;
1153 663 1349 730 ubique
1397 668 1571 716 tamen
1615 668 1669 713 et
1717 659 1768 712 in
1818 656 2065 710 omnibus

472 758 644 813 ferme
671 757 913 822 urbibus,
936 757 1263 810 monimenta
1285 753 1522 809 avaritiae
1549 767 1659 805 suze
1687 748 1984 818 possidere,
2009 757 2065 803 et

471 851 806 908 immortales
855 849 1075 904 malitiae
1113 863 1224 902 sua:
1251 845 1528 901 columnas
1566 850 1802 897 statuere
1827 839 2015 908 satagit
2045 855 2060 892 :

470 953 525 995 et
582 949 797 1012 peccata
846 940 1086 1010 quidem,
1130 954 1197 994 ex
1240 936 1431 1007 quibus
1473 935 1588 989 haec
1615 932 1792 986 omnia
1841 931 2062 984 collecta

471 1043 621 1098 sunt,
652 1047 754 1089 suo
783 1031 983 1101 imponi
1013 1029 1192 1100 capiti,
1225 1028 1506 1096 ferensque
1533 1039 1750 1096 gravem
1777 1036 1840 1076 ac
1866 1036 2063 1076 onero-

473 1144 588 1181 sam
617 1127 813 1182 molem
838 1141 942 1179 non
977 1123 1138 1178 sentit
1169 1140 1182 1177 :
1209 1121 1326 1175 aliis
1354 1129 1532 1174 autem
1551 1127 1735 1180 'usum,
1762 1115 1852 1185 qui
1881 1129 1948 1168 ex
1977 1113 2064 1166 his

475 1217 663 1272 haberi
715 1226 912 1286 potest,
943 1212 1206 1275 concedit,
1239 1226 1346 1265 non
1375 1210 1548 1265 solum
1600 1217 1720 1278 post
1759 1205 2066 1274 emigratio-

472 1324 598 1364 nem
626 1323 693 1362 ex
723 1307 822 1360 hac
852 1306 981 1368 vita,
1027 1303 1122 1358 sed
1149 1303 1310 1358 etiam
1354 1310 1639 1368 antequam
1671 1297 1794 1351 hinc
1817 1294 2061 1363 egredia—

473 1409 580 1454 tnr.
611 1397 740 1452 Nam
771 1396 982 1450 etiamsi
1012 1412 1117 1449 nun
1150 1395 1348 1448 invitus
1375 1392 1455 1446 eis
1483 1389 1733 1451 nudetur,
1778 1402 1808 1440 a
1834 1384 2063 1440 familia-

471 1493 616 1546 ribus
641 1490 755 1545 hzec
783 1489 960 1542 omnia
988 1488 1334 1556 dissipantur,
1365 1493 1422 1539 et
1456 1493 1515 1536 ut
1544 1484 1615 1536 ita
1643 1480 1837 1542 dicam,
1859 1477 2062 1531 dilace-

470 1591 690 1636 rantur:
711 1597 885 1650 neque
907 1580 1023 1648 ipse
1041 1578 1127 1633 vel
1153 1578 1433 1632 millesima
1461 1589 1646 1630 eorum
1670 1581 1820 1642 parte
1846 1569 2059 1624 fruitur.

474 1675 536 1728 lit
554 1673 680 1743 quid
709 1672 832 1726 dico
857 1669 1088 1725 fruitur?
1113 1667 1415 1736 Quomodo,
1439 1680 1560 1720 cum
1589 1663 1798 1717 nonnisi
1821 1672 2060 1716 ventrem

473 1781 638 1822 unum
681 1764 894 1831 habeat,
943 1763 1114 1834 possit
1160 1769 1237 1816 tot
1285 1776 1445 1831 opum
1485 1755 1874 1812 multitudinem
1906 1755 2058 1808 absu-

474 1874 620 1913 mere
638 1857 665 1911 ἲ

545 1951 596 2004 7.
646 1950 714 2004 At
743 1947 1005 2004 malorum
1046 1945 1282 2001 omnium
1327 1957 1488 1998 causa
1532 1951 1616 1996 est
1662 1953 1796 1993 vana
1838 1934 2002 2008 gloria
2038 1950 2052 1986 :

469 2041 610 2113 quod
637 2055 830 2110 nempe
858 2039 988 2093 velit
1014 2053 1205 2090 nomen
1228 2051 1380 2088 suum
1405 2034 1603 2104 imponi
1635 2032 1798 2102 agris,
1832 2029 2058 2094 balneis,

469 2144 523 2189 et
550 2132 776 2188 aedibus.
829 2129 959 2198 Qnte
985 2128 1077 2183 tibi
1131 2127 1257 2182 hinc
1294 2127 1527 2191 utilitas,
1576 2126 1772 2189 homo,
1802 2137 1922 2178 cum
1950 2136 2056 2176 non

469 2225 637 2280 tnnlto
667 2236 814 2294 post,
846 2221 982 2275 febri
1017 2222 1266 2290 quapiam
1299 2229 1351 2273 te
1379 2217 1708 2288 corripiente
1730 2255 1746 2278 ,
1776 2213 2062 2282 animaque

468 2316 649 2370 subito
672 2313 918 2368 evolante
943 2352 959 2378 ,
1009 2309 1184 2364 nudus
1209 2319 1264 2363 et
1291 2322 1488 2362 vacuus
1528 2303 1909 2374 relinquendus
1937 2302 2014 2356 sis
2041 2316 2056 2355 :

471 2407 580 2460 imo
617 2405 812 2459 virtute
850 2400 1064 2472 quidem
1111 2399 1340 2454 nudatus
1365 2439 1380 2463 ,
1426 2397 1654 2452 vestitus
1693 2404 1873 2449 antem
1923 2391 2059 2461 inju-

471 2496 613 2549 stitia
633 2535 649 2559 ,
681 2492 880 2562 rapinis
899 2531 915 2556 ,
951 2489 1194 2555 avaritia,
1218 2489 1526 2560 gemitibus,
1555 2485 1860 2556 ejulatibus,
1887 2485 2064 2554 lacry-

473 2587 576 2641 mis
595 2585 958 2655 orphanorum
981 2622 999 2648 ,
1031 2581 1235 2636 insidiis
1257 2622 1272 2646 ,
1303 2579 1484 2635 dolis?
1534 2577 1817 2647 Quomodo
1859 2575 2062 2646 poteris

472 2675 700 2746 grandes
729 2682 1138 2744 prementesque
1168 2672 1284 2727 illas
1314 2672 1550 2726 sarcinas
1597 2678 1938 2737 peccatorum
1981 2666 2060 2722 fe-

470 2781 618 2831 rens,
647 2781 740 2835 per
766 2774 1044 2834 angustam
1072 2762 1213 2816 illam
1233 2771 1438 2831 portam
1469 2761 1689 2826 intrare,
1717 2775 1837 2828 qua:
1865 2773 2060 2828 capere

472 2857 654 2927 nequit
695 2856 889 2910 molem
919 2862 1079 2908 tanta:
1115 2852 1530 2923 magnitudinis?
1555 2850 1922 2905 Necessarium
1955 2850 2058 2902 ita-

469 2963 576 3018 que
604 2944 738 3002 foris
761 2959 978 3001 manere
1004 2985 1019 3010 ,
1067 2951 1121 2998 et
1147 2942 1403 2998 oneribus
1427 2941 1532 2996 illis
1559 2951 1835 3011 gravatum
1864 2939 2059 2994 frustra

473 3039 772 3110 Innitens,
813 3052 935 3092 eum
977 3035 1089 3106 jam
1135 3045 1257 3089 ante
1295 3034 1482 3088 oculos
1510 3043 1688 3103 parata
1715 3033 1922 3088 videbis
1949 3043 2061 3086 ιομ

472 3141 652 3188 menta
674 3171 691 3196 ,
731 3138 788 3186 et
834 3130 1012 3199 ignem
1042 3128 1189 3183 illum
1223 3127 1511 3182 terribilem
1554 3141 1617 3180 ac
1646 3140 1937 3195 numquam
1966 3138 2060 3176 ex-

470 3221 846 3294 stinguendum
876 3234 1224 3288 vermemque
1256 3233 1542 3288 numquam
1574 3218 1909 3271 moriturum.
1942 3213 2057 3270 Ca:-

471 3329 646 3370 u-rum
691 3314 736 3367 si
779 3328 937 3382 quam
982 3318 1182 3364 nostra:
1237 3310 1425 3364 salutis
1472 3309 1728 3363 habemus
1771 3307 2056 3373 rationem,

470 3409 598 3461 dum
628 3405 803 3460 adhuc
828 3411 1040 3473 tempus
1066 3401 1323 3455 habemus
1342 3441 1358 3464 ,
1391 3399 1711 3454 desistamus
1739 3413 1769 3452 a
1799 3397 2057 3467 nequitia,

469 3504 736 3552 sectemur
763 3493 1034 3555 virtutem,
1066 3505 1256 3546 vanam
1285 3491 1512 3561 gloriam
1533 3488 1906 3558 despiciamus.
1925 3485 2058 3541 Nam

473 3591 670 3644 ideirco
698 3601 832 3639 vana
861 3585 1084 3650 dicitur,
1121 3584 1244 3652 quia
1277 3583 1447 3637 inanis
1474 3591 1584 3645 est,
1625 3590 1680 3636 et
1721 3580 1854 3635 nihil
1897 3579 2060 3633 habet

472 3677 666 3732 stabile
711 3689 883 3744 neque
931 3673 1145 3726 ﬁrmum
1178 3689 1192 3724 :
1219 3670 1314 3724 sed
1344 3671 1517 3725 solum
1543 3681 1626 3725 est
1653 3670 1936 3724 oculorum
1965 3669 2063 3723 de-

471 3767 648 3837 ceptio
667 3805 683 3831 ,
713 3773 770 3819 et
799 3763 1106 3833 priusquam
1139 3769 1413 3831 appareat,
1439 3760 1636 3814 avolat.
1688 3761 1877 3812 Annon
1904 3767 1958 3813 et
1984 3759 2062 3811 vi-

471 3859 661 3933 demus
691 3871 866 3925 saepe,
898 3870 1020 3909 eum
1042 3894 1057 3919 ,
1087 3868 1245 3922 quem
1280 3851 1436 3905 hodie
1467 3851 1774 3920 praecedunt
1818 3851 2056 3916 lictores,

471 3962 525 4007 et
550 3952 749 4020 stipant
772 3946 1050 4011 satellites,
1077 3958 1197 3999 eras
1221 3943 1273 3998 in
1303 3958 1572 3998 carcerem
1603 3942 1824 4013 conjici,
1855 3949 1912 3997 et
1939 3957 2060 3995 cum

474 4041 908 4098 malefactoribus
951 4037 1151 4092 versari
1182 4033 1302 4107 (a)?
1350 4035 1487 4102 Quid
1528 4034 1626 4090 hac
1654 4049 1788 4089 vana
1814 4041 1872 4088 et
1915 4033 2060 4087 inani

471 4137 636 4206 gloria
668 4131 938 4188 fallacius?
987 4128 1140 4195 Quod
1184 4129 1229 4182 si
1277 4129 1330 4182 in
1375 4127 1474 4182 hac
1501 4128 1608 4182 vita
1640 4125 2059 4180 vicissitudinem

475 4229 610 4280 hanc
625 4227 835 4286 evadat,
853 4221 1073 4275 omnino
1105 4234 1251 4274 mors
1279 4218 1499 4274 veniens
1526 4217 1831 4273 felicitatem
1858 4217 2061 4272 abscin-

471 4317 585 4379 det,
616 4321 672 4368 et
701 4326 861 4381 quem
911 4309 1070 4363 hodie
1097 4308 1151 4362 in
1177 4308 1293 4361 foro
1322 4321 1514 4377 magna
1547 4323 1736 4377 pompa
1763 4307 2060 4361 comitaba-

474 4417 591 4467 tur,
619 4402 708 4470 qui
747 4401 800 4454 in
830 4413 1099 4454 carcerem
1121 4397 1459 4464 conjiciebat,
1490 4406 1544 4451 et
1571 4401 1623 4450 in
1655 4398 1794 4452 solio
1818 4397 2058 4461 sedebat,

475 4496 776 4556 inllabatnr,
800 4500 856 4547 et
882 4490 1124 4545 homines
1151 4490 1285 4542 alios
1305 4489 1454 4558 quasi
1477 4488 1692 4542 umbras
1712 4488 2060 4557 despiciebat,

477 4591 521 4641 is
550 4584 728 4639 alllllltl
754 4590 936 4652 postea
961 4580 1158 4649 jaeebit
1185 4589 1426 4633 mortuus
1454 4579 1656 4648 absque
1695 4579 1890 4647 spiritu
1915 4619 1930 4643 ,
1965 4578 2064 4631 fm-

478 4693 595 4733 tnre
637 4675 859 4744 plenus,
909 4669 1106 4742 petitus
1153 4669 1449 4723 innumeris
1481 4668 1737 4723 conviciis
1757 4684 1878 4723 cum
1907 4669 1974 4722 ab
1999 4669 2064 4723 iis

474 4783 611 4842 quos
656 4765 861 4837 pridem
911 4761 1104 4831 injuria
1143 4759 1319 4814 atl'eeit
1342 4801 1359 4825 ,
1411 4770 1523 4813 tum
1556 4760 1624 4813 ab
1661 4761 1724 4813 iis
1746 4775 1881 4829 quos
1913 4776 2065 4813 num-

473 4876 633 4932 quam
665 4857 805 4912 laesit
827 4896 842 4920 ,
886 4853 1297 4909 eondolcntibus
1329 4861 1505 4906 tamen
1536 4851 1600 4905 iis
1625 4852 1712 4920 qui
1745 4852 1814 4905 ab
1843 4851 1946 4904 isto
1978 4851 2062 4904 in-

472 4955 610 5025 juria
655 4949 830 5010 allecti
880 4946 1108 5002 fuerant.
1167 4944 1303 5013 Quid
1335 4943 1819 4998 hocmiserabilius
1871 4943 2066 4998 fuerit?

473 5045 713 5100 Collecta
745 5049 922 5094 autem
947 5038 1126 5092 omnia
1172 5050 1542 5105 saepenumero
1570 5035 1767 5089 inimici
1799 5043 1853 5089 ct
1882 5035 2065 5089 hostes

478 5138 617 5191 inter
667 5149 728 5188 se
782 5131 1081 5202 partiuntur
1127 5137 1180 5182 et
1225 5127 1593 5181 distribuunt:
1623 5136 1836 5195 peccata
1884 5136 2064 5180 autem

479 5241 574 5295 per
602 5239 723 5295 qnze
753 5222 864 5276 lane
887 5229 1199 5276 coacervata
1229 5227 1386 5282 sunt,
1415 5233 1598 5273 secum
1627 5217 1821 5282 aufert,
1854 5217 1922 5271 de
1945 5217 2067 5286 qui-

478 5316 578 5369 bus
606 5314 832 5381 diligens
859 5321 914 5365 et
937 5321 1183 5365 accurata
1210 5310 1345 5362 ratio
1367 5309 1630 5378 exigetur.
1661 5308 1783 5362 Ideo
1813 5307 2063 5372 Obsecro,

482 5415 538 5456 ut
563 5401 827 5472 fugientes
852 5415 1042 5454 vanam
1083 5400 1221 5453 hanc
1260 5399 1525 5468 gloriam,
1565 5413 1742 5452 veram
1789 5398 2066 5452 desidere-

483 5507 627 5558 mus,
652 5501 707 5545 et
731 5505 853 5560 qua:
879 5491 1127 5546 omnibus
1154 5491 1314 5546 duret
1341 5491 1584 5544 sacculis:
1617 5501 1672 5545 et
1707 5506 1878 5559 neque
1906 5505 2066 5558 npttm

547 5665 902 5732 (“Nemeam
928 5663 1246 5732 Otrysostomi
1285 5678 1380 5713 non
1403 5664 1562 5732 semel
1577 5665 1758 5732 accidit
1783 5669 1838 5715 ut
1855 5659 2073 5723 przefecti

485 5724 670 5792 δημιὶί
737 5724 1034 5792 optimates,
1067 5740 1129 5774 ex
1171 5726 1870 5792 imperatoris_nniignation_e,
1899 5740 2074 5792 munus

479 5786 784 5841 amitterem;
805 5789 865 5831 et
882 5786 932 5828 in
955 5796 1200 5838 carcerem
1226 5786 1430 5847 coajccti
1456 5786 1712 5848 aliquando
1745 5789 1889 5837 etiam
1915 5790 2076 5849 capite

478 5853 846 5900 narrarentur.

1182 454 1238 509 S.
1278 450 1556 509 ιοηΝιδ
1585 447 2058 507 CIIRYSOSTOMI
2100 447 2412 504 ARCIIIEP.
2454 448 2989 506 CONSTAN'I'INOI".

3660 452 3754 508 l93

2174 585 2324 621 antur
2352 586 2447 621 nos
2469 571 2772 641 snpplantct
2795 613 2809 635 ,
2859 587 3030 641 neque
3058 572 3506 642 concupiscentim
3545 573 3754 627 ﬂamma

2169 669 2378 724 exurat,
2410 676 2581 729 neque
2609 661 2744 715 livor
2771 672 2826 716 et
2856 661 3050 716 invidia
3077 675 3381 731 torqueant,
3412 679 3589 734 neque
3615 665 3758 718 furor

2169 757 2222 802 et
2267 748 2342 802 ira
2375 765 2472 804 nos
2501 751 2786 805 incendant
2814 770 2827 805 :
2859 752 2952 807 sed
2984 752 3080 806 bas
3109 769 3298 808 omnes
3329 755 3497 808 malas
3532 765 3589 808 et
3634 770 3756 823 pcr-

2170 841 2398 897 niciosas
2425 842 2732 898 aﬂectiones
2776 859 2899 899 rore
2937 844 3166 913 Spiritus
3194 847 3598 916 exstinguentes
3623 887 3636 909 ,
3664 847 3747 900 de-

2169 934 2455 1002 Spieiamus
2481 935 2782 1003 prmsentia,
2808 935 3173 991 desideremus
3199 935 3393 1001 futura,
3423 936 3476 991 in
3502 937 3755 991 tneinuria

2178 1024 2469 1080 habeamus
2498 1025 2730 1082 futurum
2755 1027 2895 1082 diem
2916 1069 2930 1092 ,
2959 1043 3256 1099 magnaque
3287 1029 3556 1098 diligentia
3593 1031 3751 1082 vitan:

2172 1117 2526 1172 instituamus.
2559 1117 2740 1188 Neque
2765 1119 2907 1174 enim
2935 1118 3035 1173 hac
3060 1118 3128 1173 dc
3157 1133 3314 1174 causa
3345 1119 3394 1172 in
3425 1119 3558 1174 hanc
3593 1121 3760 1174 vitam

2173 1210 2280 1263 nati
2303 1225 2510 1274 sumus,
2540 1221 2597 1264 ut
2617 1209 2790 1265 solum
2817 1210 3162 1266 comedamus
3190 1220 3244 1265 et
3273 1211 3538 1265 bibamus.

2241 1301 2649 1372 Temperantiam
2695 1303 2956 1373 praedicat.
2997 1333 3068 1344 —-
3117 1303 3232 1357 Non
3269 1304 3372 1357 vita
3413 1313 3498 1358 est
3542 1314 3752 1373 propter

2169 1392 2347 1447 cibum
2388 1401 2443 1448 et
2485 1403 2663 1462 potum
2685 1433 2703 1462 ,
2748 1393 2842 1449 sed
2885 1403 3105 1464 propter
3129 1394 3291 1448 vitam
3320 1393 3471 1448 cibus
3495 1404 3550 1448 et
3579 1405 3756 1461 potus.

2167 1483 2246 1537 Ne
2265 1498 2394 1554 ergo
2418 1483 2746 1538 invertamus
2769 1484 3033 1558 ordinem,
3061 1500 3230 1554 neque
3256 1485 3334 1539 sic
3357 1485 3530 1538 ventri
3559 1495 3611 1538 et
3631 1501 3754 1538 car-

2168 1575 2253 1629 nis
2299 1575 2657 1644 voluptatibus
2703 1577 3020 1642 serviamus,
3065 1577 3216 1646 qnasi
3258 1591 3376 1631 eam
3423 1577 3496 1630 ob
3539 1592 3758 1632 causam

2169 1667 2291 1720 facti
2323 1668 2492 1721 simus
2520 1685 2534 1721 :
2566 1667 2663 1722 sed
2705 1677 3015 1737 reputantes
3049 1667 3301 1721 damnum
3341 1667 3483 1737 quod
3515 1667 3637 1721 inde
3661 1682 3759 1720 na-

2166 1760 2352 1824 scitur,
2393 1760 2716 1830 castigemus
2757 1771 2932 1816 motus
2969 1761 3184 1826 carnis;
3229 1775 3298 1816 ne
3342 1761 3511 1815 simus
3538 1774 3757 1829 segnes,

2168 1865 2268 1905 nec
2298 1851 2671 1920 permittamus
2697 1851 2843 1906 illam
2887 1851 3142 1907 adversus
3179 1853 3410 1906 animam
3452 1851 3755 1922 insurgere.

2165 1943 2297 1998 Nam
2325 1945 2369 1998 si
2402 1944 2599 2000 Paulus
2641 1945 2732 2000 ille
2779 1945 2898 2000 talis
2943 1955 2999 1999 et
3040 1953 3252 2010 tantus,
3283 1945 3370 2014 qui
3399 1945 3552 2012 quasi
3580 1945 3758 2002 alatne

2168 2052 2263 2107 per
2292 2045 2459 2091 totum
2486 2037 2671 2092 orbem
2711 2038 3138 2102 transcurrebat,
3164 2035 3534 2106 corporalibus
3558 2049 3758 2089 neces-

2164 2129 2409 2182 sitatibus
2437 2129 2682 2198 superior
2718 2127 2887 2184 factus
2905 2169 2921 2195 ,
2950 2137 3002 2182 et
3031 2143 3345 2182 arcanorum
3388 2127 3599 2182 illorum
3628 2141 3756 2180 ver-

2166 2219 2355 2274 borum
2383 2219 2595 2274 auditor
2613 2259 2630 2286 ,
2673 2235 2792 2289 qua:
2819 2233 2984 2288 usque
3014 2219 3065 2272 in
3099 2219 3237 2272 hunc
3264 2217 3406 2272 diem
3445 2217 3578 2271 alius
3596 2215 3757 2270 audi-

2166 2311 2241 2363 vit
2268 2311 2466 2376 nullus,
2496 2309 2737 2365 scribens
2765 2309 2974 2365 dicebat
3007 2327 3021 2364 :
3050 2308 3250 2379 Castigo
3276 2324 3462 2378 corpus
3485 2323 3670 2371 meum,
3699 2316 3756 2361 et

2165 2403 2216 2455 in
2238 2403 2522 2455 servitutem
2545 2401 2753 2471 redigo,
2802 2417 2866 2456 ne
2903 2403 3032 2466 forte
3071 2399 3187 2453 aliis
3221 2398 3505 2468 praedicam
3530 2399 3639 2468 ipse
3664 2413 3760 2450 re-

2165 2495 2350 2564 probus
2369 2495 2596 2550 invertim-
2615 2495 2696 2566 (l.
2721 2493 2844 2551 Cor.
2865 2494 2919 2550 9.
2940 2494 3033 2566 27)
3063 2512 3076 2548 :
3103 2495 3148 2549 si
3179 2494 3339 2564 igitur
3359 2493 3468 2561 ille,
3493 2494 3582 2563 qui
3606 2501 3760 2545 ωιιω

2164 2586 2410 2655 dignatus
2435 2593 2520 2641 est
2556 2585 2726 2656 gratia
2749 2626 2766 2652 ,
2816 2596 2934 2655 post
2960 2595 3104 2640 tanta
3129 2595 3186 2640 et
3221 2585 3345 2639 talia
3373 2599 3533 2654 opera
3553 2623 3569 2649 ,
3611 2598 3760 2652 opus

2166 2675 2395 2732 habebat
2445 2685 2504 2731 ut
2549 2677 2869 2746 castigaret,
2918 2676 2973 2731 in
3021 2677 3330 2731 servitutem
3356 2674 3765 2744 redigeret,ac

2166 2768 2413 2837 potestati
2457 2766 2804 2837 dominioque
2845 2767 3037 2820 animte
3076 2768 3318 2834 corporis
3359 2765 3597 2820 lascivias
3622 2764 3762 2816 sub.

2159 2858 2348 2928 jiceret
2378 2877 2392 2913 :
2419 2859 2642 2928 castigat
2685 2859 2826 2912 enim
2853 2857 2970 2925 quis
3008 2855 3148 2926 quod
3177 2857 3432 2926 insurgit,
3460 2865 3513 2910 et
3553 2856 3603 2908 in
3634 2869 3758 2908 εει-ο

2163 2951 2384 3003 vitutem
2417 2948 2608 3018 redigit
2652 2949 2704 3003 id
2744 2947 2886 3018 quod
2924 2947 3070 3001 frena
3112 2947 3284 3016 rejicit
3314 2965 3328 3002 :
3358 2947 3482 3016 quid
3508 2947 3763 3000 dicemus

2165 3055 2264 3094 nos
2290 3081 2305 3106 ,
2340 3040 2431 3108 qui
2469 3039 2718 3094 omnibus
2741 3038 3024 3093 virtutibus
3047 3037 3286 3092 destituti
3311 3077 3327 3102 ,
3359 3037 3603 3091 omnibus
3626 3052 3757 3107 pec-

2160 3132 2296 3186 catis
2324 3131 2530 3186 onerati
2559 3145 2743 3185 sumus
2765 3170 2780 3195 ,
2814 3141 2870 3185 et
2907 3139 3165 3199 praeterea
3209 3144 3452 3199 magnam
3484 3129 3756 3198 ignaviam

2163 3238 2274 3294 prze
2304 3222 2457 3278 nobis
2482 3221 2739 3277 ferimus?
2781 3221 2915 3275 Num
2943 3220 3183 3276 inducias
3206 3219 3365 3276 habet
3391 3221 3489 3274 hoc
3514 3219 3762 3273 bellum?

2163 3332 2292 3372 num
2338 3325 2548 3384 tempus
2589 3313 2932 3383 aggrediendi
2973 3301 3349 3382 assignatum?
3399 3309 3619 3378 Semper
3654 3324 3760 3364 nos

2163 3407 2382 3478 vigilare
2411 3415 2467 3460 et
2489 3403 2700 3459 sobrios
2720 3415 2847 3459 esse
2870 3411 3116 3474 oportet,
3163 3411 3218 3457 et
3255 3416 3541 3469 numquam
3569 3401 3624 3453 in
3661 3415 3758 3454 se-

2163 3499 2391 3554 caritate
2438 3496 2678 3566 degere:
2718 3495 2842 3566 quia
2889 3508 2996 3548 non
3044 3503 3130 3548 est
3176 3493 3492 3561 praalinitum
3537 3501 3760 3559 tempus

2163 3587 2378 3658 quando
2425 3602 2524 3641 nos
2568 3600 2916 3656 aggressurus
2957 3592 3041 3638 est
3083 3583 3272 3638 hostis.
3329 3583 3491 3653 Igitur
3533 3596 3756 3651 semper

2166 3679 2319 3733 nobis
2347 3693 2473 3732 cura
2499 3677 2601 3742 sit,
2651 3691 2865 3746 semper
2891 3673 3106 3729 solliciti
3136 3676 3303 3728 simus
3341 3674 3409 3729 de
3446 3672 3613 3726 salute
3648 3689 3757 3725 no-

2163 3779 2273 3823 stra
2298 3810 2314 3832 ,
2343 3776 2400 3822 nt
2437 3769 2514 3822 sic
2539 3782 2824 3836 numquam
2850 3767 3146 3835 expugnari
3178 3765 3472 3835 possimus,
3504 3773 3556 3818 ct
3576 3763 3760 3817 hosﬁ-

2165 3861 2244 3916 les
2270 3859 2582 3930 etl‘ugieutes
2611 3859 2850 3925 insidias,
2874 3858 3292 3913 misericordiam
3318 3873 3347 3910 a
3373 3857 3478 3912 Deo
3499 3871 3757 3926 assequa.

2167 3964 2286 4005 mur
2309 3990 2325 4015 ,
2373 3954 2540 4020 gratia
2569 3960 2625 4004 et
2667 3948 3098 4003 irriserationibus
3126 3947 3392 4015 Unigeniti
3431 3947 3548 4016 ejus
3570 3988 3585 4011 ,
3624 3962 3753 4001 cum

2165 4058 2273 4112 quo
2298 4041 2442 4096 Patri
2467 4083 2483 4106 ,
2515 4041 2675 4096 simul
2702 4049 2756 4096 et
2784 4039 3004 4110 Spiritui
3039 4047 3224 4094 sancto
3250 4039 3314 4093 sit
3343 4038 3510 4108 gloria
3528 4079 3542 4102 ,
3579 4038 3758 4105 impe-

2165 4135 2326 4200 rium,
2357 4133 2547 4200 honor,
2567 4147 2708 4187 nunc
2723 4142 2774 4187 et
2791 4147 3022 4200 setnper,
3050 4141 3103 4185 et
3126 4131 3177 4186 in
3201 4129 3392 4185 Stecnla
3409 4129 3752 4184 saeculorum.

2166 4230 2357 4283 Amen.

2703 4337 2981 4392 llOMILlA
3024 4335 3112 4390 XX
3126 4333 3210 4388 lll.

2180 4451 2286 4510 Noe
2321 4461 2488 4502 autent
2525 4448 2710 4502 invenit
2737 4449 2954 4520 gratiam
2995 4463 3167 4500 coram
3209 4445 3424 4500 Domino
3455 4443 3583 4500 Deo.
3629 4444 3760 4499 Ista

2241 4551 2407 4593 autem
2430 4550 2544 4593 sunt
2570 4540 2914 4609 generationes
2942 4536 3078 4590 Noe.
3112 4535 3226 4590 Noe
3250 4537 3398 4589 homo
3417 4537 3606 4607 justus,
3632 4554 3755 4606 pcr-

2241 4637 2402 4703 fectus
2433 4630 2673 4684 cxsistem
2699 4631 2750 4682 in
2777 4629 3096 4699 generatione
3119 4643 3212 4680 sua
3236 4641 3255 4680 :
3287 4626 3392 4680 Deo
3421 4626 3607 4695 placuit
3641 4626 3759 4682 Noe

2242 4722 2396 4795 (Gen.
2426 4723 2480 4778 6.
2507 4722 2586 4791 9).

2243 4846 2294 4897 l.
2344 4841 2555 4896 Virtutis
2583 4839 2946 4909 prarrogatioaa.
2973 4867 3046 4877 —
3069 4837 3284 4891 Vidistis
3315 4839 3364 4890 in
3397 4835 3460 4889 iis
3479 4851 3595 4904 qua:
3618 4833 3762 4887 dicta

2171 4943 2314 4997 sunt,
2341 4942 2538 5003 quanta
2564 4929 2756 4984 divina:
2804 4928 3183 4982 misericordia:
3227 4927 3556 4997 magnitudo,
3601 4939 3760 4994 quam

2174 5028 2360 5095 ingens
2383 5021 2699 5076 tolerantia?
2725 5018 2931 5073 vidistis
2969 5018 3268 5083 hominum,
3294 5017 3382 5085 qui
3415 5027 3542 5069 tunc
3582 5026 3759 5072 erant,

2176 5124 2539 5186 portentosam
2597 5109 2893 5165 malitiam?
2936 5108 3197 5163 didicistis
3252 5117 3444 5176 quanta
3494 5105 3649 5160 tuerit
3708 5106 3760 5157 in

2174 5207 2346 5261 media
2379 5211 2522 5258 tanta
2551 5201 2886 5256 multitudine
2907 5199 3034 5268 justi
3063 5197 3249 5264 virtus,
3278 5207 3330 5252 et
3355 5212 3514 5267 qnatu
3548 5195 3678 5250 nihil
3712 5195 3763 5247 ei

2175 5296 2417 5350 nocuerit
2455 5293 2536 5348 vel
2566 5292 2779 5346 illorum
2810 5291 2862 5344 in
2893 5290 3090 5344 malum
3117 5289 3466 5357 conspiratio,
3504 5287 3585 5341 vel
3616 5289 3760 5358 quod

2174 5387 2320 5440 solus
2365 5386 2418 5439 in
2464 5384 2640 5438 medio
2681 5383 2903 5436 istorum
2949 5382 3299 5449 interceptus,
3343 5382 3499 5449 longe
3548 5379 3762 5434 diversa

2178 5475 2458 5531 incesserit
2487 5475 2603 5527 via?
2625 5473 2756 5528 Nam
2788 5473 2937 5542 quasi
2967 5472 3294 5541 gubernator
3319 5471 3571 5538 optimus,
3607 5485 3762 5523 men-

2179 5569 2244 5622 tis
2269 5567 2477 5620 clavnm
2497 5579 2686 5634 magna
2713 5563 2981 5633 vigilantia
3004 5561 3287 5629 arripiens,
3318 5561 3493 5614 navim
3523 5577 3669 5614 suam
3693 5560 3764 5612 ab

2179 5658 2502 5712 irruentibus
2527 5655 2743 5708 malitia:
2769 5653 3017 5724 procellis
3047 5653 3312 5721 submergi
3366 5669 3470 5705 non
3518 5664 3601 5706 est
3636 5665 3760 5720 pas-

2176 5765 2289 5812 sus,
2331 5747 2422 5802 sed
2470 5747 2638 5800 factus
2685 5753 3004 5814 tempestate
3053 5742 3338 5810 potentior,
3385 5743 3508 5796 licet
3555 5743 3604 5794 in
3653 5742 3761 5792 alto

2178 5844 2423 5912 jactattts,
2453 5839 2600 5908 quasi
2631 5839 2682 5897 in
2725 5847 2878 5907 portu
2925 5833 3158 5900 sederet,
3185 5835 3390 5890 virtutis
3428 5834 3757 5906 gubernacu-
