4078 6416
282 446 383 504 197

283 557 388 609 lum
417 550 696 620 dirigebat,
725 555 778 600 ct
804 562 832 596 a
857 540 1060 596 diluvio
1085 549 1272 590 otunes
1297 531 1441 584 orbis
1475 525 1674 581 incolas
1698 521 1858 575 deva-

283 654 492 699 staturo
519 610 592 692 se
621 636 896 706 eripiebat.
929 631 1101 685 Tanta
1149 639 1236 679 res
1279 629 1364 677 est
1385 619 1574 681 virtus,
1619 622 1728 667 tam
1767 610 1865 664 iiii-

283 731 551 793 mortalis,
602 700 718 781 tam-
749 724 970 784 invicta,
1017 727 1122 772 tam
1154 712 1288 774 nihil
1327 709 1525 765 cedens
1562 704 1719 772 hujus
1745 700 1866 754 vita:

285 789 638 876 varietatibus
665 833 678 867 :
710 812 806 867 sed
846 825 1008 879 super
1045 804 1260 860 malitia:
1286 801 1420 856 retia
1446 797 1687 856 volitans,
1716 789 1866 860 quasi

284 927 319 967 e
343 907 559 965 sublimi
585 904 800 974 specula
821 899 1071 971 quadam,
1116 896 1194 950 sic
1218 891 1396 948 omnia
1424 888 1652 943 humana
1687 880 1868 974 despi-

285 1002 382 1062 cit,
415 997 546 1052 nihil
571 973 710 1064 quod
739 991 859 1045 aliis
890 989 1172 1043 molestum
1215 983 1285 1038 sit
1309 980 1492 1036 sentit.
1523 977 1626 1032 Sed
1662 974 1800 1028 sicut
1825 973 1871 1024 is

287 1090 380 1160 qui
413 1102 577 1155 super
611 1083 882 1139 excelsam
925 1089 1126 1148 petram
1177 1085 1303 1138 stat,
1333 1071 1527 1125 fluctus
1553 1066 1707 1127 ridet,
1738 1078 1871 1134 quos

290 1156 435 1234 videt
465 1178 532 1232 ad
559 1188 762 1246 petram
797 1185 987 1240 magno
1015 1170 1214 1236 impetu
1241 1162 1518 1234 disrumpi,
1541 1174 1603 1212 ac
1633 1156 1872 1226 protinus

291 1272 345 1324 in
385 1245 629 1336 spumam
671 1263 806 1317 solvi
840 1279 852 1314 :
885 1263 955 1313 ita
987 1268 1040 1313 ct
1082 1258 1171 1327 qui
1219 1254 1404 1308 virtuti
1431 1252 1520 1306 dat
1562 1261 1778 1317 Operam
1818 1245 1874 1298 in

293 1375 490 1417 securo
517 1358 839 1414 constitutus
879 1353 1017 1416 loco,
1069 1347 1203 1404 nihil
1243 1347 1461 1402 insuave
1497 1343 1599 1396 fert
1644 1355 1673 1393 a
1714 1337 1876 1391 rebus

296 1450 638 1514 turbulentis,
666 1446 760 1503 sed
797 1442 1112 1514 tranquillus
1151 1439 1329 1493 animo
1373 1446 1428 1490 et
1467 1433 1678 1504 quietus
1705 1428 1874 1494 sedet,

295 1541 651 1611 intelligitque
689 1551 775 1591 res
801 1535 960 1603 hujus
987 1531 1109 1586 vitae
1134 1529 1264 1583 nihil
1298 1525 1512 1580 differre
1546 1522 1613 1576 ab
1641 1519 1878 1574 amnium

295 1609 535 1694 fluentis,
562 1637 746 1697 utpote
774 1640 895 1696 quae
915 1633 1018 1677 tam
1042 1620 1229 1690 rapido
1248 1633 1406 1673 cursu
1431 1621 1718 1668 transeant.
1747 1609 1879 1664 Nam

297 1728 441 1778 sicut
467 1723 647 1776 videre
673 1720 797 1774 licet
823 1717 987 1772 maris
1004 1715 1196 1768 [luctus
1224 1724 1368 1765 nunc
1394 1705 1607 1772 quidem
1637 1703 1690 1757 in
1715 1702 1881 1754 altum

302 1815 512 1880 extolli,
545 1828 666 1866 mox
693 1818 871 1863 autem
899 1804 1126 1875 deprimi
1153 1821 1167 1857 ε
1193 1803 1265 1857 ita
1301 1810 1356 1856 et
1390 1796 1636 1852 videmus
1673 1807 1768 1848 eos
1793 1787 1886 1859 qui

305 1907 562 1958 virtutem
589 1906 957 1960 contemnunt,
986 1905 1038 1950 et
1067 1892 1316 1963 nequitia:
1332 1890 1460 1945 dant
1484 1900 1723 1956 operam,
1743 1895 1886 1936 nunc

301 1996 521 2066 quidem
545 1992 772 2048 sublime
795 2003 1006 2058 sapere,
1047 1995 1098 2038 et
1119 1981 1398 2052 supercilia
1424 1977 1700 2040 extollere,
1728 1981 1890 2041 atque

306 2061 467 2153 hujus
496 2083 615 2136 vitae
653 2079 798 2134 curis
842 2078 1078 2132 intentos
1107 2088 1248 2139 esse,
1295 2071 1472 2124 subito
1499 2075 1674 2121 autem
1706 2061 1884 2130 dejici,

303 2187 365 2229 et
384 2152 454 2227 ad
485 2181 782 2227 extremam
808 2167 996 2222 venire
1043 2164 1295 2231 impiam.
1338 2159 1484 2226 Quos
1512 2158 1698 2211 beatus
1724 2152 1885 2207 David

305 2262 670 2324 lubiudicans,
713 2257 924 2313 dicebat
957 2273 970 2309 :
1006 2252 1088 2307 Ne
1132 2237 1503 2305 tiniueris'cum
1543 2247 1678 2300 dives
1722 2247 1889 2314 factus

310 2355 467 2424 fuerit
495 2352 665 2415 homo,
706 2348 785 2402 vel
829 2363 945 2400 cum
985 2343 1320 2412 multiplicata
1343 2339 1492 2409 fuerit
1519 2337 1684 2407 gloria
1711 2334 1891 2388 domus

309 2447 424 2513 ejus
443 2459 462 2498 :
486 2441 604 2513 quia
640 2457 756 2494 cum
788 2437 1031 2492 interierit
1060 2451 1162 2488 non
1188 2442 1350 2486 sumet
1394 2429 1563 2483 omnia
1593 2425 1765 2498 (Paul.
1799 2425 1889 2479 48.

315 2536 432 2605 17).
471 2534 540 2589 Et
581 2533 716 2587 bene
759 2530 914 2594 dixit,
957 2526 1040 2580 Ne
1077 2523 1325 2579 timueris.
1375 2521 1454 2576 Ne
1496 2529 1548 2574 te
1588 2518 1893 2583 conturbet,

314 2625 495 2678 dicere
522 2621 656 2688 vult,
679 2620 857 2674 divitis
872 2615 1194 2671 abundantia
1213 2621 1269 2668 et
1294 2612 1474 2682 gloria:
1503 2608 1774 2680 splendor.
1807 2605 1898 2662 Vi-

316 2714 471 2768 debis
499 2713 640 2768 enim
691 2725 796 2764 non
827 2707 997 2763 multo
1026 2714 1145 2774 post
1172 2703 1317 2758 humi
1341 2701 1629 2772 jacentem,
1669 2707 1724 2754 et
1763 2698 1896 2752 nihil

318 2803 530 2873 operari
578 2801 874 2866 valentem,
932 2806 1198 2852 mortuum
1247 2793 1473 2848 cadaver
1531 2790 1797 2847 vermibus
1847 2789 1900 2843 in

318 2899 469 2952 cibos
494 2895 784 2966 objectum,
827 2890 1136 2960 nudumque
1174 2887 1260 2942 his
1289 2885 1536 2941 omnibus
1563 2882 1782 2944 factum,
1811 2880 1901 2950 qui

320 2988 453 3043 nihil
483 2988 672 3040 horum
713 2985 932 3037 omnino
958 2996 1139 3035 secum
1167 2977 1379 3033 auferre
1409 2975 1658 3046 potuerit,
1691 2971 1785 3027 sed
1816 2971 1902 3024 hic

322 3079 499 3133 omnia
543 3075 838 3145 reliquerit.
881 3071 960 3128 Ne
997 3071 1154 3140 igitur
1193 3068 1382 3122 anxius
1419 3067 1495 3120 sis
1539 3080 1658 3120 cum
1707 3062 1905 3115 videris

324 3169 606 3240 praisentia
639 3183 654 3220 :
684 3179 856 3235 neque
899 3163 1115 3217 beatum
1151 3160 1300 3214 dicas
1327 3173 1449 3211 eum
1480 3157 1568 3228 qui
1596 3162 1716 3226 post
1745 3154 1905 3208 breve

325 3273 536 3330 tempus
565 3261 631 3314 ab
675 3259 758 3312 his
785 3255 1034 3310 omnibus
1064 3254 1401 3308 destiluetur.
1447 3247 1719 3318 Ejusmodi
1762 3246 1904 3300 enim

327 3363 410 3408 est
433 3365 666 3422 prazsens
689 3350 929 3414 felicitas,
954 3358 1003 3402 et
1031 3347 1331 3400 divitiarum
1361 3354 1566 3406 natura,
1597 3350 1651 3394 ut
1677 3356 1780 3393 non
1805 3354 1907 3392 una

329 3445 719 3512 counnigrent,
780 3455 903 3494 cum
948 3439 1074 3494 hinc
1123 3437 1282 3491 fuerit
1333 3434 1654 3488 abeundum.
1709 3431 1910 3483 Divites

331 3544 474 3592 t-m'm
507 3537 590 3590 his
616 3535 863 3589 omnibus
889 3532 1109 3594 relictis,
1142 3529 1267 3583 nudi
1295 3527 1418 3582 hinc
1445 3524 1760 3586 abscedunt,
1798 3533 1912 3575 tan-

339 3641 452 3683 tum
474 3627 676 3682 malitia
710 3625 906 3687 vestiti,
935 3632 991 3677 et
1015 3632 1352 3691 peccatorum
1377 3617 1630 3672 oneribus
1656 3615 1778 3669 inde
1804 3611 1914 3668 col-

333 3721 507 3775 lectis.
549 3721 619 3771 At
651 3717 805 3785 longe
837 3728 991 3767 secus
1031 3712 1189 3765 habet
1217 3713 1403 3774 virtus,
1430 3723 1550 3777 qua:
1591 3707 1676 3760 hic
1705 3721 1915 3776 quoque

343 3811 671 3887 PQIl‘llliOTCS
699 3803 1132 3868 insidiatoribus,
1180 3810 1233 3854 et
1277 3800 1434 3869 plane
1475 3798 1700 3852 invictos
1744 3795 1917 3850 reddit

337 3917 487 3963 suos,
513 3898 925 3966 continuamquc
946 3892 1148 3965 pra-bet
1168 3892 1512 3959 voIUptatem,
1542 3900 1592 3944 et
1626 3906 1693 3942 ne
1717 3887 1918 3942 sentire

338 3994 554 4062 quidem
599 3991 725 4044 sinit
756 4004 934 4043 rerum
982 3988 1202 4040 istarum
1246 3983 1655 4051 inaequalitatem
1686 3999 1699 4034 :
1728 3979 1822 4034 sed
1864 3986 1919 4033 ct

345 4084 473 4138 hinc
491 4080 882 4151 emigrantibus
911 4076 1159 4130 comitem
1189 4089 1248 4128 se
1280 4073 1446 4133 addit,
1475 4080 1530 4126 et
1566 4081 1688 4124 tunc
1714 4069 1922 4138 potissi-

343 4190 513 4240 mum,
539 4188 658 4226 cum
683 4171 798 4239 ejus
825 4168 1061 4223 subsidio
1084 4179 1322 4234 egemus,
1354 4165 1405 4215 in
1426 4163 1617 4230 dieque
1645 4160 1736 4214 illo
1763 4159 1921 4214 terri-

346 4265 436 4316 ιιιΙί
479 4276 725 4332 magnum
750 4258 923 4312 nobis
961 4262 1172 4324 prmstat
1217 4251 1494 4315 auxilium,
1528 4251 1740 4318 placatis
1771 4247 1923 4302 nobis

346 4352 549 4408 Judicis
575 4350 783 4404 oculum
809 4365 823 4402 :
851 4358 905 4401 et
931 4346 1070 4401 sicut
1098 4343 1183 4397 hic
1208 4345 1274 4396 ab
1303 4339 1668 4410 ingruentibus
1699 4338 1924 4392 infortu-

352 4446 476 4504 niis,
521 4444 590 4494 ita
639 4450 694 4495 et
740 4440 791 4493 in
833 4438 1009 4492 futuro
1051 4451 1110 4490 se
1153 4434 1392 4488 colentes
1433 4447 1462 4483 a
1508 4430 1788 4484 tormentis
1826 4428 1928 4481 illis

349 4533 531 4601 eripit.
556 4531 738 4600 Neque
769 4531 870 4584 hoc
898 4529 1068 4582 solum
1096 4526 1223 4595 agit,
1261 4524 1354 4578 sed
1390 4534 1443 4576 et
1469 4520 1748 4576 ineffabilia
1775 4518 1930 4572 nobis

355 4626 516 4684 Lena,
552 4621 740 4689 quibus
770 4620 1024 4682 fruamur,
1055 4615 1322 4669 conciliat.
1362 4612 1426 4665 Et
1454 4620 1509 4664 ut
1534 4611 1672 4664 scias
1709 4611 1822 4663 lucc
1859 4608 1931 4662 ita

353 4730 475 4766 sese
509 4712 726 4775 habere,
754 4724 924 4778 neque
955 4722 1051 4761 nos
1082 4708 1132 4760 in
1162 4721 1353 4758 vanum
1385 4712 1437 4756 et
1473 4701 1663 4755 frustra
1691 4700 1757 4754 ad
1784 4699 1924 4753 blan-

355 4801 607 4856 diendum
650 4800 733 4853 his
782 4799 959 4852 verbis
1005 4798 1077 4850 titi
1105 4821 1118 4851 ς
1144 4795 1355 4849 tentabo
1412 4807 1552 4846 nunc
1588 4807 1658 4844 ex
1697 4792 1779 4844 his
1817 4807 1936 4860 quae

361 4895 628 4965 proposita
679 4900 804 4947 sunt
857 4889 1065 4944 caritati
1112 4898 1301 4940 vestrae
1348 4884 1398 4937 id
1453 4883 1756 4937 ostendere.
1809 4881 1939 4936 Vide

360 4987 504 5040 enini
543 4983 809 5053 quomodo
851 4981 1195 5036 admirandus
1226 4978 1315 5031 ille
1345 4977 1444 5042 vir,
1491 4975 1603 5030 Noe
1631 4976 1770 5038 dico,
1821 4975 1940 5029 uui-

363 5091 519 5130 verso
549 5075 820 5128 liomintnn
842 5087 1036 5141 genere
1062 5071 1315 5125 adversus
1341 5068 1684 5137 semetipsum
1712 5068 1946 5123 clemen-

364 5170 494 5223 tiam
525 5165 728 5220 Domini
755 5163 821 5218 ad
850 5163 1172 5216 iracundiam
1199 5173 1519 5230 provocante
1545 5177 1555 5211 :
1577 5161 1683 5226 ille,
1706 5162 1941 5229 inquam,

363 5260 512 5314 solus
551 5273 647 5312 sua
690 5258 886 5309 virtute
934 5257 1097 5322 potuit
1141 5253 1612 5325 et_indiguationis
1656 5253 1944 5321 periculum

368 5351 623 5420 eflugcre,
657 5357 714 5413 et
762 5360 1003 5415 magnam
1051 5345 1141 5398 Dei
1171 5344 1594 5398 benevolentiam
1637 5343 1737 5397 sibi
1763 5345 1946 5398 conci-

378 5442 527 5494 liare.
553 5441 649 5503 Ac,
677 5437 722 5490 si
753 5437 944 5505 placet,
973 5437 1251 5503 loquamur
1280 5435 1348 5488 de
1386 5435 1448 5487 iis
1473 5449 1591 5502 qum
1619 5434 1669 5487 in
1703 5431 1951 5502 praesenti

375 5534 483 5585 vita
521 5529 791 5584 eveniunt.
836 5528 974 5582 Sunt
1015 5527 1158 5580 enim
1190 5525 1430 5580 fortassis
1478 5526 1636 5595 aliqui
1669 5526 1859 5582 futuris
1894 5535 1948 5582 et

368 5618 736 5676 inrisibilihus
768 5633 952 5687 parum
993 5617 1293 5671 credentes.
1351 5616 1630 5691 Videamus
1671 5615 1848 5686 itaque
1884 5631 1950 5670 ex

374 5711 442 5764 iis
471 5723 588 5777 qua:
615 5708 702 5759 hic
726 5707 998 5770 eveniunt,
1031 5706 1202 5775 qualia
1225 5705 1539 5774 contingunt
1570 5705 1634 5758 iis
1653 5708 1741 5774 qui
1772 5709 1956 5775 nequi-

373 5803 462 5855 tiac
493 5812 552 5854 se
579 5796 798 5862 dedunt,
827 5807 882 5851 et
901 5797 1074 5867 qualia
1106 5799 1298 5870 accipit
1323 5798 1366 5853 is
1391 5798 1480 5868 qui
1511 5799 1757 5856 virtutem
1786 5812 1954 5856 secta-

1290 421 1350 474 IN
1390 418 1520 473 CAP
1585 414 1668 466 \‘l.
1699 404 1940 466 CENl'IS.
1985 401 2212 456 ιι-υιλιιιι.
2257 400 2438 456 ΧΧῚΙ.

3453 403 3554 461 193

1979 525 2081 568 tur.
2126 508 2408 582 Postquam
2449 513 2589 566 enim
2629 511 2796 566 bonus
2840 512 2978 568 Deus
3020 514 3088 567 ob
3128 515 3312 586 ingens
3339 519 3556 574 malitia;

1968 616 2312 676 augmentum
2356 604 2676 661 sententiam
2722 605 2839 660 tulit
2877 621 3000 661 esse
3054 607 3342 663 humanum
3386 625 3556 679 genus

1973 697 2260 752 universali
2300 695 2536 766 pernicie
2564 695 2913 765 puniendum,
2941 705 2996 751 et
3021 697 3160 751 dixit
3187 716 3201 753 :
3234 698 3422 754 Delebo
3462 704 3556 753 Im-

1973 788 2158 841 minem
2181 803 2327 854 quem
2356 785 2472 856 feci,
2496 802 2529 838 a
2550 786 2678 854 {acie
2702 796 2849 840 terra:
2871 803 2889 841 .'
2909 797 2963 841 et
2992 797 3293 845 monstrans
3317 792 3557 860 indigna-

1974 877 2133 932 tionis
2186 891 2297 930 suaa
2352 875 2809 946 magnitudinem,
2868 894 2973 930 non
3023 889 3205 933 contra
3263 881 3550 934 humanum

1975 967 2253 1020 dumtaxat
2291 981 2459 1035 genus
2501 966 2829 1025 sententiam
2869 968 3109 1035 protulit,
3155 969 3250 1024 sed
3279 978 3337 1025 et
3370 985 3558 1026 eontra

1975 1057 2154 1111 munia
2179 1056 2442 1124 jumenta,
2491 1065 2546 1110 et
2582 1056 2810 1124 reptilia,
2857 1065 2912 1111 et
2954 1057 3185 1113 volatilia
3215 1075 3229 1114 :
3258 1075 3377 1114 cum
3418 1064 3558 1116 enim

1971 1147 2198 1215 perituri
2229 1156 2283 1200 et
2305 1145 2678 1215 submergendi
2709 1146 2954 1202 homines
2971 1164 3170 1216 essent,
3194 1162 3410 1220 propter
3428 1167 3564 1222 quos

1982 1235 2098 1288 habe
2135 1233 2274 1288 facta
2319 1243 2463 1299 sunt,
2485 1235 2606 1303 jure
2649 1249 2714 1288 ac
2769 1237 2959 1289 merito
2999 1237 3089 1291 ilia
3133 1255 3345 1309 quoque
3387 1256 3561 1310 pinna:

1978 1325 2250 1376 consortio
2283 1324 2429 1392 paria
2463 1322 2650 1396 fuere_:
2685 1324 2842 1394 igitur
2885 1340 3005 1378 cum
3034 1329 3298 1382 sententia
3329 1332 3563 1385 nondum

1982 1417 2240 1485 pra'iittila
2281 1425 2444 1481 esset,
2499 1430 2604 1485 qua
2643 1415 2734 1468 alii
2788 1417 2854 1468 ab
2893 1417 3012 1471 aliis
3054 1433 3478 1486 secernerentur,
3512 1435 3568 1476 ut

1982 1506 2157 1559 discas
2181 1521 2338 1576 quam
2366 1521 2472 1558 non
2501 1507 2569 1558 sit
2608 1519 2954 1574 personarum
2985 1518 3234 1576 acceptor
3271 1509 3434 1577 Deus,
3473 1513 3567 1566 st'd

1985 1596 2036 1649 in
2063 1595 2224 1649 corda
2250 1606 2430 1648 nostra
2464 1595 2769 1662 ingrediens
2794 1596 2998 1649 nullum
3021 1597 3297 1667 despiciat,
3328 1613 3382 1656 et
3408 1604 3451 1656 si
3487 1605 3567 1657 vel

1994 1701 2210 1754 parvam
2237 1685 2523 1755 quamdam
2549 1687 2882 1740 occasionem
2919 1701 3017 1741 nos
3041 1690 3343 1756 all'cramus,
3385 1693 3571 1747 inetia-

1989 1778 2146 1830 bilem
2172 1792 2324 1831 suam
2355 1775 2592 1831 declaret
2612 1777 3054 1844 misericordiam,
3084 1779 3253 1850 inquit
3279 1783 3572 1854 Scriptura,

1990 1878 2048 1920 ut
2089 1883 2156 1922 ne
2187 1874 2356 1922 totum
2395 1881 2568 1937 genus
2613 1867 2904 1923 humanum
2947 1869 3264 1926 abolendum
3306 1884 3573 1945 putemus,

1987 1958 2081 2012 sed
2111 1959 2362 2023 sciamus,
2411 1958 2584 2026 ipsum
2625 1973 2720 2026 per
2758 1975 2908 2012 suam
2942 1961 3230 2017 bonitatem
3275 1967 3578 2036 relinquere

1988 2051 2273 2104 scintillam
2321 2058 2377 2104 et
2419 2049 2653 2104 radicem
2697 2053 2982 2119 quamdam
3020 2053 3240 2119 salvam,
3291 2067 3347 2111 ut
3374 2059 3571 2113 iterum

1997 2145 2283 2197 humanum
2312 2159 2480 2212 genus
2508 2142 2560 2195 iii
2607 2159 2856 2211 proceros
2886 2145 3097 2200 extendi
3145 2148 3313 2215 possit
3354 2165 3572 2205 ramos:

1994 2236 2132 2304 Noe,
2159 2236 2350 2306 inquit,
2382 2236 2569 2289 invenit
2597 2237 2813 2306 gratiam
2838 2252 3009 2290 coram
3034 2236 3159 2293 Deo.

2063 2327 2116 2381 Ξ.
2161 2327 2293 2382 Vide
2318 2326 2608 2397 Scriptura:
2634 2327 2987 2396 diligentiam,
3017 2331 3287 2398 quomodo
3318 2349 3386 2388 ne
3412 2337 3572 2406 sylla-
3640 2327 3642 2332 ’

1995 2418 2116 2472 bam
2137 2418 2351 2488 quidem
2374 2434 2533 2473 uuam
2558 2420 2800 2472 inutilem
2822 2420 3109 2475 contineat.
3140 2423 3274 2478 Nam
3303 2438 3580 2496 postquam

1997 2526 2096 2566 nos
2125 2511 2307 2566 docuit
2350 2512 2663 2581 gravitatem
2705 2512 2955 2581 nequitia:
2992 2510 3290 2583 hominum,
3332 2527 3386 2574 et
3411 2499 3584 2588 penna:

2001 2602 2421 2674 magnitudinem
2474 2603 2728 2672 improbis
2773 2603 3138 2670 inferendam,
3185 2608 3384 2664 iudieat
3434 2613 3586 2667 nobis

2003 2712 2126 2750 eum
2152 2695 2243 2764 qui
2281 2694 2335 2747 in
2366 2703 2507 2748 tanta
2542 2694 2880 2750 multitudine
2911 2698 3139 2764 potuerit
3176 2699 3438 2756 sinceram
3469 2717 3586 2758 ser-

2004 2802 2129 2840 Vare
2170 2786 2441 2840 virtutem.
2489 2783 2585 2838 Est
2623 2785 2764 2837 enim
2801 2786 2968 2840 virtus
3016 2789 3177 2842 etiam
3219 2804 3315 2858 per
3355 2793 3584 2861 seipsam

2003 2875 2349 2930 admirabilis.
2378 2874 2527 2942 Quod
2573 2875 2614 2927 si
2660 2876 2778 2943 quis
2809 2877 2947 2930 illam
2991 2879 3042 2932 in
3085 2881 3262 2935 medio
3299 2886 3588 2952 prohiben-

2007 2971 2137 3023 tium
2181 2967 2354 3032 colat,
2411 2968 2576 3021 multa
2630 2970 3077 3026 admirabliorem
3124 2973 3290 3042 ipsam
3330 2980 3583 3034 ostendit.

2009 3062 2298 3130 Propterea
2333 3060 2512 3113 divina
2542 3059 2816 3128 Scriptura
2857 3063 3006 3129 quasi
3033 3063 3346 3120 admirando
3387 3068 3588 3136 justttm

2007 3153 2136 3208 dicit
2159 3155 2225 3208 de
2256 3153 2367 3219 illo,
2399 3155 2450 3206 in
2473 3152 2650 3207 medio
2680 3152 2891 3208 illorum
2922 3156 3010 3224 qui
3048 3156 3467 3228 indignationem
3497 3163 3592 3218 Dei

2009 3245 2282 3313 eriperturi
2323 3255 2478 3299 erant
2512 3254 2776 3309 versante,
2813 3244 2928 3300 Noe
2960 3257 3125 3300 autem
3169 3254 3356 3305 inuenit
3378 3256 3595 3324 gratiam

2018 3355 2187 3391 coram
2220 3336 2435 3390 Domino
2456 3335 2581 3388 Deo.
2609 3334 2809 3390 Invenit
2833 3339 3070 3408 gratiam,
3094 3343 3204 3404 sed,
3235 3342 3415 3398 Coram
3443 3346 3549 3400 Deo
3577 3363 3594 3402 :

2025 3446 2130 3483 non
2163 3427 2497 3498 simpliciter,
2527 3426 2726 3481 Invenit
2759 3430 2994 3498 gratiam,
3023 3432 3137 3497 sed,
3168 3433 3352 3487 Coram
3380 3435 3597 3491 Domino

2018 3520 2124 3574 Deo
2155 3528 2250 3572 :ut
2274 3533 2372 3572 nos
2420 3517 2628 3583 doceat,
2659 3519 2831 3588 ipsum
2859 3536 3020 3574 untun
3059 3523 3308 3579 habuisse
3351 3541 3596 3598 scopum,

2018 3625 2077 3667 ut
2112 3612 2180 3665 ab
2219 3611 2309 3664 illo
2347 3609 2502 3662 oculo
2530 3609 2857 3675 laudaretur,
2891 3614 2978 3682 qui
3006 3613 3295 3669 dormitare
3322 3620 3596 3690 sopirique

2020 3704 2226 3769 nescit,
2265 3700 2502 3769 nihilque
2554 3703 2824 3758 curavisse
2882 3703 3164 3770 humanam
3217 3708 3464 3776 gloriam,
3515 3714 3602 3767 vel

2021 3793 2387 3866 ignominiam,
2410 3796 2493 3849 vel
2523 3796 2843 3850 irrisionem.
2863 3795 3164 3852 Verisimile
3191 3799 3331 3852 enim
3354 3811 3436 3855 est
3455 3817 3602 3869 eum,

2023 3905 2144 3942 cum
2176 3899 2369 3957 printer
2394 3903 2598 3944 morem
2630 3887 2865 3941 omnium
2898 3887 3146 3942 virtutem
3188 3891 3410 3957 coleret,
3441 3892 3608 3950 fuisse

2025 3981 2405 4034 subsannatuin
2443 3990 2497 4033 et
2527 3980 2742 4033 irrisum
2784 3980 2852 4032 ab
2894 3981 3142 4033 omnibus
3185 3984 3476 4051 nequitiam
3518 4002 3603 4042 se-

2026 4075 2312 4138 ctantibus,
2343 4072 2431 4140 qui
2449 4079 2836 4125 consueverant
2866 4084 2960 4124 eos
2986 4073 3075 4140 qui
3106 4072 3245 4124 illam
3277 4077 3525 4142 vitarent,
3553 4086 3608 4132 et

2029 4167 2274 4218 γὶιίιιινιη
2319 4164 2774 4231 amplexarentur,
2824 4163 3087 4230 irridere;
3130 4165 3178 4218 id
3208 4168 3348 4232 quod
3377 4178 3431 4222 et
3469 4186 3610 4225 nunc

2029 4269 2172 4324 tta-pe
2218 4253 2329 4308 fieri
2371 4253 2528 4308 solet.
2559 4252 2919 4322 Videmusque
2948 4269 3140 4324 segnes
3170 4258 3365 4313 multos
3392 4262 3482 4329 qui
3527 4263 3611 4316 ri-

2031 4362 2148 4399 sum
2184 4356 2236 4399 et
2277 4345 2743 4400 subsannationem
2784 4344 2925 4399 ferre
2965 4359 3255 4415 nequeunt,
3291 4351 3386 4405 sed
3420 4354 3609 4421 prazfe-

2032 4447 2159 4491 ruut
2185 4438 2468 4490 humanam
2497 4436 2720 4505 gloriam
2748 4451 2891 4489 verae
2932 4445 2986 4489 et
3013 4437 3320 4505 immortali,
3361 4443 3614 4500 abstracti

2036 4538 2090 4582 et
2117 4528 2290 4581 allecti
2321 4527 2388 4580 ab
2416 4528 2641 4580 aliorum
2674 4525 2949 4581 hominum
2992 4529 3211 4582 malitia.
3241 4531 3444 4586 Anima:
3470 4536 3613 4590 enim

2039 4622 2188 4674 fortis
2213 4631 2266 4673 et
2296 4619 2592 4672 constantis
2637 4629 2740 4683 est,
2784 4631 2942 4686 posse
2963 4619 3224 4674 obsistere
3257 4622 3321 4676 iis
3345 4625 3433 4692 qui
3467 4626 3618 4679 avel-

2039 4712 2148 4766 lere
2176 4710 2487 4772 tnoliuntur,
2519 4716 2571 4762 et
2600 4705 2926 4764 nihilfacere
2955 4719 3011 4762 ut
3041 4710 3345 4765 hominibus
3369 4713 3577 4780 placeat
3602 4732 3616 4769 :

2040 4802 2133 4857 sed
2159 4801 2369 4856 oculum
2399 4815 2552 4854 suum
2593 4799 2870 4856 huendere
2897 4798 2964 4852 ad
2993 4799 3142 4852 illum
3178 4800 3464 4870 iusopituui
3491 4819 3621 4858 ocu-

2044 4895 2174 4959 lum,
2205 4902 2262 4948 et
2287 4893 2355 4946 ab
2382 4908 2447 4947 eo
2477 4891 2652 4945 solum
2685 4890 2910 4959 gloriam
2935 4901 3268 4960 exspectare,
3291 4894 3622 4964 istorumque

2043 4985 2264 5056 gloriam
2308 4983 2603 5050 despicere,
2648 4981 2948 5050 nulliusque
2992 4981 3080 5050 pili
3122 4980 3296 5036 facere
3338 4983 3622 5040 humanam

2046 5075 2258 5130 laudem
2283 5073 2363 5127 vel
2395 5070 2656 5137 convicia,
2684 5069 2780 5124 sed
2809 5084 2871 5123 ea
2900 5070 3305 5138 prtatermittere
3327 5081 3383 5125 ut
3412 5074 3626 5129 umbras

2048 5176 2103 5220 et
2142 5164 2370 5219 somnia.
2393 5162 2509 5217 Jam
2540 5160 2627 5215 hic
2669 5175 2812 5230 satpe
2839 5160 2988 5214 tnulti
3017 5175 3122 5215 non
3155 5160 3386 5217 ferentes
3410 5163 3628 5232 injurias

2048 5255 2367 5310 decem-iiut
2403 5251 2589 5321 viginti
2635 5250 2934 5320 hominum,
2979 5249 3064 5304 vel
3106 5252 3266 5304 etiam
3299 5255 3628 5323 pauciorum,

2049 5345 2371 5414 supplantati
2397 5351 2598 5397 suntet
2625 5350 2964 5395 corruerunt.
2991 5339 3082 5393 Est
3116 5340 3248 5394 enim
3273 5345 3507 5415 confusio
3533 5352 3632 5402 du-

2051 5455 2168 5493 cens
2209 5438 2263 5489 in
2302 5445 2559 5505 peccatum
2588 5431 2776 5497 (Eccti.
2819 5431 2874 5486 4.
2912 5429 3028 5498 25).
3075 5430 3256 5500 Neque
3294 5448 3513 5502 parvum
3553 5446 3635 5492 est

2053 5527 2333 5596 despicere
2355 5524 2641 5578 irridentes
2669 5531 2722 5575 ct
2746 5521 3130 5589 exprobrantes
3158 5530 3212 5575 et
3239 5523 3438 5579 salibus
3466 5526 3638 5581 inces-

2056 5629 2284 5674 sentes:
2317 5630 2370 5669 at
2409 5616 2585 5684 justus
2623 5614 2712 5667 ille
2765 5628 2871 5665 non
2919 5613 3042 5666 talis
3073 5621 3226 5667 ‘erat.
3271 5614 3452 5686 Neque
3495 5619 3638 5673 enim

2062 5719 2266 5765 tan'um
2297 5707 2478 5762 decem
2511 5714 2566 5760 et
2609 5704 2793 5772 viginti
2822 5714 2876 5758 et
2904 5715 3116 5758 centum
3150 5704 3413 5774 homines,
3455 5709 3548 5762 sed
3585 5719 3636 5764 et

2061 5817 2274 5859 omnem
2310 5800 2580 5854 hominum
2604 5806 2870 5863 naturam,
2897 5806 2949 5851 cl
2973 5805 3050 5850 tot
3079 5797 3344 5870 myriadas
3368 5797 3630 5869 deSpexit.
