4078 6440
507 440 609 491 199

505 545 809 602 Verisimile
832 542 975 599 enim
1007 550 1088 598 est
1118 555 1306 596 omnes
1350 539 1471 594 Illos
1525 537 1729 603 risisse,
1759 535 2081 599 traduxisse,

503 635 937 699 subsannavisse,
977 631 1333 687 debacchatos
1371 644 1513 695 esse,
1556 643 1618 682 ac
1644 626 1780 681 forte
1815 627 1997 689 etiam,
2040 627 2084 680 si

505 726 756 796 possibile
799 723 1007 788 fuisset,
1056 722 1350 778 dilacerare
1379 719 1631 772 voluisse.
1673 717 1896 786 Semper
1937 714 2084 770 enim

501 827 687 872 contra
736 817 985 870 virtutem
1031 812 1226 867 insanit
1279 811 1524 864 malitia:
1557 809 1699 876 atqui
1747 822 1853 860 non
1909 807 2082 860 solum

504 909 633 962 ttiltil
663 908 734 961 illi
777 914 954 972 nocet,
999 903 1092 959 sed
1133 911 1187 956 et
1227 899 1527 955 infestando
1570 897 1843 952 fortiorem
1889 895 2082 950 reddit.

503 998 736 1053 Tantum
761 998 904 1051 enim
945 994 1154 1048 virtutis
1182 1002 1264 1046 est
1292 992 1471 1053 robttr,
1510 998 1564 1042 ut
1596 986 1846 1056 patiendo
1871 995 2086 1056 superet

502 1105 600 1144 eos
626 1090 716 1160 qui
745 1088 1012 1156 negotium
1057 1086 1156 1140 sibi
1197 1083 1415 1144 faciant,
1466 1090 1520 1135 et
1558 1095 1677 1134 cum
1722 1079 2084 1148 impugnatur,

505 1181 748 1235 hostibus
778 1179 868 1233 fiat
892 1177 1176 1248 potentior.
1213 1176 1384 1243 Atque
1431 1172 1483 1226 id
1535 1173 1586 1226 in
1615 1171 1796 1225 multis
1822 1170 2083 1224 videmus.

503 1273 769 1325 Cancrum
797 1278 854 1322 ut
891 1269 1037 1320 vobis
1065 1267 1378 1320 occasiones
1401 1263 1734 1332 praebeamus
1761 1280 1773 1316 :
1805 1261 1886 1314 Da
1913 1263 2082 1327 enim,

505 1363 696 1432 inquit,
728 1361 942 1430 sapienti
969 1359 1300 1420 occasionem,
1332 1370 1379 1410 et
1405 1356 1680 1425 sapientior
1705 1357 1798 1408 erit
1829 1353 2008 1424 (Prov.
2029 1355 2084 1408 9.

503 1454 599 1522 9):
631 1465 808 1521 operte
852 1450 1080 1518 pretium
1124 1447 1281 1501 luerit
1320 1456 1374 1501 et
1411 1463 1474 1500 ex
1525 1446 1719 1511 Veteri,
1762 1458 1816 1500 ct
1843 1461 1910 1499 ex
1938 1445 2088 1499 Novo

502 1543 849 1598 Testamento
887 1539 1176 1608 Scriptura:
1215 1538 1368 1591 vobis
1394 1538 1583 1591 aﬂ'erre
1611 1539 1874 1606 exempla.
1903 1535 2086 1606 Itaque

501 1634 696 1704 Cogita,
731 1632 956 1685 obsecro
1003 1640 1083 1694 te,
1123 1629 1253 1682 Abel
1283 1643 1457 1683 nonne
1497 1628 1704 1682 occisus
1747 1636 1830 1681 est
1877 1643 1906 1680 a
1953 1628 2085 1681 Cain.

509 1723 662 1796 (Gen.
695 1721 789 1792 4)?
832 1734 1011 1774 uenne
1056 1719 1201 1774 humi
1241 1720 1578 1788 prostratus?
1619 1718 1724 1774 Sed
1767 1733 1835 1772 ne
1873 1727 2088 1787 spectes

502 1813 644 1883 quod
691 1811 1048 1884 praevaluerit,
1093 1810 1460 1879 occideritque
1500 1825 1620 1864 eum
1663 1809 1746 1863 cui
1796 1809 2084 1876 invidebat,

505 1901 634 1956 niltil
660 1903 727 1954 ab
757 1902 848 1954 illo
873 1901 1064 1962 laesus;
1095 1899 1189 1954 sed
1226 1900 1502 1968 sequentia
1535 1899 1779 1967 expende
1811 1918 1823 1952 :
1853 1907 1912 1952 ut
1939 1900 2082 1952 scili-

502 2001 588 2044 cet
619 1990 827 2044 occisus
870 1989 959 2044 illc
1000 1990 1065 2042 ad
1108 1989 1211 2043 hoc
1253 2004 1420 2058 usque
1462 1997 1670 2057 tempus
1699 1989 2014 2058 praedicetur
2033 1999 2087 2044 et

501 2091 812 2147 coronetur,
844 2095 941 2135 nec
965 2088 1166 2133 tantum
1193 2087 1400 2149 tempus
1424 2079 1540 2145 ejus
1568 2081 1877 2134 memoriam
1906 2081 2087 2134 immi-

502 2179 662 2236 uuat;
703 2178 759 2223 at
794 2170 882 2240 qui
911 2170 1106 2225 occidit
1155 2177 1209 2224 et
1239 2169 1539 2238 praevaluit,
1576 2169 1885 2226 etiamtunc
1921 2171 2085 2224 vitam

502 2273 672 2318 morte
724 2263 1024 2332 graviorem
1074 2262 1418 2325 sustinuerit,
1462 2270 1620 2332 atque
1648 2278 1713 2317 ex
1750 2278 1816 2317 eo
1849 2250 2088 2332 tempore

501 2369 670 2423 usque
696 2354 748 2406 itt
781 2353 1096 2408 hodiernum
1138 2352 1446 2414 infametur.
1479 2361 1533 2406 et
1557 2352 1807 2406 omnibus
1833 2367 2084 2407 exsecra-

503 2443 635 2498 tioni
676 2445 952 2508 habeatur,
984 2458 1104 2498 cum
1147 2443 1238 2497 ille
1275 2443 1513 2512 quotidie
1542 2443 1781 2496 omnium
1807 2458 1901 2496 ore
1939 2443 2083 2497 cele-

504 2538 708 2592 bretur.
738 2536 803 2589 Et
843 2535 958 2590 hinc
984 2535 1195 2604 quidem
1225 2535 1277 2589 in
1307 2535 1558 2603 praesenti
1584 2535 1689 2589 vita
1717 2552 1730 2586 :
1754 2551 1872 2602 qua:
1900 2545 2082 2589 autem

503 2625 558 2678 in
593 2624 771 2678 futuro
795 2624 993 2679 saeculo
1023 2624 1352 2693 contingent,
1383 2625 1502 2693 quis
1532 2638 1731 2690 sermo,
1771 2640 1890 2694 qua:
1929 2639 2084 2680 mens

500 2730 754 2771 enarrare
784 2717 1002 2784 posset?
1027 2718 1102 2769 Ac
1129 2716 1243 2768 scio
1263 2715 1474 2784 quidem
1514 2731 1628 2778 vos,
1661 2725 1842 2784 utpote
1872 2715 2083 2770 intelle-

499 2814 588 2860 ctu
619 2807 891 2875 praeditos,
935 2806 1100 2860 nmlta
1129 2806 1252 2859 talia
1283 2807 1335 2858 in
1367 2805 1658 2876 Scripturis
1698 2815 1949 2861 contenta
1993 2823 2086 2861 re-

500 2907 748 2966 perturos
790 2911 930 2951 esse.
981 2897 1110 2950 Nam
1159 2897 1260 2950 illae
1301 2896 1400 2952 hac
1428 2897 1494 2950 de
1543 2913 1701 2952 causa
1751 2899 1802 2952 in
1847 2909 2082 2954 nostram

499 2986 781 3040 utilitatem
830 2994 954 3040 sunt
993 2986 1228 3056 scriptae,
1272 2995 1330 3040 ut
1360 2987 1473 3041 haec
1505 2987 1792 3054 discentes,
1822 2989 2080 3044 malitiam

500 3077 762 3147 fugiamus
790 3078 1144 3147 virtutemque
1173 3078 1429 3132 colamus.
1453 3078 1544 3132 Vis
1569 3091 1621 3132 et
1651 3079 1700 3132 iu
1723 3079 1871 3133 Novo
1899 3081 2085 3136 Testa-

505 3178 687 3222 mento
730 3167 956 3236 idipsum
1015 3167 1232 3222 videre?
1276 3168 1405 3221 Audi
1449 3168 1661 3224 beatum
1705 3170 1900 3226 Lucam
1945 3173 2082 3228 istud

500 3257 672 3327 ipsum
716 3257 784 3312 de
809 3259 1065 3326 apostolis
1089 3268 1415 3321 narrantem,
1449 3260 1536 3329 qui
1567 3260 1814 3330 llagellati
1844 3279 1873 3318 a
1903 3265 2084 3320 conci-

500 3347 572 3400 lio
614 3347 977 3403 discesserunt
1021 3349 1336 3418 gaudentes,
1376 3366 1441 3404 eo
1482 3352 1620 3420 quod
1666 3353 1811 3422 digni
1857 3354 2084 3412 fuissent

498 3435 663 3492 habiti
706 3441 794 3508 qui
838 3454 934 3508 pro
979 3439 1194 3494 nomine
1235 3437 1434 3494 Christi
1489 3442 1688 3497 ferrent
1741 3445 2080 3513 ignominiam

499 3529 635 3599 (Act.
659 3529 713 3582 5.
745 3528 857 3596 41).
882 3530 1116 3584 Tametsi
1147 3529 1352 3600 ﬂagella
1383 3547 1486 3586 non
1509 3534 1684 3602 gaudii
1711 3536 1816 3589 sint
1843 3540 2083 3593 occasio~

499 3633 616 3685 nes,
656 3620 749 3674 sed
800 3620 1026 3673 tristitttc
1066 3628 1124 3674 et
1161 3623 1406 3675 maeroris
1439 3640 1452 3675 :
1485 3623 1831 3678 nihilooninus
1875 3627 2080 3698 ﬂagella

500 3717 718 3779 propter
749 3709 936 3773 Deum,
966 3718 1196 3764 etcausa
1230 3724 1618 3781 propterquam
1651 3714 2077 3786 ﬂagellabantur,

499 3797 749 3869 gaudium
774 3799 854 3854 eis
881 3800 1176 3869 pariebant.
1219 3805 1286 3854 At
1319 3803 1352 3855 ii
1380 3805 1468 3872 qui
1499 3787 1928 3872 flagellarant,‘iu
1963 3827 2079 3866 ma-

498 3907 602 3962 gna
641 3891 804 3946 animi
833 3893 1268 3948 consternatione
1306 3905 1360 3948 ct
1407 3895 1738 3954 hzrsitatione
1769 3902 2080 3958 nesciebant

497 3985 626 4054 quid
663 3984 918 4039 facerent.
949 3984 1084 4038 Audi
1110 3985 1252 4038 enim
1281 3986 1420 4052 illos,
1451 3991 1723 4056 quomodo
1751 4002 1872 4061 post
1898 3991 2080 4064 ﬂagel-

499 4076 750 4129 lationem
791 4074 970 4128 animo
999 4076 1276 4140 ﬂuctuent,
1317 4085 1373 4130 et
1411 4078 1632 4132 dit-ant:
1669 4081 1805 4147 Quid
1838 4084 2080 4154 faciemus

497 4165 782 4219 hominibus
810 4165 918 4219 istis
943 4163 1078 4236 (Act.
1112 4154 1162 4220 ξι.
1199 4166 1326 4235 16)“ἶ
1351 4169 1486 4235 Quid
1519 4170 1696 4224 dicis?
1728 4172 2076 4242 Flagellastis,

499 4255 794 4310 innumeris
838 4254 993 4308 malis
1037 4270 1130 4309 eos
1158 4256 1436 4323 effecistis,
1470 4271 1524 4314 et
1565 4261 1740 4317 adhuc
1783 4264 2079 4320 dubitatis?

495 4343 628 4398 Tam
668 4344 818 4397 fortis
855 4344 1155 4413 invictaque
1189 4361 1274 4401 res
1300 4357 1383 4402 est
1407 4351 1590 4416 virtus,
1621 4363 1672 4407 et
1701 4355 1824 4409 dum
1859 4359 2074 4426 patitur,

499 4438 752 4492 lmdentes
777 4437 961 4490 vincit.

570 4529 625 4583 3.
666 4527 771 4583 Sed
812 4543 880 4582 ne
911 4528 1164 4597 prolixior
1201 4529 1272 4583 sit
1295 4546 1494 4596 sermo,
1525 4537 1884 4591 necessarium
1919 4539 2079 4594 fuerit

499 4628 558 4673 ιιι
576 4619 770 4674 iterum
798 4617 865 4672 ad
891 4619 1094 4688 justtuu
1123 4630 1362 4674 nostrum
1394 4623 1698 4693 redeamus,
1725 4639 1778 4682 et
1813 4644 1932 4682 cum
1961 4641 2081 4685 stu-

494 4725 624 4780 pore
649 4711 975 4764 admiremur
999 4710 1138 4763 illius
1168 4711 1374 4766 virtutis
1405 4715 1785 4782 praestantiam,
1809 4727 2078 4788 quomodo

495 4816 692 4870 nempe
721 4801 972 4870 populum
1014 4801 1298 4870 ridentem,
1330 4804 1712 4874 ludificantem,
1743 4811 2079 4868 subsannan-

494 4903 622 4958 tem,
657 4891 1022 4947 traducentem
1057 4892 1270 4964 (iterum
1295 4897 1436 4949 enim
1456 4897 1640 4951 eadem
1667 4899 1788 4954 dico
1813 4914 1867 4956 et
1895 4903 2076 4959 dicere

491 4996 600 5037 non
639 4980 884 5046 cessabo)
933 4981 1210 5049 despicere
1251 4991 1306 5035 et
1337 4999 1590 5054 superare
1635 4991 1884 5057 potuerit.
1931 4992 2076 5058 Quo-

497 5072 694 5126 modo?
739 5069 851 5140 Ego
881 5072 1078 5125 dicam.
1110 5072 1242 5151 Quia
1269 5077 1521 5128 continuo
1559 5078 1623 5132 ad
1652 5081 1864 5134 oculum
1904 5083 2073 5151 illum,

491 5165 579 5234 qui
610 5162 717 5217 falli
745 5162 1014 5231 sopirique
1044 5149 1244 5231 tit-(fuit,
1266 5178 1442 5219 tuente
1469 5172 1723 5235 resnexit,
1750 5181 1929 5239 postea
1959 5149 2076 5232 hzec

489 5253 666 5306 etuuia
695 5253 845 5322 quasi
871 5267 976 5305 non
999 5261 1180 5305 essent
1209 5254 1430 5306 curavit.
1462 5255 1520 5308 Et
1547 5260 1784 5325 profecto
1799 5262 1876 5316 sic
1905 5277 1962 5318 se
1990 5280 2077 5320 res

495 5342 675 5409 habet,
700 5352 758 5396 ut
779 5357 900 5396 cum
921 5344 1042 5411 quis
1068 5343 1168 5397 hoc
1186 5360 1369 5398 amore
1393 5347 1604 5402 Saucius
1625 5359 1725 5416 est,
1753 5361 1804 5405 et
1835 5353 1884 5407 in
1911 5354 2077 5409 Deum

492 5433 761 5488 desiderio
782 5449 882 5489 suo
911 5434 1095 5500 tendit,
1129 5436 1260 5489 nihil
1289 5436 1572 5492 visibilium
1597 5441 1803 5507 videat;
1832 5446 1924 5499 sed
1957 5461 2072 5515 per-

494 5531 654 5589 petuo
682 5538 801 5576 eum
843 5539 1001 5590 quem
1032 5525 1301 5580 desiderat
1330 5528 1663 5597 imaginetur,
1694 5545 1848 5589 nocte
1873 5537 2076 5591 scilicet

493 5620 656 5675 atque
691 5612 798 5677 die,
831 5613 1046 5667 cubans“
1061 5627 1116 5670 et
1157 5633 1400 5687 surgens.
1444 5620 1518 5674 Ne
1547 5620 1707 5690 igitur
1745 5627 1935 5680 mirum
1981 5627 2075 5682 tibi

494 5697 584 5754 sit,
633 5697 678 5748 si
713 5709 764 5753 et
787 5702 965 5768 justus
993 5704 1078 5759 ille
1114 5708 1281 5760 semel
1313 5724 1378 5762 co
1408 5710 1579 5764 solum
1618 5714 1925 5782 reSpii-iens,
1968 5733 2075 5772 non

495 5785 705 5838 Cum“
747 5797 844 5838 005
864 5782 959 5850 ‘l‘li
989 5791 1331 5858 supplantare
1364 5801 1534 5870 ipsum
1560 5805 1911 5861 conabantur.
1939 5809 2068 5866 Nam

1201 427 1259 481 S.
1299 422 1580 482 JOANNIS
1614 419 2092 480 CllRYSOS’lO)"
2131 419 2450 476 ARCIIIEP.
2491 421 3028 478 CONSTANTINOP.

3671 425 3792 481 ΞΜ

2195 535 2434 588 exhibito
2466 536 2644 590 studio
2672 551 2790 600 suo,
2823 545 2877 589 ct
2915 536 3150 589 divinam
3196 534 3418 604 gratiam
3462 546 3670 600 nactus.
3702 538 3792 592 his

2193 625 2442 678 omnibus
2467 625 2712 693 superior
2739 635 2871 680 erat.
2908 625 3018 678 Noe
3039 626 3204 688 enim,
3235 624 3424 696 inquit,
3450 627 3638 679 invenit
3663 645 3790 698 gra-

2195 716 2314 768 tiam
2341 732 2509 768 coram
2538 715 2757 770 Domino
2784 715 2913 770 Deo.
2947 717 3179 770 Tametsi
3202 717 3348 771 omni
3379 718 3654 772 hominum
3685 735 3785 789 ge-

2197 805 2329 869 neri,
2356 807 2498 876 quod
2531 815 2655 860 tunc
2695 817 2832 871 erat,
2861 792 2983 860 Inon
3013 817 3157 861 esset
3193 818 3400 877 gratus,
3429 825 3602 878 neque
3631 826 3790 864 anta-

2197 895 2338 960 bilis,
2369 910 2436 949 eo
2467 896 2608 965 quod
2637 897 2852 951 nolebat
2889 898 3131 950 eamdent
3163 899 3410 953 incedere
3439 901 3598 966 viam,
3619 918 3786 971 quam

2196 985 2267 1038 illi
2299 1002 2312 1038 :
2342 985 2480 1056 apud
2521 1002 2642 1040 eum
2689 997 2864 1041 tamen
2923 989 3011 1056 qui
3055 987 3216 1052 corda
3269 999 3535 1043 scrutatur
3581 991 3790 1045 invenit

2194 1077 2444 1148 gratiam,
2477 1080 2567 1149 qui
2613 1090 2666 1134 et
2707 1081 2848 1135 illius
2892 1090 3125 1134 utentem
3174 1082 3507 1150 approbavit.
3562 1084 3624 1137 Et
3651 1084 3784 1153 quid

2193 1169 2396 1232 damni,
2424 1171 2533 1238 dic,
2571 1171 2862 1236 oriebatur,
2888 1173 3030 1241 quod
3075 1187 3104 1224 a
3131 1173 3522 1242 congenerihus
3551 1174 3778 1228 subsano

2193 1271 2412 1316 naretur
2436 1271 2491 1316 et
2534 1263 2849 1316 irrideretnr
2878 1281 2891 1314 :
2921 1278 3041 1317 cum
3075 1264 3120 1318 is
3161 1265 3250 1332 qui
3293 1265 3448 1318 tinxit
3478 1277 3636 1318 corda
3683 1281 3786 1318 no-

2193 1357 2326 1415 stra,
2379 1359 2436 1405 et
2484 1351 2734 1421 intelligit
2779 1353 2958 1407 omnia
3005 1369 3165 1421 opera
3214 1363 3419 1418 nostra,
3467 1354 3787 1424 praedicaret

2195 1443 2342 1497 illum
2378 1452 2431 1498 et
2459 1446 2782 1499 coronaret?
2809 1455 2863 1500 et
2889 1461 3007 1516 qua:
3034 1446 3235 1499 utilitas
3265 1445 3492 1510 homini.
3521 1448 3568 1500 si
3606 1449 3780 1515 ipsum

2196 1540 2338 1586 totus
2379 1532 2529 1587 orbis
2583 1534 2880 1589 admiretur
2927 1543 2984 1590 et
3026 1534 3237 1600 laudet;
3287 1535 3547 1590 Conditor
3597 1547 3778 1590 autem

2193 1626 2456 1690 omnium,
2489 1634 2541 1678 et
2569 1624 2739 1679 Judex
2785 1626 2874 1694 qui
2901 1626 3072 1695 decipi
3104 1627 3312 1697 nequit,
3340 1628 3392 1680 itt
3423 1627 3512 1680 die
3541 1627 3632 1682 illo
3666 1638 3778 1682 ter-

2194 1713 2331 1768 ribili
2377 1715 2830 1769 condemnaturus
2875 1715 2980 1770 sit?
3020 1718 3220 1786 Itaque,
3252 1718 3450 1781 dilecti,
3499 1733 3620 1771 cum
3663 1718 3780 1772 ha-c

2193 1805 2347 1859 nobis
2389 1814 2664 1874 comperta
2708 1807 2838 1874 sint,
2867 1808 3064 1860 nullius
3097 1809 3248 1877 pensi
3277 1808 3572 1863 habeamus
3601 1811 3774 1864 homi-

2193 1911 2318 1950 num
2366 1897 2600 1964 laudem,
2637 1913 2812 1967 neque
2839 1900 2906 1954 ab
2952 1901 3055 1954 illis
3082 1901 3343 1956 celebrari
3381 1905 3572 1972 quovis
3619 1904 3776 1957 modo

2191 2002 2533 2056 quaaramus:
2562 1988 2658 2043 sed
2704 2001 2922 2060 propter
2961 1992 3107 2045 illum
3158 1993 3330 2047 solum
3374 1996 3463 2064 qui
3513 2004 3778 2049 scrutatur

2191 2078 2351 2133 corda
2404 2088 2459 2133 et
2497 2095 2677 2148 renes,
2719 2081 2930 2135 virtutis
2960 2096 3121 2151 Opera
3162 2083 3437 2148 faciamus,
3480 2095 3534 2140 et
3562 2097 3778 2154 peccata

2191 2168 2472 2238 fugiamus.

2259 2259 2492 2314 Laudari
2535 2260 2853 2316 Christianus
2895 2264 2958 2317 ab
2983 2263 3213 2325 omnibus
3263 2265 3448 2334 nequit.
3478 2295 3550 2305 --
3581 2265 3778 2332 Quanto

2189 2353 2373 2408 obretn
2408 2353 2651 2426 Christus
2677 2355 2928 2411 erudiens
2965 2371 3064 2410 nos
3088 2365 3144 2410 ut
3175 2372 3240 2411 ne
3289 2357 3568 2426 captandis
3599 2358 3774 2413 homi-

2190 2463 2318 2500 num
2361 2447 2608 2502 laudibus
2640 2448 2927 2514 inhicmus,
2974 2459 3095 2518 post
3139 2450 3303 2503 multa
3333 2449 3435 2504 alia
3480 2451 3692 2506 tandem
3724 2461 3776 2506 et

2191 2537 2291 2593 hoc
2331 2537 2528 2601 intulit,
2576 2540 2805 2593 dicens:
2841 2538 2928 2592 Vw
2977 2542 3132 2606 vobis,
3181 2543 3384 2608 quando
3433 2541 3773 2596 benedixeriut

2189 2629 2322 2683 vobis
2349 2647 2517 2683 omnes
2548 2631 2771 2684 homines
2793 2630 2940 2703 (Luc.
2966 2631 3018 2686 6.
3046 2633 3160 2701 26).
3190 2631 3479 2687 Considera
3511 2635 3776 2702 quomodo

2191 2736 2284 2789 per
2321 2719 2408 2774 γω
2430 2721 2584 2775 nobis
2611 2721 2846 2775 declarat
2876 2724 3170 2791 quotuplcx
3199 2723 3318 2776 illos
3349 2737 3507 2792 pinna
3541 2734 3770 2778 maneat.

2195 2810 2282 2865 Va:
2307 2813 2450 2866 enim
2481 2812 2702 2867 lamenti
2746 2815 2989 2867 nuntium
3039 2815 3258 2868 verbum
3303 2826 3385 2870 est
3411 2835 3425 2872 :
3457 2817 3596 2886 unde
3625 2818 3773 2886 quasi

2189 2905 2413 2960 miseros
2458 2921 2551 2960 eos
2595 2921 2791 2961 vocans
2813 2949 2826 2969 ,
2871 2907 2998 2961 dicit
3029 2923 3045 2960 :
3080 2906 3167 2960 Va:
3209 2908 3364 2973 vobis,
3397 2909 3599 2977 quando
3630 2909 3772 2964 bene-

2189 3000 2406 3053 dixeriut
2431 3000 2567 3052 vobis
2597 3015 2767 3052 omnes
2806 3000 3050 3054 homines.
3081 3001 3144 3053 Et
3180 3001 3298 3055 vide
3324 3017 3480 3070 quam
3513 3013 3667 3056 caute
3693 3002 3772 3055 di-

2188 3100 2350 3143 ctum.
2381 3089 2494 3142 Non
2525 3089 2835 3158 simpliciter
2857 3090 3007 3155 dixit,
3029 3090 3296 3155 homines,
3316 3091 3431 3156 sed,
3464 3089 3648 3145 Omnes
3675 3092 3766 3145 Ito-

2189 3182 2364 3235 ntiues.
2398 3181 2728 3250 lmpossihilc
2771 3183 2911 3236 enim
2947 3191 3049 3246 est,
3097 3191 3154 3236 ut
3196 3182 3278 3236 vir
3315 3183 3514 3252 probus
3549 3184 3638 3251 qui
3681 3199 3773 3252 per

2186 3280 2463 3341 angustam
2493 3281 2548 3325 et
2570 3280 2770 3325 arctam
2802 3271 3012 3325 virtutis
3057 3272 3198 3325 viam
3234 3273 3488 3335 ambulat.
3521 3281 3577 3326 et
3619 3289 3775 3326 man-

2186 3365 2308 3418 data
2339 3365 2580 3432 sequitur
2607 3363 2823 3426 Christi,
2855 3363 2921 3416 ab
2947 3363 3194 3416 omnibus
3223 3362 3487 3430 laudetur,
3519 3371 3574 3417 et
3600 3363 3770 3417 admi-

2187 3458 2375 3511 rationi
2407 3455 2682 3510 habeatur.
2713 3456 2803 3509 Est
2831 3456 2973 3510 enim
3004 3464 3058 3510 et
3085 3456 3172 3509 illa
3197 3457 3383 3526 ingens
3410 3456 3631 3523 malitia,
3661 3459 3769 3510 vir-

2188 3547 2284 3600 tuti
2312 3547 2602 3602 adversari.
2628 3548 2856 3602 Proinde
2879 3548 3133 3602 Dominus
3155 3552 3329 3602 sciens
3353 3565 3456 3603 non
3481 3564 3637 3618 posse
3656 3550 3768 3605 fieri

2187 3648 2243 3691 ut
2271 3637 2315 3690 is
2341 3637 2690 3707 quivirtutem
2722 3638 3001 3707 diligenter
3017 3649 3252 3705 exercet,
3276 3639 3411 3693 etab
3432 3641 3547 3709 ipso
3569 3647 3770 3696 tantum

2186 3728 2394 3782 laudem
2415 3738 2472 3782 ut
2487 3730 2710 3799 accipiat
2732 3731 3086 3798 prmstolatur,
3110 3731 3176 3782 ab
3201 3731 3447 3785 omnibus
3470 3732 3772 3787 hominibus

2187 3818 2446 3885 laudetur,
2480 3829 2533 3872 et
2563 3821 2699 3874 bene
2727 3819 2924 3884 audiat,
2969 3822 3086 3874 ideo
3125 3822 3349 3875 miseros
3379 3831 3534 3875 vocat
3563 3838 3657 3876 eos
3681 3823 3767 3892 qui

2185 3919 2400 3981 propter
2446 3911 2730 3964 humanam
2782 3913 2988 3967 laudem
3022 3913 3270 3966 virtutem
3315 3916 3605 3984 negligant.
3638 3915 3766 3972 Nam

2182 4003 2440 4058 celebrari
2472 4003 2539 4057 ab
2567 4005 2831 4066 omnibus,
2865 4005 3151 4058 maximum
3200 4004 3356 4060 fuerit
3397 4016 3764 4076 argumentunt

2184 4111 2287 4147 non
2311 4111 2550 4164 magnam
2576 4095 2756 4150 haberi
2781 4097 2988 4149 virtutis
3013 4097 3294 4152 rationem.
3319 4097 3598 4164 Quomodo
3625 4100 3762 4152 enim

2183 4185 2250 4238 ab
2277 4186 2526 4240 omnibus
2553 4180 2764 4256 probari
2797 4187 2994 4256 poterit
3018 4187 3097 4241 vir
3123 4187 3316 4254 bonus,
3345 4188 3388 4244 si
3432 4189 3541 4243 vult
3577 4189 3761 4258 injuria

2181 4275 2400 4330 ail‘ectos
2429 4276 2637 4345 eripere
2657 4277 2724 4330 ab
2751 4277 2814 4331 iis
2838 4278 2925 4346 qtti
2954 4278 3144 4348 injuria
3171 4277 3427 4346 afficiunt,
3455 4289 3507 4334 et
3538 4295 3635 4334 eos
3672 4281 3758 4350 qui

2186 4375 2462 4429 vexantur,
2494 4366 2562 4420 ab
2587 4367 2649 4420 iis
2676 4367 2763 4436 qui
2796 4367 2931 4421 male
2969 4366 3206 4422 faciunt?
3248 4371 3314 4424 Et
3353 4371 3544 4424 iterum
3585 4371 3629 4424 si
3659 4372 3764 4425 vult
3823 4376 3830 4379 '

2183 4457 2450 4525 corrigere
2477 4467 2778 4526 peccantes,
2805 4467 2860 4514 et
2886 4460 3103 4516 laudare
3129 4462 3264 4516 bene
3301 4474 3542 4534 agentes,
3590 4480 3765 4519 nonne

2181 4546 2470 4601 verisimile
2502 4556 2604 4613 est,
2632 4563 2754 4602 eum
2795 4547 2865 4603 ab
2891 4549 3010 4604 aliis
3053 4551 3399 4621 laudandum,
3433 4553 3504 4609 ab
3543 4556 3662 4610 aliis
3690 4555 3766 4610 vi-

2180 4639 2541 4710 tuperandum
2567 4641 2713 4694 esse?
2731 4640 3017 4709 Propterea
3042 4649 3234 4708 inquit:
3259 4642 3343 4692 Va:
3365 4641 3526 4705 vobis,
3549 4637 3758 4708 quando

2175 4733 2317 4785 vobis
2340 4729 2696 4783 benedixerint
2709 4744 2887 4782 omnes
2901 4729 3156 4780 homines.
3175 4727 3460 4793 Quomodo
3474 4728 3636 4796 igitur
3650 4744 3755 4782 non

2175 4823 2279 4878 erit
2308 4822 2670 4876 admiratione
2702 4832 2757 4876 et
2788 4821 2948 4874 laude
2975 4821 3174 4891 dignus
3202 4821 3384 4889 justus
3410 4821 3531 4882 iste,
3578 4820 3670 4888 qui
3695 4835 3755 4872 ea

2175 4930 2298 4983 qua:
2317 4914 2570 4967 Christus
2597 4912 2895 4967 adveniens
2919 4911 3133 4974 docuit,
3159 4912 3310 4979 prius
3335 4911 3448 4979 ipse
3473 4925 3503 4963 a
3524 4909 3641 4979 lege
3663 4925 3760 4961 na-

2179 5012 2314 5058 tura:
2332 5004 2579 5066 edoctus,
2603 5003 2942 5057 deditissima
2967 5017 3129 5070 opera
3155 5001 3491 5070 adimplevit,
3518 5000 3761 5054 laudent-

2176 5109 2284 5164 que
2308 5093 2604 5147 humanam
2625 5093 3286 5162 contemuendo,gratiam
3313 5091 3454 5162 apud
3471 5091 3640 5145 Deunt
3667 5104 3760 5160 per

2176 5185 2435 5240 virtutem
2465 5183 2709 5239 invenire
2741 5183 2986 5238 studuit?
3015 5182 3128 5237 Noe
3149 5183 3318 5250 enim,
3346 5185 3543 5254 inquit,
3567 5182 3762 5238 inuenit

2178 5280 2407 5350 gratiam
2429 5293 2608 5331 coram
2637 5277 2857 5330 Domino
2883 5275 3010 5330 Deo.
3042 5275 3307 5330 Caeterum
3333 5277 3511 5344 ipsum
3544 5283 3764 5345 propter

2179 5373 2409 5425 virtutes
2438 5384 2576 5441 quas
2617 5369 2847 5424 habebat
2887 5367 3162 5422 invenisse
3187 5367 3419 5437 gratiam
3448 5382 3636 5421 coram
3659 5366 3764 5420 Do-

2181 5464 2330 5516 mino
2371 5461 2505 5528 Deo,
2538 5460 2779 5514 narravit
2814 5460 2971 5513 nobis
3002 5458 3346 5512 admirabilis
3379 5458 3470 5512 ille
3497 5457 3762 5527 propheta

2181 5555 2386 5621 Spiritu
2415 5562 2604 5605 sancto
2631 5550 2844 5605 amatus
2879 5567 2892 5603 :
2927 5564 3104 5618 opera:
3137 5549 3370 5618 pretium
3409 5549 3592 5618 itaque
3626 5557 3685 5601 ut
3707 5556 3763 5601 et

2181 5645 2462 5715 sequentia
2491 5645 2788 5707 discamus,
2814 5650 2869 5696 et
2894 5642 3178 5695 videamus
3201 5639 3331 5709 quid
3358 5639 3425 5694 de
3450 5639 3543 5692 illo
3565 5623 3766 5692 sentiat

2184 5737 2346 5791 Deus.
2380 5737 2435 5790 9.
2479 5735 2576 5790 Hac
2599 5746 2794 5802 autent,
2821 5735 3021 5806 inquit,
3051 5746 3171 5788 sunt
3197 5733 3558 5804 generationes
3596 5730 3710 5784 Noe
3745 5745 3760 5781 :

2187 5828 2300 5883 Noe
2327 5829 2477 5882 Immo
2505 5829 2696 5888 iustus,
2727 5827 2991 5897 perfectus
3031 5827 3082 5880 in
3125 5829 3455 5896 generatione
3483 5841 3580 5876 sua
3608 5839 3626 5884 ;
3661 5821 3760 5876 lico
