4078 6410
361 325 466 384 20!

358 445 558 507 placuit
588 441 721 496 Noe.
753 441 924 497 Rarus
947 451 1002 496 et
1028 454 1202 496 novus
1227 441 1554 511 genealogiat
1581 439 1792 496 modus.
1824 442 1956 498 Nam

357 543 421 587 ut
455 532 635 589 divina
661 535 932 605 Scriptura
957 534 1111 596 dixit,
1144 533 1244 588 lla:
1267 543 1386 588 sunt
1423 536 1770 604 generationes
1798 535 1914 589 Noe
1939 552 1959 590 :

352 636 416 680 et
445 641 605 680 aures
647 635 861 680 nostras
905 625 1176 690 excitavit,
1226 625 1374 693 quasi
1418 626 1782 696 genealogiam
1814 628 1958 683 illius

353 728 661 782 narratura,
693 725 748 771 et
774 717 894 786 quis
931 716 1050 785 ejus
1089 727 1240 785 pater
1285 715 1464 778 fuerit,
1505 727 1560 771 et
1603 717 1747 772 unde
1787 734 1956 786 genus

352 809 590 873 duxerit,
621 819 676 864 et
699 808 974 879 quomodo
1005 809 1056 862 in
1092 809 1228 862 hanc
1271 811 1431 862 vitam
1479 809 1648 864 fuerit‘
1663 811 1858 876 editus,
1900 819 1955 865 ct

347 902 457 955 alia
485 911 676 956 concta
707 918 827 972 quae
854 916 970 956 mos
995 912 1077 957 est
1112 905 1454 973 genealogias
1481 905 1820 959 narrantibus
1861 919 1948 959 re-

349 1007 578 1046 rcnserc
604 1009 619 1047 τ
645 994 844 1047 relictis
873 1003 1048 1046 tamen
1071 994 1174 1047 illis
1194 995 1464 1060 omnibus,
1492 1004 1547 1049 et
1565 996 1790 1049 aliorum
1815 1009 1948 1049 con-

345 1082 636 1138 suetudine
679 1083 948 1153 superior,
991 1083 1210 1152 inquit:
1247 1083 1366 1138 Noe
1403 1084 1552 1138 homo
1572 1085 1746 1155 justus
1773 1101 1792 1138 :
1830 1101 1949 1154 per-

345 1178 514 1243 fectus
549 1174 604 1228 in
646 1159 968 1244 generatione
995 1191 1089 1229 sua
1131 1190 1152 1228 :
1197 1174 1302 1229 Deo
1343 1177 1535 1246 placuit
1572 1175 1707 1230 Noe.
1757 1177 1944 1232 Vidisti

343 1263 719 1318 admirabilem
748 1265 1158 1335 genealogiam?
1188 1265 1321 1330 Noe,
1365 1267 1554 1336 inquit,
1599 1267 1768 1322 homo.
1815 1268 1945 1323 Vide

340 1358 508 1410 etiam
539 1369 740 1410 naturae
760 1372 1051 1411 commune
1079 1373 1272 1412 nomen
1305 1374 1400 1427 pro
1428 1357 1586 1414 laude
1625 1358 1753 1427 justi
1779 1375 1942 1414 usur-

343 1458 554 1517 patum.
583 1449 714 1503 Nam
742 1449 865 1518 quia
887 1450 1068 1503 cmteri
1096 1451 1166 1503 ob
1188 1451 1433 1504 carnales
1469 1451 1793 1520 voluptates,
1823 1453 1940 1520 qui-

337 1539 445 1594 bus
471 1539 708 1594 immersi
740 1548 913 1602 erant,
944 1540 1236 1594 amiserant
1259 1554 1382 1594 esse
1409 1539 1652 1594 homines
1681 1559 1694 1594 :
1725 1541 1846 1610 iste,
1871 1544 1942 1595 in-

336 1633 479 1699 quit,
523 1631 576 1684 in
623 1637 770 1684 tanto
822 1629 1018 1698 populo
1066 1628 1299 1684 hominis
1347 1630 1632 1700 imaginem
1685 1634 1934 1685 servavit.

335 1720 494 1775 Tunc
517 1722 713 1791 quippe
742 1719 904 1774 homo
927 1730 1030 1785 est,
1055 1720 1270 1790 quando
1294 1722 1546 1776 virtutem
1573 1722 1722 1777 colit.
1755 1723 1938 1792 Neque

335 1813 486 1868 enim
511 1814 744 1882 speciem
772 1811 968 1868 habere
996 1812 1246 1880 hominis,
1272 1823 1326 1868 et
1345 1815 1555 1881 oculos,
1585 1823 1641 1870 et
1667 1830 1845 1881 nares,
1882 1826 1938 1870 et

333 1921 423 1968 os,
453 1915 508 1960 et
527 1920 710 1975 genas,
739 1915 793 1961 et
828 1917 1023 1961 caetera
1052 1907 1312 1970 membra,
1355 1906 1458 1960 hoc
1501 1907 1772 1962 hominem
1813 1923 1935 1962 es~'e

331 1999 572 2053 ostendit
611 2017 624 2053 :
659 1999 775 2054 haec
817 2001 962 2055 enim
1008 2000 1246 2056 membra
1283 2009 1409 2054 sunt
1445 2002 1708 2069 corporis.
1751 2001 1933 2063 Ηοιιιίτ

330 2108 459 2146 nem
501 2092 647 2146 illum
689 2093 941 2160 dicimus,
981 2093 1072 2163 qui
1119 2093 1402 2162 imaginem
1450 2093 1684 2146 hominis
1730 2094 1928 2148 salvam

326 2185 548 2240 retinet.
585 2185 718 2253 Quae
744 2196 921 2240 autem
953 2194 1036 2239 est
1063 2185 1239 2255 imago
1281 2184 1552 2239 hominis?
1589 2185 1924 2239 Rationalem

323 2294 471 2334 esse.
503 2279 638 2345 Quid
676 2279 841 2350 ergo?
879 2293 1059 2334 annon
1109 2287 1165 2333 et
1209 2278 1284 2332 illi
1336 2276 1552 2333 fuerunt
1596 2277 1925 2332 rationales?

323 2357 528 2426 Verum
574 2388 678 2426 non
725 2371 829 2427 hoc
857 2372 1032 2426 solum
1068 2371 1224 2426 luerit
1254 2370 1522 2424 hominem
1565 2385 1704 2434 esse,
1737 2370 1830 2425 sed
1871 2379 1926 2424 et

322 2463 610 2518 virtutibus
637 2478 757 2518 esse
781 2462 1040 2529 deditum,
1072 2471 1127 2517 et
1151 2463 1273 2516 vitia
1306 2462 1509 2532 lugere,
1541 2472 1594 2516 et
1621 2462 1822 2518 illicitis
1847 2463 1928 2516 ai-

320 2556 646 2610 l'ecdonibus
688 2555 976 2626 imperare,
1019 2564 1073 2611 et
1111 2555 1376 2610 mandatis
1401 2555 1686 2612 dominicis
1711 2556 1924 2612 obtem-

321 2663 534 2716 perare,
571 2649 671 2701 hoc
700 2655 784 2702 est
811 2662 932 2701 esse
961 2646 1258 2701 hominem.

393 2741 446 2793 4.
499 2739 763 2808 Improbos
813 2733 916 2792 non
960 2738 1186 2792 homines
1235 2738 1460 2806 appellat
1514 2736 1803 2808 Scriptura.
1849 2767 1920 2778 —

316 2831 490 2884 Porro
519 2841 575 2885 ut
599 2830 774 2885 discas
807 2846 1010 2886 morem
1041 2845 1162 2884 esse
1189 2829 1479 2899 Scriptura:
1497 2871 1510 2894 ,
1547 2841 1605 2884 ut
1633 2831 1774 2884 vitiis
1801 2841 1915 2884 stu-

313 2905 510 2975 dentes
572 2930 628 2975 rt
694 2923 943 2976 virtutem
991 2921 1320 2991 negligentes
1375 2920 1648 2975 hominum
1701 2923 1918 2977 nomine

312 3027 510 3066 vocare
548 3029 650 3065 non
697 3013 980 3082 dignetur,
1013 3011 1136 3066 andi
1185 3012 1348 3068 Deum
1395 3013 1734 3081 loquentem,
1776 3014 1917 3068 sicut

317 3104 436 3156 heri
495 3103 852 3156 dicebamus:
889 3101 1011 3155 Non
1057 3103 1365 3172 permanebit
1412 3102 1638 3169 Spiritus
1682 3120 1822 3157 meus
1860 3105 1914 3158 in

305 3195 602 3249 nominibus
649 3196 790 3260 istis,
823 3211 879 3249 eo
917 3195 1055 3265 quod
1079 3194 1180 3264 ipsi
1203 3211 1379 3249 carnes
1407 3205 1522 3249 sunt
1548 3195 1709 3267 (Gen.
1732 3195 1784 3251 6.
1813 3197 1848 3252 ‘5
1866 3195 1908 3269 ).

312 3286 426 3354 Ego
455 3287 620 3352 enim,
650 3285 833 3340 dicere
856 3286 987 3350 vult,
1015 3285 1365 3341 substantiam
1391 3301 1454 3342 es
1479 3302 1639 3342 carne
1659 3296 1714 3343 et
1731 3289 1909 3344 anima

310 3380 417 3432 illis
459 3379 579 3433 dedi
613 3397 627 3432 :
671 3378 772 3448 ipsi
801 3388 979 3434 autem
1021 3379 1173 3448 quasi
1216 3380 1327 3434 sola
1368 3395 1533 3435 carne
1558 3382 1906 3449 circmndati,

307 3472 383 3525 ita
410 3471 634 3526 virtutes
662 3471 824 3526 animi
853 3471 1125 3542 negligant
1145 3511 1160 3537 ,
1190 3479 1243 3526 et
1271 3471 1437 3526 solam
1467 3486 1684 3527 carnem
1714 3474 1907 3529 deinde

304 3573 601 3618 sectantur.
649 3563 836 3619 Vidisti
880 3563 1149 3635 quomodo
1175 3563 1245 3619 ob
1283 3565 1537 3620 malitiam
1565 3581 1780 3620 carnem
1810 3582 1904 3622 eos

306 3667 467 3710 vocat
491 3666 544 3711 et
569 3671 678 3710 non
707 3655 954 3711 homines
977 3655 1001 3709 ?
1031 3655 1094 3710 Et
1125 3656 1339 3722 iterum,
1367 3665 1425 3710 ut
1451 3656 1627 3712 statim
1653 3657 1900 3726 audietis,

303 3757 500 3801 terrain
526 3761 622 3802 eos
645 3747 886 3801 nominat
904 3747 1081 3801 divina
1103 3745 1400 3816 Scriptura,
1423 3762 1490 3803 eo
1509 3749 1650 3818 quod
1674 3751 1902 3804 terrenis

299 3838 710 3908 cogitationibus
749 3838 1135 3892 absumantur:
1165 3837 1296 3892 dicit
1315 3838 1458 3893 enim
1485 3855 1499 3892 :
1530 3840 1622 3894 Η.
1647 3837 1900 3910 Corrupto

299 3941 470 3982 autem
498 3938 608 3984 erat
635 3938 766 3983 terra
792 3945 965 3984 coram
991 3927 1118 3983 Deo.
1144 3928 1260 3983 Non
1286 3929 1354 3984 de
1379 3941 1520 3984 terra
1548 3931 1789 3985 sensibili
1821 3932 1900 3986 lo-

298 4023 519 4092 quitur,
566 4023 662 4078 sed
704 4023 1088 4078 inhabitatores
1130 4030 1327 4079 terram
1365 4033 1539 4077 vocat.
1574 4024 1692 4078 Alio
1719 4033 1894 4080 autem

297 4118 420 4171 loco
441 4133 612 4187 neque
635 4127 831 4172 terram
861 4132 1034 4187 neque
1062 4132 1278 4171 carnem
1303 4117 1541 4172 nominat
1566 4134 1578 4170 :
1600 4117 1696 4172 sed
1724 4134 1894 4188 neque

294 4224 417 4263 esse
446 4224 539 4264 eos
567 4218 714 4280 putat
745 4211 797 4264 in
828 4211 928 4265 hac
963 4211 1210 4280 pra-senti
1241 4211 1344 4264 vita
1365 4250 1382 4277 ,
1420 4225 1487 4266 eo
1523 4211 1663 4281 quod
1697 4213 1894 4268 virtute

297 4309 541 4354 careant.
578 4301 715 4355 Audi
746 4300 888 4355 enim
917 4299 1229 4370 prophetam
1267 4301 1582 4356 clamantem
1625 4313 1680 4357 et
1711 4302 1893 4358 dicen-

295 4401 406 4444 tem
440 4390 492 4444 in
524 4390 699 4445 media
728 4387 1296 4462 Jerosolymitanorum
1329 4391 1642 4461 metropoli,
1698 4393 1786 4447 ubi
1816 4404 1890 4448 tot

298 4483 468 4536 millia
500 4483 724 4537 millium
752 4492 808 4538 et
836 4481 1119 4537 multitudo
1148 4483 1424 4538 innumera
1454 4500 1468 4538 :
1508 4481 1669 4548 Veni,
1715 4493 1759 4538 et
1789 4500 1890 4538 non

289 4585 399 4629 erat
425 4574 574 4627 homo
596 4589 615 4638 ;
643 4575 835 4639 vocavi,
859 4583 906 4628 et
932 4590 1033 4627 non
1052 4585 1159 4628 erat
1179 4575 1264 4643 qui
1289 4574 1486 4628 audiret
1504 4574 1654 4646 (Isai.
1680 4578 1768 4632 50.
1790 4577 1886 4650 2):

288 4680 399 4719 non
427 4665 549 4734 quia
570 4681 677 4720 non
703 4665 951 4729 aderant,
983 4664 1076 4720 sed
1105 4665 1226 4734 quia
1261 4676 1553 4734 praesentes
1581 4667 1746 4720 nihilo
1770 4684 1887 4722 me-

291 4757 455 4811 liores
481 4765 654 4820 erant,
686 4771 847 4826 quam
873 4755 920 4810 si
955 4771 1060 4810 non
1091 4754 1314 4810 fuissent
1341 4766 1656 4824 praesentes.
1677 4757 1753 4811 Et
1781 4758 1889 4813 alio

289 4862 504 4917 quoque
531 4848 648 4903 loco
677 4865 691 4901 :
729 4846 1011 4901 Discurrite
1029 4857 1076 4902 et
1096 4847 1277 4910 videte,
1309 4847 1354 4900 si
1380 4859 1450 4901 est
1469 4864 1599 4901 unus
1623 4850 1711 4917 qui
1733 4849 1889 4916 faciat

275 4942 542 5012 judicium
571 4951 618 4996 et
637 4942 926 5014 justitiam,
949 4953 995 4996 et
1017 4942 1264 5012 propitius
1284 4958 1370 4995 ero
1391 4940 1534 5013 (Jer.
1565 4943 1617 4998 5.
1647 4944 1671 4997 1
1700 4943 1738 5011 ).

369 5029 504 5085 Deus
531 5033 784 5087 hominem
809 5049 922 5086 eum
944 5033 1106 5087 solum
1130 5042 1273 5088 vocat
1293 5034 1378 5104 qui
1403 5033 1629 5087 virtutem
1651 5034 1786 5087 colit.
1815 5062 1888 5074 —-

295 5122 483 5179 Vidisti
513 5125 782 5194 quomodo
810 5125 957 5179 illum
985 5127 1156 5180 solum
1183 5125 1458 5195 Scriptura
1499 5134 1681 5180 sancta
1713 5125 1880 5180 homi-

283 5231 413 5272 nem
443 5231 634 5271 vocare
664 5218 834 5285 solet,
861 5218 948 5287 qui
981 5218 1228 5272 virtutem
1258 5217 1388 5271 colit
1415 5234 1427 5270 :
1461 5227 1683 5273 cancros
1705 5231 1882 5273 autem

288 5321 464 5376 neque
489 5323 608 5362 esse
633 5318 802 5377 putat,
835 5309 928 5362 sed
956 5308 1245 5377 aliquando
1273 5317 1430 5362 vocat
1451 5317 1670 5374 terram,
1701 5319 1754 5363 et
1784 5310 1880 5363 ali-

291 5397 507 5466 quando
549 5400 812 5454 carnem?
860 5399 970 5454 Hac
1016 5399 1084 5454 de
1133 5413 1292 5453 causa
1346 5398 1707 5470 genealogiam
1754 5399 1882 5468 justi

287 5500 622 5546 narraturam
645 5507 704 5547 se
725 5492 1041 5561 promittens
1065 5491 1245 5546 divina
1273 5490 1545 5562 Scriptura
1575 5492 1702 5546 dicit
1729 5510 1743 5545 :
1771 5491 1884 5546 Noe

285 5583 437 5634 homo
467 5599 484 5635 :
517 5582 602 5636 hic
623 5584 766 5638 enim
787 5583 934 5638 solus
960 5583 1142 5647 homo,
1172 5584 1350 5637 eaeteri
1375 5590 1553 5637 autem
1585 5598 1690 5636 non
1714 5583 1884 5636 homi-

284 5688 386 5727 nes
406 5713 420 5737 ,
449 5673 542 5728 sed
573 5673 858 5729 humanam
887 5686 1132 5744 gerentes
1171 5675 1396 5730 formam
1421 5715 1438 5741 ,
1474 5684 1530 5731 et
1557 5691 1621 5732 es
1651 5675 1882 5731 homini-

287 5765 388 5818 bus
418 5765 470 5820 in
498 5766 694 5823 bestias
723 5767 910 5821 mutati
934 5807 951 5835 ,
997 5767 1193 5821 malitia
1221 5767 1507 5823 voluntatis
1550 5769 1879 5826 nobilitatem

1350 327 1414 382 IN
1452 325 1606 383 CAP.
1654 325 1739 379 Vl.
1771 325 2019 384 CENES.
2061 329 2292 390 llUMlL.
2337 338 2525 397 XXIII.

3561 363 3668 420 202

2077 456 2280 501 natura:
2329 455 2640 510 amiserunt.
2686 459 2837 525 Quod
2869 463 3011 520 enim
3038 475 3158 522 cum
3192 469 3244 526 in
3271 473 3468 530 malum
3496 477 3662 532 det-li-

2070 551 2200 594 nant
2230 542 2474 600 homines
2502 551 2816 619 rationales,
2855 565 2911 610 et
2939 561 3081 613 servi
3112 561 3244 617 linnt
3270 564 3657 624 irrationalium

2064 629 2427 699 adiectionum,
2456 638 2634 694 divina
2666 643 2936 714 Scriptura
2967 633 3203 719 imponat
3235 654 3338 710 illis
3359 656 3656 716 bestiarum

2063 723 2300 789 nomina,
2333 728 2454 782 andi
2484 740 2540 784 ut
2564 734 2792 802 quodam
2826 738 2942 793 loco
2961 740 3090 796 dicit
3121 759 3134 797 :
3172 744 3307 817 Equi
3349 752 3656 818 feminarum

2060 825 2311 907 uitiator-es
2337 820 2460 886 farti
2487 836 2605 876 sunt
2639 825 2771 896 (Jer.
2809 829 2862 882 5.
2893 830 2968 897 8).
3004 833 3131 889 Vide
3160 841 3428 907 quomodo
3452 846 3523 898 ob
3551 844 3655 897 im-

2059 904 2321 960 modicam
2357 911 2686 969 salacitatem
2739 919 2877 974 hanc
2922 904 3196 980 brutorum
3225 933 3649 1000 cognominatio-

2059 1007 2178 1046 nem
2211 995 2378 1052 indat.
2409 1000 2543 1055 Alibi
2575 1014 2751 1059 autem
2781 1025 2793 1060 :
2836 1007 3094 1066 Venenum
3122 995 3357 1086 aspidu-m
3388 1022 3650 1080 sub'labt'is

2055 1099 2225 1136 eorum
2253 1086 2423 1154 (Paul.
2457 1093 2542 1147 15.
2573 1095 2624 1156 '5,
2657 1107 2703 1150 et
2733 1098 2855 1153 159.
2882 1102 2962 1170 4),
2995 1105 3081 1157 tibi
3112 1108 3226 1174 ejus
3258 1109 3441 1164 be.~'li:l'
3463 1114 3646 1170 dolum

2051 1175 2395 1272 cit-fallaciam
2427 1183 2622 1267 imitari
2656 1205 2750 1244 eos
2783 1192 3000 1248 indicat.
3026 1197 3200 1253 Canes
3230 1218 3442 1272 quoque
3470 1221 3648 1262 mutos

2050 1265 2186 1367 alios
2209 1265 2537 1367 vomitant.
2569 1278 2658 1332 56.
2693 1281 2716 1334 t
2731 1284 2770 1350 ).
2797 1283 2861 1336 Et
2889 1285 3080 1340 ilcl‘llttt
3102 1265 3260 1356 dicit,
3281 1265 3430 1348 sua:
3452 1300 3649 1367 aspidis

2048 1359 2220 1455 surda:
2250 1373 2298 1414 et
2325 1364 2608 1423 obturantis
2633 1387 2779 1426 aures
2800 1391 2920 1430 suas
2947 1377 3115 1449 (Psal.
3148 1383 3238 1436 57.
3262 1385 3340 1455 5),
3373 1387 3492 1442 illos
3513 1359 3646 1445 sub-

2048 1449 2290 1508 indicans
2314 1458 2402 1526 qui
2430 1475 2586 1516 aures
2607 1464 2672 1518 ad
2701 1465 2997 1524 doctrinam
3028 1473 3240 1530 virtutis
3275 1449 3548 1536 obturant.
3575 1484 3644 1537 Et

2046 1542 2210 1634 multa
2256 1547 2356 1600 alia
2399 1553 2521 1619 quis
2561 1556 2776 1610 nomina
2828 1558 3067 1616 inveniet
3103 1564 3350 1634 imposita
3394 1583 3422 1621 a
3463 1570 3642 1628 divina

2042 1632 2314 1703 Scriptura
2368 1639 2436 1694 iis
2468 1643 2556 1711 qui
2588 1645 2639 1698 in
2669 1648 2944 1704 brutorum
2972 1632 3195 1709 allectus
3235 1671 3331 1726 per
3373 1659 3637 1730 ignaviam

2045 1733 2339 1822 transeunt.
2373 1730 2557 1803 Neque
2595 1737 2648 1791 in
2685 1741 2852 1794 veteri
2894 1743 3066 1798 solum
3099 1745 3238 1801 istud
3271 1750 3452 1808 videre
3473 1753 3593 1812 licet
3617 1796 3636 1822 ,

2040 1815 2134 1905 sed
2162 1827 2216 1871 et
2243 1820 2293 1873 in
2323 1837 2456 1877 nova
2497 1825 2634 1896 lege.
2677 1830 2814 1884 Audi
2857 1833 3000 1886 enim
3037 1835 3328 1905 llaptistam
3368 1815 3635 1901 dicentem

2038 1903 2238 1964 Judteis
2270 1927 2284 1964 :
2332 1912 2605 1984 Pragenies
2645 1921 2951 1988 viperarum,
2998 1903 3128 1994 quis
3152 1929 3289 1984 vobis
3339 1940 3640 1991 monstravit

2037 2001 2214 2067 fugere
2240 2019 2271 2055 α
2297 2017 2502 2060 ventura
2529 2009 2606 2061 ira
2647 2010 2863 2078 (Matth.
2896 2016 2948 2068 3.
2979 2016 3091 2085 7)?
3135 2019 3322 2074 Vidisti
3363 2028 3634 2092 quomodo

2035 2099 2089 2143 et
2118 2093 2200 2146 hic
2229 2093 2408 2149 dolum
2441 2101 2636 2155 mentis
2665 2103 2874 2158 illorum
2911 2107 3093 2162 bestire
3120 2113 3336 2168 nomine
3363 2117 3634 2186 signiﬁca-

2037 2183 2148 2279 vit?
2173 2186 2308 2279 Quid
2332 2204 2459 2259 ergo
2487 2193 2844 2250 miserabilius
2873 2197 3028 2254 fuerit
3053 2183 3438 2272 peccatoribus,
3465 2211 3552 2279 qui
3578 2222 3632 2268 et

2035 2275 2150 2344 ipso
2181 2278 2412 2336 hominis
2443 2286 2658 2340 nomine
2689 2289 2982 2357 privantur,
3009 2303 3061 2346 et
3091 2305 3308 2364 propter
3333 2297 3434 2353 hoc
3460 2275 3630 2371 majo-

2032 2370 2178 2425 ribus
2209 2375 2379 2440 pmnis
2405 2376 2545 2446 digni
2578 2390 2732 2444 sunt;
2764 2383 2904 2450 quod
2952 2394 3070 2452 post
3111 2400 3359 2458 acceptas
3379 2407 3409 2446 a
3438 2370 3622 2455 natura

2031 2461 2288 2528 plurimas
2309 2467 2617 2522 occasiones
2643 2469 2708 2522 ad
2743 2470 3178 2529 benefaciendum
3202 2489 3501 2549 monentes,
3530 2483 3627 2538 de-

2028 2562 2168 2642 serta
2205 2569 2267 2608 ac
2300 2555 2505 2624 prodita
2532 2559 2727 2614 virtute
2772 2562 2910 2616 ultro
2953 2564 3020 2618 ad
3062 2567 3186 2622 vitia
3233 2572 3628 2642 transfugiant?

2025 2641 2288 2708 QuOniam
2318 2646 2476 2716 igitur
2499 2651 2587 2718 qui
2613 2659 2738 2705 tunc
2771 2661 2956 2718 erant,
3005 2671 3193 2711 omnes
3215 2673 3276 2713 ea
3307 2674 3364 2714 se
3392 2641 3625 2719 hominis

2025 2737 2382 2804 appellatione
2409 2739 2652 2809 indignos
2675 2745 3018 2811 praestabant,
3041 2747 3217 2817 justus
3243 2761 3422 2807 autem
3452 2754 3541 2810 il'e
3569 2757 3624 2812 in

2030 2835 2174 2881 tanta
2204 2828 2414 2884 virtutis
2441 2831 2719 2886 sterilitate
2742 2875 2758 2899 ,
2812 2843 2918 2888 tam
2955 2839 3236 2893 excellenti
3287 2843 3480 2897 virtute
3521 2847 3620 2900 llo-

2024 2923 2148 2984 ruit,
2182 2923 2300 2976 ideo
2326 2923 2596 2995 Scriptura
2624 2942 2744 2981 cum
2769 2930 3018 2997 coepisset
3049 2947 3265 2988 narrare
3297 2935 3394 2989 viri
3423 2951 3621 3006 genea-

2022 3014 2215 3083 logiatn
2241 3057 2256 3082 ,
2287 3017 2420 3072 dixit
2454 3037 2466 3073 :
2502 3018 2617 3073 Noe
2647 3030 2816 3074 autem
2844 3023 3014 3076 homo.
3054 3025 3148 3078 Est
3184 3035 3237 3080 et
3266 3028 3403 3082 alius
3433 3030 3617 3098 justus

2018 3105 2255 3173 quidam,
2280 3108 2363 3160 cui
2389 3107 2490 3162 hoc
2518 3124 2710 3164 nomen
2738 3125 2834 3180 pro
2859 3127 3070 3166 summo
3100 3117 3343 3170 encomio
3369 3122 3613 3190 contigit,

2017 3203 2072 3250 et
2096 3211 2206 3266 pra:
2230 3199 2351 3253 aliis
2374 3201 2624 3254 omnibus
2672 3202 2772 3256 hoc
2816 3203 3032 3258 nomine
3064 3206 3415 3276 praedicatur,
3449 3215 3616 3270 utsic

2016 3287 2185 3342 virtus
2215 3289 2354 3343 illius
2383 3290 2669 3360 diligenter
2701 3303 3021 3361 expuuntur.
3054 3295 3183 3363 Quis
3210 3297 3300 3353 ille
3322 3303 3448 3355 est?
3476 3303 3612 3360 Bea-
3681 3363 3690 3372 ,

2015 3387 2098 3433 tus
2123 3378 2242 3443 Job,
2272 3381 2359 3435 ille
2388 3382 2527 3451 pugil
2557 3383 2786 3450 pietatis,
2818 3384 3016 3439 athleta
3047 3386 3212 3451 orbis,
3238 3388 3326 3457 qui
3351 3391 3496 3444 solus
3528 3393 3613 3446 in-

2010 3471 2265 3525 curabilia
2297 3471 2383 3525 illa
2411 3473 2694 3538 sustinuit,
2741 3483 2796 3530 et
2824 3479 3059 3543 acceptis
3090 3479 3384 3535 innumeris
3428 3497 3454 3532 a
3492 3483 3609 3535 dia-

2011 3561 2132 3615 bolo
2173 3563 2292 3617 telis
2320 3604 2336 3631 ,
2382 3564 2573 3618 vulnus
2625 3581 2730 3618 non
2753 3565 2959 3634 accepit
3007 3583 3022 3619 :
3069 3567 3162 3621 sed
3211 3569 3344 3623 sicut
3387 3570 3608 3628 adamas

2008 3654 2222 3725 quidam
2249 3670 2438 3710 omnes
2466 3657 2697 3726 impetus
2719 3658 2860 3711 ferre
2891 3659 3080 3726 potuit,
3108 3669 3164 3713 et
3188 3673 3217 3713 a
3245 3661 3406 3715 tantis
3431 3664 3608 3719 iliirti-

2007 3745 2107 3801 bus
2138 3762 2242 3800 non
2267 3746 2440 3801 solum
2471 3763 2576 3801 non
2603 3756 2685 3802 est
2709 3749 3057 3814 submersus,
3088 3750 3182 3804 sed
3209 3759 3264 3804 et
3289 3755 3605 3821 praevaluit;

2004 3846 2058 3890 ct
2084 3838 2318 3908 acceptis
2355 3838 2406 3892 in
2453 3853 2648 3908 corpus
2679 3853 2834 3893 suum
2886 3841 3136 3894 omnibus
3172 3841 3262 3911 qui
3309 3844 3361 3896 in
3404 3847 3607 3900 mundo

2003 3940 2157 3985 erant
2187 3931 2500 3995 doloribus,
2552 3931 2650 3985 hac
2700 3932 2910 3986 ratione
2949 3933 3119 3987 multo
3167 3933 3361 3988 clarior
3410 3938 3600 3991 evasit.

2002 4023 2116 4078 Non
2145 4025 2316 4078 solum
2345 4023 2486 4078 enim
2511 4038 2615 4076 non
2645 4023 2793 4076 illum
2832 4031 3038 4077 terrore
3088 4024 3310 4091 perculit
3341 4027 3601 4093 ingruen-

2002 4116 2131 4169 tium
2159 4113 2402 4167 dolorum
2437 4112 2733 4182 frequentia
2755 4154 2770 4179 ,
2799 4111 2893 4166 sed
2923 4122 2978 4165 et
3006 4113 3070 4166 ad
3100 4113 3358 4182 majorem
3397 4118 3600 4185 gratia-

2001 4225 2118 4263 rum
2145 4207 2408 4261 artionem
2437 4207 2685 4262 excitavit
2715 4223 2728 4259 :
2753 4214 2911 4276 atque
2937 4206 2990 4259 in
3018 4205 3268 4261 omnibus
3291 4222 3445 4261 suum
3473 4223 3599 4279 gra-

2001 4312 2111 4355 tum
2142 4300 2378 4354 animum
2401 4298 2713 4363 declarans,
2763 4297 2976 4353 letalem
2999 4297 3211 4351 diabolo
3252 4299 3460 4368 plagam
3511 4301 3599 4354 in-

1998 4393 2154 4457 dixit,
2181 4407 2286 4460 quo
2313 4392 2401 4446 ille
2429 4391 2750 4460 intelligeret
2781 4404 2900 4443 sese
2919 4389 3110 4443 frustra
3143 4390 3316 4444 moliri
3339 4399 3392 4446 et
3409 4402 3596 4446 contra

1997 4486 2271 4540 stimulum
2300 4483 2597 4538 calcitrare.
2650 4481 2802 4536 l‘lunc
2827 4478 2989 4550 igitur
3016 4491 3254 4538 sanctum
3285 4483 3443 4537 etiam
3472 4493 3597 4538 :nte

1997 4590 2073 4635 tot
2100 4593 2297 4649 agones
2325 4587 2376 4632 et
2404 4575 2696 4631 certamina
2716 4615 2730 4638 ,
2774 4583 2978 4627 tantum
3011 4573 3244 4627 laudavit
3289 4577 3596 4629 misericors

1998 4671 2157 4733 Deus,
2189 4678 2243 4722 et
2272 4667 2568 4737 pra-dicatis
2599 4665 2730 4718 dixit
2751 4664 2960 4718 diabolo
2987 4680 3001 4716 :
3034 4662 3173 4716 Num
3201 4665 3371 4717 animo
3395 4675 3482 4716 tuo
3499 4666 3594 4716 ad-

1994 4761 2181 4814 vertisti
2208 4759 2455 4830 famulum
2483 4773 2644 4810 meum
2673 4755 2793 4817 Job,
2827 4754 2962 4825 quod
3003 4770 3102 4806 non
3133 4756 3196 4807 sit
3235 4755 3386 4807 Itonia
3411 4755 3592 4808 similis

1991 4853 2069 4906 illi
2099 4868 2252 4917 super
2269 4860 2475 4914 terrain,
2503 4847 2652 4900 homo
2675 4847 2984 4916 inculpatus,
3003 4846 3197 4914 justus,
3229 4861 3400 4910 verax,
3428 4843 3590 4898 Deum

1912 4966 1918 4972 ·
1991 4945 2189 5007 colens,
2217 4942 2469 4995 abstinens
2496 4939 2559 4992 ab
2579 4938 2718 4990 enini
2743 4951 2894 5004 apere
2915 4935 3047 4988 malo
3077 4934 3231 5004 (Job.
3270 4935 3321 4989 Ι.
3350 4933 3462 5006 8)?
3495 4934 3588 4989 Vi-

1992 5037 2115 5091 disti
2142 5044 2196 5089 et
2225 5034 2368 5088 hunc
2398 5049 2427 5085 a
2455 5031 2724 5087 communi
2758 5039 2961 5083 natura:
2989 5027 3202 5082 nomine
3224 5029 3369 5097 prius
3398 5027 3589 5096 praedi-

1991 5128 2098 5183 cari
2120 5127 2144 5179 7
2171 5124 2458 5189 Advortisti,
2484 5122 2676 5190 inquit,
2707 5121 2955 5192 famulum
2989 5135 3159 5172 meum
3183 5117 3304 5183 Job,
3327 5121 3463 5190 quod
3488 5135 3591 5172 non

1991 5223 2054 5274 sit
2079 5220 2260 5274 similis
2292 5218 2369 5271 illi
2393 5215 2585 5291 homo?
2629 5214 2694 5268 Et
2725 5213 2928 5267 similes
2953 5212 3133 5283 utique
3160 5228 3348 5267 omnes
3378 5230 3588 5275 sumus,

1991 5311 2085 5365 sed
2118 5327 2223 5363 non
2270 5307 2562 5362 secundmn
2602 5302 3017 5392 \'irlutem,lsetl
3064 5303 3357 5357 secundum
3404 5304 3590 5358 forma:

1993 5402 2251 5455 rationem
2287 5415 2300 5451 :
2331 5407 2387 5450 at
2420 5397 2521 5450 hoc
2549 5410 2653 5447 non
2691 5401 2774 5446 est
2811 5394 3005 5456 homo,
3059 5393 3150 5446 scd
3178 5396 3392 5463 quando
3421 5396 3584 5449 absti-

1993 5507 2126 5546 nens
2145 5506 2172 5543 a
2207 5487 2405 5542 malitia
2429 5486 2674 5539 virtutem
2705 5491 2975 5553 operatur.

2063 5585 2112 5639 5.
2147 5581 2334 5637 Vidisti
2366 5593 2500 5648 quos
2535 5577 2710 5630 divina
2743 5575 3016 5656 Scriptum
3045 5573 3290 5629 homines
3315 5577 3588 5646 appellare

1991 5676 2168 5730 solet?
2197 5671 2455 5740 Quocirca
2501 5678 2553 5723 et
2595 5667 2662 5723 ab
2705 5667 2856 5720 initio
2885 5681 3004 5720 cum
3028 5667 3248 5723 vidisset
3289 5667 3428 5723 Deus
3459 5682 3584 5722 eum

1991 5784 2080 5840 qui
2111 5781 2140 5822 a
2161 5779 2219 5820 se
2245 5771 2415 5817 tactus
2443 5769 2582 5824 erat,
2612 5756 2823 5811 dicebat
2853 5774 2864 5812 :
2916 5755 3192 5811 Faciamus
3232 5759 3483 5813 hominem
3503 5773 3581 5810 se-
