4078 6426
537 315 642 373 903

533 428 756 482 tundunt
783 427 1051 500 imaginem
1083 440 1303 485 nostram
1339 443 1386 485 et
1419 434 1692 487 secundum
1731 435 2106 488 similitudinem

537 518 689 587 (Gen.
723 520 775 573 l.
795 519 911 588 28),
944 520 1044 574 hoc
1069 531 1172 588 est,
1203 533 1260 576 ut
1281 524 1506 594 imperet
1542 534 1596 578 et
1620 525 1909 578 visibilibus
1935 525 2108 578 omni-

532 610 630 662 bus
655 619 710 664 et
743 610 1019 664 affectibus
1041 613 1155 666 suis
1180 631 1194 668 :
1225 613 1470 681 imperet,
1516 629 1621 667 non
1653 614 1782 667 ferat
1805 615 2105 683 impcrimn.

530 698 681 764 Quod
737 699 780 752 si
827 714 978 754 suam
1031 705 1260 769 prodens
1299 703 1604 773 dignitatem
1653 704 1930 771 imperium
1974 702 2106 757 ferat

531 789 729 856 potius,
760 805 916 858 quam
947 791 1199 861 imperet,
1245 793 1402 846 homo
1427 807 1546 846 esse
1571 792 1765 847 desinit
1787 835 1802 857 ,
1835 803 1888 847 et
1925 793 2106 846 bruto-

527 896 644 932 rum
677 882 727 933 in
758 897 816 933 se
847 897 1042 936 nomen
1072 882 1340 936 transfert.
1370 885 1547 951 Atque
1567 882 1666 937 hac
1693 882 1761 936 de
1779 897 1936 936 causa
1966 897 2106 936 nunc

525 971 701 1025 divina
745 973 1018 1039 Scriptura
1065 975 1312 1028 virtutem
1365 974 1491 1040 justi
1535 973 1679 1026 illius
1731 973 2105 1028 commendare

531 1065 738 1124 volens,
765 1065 900 1119 dixit
932 1083 944 1117 :
983 1064 1076 1117 Hm
1103 1075 1214 1118 sunt
1239 1067 1578 1136 generationes
1605 1063 1721 1118 Noe
1752 1080 1771 1117 :
1803 1063 1918 1118 Noe
1955 1067 2105 1118 homo

518 1152 695 1220 justus
727 1153 889 1225 (Gen.
923 1155 974 1208 6.
1005 1153 1096 1222 9).
1130 1155 1264 1208 Ecce
1289 1166 1341 1209 et
1364 1155 1518 1208 aliam
1545 1158 1824 1208 maximam
1851 1157 2102 1226 pra-comi

527 1244 756 1309 speciem
781 1283 794 1304 ,
829 1242 1008 1296 Justus
1038 1261 1056 1296 :
1085 1243 1183 1296 hac
1217 1245 1570 1312 appellatione
1609 1261 1822 1300 omnem
1855 1247 2101 1300 virtutem

527 1333 912 1398 complectitur.
949 1333 1057 1384 lloc
1078 1333 1218 1385 enim
1251 1349 1478 1399 nomen,
1505 1335 1700 1403 justus,
1730 1339 2102 1390 consuevimus

524 1420 704 1475 dicere
738 1422 804 1474 de
844 1421 908 1476 iis
939 1422 1024 1490 qui
1069 1423 1406 1492 omnigenam
1442 1435 1693 1479 exercent
1724 1427 1969 1479 virtutem
1998 1425 2098 1496 (a).

525 1508 710 1564 Postea
738 1521 788 1563 ut
810 1509 984 1565 discas
1006 1513 1275 1580 quomodo
1303 1512 1370 1566 ad
1397 1528 1663 1566 summum
1706 1515 1914 1567 virtutis
1958 1515 2102 1567 fasti-

521 1602 610 1669 giu
633 1619 662 1652 ιι
694 1604 1015 1670 pervenerit,
1047 1603 1096 1656 id
1122 1603 1262 1671 quod
1292 1611 1347 1656 et
1377 1611 1502 1658 tunc
1527 1603 1837 1673 exigebatur
1859 1620 1888 1657 a
1909 1615 2097 1657 natura

523 1701 702 1744 nostra
721 1731 739 1758 ,
767 1691 934 1762 inquit
967 1709 980 1745 :
1019 1690 1055 1745 Ι
1061 1702 1199 1746 ustus
1225 1702 1271 1746 et
1297 1697 1544 1764 perfectus
1568 1693 1620 1747 in
1643 1695 1960 1764 generatione
1984 1710 2095 1746 sua.

518 1782 728 1848 Omnia,
756 1783 956 1852 inquit,
988 1783 1226 1851 implevit
1258 1799 1604 1854 quaecumque
1627 1787 1799 1840 facere
1850 1787 2098 1840 convenit

517 1887 638 1926 eum
663 1875 752 1942 qui
784 1875 1030 1928 virtutem
1059 1876 1428 1944 amplexatur:
1463 1877 1590 1931 illud
1620 1878 1762 1932 enim
1793 1878 2092 1947 significat,

517 1961 783 2028 Ρεγίεοιιιε
806 1979 828 2016 :
851 1964 982 2017 nihil
1021 1963 1326 2030 intermisit,
1356 1965 1408 2020 in
1439 1967 1584 2020 nullo
1613 1967 1952 2022 claudicavit.
1977 1967 2092 2022 Non

514 2054 569 2108 in
593 2053 692 2108 hoc
720 2064 863 2110 recte
891 2055 1112 2123 agebat,
1165 2056 1216 2110 in
1255 2057 1347 2110 illo
1379 2067 1556 2112 autem
1585 2059 1874 2126 peccabat,
1918 2059 2012 2114 sed
2041 2061 2092 2114 in

511 2144 655 2197 omni
682 2145 878 2200 virtute
904 2146 1167 2213 perfectus
1191 2156 1307 2202 erat
1339 2165 1352 2200 :
1384 2148 1510 2202 illud
1533 2149 1675 2204 enim
1701 2149 1954 2204 exhibere
1977 2150 2093 2218 ejus

509 2231 670 2286 oflieii
709 2243 843 2288 erat.
878 2234 1176 2300 Praeterea,
1219 2245 1277 2291 ut
1311 2252 1376 2292 ex
1422 2248 1662 2307 tempore
1697 2256 1906 2310 quoque
1931 2250 1986 2295 et
2025 2258 2089 2294 ex

509 2326 908 2394 comparatione
955 2341 1074 2380 cum
1119 2328 1240 2382 aliis
1290 2327 1633 2384 illustriorem
1688 2331 1842 2385 nobis
1889 2331 2089 2400 justum

508 2416 817 2480 exhiberet,
860 2417 1029 2485 inquit
1068 2434 1082 2470 :
1119 2416 1388 2488 Perfectus
1415 2420 1468 2472 in
1500 2421 1817 2487 generatione
1857 2437 1992 2484 sua;
2037 2423 2087 2475 in

511 2515 750 2574 tempore
776 2507 866 2560 illo
884 2547 900 2571 ,
932 2507 984 2560 in
1014 2509 1358 2575 generatione
1383 2510 1467 2563 illa
1498 2525 1745 2579 perversa
1767 2552 1782 2576 ,
1811 2528 1928 2580 quae
1955 2513 2088 2567 adeo

509 2595 562 2648 in
613 2595 809 2650 Inalum
855 2596 1176 2664 declinavit,
1223 2615 1341 2668 qua:
1369 2615 1541 2670 neque
1569 2601 1847 2669 vestigium
1878 2603 2086 2657 virtutis

508 2698 619 2751 prie
654 2699 714 2738 se
739 2684 878 2740 ferre
904 2688 1086 2740 voluit.
1120 2688 1174 2742 ln
1220 2689 1306 2743 illa
1338 2691 1496 2760 igitur
1519 2692 1881 2760 generatione,
1910 2693 1962 2746 in
1986 2695 2086 2748 illis

508 2776 836 2844 temporibus
856 2777 1031 2844 justus
1063 2779 1270 2834 illenon
1296 2782 1467 2836 solum
1499 2784 1746 2837 virtutem
1775 2799 1885 2851 prus
1911 2799 1970 2839 se
1998 2794 2082 2838 tu-

507 2863 568 2917 lit
591 2905 605 2929 ,
638 2865 732 2919 sed
757 2875 813 2920 et
843 2867 895 2920 in
925 2877 1127 2923 tantum
1157 2872 1395 2938 pervenit
1421 2873 1632 2928 virtutis
1664 2874 1913 2941 culmen,
1959 2892 2080 2943 per-

503 2952 705 3021 fectus,
737 2963 794 3010 et
832 2957 882 3010 in
914 2959 1162 3012 omnibus
1186 2961 1480 3016 absolutus.
1523 2962 1656 3017 Nam
1702 2964 1751 3018 id
1790 2965 1930 3035 quod
1955 2976 2080 3022 ante

498 3041 640 3104 dixi,
684 3043 823 3100 bene
847 3062 1002 3116 agere
1046 3049 1184 3104 inter
1209 3052 1415 3106 virtutis
1458 3053 1672 3120 hostes,
1717 3064 1771 3110 et
1818 3057 1956 3112 inter
1985 3072 2079 3113 eos

498 3134 588 3202 qui
617 3134 864 3191 virtutem
912 3140 1195 3206 prohibent
1221 3143 1462 3198 eamdem
1490 3145 1825 3202 sedulitatem
1871 3164 1980 3218 prae
2019 3165 2079 3206 se

498 3221 672 3290 ferre,
721 3227 889 3295 majus
914 3230 1124 3298 semper
1151 3231 1360 3287 virtutis
1391 3236 1597 3304 pondus
1637 3247 1879 3293 testatur.
1930 3240 2077 3298 Unde

429 3310 447 3325 ’
497 3316 597 3368 hac
629 3316 834 3371 ratione
856 3317 1029 3386 justus
1061 3321 1145 3375 ille
1165 3322 1394 3392 majores
1423 3324 1605 3381 laudes
1632 3339 1817 3384 nactus
1843 3340 1942 3385 est.
1970 3331 2076 3387 Ne-

493 3417 600 3473 que
626 3404 711 3460 hic
740 3398 898 3461 finem
941 3409 1184 3466 laudandi
1229 3414 1374 3469 illum
1416 3416 1540 3470 facit
1558 3417 1736 3474 divina
1765 3422 2032 3492 Scriptura
2054 3468 2072 3493 ,

490 3495 586 3550 sed
615 3497 786 3552 adlmc
810 3501 1018 3555 virtutis
1050 3503 1190 3558 illius
1227 3506 1601 3563 excellentiam
1632 3509 1985 3579 demonstrat,
2021 3527 2075 3572 et

489 3586 630 3654 quod
668 3587 849 3643 divino
876 3591 1079 3645 calculo
1108 3593 1358 3662 probatus
1387 3596 1580 3664 fuerit,
1631 3602 1751 3670 quia
1793 3614 2071 3675 postquam

487 3674 657 3741 dixit,
687 3676 949 3746 Perfectus
969 3681 1020 3734 in
1041 3686 1362 3750 generatione
1380 3704 1474 3742 sua
1495 3730 1510 3754 ,
1535 3690 1709 3757 addit,
1743 3692 1850 3748 Deo
1880 3674 2071 3766 placuit

493 3765 626 3820 Noe.
659 3764 828 3823 Tanta
851 3780 970 3825 erat
990 3772 1158 3828 virtus
1179 3777 1336 3842 illius,
1366 3789 1423 3833 ut
1446 3791 1548 3835 eta
1577 3782 1686 3837 Deo
1712 3764 1918 3842 laudari
1943 3804 2067 3856 pro-

487 3860 763 3915 meruerit.
790 3858 899 3916 Deo
929 3864 1069 3917 enim
1088 3905 1102 3930 ,
1132 3865 1333 3936 inquit,
1366 3870 1554 3938 placuit
1577 3871 1691 3926 Noe
1707 3891 1727 3938 ;
1751 3890 1816 3930 ac
1841 3878 1885 3932 si
1913 3878 2059 3934 dice-

483 3959 566 4002 ret
599 3967 611 4002 :
645 3953 970 4022 approbatus
1001 3955 1093 4010 fuit
1118 3973 1146 4010 a
1175 3957 1325 4025 Deo;
1370 3976 1465 4031 per
1491 3963 1630 4018 bona
1670 3982 1830 4036 opera
1873 3969 2066 4038 placuit

487 4042 563 4097 illi
590 4046 749 4100 oculo
775 4047 863 4117 qui
895 4051 1056 4119 sopiri
1086 4068 1191 4106 non
1217 4063 1411 4123 potest,
1449 4063 1506 4111 et
1534 4056 1675 4113 illius
1703 4061 1802 4116 sibi
1829 4062 2060 4119 favorem

479 4143 682 4190 tantum
699 4138 1002 4194 conciliavit
1028 4156 1120 4209 per
1137 4142 1328 4198 bonam
1346 4146 1528 4212 vitam,
1547 4161 1605 4204 ut
1623 4167 1744 4205 eum
1762 4167 1869 4208 non
1885 4155 2057 4210 solum

477 4225 546 4278 ab
580 4225 940 4297 indignatione
971 4233 1020 4284 in
1052 4249 1242 4289 omnes
1266 4235 1581 4294 effundenda
1603 4241 1859 4311 liberarii,
1882 4247 1976 4302 sed
2005 4258 2060 4303 et

475 4315 700 4369 aliorum
728 4327 1005 4386 patronum
1039 4321 1242 4378 fecerit.
1290 4325 1400 4380 Deo
1428 4330 1601 4393 enim,
1634 4332 1835 4402 inquit,
1868 4336 2058 4406 placuit

481 4403 613 4459 Noe.
643 4407 772 4474 Quis
794 4408 893 4462 hoc
921 4412 1122 4466 beatior
1144 4413 1324 4479 fuerit,
1353 4420 1443 4485 qui
1471 4428 1671 4474 tantam
1697 4439 1805 4492 prae
1831 4403 1890 4479 se
1916 4427 2054 4484 ferre

476 4495 648 4558 potuit
670 4497 939 4563 virtutem,
962 4511 1018 4554 ut
1041 4502 1320 4558 Dominum
1345 4507 1574 4563 universi
1599 4513 1816 4568 haberet
1839 4517 2050 4574 landum

469 4600 686 4641 suarum
729 4593 1068 4657 prarconem?

543 4676 763 4744 Quinam
787 4695 897 4734 vere
925 4694 1164 4752 regnent;
1189 4686 1496 4759 genealogus
1519 4693 1698 4748 modus
1717 4696 1956 4766 optimus.
1979 4731 2049 4742 -—

471 4765 596 4822 llaec
617 4769 685 4822 ab
706 4785 772 4824 eo
797 4782 920 4824 sunt
950 4775 1080 4827 facta
1107 4814 1124 4838 ,
1171 4791 1290 4845 qum
1313 4780 1585 4846 quibusvis
1610 4765 1836 4852 divitiis,
1863 4793 2048 4857 quavis

464 4857 810 4919 abundantia.
841 4865 1025 4931 quavis
1053 4865 1220 4934 gloria
1244 4877 1296 4922 et
1323 4871 1577 4940 potentia,
1606 4877 1790 4943 quavis
1815 4877 2042 4935 humana

461 4948 711 5006 felicitate
734 4956 938 5021 potiora
959 4956 1170 5010 duxerit
1190 4959 1429 5028 quisquis
1451 4975 1680 5019 mentem
1709 4966 1903 5025 habet:
1929 4971 2043 5026 haec

459 5054 624 5113 regno
650 5042 814 5111 magis
840 5043 1210 5100 desiderabilia
1244 5048 1442 5104 fuerint
1467 5051 1546 5118 ei,
1595 5056 1682 5123 qui
1724 5057 1887 5112 Deum
1927 5063 2040 5114 sin-

454 5142 582 5183 cero
628 5145 811 5184 amore
844 5131 1034 5204 diligit.
1069 5135 1263 5191 Verum
1301 5142 1440 5193 enim
1484 5157 1704 5211 regnum
1740 5148 1996 5205 istudest
2019 5192 2036 5216 ,

455 5232 613 5285 posse
638 5235 733 5274 nos
763 5223 962 5291 optima
990 5227 1095 5279 vita
1131 5231 1412 5298 propitium
1442 5241 1496 5285 et
1519 5233 1848 5302 clementem,
1880 5242 2038 5298 nobis

454 5308 679 5363 reddere
711 5310 1010 5368 Dominum.
1054 5315 1365 5374 Gehennam
1395 5323 1537 5377 enim
1569 5325 1757 5383 timere
1797 5345 1903 5389 non
1936 5333 2032 5388 de-

459 5395 650 5452 bemus
671 5411 896 5471 propter
921 5405 1098 5477 ignem
1124 5410 1276 5466 illum
1305 5416 1894 5494 inexstinguihilem,et
1921 5446 2039 5500 pus-

516 5549 878 5635 golﬁicjoeus
915 5561 1050 5612 hunc
1087 5579 1283 5618 versum
1324 5573 1634 5634 Empedoclis
1665 5577 1714 5629 in
1752 5584 2031 5635 memoriam

1153 5614 1283 5618 __...__
1324 5614 1408 5621 ..---
1451 5614 1634 5627 νει-νυιισ
1665 5614 1714 5629 ιιι
1754 5614 1954 5633 IIICIIIUII
1991 5614 2031 5635 ΙΙΙ

454 5614 770 5708 3:103:13:
775 5624 1284 5708 ’ἓξὲτπιρὲξλῖίρςῂν
1303 5614 1518 5704 πίσῂἷριτγί
1537 5651 1645 5702 ουτω,
1669 5641 1717 5693 in
1730 5645 1923 5708 justiti“
1945 5614 2034 5697 (iit-

455 5673 548 5718 tem
577 5677 956 5735 comprehensim
980 5673 1620 5750 iaziiciiiiili-"biiiis'

1272 315 1328 373 S.
1369 317 1644 375 .lOAN‘NiS
1681 318 2153 378 CIIRYSOSTOMI
2191 323 2507 383 ARClllEP.
2549 330 3077 396 CONSTANTINOP.

3689 355 3806 410 205

2221 452 2317 492 nas
2344 445 2641 512 terribiles,
2673 460 2725 504 et
2764 465 3046 521 perpetuos
3071 459 3372 517 cruciatus:
3408 465 3501 518 sed
3542 470 3665 536 quia
3711 473 3806 523 or-

2215 528 2480 589 fendimus
2503 548 2608 593 tam
2642 542 2834 598 bonum
2867 547 3194 616 Dominum,’
3236 563 3294 608 et
3332 555 3402 610 ab
3439 558 3578 615 illius
3619 565 3806 629 gratia

2213 637 2396 680 smnus
2424 631 2579 684 alieni
2624 649 2638 685 :
2681 636 2752 690 ita
2794 646 2848 692 et
2869 640 2934 692 ad
2975 657 3192 710 regnum
3231 648 3386 703 nobis
3434 652 3804 710 festinandum

2214 717 2425 773 nonnisi
2455 733 2668 792 prepter
2695 741 2930 784 amorem
2955 732 3005 786 in
3035 734 3200 800 illum,
3233 747 3291 792 ut
3309 740 3425 808 ejus
3449 746 3615 814 gntia
3638 746 3802 801 frna-

2215 821 2353 862 mur.
2402 808 2533 864 Nam
2589 824 2646 867 ut
2665 831 2830 885 regno
2871 819 3274 882 desiderabilius
3322 808 3801 894 estfclementem

2214 895 2492 953 Dominum
2542 915 2781 959 nostrum
2834 909 3146 968 benevolum
3188 932 3309 974 esse
3349 922 3502 976 nobis
3534 941 3548 976 :
3581 927 3649 980 ita
3694 943 3802 996 ge-

2212 987 2384 1042 henna
2415 995 2644 1060 gravius,
2675 997 2742 1051 ab
2767 999 2907 1055 illius
2931 1003 3298 1062 benevolentia
3327 1015 3594 1071 excidere.

2289 1079 2503 1136 Vidistis
2541 1096 2750 1154 quantm
2795 1093 2944 1146 nobis
2997 1097 3234 1152 utilitatis
3278 1101 3375 1156 fuit
3415 1120 3792 1174 argumentum

2209 1173 2493 1239 appellatio
2508 1175 2660 1243 justi,
2689 1190 2744 1233 et
2768 1195 3020 1250 quantum
3050 1198 3434 1248 sententiarum
3474 1173 3788 1256 thesaurum

2210 1265 2414 1331 peperit
2437 1266 2763 1324 admirabilis
2804 1271 2960 1341 hujus
2985 1278 3081 1331 viri
3107 1283 3460 1354 genealogia?
3487 1286 3794 1358 Sequatnur

2207 1352 2368 1421 igitur
2391 1364 2446 1410 ct
2470 1372 2566 1412 nos
2594 1359 2786 1415 divinae
2816 1361 3102 1434 Scriptum:
3132 1352 3374 1440 regulas,
3407 1387 3463 1431 et
3489 1379 3534 1432 si
3561 1352 3791 1436 velimus

2205 1443 2503 1513 aliquorum
2531 1452 2866 1522 genealogias
2888 1471 3156 1524 enarrare,
3190 1479 3294 1516 non
3327 1475 3502 1534 patres
3542 1481 3594 1524 et
3617 1487 3784 1539 avos,

2205 1545 2259 1586 et
2285 1537 2480 1590 abavos
2509 1539 2558 1592 in
2592 1544 2822 1597 medium
2849 1546 3134 1606 afferamus
3156 1593 3172 1617 ,
3201 1556 3294 1610 sed
3319 1558 3435 1626 ejus
3461 1563 3628 1616 solum
3651 1605 3664 1628 ,
3685 1581 3785 1620 cu-

2200 1625 2290 1695 jus
2315 1641 2396 1682 est
2421 1635 2745 1706 genealogia,
2780 1639 3030 1695 virtutem
3056 1625 3385 1717 detegamus.
3414 1655 3510 1710 Hic
3543 1625 3782 1727 optimus

2202 1721 2526 1792 gent-alogias
2556 1726 2746 1781 modus
2767 1742 2875 1784 est.
2899 1733 3028 1798 Quae
3059 1738 3200 1791 enim
3227 1742 3427 1797 utilitas
3451 1761 3518 1800 ex
3545 1749 3702 1803 claris
3723 1762 3779 1806 et

2205 1809 2384 1875 probis
2419 1817 2728 1879 parentibus
2768 1819 3022 1889 originem
3052 1825 3250 1882 ducere
3275 1871 3292 1896 ,
3325 1841 3377 1886 te
3419 1844 3592 1891 autem
3622 1838 3779 1897 bona:

2203 1898 2323 1950 vine
2343 1914 2462 1954 esse
2482 1914 2752 1971 expertem
2777 1907 2802 1958 ἲ
2826 1918 2917 1963 aut
2937 1913 3075 1979 quod
3106 1915 3357 1973 damnum
3384 1921 3576 1991 fuerit,
3611 1928 3655 1981 si
3681 1945 3778 1998 pa-

2201 1999 2378 2042 rentes
2415 1998 2471 2044 et
2515 1997 2878 2063 progenitores
2916 2001 3113 2058 fuerint
3158 2007 3416 2075 ignobiles
3437 2023 3494 2067 et
3514 1997 3722 2073 obscuri
3756 2064 3773 2086 ,

2199 2078 2311 2146 ipse
2341 2093 2516 2136 autem
2545 2086 2824 2143 virtutibus
2855 2091 3089 2149 floreas?
3113 2099 3242 2163 Quia
3269 2113 3321 2154 et
3337 2103 3512 2171 justus
3537 2109 3625 2162 ille
3652 2112 3776 2166 talis

2200 2170 2313 2235 fuit,
2346 2180 2402 2227 et
2433 2177 2734 2233 coaciliavit
2765 2183 2865 2238 sibi
2890 2189 3114 2254 gratiam
3146 2191 3237 2246 Dei
3261 2234 3276 2258 ,
3303 2170 3408 2250 non
3434 2200 3573 2268 quod
3602 2217 3632 2254 ει
3655 2205 3776 2259 tali-

2197 2261 2294 2316 bus
2320 2264 2478 2318 fuerit
2509 2270 2847 2335 parentibus:
2873 2290 3045 2344 neque
3065 2281 3205 2334 enim
3235 2282 3307 2336 ita
3334 2300 3429 2339 eos
3453 2303 3776 2346 commemo-

2195 2363 2279 2405 rat
2317 2352 2590 2424 Scriptura
2637 2371 2694 2414 ut
2745 2363 2944 2421 virtute
2986 2369 3209 2425 nobiles.
3252 2372 3606 2435 Nihilominus
3646 2397 3772 2438 cum

2196 2454 2341 2498 tanta
2367 2459 2547 2502 essent
2571 2451 2844 2508 obstacula
2871 2465 2926 2511 et
2962 2467 3039 2514 tot
3084 2463 3480 2534 impedimenta,
3514 2471 3566 2526 in
3598 2472 3770 2543 ipsum

2193 2539 2472 2602 pervenire
2511 2544 2680 2610 potuit
2722 2546 2940 2603 virtutis
2965 2552 2980 2582 ¹
3011 2554 3307 2624 fastigium:
3336 2571 3392 2613 ut
3424 2539 3764 2623 discas'eutu

2190 2626 2278 2693 qui
2311 2626 2493 2696 vigilat
2519 2640 2573 2684 et
2595 2635 2805 2689 sobrius
2829 2648 2933 2705 est,
2962 2651 3015 2693 ct
3042 2657 3153 2698 suze
3187 2648 3371 2703 Salutis
3399 2668 3579 2708 curam
3615 2658 3759 2726 agit,

2191 2716 2322 2771 nihil
2350 2734 2470 2775 esse
2495 2724 2637 2792 quod
2661 2728 2961 2796 prohibeat.
2991 2733 3123 2789 Nam
3153 2737 3291 2793 sicut
3323 2742 3409 2796 ubi
3441 2716 3767 2816 negligentes

2187 2812 2507 2878 coeperimus
2530 2831 2668 2883 esse,
2703 2821 2859 2874 etiam
2890 2839 2918 2876 a
2961 2825 3119 2880 rebus
3145 2830 3377 2887 minimis
3402 2835 3720 2895 offendimur
3746 2861 3761 2896 :

2189 2898 2260 2951 ita
2276 2901 2320 2953 si
2350 2903 2677 2962 voluerimus
2707 2911 2869 2965 sobrii
2899 2929 3018 2969 esse
3046 2958 3060 2980 ,
3094 2923 3341 2987 quamvis
3371 2925 3636 2984 innumeri
3659 2933 3764 2987 sint

2186 2995 2274 3062 qui
2300 2995 2366 3049 ad
2391 2997 2642 3053 malitiam
2670 3001 2903 3070 trahant,
2937 3009 3240 3080 neutiquam
3269 3025 3508 3072 nostrum
3531 3022 3762 3078 studium

2186 3097 2430 3153 poterunt
2457 3088 2808 3148 labefactare:
2828 3096 2969 3151 sicut
2992 3115 3165 3170 neque
3193 3104 3339 3160 illum
3359 3108 3589 3177 justum,
3624 3124 3758 3169 tam-

2183 3177 2282 3230 etsi
2315 3185 2392 3232 tot
2416 3192 2596 3235 essent
2625 3183 2675 3236 id
2700 3197 2948 3242 curantes
2973 3230 2988 3250 ,
3023 3195 3323 3261 segniorem
3359 3200 3411 3253 in
3449 3206 3752 3260 exercenda

2181 3268 2375 3323 virtute
2397 3270 2572 3326 facere
2591 3285 2900 3342 potuerunt.
2921 3281 3149 3339 Proinde
3170 3288 3350 3343 nullus
3377 3293 3537 3347 alium
3555 3307 3763 3366 arguat,

2179 3370 2234 3413 et
2266 3360 2316 3414 in
2345 3362 2476 3416 alios
2497 3365 2706 3436 culpam
2731 3372 3066 3440 transcribat,
3091 3377 3184 3431 sed
3210 3394 3320 3434 sua:
3342 3383 3562 3450 ignavia:
3590 3360 3758 3444 totum

2181 3449 2422 3518 imputet.
2453 3453 2522 3509 Et
2551 3457 2674 3526 quid
2701 3459 2820 3514 dico
2866 3463 2918 3516 in
2964 3465 3144 3520 alios?
3173 3449 3648 3541 Nequediaholum
3678 3482 3756 3550 ip-

2177 3557 2294 3596 sum
2325 3545 2440 3614 quis
2465 3556 2570 3600 tam
2592 3558 2863 3618 potentem
2889 3566 3055 3624 putet,
3086 3569 3138 3614 ut
3158 3562 3438 3628 prohibere
3453 3545 3752 3640 quempiam

2177 3634 2347 3702 possit
2374 3639 2658 3704 quominus
2687 3641 2738 3696 in
2771 3645 2908 3700 viam
2937 3664 3056 3717 qum
3075 3651 3141 3704 ad
3172 3653 3422 3710 virtutem
3448 3634 3747 3725 ducit,-eat.

2175 3723 2492 3794 Supplantat
2510 3731 2722 3799 quidem
2754 3745 2806 3788 et
2827 3736 3025 3809 decipit
3044 3745 3378 3800 socordiores
3402 3791 3418 3810 ,
3448 3765 3554 3806 non
3585 3723 3750 3824 impe-

2172 3815 2252 3869 dit
2269 3828 2469 3884 autem,
2495 3835 2594 3876 nec
2611 3824 2714 3878 vim
2746 3827 2902 3883 infert
2927 3848 2940 3879 :
2966 3831 3018 3885 id
3047 3835 3186 3902 quod
3218 3851 3398 3892 rerum
3424 3844 3747 3910 experientia

2169 3906 2355 3963 docet:
2382 3925 2572 3981 nempe
2599 3914 2642 3968 si
2667 3917 2925 3974 vellemus
2950 3923 3170 3992 vigilare
3198 3968 3213 3993 ,
3245 3938 3404 3985 tantae
3431 3938 3746 3990 constantiae

2169 4002 2442 4069 specimen
2471 4005 2879 4073 exhiberemus,
2913 4023 2970 4068 ut
3005 4031 3178 4089 neque
3203 4020 3252 4074 si
3277 4023 3428 4077 multi
3459 4038 3641 4081 essent
3680 4029 3744 4082 ad

2167 4093 2384 4150 malitia:
2411 4097 2551 4153 viam
2579 4117 2675 4156 nos
2700 4103 3045 4162 cohortantes
3068 4149 3085 4174 ,
3112 4127 3295 4166 eorum
3326 4114 3585 4172 ferremus
3612 4135 3740 4174 con-

2165 4185 2361 4252 silium,
2395 4189 2488 4244 sed
2511 4193 2654 4246 omni
2676 4193 2962 4252 adamante
2989 4198 3273 4270 firmiores,
3295 4219 3452 4260 aures
3467 4208 3740 4264 ohturare-

2164 4292 2281 4330 mus
2308 4288 2413 4332 tam
2448 4296 2607 4349 prava
2626 4287 3049 4344 consulentibus.
3079 4293 3148 4345 At
3189 4295 3232 4347 si
3263 4297 3590 4367 negligentes
3629 4301 3738 4355 fue-

2162 4367 2350 4434 rimus,
2374 4373 2583 4426 etiamsi
2613 4375 2788 4431 nullus
2814 4377 2988 4448 sitqui
3009 4383 3253 4437 consulat
3283 4387 3366 4441 vel
3387 4389 3690 4458 supplantet
3718 4431 3736 4458 ,

2160 4469 2342 4516 nostra
2383 4475 2571 4531 sponte
2606 4468 2673 4520 ad
2720 4470 2975 4526 malitiam
3025 4477 3378 4543 prosiliemus.
3408 4481 3540 4538 Nam
3568 4485 3612 4538 si
3639 4486 3736 4543 hoc

2159 4566 2261 4603 non
2281 4563 2422 4608 esset
2436 4554 2594 4609 situm
2619 4558 2669 4610 in
2688 4563 2955 4616 voluntate
2973 4576 3172 4630 nostra,
3193 4569 3309 4623 etin
3331 4573 3490 4627 animi
3507 4584 3736 4642 potesta-

2160 4642 2376 4706 t'e,Deus
2395 4653 2638 4699 naturam
2664 4658 2905 4705 nostram
2927 4656 3007 4707 sui
3031 4655 3166 4724 juris
3192 4674 3294 4714 non
3313 4660 3548 4730 fecisset,
3571 4680 3733 4735 opor-

2156 4733 2299 4786 tebat
2325 4750 2420 4788 eos
2445 4737 2534 4806 qui
2559 4748 2758 4796 natura:
2789 4755 2983 4800 nostra!
3006 4751 3307 4820 participes,
3339 4767 3392 4808 at
3421 4733 3728 4813 iisdem—ob-

2153 4826 2296 4879 noxii
2323 4838 2446 4882 sunt
2483 4829 2848 4891 aﬂ'ectionibus
2877 4880 2892 4904 ,
2923 4842 3005 4896 vel
3030 4863 3218 4904 omnes
3251 4849 3418 4905 malos
3442 4866 3561 4906 esse
3592 4893 3608 4918 ,
3649 4857 3726 4910 vel

2149 4930 2338 4972 omnes
2364 4920 2558 4975 virtute
2586 4926 2854 4992 praeditos.
2895 4928 3026 4986 Cum
3053 4945 3230 4989 autem
3262 4938 3500 4996 videmus
3527 4958 3723 5014 conge—

2149 5023 2302 5064 neres
2326 5021 2536 5067 nostros
2559 5056 2574 5082 ,
2607 5025 2660 5069 et
2689 5019 2887 5074 eisdem
2915 5023 3282 5083 affectionibus
3310 5030 3589 5100 obnoxios,
3623 5053 3724 5091 non

2147 5100 2331 5154 eadem
2358 5118 2476 5171 qua:
2504 5121 2598 5159 nos
2631 5109 2735 5176 pati
2762 5127 2775 5162 :
2803 5111 2897 5166 sed
2923 5123 2978 5167 et
3006 5115 3175 5182 valida
3204 5121 3404 5174 ratione
3429 5125 3724 5192 gubernare

2146 5199 2386 5262 naturam
2419 5234 2433 5258 ,
2463 5206 2515 5248 et
2541 5197 2867 5254 inordinatos
2896 5212 3072 5258 motus
3104 5206 3342 5280 domare,
3373 5221 3426 5265 et
3456 5204 3723 5270 refrenare

2143 5267 2650 5354 concupiscentiam,
2681 5291 2942 5361 imperare
2971 5295 3134 5352 furori
3167 5309 3221 5354 ct
3249 5284 3360 5367 ira
3390 5303 3572 5374 fugare
3601 5309 3702 5362 invi

2140 5374 2278 5429 diam
2305 5417 2320 5440 ,
2366 5379 2641 5434 eliminare
2680 5383 2897 5440 livorem
2932 5430 2948 5454 ,
2993 5399 3334 5450 contemnere
3375 5399 3614 5452 rabidam
3667 5400 3717 5455 in

2139 5469 2516 5536 conquirendis
2553 5477 2794 5542 pecuniis
2829 5480 3168 5548 cupiditatem
3200 5526 3216 5550 ,
3249 5489 3508 5546 minorem
3536 5494 3710 5562 gloria;

2137 5571 2320 5612 curam
2351 5560 2566 5627 habere,
2597 5563 2773 5621 ridere
2799 5583 3012 5626 omnem
3039 5578 3318 5644 praesentis
3347 5580 3466 5636 vitm
3495 5560 3715 5639 felicita—

2198 5709 2214 5739 ί
2252 5708 2362 5766 Alii,
2387 5683 2599 5783 summa
2612 5685 2810 5770 turmis.
