4078 6424
207 470 320 527 203

216 602 326 642 πω
367 591 493 642 κατ’
514 592 716 646 εἰκόνα
751 592 1071 661 ἡμετέραν,
1095 594 1193 648 καί
1223 595 1354 649 καθ’
1394 596 1697 664 ὁμοίωσιν,
1738 594 1882 649 τοῦτ’

1362 481 1430 536 ΙΝ
1467 481 1620 538 CAP.
1671 479 1736 536 Vl
1773 481 2022 538 GENFS.
2067 480 2298 537 HOMIL.
2341 476 2527 533 XXIII.

3544 474 3650 531 ’ξθύ

1992 597 2085 667 καὶ
2108 596 2201 648 ἐπὶ
2235 598 2335 666 τὴν
2364 591 2638 662 βασιλείαν
2662 589 2748 643 διὰ
2772 588 2927 641 τοῦτο
2961 588 3210 641 σπεύδειν
3243 587 3385 658 ἡμᾶς
3415 587 3541 659 χρὴ,
3560 586 3650 640 διὰ

215 674 386 738 ἔστιν,
414 677 500 730 ἵνα
532 679 714 749 ἄρχων
808 680 1029 734 καὶτῶν
1048 680 1342 751 ὁρωμένων
1369 683 1625 737 ἀπάντων
1655 682 1750 737 καὶ
1778 684 1886 736 τῶν
1984 685 2075 737 τὸν
2102 684 2230 754 περὶ
2262 684 2422 737 αὐτὸν
2457 680 2640 745 πόθον,
2665 679 2751 731 ἵνα
2776 679 2874 748 τῆς
2904 677 3111 731 ἐκείνου
3155 679 3325 747 ῥοπῆς
3363 674 3648 729 ἀπολαύω-

207 764 269 816 ἐν
295 765 445 833 αὐτῴ
478 768 816 837 τικτομένων
844 768 1033 823 παθῶν
1054 786 1066 799 ·
1097 770 1182 822 ἵνα
1212 771 1375 841 ἄρχῃ,
1402 772 1496 825 καὶ
1530 770 1605 842 μὴ
1626 771 1880 840 ἄρχηται.

219 850 350 905 Ἐάν
392 852 577 922 μέντοι
634 854 866 926 προδοὺς
923 855 1022 923 τὴν
1073 855 1249 926 ἀρχὴν
1299 857 1537 927 ἄρχηται
1594 855 1881 927 μᾶλλον,ἣ

208 935 376 1010 ἄρχῃ.
407 939 668 993 ἀπόλλυσι
718 942 814 994 καὶ
860 941 920 994 τὸ
962 936 1100 995 εἶναι
1129 942 1435 1012 ἄνθρωπος,
1461 944 1552 996 καὶ
1602 942 1738 1013 πρὸς
1782 941 1882 1012 τὴν

212 1023 327 1076 τῶν
374 1025 583 1094 ἀλόγων
615 1029 982 1099 προσηγορίαν
1032 1031 1223 1083 ἑαυτὸν
1273 1030 1613 1101 μετατίθησι.
1656 1030 1753 1084 Διά
1797 1048 1879 1085 τοι

208 1110 369 1164 τοῦτο
392 1114 484 1167 καὶ
506 1114 599 1166 νῦν
622 1114 719 1185 τὴν
750 1116 952 1186 ἀρετὴν
971 1115 1065 1169 τοῦ
1093 1116 1301 1171 δικαίου
1325 1117 1515 1170 τούτου
1539 1121 1714 1187 ἁνακη
1724 1117 1877 1189 ρῦξαι

215 1197 511 1270 βουλομένη
552 1202 587 1271 ή
619 1201 735 1255 θεία
770 1203 960 1273 Γραφή
1012 1220 1206 1273 φησιν,
1269 1201 1455 1261 Αὗται
1501 1209 1559 1259 αἱ
1612 1205 1877 1275 γενέσεις

208 1286 340 1340 Νῶε
361 1304 374 1316 ο
403 1285 530 1342 Νῶε
582 1288 890 1356 ἅνθρωπος
917 1290 1166 1357 δίκαιος.
1219 1292 1349 1347 Ἰδοὺ
1371 1294 1465 1347 καὶ
1491 1292 1578 1345 ’έτε
1589 1309 1679 1362 ρον
1705 1294 1879 1358 ἐγκω-

209 1374 336 1442 μίου
369 1373 624 1443 μέγιστον
664 1373 824 1439 εἶδος,
873 1377 1142 1442 Δίκαιος·
1191 1378 1279 1432 διὰ
1325 1377 1529 1449 ταύτης
1565 1379 1664 1442 τῆς
1706 1395 1877 1449 προσ-

207 1460 437 1531 ηγορίας
468 1461 564 1532 τὴν
590 1456 817 1517 καθόλου
844 1464 1045 1536 ἀρετὴν
1063 1465 1266 1534 ταύτην
1285 1467 1556 1536 ἐμφαίνει.
1580 1466 1652 1519 Τὸ
1672 1467 1779 1536 γάρ
1799 1466 1877 1519 δί-

203 1564 376 1614 καιος
410 1548 580 1619 ὅύομα
612 1549 730 1613 ἔθος
764 1553 894 1620 ἡμῖν
925 1551 1017 1603 ἐπὶ
1059 1551 1170 1604 τῶν
1214 1554 1391 1606 πᾶσαν
1430 1554 1630 1623 ἀρετὴν
1663 1552 1874 1623 μετιόν-

202 1650 314 1687 των
341 1633 537 1702 λέγειν.
570 1634 702 1690 Εἶτα
751 1637 836 1690 ἵνα
889 1637 1067 1708 μάθῃς
1098 1640 1247 1701 ὅπως
1279 1639 1413 1710 πρὸς
1450 1638 1583 1692 αὐτὸ
1611 1638 1671 1691 τὸ
1706 1637 1873 1709 ἄκρον

201 1725 303 1791 τῆς
331 1722 530 1790 ἀρετῆς
555 1722 809 1790 ἔφθασεν,
840 1725 976 1796 ὅπερ
1009 1725 1102 1779 καὶ
1137 1726 1259 1779 τότε
1291 1728 1556 1797 ἀπῃτεῖτο
1599 1727 1751 1796 παρὰ
1776 1727 1872 1796 τῆς

201 1808 420 1877 φύσεως
448 1811 546 1880 τῆς
605 1810 898 1882 ἡμετέρας,
929 1812 1092 1882 φησὶ,
1121 1814 1358 1879 Δίκαιος
1378 1855 1393 1875 ,
1421 1812 1651 1879 τέλειος
1689 1813 1773 1868 ὢν
1803 1815 1874 1867 ἐν

200 1895 277 1965 τῇ
306 1894 480 1965 γενεᾷ
506 1898 713 1952 αὐτοῦ.
761 1898 945 1952 Πάντα
978 1898 1296 1971 πληρώσας,
1325 1902 1508 1971 φησὶν,
1539 1900 1680 1973 άπερ
1706 1903 1871 1973 ἐχρῆν

198 1983 485 2054 ἄνθρωπον
523 1985 892 2052 ἐπιδείξασθαι
942 1984 1089 2059 [215]
1125 1987 1326 2059 ἀρετὴν
1373 1988 1627 2057 ἑλόμενον
1678 1989 1872 2057 (τοῦτο

196 2071 309 2140 γάρ
332 2074 466 2133 ἐστι,
491 2073 930 2139 Τέλειος),οὐδέν
949 2073 1289 2138 ἐλλελοιπὼς,
1314 2076 1373 2129 ἐν
1398 2074 1571 2127 οὐδενὶ
1596 2074 1866 2145 χωλεύων.

196 2159 274 2211 Οὐ
309 2158 370 2210 τὸ
425 2159 523 2229 μὲν
558 2160 930 2230 κατορθώσας,
961 2163 1019 2214 ἐν
1061 2160 1138 2233 τῷ
1189 2161 1245 2214 δὲ
1279 2160 1620 2234 διαμαρτὼν,
1663 2160 1778 2214 ἀλλ’
1812 2163 1870 2215 ἐν

194 2245 346 2316 πάσῃ
401 2248 566 2318 ἀρετῇ
605 2246 809 2311 τέλειος
852 2244 956 2320 ἦν’
988 2249 1147 2303 τοῦτο
1189 2250 1300 2319 γὰρ
1346 2250 1511 2321 ἐχρῆν
1550 2248 1713 2303 αὐτὸν
1746 2251 1866 2303 ἐπι-

190 2333 491 2396 δείξασθαι.
512 2330 662 2397 Εἶτα,
685 2336 770 2388 ἵνα
797 2337 860 2390 ἐκ
880 2335 972 2389 τοῦ
994 2336 1185 2408 χρόνου
1209 2339 1303 2390 καὶ
1326 2339 1389 2390 ἐκ
1414 2336 1514 2407 τῆς
1534 2336 1871 2408 συγκρίσεως

192 2421 656 2492 περιφανέστερον
709 2423 843 2493 ήμῖν
871 2423 961 2476 τὸν
1005 2424 1214 2477 δίκαιον
1262 2424 1664 2494 ἀπεργάσηται,
1699 2424 1867 2496 φησί’

199 2509 435 2575 Τέλειος
457 2506 543 2562 ὢν
577 2508 737 2578 ἐνεῇ
775 2509 951 2581 γενεᾷ
987 2512 1207 2566 αὐτοῦ’
1239 2512 1300 2565 ἐν
1342 2511 1419 2583 τῷ
1454 2510 1627 2583 καιρῷ
1653 2513 1866 2582 ἐκείνῳ,

194 2597 253 2648 ἐν
286 2598 354 2667 τῇ
384 2598 546 2666 γενεᾷ
579 2596 743 2650 αὐτοῦ
776 2600 844 2669 τῇ
872 2598 1304 2670 διεστραμμένῃ,
1340 2601 1405 2670 τῇ
1437 2600 1576 2671 πρὸς
1601 2599 1869 2670 τοσαύτην

195 2684 397 2736 κακίαν
422 2685 785 2757 ἀποκλινάσῃ,
810 2687 877 2755 τῇ
905 2685 1042 2755 μηδὲ
1072 2685 1215 2756 [χνος
1241 2686 1339 2757 τῆς
1359 2687 1562 2759 ἀρετῆς
1600 2686 1872 2752 ἐπιδείξα-

193 2770 320 2824 σθαι
354 2771 693 2845 βουληθείσῃ.
730 2773 815 2825 Ἐν
836 2772 1019 2844 ἐκείνῃ
1041 2773 1218 2827 τοίνυν
1246 2775 1312 2845 τῇ
1335 2775 1519 2845 γενεᾷ,
1550 2775 1609 2827 ἐν
1639 2774 1869 2838 ἐκείνοις

194 2860 305 2920 τοῖς
332 2858 547 2927 χρόνοις
579 2853 732 2922 οὗτος
750 2861 779 2913 ό
801 2858 1008 2924 δίκαιος
1030 2861 1091 2915 οὐ
1124 2861 1282 2931 μόνον
1311 2861 1512 2932 ἀρετὴν
1534 2861 1865 2927 ἐπεδείξατο,

190 2944 333 2999 ἀλλά
385 2946 479 2998 καὶ
505 2946 584 3009 είς
625 2946 721 3017 τὴν
757 2946 932 3019 ἄκραν
974 2947 1217 3019 κορυφὴν
1249 2948 1358 3002 τῶν
1417 2948 1627 3018 ἀρετῶν
1665 2948 1867 3018 ἔφθασε

192 3033 398 3096 τέλειος
430 3034 686 3101 γεγονὼς,
729 3035 823 3088 καὶ
876 3036 934 3087 ἐν
972 3035 1174 3089 ἅπασιν
1222 3036 1645 3106 ἀπηρτισμένος.
1690 3037 1868 3110 Ὅπερ

189 3119 301 3191 γάρ
326 3120 494 3192 ἔφθην
525 3121 718 3186 εἰπὼν,
750 3123 973 3193 μείζονα
1011 3123 1282 3177 δείκνυσιν
1305 3124 1392 3178 ἀεὶ
1418 3124 1519 3195 τῆς
1551 3125 1756 3196 ἀρετῆς
1777 3127 1868 3179 τὸν

187 3209 355 3276 5γκον
379 3208 440 3263 τὺ
464 3208 667 3280 μεταξύ
696 3210 803 3264 τῶν
837 3211 1217 3283 πολεμούντων
1249 3212 1419 3284 αὐτὴν
1451 3213 1865 3285 κατορθοῦσθαι,

187 3297 289 3350 καὶ
319 3298 377 3350 ἐν
431 3298 582 3369 μέσῳ
619 3298 729 3352 τῶν
775 3300 1093 3354 κωλυόντων
1122 3301 1221 3372 τὴν
1257 3301 1427 3372 αὐτὴν
1465 3301 1867 3357 ἐπιδείκνυσθαι

187 3384 501 3457 ἀκρίϐειαν.
530 3385 621 3438 Διὸ
654 3385 718 3457 δὴ
742 3388 836 3439 καὶ
863 3387 891 3438 ὁ
924 3386 1130 3451 δίκαιος
1149 3381 1304 3451 οὗτος
1335 3388 1595 3443 πλειόνων
1622 3388 1868 3454 ἀξιοῦται

185 3471 302 3523 τῶν
327 3470 586 3524 ἐπαίνων.
607 3472 717 3526 Καὶ
751 3473 871 3526 οὐδὲ
907 3474 1069 3543 μέχρι
1096 3474 1284 3529 τούτου
1309 3475 1522 3528 ἵσταται
1556 3476 1868 3549 ἀνακηρύτ-

188 3576 359 3613 τουσα
401 3558 617 3630 αὐτὶ)νὴ
659 3558 778 3614 θεία
826 3559 1037 3632 Γραφὴ,
1073 3561 1209 3616 ἀλλά
1237 3561 1560 3617 δεικνύουσα
1603 3565 1738 3635 ήμῖν
1769 3564 1869 3634 τῆς

185 3646 397 3716 ἀρετῆς
451 3645 619 3699 αὐτοῦ
655 3647 754 3717 τὴν
786 3645 1109 3717 ὑπερϐολὴν,
1150 3647 1245 3701 καὶ
1275 3648 1357 3702 ὅτι
1404 3648 1502 3720 τὴν
1528 3649 1708 3721 ψῆφον
1738 3651 1870 3706 ἄνω-

184 3733 282 3786 θεν
305 3731 547 3799 ἐδέξατο,
579 3731 828 3799 εἰποῦσα,
865 3733 1095 3800 Τέλειος
1140 3733 1227 3788 ῶν
1250 3735 1320 3789 ἐν
1346 3734 1421 3804 τῇ
1451 3736 1627 3807 γενεᾷ
1656 3740 1864 3808 αὐτοῦ,

182 3820 355 3891 φησί’
390 3818 474 3885 Τῷ
508 3820 632 3886 Θεῷ
662 3821 1035 3890 εὐηρέστησε
1063 3822 1208 3876 Νῶε.
1238 3824 1486 3897 Τοσαύτη
1510 3821 1579 3897 ἦν
1608 3826 1708 3897 τῆς
1735 3828 1866 3899 ἀρε-

180 3909 288 3977 τῆς
316 3906 480 3960 αὐτοῦ
513 3908 546 3978 ή
594 3909 903 3979 περιουσία,
934 3910 1011 3973 ὡς
1048 3910 1139 3964 τὸν
1175 3914 1326 3983 παρὰ
1362 3913 1456 3966 τοῦ
1483 3913 1618 3968 Θεοῦ
1647 3914 1867 3969 ἔπαινον

180 3995 617 4050 ἐπισπάσασθαι.
655 3995 737 4061 Τῷ
768 3996 888 4063 Θεῷ
919 3997 1046 4071 γὰρ,
1081 4001 1264 4070 φησιν,
1293 4000 1666 4069 εὑηρέστησε
1692 4003 1820 4057 Νῶε
1848 4020 1861 4033 ·

180 4083 272 4136 ἵνα
293 4082 425 4153 εἴπῃ
454 4083 534 4136 δτι
571 4082 874 4148 άπόδεκτος
896 4086 1050 4157 παρά
1074 4086 1151 4156 τῷ
1180 4086 1297 4157 Θεῷ
1335 4088 1576 4157 γέγονεν,
1597 4089 1760 4161 ἤρεσε
1788 4091 1865 4161 τῷ

180 4171 477 4241 ἀκοιμήτῳ
525 4170 718 4242 ἐκείνῳ
757 4171 1020 4244 ὀφθαλμῷ
1051 4173 1140 4227 διὰ
1179 4174 1287 4227 τῶν
1316 4175 1464 4246 αὐτῷ
1511 4177 1863 4248 κατορθωμέ-

179 4275 313 4321 νων,
346 4258 443 4311 καὶ
466 4259 676 4311 ἐκείνου
718 4258 816 4328 τὴν
847 4258 1058 4314 εὐνοιαν
1096 4259 1430 4331 ἐφελκύσατο
1464 4265 1495 4329 ή
1536 4262 1645 4316 τῶν
1673 4262 1864 4333 βεϐιω-

182 4348 368 4417 μένων
402 4347 621 4418 πρᾶξις,
647 4348 742 4401 καὶ
778 4348 838 4402 οὐ
876 4350 1035 4420 μόνον
1069 4351 1173 4421 τῆς
1217 4350 1517 4422 μελλούσης
1551 4352 1693 4406 κατὰ
1730 4353 1863 4406 πάν-

177 4451 292 4487 των
324 4434 658 4505 ἐκφέρεσθαι
711 4438 1139 4509 ἀγανακτήσεως
1171 4438 1570 4510 ἠλευθέρωσεν,
1606 4439 1740 4493 ἀλλὰ
1768 4440 1862 4493 καὶ

178 4524 389 4594 ἐτέρων
419 4524 730 4596 προστάτην
785 4526 944 4579 αὐτὸν
995 4528 1390 4599 ἀπειργάσατο.
1432 4526 1515 4593 Τῷ
1561 4528 1702 4593 Θεῷ,
1732 4529 1859 4600 γὰρ,

178 4611 765 4683 φησὶν,εὺηρέστησε
789 4611 935 4667 Νῶε.
953 4612 1048 4677 Τίς
1069 4614 1135 4668 ἂν
1166 4615 1355 4668 τούτου
1403 4614 1863 4687 μακαριστότερος

177 4698 383 4767 γένοιτ’
420 4696 520 4761 ἂν,
550 4697 644 4750 τοῦ
689 4698 1009 4772 δυνηθέντος
1052 4701 1321 4772 τοσαύτην
1360 4701 1726 4767 ἐπιδείξασθαι
1762 4704 1861 4773 τὴν

177 4786 391 4858 ἀρετὴν
414 4826 428 4849 ,
464 4786 540 4849 ὡς
578 4787 670 4839 τὸν
704 4789 959 4844 ἁπάντων
1001 4789 1278 4861 Δεσπότην
1326 4790 1617 4861 ἐπαινέτην
1662 4792 1808 4862 ἐχειν
1846 4808 1858 4855 ;

256 4872 382 4926 Τῶν
413 4874 511 4943 μὲν
545 4870 638 4928 οὖν
670 4874 819 4946 αὐτῷ
852 4878 1257 4947 πεπραγμένων
1284 4876 1441 4931 τοῦτο
1466 4879 1666 4942 παντὸς
1698 4878 1860 4932 πλού-

178 4977 307 5027 του,
341 4961 521 5032 πάσης
551 4962 738 5033 δόξης,
772 4963 864 5017 καὶ
893 4964 1231 5029 δυναστείας,
1260 4966 1354 5019 καὶ
1391 4966 1491 5036 τῆς
1522 4966 1689 5038 άλλης
1723 4968 1863 5021 άπά-

181 5063 291 5119 σης
318 5047 666 5121 ἀνθρωπίνης
693 5051 995 5123 εὐημερίας
1021 5053 1099 5124 τῷ
1121 5054 1244 5107 νοῦν
1262 5053 1439 5124 ἔχοντι
1470 5055 1863 5128 προτιμότερον

174 5132 252 5189 ειν
284 5134 404 5203 εἴη·
444 5135 599 5189 τοῦτο
632 5135 709 5208 τῷ
750 5139 980 5208 γνησίαν
1019 5140 1148 5209 περὶ
1188 5141 1280 5194 τὸν
1320 5140 1453 5194 Θεὸν
1485 5142 1705 5212 ἀγάπην
1740 5142 1861 5195 ἐπι-

175 5223 526 5295 δεικνυμένῳ
554 5224 833 5294 βασιλείας
871 5226 936 5280 ἂν
964 5228 1048 5297 εἴη
1084 5227 1474 5299 ποθεινότερον.
1504 5229 1569 5282 Ἡ
1598 5229 1705 5301 γάρ
1727 5230 1859 5298 άλη-

177 5309 288 5376 θὴς
334 5307 579 5378 βασιλεία
638 5311 788 5366 ἐστὶν
835 5311 996 5384 αὕτη,
1034 5313 1093 5367 τὸ
1126 5314 1417 5386 δυνηθῆναι
1451 5317 1596 5387 ἡμᾶς
1646 5316 1732 5371 διὰ
1760 5319 1860 5388 τῆς

176 5397 416 5468 ἀρίστης
450 5398 725 5464 πολιτείας
750 5401 952 5471 εὐμενῆ
978 5401 1071 5454 καὶ
1116 5403 1243 5456 ἵλεω
1279 5404 1616 5474 καταστῆσαι
1649 5406 1861 5468 ἑαυτοῖς

175 5484 281 5539 τὸν
326 5486 624 5558 Δεσπότην.
663 5489 797 5543 Οὐδὲ
836 5489 945 5560 γάρ
991 5490 1216 5557 γέενναν
1242 5491 1329 5545 διὰ
1367 5493 1525 5545 τοῦτο
1578 5494 1860 5560 φοϐεῖσθαι

173 5571 475 5642 ὀφείλομεν
507 5574 601 5628 καὶ
629 5574 942 5640 δεδοικέναι,
973 5576 1060 5630 διά
1088 5578 1149 5630 τὸ
1176 5576 1288 5648 πῦρ
1313 5580 1491 5632 ἐκεῖνο
1510 5579 1571 5632 τὸ
1600 5579 1860 5632 ἄσϐεστον

174 5663 281 5717 καὶ
307 5663 409 5726 τάς
437 5664 672 5734 φοϐερὰς
698 5665 990 5736 τιμωρίας,
1022 5668 1117 5720 καὶ
1156 5668 1255 5731 τὰς
1280 5668 1544 5737 διηνεκεῖς
1589 5668 1857 5732 κολάσεις,

178 5749 324 5804 ἀλλὰ
368 5750 460 5804 διὰ
490 5751 551 5803 τὸ
584 5752 956 5823 προσκροῦσαι
984 5766 1008 5793 ι
1038 5753 1116 5824 τῷ
1151 5754 1327 5817 οὕτως
1371 5754 1559 5824 ἀγαθῷ
1591 5755 1857 5828 Δεσπότῃ,

181 5836 280 5892 καὶ
304 5839 407 5907 τῆς
435 5837 643 5889 ἐκείνου
677 5839 887 5901 εὐνοίας
918 5840 1074 5903 ἐκτὸς
1103 5842 1250 5910 ἡμᾶς
1279 5844 1471 5911 στῆναι
1508 5857 1521 5871 ·
1551 5839 1739 5910 ὥσπερ
1766 5838 1859 5894 οὖν

243 5959 262 5982 ⁸
289 5961 389 6010 Alii
430 5961 507 6008 διὰ
554 5961 609 6008 τὸ
653 5963 715 6021 μὴ
760 5961 1115 6025 προσκροῦσαι,
1154 5963 1278 6012 forte
1317 5964 1517 6023 melius,
1553 5963 1640 6013 sed
1674 5964 1845 6028 Savil.,

182 6018 386 6081 Morel,
415 6028 466 6069 cl
489 6023 697 6070 maxima
725 6036 833 6083 pars
858 6036 971 6070 mss.
1000 6024 1074 6069 διὰ
1100 6024 1155 6070 τὸ
1178 6022 1517 6086 προσκροῦσαι.

530 6101 796 6163 ΡΑτιιοι.
846 6104 964 6161 Gn.
1013 6103 1171 6166 LIII.

1986 785 2106 837 μεν.
2140 767 2353 838 Ὥσπερ
2398 767 2506 836 γὰρ
2556 764 2827 836 βασιλείας
2877 763 3247 835 ποθεινότερον
3288 762 3348 816 τὸ
3392 762 3649 817 εὐνοϊκῶς

1985 856 2112 925 περὶ
2135 856 2283 926 ἡμᾶς
2307 853 2610 910 διακεῖσθαι
2642 854 2733 907 τὸν
2764 852 3143 922 φιλάνθρωπον
3170 853 3204 923 ή
3213 851 3328 925 μῶν
3350 851 3645 921 Δεσπότην,

1981 943 2123 997 οὕτω
2151 943 2377 1012 γεέννης
2422 941 2798 1012 χαλεπώτερον
2850 941 2910 993 τὸ
2942 943 3040 1011 τῆς
3072 937 3279 992 ἐκεῖθεν
3309 937 3517 1002 εὐνοίας
3558 941 3648 993 ἐκ·-

1983 1033 2186 1083 πεσεῖν.

2052 1119 2232 1171 Εἷδετε
2264 1117 2437 1186 πόσης
2464 1118 2599 1186 ἡμῖν
2624 1114 2890 1184 ὠφελείας
2914 1115 3132 1184 γέγονεν
3162 1114 3461 1182 ὑπόθεσιςὴ
3477 1128 3646 1183 προσ-

1980 1206 2176 1276 ηγορία
2209 1205 2342 1276 μόνη
2372 1203 2466 1257 τοῦ
2494 1203 2702 1256 δικαίου
2723 1244 2737 1263 ,
2770 1203 2865 1256 καὶ
2892 1201 3014 1256 ὅσον
3048 1202 3179 1271 ἡμῖν
3220 1200 3492 1272 θησαυρὸν
3523 1215 3648 1268 νοη-

1982 1293 2165 1362 μάτων
2188 1291 2373 1345 ἐτεκεν
2400 1293 2432 1361 ή
2464 1289 2778 1359 γενεαλογία
2809 1288 2903 1341 τοῦ
2933 1286 3083 1360 [214]
3122 1286 3425 1359 θαυμασίου
3456 1286 3645 1340 τούτου

1976 1379 2206 1449 ἁνδρόςς
2236 1377 2547 1449 Μιμώμεθα
2570 1376 2750 1429 τοίνυν
2777 1378 2875 1448 τῆς
2907 1374 3056 1437 θείας
3090 1375 3311 1445 Γραφῆς
3332 1375 3457 1438 τοὺς
3489 1372 3648 1427 κανό-

1977 1483 2092 1530 νας,
2117 1466 2212 1519 καὶ
2234 1465 2327 1518 ἐὰν
2358 1463 2675 1535 βουλώμεθά
2717 1480 2874 1517 τινων
2917 1462 3266 1532 γενεαλογίας
3306 1460 3643 1531 ἐξηγεῖσθαι,

1980 1554 2054 1626 μὴ
2082 1555 2344 1627 πατέρας,
2376 1554 2471 1608 καὶ
2521 1552 2798 1617 πάππους,
2828 1552 2922 1605 καὶ
2966 1551 3316 1614 ἐπιπάππους
3350 1550 3429 1612 εἰς
3481 1548 3644 1619 μέσον

1977 1644 2254 1715 φέρωμεν,
2285 1643 2420 1698 ἀλλά
2467 1643 2560 1695 τοῦ
2592 1641 3086 1711 γενεαλογουμένου
3124 1640 3223 1712 τὴν
3255 1639 3455 1712 ἀρετήν
3481 1640 3645 1693 ἐκκα·

1974 1731 2286 1799 λύπτωμεν.
2321 1724 2489 1795 Οὗτος
2535 1731 2643 1801 γὰρ
2688 1729 2907 1800 ἄριστος
2945 1727 3295 1797 γενεαλογίας
3324 1727 3545 1799 τρόπος.
3578 1724 3645 1777 Τί

1972 1817 2081 1889 γὰρ
2103 1817 2297 1887 ὄφελος
2347 1821 2412 1872 ἐκ
2454 1817 2704 1888 πατέρων
2734 1812 2870 1869 εἶναι
2911 1813 3179 1886 λαμπρῶν
3220 1814 3315 1868 καὶ
3351 1811 3643 1884 ἐναρέτων,

1971 1904 2132 1958 αὐτὸν
2153 1904 2209 1958 δέ
2235 1904 2440 1974 ἔρημον
2459 1900 2596 1957 εἶναι
2624 1906 2724 1974 τῆς
2752 1903 2980 1972 ἀρίστης
3010 1901 3279 1963 πολιτείας
3300 1919 3313 1966 ;
3338 1900 3371 1972 ἥ
3404 1898 3561 1953 πάλιν
3594 1898 3645 1953 τί

1975 1990 2169 2061 βλάϐος
2195 1989 2261 2044 ἃν
2282 1991 2490 2055 γένοιτο
2509 1992 2571 2042 ἐκ
2595 1988 2846 2058 πατέρων
2874 1986 3014 2041 εἶναι
3040 1986 3133 2040 καὶ
3162 1986 3441 2058 προγόνων
3460 1985 3645 2053 δυσγεο

1973 2078 2099 2143 νῶν,
2134 2078 2227 2132 καὶ
2271 2076 2527 2147 ἀφανῶν,
2563 2077 2724 2130 αὐτὸν
2776 2076 2834 2129 δὲ
2883 2075 3050 2145 πολλῇ
3097 2076 3276 2145 κομᾷν
3315 2076 3381 2143 τῇ
3430 2073 3639 2143 ἀρετῆς

1984 2165 2135 2219 Ἐπεὶ
2164 2165 2258 2218 καὶ
2292 2165 2319 2216 ὁ
2340 2164 2546 2227 δίκαιος
2570 2156 2724 2227 οὗτος
2749 2161 2991 2225 τοιοῦτος
3013 2159 3270 2231 γεγονὼς,
3307 2161 3402 2213 καὶ
3428 2159 3524 2229 τὴν
3546 2157 3640 2211 τοῦ

1970 2251 2105 2306 Θεοῦ
2134 2250 2350 2305 εὔνοιαν
2398 2251 2865 2322 ἐπισπασάμενος,
2890 2250 2990 2302 οὐκ
3022 2248 3131 2302 ἀπὸ
3161 2246 3419 2302 τοιούτων
3448 2244 3640 2315 γέγονε

1972 2339 2251 2410 προγόνων
2269 2354 2282 2369 ·
2314 2338 2433 2391 οὐδὲ
2462 2337 2572 2409 γάρ
2615 2336 2689 2401 ὡς
2718 2337 2988 2410 ἐναρέτων
3029 2336 3207 2391 αὐτῶν
3237 2334 3640 2407 ἐμνημόνευσεν

1970 2428 2005 2498 ή
2034 2427 2154 2480 θεία
2189 2427 2377 2496 Γραφή
2401 2442 2415 2457 ·
2446 2425 2542 2478 καὶ
2574 2426 2725 2496 ὅμως
2755 2425 2941 2495 ἴσχυσε
2968 2423 3237 2478 τοσούτων
3261 2422 3428 2475 ὅντων
3462 2418 3639 2473 κωλυ-

1974 2513 2182 2585 μάτων,
2205 2513 2301 2568 καὶ
2328 2513 2431 2569 ὐπὸ
2470 2511 2742 2566 τοσούτων
2777 2511 3222 2582 ἐμποδιζόμενος,
3247 2510 3328 2572 είς
3355 2506 3525 2578 αὐτὴν
3543 2506 3639 2576 τὴν

1971 2600 2144 2674 ἄκραν
2171 2599 2413 2654 ἀνελθεῖν
2441 2600 2542 2670 τῆς
2574 2598 2777 2669 ἀρετῆς
2810 2598 2838 2638 δ
2859 2614 2874 2629 ο
2903 2598 2991 2652 ἵνα
3025 2597 3203 2671 μάθῃς
3228 2596 3309 2651 ὅτι
3332 2594 3423 2648 τὸν
3453 2593 3640 2665 βουλό-

1974 2705 2131 2758 μενον
2158 2689 2369 2759 νήφειν,
2394 2688 2490 2741 καὶ
2516 2686 2876 2759 ἐγρηγορέναι
2898 2727 2912 2750 ,
2934 2686 3029 2740 καὶ
3072 2683 3271 2755 πολλὴν
3303 2684 3403 2752 τῆς
3435 2683 3643 2745 οἰκείας

1973 2775 2246 2861 σωτηρίας
2277 2774 2547 2830 ποιεῖσθαι
2574 2774 2670 2846 τὴν
2707 2774 2985 2861 πρόνοιαν,
3014 2772 3175 2861 οὐδέν.
3197 2773 3311 2827 ἐστι
3351 2772 3413 2823 τὸ
3441 2769 3641 2861 διακωῖ

1971 2856 2127 2915 λύονῖ
2154 2864 2368 2934 ’Ὠσπερ
2397 2861 2507 2932 γὰρ
2550 2863 2628 2924 είς
2664 2860 2934 2931 ρᾳθυμίαν
2978 2858 3371 2920 άποκλίναντες
3407 2857 3500 2911 καὶ
3539 2856 3642 2912 ὐπὸ

1969 2949 2077 3002 τῶν
2105 2949 2374 3020 τυχόντων
2413 2947 2787 3020 βλαπτόμεθα,
2814 2945 2985 3012 οὕτως
3026 2947 3120 3001 ἐὰν
3153 2943 3506 3016 βουληθῶμεν
3550 2945 3641 3014 νή-

1969 3053 2110 3105 φειν,
2142 3037 2244 3090 κᾶν
2274 3035 2456 3107 μυρίοι
2479 3028 2611 3088 ὦσιν
2644 3036 2693 3089 οί
2733 3034 2870 3106 πρὸς
2901 3033 2999 3106 τὴν
3028 3033 3225 3087 κακίαν
3257 3032 3529 3096 ἕλκοντες,
3551 3033 3641 3084 οὐ·

1968 3123 2055 3177 δέν
2087 3124 2244 3195 ἡμῶν
2296 3127 2363 3195 τῇ
2396 3122 2599 3195 σπουδῇ
2634 3121 2976 3193 λυμήνασθαι
3025 3122 3363 3195 δυνήσονται,
3389 3120 3639 3190 καθάπερ

1968 3211 2089 3264 οὐδὲ
2120 3212 2210 3264 τὸν
2239 3211 2449 3265 δίκαιον
2475 3210 2662 3264 τοῦτον
2688 3208 2911 3280 ἴσχυσαν
2944 3207 3187 3263 τοσοῦτοι
3218 3208 3371 3270 ὄντες
3407 3207 3639 3278 ὀκνηρό-

1967 3315 2126 3369 τερον
2146 3300 2276 3370 περὶ
2300 3300 2399 3370 τὴν
2421 3299 2620 3371 ἀρετὴν
2643 3296 2996 3371 ἐργάσασθαι.
3020 3296 3228 3367 Μηδεὶς
3247 3296 3426 3350 τοίνυν
3453 3294 3639 3366 ἕτερόν

1967 3403 2088 3439 τινα
2117 3386 2403 3451 αἰτιάσθω,
2435 3388 2529 3440 καὶ
2559 3386 2645 3456 ἐφ’
2676 3387 2898 3457 ἐτέρους
2923 3386 3024 3454 τὴν
3049 3384 3228 3437 αἰτίαν
3254 3381 3634 3454 μεταγαγέτω,
3679 3383 3683 3387 ’

1967 3473 2105 3527 ἀλλὰ
2132 3476 2195 3545 τῇ
2218 3473 2394 3545 οίκείᾳ
2425 3474 2668 3546 ῥᾳθυμίᾳ
2685 3474 2878 3541 τὸ,πᾶν
2902 3471 3277 3543 ἐπιγραφέτω.
3305 3470 3406 3525 Καὶ
3430 3471 3481 3523 τί
3496 3468 3638 3538 λέγω

1970 3562 2052 3631 ἐφ’
2082 3562 2334 3632 ἐτέρους;
2362 3560 2512 3630 Μηδὲ
2538 3560 2699 3614 αὐτὸν
2724 3561 2814 3613 τὸν
2849 3560 3091 3614 διάϐολον
3117 3557 3385 3631 νομιζέτω
3410 3576 3491 3622 τις
3518 3558 3612 3612 ίκα

1969 3648 2058 3700 νον
2094 3644 2231 3700 εἶναι
2260 3647 2501 3700 κωλῦσαι
2553 3648 2652 3719 τὴν
2692 3647 2782 3700 ἐπὶ
2826 3648 2925 3717 τὴν
2977 3645 3176 3719 ἀρετὴν
3219 3646 3494 3718 φέρουσαν
3522 3644 3639 3700 ὁδὸν

1967 3734 2257 3790 δύνασθαι·
2298 3733 2414 3789 ἀλλ’
2440 3736 2626 3807 ἀπατᾷ
2661 3734 2761 3805 μὲν
2799 3736 2894 3788 καὶ
2928 3732 3278 3799 ὑποσκελίζει
3310 3733 3436 3799 τοὺς
3466 3733 3636 3805 ῥαθυ-

1972 3818 2249 3891 μοτέρους,
2280 3818 2339 3871 οὐ
2378 3818 2483 3889 μὴν
2513 3817 2711 3872 κωλύει
2742 3819 2838 3873 καὶ
2868 3817 3113 3888 βιάζεται
3142 3834 3156 3848 ο
3189 3818 3281 3872 καὶ
3308 3816 3464 3871 τοῦτο
3501 3817 3638 3885 αὐτὴ

1966 3907 2074 3960 τῶν
2131 3906 2470 3978 πραγμάτων
2502 3907 2535 3978 ή
2566 3908 2729 3978 πεῖρα
2780 3906 3083 3968 δείκνυσιν,
3110 3905 3190 3959 ὅτι
3226 3905 3388 3975 ήνίκα
3433 3905 3532 3975 μὲν
3572 3904 3637 3958 ἂν

1968 3993 2286 4065 βουλώμεθα
2315 3995 2538 4063 νήφειν,
2565 3992 2819 4047 τοσοῦτον
2866 3994 2957 4046 τὸν
3000 3993 3150 4046 τόνον
3195 3992 3631 4062 ἐπιδεικνύμεθα,

1966 4080 2040 4143 ὡς
2074 4079 2206 4150 μηδὲ
2236 4078 2445 4132 πολλῶν
2487 4078 2654 4131 ὄντων
2696 4078 2803 4132 τῶν
2843 4078 3257 4149 προτρεπόντων
3297 4078 3387 4130 ἐπὶ
3417 4078 3634 4149 τήντῆς

1969 4167 2160 4229 κακίας
2211 4165 2348 4230 ὁδὸν,
2398 4164 2686 4235 ἀνέχεσθαι
2727 4165 2827 4234 τῆς
2875 4164 3185 4236 συμϐουλῆς
3208 4205 3222 4231 ,
3250 4163 3384 4217 ἀλλά
3436 4166 3631 4227 παντὸς

1967 4254 2270 4323 ἀδάμαντος
2315 4251 2704 4325 στερροτέρους
2736 4252 2887 4324 ἡμᾶς
2918 4252 3186 4321 γίνεσθαι,
3222 4251 3315 4305 καὶ
3348 4252 3626 4323 ἀποφράτ-

1964 4359 2076 4395 τειν
2099 4343 2208 4405 τοῖς
2236 4340 2305 4393 τά
2354 4338 2533 4408 φαῦλα
2570 4338 2994 4409 συμϐουλεύουσι
3022 4338 3121 4403 τὰς
3149 4338 3339 4404 ἀκοάς.
3378 4339 3545 4395 Ὅταν
3574 4341 3629 4394 δὲ

1968 4427 2331 4499 ῥᾳθυμῶμεν,
2361 4427 2455 4482 καὶ
2498 4427 2726 4499 μηδενὸς
2770 4426 2920 4489 ὄντος
2967 4425 3061 4479 τοῦ
3110 4425 3630 4497 συμϐουλεύοντοςῆ

1966 4513 2427 4579 ὐποσκελίζοντος,
2440 4514 2651 4568 οἴκοθεν
2679 4512 2830 4567 κινού
2840 4531 2988 4587 μενοι
3010 4513 3102 4567 ἐπὶ
3126 4511 3222 4585 τὴν
3242 4514 3439 4568 κακίαν
3451 4514 3627 4587 ὁρμῶ-

1967 4619 2083 4673 μεν.
2107 4603 2167 4654 Εἰ
2189 4603 2296 4673 γάρ
2321 4600 2394 4673 μὴ
2424 4603 2481 4655 ἐν
2515 4605 2581 4673 τῇ
2615 4601 2932 4675 προαιρέσει
2962 4601 3117 4671 ἡμῶν
3155 4600 3364 4665 ἔκειτο,
3400 4601 3533 4673 μηδὲ
3572 4603 3629 4652 ἐν

1962 4691 2028 4758 τῇ
2063 4688 2164 4758 τῆς
2218 4687 2442 4760 γνώμης
2481 4688 2732 4759 ἐξουσίᾳ,
2771 4688 2904 4759 μηδὲ
2942 4686 3283 4754 αὐτεξούσιον
3329 4689 3485 4760 ἡμῶν
3530 4689 3629 4759 τὴν

1963 4775 2125 4844 φύσιν
2157 4778 2184 4829 ὁ
2216 4776 2595 4847 φιλάνθρωπος
2618 4775 2749 4839 Θεὸς
2770 4774 3190 4840 κατεσκεύασεν,
3214 4776 3380 4845 ἐχρῆν
3400 4775 3433 4846 ῆ
3457 4775 3625 4828 ἀπαν-

1962 4880 2061 4926 τας
2099 4858 2234 4915 εἶναι
2265 4862 2468 4924 κακοὺς
2494 4863 2619 4925 τοὺς
2644 4862 2743 4932 τῆς
2779 4862 2947 4933 αὐτῆς
2984 4860 3197 4930 φύσεως
3241 4861 3623 4921 κοινωνοῦντας

1964 4950 2058 5003 καὶ
2086 4951 2199 5011 τοῖς
2226 4949 2409 5011 αὐτοῖς
2462 4947 2690 5000 πάθεσιν
2737 4947 3151 5018 ὑποκειμένους,
3183 4947 3216 5017 ἢ
3249 4948 3454 5011 πάντας
3485 4948 3624 5000 εἶναι

1963 5036 2266 5107 ἐναρέτους.
2315 5036 2480 5087 Ὅταν
2509 5034 2566 5087 δὲ
2606 5032 2802 5105 ἴδωμεν
2851 5034 2979 5097 τοὺς
3013 5035 3294 5105 ὁμογενεῖς
3342 5036 3495 5105 ἡμῖν,
3532 5035 3622 5088 καὶ

1962 5123 2068 5175 ὐπὸ
2104 5121 2213 5175 τῶν
2239 5119 2415 5174 αὐτῶν
2461 5118 2651 5173 παθῶν
2679 5120 3113 5190 ἐνοχλουμένους,
3147 5118 3207 5170 οὐ
3238 5118 3307 5171 τὰ
3328 5119 3466 5172 αὐτά
3493 5120 3623 5189 ἡμῖν

1962 5208 2349 5280 ὑπομένοντας,
2380 5205 2515 5259 ἀλλὰ
2547 5205 2638 5259 καὶ
2661 5205 2958 5277 ἐρρωμένῳ
2982 5205 3060 5275 τῶ
3092 5204 3334 5275 λογισμῷ
3359 5205 3624 5277 ήνιοχοῦνσ

1960 5312 2058 5358 τας
2083 5295 2180 5366 τὴν
2203 5294 2382 5363 φύσιν,
2398 5294 2492 5347 καὶ
2525 5292 2968 5363 περιγινομένους
2990 5291 3097 5345 τῶν
3116 5292 3365 5346 ἀτάκτων
3396 5309 3621 5364 σκιρτη-

1964 5383 2150 5454 μάτων
2169 5425 2181 5445 ,
2211 5382 2306 5434 καὶ
2334 5380 2681 5450 χαλινοῦντας
2726 5379 3037 5450 ἐπιθυμίαν,
3063 5379 3397 5447 κρατοῦντας
3427 5381 3616 5452 ὀργὴν.

1962 5469 2264 5541 βασκανίαν
2320 5466 2636 5536 φεύγοντας,
2668 5465 2858 5534 φθόνον
2903 5464 3258 5537 ἐξορίζοντας.
3289 5470 3389 5538 τῆς
3421 5467 3621 5538 λύσσης

1960 5557 2067 5609 τῶν
2097 5555 2393 5625 χρημάτων
2438 5552 2841 5624 ὑπερορῶντας,
2869 5552 3025 5623 δόξης
3064 5553 3282 5607 ἔλαττον
3312 5554 3621 5625 φροντίζονς

1958 5660 2073 5707 τας,
2106 5642 2282 5710 πάσης
2314 5640 2413 5709 τῆς
2451 5639 2546 5692 τοῦ
2584 5639 2847 5710 παρόντος
2889 5638 3003 5709 βίου
3052 5640 3346 5710 εὐημερίας
3390 5656 3622 5711 καταγε-

1960 5728 2185 5792 λῶντας,
2211 5728 2304 5780 καὶ
2336 5726 2472 5796 πρὸς
2497 5727 2598 5797 τὴν
2618 5725 2794 5796 άληθῆ
2818 5725 2974 5790 δόξαν
2999 5726 3391 5797 ἐπτοημένους,
3420 5725 3621 5780 καὶτὸν

1960 5816 2113 5886 παρὰ
2149 5813 2242 5867 τοῦ
2291 5812 2426 5867 Θεοῦ
2460 5812 2675 5867 ἔπαινον
2714 5814 2929 5868 πάντων
2973 5814 3080 5868 τῶν
3111 5813 3402 5884 δρωμένων
3435 5829 3619 5882 προτι-
3650 5842 3653 5845 -

2019 6025 2049 6063 b
2082 6021 2180 6072 Alii
2199 6026 2282 6080 τῆς
2302 6025 2521 6084 κορυφῆς.
3106 6081 3180 6141 13
