4078 6412
352 465 458 524 205

351 596 482 650 tem,
513 583 752 653 aspirare
780 581 846 637 ad
874 596 1055 638 veram
1082 581 1325 653 gloriam,
1360 592 1415 637 et
1437 595 1749 651 praeponere
1771 580 1946 636 visibi.

351 676 491 729 libus
524 673 774 729 omnibus
809 672 1022 728 laudem
1059 688 1178 743 quae
1204 687 1234 727 a
1268 673 1377 727 Deo
1405 680 1489 728 est
1522 690 1535 726 :
1566 686 1742 726 nonne
1770 670 1946 725 mani-

350 766 547 823 festum
586 776 669 822 est
702 781 796 823 eos
828 808 843 832 ,
880 775 999 837 post
1036 768 1260 837 gratiam
1294 767 1387 822 Dei
1422 809 1436 831 ,
1467 781 1565 821 suo
1603 766 1779 822 studio
1810 766 1948 821 bene

347 873 508 929 agere
540 873 699 929 posse
720 900 732 919 .
762 873 969 929 nosque
994 866 1174 914 nostra
1202 859 1407 929 ignavia
1437 865 1676 913 nostram
1700 858 1945 913 amittere

344 949 577 1005 salutem
607 990 624 1016 ,
652 958 708 1005 et
733 949 850 1020 ejus
877 948 1045 1020 gratia
1072 964 1170 1005 nos
1200 951 1431 1020 spoliare.
1456 949 1479 1003 ?

420 1041 475 1096 6.
508 1037 725 1094 Herulis
751 1041 1462 1113 alimmum—Quapropter
1489 1040 1715 1098 obsecro
1748 1049 1805 1096 ut
1832 1040 1948 1098 haec

347 1134 644 1205 cogitantes
671 1175 685 1201 ,
728 1141 785 1188 et
822 1134 875 1188 in
902 1143 1080 1190 mente
1126 1144 1305 1190 nostra
1348 1135 1601 1190 continuo
1626 1144 1900 1191 versantes
1927 1176 1943 1199 ,

346 1239 638 1295 numquam
665 1223 938 1281 diabolum
965 1265 982 1292 ,
1010 1224 1104 1281 sed
1133 1234 1369 1281 nostram
1397 1226 1566 1281 levem
1597 1226 1946 1297 ignavumque

348 1326 582 1371 mentem
611 1331 918 1387 arguamus.
940 1316 1009 1372 Et
1034 1316 1150 1371 hate
1173 1317 1293 1372 dico
1324 1332 1428 1372 non
1450 1317 1589 1390 quod
1617 1317 1886 1373 diabolum
1914 1332 1944 1370 a

344 1421 448 1462 suo
471 1406 697 1462 crimine
720 1405 1001 1463 absolvere
1026 1408 1186 1463 velim
1210 1424 1227 1461 :
1257 1408 1394 1462 absit
1435 1424 1449 1461 :
1481 1408 1626 1462 vadit
1646 1409 1785 1463 enim
1810 1408 1947 1463 sicut

345 1497 437 1553 leo
456 1507 515 1553 ut
538 1500 729 1568 rapiat,
756 1508 810 1554 et
835 1501 1068 1571 rugiens,
1090 1509 1143 1555 et
1164 1515 1410 1571 quterens
1431 1516 1588 1570 quem
1614 1500 1832 1557 devoret
1866 1500 1939 1574 (1.

348 1586 468 1643 Pet.
497 1589 550 1644 5.
578 1588 612 1643 8
639 1587 659 1661 )
693 1606 706 1643 :
736 1588 831 1645 sed
861 1598 917 1646 et
938 1606 1036 1646 nos
1056 1592 1322 1646 cautiores
1349 1589 1575 1647 reddere
1604 1592 1765 1658 volui,
1798 1602 1945 1647 utne

346 1680 716 1736 existimemus
735 1698 922 1737 carere
950 1696 1047 1737 nos
1074 1682 1250 1753 culpa.
1278 1682 1538 1750 siquidem
1569 1692 1676 1738 tam
1703 1681 1856 1738 facile
1878 1684 1944 1739 ad

348 1773 609 1828 malitiam
650 1774 1044 1845 prorumpimus
1078 1816 1093 1839 ,
1124 1784 1179 1829 et
1221 1790 1290 1830 ne
1338 1773 1523 1829 frivola
1575 1775 1662 1829 illa
1704 1775 1945 1830 dicamus

346 1866 511 1921 verba
537 1884 550 1921 :
576 1866 754 1934 Quare
784 1867 924 1922 Deus
950 1866 1152 1922 dimisit
1177 1866 1326 1921 illum
1353 1875 1458 1921 tam
1491 1867 1793 1937 improbum
1820 1909 1835 1933 ,
1883 1876 1944 1923 ut

344 1958 714 2028 supplantaret
746 1966 803 2014 et
836 1958 1244 2029 prosterneret?
1286 1958 1424 2015 Sunt
1450 1958 1592 2014 enim
1622 1957 1738 2014 llch
1783 1959 1943 2014 verba

345 2052 538 2123 ingrati
565 2050 853 2107 admodum
880 2051 1063 2106 animi.
1099 2052 1294 2106 Verum
1326 2059 1383 2106 tu
1425 2050 1528 2106 hoc
1554 2059 1729 2107 tecum
1759 2051 1942 2106 consi-

342 2142 499 2207 dera,
528 2143 675 2197 illum
701 2151 923 2213 propter
947 2142 1051 2197 hoc
1079 2144 1412 2212 potissimum
1443 2142 1687 2197 relictum
1710 2157 1851 2207 esse,
1884 2152 1944 2199 ut

342 2234 543 2288 timore
584 2233 890 2303 compulsi,
919 2242 973 2287 et
1024 2233 1192 2289 hostis
1249 2233 1470 2288 insidias
1517 2242 1890 2303 exspectantes
1922 2276 1937 2300 ,

340 2325 514 2380 simus
532 2334 796 2395 perpetuo
818 2325 983 2381 sobrii
1013 2335 1069 2381 et
1095 2325 1280 2396 vigiles
1299 2368 1315 2395 ,
1343 2325 1689 2397 laboremque
1729 2328 1941 2382 virtutis

342 2416 601 2472 leviorem
628 2416 885 2473 faciamus
912 2432 1006 2488 spe
1029 2418 1439 2474 retributionum
1468 2429 1525 2478 et
1541 2419 1940 2489 exspectatione

342 2517 670 2564 :eternorum
700 2519 755 2565 et
781 2510 1126 2566 inell'abilium
1154 2510 1366 2565 illorum
1405 2509 1692 2565 bonorum.
1720 2509 1790 2564 Et
1813 2510 1939 2581 quid

342 2599 591 2667 miraris,
628 2601 672 2655 si
709 2600 780 2655 ob
808 2601 945 2657 hanc
972 2616 1187 2656 causam
1218 2600 1433 2670 reliquit
1458 2599 1730 2655 diabolum
1758 2600 1898 2657 Deus
1920 2643 1934 2667 ,

341 2692 429 2747 cui
449 2700 589 2747 tanta
620 2701 819 2747 nostra:
846 2692 1033 2748 salutis
1054 2708 1201 2757 cura,
1231 2700 1285 2746 et
1314 2691 1401 2761 qui
1426 2691 1496 2746 ita
1527 2700 1766 2747 nostram
1788 2706 1934 2747 som-

343 2786 636 2840 nolentiam
677 2786 927 2852 excutit,
974 2784 1362 2854 materiamque
1404 2797 1727 2839 coronarum
1779 2783 1936 2840 nobis

341 2886 608 2948 purpurat
634 2878 657 2931 ?
682 2875 857 2947 Ipsam
884 2877 1044 2932 etiam
1072 2874 1373 2947 gehennam
1403 2883 1683 2945 propterea
1707 2875 1933 2944 paravit,

340 2979 401 3024 ut
430 2980 603 3025 metus
633 2985 802 3038 pmna:
831 2969 1283 3039 intolerabilisque
1308 2968 1577 3025 cruciatus
1618 2967 1686 3023 ad
1714 2983 1933 3039 regnum

339 3076 443 3118 nos
463 3062 723 3132 impellat.
770 3061 956 3118 Vidisti
985 3063 1239 3117 solertem
1268 3060 1474 3117 Domini
1505 3060 1885 3136 benignitatem
1912 3061 1936 3115 ?

337 3158 614 3226 quomodo
640 3158 818 3212 omnia
845 3156 1007 3212 faciat
1030 3165 1086 3211 et
1113 3164 1307 3211 tractet
1343 3195 1359 3222 ,
1393 3163 1450 3210 ut
1493 3170 1598 3209 non
1634 3154 1807 3209 solum
1842 3169 1935 3210 eos

336 3249 429 3319 qui
455 3250 523 3304 ab
545 3264 605 3305 se
628 3248 828 3305 conditi
852 3247 1297 3314 suntservet,scd
1327 3256 1383 3302 et
1408 3246 1759 3302 inell‘abilibus
1782 3246 1935 3301 bonis

335 3342 513 3397 ditet?
542 3342 829 3412 Propterea
858 3342 1085 3397 liberum
1108 3340 1386 3396 arbitrimn
1428 3339 1582 3395 nobis
1623 3338 1813 3393 indidit
1841 3380 1855 3404 ,
1880 3349 1935 3394 et

338 3438 394 3491 in
441 3446 627 3490 natura
671 3436 1104 3505 conscientiaque
1147 3442 1328 3489 nostra
1379 3431 1617 3500 reposuit
1654 3431 1931 3486 scientiam

340 3527 467 3582 boni
496 3535 549 3581 et
574 3527 731 3592 mali,
764 3526 1148 3595 diabolumque
1177 3539 1297 3580 esse
1324 3523 1565 3593 permisit
1595 3565 1610 3586 ,
1643 3537 1707 3577 ac
1727 3522 1931 3592 gehen-

338 3634 464 3673 nam
493 3619 726 3673 minatus
752 3627 853 3683 est,
883 3626 944 3673 ut
970 3633 1089 3673 eam
1121 3632 1227 3671 non
1263 3616 1633 3685 experiremur
1661 3656 1676 3678 .
1718 3614 1812 3670 sed
1847 3631 1930 3669 re-

337 3728 501 3782 gnmn
528 3711 964 3781 adipiscerentur.
992 3712 1057 3765 Et
1076 3709 1204 3780 quid
1233 3709 1446 3764 miraris
1473 3710 1516 3761 si
1549 3709 1647 3763 ista
1680 3709 1857 3762 omnia
1877 3717 1932 3763 et

339 3805 619 3859 innumera
643 3803 742 3856 alia
778 3803 896 3858 ideo
919 3802 1146 3857 fecerit?
1172 3800 1271 3868 Qui
1302 3801 1353 3854 in
1381 3800 1498 3854 sinu
1516 3799 1691 3855 Patris
1714 3808 1796 3854 cst
1823 3799 1933 3854 for-

338 3915 485 3955 mam
510 3899 649 3954 servi
680 3898 957 3967 suscipere
981 3895 1185 3964 voluit(
1194 3893 1428 3963 Philipp.
1459 3893 1515 3946 2.
1546 3892 1600 3965 7)
1630 3935 1643 3959 ,
1671 3902 1726 3948 et
1754 3894 1933 3948 omnia

340 3991 445 4045 alia
475 3992 741 4046 sustinere
770 4004 889 4059 quae
930 3988 997 4041 ad
1033 4003 1230 4058 corpus
1261 3987 1531 4055 pertinent
1567 4027 1579 4050 ,
1613 4000 1676 4039 ex
1709 3986 1934 4040 muliere

340 4093 518 4138 ortmn
547 4082 766 4148 habere,
797 4096 861 4137 ex
888 4079 1105 4150 Virgine
1131 4079 1312 4143 nasci,
1344 4091 1536 4131 novem
1574 4075 1849 4131 mensibus
1879 4077 1931 4130 in

342 4184 499 4230 utero
536 4175 731 4245 gestari
764 4214 780 4240 ,
830 4172 1018 4242 pannis
1045 4170 1241 4226 involvi
1276 4210 1292 4237 ,
1340 4178 1548 4240 patrem
1576 4184 1729 4223 suum
1758 4170 1934 4239 putari

339 4269 543 4340 Joseph
561 4282 818 4338 Sponsum
831 4266 1031 4333 Marize,
1050 4264 1301 4335 paulatim
1324 4277 1585 4327 crescere,
1603 4262 1932 4328 circumcidi,

340 4361 663 4417 sacrificium
695 4359 907 4423 offerre,
928 4358 1157 4423 esurire,
1187 4355 1358 4421 sitire,
1385 4354 1612 4425 fatigari,
1638 4363 1694 4410 et
1721 4354 1934 4410 tandem

342 4455 505 4507 etiam
533 4461 759 4506 mortem
790 4450 1054 4505 sustinere
1092 4467 1104 4502 :
1138 4458 1192 4505 et
1221 4457 1449 4503 mortem
1483 4462 1589 4502 non
1619 4448 1889 4517 vulgarem
1917 4489 1932 4514 ,

341 4544 439 4599 sed
470 4559 587 4598 eam
603 4559 722 4613 quae
746 4541 1245 4613 ignominiosissima
1268 4538 1583 4606 habebatur,
1598 4539 1774 4595 erucis
1792 4540 1933 4604 dien;

343 4645 401 4690 et
423 4636 537 4690 luce
562 4634 742 4689 omnia
761 4642 977 4703 propter
1006 4646 1106 4688 nos
1125 4640 1472 4701 nostramque
1496 4630 1721 4686 salutem
1752 4645 1934 4686 susce-

343 4728 426 4797 pit
453 4725 690 4780 omnium
716 4722 979 4779 Conditor
1002 4763 1018 4789 ,
1048 4720 1415 4789 immutabilis,
1443 4721 1532 4793 qui
1562 4721 1740 4776 omnia
1765 4736 1830 4777 ex
1853 4721 1934 4775 ni-

346 4818 459 4872 hilo
489 4827 544 4871 ut
568 4826 746 4871 essent
782 4815 1030 4884 produxit
1055 4855 1071 4879 ,
1099 4814 1187 4884 qui
1216 4812 1433 4881 respicit
1461 4821 1657 4868 terram
1688 4855 1704 4880 ,
1730 4822 1785 4867 et
1814 4812 1941 4867 facit

342 4926 466 4967 eam
491 4919 719 4965 tremere
749 4909 921 4981 (Psat.
947 4909 1069 4963 105.
1092 4907 1186 4977 '52)
1208 4924 1222 4972 ;
1244 4906 1398 4978 cujus
1423 4906 1613 4977 gloria:
1639 4905 1819 4977 fulgur
1844 4921 1937 4961 ne-

340 5018 452 5071 que
464 5000 772 5065 Cberubim,
788 5000 1113 5069 incorporea:
1127 5000 1232 5054 illa;
1243 4998 1484 5063 virtutes,
1498 4998 1680 5053 videre
1695 5006 1937 5067 possunt,

341 5091 443 5146 sed
476 5091 725 5147 adversas
760 5090 921 5145 tacies
963 5100 1148 5160 tegunt
1188 5089 1413 5160 objectis
1450 5088 1551 5144 alis
1578 5128 1594 5153 ,
1621 5088 1940 5143 miraculum

344 5184 506 5238 nobis
534 5185 879 5248 exhibentes;
913 5199 1070 5255 quem
1099 5198 1314 5253 semper
1338 5181 1557 5238 laudant
1576 5181 1748 5253 angeli
1777 5191 1831 5237 et
1854 5197 1941 5236 ar-

342 5278 589 5348 changcli
623 5320 637 5342 ,
681 5287 737 5333 et
780 5278 1062 5331 innumera
1109 5275 1311 5330 millia:
1344 5274 1431 5330 hic
1477 5284 1697 5344 propter
1727 5290 1825 5329 nos
1851 5315 1864 5341 ,
1891 5283 1946 5330 ct.

346 5378 572 5439 propter
598 5378 838 5423 nostram
863 5368 1092 5423 salutem
1113 5409 1127 5431 ,
1152 5366 1314 5420 homo
1340 5366 1456 5421 fieri
1485 5365 1649 5420 voluit
1674 5405 1689 5429 ,
1721 5375 1776 5420 ct
1802 5366 1945 5433 opti-

344 5476 454 5516 tua:
480 5462 600 5515 vita:
626 5460 784 5514 nobis
810 5461 949 5514 viam
983 5459 1190 5529 paravit
1221 5500 1234 5524 ,
1269 5467 1323 5513 et
1367 5472 1462 5525 per
1499 5473 1559 5512 ea
1589 5457 1944 5513 sufficientem

347 5552 507 5606 nobis
546 5551 849 5606 doctrinam
879 5551 1215 5620 consignmit
1242 5590 1256 5614 ,
1290 5564 1387 5618 per
1424 5564 1543 5618 quae
1574 5548 1674 5601 hac
1703 5548 1817 5617 ipsa
1847 5561 1940 5603 no-

347 5655 460 5697 stra
494 5653 679 5698 natura
711 5649 984 5711 assumpta
1034 5640 1299 5697 transivit.
1345 5640 1476 5708 Quae
1523 5640 1682 5710 igitur
1724 5638 1946 5709 posthac

345 5735 509 5790 nobis
538 5733 643 5787 erit
664 5732 942 5787 excusatio
961 5771 975 5795 ,
1003 5733 1046 5785 si
1072 5745 1193 5787 cum
1224 5737 1302 5785 tot
1325 5737 1575 5799 tantaque
1603 5728 1831 5785 salutem
1854 5741 1950 5783 no-

345 5834 517 5880 stram
542 5820 934 5893 prmcesserint,
953 5822 1006 5876 in
1020 5820 1180 5876 rebus
1203 5818 1477 5875 inutilibus
1490 5834 1590 5874 nos
1604 5832 1945 5889 occupemus,

352 5916 473 5975 sola
508 5914 654 5970 circa
702 5911 819 5968 hare
857 5911 1174 5987 negligentia
1205 5921 1443 5968 nostram
1468 5910 1773 5966 amittentes
1792 5905 1941 5963 salu-

1453 464 1520 521 lN
1555 463 1707 522 CAP.
1754 463 1839 518 Vl.
1882 461 2123 522 GENES.
2165 465 2396 524 HOMIL.
2430 466 2622 523 XXIV.

3538 471 3645 526 206

2061 590 2168 637 tem
2196 583 2220 636 ?
2248 581 2479 638 Proinde
2517 584 2743 639 obsecro
2774 591 2830 638 ut
2875 567 3153 656 vigilemus
3187 628 3202 654 ,
3231 595 3285 642 et
3312 602 3418 643 non
3449 598 3648 645 temere

2055 673 2279 727 aliorum
2311 689 2599 744 sequamur
2622 678 3085 742 consuetudinem,
3114 678 3207 733 sed
3227 689 3463 735 nostram
3485 680 3647 736 vitam

2054 765 2290 835 quotidie
2331 765 2615 837 diligenter
2652 770 2987 823 excutiamus
3021 810 3036 835 ,
3085 769 3464 843 videamusque
3519 773 3648 843 quid

2056 867 2330 925 peccaturo
2356 898 2370 924 ,
2402 857 2599 928 quidve
2628 867 2773 915 recte
2802 874 2834 914 a
2879 860 3034 915 nobis
3077 870 3283 931 gestum
3317 861 3422 917 sit:
3466 871 3526 917 ut
3569 862 3647 917 sic

2055 956 2267 1015 peccata
2297 956 2478 1002 nostra
2514 949 2862 1005 emendemus
2883 992 2898 1018 ,
2928 966 3321 1022 supernamque
3346 952 3502 1008 nobis
3526 968 3645 1024 gra~

2054 1040 2179 1094 tiam
2202 1040 2548 1097 conciliemus
2581 1084 2595 1107 ,
2632 1057 2695 1097 ac
2721 1042 2831 1097 Deo
2860 1042 3166 1113 placeamus
3199 1086 3215 1111 ,
3243 1044 3490 1115 exemplo
3516 1044 3646 1113 jusd

2054 1130 2212 1197 illius,
2239 1140 2295 1185 et
2321 1130 2555 1203 denique
2578 1148 2801 1203 regnum
2828 1149 3181 1204 assequamur
3203 1135 3456 1191 caelorum
3481 1177 3494 1199 ,
3524 1149 3647 1204 gra-

2053 1223 2123 1276 tia
2154 1231 2208 1277 et
2242 1224 2609 1279 misericordia
2641 1226 2846 1280 Domini
2880 1226 3049 1281 nostri
3083 1226 3212 1282 Jesu
3252 1225 3493 1293 Christi,
3521 1242 3644 1282 cum

2050 1328 2159 1383 quo
2188 1314 2368 1381 Patri,
2397 1316 2556 1371 simul
2578 1325 2629 1371 et
2655 1316 2875 1387 Spiritui
2904 1322 3090 1373 saneto
3117 1320 3187 1373 sit
3213 1319 3378 1389 gloria
3402 1361 3417 1386 ,
3449 1320 3644 1385 honor.

2053 1406 2331 1475 imperium
2353 1448 2368 1475 ,
2398 1423 2539 1463 nunc
2560 1417 2615 1462 et
2639 1424 2881 1480 semper,
2913 1419 2968 1465 et
2997 1410 3049 1465 in
3077 1412 3270 1467 smeula
3297 1412 3641 1468 seculorum.

2051 1498 2242 1553 Amen.

2592 1615 2869 1671 llOSlll.l.\
2914 1616 3102 1671 XXlV.

2050 1724 2234 1779 Genui!
2265 1736 2436 1780 autem
2463 1726 2579 1782 Noe
2607 1738 2706 1782 tres
2735 1728 2872 1798 ﬁlios
2900 1771 2915 1796 ,
2946 1728 3068 1785 Sem
3100 1771 3116 1796 ,
3156 1728 3320 1784 Citam
3344 1773 3359 1796 ,
3403 1728 3595 1800 Juphet
3623 1747 3639 1783 :

2121 1826 2363 1889 corrupta
2398 1826 2568 1874 autem
2592 1828 2701 1874 erat
2734 1830 2870 1874 terra
2890 1836 3061 1876 coram
3092 1820 3198 1875 Deo
3219 1862 3234 1887 ,
3281 1829 3328 1876 et
3355 1822 3546 1892 repleta
3572 1831 3645 1875 est

2120 1920 2253 1965 terra
2268 1912 2519 1982 injustitia
2544 1910 2700 1983 (Gen.
2730 1913 2782 1969 6.
2814 1913 2924 1985 10).

2125 2048 2172 2101 1.
2215 2046 2489 2118 Scriptura
2514 2065 2615 2103 non
2639 2049 2800 2104 obiter
2827 2051 3057 2119 legenda.
3090 2081 3161 2090 —
3190 2051 3340 2107 llaud
3366 2051 3639 2122 vulgarem

2048 2139 2325 2194 utilitatem
2354 2139 2469 2194 heri
2487 2140 2641 2195 nobis
2659 2141 2834 2196 attulit
2858 2141 2984 2211 justi
3008 2141 3118 2197 Noe
3146 2142 3474 2215 genealogis.
3505 2143 3638 2198 Nam

2046 2241 2101 2284 et
2126 2232 2476 2301 cognovimus
2505 2232 2801 2288 mirabilem
2829 2234 3157 2305 genealogite
3179 2235 3398 2290 modum
3427 2277 3442 2301 ,
3474 2244 3529 2291 et
3556 2237 3638 2290 vi-

2045 2319 2220 2376 dimus
2244 2321 2448 2392 justum
2479 2323 2706 2391 laudari,
2731 2340 2839 2380 non
2860 2340 2889 2378 a
2917 2334 3196 2396 parentum
3219 2327 3464 2382 claritate
3492 2369 3507 2394 ,
3542 2328 3636 2382 sed

2045 2426 2072 2464 a
2102 2428 2313 2468 mormn
2354 2413 2621 2484 probitate
2652 2457 2667 2480 ,
2714 2424 2932 2487 propter
2976 2432 3133 2487 quam
3180 2425 3385 2473 tantum
3430 2420 3641 2490 accepit

2046 2508 2405 2563 testimonium
2442 2525 2474 2564 a
2509 2510 2686 2565 divina
2713 2510 2989 2581 Scriptura
3030 2529 3043 2563 :
3076 2509 3193 2567 Noe
3215 2512 3389 2578 enim,
3424 2512 3597 2583 inquit
3621 2555 3635 2575 ,

2045 2600 2194 2655 homo
2232 2603 2407 2671 justus
2428 2642 2445 2667 ,
2478 2603 2730 2673 perfectus
2766 2604 3009 2659 exsistens
3036 2604 3090 2657 in
3131 2604 3456 2676 generatione
3506 2621 3638 2660 sua:

2042 2689 2152 2746 Deo
2167 2692 2358 2762 placuit
2387 2692 2519 2747 Noe.
2540 2694 2730 2749 Totum
2749 2695 2892 2749 enim
2912 2710 3219 2750 sermonem
3248 2695 3302 2750 in
3329 2710 3496 2765 pauca
3520 2695 3637 2752 haec

2043 2783 2204 2837 verba
2242 2782 2625 2854 insumpsimus
2663 2784 2800 2840 heri.
2847 2784 3292 2856 Quandoquidem
3332 2784 3637 2841 divinorum

2041 2874 2373 2945 eloquiorum
2402 2884 2589 2931 natura
2618 2877 2670 2931 in
2700 2877 2881 2948 paucis
2907 2878 3087 2933 verbis
3116 2878 3313 2935 multas
3339 2880 3631 2934 sententia-

2042 2985 2156 3023 rum
2193 2968 2347 3025 all‘ert
2371 2969 2583 3025 divitias
2610 3011 2625 3037 ,
2658 2978 2713 3025 et
2752 2969 3071 3026 ineffabilem
3100 2970 3382 3042 diligenter
3409 2973 3635 3028 serutari

2041 3063 2340 3119 volentibus
2363 3065 2673 3121 thesaurum
2697 3063 2938 3135 largitur.
2968 3064 3199 3121 Proinde
3222 3107 3237 3132 ,
3266 3065 3494 3121 obsecro
3516 3107 3532 3132 ,
3566 3081 3635 3121 ne

2039 3153 2166 3224 quid
2197 3154 2250 3209 in
2278 3153 2453 3210 sacris
2470 3152 2667 3212 Literis
2694 3154 3057 3226 perfunctorie
3083 3165 3174 3211 aut
3201 3157 3376 3213 obiter
3413 3166 3635 3227 prteter-

2038 3252 2210 3311 eatur,
2241 3245 2335 3300 sed
2363 3245 2576 3302 etiamsi
2597 3247 2812 3302 nomina
2838 3256 3220 3303 recenseantur
3238 3290 3253 3315 ,
3281 3249 3363 3304 vel
3398 3249 3642 3306 historiae

2040 3345 2346 3405 narrentur,
2365 3337 2699 3392 reconditum
2729 3338 3109 3409 investigemus
3126 3316 3462 3395 .thesaurum.
3498 3339 3630 3395 Nam

2039 3427 2159 3482 ideo
2202 3426 2447 3483 Christus
2493 3428 2739 3485 dicebat:
2773 3429 3088 3485 Scrutamini
3126 3430 3424 3500 Scriptura:
3450 3430 3633 3503 (Joan.

2038 3520 2091 3575 5.
2125 3517 2236 3591 59).
2260 3519 2394 3587 Quia
2421 3535 2526 3576 non
2555 3521 2751 3592 ubique
2778 3522 2831 3576 in
2859 3523 3144 3594 superficie
3167 3536 3319 3579 mens
3339 3523 3631 3595 Scriptura:

2039 3612 2307 3666 invenitur
2329 3652 2344 3675 ,
2390 3610 2486 3667 sed
2526 3626 2662 3682 opus
2685 3623 2767 3669 est
2804 3614 3062 3668 scrutinio
3089 3614 3257 3669 multo
3290 3657 3305 3681 ,
3338 3624 3394 3668 ut
3421 3615 3553 3669 nihil
3580 3615 3630 3667 in

2040 3703 2305 3774 profundo
2327 3703 2530 3770 latens,
2564 3704 2719 3760 nobis
2750 3717 3028 3762 remaneat
3051 3705 3447 3763 absconditum.
3479 3706 3630 3774 Quod

2040 3796 2083 3849 si
2114 3795 2226 3850 sola
2253 3804 2458 3851 naturae
2484 3796 2931 3866 appellatio,hoe,
2949 3797 3185 3867 inquam,
3212 3813 3428 3865 nomen,
3463 3794 3636 3852 liomo

2043 3884 2205 3955 (Gen.
2228 3884 2283 3941 6.
2307 3885 2379 3955 9)
2406 3927 2421 3954 ,
2453 3894 2615 3941 tanta:
2645 3886 2798 3942 nobis
2834 3887 3075 3943 utilitatis
3113 3896 3488 3958 argumentum
3513 3886 3632 3941 heri

2040 3976 2169 4031 fuit:
2197 3984 2453 4047 quantum
2483 3977 2689 4032 lucrum
2718 3992 2823 4032 non
2849 3978 3199 4047 percipiemus
3225 4018 3240 4043 ,
3272 3978 3317 4033 si
3344 3985 3543 4033 attenta
3569 3992 3633 4033 ac

2039 4069 2181 4139 vigili
2215 4051 2393 4122 me'me
2420 4068 2648 4138 singula,
2680 4083 2798 4137 qua:
2824 4069 2877 4122 in
2898 4083 3049 4124 sacra
3076 4067 3348 4139 Scriptura
3368 4068 3628 4133 feruntur,

2040 4159 2367 4214 audierimus
2393 4159 2414 4212 ?
2446 4159 2652 4213 Etenim
2684 4159 3004 4214 clementem
3038 4160 3297 4215 habemus
3319 4160 3625 4224 Dominum,

2040 4261 2095 4308 et
2119 4251 2332 4323 quando
2357 4251 2499 4307 \idet
2524 4266 2621 4307 nos
2641 4252 2918 4319 sollicitos,
2950 4263 3002 4307 et
3032 4269 3276 4323 magnum
3305 4253 3629 4309 desiderium

2041 4346 2108 4401 ad
2130 4344 2496 4415 cognoscenda
2521 4345 2713 4399 divina
2740 4344 2949 4415 eloquia
2981 4345 3206 4410 habere,
3239 4362 3344 4400 non
3374 4347 3637 4416 permittit

2042 4452 2142 4493 nos
2172 4438 2274 4493 ulla
2302 4452 2361 4493 re
2387 4436 2646 4507 indigere,
2669 4436 2764 4495 sed
2794 4436 2974 4492 statim
3014 4437 3242 4494 illustrat
3271 4446 3505 4494 mentem
3536 4453 3640 4493 no-

2042 4538 2245 4597 stram,
2270 4537 2326 4585 et
2350 4543 2504 4584 suum
2533 4528 2791 4600 fulgorem
2819 4528 3042 4601 largitur
3075 4572 3089 4595 ,
3134 4539 3191 4586 et
3213 4546 3313 4601 pro
3338 4528 3638 4600 perspicaci

2042 4622 2303 4692 sapientia
2333 4621 2421 4675 illa
2438 4636 2534 4677 sua
2562 4636 2776 4695 omnem
2799 4636 2979 4677 veram
3002 4622 3299 4679 doctrinam
3325 4622 3520 4679 animae
3544 4638 3641 4677 no-

2045 4725 2171 4771 stra:
2200 4716 2405 4770 inserit.
2452 4715 2751 4787 Eapropter
2778 4730 2899 4771 cum
2941 4733 3037 4772 nos
3064 4716 3131 4773 ad
3161 4718 3300 4774 istud
3330 4719 3506 4788 ipsum
3535 4718 3634 4772 ad-

2048 4809 2351 4863 hortaretur
2370 4849 2382 4872 ,
2412 4817 2467 4861 et
2488 4807 2775 4863 alacriores
2808 4806 3008 4865 faceret
3038 4851 3052 4875 ,
3086 4810 3413 4865 beatitudine
3442 4811 3634 4882 dignos

2044 4898 2340 4954 declaravit
2358 4913 2453 4954 eos
2480 4899 2568 4969 qui
2590 4898 2694 4953 tale
2720 4898 3043 4954 desiderium
3074 4916 3185 4969 pra:
3212 4916 3271 4956 se
3300 4900 3524 4969 ferrent,
3555 4902 3635 4957 (11-

2046 5008 2207 5047 cens:
2232 4992 2375 5046 Beati
2401 4992 2488 5059 qui
2516 4993 2744 5046 esuriant
2773 5002 2819 5047 et
2851 4994 3029 5048 sitiunt
3046 4995 3303 5065 justitiam
3332 5037 3345 5061 ,
3389 4997 3510 5067 quia
3539 4997 3638 5065 ipsi

2046 5083 2635 5155 saturabuntur(Matth.
2664 5084 2719 5138 5.
2748 5084 2828 5155 6).
2859 5084 2992 5140 Vide
3017 5086 3330 5156 sapientiam
3352 5087 3587 5142 doctoris
3620 5107 3636 5155 ;

2049 5192 2154 5232 non
2181 5177 2353 5231 solum
2381 5190 2478 5230 nos
2510 5191 2603 5244 per
2629 5175 3007 5231 beatitudinem
3040 5175 3408 5242 ltortalur,sed
3435 5187 3490 5233 et
3517 5195 3637 5233 cum

2048 5268 2204 5331 dixit,
2237 5266 2337 5333 Qui
2358 5266 2586 5319 esuriunt
2601 5274 2647 5318 et
2661 5265 2834 5319 sitiunt
2846 5267 3122 5335 justitiam,
3139 5265 3322 5321 docuit
3337 5268 3638 5332 audientes.

2049 5367 2244 5429 quanta
2289 5356 2564 5411 alacritate
2603 5356 2899 5427 spiritualia
2946 5357 3157 5426 eloquia
3197 5358 3517 5429 investigare
3547 5374 3643 5428 par

2052 5449 2228 5504 fuerit.
2253 5446 2713 5516 Quemadmodum
2745 5490 2759 5511 ,
2787 5447 2955 5516 inquit
2981 5489 2995 5512 .
3023 5448 3058 5501 ii
3090 5463 3224 5516 quos
3255 5448 3423 5504 fames
3452 5450 3597 5506 ducit
3624 5491 3641 5510 .

2051 5534 2185 5587 mira
2210 5533 2484 5589 alacritate
2510 5532 2576 5587 ad
2602 5532 2752 5586 cibos
2797 5532 3063 5594 festinant,
3095 5541 3151 5587 et
3184 5535 3274 5603 qui
3314 5534 3400 5589 siti
3432 5536 3647 5598 ardent,

2052 5630 2116 5684 ad
2157 5639 2340 5701 potum
2385 5642 2578 5699 magno
2617 5626 2886 5683 desiderio
2924 5626 3223 5682 accedunt:
3249 5628 3439 5683 eodem
3488 5629 3648 5683 modo

2052 5727 2117 5782 ad
2146 5724 2476 5797 spiritualem
2505 5724 2827 5799 doctrinam,
2859 5733 3130 5794 tamquam
3157 5724 3457 5779 esurientes
3492 5732 3546 5778 et
3571 5726 3645 5778 si-

2054 5812 2255 5868 tientes
2271 5814 2528 5871 accedere
2552 5828 2649 5884 par
2668 5823 2769 5869 est.
2799 5813 3116 5884 Hujusmodi
3133 5814 3275 5869 enim
3302 5815 3399 5868 viri
3430 5828 3534 5868 non
3560 5829 3649 5868 so.

2059 5904 2171 5960 lum
2195 5904 2613 5962 beatitudinihus
2654 5905 2798 5971 digni
2839 5913 2964 5959 sunt
2995 5920 3012 5972 ς
3053 5904 3148 5961 sed
3186 5913 3240 5961 et
3268 5920 3388 5977 qua:
3421 5902 3647 5973 cupiunt
