4078 6410
447 467 554 520 907

446 580 818 642 assequuntur.
848 566 1076 628 Etenim,
1105 563 1438 617 Sutiabtutlur
1465 600 1480 624 ,
1511 555 1675 624 inquit
1711 597 1726 620 ,
1777 554 1875 606 hoc
1915 559 1996 604 est
2019 590 2033 613 ,

448 663 800 734 cxplcbuntur
825 678 836 713 :
860 657 1146 727 explebunt
1189 652 1467 723 Spirituale
1507 664 1659 703 smun
1693 643 2033 700 desiderium.

447 756 620 828 lgitur
639 755 764 823 quia
791 763 897 807 tam
925 751 1127 814 bonus,
1157 757 1369 814 tamque
1397 742 1629 797 liberalis
1654 736 1910 792 Dominus
1934 747 2034 786 no-

449 824 528 904 bis
558 856 673 903 est:
706 859 802 913 age
829 854 881 896 et
903 855 1001 896 nos
1017 839 1082 894 ad
1110 840 1281 909 ipsum
1304 833 1694 902 confugiamus,
1718 838 1771 882 et
1796 824 1912 896 ejus
1941 837 2039 876 no-

449 941 530 994 bis
555 938 782 1008 gratiatn
809 931 1176 995 conciliemus,
1206 938 1262 982 ut
1281 935 1336 981 et
1367 927 1478 995 ipse
1501 938 1596 992 pro
1619 935 1710 976 sua
1735 916 2040 972 misericor-

446 1032 534 1085 dia
565 1029 792 1083 illustret
815 1035 1051 1080 nostram
1079 1028 1308 1074 mentem
1335 1015 1402 1070 ad
1427 1010 1704 1067 videndam
1735 1008 2035 1064 divinarum

448 1120 846 1190 Scripturarum
879 1117 1125 1169 virtutem
1151 1129 1165 1167 :
1192 1119 1245 1163 et
1276 1123 1368 1162 vos
1391 1119 1605 1177 quoque
1643 1101 1807 1154 multa
1839 1099 2034 1153 alacri-

452 1189 914 1280 taterspiritualem
944 1204 1236 1258 doctrinam
1265 1198 1412 1268 quasi
1444 1193 1742 1250 esurientes
1767 1199 1819 1246 et
1850 1189 2034 1244 sitien-

454 1318 533 1360 tes
558 1302 830 1373 suscipite.
852 1300 1009 1353 Forte
1035 1297 1177 1351 enim
1203 1337 1216 1357 ,
1261 1295 1392 1346 forte
1414 1291 1586 1346 bonus
1623 1299 1676 1340 et
1699 1285 2036 1354 omnipotens

453 1399 729 1460 Dominus,
753 1394 912 1451 etiam
935 1391 978 1444 si
1010 1404 1107 1443 nos
1129 1386 1358 1440 humiles
1384 1383 1552 1438 simus
1580 1391 1634 1435 et
1660 1377 1875 1448 ahjccti,
1909 1389 2037 1445 pro-

450 1503 568 1564 pter
612 1506 708 1546 vos
755 1498 809 1544 et
853 1497 1089 1542 vestram
1137 1482 1416 1537 utifitatem
1475 1472 1834 1545 suppeditabit
1886 1469 2038 1523 nobis

450 1600 753 1641 sermonem
802 1583 853 1636 in
893 1579 1168 1649 apertione
1191 1574 1302 1628 oris
1331 1573 1382 1626 in
1414 1570 1637 1640 gloriam
1674 1581 1822 1620 suam
1859 1605 1873 1627 ,
1905 1573 1958 1616 ct
1989 1563 2038 1614 in

453 1677 860 1732 atdilicationem
892 1681 1126 1726 vestram
1159 1667 1372 1738 (Ephes.
1395 1663 1448 1718 6.
1475 1661 1588 1731 i9).
1613 1657 1854 1726 Projeeta
1884 1655 2042 1724 igitur

456 1787 580 1825 rura
612 1780 795 1823 nostra
824 1765 969 1820 omni
1014 1765 1064 1816 in
1101 1773 1387 1830 supernam
1420 1755 1642 1827 gratiam
1671 1793 1684 1815 ,
1715 1759 1769 1805 et
1798 1750 2043 1803 invocato

455 1878 523 1916 eo
552 1861 640 1930 qui
673 1870 726 1914 et
746 1856 1061 1927 sapientiam
1085 1853 1174 1906 dat
1199 1849 1452 1923 parvulis,
1485 1857 1538 1901 et
1564 1845 2041 1901 illttlttitt:tl0.t‘CuS,

454 1969 504 2010 et
532 1952 807 2025 expeditas
831 1949 1002 2004 reddit
1024 1949 1230 2016 linguas
1259 1942 1556 2005 balborum,
1582 1938 1737 2008 paulo
1757 1945 1879 1989 ante
1909 1934 2044 1988 lecta

456 2023 774 2101 tractemus:
804 2052 860 2096 ut
901 2056 1021 2110 quae
1065 2039 1178 2108 ipse
1225 2050 1319 2104 pro
1362 2047 1457 2088 sua
1497 2026 1863 2086 misericordia
1890 2023 2044 2079 nobis

452 2135 822 2208 suppeditarit,
841 2132 1045 2188 earitati
1075 2139 1266 2184 vestrm
1294 2121 1790 2196 proponamus.Sed
1819 2121 2044 2182 intenta,

454 2230 701 2291 obsecro,
725 2225 911 2280 adsitis
940 2233 1140 2284 mente,
1174 2228 1228 2274 et
1251 2218 1533 2287 diligenter
1564 2215 1628 2270 iis
1655 2229 1773 2283 qua:
1793 2211 2044 2266 dicuntur

453 2324 746 2385 attendite,
780 2332 1074 2386 omnesque
1124 2315 1282 2384 hujus
1324 2313 1446 2368 vita:
1471 2326 1628 2366 curas
1652 2308 1896 2379 seponite
1929 2347 1943 2370 ,
1988 2313 2046 2360 ut

454 2415 729 2486 spirituale
756 2426 965 2473 semen,
987 2409 1136 2479 quasi
1157 2408 1210 2460 in
1233 2407 1483 2475 pinguem
1505 2412 1557 2458 et
1585 2402 1814 2457 [ει-εαξη
1835 2413 2043 2468 agrum,

455 2507 658 2565 evulsis
685 2504 865 2558 herbis
885 2513 934 2556 et
967 2500 1156 2570 spinis,
1189 2496 1551 2568 projiciamus.
1599 2493 1695 2548 Hae
1717 2503 1884 2546 autem
1913 2533 1928 2556 ,
1968 2491 2050 2544 in-

457 2601 591 2671 quit,
633 2597 978 2668 generationrs
1028 2591 1176 2646 Noe:
1206 2588 1322 2644 Noe
1359 2589 1510 2641 homo
1549 2588 1721 2657 justus
1747 2623 1765 2649 ,
1797 2582 2050 2653 perfectus

454 2693 700 2749 exsisteus
727 2692 779 2742 in
805 2685 1126 2760 generatione
1158 2700 1253 2736 suo
1287 2699 1302 2735 :
1334 2681 1440 2734 Deo
1482 2679 1671 2749 placuit
1702 2676 1834 2730 Noe.
1885 2674 1938 2728 ltt
1985 2673 2050 2728 iis

458 2800 625 2855 nuper
656 2785 813 2836 tinent
843 2778 1070 2834 docendi
1114 2774 1442 2831 faciebamus
1471 2813 1487 2838 ,
1533 2770 1654 2826 ideo
1688 2766 1964 2838 sequentia
1995 2765 2047 2818 in

457 2879 690 2935 medium
720 2874 1066 2946 proponenda
1092 2878 1235 2927 sunt.
1266 2868 1352 2924 10.
1387 2866 1570 2922 Genuit
1599 2874 1770 2918 autent
1790 2903 1805 2927 ,
1836 2861 2004 2930 inquit
2029 2901 2042 2925 ,

457 2970 574 3025 Noe
596 2979 695 3024 tres
721 2969 884 3037 ﬁlios,
915 2966 1038 3021 Sent
1059 3007 1074 3029 ,
1105 2964 1286 3027 Citam,
1315 2960 1526 3030 Japlict.
1555 2957 1672 3013 Non
1697 2955 1900 3026 absque
1925 2969 2041 3008 cau-

456 3078 514 3118 sa
546 3062 722 3117 divina
764 3059 1037 3128 Scriptura
1063 3066 1118 3112 et
1147 3064 1356 3124 tempus
1386 3062 1441 3110 et
1470 3066 1748 3107 numerum
1779 3048 1932 3104 nobis
1954 3062 2042 3100 as-

458 3154 688 3224 signavit
733 3152 966 3206 tiliorum
1005 3149 1178 3220 justi:
1219 3147 1315 3204 sed
1358 3156 1412 3202 et
1457 3145 1581 3200 hinc
1624 3143 1780 3198 nobis
1823 3144 2051 3196 latenter

455 3247 726 3302 insinuare
743 3243 852 3298 vult
880 3244 1148 3313 ingentem
1170 3237 1622 3307 multiplicemque
1643 3236 1758 3304 ejus
1777 3234 2047 3287 virtutem.

454 3341 587 3396 Nam
615 3350 893 3410 postquam
924 3334 1173 3404 superius
1197 3332 1330 3387 dixit
1361 3350 1373 3386 :
1412 3329 1526 3384 Noe
1547 3329 2052 3398 eratquingentorttm

454 3448 706 3488 annorum
734 3429 886 3500 (Gen.
913 3430 968 3484 5.
995 3427 1111 3496 52),
1139 3437 1264 3481 tunc
1291 3422 1526 3479 subdidit
1550 3440 1562 3475 :
1595 3419 1660 3474 Et
1680 3419 1850 3490 genuit
1879 3426 1976 3471 tres
1987 3416 2053 3486 ﬁ-

455 3525 550 3579 lios
575 3541 592 3577 :
621 3521 866 3578 docendo
893 3536 993 3575 nos
1013 3533 1278 3573 summam
1305 3515 1649 3571 continentia:
1676 3512 1820 3566 illius
1851 3508 2050 3579 magni-

458 3616 695 3671 tudinem
728 3614 888 3668 fuisse
911 3654 926 3677 ,
961 3626 1082 3666 eum
1115 3619 1273 3663 tanta:
1313 3605 1737 3675 intemperantiae
1766 3603 1931 3658 dediti
1959 3615 2048 3656 es-

453 3718 576 3763 sent
590 3721 780 3761 omnes
800 3705 1064 3765 homines,
1082 3710 1334 3770 tantaque
1350 3699 1620 3754 salacitate
1635 3711 1823 3751 omnes
1842 3703 2048 3759 aetates,

459 3810 518 3856 ut
539 3801 609 3855 ita
638 3799 814 3854 dicam
838 3839 854 3863 ,
877 3796 943 3851 ad
968 3795 1166 3850 malutu
1198 3800 1417 3847 ruerent
1446 3808 1458 3843 :
1492 3788 1715 3843 audistis
1742 3787 1884 3842 enim
1910 3785 2050 3839 divi-

455 3911 580 3950 nam
607 3892 936 3962 Scriptttram
968 3888 1236 3944 dicentem
1268 3904 1281 3939 :
1326 3883 1394 3939 Ut
1429 3892 1600 3936 autem
1640 3879 1763 3934 vidit
1804 3876 2050 3932 Dominus

453 3990 588 4058 quod
608 3985 830 4056 impletis
849 3992 964 4037 sunt
988 3980 1200 4034 molitio:
1227 3995 1379 4048 super
1399 3987 1583 4031 terram
1610 4017 1624 4037 ,
1652 3984 1698 4027 et
1728 3970 1935 4042 quilibet
1963 3986 2050 4023 eo-

454 4081 636 4151 gitaret
667 4078 802 4129 mola
851 4075 1119 4146 diligenter
1161 4073 1212 4124 in
1257 4070 1410 4123 corde
1446 4083 1540 4122 suo
1586 4067 1932 4137 ajuventute:
1959 4059 2051 4116 ubi

455 4169 738 4225 manifeste
777 4166 1014 4221 declarat
1046 4207 1060 4230 ,
1095 4173 1148 4216 et
1186 4163 1416 4230 juvenes
1457 4159 1650 4214 vicisse
1687 4154 2052 4226 provectiores

457 4273 612 4318 astate
634 4303 648 4325 ,
692 4270 748 4314 et
775 4273 934 4313 senes
953 4273 1061 4310 non
1084 4255 1259 4308 tniuus
1285 4267 1444 4323 quam
1462 4252 1688 4321 juvenes
1716 4247 2001 4302 insaniisse
2029 4286 2045 4310 ,

452 4364 507 4410 ct
532 4355 600 4409 ad
626 4353 825 4408 malum
853 4350 1018 4404 multa
1059 4346 1392 4416 proclivitate
1424 4357 1744 4412 propensam
1776 4340 1941 4395 fuisse
1963 4337 2048 4409 ip-

455 4463 570 4501 sam
602 4445 762 4500 etiam
792 4451 1003 4496 :ctatcm
1026 4438 1292 4493 malorum
1319 4436 1670 4505 inexpertam.

524 4538 578 4592 2.
608 4534 682 4592 Ut
724 4533 881 4602 igitur
908 4529 1194 4589 discamus.
1227 4543 1334 4598 quo
1361 4538 1514 4596 pacto
1556 4527 1621 4579 iis
1653 4523 1901 4580 omnibus
1929 4531 2050 4577 tan-

453 4643 568 4686 tam
607 4627 868 4684 insaniam
914 4639 976 4679 ac
1026 4621 1227 4677 rabiem
1264 4637 1372 4688 pm:
1417 4634 1476 4673 se
1525 4615 1834 4683 terentibus,
1877 4616 2052 4685 justus

457 4725 548 4780 ille
576 4719 835 4780 ntanserit
861 4717 1030 4783 solus,
1057 4714 1438 4770 continentiam
1464 4725 1586 4766 cum
1623 4709 1742 4763 aliis
1769 4707 2054 4762 virtutibus

453 4825 678 4873 strenue
713 4825 952 4875 servans,
999 4808 1170 4863 donec
1215 4805 1282 4860 ad
1329 4801 1812 4876 quingentesimum
1854 4810 2052 4854 annum

455 4908 700 4980 pervenit
733 4925 746 4961 :
775 4919 898 4960 cum
935 4902 1177 4962 dixisset,
1209 4897 1337 4952 Erat
1377 4895 1491 4949 Noe
1530 4895 1917 4966 quingentorum
1955 4906 2052 4945 att-

457 5017 661 5067 norum,
693 5008 820 5053 tunc
847 4995 1018 5066 inquit
1046 5011 1060 5046 :
1092 4991 1159 5045 Et
1196 4991 1368 5062 genuit
1403 4988 1516 5042 Noe
1537 4998 1635 5042 tres
1675 4991 1831 5058 ﬁlios.
1849 4989 2054 5053 Vidisti,

455 5094 672 5157 dilecte,
703 5089 1058 5147 excellentem
1079 5084 1208 5155 justi
1240 5081 1646 5151 temperantiam
1671 5080 1694 5132 ?
1735 5077 1811 5132 Ne
1850 5077 1953 5132 hoc
1977 5077 2054 5131 ita

460 5183 820 5255 perfunctorie
864 5189 1218 5238 transeamus,
1243 5174 1338 5230 sed
1367 5181 1422 5228 et
1458 5181 1666 5241 tempus
1692 5169 1820 5225 illud
1847 5183 2054 5238 expen-

457 5276 666 5342 damus,
696 5283 752 5328 et
776 5271 1040 5328 malitiam
1056 5282 1176 5339 quae
1201 5265 1268 5321 ad
1294 5279 1454 5321 omne
1480 5263 1755 5317 hominum
1789 5274 1957 5330 genus
1985 5261 2056 5313 ob

459 5384 644 5425 eorum
695 5366 954 5422 desidiam
1016 5379 1078 5420 se
1129 5360 1445 5418 extenderat
1469 5397 1484 5418 ,
1540 5366 1594 5411 et
1655 5355 2055 5410 consideremus

458 5471 674 5532 quanta:
704 5459 776 5514 sit
814 5459 1025 5514 virtutis
1053 5466 1107 5512 et
1134 5455 1347 5526 pictatis
1384 5466 1510 5522 erga
1549 5451 1739 5512 Deum,
1772 5449 1825 5503 in
1857 5459 2054 5502 tantam

457 5551 717 5623 temporis
745 5549 1125 5622 longitudinem
1171 5544 1616 5615 concupiscentia.-
1644 5541 1845 5597 rabiem
1883 5539 2050 5596 refre-

450 5658 614 5710 nare,
659 5642 907 5710 viamque
953 5641 1110 5710 longe
1145 5639 1213 5694 ab
1255 5639 1373 5694 aliis
1414 5636 1679 5692 diversa
1710 5647 1954 5705 carpere.
1996 5645 2052 5688 et

462 5750 570 5794 non
601 5733 774 5790 solum
799 5733 870 5787 ab
893 5732 1076 5787 illicito
1102 5734 1244 5786 coitu
1269 5745 1329 5786 se
1368 5728 1641 5789 cohibere,
1668 5725 1764 5782 sed
1794 5733 1850 5782 et
1871 5741 1901 5780 a
1929 5725 2048 5795 legi-

453 5829 596 5886 timo
619 5835 674 5882 et
703 5824 990 5892 inculpata.
1025 5822 1089 5874 Et
1136 5823 1327 5891 genuit,
1378 5820 1568 5889 inquit,
1599 5817 1715 5873 Noe
1736 5827 1833 5873 tres
1872 5820 2007 5886 ﬁlios
2036 5830 2055 5868 :

457 5920 604 5987 Sent,
621 5918 810 5983 Citam,
838 5913 1080 5984 Jophetlt.
1111 5914 1196 5967 ll.
1217 5911 1464 5981 Corrupto
1485 5922 1649 5965 autem
1672 5919 1780 5967 erat
1795 5920 1931 5966 terra
1951 5922 2044 5962 ee-

1179 453 1236 508 S.
1268 447 1548 507 JOANNIS
1584 436 2061 501 (ZIIRYSOSTOMI
2094 436 2411 494 ARCHIEP.
2443 435 2978 495 CONSTANTINOP.

3631 434 3742 487 203

2145 569 2254 606 ram
2285 551 2409 615 Dec,
2427 562 2475 606 et
2498 553 2690 622 repleta
2719 560 2823 603 erat
2848 559 2981 602 terra
2998 547 3264 618 injustitia.
3289 545 3411 600 Mihi
3433 545 3642 601 videtur
3657 549 3744 599 di-

2145 645 2263 698 vina
2285 643 2681 712 dispensatione
2703 641 2921 702 factum,
2949 649 3004 691 ut
3028 639 3202 708 justus
3231 637 3322 692 ilie
3349 653 3489 692 nunc
3521 638 3742 692 tandem

2143 736 2208 789 ad
2242 751 2462 789 uxorem
2491 734 2789 798 aet-ederet,
2824 733 3047 801 illosque
3076 731 3212 784 titius
3260 731 3572 798 susciperet.
3601 730 3746 795 Quia

2143 827 2286 882 enim
2317 827 2385 882 ob
2429 826 2644 880 malitia:
2692 824 3111 894 magnitudinem
3143 834 3197 876 et
3227 823 3492 891 ingentem
3539 823 3753 892 impro-

2145 919 2360 974 bitatem
2389 917 2625 987 generali
2671 916 2903 986 pernicie
2933 925 3073 969 tutus
3114 913 3260 968 orbis
3300 912 3556 968 delendas
3583 924 3702 967 erat
3729 954 3747 974 ,

2145 1011 2451 1066 miScrirors
2476 1010 2616 1064 Deus
2641 1007 2790 1078 quasi
2822 1007 3054 1061 radicem
3081 1005 3309 1075 aliquam
3342 1013 3396 1059 et
3421 1005 3750 1059 fermentum

2144 1101 2311 1155 voluit
2336 1101 2538 1169 justum
2569 1099 2720 1154 illunt
2768 1112 3069 1166 superesse,
3103 1107 3158 1149 ut
3209 1096 3419 1148 abolitis
3466 1095 3566 1148 illis
3590 1095 3751 1162 origo

2141 1205 2195 1252 et
2224 1195 2472 1266 primitiae
2497 1192 2739 1263 qu-edam
2769 1201 2911 1246 esset
2953 1190 3272 1244 futurorum.
3306 1187 3473 1257 Hujus
3514 1187 3587 1242 rei
3615 1202 3748 1254 gra-

2147 1289 2238 1354 tia,
2268 1303 2388 1341 eum
2409 1287 2520 1356 jam
2552 1286 2963 1354 quingentorum
3005 1291 3149 1335 esset
3176 1295 3462 1346 annorum,
3495 1281 3746 1334 haberet-

2143 1395 2250 1449 que
2295 1388 2404 1433 tres
2446 1379 2577 1432 istos
2607 1377 2775 1438 tilios,
2807 1375 2910 1429 illis
2939 1382 3222 1427 contentus
3269 1371 3383 1434 fuit,
3418 1387 3476 1428 re
3504 1372 3611 1441 ipsa
3639 1371 3747 1426 de-

2146 1473 2355 1526 clarans
2386 1471 2488 1525 hoc
2522 1486 2581 1524 sc
2613 1469 2822 1531 fecisse,
2864 1478 2920 1520 ttt
2961 1465 3155 1520 divina:
3181 1464 3233 1518 in
3261 1463 3547 1517 humanum
3573 1478 3750 1532 genus

2149 1561 2340 1618 futura:
2370 1562 2680 1632 benignitati
2703 1559 2947 1614 serviret.
2977 1558 3045 1612 Et
3069 1574 3174 1628 quo
3195 1557 3334 1612 scias
3366 1555 3468 1610 hoc
3495 1571 3597 1609 non
3621 1569 3750 1610 esse

2153 1662 2434 1718 temeraria
2484 1661 2790 1729 c0njeetura
2843 1659 3084 1720 dictum,
3133 1654 3410 1709 considera
3459 1652 3750 1720 Scriptum

2152 1755 2500 1823 diligentiam.
2528 1752 2658 1806 Nam
2704 1759 2980 1819 postquam
3011 1749 3175 1808 dixit,
3203 1747 3404 1817 justum
3447 1745 3590 1799 illum
3635 1755 3751 1798 tres

2150 1847 2401 1903 habuisse
2426 1846 2566 1901 ﬁlios
2586 1888 2600 1908 ,
2625 1846 2804 1899 statim
2844 1842 3079 1897 subdidit
3108 1858 3120 1893 :
3151 1838 3405 1907 Corrupto
3445 1849 3546 1892 erat
3579 1846 3749 1888 autem

2151 1951 2287 1996 terra
2314 1956 2488 1994 coram
2535 1937 2665 2002 Deo,
2694 1948 2740 1991 et
2789 1936 2996 2006 impleta
3025 1944 3132 1988 erat
3183 1942 3316 1986 terra
3355 1930 3615 2001 injustitia.
3651 1928 3748 1982 Vi-

2151 2035 2274 2090 disti
2304 2033 2355 2086 in
2384 2031 2572 2087 eadem
2604 2039 2792 2092 natura
2820 2043 3065 2098 magnam
3087 2035 3142 2081 et
3171 2023 3494 2079 ineﬂ'abilem
3519 2022 3750 2075 varieta-

2153 2125 2304 2182 tem?
2335 2125 2410 2179 Dc
2455 2123 2601 2194 justo
2641 2123 2784 2176 enim
2838 2120 3049 2175 dicebat
3093 2119 3366 2186 Scriptura
3398 2134 3412 2172 :
3447 2113 3560 2169 Noe
3599 2115 3751 2166 homo

2145 2221 2335 2291 justus,
2360 2219 2609 2287 perfectus
2629 2216 2869 2271 assistens
2896 2214 2947 2266 in
2969 2212 3289 2284 generatione
3308 2225 3404 2263 suo
3419 2208 3515 2264 :de
3532 2207 3752 2276 reliquis

2157 2321 2334 2365 autem
2366 2310 2615 2364 omnibus
2645 2307 2815 2377 inquit
2845 2323 2858 2358 :
2888 2303 3140 2373 Corrupto
3163 2311 3326 2356 autem
3356 2309 3464 2354 erat
3505 2309 3634 2352 terra
3657 2315 3752 2351 co-

2154 2421 2264 2458 ram
2291 2401 2439 2466 Deo,“
2457 2411 2503 2455 et
2526 2403 2730 2470 impleta
2754 2407 2862 2452 erat
2889 2407 3023 2451 terra
3053 2395 3324 2466 injustitio.
3356 2391 3581 2447 Nomine
3604 2390 3752 2444 enim

2157 2506 2336 2561 terrae,
2367 2495 2639 2550 hominum
2672 2490 3065 2546 multitudinem
3091 2494 3266 2542 vocat.
3308 2485 3441 2552 Quia
3470 2484 3607 2538 enim
3635 2497 3752 2534 om-

2156 2591 2243 2644 nia
2270 2604 2457 2644 eorum
2484 2600 2646 2658 opera
2697 2583 2967 2639 terrestria
3011 2589 3198 2644 erant,
3225 2579 3426 2634 idcirco
3471 2585 3624 2630 terra:
3653 2590 3753 2627 no-

2156 2681 2302 2735 mine
2327 2690 2378 2734 ct
2407 2694 2593 2735 eorum
2647 2677 2900 2731 vilitatem
2924 2716 2940 2741 ,
2971 2682 3026 2728 et
3068 2671 3283 2726 malitia;
3323 2665 3750 2738 exsuperantiam

2155 2771 2440 2844 significat.
2468 2769 2600 2825 Nam
2619 2767 2843 2823 sicutde
2868 2765 3218 2836 protoplasto,
3246 2761 3336 2831 qui
3380 2761 3551 2830 legem
3578 2768 3752 2811 trans-

2155 2883 2370 2942 gressus
2396 2867 2619 2940 gloriam
2645 2879 2746 2935 qua
2777 2860 3204 2918 circumdabatur
3233 2856 3432 2922 amisit,
3460 2853 3752 2920 mortisque

2159 2977 2330 3034 paena:
2366 2960 2631 3015 obnoxius
2677 2956 2849 3012 factus
2878 2955 2994 3017 fuit,
3023 2951 3237 3006 dicebat
3271 2967 3286 3003 :
3320 2947 3476 3002 Terra
3514 2961 3584 3007 es,
3614 2954 3659 2997 et
3697 2943 3750 2995 in

2157 3067 2342 3111 terram
2369 3053 2528 3108 abibis
2555 3051 2707 3121 (Gen.
2735 3052 2788 3106 3.
2819 3048 2907 3119 l9)
2939 3066 2951 3102 :
2984 3049 3056 3101 ita
3081 3054 3138 3100 et
3179 3043 3286 3106 hic,
3315 3041 3436 3111 quia
3465 3040 3748 3110 plurimum

2157 3148 2493 3203 invaluerant
2518 3145 2666 3208 vitia,
2698 3142 2891 3212 inquit,
2939 3138 3190 3206 Corrupto
3233 3146 3402 3189 autem
3444 3140 3550 3186 erat
3595 3142 3746 3183 terra.

2156 3241 2339 3312 Neque
2365 3236 2682 3308 simpliciter
2708 3235 2838 3291 dicit
2870 3252 2882 3288 :
2913 3233 3167 3301 Corrupto
3206 3235 3374 3282 autem
3419 3235 3526 3279 erat
3568 3233 3700 3275 terra
3731 3237 3748 3272 :

2156 3311 2271 3400 sed,
2302 3332 2489 3390 Coram
2531 3329 2640 3384 Deo
2665 3344 2685 3383 :
2712 3337 2761 3383 et
2800 3325 3008 3397 impleta
3035 3332 3142 3378 erat
3170 3330 3303 3375 terra
3344 3314 3614 3388 injustitia.
3661 3311 3748 3366 Di-

2155 3423 2329 3482 cendo
2355 3424 2518 3486 enim,
2552 3421 2803 3490 Corrupto
2849 3424 2973 3482 erat,
3003 3413 3340 3482 amnigenam
3385 3408 3595 3462 illorum
3639 3416 3749 3456 ma—

2158 3517 2327 3572 litiam
2353 3513 2596 3584 emphasi
2628 3511 2856 3581 quadam
2885 3507 3037 3563 dixit.
3070 3504 3185 3559 Non
3231 3502 3374 3557 enim
3400 3498 3502 3553 dici
3536 3503 3745 3564 potest,

2157 3625 2251 3665 eos
2278 3607 2436 3663 unius
2461 3605 2546 3661 vel
2565 3605 2792 3659 duorum
2815 3608 3154 3672 peccatorum
3182 3604 3388 3650 tantum
3414 3604 3538 3645 reos
3564 3587 3746 3649 fuisse,

2156 3701 2250 3757 sed
2276 3713 2466 3755 omnes
2490 3697 2792 3766 iniquitates
2817 3693 3018 3762 absque
3062 3687 3224 3744 modo
3246 3682 3580 3740 commisisse
3599 3697 3612 3732 :
3632 3677 3750 3732 ideo

2157 3794 2377 3861 subdit,
2413 3792 2480 3846 Et
2521 3792 2727 3860 impleta
2757 3799 2863 3844 erat
2903 3796 3037 3840 terra
3078 3779 3347 3852 injustitia.
3378 3774 3494 3830 Non
3539 3772 3745 3830 obiter.

2157 3886 2332 3959 neque
2355 3885 2644 3957 vulgariter
2671 3881 2885 3938 malitia:
2911 3876 3216 3940 studebant,
3246 3871 3340 3928 sed
3370 3877 3582 3940 peccata
3607 3880 3748 3935 quai-

2156 3955 2262 4051 que
2293 3955 2517 4035 ferventi
2558 3972 2905 4030 contentione
2934 3968 3182 4040 agebant.
3224 3964 3292 4018 Et
3332 3961 3454 4017 vide
3483 3955 3747 4028 quomodo

2159 4047 2280 4129 illos
2331 4080 2513 4142 postea
2547 4084 2614 4124 ne
2642 4067 2785 4122 tenui
2807 4063 3021 4136 quidem
3052 4057 3314 4116 memoria
3361 4055 3627 4124 dignatur,
3655 4047 3747 4102 sed

2158 4166 2378 4223 nomine
2430 4173 2589 4219 terrze
2645 4168 2822 4227 vocat,
2850 4156 3009 4211 simul
3051 4153 3292 4208 indicans
3319 4158 3373 4203 et
3413 4154 3745 4217 peccalonttn

2157 4259 2470 4332 gravitatem
2501 4262 2555 4309 et
2587 4253 2678 4306 Dei
2705 4248 3144 4319 indignationem.
3174 4242 3428 4309 Corrupto
3452 4247 3558 4290 erat
3587 4242 3745 4286 autem

2157 4363 2311 4419 terra,
2345 4349 2532 4419 inquit,
2556 4361 2726 4400 coram
2759 4341 2886 4407 Deo,
2911 4338 3014 4393 hoc
3052 4347 3151 4400 ρει,
3182 4347 3337 4390 secus
3365 4345 3523 4400 quam
3552 4339 3744 4398 proice-

2158 4455 2306 4515 ptum
2335 4449 2452 4497 erat
2478 4454 2508 4492 a
2537 4438 2648 4492 Deo
2677 4434 2855 4489 omnia
2904 4429 3184 4490 faciebant,
3221 4422 3466 4480 mandata
3494 4420 3588 4475 Dei
3625 4432 3749 4472 cou-

2161 4508 2455 4597 culcantes.
2484 4542 2538 4588 ct
2565 4531 2875 4601 magistrum
2905 4533 3106 4579 natura:
3135 4520 3381 4574 humana:
3409 4513 3624 4568 insitum
3673 4508 3749 4581 (a)

2167 4651 2261 4706 per
2284 4628 2546 4687 desidiam
2577 4590 2902 4679 amittentes.
2932 4616 3000 4672 Et
3025 4613 3230 4683 impleta
3254 4617 3360 4664 erat
3385 4618 3541 4668 terra,
3562 4602 3747 4672 inquit,
3826 4590 3840 4600 ”

2157 4699 2422 4794 iniustitia.
2433 4714 2860 4779 \’idisti,dilecte,
2875 4716 3130 4780 quantum
3152 4702 3348 4760 malum
3363 4699 3432 4753 sit
3451 4703 3748 4767 peccatum,

2157 4814 2429 4891 quomodo
2471 4811 2520 4865 id
2567 4807 2779 4870 efﬁciat,
2814 4813 2871 4858 ut
2899 4800 3143 4856 homines
3187 4809 3285 4849 suo
3327 4791 3548 4846 nomine
3577 4785 3751 4842 vocari

2160 4875 2266 4965 non
2298 4909 2407 4962 sint
2430 4900 2624 4972 digni?
2653 4896 2787 4952 Audi
2827 4906 3014 4948 rursus
3040 4902 3159 4959 qua:
3203 4891 3537 4972 sequuntur
3571 4876 3655 4932 19..
3689 4875 3752 4926 Et

2159 5003 2283 5058 vidit
2315 4969 2563 5052 Dominus
2586 4991 2724 5046 Deus
2751 4998 2957 5047 terrain,
2982 4991 3027 5037 et
3061 4989 3168 5034 erat
3207 4985 3466 5045 corrupta.
3489 4970 3625 5025 Vide
3653 4969 3750 5022 ite-

2160 5109 2279 5148 rum
2326 5086 2595 5161 quomodo
2644 5096 2741 5139 eos
2788 5090 2984 5134 terram
3029 5081 3202 5127 vocet.
3252 5071 3318 5124 Et
3360 5076 3588 5137 postea,
3636 5075 3752 5117 cum

2164 5185 2328 5242 semel
2364 5190 2523 5252 atque
2553 5181 2746 5232 iterum
2772 5181 2827 5228 et
2854 5170 3011 5226 tertio
3037 5165 3332 5222 nominavit
3361 5172 3580 5224 terram,
3610 5165 3667 5211 ut
3691 5170 3758 5209 ne

2166 5280 2283 5349 quis
2312 5277 2382 5332 de
2408 5251 2546 5329 terra
2574 5267 2811 5325 sensibili
2837 5279 2959 5319 eum
2984 5260 3182 5318 dixisse
3208 5257 3525 5327 suspicetur,
3556 5251 3757 5320 inquit:

2173 5372 2306 5437 Quia
2331 5373 2622 5434 corruperat
2666 5359 2828 5416 omnis
2865 5372 2984 5410 coro
3022 5353 3152 5408 viam
3190 5367 3333 5405 suam
3362 5363 3515 5417 super
3555 5355 3756 5398 terram.

2170 5431 2351 5532 lioque
2389 5431 2531 5512 nunc
2571 5451 2802 5508 hominis
2830 5445 3185 5520 appellatione
3229 5456 3325 5496 eos
3369 5439 3633 5507 dignatur,
3665 5431 3757 5487 sed

2166 5522 2380 5606 carnem
2406 5554 2559 5601 vocat
2591 5563 2604 5599 :
2633 5558 2739 5613 quo
2761 5556 2859 5596 nos
2882 5539 3078 5594 docere
3103 5533 3290 5596 voluit,
3318 5546 3379 5586 se
3408 5545 3512 5583 non
3533 5529 3600 5582 de
3627 5538 3766 5582 terra
3798 5522 3816 5580 ἱ

2170 5645 2283 5700 haec
2309 5641 2510 5705 dicere,
2534 5636 2629 5692 sed
2670 5635 2739 5690 de
2779 5631 3085 5688 hominibus
3108 5639 3270 5682 carne
3294 5623 3524 5684 amicus,
3555 5629 3609 5673 et
3651 5628 3760 5669 ter-

2168 5735 2430 5793 restrtbus
2455 5729 2684 5802 negotiis
2704 5741 2823 5783 sese
2847 5733 2988 5781 totos
3011 5716 3460 5791 impendentibus.
3493 5717 3603 5766 Mos
3621 5709 3758 5763 enim

2236 5922 2310 5982 (a)
2342 5914 2693 5969 Comeientiam
2713 5911 2783 5963 sic
2807 5909 3069 5972 eleganter
3089 5905 3318 5968 designat
3343 5898 3733 5958 Chrysostous.
