4078 6424
378 412 485 467 εον

380 528 477 598 τῆς
506 529 776 600 ὑμετέρας
796 532 1037 602 ἀγάπης,
1063 532 1187 597 τοὺς
1212 537 1473 605 σαρκικδν
1500 537 1755 607 φρόνημα
1781 534 2050 597 ἐπιδειξα-

1195 417 1253 472 S.
1292 417 1576 474 JOANNIS
1606 411 2098 474 CIIRYSOSTOMI
2136 409 2456 467 ARCHIEP.
2506 411 3054 468 CONSTANTINOP.

3723 418 3839 474 ειη

2155 529 2300 591 εἰκὸς
2334 528 2480 600 ἔχειν
2516 531 2696 601 ψυχὴν
2740 532 2833 584 τὸν
2869 532 3075 585 δίκαιον
3110 531 3299 586 τοῦτον
3338 533 3511 585 ταῦτα
3558 535 3844 589 ἀκούοντα

384 615 597 684 μένους,
623 621 715 671 καὶ
744 620 911 689 μηδὲν
940 620 1142 693 ὑψηλὸν
1170 624 1608 692 φανταζομένους
1629 625 1705 694 τῷ
1726 625 1824 695 τῆς
1850 622 2053 693 σαρκὸς
2154 617 2302 687 παρά
2330 617 2426 670 τοῦ
2453 620 2741 672 AaM-36:00.
2772 620 2835 671 Ei
2869 621 2979 690 γάρ
3020 620 3114 673 καὶ
3168 620 3368 691 πολλὴν
3401 622 3600 694 ἀρετὴν
3646 624 3846 694 ἐαυτῷ

378 703 603 773 ὀνόματι
632 709 1081 779 προσαγορεύειν,
1104 709 1357 781 καθάπερ
1378 712 1472 763 καὶ
1493 714 1519 764 ό
1542 712 1811 781 μακάριος
1838 708 2052 767 Παῦλός
2154 703 2388 774 συνῄδειν
2415 705 2527 758 ἀλλ’
2556 707 2704 776 ὅμως
2727 708 2828 759 οὐκ
2854 707 3170 778 ἀναλγήτως
3196 709 3408 779 ἐδέχετο
3435 711 3502 764 τὰ
3534 711 3840 783 λεγόμενα.

378 804 562 859 φησιν’
591 794 656 844 Οί
684 791 753 845 δὲ
771 795 842 847 ἐν
862 796 1043 863 σαρκὶ
1070 796 1241 863 ὄντες
1266 797 1386 862 Θεῷ
1409 797 1619 864 ἀρέσαι
1644 800 1716 850 οὐ
1738 797 2046 850 δύνανται.

380 877 444 929 Τί
474 872 600 945 οῦν;
637 880 799 944 αὐτὸς
838 884 868 935 ό
896 884 1069 937 ταῦτα
1114 884 1287 953 λέγων
1317 886 1437 955 οὐχὶ
1478 886 1654 956 σάρκα
1701 885 2045 956 περιέκειτο;

390 963 527 1017 Ἀλλ’
553 968 615 1019 οὐ
645 967 804 1021 τοῦτό
831 987 1016 1038 φησιν,
1047 971 1128 1023 ὅτι
1153 972 1201 1024 οἱ
1236 971 1411 1041 σάρκα
1443 972 1835 1042 περικείμενοι,
1864 973 1927 1023 οὐ
1957 970 2046 1023 δύ-

377 1068 561 1106 νανται
608 1054 802 1121 ἀρέσαι
837 1051 982 1110 οῦτοι
1028 1057 1106 1127 τῷ
1149 1058 1289 1127 Θεῷ,
1337 1059 1452 1110 ἀλλ’
1482 1060 1564 1112 ὄτι
1612 1060 1662 1112 οἱ
1711 1059 1912 1129 μηδένα
1947 1058 2047 1129 τῆς

376 1138 577 1211 ἀρετῆς
604 1140 762 1211 λόγον
794 1145 1121 1214 ποιούμενοι,
1161 1145 1296 1196 άλλά
1323 1145 1503 1199 πάντα
1534 1145 1602 1199 τά
1647 1146 1884 1218 σαρκικὰ
1912 1163 2046 1216 φρο-

379 1226 614 1291 νοῦντες,
655 1229 748 1282 καὶ
795 1231 925 1300 περὶ
955 1231 1053 1294 τάς
1096 1229 1297 1301 ταύτης
1356 1232 1551 1301 ήδονάς
1600 1231 2043 1302 κατασπώμενοι,

379 1316 474 1366 καὶ
534 1316 802 1387 μηδεμίαν
849 1317 948 1388 τῆς
985 1318 1162 1388 ψυχῆς
1206 1318 1309 1388 τῆς
1362 1320 1658 1389 ἀσωμάτου
1712 1319 1806 1372 καὶ
1854 1321 2047 1390 νοερᾶς

378 1401 632 1470 φροντίδα
665 1403 994 1474 ποιούμενοι.
1039 1404 1193 1458 Ἐπεὶ
1226 1401 1319 1459 οῦν
1347 1405 1439 1460 διὰ
1469 1406 1578 1459 τῶν
1606 1407 1910 1477 εἰρημένων
1940 1406 2043 1459 ἐδί-

372 1486 529 1553 δαξεν
556 1490 701 1559 ήμᾶς
730 1491 760 1560 ή
791 1490 913 1545 θεία
940 1492 1131 1563 Γραφὴ
1158 1492 1269 1545 τῶν
1296 1493 1709 1564 ἁμαρτημάτων
1733 1493 1795 1545 τὸ
1820 1492 2042 1563 πλῆθος,

372 1574 470 1643 τῆς
505 1576 704 1639 κακίας
726 1578 826 1648 τὴν
848 1578 1176 1650 ὑπερϐολὴν,
1206 1581 1306 1650 τῆς
1333 1582 1759 1651 ἀγανακτήσεως
1791 1578 1884 1633 τοῦ
1909 1579 2044 1633 Θεοῦ

374 1661 434 1712 τὸ
463 1660 710 1730 μέγεθος,
730 1665 823 1718 καὶ
845 1666 927 1719 ὅτι
950 1666 1038 1719 διὰ
1059 1667 1159 1737 τὴν
1182 1667 1289 1720 τῶν
1311 1668 1638 1737 παρανόμων
1655 1668 1832 1738 ἔργων
1856 1670 2046 1737 ὲπιτήε·

371 1748 552 1819 δευσιν
585 1752 678 1803 καὶ
714 1751 859 1819 ἅπαξ
903 1752 997 1807 καὶ
1050 1754 1300 1824 δεύτερον
1359 1756 1450 1807 καὶ
1492 1755 1673 1823 τρίτον
1705 1756 1810 1824 γῆν
1846 1755 2044 1818 αὐτοὺς

372 1835 654 1907 ὠνόμασε,
697 1840 790 1893 καὶ
821 1839 898 1911 τῷ
930 1842 1027 1911 τῆς
1062 1843 1263 1913 σαρκὸς
1293 1843 1518 1913 ὀνόματι
1565 1843 2003 1913 προσηγόρευσεν
2024 1883 2038 1904 ,

372 1924 794 1995 ἀποστερήσασα
813 1928 907 1979 τοῦ
934 1928 1031 1997 τῆς
1056 1930 1239 1999 κοινῆς
1269 1929 1481 1997 φύσεως
1509 1930 1792 1997 ὀνόματος,
1821 1930 1909 1983 διὰ
1931 1930 2040 1982 τῶν

372 2011 727 2080 ἐπαγομένων
771 2014 872 2083 τὴν
914 2016 1118 2084 ἄφατον
1162 2018 1292 2085 ἡμῖν
1332 2016 1425 2069 τοῦ
1460 2016 1595 2069 Θεοῦ
1632 2016 2041 2087 φιλανθρωπίαν

373 2097 727 2165 ἐνδείκνυται,
752 2102 846 2154 καὶ
874 2104 974 2173 τῆς
1002 2106 1459 2170 συγκαταϐάσεως
1487 2104 1585 2173 τὴν
1616 2104 1941 2174 ὑπερϐολήν.
1976 2105 2040 2155 Τί

370 2185 481 2255 γάρ
511 2203 679 2255 φησι;
711 2190 818 2242 Καὶ
852 2185 1021 2242 εἶπεν
1054 2192 1085 2243 ό
1117 2190 1260 2256 Θεὸς
1290 2192 1441 2259 πρὸς
1469 2191 1616 2245 Νῶε.

440 2280 508 2341 γ’.
540 2273 691 2347 [220]
720 2277 861 2347 Ὅρα
897 2276 1233 2349 ἀγαθότητος
1260 2278 1583 2349 ὑπερϐολήν.
1631 2280 1897 2349 Καθάπερ
1935 2280 2039 2347 γὰρ

371 2361 523 2429 φίλος
554 2362 721 2430 φίλῳ,
752 2363 894 2416 οὕτω
920 2363 1108 2417 λοιπὸν
1139 2365 1410 2419 κοινοῦται
1445 2366 1523 2437 τῷ
1553 2366 1745 2436 δικαίῳ
1783 2384 1844 2418 πε
1857 2368 1908 2436 ρὶ
1942 2367 2041 2436 τῆς

370 2449 738 2521 τιμωρίας,ἥν
749 2451 976 2519 ἐπάγειν
998 2451 1178 2521 μέλλει
1200 2453 1277 2522 τῷ
1294 2452 1400 2505 τῶν
1422 2451 1723 2525 ἀνθρώπων
1746 2453 1923 2521 γένει,
1949 2454 2039 2507 καί

373 2554 505 2607 φησι
527 2555 540 2568 ·
563 2538 779 2605 Καιρός
806 2540 1032 2605 παντὸς
1063 2540 1375 2606 ἀνθρώπου
1412 2539 1537 2606 ἥκει
1566 2540 1844 2592 ἐναντίοι·
1869 2540 2038 2607 ἐμοῦ,

370 2625 460 2677 ι”τι
489 2624 767 2695 ἐπλήσθη
802 2628 838 2694 ἠ
868 2626 941 2696 γῆ
975 2627 1209 2693 ἀδικίας
1237 2629 1340 2681 ἀπ’
1372 2626 1588 2681 αὐτῶν.
1622 2627 1734 2680 Καὶ
1764 2627 1893 2681 ἰδοὺ
1926 2628 2041 2697 ἐγὼ

370 2717 741 2785 καταφθείρω
782 2718 1006 2782 αὐτοὺς
1052 2718 1148 2769 καὶ
1192 2718 1306 2784 τὴν
1350 2716 1485 2785 γῆν.
1535 2717 1598 2770 Τί
1638 2720 1783 2781 ἐστι,
1826 2719 2040 2786 Καιρὸς

370 2799 597 2866 παντὸς
632 2800 946 2870 ἀνθρώπου
980 2801 1113 2868 ἣκει
1141 2802 1421 2855 ἐναντίον
1454 2799 1631 2870 ἑμοῦ;
1670 2800 1900 2871 Πολλὴν,
1939 2819 2041 2872 φη-

372 2886 476 2949 σὶν,
498 2886 858 2959 ἐπεδειξάμην
883 2888 982 2960 τὴν
1011 2889 1413 2961 μακροθυμίαν,
1436 2889 1637 2961 πολλὴν
1662 2888 1759 2961 τὴν
1787 2889 2033 2955 ἀνεξικα-

371 2975 515 3039 κίαν,
549 2976 609 3028 οὐ
642 2975 963 3047 βουλόμενος
1001 2977 1206 3048 ταύτην
1235 2978 1463 3044 ἐπάγειν
1509 2977 1609 3048 τὴν
1641 2977 1932 3048 τιμωρίαν,
1972 2978 2040 3049 ἦν

369 3064 596 3132 ἐπάγειν
640 3064 820 3135 μέλλω
836 3082 851 3096 ο
898 3065 1013 3119 ἀλλ’
1055 3065 1241 3137 ἐπειδὴ
1287 3064 1454 3135 πολλὴ
1489 3065 1597 3117 τῶν
1633 3066 2039 3136 ἡμαρτημένων

369 3151 553 3215 αὐτοῖς
578 3153 612 3223 ή
644 3152 917 3225 ὑπερϐολὴ
945 3155 1025 3218 είς
1052 3154 1213 3206 αὐτὸν
1241 3154 1449 3223 ἤγαγεν
1479 3154 1676 3217 αὐτοὺς
1706 3154 1797 3206 τὸν
1827 3153 2036 3225 καιρὸν,

369 3240 466 3293 καὶ
499 3241 649 3307 τέλος
694 3242 777 3296 δεῖ
812 3242 995 3297 λοιπὸν
1033 3242 1373 3312 ἐπιτεθῆναι,
1408 3243 1502 3295 καὶ
1530 3243 1831 3312 ἐκκοπῆναι
1860 3243 2040 3297 αὐτῶν

367 3330 468 3402 τὴν
494 3331 713 3395 κακίαν,
737 3331 878 3385 ὥστε
910 3333 985 3403 μὴ
1016 3333 1327 3403 περαιτέρω
1353 3330 1640 3402 προϐῆναι·
1666 3331 1881 3400 Κιιιρὸς
1907 3332 2036 3403 γὰρ,

371 3419 537 3490 φησὶ,
569 3420 797 3486 παντὸς
828 3419 1142 3489 ἀνθρώπου
1190 3420 1319 3488 ἤχει
1362 3420 1643 3473 ἐναντίον
1684 3418 1849 3488 ἐμοῦ.
1898 3421 2039 3491 Ὅρα

369 3508 462 3559 καὶ
494 3508 757 3567 ἐνταῦθα,
806 3509 923 3572 πῶς
955 3510 1207 3581 καθάπερ
1249 3509 1507 3580 ἀνωτέρω
1547 3508 1736 3576 ἔλεγε,
1778 3505 1905 3572 Πᾶς
1948 3496 2040 3573 τις

370 3594 689 3649 διανοεῖται
709 3637 725 3659 ,
751 3596 895 3650 οὕτω
920 3599 1015 3650 καὶ
1041 3597 1135 3651 νῦν
1152 3637 1166 3658 ,
1192 3596 1427 3660 Παντὸς
1451 3594 1786 3664 ἀνθρώπου.
1833 3595 2041 3660 Πάντες

370 3682 481 3752 γάρ
520 3682 894 3753 συμφωνοῦσι,
933 3684 1070 3754 πρὸς
1108 3683 1209 3755 τὴν
1251 3683 1596 3754 παρανομίαν
1635 3684 2037 3755 ηὐτομόλησαν,

371 3769 526 3840 φησὶ,
557 3769 653 3823 καὶ
679 3770 778 3823 οὐκ
811 3771 958 3824 ἐστιν
986 3771 1164 3841 εὑρεῖν
1193 3772 1250 3823 ἐν
1275 3772 1515 3842 τοσούτῳ
1555 3772 1748 3843 πλήθει
1786 3774 1910 3827 τινὰ
1940 3773 2041 3843 τῆς

369 3856 573 3927 ἀρετῆς
609 3857 768 3926 λόγον
802 3858 1145 3928 ποιούμενον.
1188 3858 1403 3926 Καιρὸς
1443 3858 1573 3930 γὰρ,
1616 3861 1770 3930 φησι.
1812 3860 2041 3927 παντὸς

367 3946 684 4012 ἀνθρώπου
726 3946 855 4015 ἤχει
892 3946 1172 3999 ἐναντίον
1202 3946 1370 4016 ἐμοῦ.
1411 3946 1647 4016 Καιρὸς,
1698 3948 1841 4001 τοῦτ’
1870 3948 2038 4012 ἔστιν,

369 4033 603 4102 ἔφθασεν
635 4037 663 4088 ό
695 4036 905 4100 καιρὸς,
943 4035 1066 4090 καθ’
1097 4036 1155 4089 δν
1191 4036 1272 4090 δεῖ
1296 4036 1396 4108 τὴν
1424 4036 1597 4108 τομήν
1627 4037 1915 4100 ἐπιθεῖναι,
1946 4038 2040 4089 καὶ

370 4122 468 4192 τὴν
491 4121 661 4194 νομὴν
688 4123 783 4176 τοῦ
816 4123 1007 4188 ἕλκους
1031 4124 1294 4194 ἐπισχεῖν.
1326 4123 1541 4192 Καιρὸς
1570 4122 1797 4189 παντὸς
1817 4123 2039 4192 ἀνθρώ-

370 4223 489 4262 που
524 4209 657 4277 ἥκει
686 4209 967 4265 ἐναντίον
1005 4210 1151 4281 ἐμοῦ
1171 4225 1184 4240 ·
1215 4210 1414 4265 ὡσανεὶ
1455 4212 1680 4282 μηδενὸς
1713 4210 2037 4282 ἐφορῶντος,

372 4297 467 4349 καὶ
497 4297 781 4367 μέλλοντος
805 4298 1033 4361 εὐθύνας
1060 4300 1314 4352 ἀπαιτεῖν
1359 4297 1465 4351 τῶν
1494 4300 1675 4361 αὐτοῖς
1718 4298 2039 4370 πεπλημμε-

372 4384 648 4453 λημένων,
678 4383 820 4438 οὕτω
867 4385 1005 4456 πρὸς
1040 4385 1138 4450 τάς
1170 4385 1520 4456 παρανόμους
1551 4386 1777 4457 πράξεις
1815 4387 2041 4450 ἐαυτοὺς

372 4473 665 4538 ἐξέδωκαν,
695 4473 796 4527 οὐκ
824 4474 1127 4538 ἐννοοῦντες
1158 4476 1241 4529 ὅτι
1270 4474 1369 4546 ἐμὲ
1392 4474 1573 4529 λαθεῖν
1605 4477 1701 4546 οὐχ
1723 4472 1835 4529 οἷόν
1862 4495 1922 4530 τε
1948 4478 2040 4532 τὸν

373 4560 474 4630 τὴν
501 4558 760 4613 σύστασιν
783 4561 882 4632 τῆς
908 4562 1053 4631 ζωῆς
1083 4560 1468 4633 χαριζόμενον,
1499 4563 1595 4615 καὶ
1620 4562 1778 4633 σῶμα
1817 4565 1912 4617 καὶ
1939 4564 2041 4635 ψυ-

374 4649 479 4719 χὴν
522 4648 914 4719 χαρισάμενον,
956 4651 1051 4702 καὶ
1093 4649 1364 4703 τοσούτων
1401 4648 1622 4717 ἀγαθῶν
1653 4650 1750 4720 τὴν
1781 4652 2041 4721 χορηγίαν

373 4736 783 4807 παρεσχηκότα.
826 4735 1042 4804 Καιρὸς
1071 4734 1249 4789 τοίνυν
1287 4736 1514 4801 παντὸς
1552 4736 1866 4805 ἀνθρώπου
1912 4737 2041 4804 ἥκει

369 4824 651 4877 ἐναντίον
677 4824 844 4892 ἐμοῦ.
873 4820 1007 4877 Εἶτα
1034 4822 1221 4896 ὥσπερ
1246 4823 1680 4893 ἀπολογούμενος
1715 4823 1793 4893 τῷ
1827 4824 2038 4893 δικαίῳ,

373 4913 467 4965 καὶ
506 4912 722 4976 δεικνὺς
761 4914 843 4966 ὅτι
885 4914 919 4983 ἡ
954 4911 1066 4965 τῶν
1102 4911 1505 4982 ἡμαρτημένων
1545 4912 1728 4975 αὐτοῖς
1766 4911 2039 4982 ὑπερϐολὴ

372 5002 451 5063 εἰς
477 4999 682 5069 ταύτην
720 4999 883 5053 αὐτὸν
920 4998 1230 5052 ἐκκαλεῖται
1261 5000 1361 5069 τὴν
1398 4999 1805 5069 ἀγανάκτησιν,
1855 5001 2038 5069 φησὶν,

372 5088 493 5143 Ὅτι
524 5088 804 5158 ἐπλήσθη
845 5088 884 5156 ἡ
911 5086 986 5156 γῆ
1015 5086 1251 5153 ἀδικίας
1275 5087 1378 5141 ἀπ’
1401 5084 1620 5141 αὐτῶν.
1649 5089 1741 5156 Μὴ
1760 5087 1868 5156 γὰρ
1898 5104 2040 5158 παρ-

377 5175 563 5228 έλιπόν
589 5193 665 5241 τι,
698 5175 852 5246 φησὶ,
887 5174 995 5227 τῶν
1029 5174 1110 5237 εἰς
1157 5172 1355 5228 κακίαν
1400 5174 1810 5238 συντεινόντων;
1841 5174 2039 5226 Τοσοῦ-

371 5277 461 5313 τον
505 5261 850 5326 ἐπεδείξαντο
890 5261 951 5315 τὸ
985 5262 1242 5333 μέγεθος,
1286 5262 1362 5325 ὡς
1400 5261 1496 5314 καὶ
1532 5260 1891 5332 ὐπερϐλύζειν
1931 5261 2039 5315 λοι-

372 5350 473 5401 πὸν
509 5347 609 5417 τὴν
649 5349 849 5403 κακίαν
869 5391 885 5415 ,
918 5350 1013 5403 καὶ
1053 5351 1236 5403 πᾶσαν
1271 5347 1370 5419 τὴν
1406 5347 1512 5416 γῆν
1550 5348 1647 5417 τῆς
1700 5347 1899 5411 κακίας
1940 5351 2039 5418 ἐμ-

374 5434 704 5504 πεπλῆσθαι.
739 5437 840 5489 Διά
876 5453 958 5490 τοι
983 5436 1143 5491 τοῦτο
1175 5436 1270 5490 καὶ
1303 5436 1500 5497 αὐτοὺς
1528 5434 1879 5504 καταφθείρω
1898 5477 1913 5500 ,
1945 5437 2038 5487 καὶ

371 5524 467 5591 τὴν
495 5521 621 5591 γῆν,
647 5523 759 5576 Καὶ
786 5522 940 5589 ἰδοὺ,
962 5525 1146 5592 φησὶν,
1166 5521 1282 5593 ἐγὼ
1301 5521 1668 5589 καταφθείρει)
1687 5519 1910 5585 αὐτοὺς
1938 5519 2037 5573 καί

372 5608 488 5675 τὴν
520 5605 655 5676 γῆν.
702 5607 921 5679 Ἐπειδὴ
961 5609 1114 5661 αὐτοὶ
1143 5608 1503 5679 προλαϐόντες
1540 5605 1630 5658 διὰ
1660 5606 1768 5658 τῶν
1800 5607 2037 5677 παρανό-

371 5711 489 5762 μων
543 5692 796 5762 πράξεων
849 5695 1072 5757 ἑαυτοὺς
1116 5695 1514 5764 κατέφθειραν,
1565 5692 1655 5745 διὰ
1701 5691 1858 5744 τοῦτο
1904 5710 2038 5744 παν-

369 5782 497 5852 τελῆ
552 5781 931 5852 παιωλεθρὶαν
989 5783 1212 5849 ἐπάγω,
1281 5782 1375 5834 καὶ
1437 5779 1743 5849 ἀφανισμὸν
1806 5780 2033 5850 ἐργάζο-

371 5886 491 5934 μαι.
537 5869 630 5921 καὶ
674 5868 875 5931 αὐτῶν,
916 5868 1012 5919 καὶ
1039 5867 1140 5934 τῆς
1183 5868 1308 5936 γῆς,
1340 5868 1426 5919 ἶνα
1464 5866 1745 5935 καθαρμόν
1782 5883 1903 5919 τινα
1938 5867 2031 5919 δυ-

373 5955 511 6023 νηθῇ
557 5954 806 6018 δέξασθαι
876 5955 904 6021 ὴ
954 5952 1045 6020 γῆ,
1085 5954 1180 6005 καὶ
1226 5953 1674 6021 ἁποκαθήρασθαι
1728 5954 1820 6007 το]
1862 5954 2033 6025 ῥύπου

375 6034 480 6088 τῶν
515 6035 779 6090 τοσούτων
808 6033 1241 6105 ἁμαρτημάτων.
1280 6034 1479 6087 Ἑννόει
1516 6050 1606 6102 μοι
1648 6033 1832 6088 λοιπὸν
1880 6037 2034 6089 ποίαν

2149 790 2506 863 Φιλόστοργον
2530 792 2639 864 γάρ
2679 794 2790 848 τῶν
2834 795 3058 849 δικαίων
3090 796 3154 849 τὸ
3198 799 3390 866 γένος,
3427 801 3522 853 καὶ
3556 801 3695 873 ὑπὲρ
3728 804 3847 871 τῆς

2150 879 2261 932 τῶν
2289 880 2466 934 ἄλλων
2494 883 2772 953 σωτηρίας
2806 883 2985 937 πάντα
3022 884 3088 938 ἂν
3110 884 3316 938 ἕλοιντο
3338 886 3573 951 εὐκόλως
3596 889 3848 961 ὑπομεῖ-

2147 984 2255 1021 ναι.
2286 968 2410 1032 Πῶς
2431 969 2613 1023 τοίνυν
2659 971 2806 1035 εἰκὸς
2840 966 2910 1042 ῆν
2943 975 3007 1026 ἐκ
3037 973 3147 1025 τῶν
3169 974 3432 1044 ῥημάτων
3464 975 3668 1031 τούτων
3696 993 3849 1029 συν-

2147 1055 2367 1125 έχεσθαι
2399 1056 2491 1110 τὸν
2530 1057 2835 1128 θαυμάσιον
2857 1060 3047 1114 τοῦτον
3080 1061 3466 1133 ὑπογράφοντα
3500 1064 3597 1135 ήδη
3626 1064 3708 1134 τῷ
3737 1064 3847 1117 λο-

2147 1143 2331 1215 γισμῷ
2352 1145 2451 1215 τὴν
2475 1146 2730 1200 ἁπάντων
2750 1146 3049 1212 ἀπώλειαν,
3074 1149 3169 1202 καὶ
3190 1149 3290 1218 τὴν
3312 1150 3415 1220 τῆς
3439 1151 3662 1216 κτίσεως
3685 1153 3849 1206 άπά-

2150 1250 2248 1302 σης
2287 1233 2530 1305 φθορὰν,
2572 1236 2701 1299 ἴσως
2751 1237 2873 1289 οὐδέ
2924 1237 3055 1307 περὶ
3108 1238 3275 1291 αὐτοῦ
3307 1256 3361 1292 τι
3404 1241 3636 1311 χρηστὸν
3683 1242 3846 1293 ὐπο-

2151 1322 2448 1385 πτεύοντας
2486 1322 2712 1377 Οὐδέπω
2743 1323 2852 1395 γάρ
2873 1319 2941 1394 ἦν
2967 1323 3115 1394 αὐτῷ
3135 1325 3294 1378 τοῦτο
3321 1326 3569 1397 φανερόν.
3595 1325 3695 1379 Ἰν*
3726 1323 3847 1380 οὖν

2152 1408 2227 1479 μὴ
2258 1408 2683 1480 διαταράττηται
2712 1410 2805 1463 τὸν
2834 1410 3112 1482 λογισμὸν,
3146 1412 3283 1466 ἀλλά
3318 1415 3522 1484 μικράν
3559 1430 3680 1468 τινα
3709 1432 3846 1467 πα-

2152 1495 2423 1566 ραμυθίαν
2447 1497 2504 1549 ἐν
2526 1497 2605 1566 τῷ
2632 1498 2861 1568 τοιούτῳ
2892 1498 3115 1568 μεγέθει
3147 1500 3245 1570 τῆς
3277 1500 3516 1570 ἀθυμίας
3547 1504 3695 1570 σχεῖν
3725 1501 3843 1555 δυ-

2146 1584 2284 1656 νηθῇ
2304 1624 2318 1648 ,
2344 1585 2529 1656 ἐπειδὴ
2556 1586 2790 1653 ἐδίδαξεν
2817 1586 2980 1640 αὐτὸν
3006 1590 3103 1657 τῆς
3120 1586 3271 1660 [221]
3298 1588 3494 1651 κακίας
3519 1587 3695 1642 αὐτῶν
3717 1590 3843 1660 τὴν

2148 1672 2453 1744 ὑπερϐολὴν
2473 1713 2491 1737 ,
2532 1675 2626 1727 καὶ
2657 1675 2739 1728 δτι
2771 1675 2962 1747 καιρὸς
2996 1676 3311 1744 κατετείγει
3356 1677 3541 1731 λοιπὸν
3569 1677 3841 1730 ἀπαιτῶν

2148 1761 2370 1830 βαθεῖαν
2407 1763 2605 1827 αὐτοὺς
2644 1763 2900 1828 δέξασθαι
2931 1763 3030 1835 τὴν
3056 1764 3232 1834 τομὴν
3249 1808 3265 1831 ,
3298 1766 3433 1835 φησὶ
3459 1766 3594 1834 πρὸς
3616 1767 3795 1819 αὐτόν
3815 1785 3831 1797 ·

2159 1848 2430 1913 Ἐκείνους
2462 1852 2562 1921 μὲν
2593 1852 2769 1913 κοινὸς
2790 1850 2909 1903 δλεθ
2919 1868 3009 1921 ρος
3035 1851 3329 1915 ἐκδέξεται,
3350 1852 3434 1906 Σὺ
3456 1852 3523 1906 δὲ
3553 1854 3836 1920 ποίησον

2144 1938 2379 2004 σεαυτῷ
2407 1942 2676 1994 κιϐωτόν.
2711 1939 2774 1993 Τί
2812 1942 2950 2004 ἐστι,
2982 1940 3066 1994 Σὺ
3093 1939 3197 2005 θές
3225 1941 3444 2013 Ἐπειδὴ
3466 1943 3562 1995 οὐκ
3593 1942 3831 1995 ἐκοινώ-

2144 2044 2312 2096 νησας
2344 2029 2528 2091 αὐτοῖς
2574 2029 2676 2097 τῆς
2722 2028 2954 2095 κακίας,
2999 2028 3135 2083 ἀλλά
3162 2030 3258 2082 καὶ⁵
3308 2029 3445 2099 μετά
3492 2030 3692 2101 ἀρετῆς
3720 2034 3833 2085 τὸν

2146 2114 2259 2183 βίον
2300 2116 2419 2169 ὅλον
2466 2116 2724 2188 διήνυσας
2743 2154 2759 2179 ,
2793 2116 2881 2169 διά
2930 2116 3088 2170 τοῦτό
3119 2134 3201 2170 σοι
3233 2118 3554 2189 προστάττω
3581 2119 3831 2173 κιϐωτὸν

2145 2206 2571 2259 κατασκευάσαι.
2610 2205 2710 2259 Ἐκ
2770 2204 2974 2268 ξύλων
3021 2206 3440 2274 τετραγώνων,
3499 2208 3826 2272 ἀσήπτων.

2142 2293 2413 2357 Νεσσιὰς
2449 2294 2722 2356 ποιήσεις
2751 2292 2864 2357 τὴν
2910 2293 3154 2346 κιϐωτὸν
3179 2332 3195 2355 ,
3242 2294 3339 2347 καί
3390 2295 3829 2362 ἀσμαλτώσεις

2142 2379 2365 2443 ἔξωθεν
2418 2380 2515 2432 καὶ
2562 2381 2790 2433 ἔσωθεν
2814 2379 3010 2448 αὐτὴν
3036 2380 3113 2448 τῇ
3157 2381 3467 2450 ἀσφάλτῳ.
3509 2384 3705 2436 Ἔστω
3744 2384 3829 2437 δὲ

2143 2467 2499 2535 τριακοσίων
2529 2466 2742 2535 πηχῶν
2796 2466 2859 2521 τὸ
2907 2466 3102 2537 μῆκος
3128 2508 3140 2527 .
3182 2468 3281 2521 καί
3319 2471 3694 2536 πεντήκοντα
3746 2473 3827 2526 τὸ

2142 2554 2372 2619 πλάτος
2393 2595 2407 2618 ,
2444 2554 2543 2608 καὶ
2567 2553 2886 2621 τριάκοντα
2910 2554 2977 2607 τὸ
3007 2556 3183 2623 ὕψος.
3204 2557 3616 2624 Ἐπισυνάγων
3637 2558 3824 2623 aoni-

2142 2657 2272 2709 σεις
2297 2640 2415 2710 τὴν
2441 2641 2709 2705 κιϐωτὸν,
2736 2642 2833 2696 καὶ
2863 2645 2952 2708 είς
2973 2640 3182 2710 πῆχυν
3204 2645 3591 2711 συν-τελέσει(
3614 2645 3826 2711 αὐτὴν

2141 2735 2391 2796 ἄνωθεν,
2417 2732 2534 2800 τὴν
2560 2733 2629 2787 δὲ
2653 2735 2843 2802 θύραν
2870 2733 3146 2801 ποιήσεις
3171 2735 3239 2789 ἐκ
3279 2737 3554 2805 πλαγίων
3578 2775 3592 2799 ,
3631 2738 3828 2791 κατά-

2142 2839 2280 2891 γαια
2317 2820 2577 2891 διώροφα
2620 2822 2717 2875 καὶ
2745 2821 3039 2891 τριώροφα
3066 2822 3339 2891 ποιήσεις
3369 2823 3577 2887 αὐτήν.
3609 2824 3825 2878 Σκόπει

2140 2909 2275 2963 Θεοῦ
2308 2909 2716 2977 συγκατάϐασιν
2743 2910 2839 2963 καὶ
2868 2910 3098 2981 δύναμιν
3122 2911 3349 2980 ἄφατον,
3380 2913 3474 2964 καὶ
3503 2911 3825 2983 φιλανθρω-

2142 3000 2272 3052 πίαν
2295 2999 2473 3054 πάντα
2503 2998 2660 3067 λόγον
2685 3011 2712 3040 ι
2742 2998 3193 3069 ὑπερϐαίνουσαν.
3235 2999 3401 3070 Ὀμοῦ
3432 3000 3525 3055 καὶ
3554 3000 3652 3070 τὴν
3683 3017 3747 3052 πε
3760 3002 3824 3070 ρὶ

2140 3088 2229 3139 τον
2257 3086 2465 3140 δίκαιον
2498 3088 2755 3158 πρόνοιαν
2774 3087 3135 3139 ἐπιδείκνυται
3168 3088 3517 3157 προστάττων
3542 3086 3691 3157 αὐτῷ
3713 3089 3823 3156 τὴν

2142 3174 2376 3228 κιϐωτὸν
2397 3175 2827 3239 κατασκευάσαι,
2851 3175 2945 3228 καὶ
2966 3175 3358 3245 διαταξάμενος
3382 3178 3477 3228 καὶ
3500 3177 3590 3228 τὸν
3611 3176 3823 3247 τρόπον

2139 3265 2238 3334 τῆς
2267 3267 2613 3334 κατασκευῆς
2635 3306 2649 3329 ,
2680 3264 2775 3316 καὶ
2818 3264 2880 3316 τὸ
2906 3263 3106 3327 πλάτος
3130 3304 3145 3328 ,
3177 3264 3272 3318 καὶ
3297 3264 3359 3317 τὸ
3392 3265 3556 3334 ὐψος,
3584 3265 3678 3318 καὶ
3706 3282 3824 3318 παο

2145 3350 2416 3421 ραμυθίαν
2441 3350 2591 3421 αὐτῷ
2615 3350 2899 3422 χαρίζεται
2935 3351 3200 3423 μεγίστην
3223 3392 3237 3412 ,
3268 3351 3491 3414 ἐλπίδας
3515 3350 3662 3421 αὐτῷ
3702 3367 3818 3403 σω-

2139 3440 2335 3510 τηρίας
2364 3438 2698 3509 ὑπογράφων
2721 3439 2809 3492 διὰ
2829 3438 2932 3509 τῆς
2958 3440 3309 3509 κατασκευῆς
3326 3480 3341 3504 ,
3374 3440 3658 3502 κάκείνους
3684 3439 3820 3503 τοὺς

2141 3526 2379 3581 τοσαῦτα
2408 3528 2797 3598 ἡμαρτηκότας
2828 3526 3150 3597 βουλόμενος
3195 3526 3286 3581 διά
3328 3528 3427 3595 τῆς
3468 3528 3818 3594 κατασκευῆς

2140 3618 2242 3687 τῆς
2273 3616 2509 3670 κιϐωτοῦ
2539 3617 2621 3679 είς
2655 3614 2863 3668 ἔννοιαν
2886 3613 3140 3677 ἐλθόντας
3166 3614 3275 3667 τῶν
3297 3615 3482 3678 αὐτοῖς
3511 3613 3817 3684 εἰργασμέ-

2142 3721 2249 3756 νων
2273 3744 2289 3770 ,
2318 3703 2414 3757 καὶ
2445 3703 2732 3773 μετάνοιαν
2779 3701 3222 3772 ἐπιδειξαμένους
3262 3704 3362 3773 τῆς
3387 3702 3814 3772 ἀγανακτήσεως

2140 3791 2239 3860 τὴν
2265 3793 2464 3862 πεῖραν
2497 3789 2573 3860 μὴ
2620 3789 2825 3843 λαϐεῖν.
2862 3789 3001 3845 Οὐδὲ
3039 3789 3148 3862 γάρ
3176 3790 3355 3858 ὀλίγος
3404 3790 3595 3859 χρόνος
3648 3789 3815 3842 πάλιν

2141 3881 2323 3944 αὐτοῖς
2354 3879 2490 3950 πρὸς
2538 3879 2824 3950 μετάνοιαν
2871 3878 3188 3950 παρεσχέθη
3216 3879 3306 3932 διά
3339 3878 3438 3947 τῆς
3466 3878 3813 3946 κατασκευῆς

2141 3969 2240 4039 τῆς
2268 3967 2524 4030 κιϐωτοῦ,
2557 3967 2692 4020 ἀλλά
2721 3968 2814 4021 καὶ
2844 3966 3051 4038 σφόδρα
3076 3966 3260 4029 πολὺς,
3293 3967 3386 4019 καί
3416 3965 3626 4027 ἱκανὸς,
3647 3966 3699 4017 εί
3733 3965 3812 4034 μὴ

2144 4057 2351 4128 σφόδρα
2379 4052 2520 4127 ὴσαν
2562 4055 2876 4125 ἀγνώμονες
2904 4096 2918 4118 ,
2950 4054 3294 4124 καταπτῆξαι
3340 4054 3476 4124 πρὸς
3521 4054 3619 4123 τὴν
3662 4052 3811 4123 διόρι-

2142 4145 2307 4198 θωσιν
2364 4144 2474 4199 τῶν
2512 4144 2909 4214 ἐπταισμένων.
2961 4143 3123 4206 Εἰκὸς
3159 4142 3268 4213 γάρ
3320 4143 3550 4195 ἕκαστον
3607 4140 3808 4202 αὐτῶν,

2140 4233 2352 4303 ὁρῶντα
2389 4233 2482 4285 τὸν
2519 4234 2725 4286 δίκαιον
2751 4232 3165 4300 τεκταινόμενον
3192 4233 3291 4300 τὴν
3319 4230 3569 4291 κιϐωτὸν,
3594 4228 3694 4298 τὴν
3726 4230 3814 4280 αί-

2141 4321 2260 4373 τίαν
2297 4318 2659 4372 πυνθάνεσθαι
2709 4323 2807 4391 τῆς
2846 4321 3192 4389 κατασκευῆς
3216 4358 3231 4382 ,
3265 4313 3384 4370 εἷτα
3430 4316 3662 4387 μαθόντα
3714 4313 3812 4366 τοῦ

2143 4407 2280 4461 Θεοῦ
2310 4407 2410 4478 τὴν
2443 4408 2836 4478 ἀγανάκτησιν,
2867 4407 2949 4470 είς
2977 4406 3231 4476 αἴσθησιν
3258 4406 3431 4458 ἐλθεῖν
3458 4404 3566 4457 τῶν
3596 4401 3813 4455 οἰκείων

2143 4495 2558 4567 ἁμαρτημάτων
2579 4535 2595 4561 ,
2629 4495 2786 4566 εῐπερ
2818 4493 3118 4547 ἐϐούλοντο.
3162 4492 3300 4545 Ἀλλ’
3335 4493 3530 4544 ἐκεῖνοι
3561 4490 3681 4543 οὐδὲ
3719 4492 3811 4541 ἐν-

2142 4583 2330 4637 τεῦθεν
2386 4583 2682 4654 ἐκέρδανάν
2727 4600 2780 4635 τι
2832 4581 3018 4648 πλέον,
3053 4581 3155 4634 οὐκ
3190 4578 3374 4649 ἐπειδὴ
3402 4580 3502 4631 οὐκ
3531 4577 3809 4648 ἠδύναντο,

2142 4670 2257 4724 ἀλλ’
2284 4669 2471 4741 ἐπειδὴ
2503 4670 2605 4723 οὐκ
2633 4669 3033 4740 ὴϐουλήθησαν.

2211 4759 2269 4813 δ’.
2312 4757 2530 4829 Ἐπειδὴ
2553 4758 2731 4810 τοίνυν
2745 4758 2813 4811 τά
2831 4755 3073 4829 περὶτῆς
3094 4754 3436 4821 κατασκευῆς
3463 4753 3557 4818 τῆς
3578 4750 3813 4805 κιϐωτοῦ

2141 4846 2220 4917 τῷ
2250 4846 2445 4916 δικαίῳ
2470 4844 2755 4911 διετάξατο
2773 4885 2788 4909 ,
2821 4841 3095 4897 κοινοῦται
3122 4841 3271 4913 αὐτῷ
3297 4843 3391 4895 καὶ
3413 4841 3510 4911 τῆς
3543 4839 3816 4911 τιμωρίας

2141 4935 2203 4988 τὸ
2222 4929 2382 4999 εἶδος,
2418 4927 2487 5005 ἧς
2512 4931 2748 5003 ῆμελλεν
2775 4931 3024 4999 ἐπάγειν,
3057 4929 3150 4984 καί
3175 4946 3308 4999 φησι
3326 4944 3340 4957 ’
3372 4929 3445 4980 ΣΞ)
3487 4929 3584 4997 μὲν
3606 4926 3814 4996 ταύτην

2143 5022 2556 5077 κατασκεύασον
2602 5020 2745 5074 καθά
2771 5018 3104 5088 διεταξάμην
3127 5057 3141 5079 ,
3170 5016 3282 5084 ἐγὼ
3305 5017 3360 5068 δὲ
3380 5057 3394 5079 ,
3426 5016 3646 5068 ἐπειδὰν
3671 5014 3813 5081 πλη-

2144 5110 2325 5182 ρώσης
2377 5110 2476 5179 τὴν
2512 5107 2856 5176 κατασκευὴν
2886 5147 2900 5165 ,
2943 5108 3038 5157 καὶ
3068 5103 3137 5157 τά
3167 5105 3307 5157 κατά
3355 5102 3412 5155 σέ
3457 5103 3516 5154 ἐν
3546 5102 3815 5172 ἀσφαλείᾳ

2142 5200 2491 5270 καταστήσω.
2538 5196 2679 5265 Ἐγὼ
2705 5195 2774 5248 δὲ
2810 5194 2939 5247 ἰδοὺ
2981 5193 3181 5261 ἐπάγω
3214 5192 3319 5244 τὲν
3353 5188 3809 5260 κατακλυσμὸν,

2140 5286 2297 5354 ὕδωρ
2323 5286 2420 5338 ἐπὶ
2470 5285 2585 5351 τὴν
2615 5282 2734 5351 γῆν
2762 5323 2775 5345 ,
2808 5282 3193 5350 καταφθεῖραι
3223 5278 3432 5333 πᾶσαν
3477 5277 3672 5345 σάρκα
3696 5319 3711 5341 ,
3740 5278 3814 5331 ἐν

2139 5369 2179 5445 ᾖ
2206 5376 2337 5427 ἐστι
2362 5372 2595 5441 πνεῦμα
2626 5370 2777 5438 ζωῆς
2808 5368 3088 5425 ὑποκάτω
3112 5369 3219 5422 τοῦ
3253 5366 3536 5434 οὐρανοῦ,
3563 5366 3661 5419 καί
3691 5364 3815 5419 ὅσα

2140 5460 2217 5512 ἂν
2241 5455 2284 5530 ᾖ
2306 5460 2404 5512 ἐπὶ
2432 5458 2541 5525 τῆς
2581 5457 2694 5525 ⁴γῆς
2732 5457 3100 5523 τελευτήσει.
3128 5457 3271 5525 Ὅρα
3309 5454 3426 5516 πῶς
3474 5452 3565 5505 καὶ
3595 5449 3682 5504 διὰ
3711 5450 3815 5518 τῆς

2139 5546 2370 5614 ἀπειλῆς
2397 5546 2635 5599 δείκνυσι
2681 5543 2787 5597 τῶν
2814 5544 3223 5615 ἡμαρτημένων
3250 5542 3435 5605 αὐτοῖς
3470 5541 3533 5593 τὸ
3558 5538 3811 5611 μέγεθος,

2141 5636 2232 5689 καί
2268 5650 2437 5704 φησι·
2474 5632 2578 5685 Καὶ
2602 5634 2700 5702 τὴν
2732 5631 2901 5702 αὐτὴν
2928 5630 3200 5701 τιμωρίαν
3230 5628 3415 5692 ἐπάξω
3443 5628 3539 5683 καὶ
3581 5629 3692 5689 τοῖς
3718 5626 3815 5678 λο-

2136 5726 2314 5793 γικοῖς
2335 5762 2349 5783 .
2380 5724 2473 5775 καὶ
2506 5724 2618 5783 τοῖς
2647 5720 2881 5787 ἀλόγοις.
2927 5717 3147 5788 Ἐπειδὴ
3189 5716 3298 5787 γὰρ
3331 5718 3432 5787 τὴν
3466 5714 3646 5770 αὐτῶν
3675 5729 3815 5784 προ-

2137 5810 2319 5879 εδρίαν
2337 5808 2727 5879 προδεδώκασι,
2752 5809 2847 5861 καὶ
2868 5807 3005 5876 πρὸς
3028 5806 3126 5876 τὴν
3153 5806 3261 5858 τῶν
3284 5804 3494 5871 ἀλόγων
3512 5803 3813 5873 μετέπεσον

2142 5896 2355 5959 κακίαν,
2385 5896 2639 5964 οὐδεμίαν
2664 5894 2927 5964 διαφορὰν
2950 5892 3061 5959 ἕξει
3092 5895 3124 5963 ἡ
3158 5892 3415 5963 τιμωρία.
3449 5890 3679 5958 Ἑπάγω
3702 5887 3811 5957 γὰρ

2204 6062 2219 6085 ⁸
2242 6064 2322 6111 Sic
2346 6062 2493 6112 Sani].
2524 6067 2573 6110 el
2604 6062 2799 6123 quidam
2820 6074 2934 6111 mss.
2972 6059 3144 6111 Morel.
3182 6066 3233 6111 el
3258 6060 3342 6109 alii
3362 6058 3515 6107 πάντα
3536 6055 3661 6105 γοῦν.
