4078 6406
320 410 426 467 ῗθθ

322 524 611 594 Scriptura:
654 528 754 583 est,
787 523 844 571 ut
884 528 1026 585 smpc
1054 511 1259 569 caritati
1294 518 1483 563 vestrae
1509 506 1639 569 dixi,
1679 504 1911 560 carnalia

321 616 616 685 sapientes,
645 621 700 666 et
730 609 859 663 nihil
900 607 1125 663 sublime
1150 604 1465 674 cogitantes,
1494 600 1670 654 carnis
1700 596 1914 651 nomine

321 705 615 777 appellare,
648 703 785 757 sicut
828 708 885 754 et
925 699 1112 753 beatus
1136 694 1333 751 Paulus
1374 690 1542 761 inquit
1573 706 1595 744 ιν
1626 688 1726 756 Qui
1748 698 1912 741 autem

321 800 378 853 in
419 813 571 852 carne
596 803 731 857 sunt,
767 792 873 846 Deo
916 791 1113 861 placere
1158 803 1259 840 non
1303 792 1511 855 possunt
1550 781 1722 850 (Rom.
1751 779 1803 835 8.
1833 777 1911 851 8).

321 889 463 957 Quid
491 886 686 958 igitur?
724 901 829 938 non
855 883 949 937 fuit
977 882 1028 935 in
1058 895 1217 935 carne
1240 887 1295 932 et
1327 878 1369 930 is
1394 876 1483 946 qni
1527 876 1643 929 lucc
1665 872 1915 931 dicebat?

323 981 440 1037 Non
472 981 574 1035 hoc
618 977 773 1041 dixit,
803 974 945 1046 quod
989 972 1078 1043 qui
1123 983 1288 1026 carne
1327 966 1639 1024 circumdati
1676 965 1782 1019 sint
1807 962 1918 1017 Deo

324 1074 536 1145 placere
580 1085 686 1125 non
715 1068 942 1140 possint,
987 1065 1080 1120 sed
1110 1063 1179 1118 de
1222 1062 1287 1116 iis
1318 1060 1551 1130 loquitur
1597 1057 1690 1128 qui
1718 1054 1917 1111 nullam

321 1165 535 1223 virtutis
561 1163 821 1218 rationem
854 1158 1074 1222 habent,
1106 1164 1163 1211 et
1193 1152 1324 1207 nihil
1346 1152 1447 1207 nisi
1472 1149 1684 1206 carnale
1709 1148 1921 1219 sapien-

324 1269 437 1321 tes,
468 1253 644 1310 carnis
702 1252 1000 1320 voluptates
1045 1254 1337 1311 sectantur,
1383 1243 1685 1311 nullamque
1729 1238 1920 1294 animae

326 1351 659 1417 incorporea:
687 1353 743 1398 et
787 1340 1075 1412 spiritualis
1115 1352 1298 1393 curam
1338 1344 1547 1407 gerunt.
1587 1332 1770 1403 Itaque
1797 1330 1918 1401 quia

326 1438 489 1493 dictis
530 1437 646 1492 istis
686 1435 862 1489 dii-ina
906 1432 1178 1501 Scriptura
1219 1427 1397 1484 docuit
1437 1440 1536 1481 nos
1582 1433 1919 1494 peccatorum

328 1529 745 1594 multitudinem,
774 1526 990 1580 malitia:
1011 1536 1313 1582 excessum.
1333 1515 1710 1587 indignationis
1729 1513 1921 1569 divina:

329 1621 775 1694 magnitudinem,
804 1629 859 1672 et
883 1615 1023 1687 quod
1050 1614 1120 1669 ob
1148 1612 1381 1667 studium
1413 1609 1672 1665 malorum
1700 1622 1920 1677 operum

328 1715 687 1783 scmelatqne
718 1712 907 1765 iterum
953 1722 1016 1762 ac
1064 1706 1223 1762 tertio
1274 1715 1469 1759 terram
1522 1716 1615 1756 eos
1658 1700 1749 1771 qui
1799 1707 1925 1753 tunc

332 1805 584 1861 vivebant
631 1800 1016 1865 nominaverit,
1070 1796 1353 1865 carnisque
1393 1792 1611 1847 nomine
1659 1790 1925 1845 vocaverit

327 1896 588 1969 spoliatos
634 1891 934 1948 communis
976 1900 1181 1943 natura:
1224 1868 1520 1958 vocabulo:
1556 1897 1695 1937 nunc
1726 1897 1820 1949 per
1861 1895 1924 1935 ea

327 2004 455 2061 qua:
480 1987 680 2052 subdit,
713 1983 1032 2039 ineﬂabilcm
1084 1981 1174 2036 Dei
1203 1976 1643 2040 misericordiam,
1672 1984 1726 2030 et
1756 1973 1928 2027 indul-

328 2080 529 2151 gentia:
555 2078 669 2148 ejus
698 2073 1114 2146 magnitudinem
1145 2068 1379 2124 ostendit
1403 2066 1575 2123 nobis.
1604 2064 1739 2132 Quid
1783 2063 1925 2119 enim

330 2172 455 2228 ait?
486 2169 552 2224 Et
579 2169 706 2223 dixit
735 2166 977 2221 Dominus
1004 2164 1072 2217 ad
1120 2162 1248 2216 Noe.

412 2265 465 2319 5.
498 2261 628 2316 Vide
653 2273 913 2313 summam
944 2255 1256 2311 bonitatem.
1300 2249 1570 2322 Siquidem
1595 2251 1738 2319 justo
1765 2246 1887 2303 huic
1912 2288 1926 2312 ,

331 2358 479 2411 sicut
507 2351 711 2407 amicus
738 2348 931 2411 amico,
973 2344 1330 2401 communicat
1356 2357 1474 2397 eam
1516 2354 1728 2411 pinnam
1771 2351 1928 2408 quam

333 2447 575 2501 humano
599 2440 782 2513 generi
808 2448 889 2493 est
913 2439 1287 2501 intentatnrus,
1317 2441 1373 2489 et
1398 2433 1563 2487 dicit:
1595 2431 1681 2486 15.
1712 2428 1932 2500 Tempus

338 2536 509 2592 oninis
534 2533 751 2587 hominis
781 2530 911 2585 venit
946 2544 1117 2582 coram
1155 2542 1252 2580 mc.
1285 2525 1418 2592 Quia
1443 2524 1650 2593 impleta
1691 2530 1761 2577 est
1802 2530 1935 2576 terra

335 2627 592 2699 injustitia
630 2642 693 2679 ea:
716 2624 838 2678 illis.
874 2622 940 2676 Et
983 2637 1095 2675 erce
1121 2636 1210 2691 ego
1235 2617 1477 2687 disperde
1501 2617 1616 2672 illos
1655 2626 1699 2670 et
1726 2625 1929 2669 terram.

335 2718 483 2787 Quid
509 2726 591 2772 est
613 2758 628 2781 ,
656 2715 877 2785 Tempus
902 2713 1066 2768 onmis
1087 2710 1304 2765 hominis
1330 2709 1459 2764 venit
1485 2724 1656 2762 coram
1681 2708 1802 2761 me?
1830 2705 1936 2760 Ma-

336 2828 527 2883 gnam,
563 2809 753 2879 inquit,
793 2806 999 2863 ostendi
1052 2804 1379 2874 patientiam,
1414 2816 1657 2872 magnam
1705 2800 1936 2855 toleran-

339 2908 495 2970 tiam,
549 2902 736 2956 uolens
784 2900 923 2954 hanc
970 2896 1169 2952 inferre
1216 2910 1448 2965 poenam,
1494 2909 1650 2964 quam
1696 2892 1939 2947 illaturus

339 3011 469 3053 sum
501 3013 512 3048 :
545 2993 639 3048 sed
667 2991 790 3062 quia
824 2988 1106 3044 immodica
1139 2996 1477 3058 poet-almum
1522 2987 1729 3040 illorum
1762 2984 1942 3040 multi-

342 3086 480 3143 tudo
505 3086 558 3139 in
587 3084 688 3138 hoc
734 3091 942 3151 tempus
969 3095 1065 3135 eos
1092 3078 1333 3144 adduxit,
1384 3078 1541 3131 linem
1572 3076 1636 3131 iis
1666 3077 1941 3146 imponere

338 3186 594 3248 oportet,
644 3172 988 3242 exscindique
1024 3170 1239 3225 illorum
1290 3168 1569 3235 malitiam,
1608 3182 1676 3223 ne
1717 3166 1942 3222 ulterius

342 3262 1011 3342 progrediaturzTempus
1059 3261 1245 3325 enim,
1294 3260 1484 3329 inquit,
1527 3258 1690 3313 omnis
1730 3258 1944 3312 hominis

346 3363 489 3418 venit
509 3376 679 3415 coram
720 3372 797 3411 me
837 3353 987 3428 (Gen.
1014 3352 1071 3409 6.
1116 3350 1192 3425 5).
1222 3351 1357 3407 Vide
1385 3359 1439 3405 et
1463 3349 1570 3417 hic,
1596 3348 1864 3420 quomodo
1891 3356 1945 3403 ut

344 3452 603 3523 superius
645 3449 874 3514 dicebat,
907 3444 1260 3515 Unusquisque
1306 3443 1515 3514 cogitat,
1564 3442 1635 3496 ita
1665 3451 1719 3497 et
1763 3455 1904 3495 nunc
1928 3481 1943 3508 ,

350 3544 540 3599 Omnis
560 3541 797 3596 hominis.
823 3539 1021 3594 Omnes
1046 3536 1188 3591 enim
1218 3536 1579 3598 consentiunt,
1604 3533 1671 3589 ad
1695 3533 1947 3604 iniquita-

348 3647 467 3692 tem
493 3633 912 3703 transfugerunt,
942 3628 1130 3700 inquit,
1156 3636 1211 3683 et
1236 3627 1288 3681 in
1316 3635 1455 3681 tanta
1479 3624 1815 3680 multitudine
1843 3639 1947 3678 non

350 3728 585 3787 inveniri
628 3734 803 3796 potest
843 3723 1067 3794 aliquis,
1097 3721 1182 3777 cui
1213 3720 1424 3776 virtutis
1453 3719 1522 3775 sit
1549 3733 1695 3774 cura.
1734 3717 1951 3788 Tempus

352 3825 526 3887 enim,
554 3819 744 3890 inquit,
776 3817 939 3872 omnis
975 3816 1192 3870 hominis
1217 3815 1349 3869 venit
1387 3829 1559 3867 coram
1585 3828 1682 3866 me.
1712 3810 1949 3882 Tempus,

355 3916 467 3970 lioc
487 3922 589 3979 est,
618 3909 833 3966 advenit
858 3918 1065 3978 tempus
1087 3921 1193 3977 quo
1219 3905 1506 3962 secandum
1534 3905 1656 3971 erit,
1685 3912 1740 3958 et
1764 3903 1955 3959 ulceris

355 4006 604 4079 repentis
625 4004 706 4060 vis
729 3999 1137 4072 compescenda.
1157 3997 1375 4068 Tempus
1397 3997 1558 4051 omnis
1586 3996 1802 4050 hominis
1825 3994 1958 4049 venit

358 4115 541 4155 coram
569 4113 648 4151 me
675 4111 692 4150 :
723 4094 872 4166 quasi
901 4105 1060 4147 nemo
1087 4089 1311 4156 videret,
1339 4089 1709 4157 rationemque
1732 4085 1957 4141 delicto-

363 4204 492 4247 rum
520 4188 587 4243 ab
611 4185 742 4256 ipsis
768 4191 1055 4240 exacturus
1081 4188 1246 4248 esset,
1275 4179 1353 4234 sic
1378 4192 1496 4234 sese
1522 4176 1678 4232 malis
1711 4176 1960 4246 operibus

365 4282 781 4352 manciparnnt,
827 4293 932 4333 non
979 4276 1273 4347 cogitantes
1313 4272 1454 4344 quod
1494 4286 1578 4326 me
1620 4270 1751 4326 nihil
1795 4270 1963 4324 latere

367 4382 556 4446 queat,
600 4371 691 4443 qui
715 4371 878 4424 vitam
922 4368 1259 4438 animamque
1301 4372 1355 4419 et
1380 4376 1573 4433 corpus
1600 4361 1743 4425 dedi,
1785 4370 1965 4431 totque

369 4469 515 4524 bona
544 4462 892 4535 suppeditavi.
926 4459 1147 4531 Tempus
1191 4458 1349 4529 igitur
1382 4456 1543 4511 omnis
1585 4454 1801 4509 hominis
1837 4454 1968 4507 venit

373 4574 547 4614 coram
575 4572 671 4610 me.
709 4555 840 4610 Dein
866 4551 1013 4623 quasi
1044 4548 1430 4614 satisfacturus,
1458 4547 1825 4616 rationemque
1850 4545 1971 4600 red-

376 4652 590 4707 diturus
623 4648 790 4718 justo,
832 4642 1101 4716 quomodo
1139 4642 1305 4698 nimia
1353 4647 1690 4710 peccatorum
1717 4636 1973 4710 gravitate

378 4760 447 4800 ac
475 4739 816 4797 multitudine
859 4752 918 4794 se
947 4737 1013 4791 ad
1043 4743 1242 4790 tantam
1268 4734 1683 4801 indignationem
1714 4744 1973 4801 provoca-

382 4838 513 4903 rint,
540 4835 613 4890 ait
644 4851 658 4888 :
693 4832 824 4901 Quia
847 4829 1058 4901 impleta
1082 4838 1153 4884 est
1179 4837 1311 4882 terra
1333 4825 1580 4898 injustitia
1608 4823 1810 4879 catillis.
1840 4823 1975 4878 Num

386 4926 801 5000 prmtermissum
829 4931 911 4978 est
929 4920 1149 4991 aliquid,
1175 4916 1364 4989 inquit,
1388 4916 1455 4970 ali
1478 4918 1573 4978 eis,
1599 4914 1740 4985 quod
1765 4913 1830 4969 ad
1853 4928 1974 4984 pec.

360 5016 366 5021 “
384 5029 563 5076 catum
593 5014 870 5073 tenderet?
890 5013 1112 5068 Tantam
1132 5010 1347 5065 malitiae
1369 5007 1781 5078 magnitudinem
1800 5005 1981 5061 videre

390 5111 539 5177 licet,
566 5118 624 5165 ιιι
647 5117 701 5164 et
725 5104 1068 5176 superefﬂuat
1105 5113 1160 5159 et
1187 5101 1441 5168 exundet,
1473 5110 1742 5169 totamque
1788 5108 1981 5155 terram

392 5201 650 5272 impleat:
674 5205 953 5269 propterea
975 5203 1029 5250 et
1050 5193 1168 5249 illos
1192 5191 1463 5262 disperde,
1489 5199 1545 5245 et
1571 5199 1764 5245 terram
1791 5188 1957 5258 ipsam

399 5295 551 5361 Ecce,
578 5294 770 5364 inquit,
801 5306 891 5361 ego
915 5286 1152 5357 disperde
1180 5285 1298 5340 illos
1321 5293 1366 5339 et
1395 5294 1599 5337 terram.
1630 5281 1743 5350 Qua
1783 5281 1986 5350 priores

399 5386 500 5457 ipsi
530 5385 684 5440 malis
711 5381 822 5437 suis
848 5378 1099 5450 operibus
1123 5376 1329 5446 seipsos
1357 5380 1715 5443 corruperunt
1743 5390 1757 5426 :
1788 5370 1989 5426 idcirco

401 5474 702 5548 generalem
748 5470 1021 5526 interitum
1072 5467 1337 5527 inducam,
1382 5464 1677 5533 deleboque
1711 5463 1854 5531 ipsos
1895 5475 1989 5530 pa.

404 5568 533 5622 riter
559 5574 720 5634 atque
744 5573 960 5627 terram,
984 5568 1041 5614 ut
1063 5556 1429 5629 purgationem
1460 5554 1682 5623 accipiat
1704 5560 1863 5619 terra,
1889 5560 1943 5606 et
1962 5565 1991 5604 a

407 5667 480 5714 tot
511 5666 846 5727 peccatorum
893 5651 1114 5708 maculis
1151 5647 1490 5706 emundetur.
1536 5642 1740 5716 Cogita,
1768 5656 1950 5713 quaeso
1977 5683 1990 5708 ,

411 5748 548 5817 quali
584 5755 712 5802 tunc
739 5743 903 5800 fuisse
946 5741 1125 5796 animo
1148 5739 1349 5810 justum
1380 5737 1537 5791 istum
1580 5732 1865 5790 verisimile
1891 5740 1992 5793 est,

408 5848 532 5892 cum
560 5838 673 5893 lucc
697 5851 725 5891 a
755 5834 980 5891 Domino
1015 5829 1254 5888 audiret?
1282 5827 1416 5884 Nam
1458 5826 1580 5883 licet
1606 5824 1786 5882 multa;
1825 5823 1994 5879 virtu-

1425 394 1492 451 ΙΝ
1529 393 1683 450 CAP.
1726 388 1812 445 Vl.
1855 387 2101 446 GENES.
2145 385 2375 443 ιιιιιιιιι..
2418 386 2610 443 XXIV.

3509 393 3611 446 ΕΝ

2028 503 2095 556 tis
2123 500 2223 556 sibi
2253 499 2497 556 mnscius
2521 509 2695 565 esset,
2730 515 2834 555 non
2854 513 3033 559 tamen
3066 502 3270 572 absque
3290 504 3478 561 dolore
3499 526 3614 580 qua:

2015 594 2325 649 dicebantur
2361 593 2584 663 accepit.
2634 592 2715 648 Ad
2740 593 3075 649 dilectionem
3121 600 3262 652 enim
3293 614 3616 670 propensum

2017 694 2098 738 est
2142 689 2405 753 justoruni
2434 699 2601 755 genus
2622 725 2636 750 ,
2665 696 2718 739 et
2745 701 2839 755 pro
2864 684 3088 740 aliorum
3126 689 3296 745 salute
3312 691 3615 762 just'rqirae-

2016 775 2370 842 quelibentcr
2417 775 2630 830 ferenda
2658 777 3012 845 susciperent.
3064 778 3180 846 Quo
3244 781 3400 851 igitur
3424 783 3616 838 allectis

2020 865 2186 921 fuisse
2224 867 2512 922 verisimile
2558 877 2640 921 est
2672 869 2930 924 eximium
2978 870 3121 924 illum
3164 873 3333 927 virum
3359 915 3372 939 ,
3423 876 3617 930 eumin

2037 971 2216 1014 nien‘c
2244 973 2338 1013 sua
2363 960 2598 1014 omnium
2628 961 2897 1016 interitum
2942 972 2995 1017 et
3030 964 3190 1018 totius
3215 972 3419 1020 natura:
3440 969 3612 1036 perni-

2020 1050 2155 1105 ciem
2201 1060 2468 1116 versaret,
2514 1060 2569 1106 et
2607 1053 2845 1106 fortassis
2884 1068 2982 1108 nec
3030 1053 3130 1108 sibi
3185 1054 3284 1124 ipsi
3328 1054 3618 1124 jucundum

2021 1141 2289 1212 quidpiam
2318 1141 2692 1211 polliceretur?
2713 1142 2956 1198 Nondum
2987 1146 3127 1200 enim
3154 1144 3405 1215 quiddam
3433 1146 3499 1201 de
3521 1147 3623 1203 liae

2022 1250 2080 1289 re
2100 1242 2427 1304 compertum
2450 1234 2701 1289 habebat.
2716 1234 2781 1291 lli
2795 1236 2955 1305 igitur
2973 1245 3151 1292 mente
3167 1253 3271 1291 non
3300 1238 3622 1301 turbaretur,

2023 1328 2114 1383 sed
2142 1343 2352 1397 parvam
2376 1327 2659 1397 quamdam
2684 1328 3099 1383 consolationem
3121 1328 3173 1383 in
3202 1338 3343 1385 tanta
3377 1331 3623 1385 lllfBl‘Ol'is

2024 1418 2385 1488 magnitudine
2424 1419 2669 1488 accipere
2716 1429 2930 1488 posset,
2972 1428 3249 1490 postquam
3298 1419 3637 1476 docuit-enin-

2025 1510 2238 1564 malitiic
2269 1510 2476 1565 illorum
2501 1511 2833 1580 gravitatem,
2856 1525 2918 1565 ac
2948 1520 3154 1580 tempus
3191 1527 3403 1580 urgere,
3429 1522 3620 1583 utpra-

2026 1602 2186 1657 funda
2218 1601 2292 1656 illi
2333 1603 2572 1658 sectione
2596 1602 2928 1670 incidantur,
2955 1604 3079 1658 dicit
3119 1603 3167 1659 ei
3205 1603 3370 1660 :lllos
3412 1604 3623 1673 quidem

2026 1695 2323 1749 communis
2353 1693 2614 1765 pernicies
2635 1694 2862 1764 excipiet
2893 1712 2904 1748 :
2936 1696 3021 1750 14.
3051 1694 3125 1749 Tu
3164 1712 3277 1750 vero
3303 1697 3386 1767 [ac
3406 1698 3492 1751 tibi
3530 1696 3632 1766 ipsi

2026 1802 2217 1839 arcton.
2244 1785 2380 1853 Quid
2419 1794 2520 1851 est,
2548 1784 2623 1838 Tu
2645 1787 2949 1854 vero?Qnia
2974 1802 3075 1841 non
3103 1788 3504 1842 communicanti
3532 1805 3626 1841 eo-

2028 1892 2144 1930 rum
2162 1876 2431 1945 iiequitim,
2454 1876 2546 1930 sed
2562 1891 2776 1931 onmem
2799 1876 2853 1931 in
2868 1877 3145 1933 virtutibus
3167 1878 3326 1932 vitam
3348 1894 3391 1947 p:
3414 1877 3590 1949 registi
3614 1893 3628 1930 :

2031 1968 2148 2023 ideo
2195 1967 2286 2021 tibi
2326 1967 2564 2037 impero,
2588 1976 2648 2023 ut
2688 1977 2931 2022 exstruas
2971 1984 3147 2022 arcam
3199 1967 3278 2022 Ex
3314 1969 3464 2040 lignis
3500 1986 3625 2038 qua.

2031 2060 2187 2113 dratis
2233 2060 2556 2130 incorruptis.
2605 2057 2990 2114 Mansinnculas
3025 2075 3112 2129 per
3165 2076 3337 2113 arcam
3380 2059 3559 2129 facies.
3587 2068 3628 2113 et

2032 2150 2306 2223 glutinabis
2345 2151 2645 2204 intrinsecus
2695 2159 2743 2204 et
2781 2150 3085 2205 extrinsecus
3129 2167 3239 2204 eam
3276 2151 3626 2206 bitumineJS.

2035 2246 2116 2301 Sit
2136 2254 2302 2299 autem
2327 2253 2659 2299 trecentorum
2681 2243 2961 2298 cubitorum
2984 2243 3246 2313 longitudo
3262 2272 3280 2308 -,
3318 2253 3363 2297 et
3384 2244 3630 2313 quinqua-

2033 2337 2173 2408 ginta
2212 2336 2426 2390 latitudo
2446 2376 2461 2402 ,
2489 2346 2533 2389 et
2564 2336 2770 2406 triginta
2792 2335 3071 2389 cubitorum
3100 2335 3334 2388 altitudo.
3367 2338 3452 2391 16.
3473 2334 3631 2389 Colli-

2035 2447 2156 2501 gens
2192 2429 2344 2499 [acies
2368 2445 2561 2493 arcam,
2577 2438 2621 2482 et
2641 2429 2693 2482 in
2727 2428 2946 2482 cubitum
2972 2429 3339 2482 consummabis
3360 2429 3468 2499 ejus
3487 2445 3626 2483 sum-

2038 2523 2259 2575 mitatem
2282 2538 2301 2587 ;
2328 2523 2545 2593 januam
2565 2531 2732 2575 autem
2753 2521 2907 2591 facii's
2945 2537 2975 2574 a
3001 2524 3189 2586 latire,
3219 2520 3462 2576 cubiculis
3499 2520 3638 2574 bicu-

2038 2616 2260 2679 meratis,
2296 2625 2340 2668 et
2377 2615 2708 2669 tricameratis
2750 2616 2905 2684 facies
2950 2630 3081 2667 eam.
3127 2613 3415 2669 Considera
3465 2612 3639 2667 indul-

2038 2707 2273 2777 gentiam
2304 2706 2396 2762 Dei
2416 2749 2430 2775 ,
2460 2714 2514 2761 ct
2560 2704 2883 2762 inell'abilem
2924 2706 3170 2760 viitutem
3197 2704 3643 2760 miselle-ordimu-

2039 2815 2145 2870 que
2172 2812 2386 2853 onmem
2413 2796 2669 2851 rationem
2698 2803 2886 2851 transc.
2908 2794 2990 2850 nd'
3016 2804 3181 2850 ntem.
3210 2794 3379 2850 Simul
3407 2793 3640 2849 declarat

2041 2901 2096 2947 et
2124 2904 2274 2945 suam
2313 2904 2437 2960 erga
2462 2888 2663 2959 justum
2683 2888 3097 2957 proxilentiam,
3128 2896 3185 2941 ut
3213 2886 3431 2941 fabiicet
3464 2901 3640 2940 arcam

2043 2982 2116 3037 illi
2144 2982 2411 3053 imperans
2443 2996 2459 3035 :
2490 2978 2851 3047 ordiuansiue
2896 2978 3105 3033 ittti'tiin
3148 2978 3437 3032 modumin
3481 2993 3642 3047 quem

2043 3073 2399 3131 construenda
2420 3113 2433 3136 ,
2454 3088 2646 3142 nempe
2677 3073 2727 3127 in
2756 3089 2913 3141 quam
2961 3071 3339 3142 lorgitndiiiem
3363 3113 3376 3134 ,
3407 3071 3644 3126 lazitiidi-

2045 3180 2168 3221 neni
2207 3173 2261 3218 ‹·ι
2288 3162 2701 3229 sublimitatem,
2729 3174 2781 3218 et
2809 3163 3089 3217 maximam
3131 3163 3178 3217 ei
3226 3161 3645 3217 consolationem

2046 3256 2200 3312 aﬂ'ert
2216 3298 2229 3320 ,
2248 3269 2395 3326 spem
2408 3254 2595 3311 Salutis
2615 3269 2708 3324 per
2722 3269 2858 3308 arere
2874 3254 3318 3307 con~tructionein
3338 3251 3644 3315 ostendens,

2049 3346 2168 3401 illos
2195 3360 2404 3417 quoque
2428 3346 2516 3415 qui
2544 3352 2651 3399 tam
2668 3344 2900 3414 graviter
2934 3343 3269 3413 peccaverint
3307 3341 3649 3396 fabricatione

2049 3453 2187 3495 arca:
2224 3437 2497 3493 admoneri
2550 3436 2767 3502 volens,
2800 3445 2857 3490 ut
2894 3451 3074 3490 secum
3116 3438 3408 3505 cogitarent
3434 3450 3551 3503 qure
3577 3433 3653 3488 fe—

2051 3532 2249 3585 cissent
2272 3570 2285 3594 ,
2325 3528 2794 3599 resipisccndoqiie
2838 3527 3251 3598 indignationem
3291 3541 3396 3581 non
3433 3527 3651 3597 eiiperi-

2051 3630 2257 3679 rentur.
2285 3621 2466 3691 Neque
2494 3622 2635 3674 enim
2660 3635 2877 3690 parvum
2909 3619 3014 3675 illis
3052 3629 3259 3689 tempus
3283 3618 3457 3674 denuo
3473 3617 3537 3671 ad
3564 3632 3652 3672 re-

2053 3712 2412 3784 sipiscentiam
2439 3725 2752 3767 eone-essum
2776 3720 2858 3766 est
2887 3725 2981 3780 per
3002 3725 3139 3765 arcae
3164 3709 3611 3766 constructionem
3639 3727 3651 3762 :

2056 3805 2149 3862 sed
2188 3805 2346 3877 plane
2378 3805 2602 3860 multum
2638 3814 2693 3860 et
2736 3803 3005 3860 sufficiens
3043 3801 3256 3870 fuisset,
3285 3801 3383 3857 nisi
3410 3802 3544 3857 adeo
3574 3803 3655 3855 in-

2056 3900 2191 3971 grati
2222 3897 2443 3953 fuissent
2469 3906 2522 3952 et
2563 3896 2759 3967 stupidi
2782 3896 2846 3949 ad
2876 3905 3173 3951 erratorum
3210 3893 3654 3948 emendatiinicin.

2059 3990 2162 4046 Par
2177 3990 2318 4044 enim
2346 3998 2487 4053 erat,
2508 3987 2744 4055 singulos
2773 4001 2957 4040 eorum
3001 3999 3121 4039 cum
3153 3982 3393 4037 viderent
3426 3982 3650 4049 justum,

2060 4080 2148 4150 qui
2190 4078 2543 4133 fabricabatur
2559 4090 2735 4130 arcam
2762 4115 2777 4139 ,
2807 4089 3021 4128 causam
3038 4072 3446 4127 constriict’o;.is
3472 4071 3660 4126 scisci-

2064 4180 2201 4227 tatos
2246 4186 2398 4236 esse,
2429 4179 2484 4224 et
2515 4169 2724 4239 cognita
2777 4168 2954 4222 dii-ina
2999 4167 3393 4236 indignatione.
3424 4164 3545 4218 inde
3595 4163 3660 4217 ad

2064 4278 2280 4319 sensum
2317 4268 2651 4331 peccatorum
2691 4273 2907 4313 suorum
2931 4257 3143 4321 venire,
3173 4255 3453 4325 siquidem
3470 4252 3665 4308 voluis-

2067 4366 2204 4413 sent.
2244 4355 2443 4411 Verum
2487 4352 2603 4408 haec
2644 4351 2751 4406 illis
2789 4349 2987 4404 nullam
3017 4348 3300 4402 utilitatem
3349 4346 3662 4410 attulerunt,

2070 4464 2176 4505 non
2202 4448 2323 4518 quia
2354 4461 2458 4501 non
2488 4453 2799 4516 potuerunt,
2824 4440 2918 4496 sed
2939 4441 3062 4509 quia
3088 4438 3394 4493 noluerunt.

2142 4535 2196 4589 4.
2228 4531 2363 4587 Deus
2379 4530 2648 4585 consilium
2667 4543 2812 4582 suum
2848 4525 2958 4579 Noe
2978 4526 3334 4578 communicat.
3369 4520 3471 4575 Cur
3489 4518 3668 4574 Enoeh

2075 4626 2348 4681 translatus
2374 4624 2543 4696 fuerit.
2569 4620 2712 4677 Solet
2734 4619 2869 4673 Deus
2900 4625 3101 4687 propter
3113 4617 3280 4689 justas
3302 4628 3501 4668 scrvare
3519 4610 3666 4665 alios.

2073 4749 2147 4760 —
2175 4717 2336 4789 Igitur
2361 4723 2638 4786 postquam
2664 4712 2731 4768 de
2762 4709 3113 4766 construenda
3139 4722 3260 4761 arca
3296 4706 3440 4775 jus-to
3468 4719 3672 4774 praece-

2078 4813 2191 4882 pit,
2230 4805 2585 4863 communicat
2612 4814 2662 4857 et
2690 4811 2871 4857 narrat
2897 4801 2946 4854 ei
2987 4801 3145 4852 etiam
3200 4811 3371 4867 poenre
3408 4795 3640 4864 speciem

2080 4915 2237 4972 quam
2268 4899 2509 4952 illaturus
2529 4902 2646 4951 erat
2666 4933 2683 4960 ,
2710 4900 2764 4946 et
2805 4890 2934 4945 dicit
2964 4909 2977 4944 :
3007 4889 3086 4943 'l‘u
3114 4887 3325 4957 quidem
3353 4884 3488 4939 hanc
3511 4898 3637 4954 para
3658 4923 3673 4946 ,

2083 4993 2219 5047 sicut
2248 4988 2472 5059 prateepi
2499 5004 2511 5039 :
2542 5001 2642 5054 ego
2670 4992 2849 5039 autem
2870 5023 2885 5048 ,
2929 4983 3016 5036 ubi
3048 4991 3102 5034 tu
3129 4978 3409 5034 aedilicium
3440 4977 3675 5046 compleo

2084 5083 2224 5139 veris
2248 5121 2264 5147 ,
2293 5081 2452 5136 etiam
2483 5092 2545 5132 ea
2576 5091 2693 5145 qua:
2718 5075 2783 5131 ad
2815 5082 2868 5130 te
2895 5073 3121 5127 attinent
3147 5073 3199 5125 in
3240 5079 3352 5125 tuto
3377 5068 3673 5124 collocabo.

2089 5176 2177 5231 l7.
2203 5173 2313 5244 Ego
2336 5180 2503 5226 autem
2526 5210 2539 5235 ,
2567 5168 2764 5238 inquit,
2789 5166 3027 5219 inducam
3057 5162 3304 5216 diluvium
3328 5203 3343 5228 ,
3368 5178 3551 5231 aqua»:
3589 5177 3676 5214 su—

2090 5284 2177 5338 per
2192 5277 2397 5328 terram,
2414 5271 2468 5316 ut
2484 5267 2772 5328 corrumpat
2788 5271 2985 5312 onmem
3004 5269 3225 5316 carnem,
3244 5253 3297 5307 in
3316 5268 3416 5323 qua
3436 5261 3509 5305 est
3524 5250 3682 5321 spiri-

2092 5370 2171 5413 tus
2186 5358 2301 5412 vita:
2319 5354 2487 5410 subter
2505 5351 2704 5415 caelum,
2724 5358 2770 5403 et
2789 5361 3111 5418 quietumque
3131 5344 3319 5415 fuerint
3334 5358 3485 5413 super
3501 5350 3687 5395 terram

2091 5449 2387 5505 morientur.
2420 5442 2553 5498 Vide
2566 5438 2836 5512 quomodo
2864 5445 2918 5491 et
2945 5451 3037 5506 per
3076 5434 3248 5489 minas
3275 5432 3506 5488 ostendit
3529 5446 3688 5502 quam

2093 5541 2275 5612 gravia
2296 5536 2368 5592 illi
2395 5533 2749 5606 peccaverint,
2769 5538 2824 5586 et
2845 5528 3014 5598 inquit
3042 5544 3054 5582 :
3081 5526 3286 5582 Etenim
3309 5523 3550 5579 eamdem
3581 5539 3691 5592 poe-

2097 5649 2219 5690 nam
2264 5629 2507 5685 inducam
2541 5634 2647 5679 tam
2690 5621 3075 5684 rationalibus,
3123 5633 3280 5688 quam
3326 5615 3546 5671 rationis
3599 5629 3689 5668 ex-

2101 5721 2357 5794 pertibus.
2384 5717 2517 5786 Quia
2543 5715 2688 5772 enim
2732 5713 3084 5785 principatum
3114 5725 3270 5766 suum
3316 5708 3656 5779 prodiderimi
3676 5744 3691 5768 ,

2104 5827 2157 5874 ct
2180 5817 2233 5874 in
2266 5813 2542 5869 brutorum
2586 5805 2834 5865 ferociam
2873 5805 3239 5870 declinarunt,
3266 5802 3406 5859 nulla
3454 5800 3553 5857 erit
3583 5813 3694 5867 po;-
