4078 6466
442 398 538 457 2H

428 529 616 571 uarum
644 513 960 570 differentia.
1000 512 1248 568 Iudaeam
1288 513 1431 568 enim
1455 513 1701 567 diluvium
1739 526 1917 579 aqute,
1958 515 2010 562 ut

429 613 717 669 corrumpat
735 619 935 659 omnem
960 619 1160 657 carnem
1179 644 1197 670 ,
1216 603 1271 656 in
1288 618 1391 673 qua
1415 611 1487 657 est
1505 602 1713 671 spiritus
1733 601 1847 655 vita
1864 614 2016 668 super

424 694 622 749 cretum.
652 694 716 748 Et
747 693 987 763 iumenta
1010 737 1027 761 ,
1059 694 1264 764 inquit,
1298 702 1356 749 et
1395 692 1623 748 volatilia
1648 733 1662 753 ,
1690 700 1745 747 et
1772 691 1897 746 fera:
1919 730 1934 754 ,
1960 698 2016 743 et

422 783 812 855 quadrupcdia,
843 795 899 840 et
939 800 1285 856 quaecumque
1325 785 1426 840 sub
1453 784 1591 840 caelo
1629 793 1784 847 sunt,
1822 796 2016 837 consu-

426 884 657 932 mentnr.
690 875 757 931 Et
792 885 850 931 ut
887 877 1064 932 discas
1093 876 1225 932 nihil
1267 877 1511 931 relictum
1559 875 1658 940 iri,
1709 873 1916 942 inquit:
1946 869 2014 925 Et

422 982 747 1038 quacumque
770 977 887 1022 sunt
906 985 1061 1039 super
1084 977 1268 1022 terram
1290 1010 1305 1030 ,
1337 969 1631 1022 morientur.
1663 964 1793 1018 Nam
1824 961 2013 1032 puriﬁ-

421 1052 630 1114 catione
658 1059 802 1114 orbis
827 1074 961 1130 opus
991 1059 1188 1125 habet,
1225 1058 1318 1114 sed
1365 1058 1465 1113 hoc
1495 1067 1546 1112 te
1569 1072 1673 1112 non
1693 1054 2013 1120 conturbet,

425 1162 600 1220 neque
625 1159 855 1204 mentem
887 1158 1029 1206 tuam
1054 1148 1358 1206 confundat.
1384 1147 1516 1203 Nam
1537 1147 1659 1217 quia
1684 1145 1841 1201 video
1872 1144 2017 1200 ulce-

428 1252 483 1291 ra
512 1253 697 1294 eorum
745 1241 1051 1296 incurabilia
1076 1281 1093 1306 ,
1137 1239 1327 1295 sistere
1356 1239 1478 1294 volo
1521 1238 1737 1293 malitia:
1780 1236 2013 1303 fluenta,

425 1336 482 1384 ιιι
509 1345 576 1386 ne
597 1331 925 1401 gravioribus
948 1332 1121 1403 pinnis
1159 1329 1422 1386 obnoxios
1447 1343 1508 1386 se
1555 1328 1767 1384 faciant.
1818 1327 2017 1384 Idcirco

420 1422 582 1477 etiam
627 1439 768 1479 nunc
794 1440 890 1494 pro
928 1425 1084 1480 solita
1124 1439 1244 1479 mea
1279 1423 1561 1480 clementia
1601 1422 2014 1493 indignationem

423 1513 655 1567 bonitate
675 1524 976 1585 temperans
993 1557 1009 1578 ,
1039 1516 1197 1571 talem
1219 1530 1432 1585 pinnam
1454 1514 1624 1570 infero
1641 1529 1761 1583 qua:
1781 1514 1898 1569 sine
1915 1511 2015 1568 (ιο.

420 1604 537 1658 lore
565 1604 668 1670 sit,
700 1614 754 1660 et
784 1621 887 1660 non
918 1607 1200 1662 sentiatur.
1229 1605 1411 1675 Neque
1437 1606 1578 1660 enim
1609 1604 1674 1660 ad
1703 1604 2018 1675 magnitudi-

424 1707 546 1747 nem
576 1704 911 1763 peccatorum
938 1697 1019 1750 vel
1050 1695 1115 1749 ad
1148 1695 1334 1751 merita
1361 1710 1545 1751 eorum
1574 1695 1899 1766 respiciens,
1922 1693 2017 1749 sed

425 1784 720 1851 pra-videns
760 1784 932 1840 futura
954 1829 968 1851 ,
996 1796 1048 1841 et
1089 1786 1184 1840 hos
1222 1786 1531 1857 congruenti
1564 1801 1718 1857 paena
1746 1786 1977 1855 plectere
1998 1826 2013 1851 ,

423 1883 477 1929 et
496 1884 741 1944 posteros
786 1878 853 1932 ab
897 1877 1194 1947 hujusmodi
1247 1877 1478 1947 pernicie
1517 1877 1742 1932 liberare
1772 1876 1909 1932 volo.
1941 1876 2020 1933 Ne

425 1967 583 2034 igitur
623 1979 846 2024 moestus
878 1969 987 2036 sis,
1019 1984 1154 2025 neve
1197 1969 1425 2025 turberis
1459 1969 1574 2025 hinc
1614 1970 1856 2025 audiens.
1884 1969 2017 2025 Nam

421 2059 522 2112 etsi
561 2059 637 2113 illi
677 2058 889 2129 dignam
944 2061 1175 2130 peccatis
1203 2062 1315 2114 suis
1350 2076 1559 2130 pinnam
1591 2062 1770 2127 luent,
1799 2061 1892 2116 sed
1926 2061 2013 2116 18.

423 2147 656 2204 Statuam
695 2160 1043 2207 testamentum
1075 2169 1239 2207 meum
1285 2164 1468 2209 tecum.
1520 2154 1783 2221 Quoniam
1832 2170 2020 2210 omnes

427 2241 629 2310 priores
658 2242 903 2314 indignos
937 2257 1059 2300 sese
1086 2246 1445 2315 prte~titcmut
1464 2288 1479 2312 ,
1507 2261 1679 2314 neque
1704 2244 1775 2301 de
1802 2245 2020 2299 manda-

426 2335 491 2390 tis
519 2335 656 2390 meis
698 2337 835 2391 bene
862 2345 1191 2405 senserunt,
1232 2346 1403 2392 tecum
1435 2338 1652 2407 posthac
1675 2345 1903 2392 statuam
1938 2346 2020 2392 te-

428 2435 748 2483 stamentum
763 2442 961 2484 meum.
985 2428 1192 2483 Etenim
1209 2428 1587 2499 protoplastus,
1611 2438 1733 2499 post
1754 2437 1827 2484 tot
1850 2429 2021 2485 bene-

430 2516 549 2572 ﬁcia
589 2516 954 2588 deceptionem
988 2532 1174 2588 passus
1196 2560 1210 2582 ,
1239 2518 1484 2575 mandata
1510 2534 1627 2574 mea
1657 2528 2023 2590 transgressus

426 2618 511 2665 est
538 2626 552 2664 :
582 2620 635 2665 et
655 2611 743 2680 qui
764 2625 831 2665 ex
854 2609 947 2664 illo
976 2619 1129 2665 natus
1148 2619 1249 2676 est,
1280 2610 1467 2679 ipsein
1494 2610 1632 2665 idem
1659 2610 1873 2666 malitiae
1899 2626 2020 2681 pro-

429 2700 647 2756 fundum
680 2702 891 2768 incidit;
925 2702 1066 2757 unde
1092 2710 1143 2757 et
1168 2702 1474 2757 continuam
1504 2717 1625 2758 cum
1648 2703 2023 2760 maledictione

431 2807 641 2858 prunam
676 2791 901 2862 accepit.
949 2792 1143 2848 Verum
1194 2808 1367 2865 neque
1414 2793 1557 2848 illius
1602 2796 1776 2865 poenis
1825 2798 2020 2865 posteri

424 2884 815 2941 emendatiores
857 2885 979 2941 facti
1021 2894 1177 2951 sunt,
1204 2885 1297 2942 sed
1336 2886 1473 2942 mala
1502 2902 1598 2944 sua
1642 2888 1712 2943 ita
1740 2902 2023 2944 coacerva-

431 2985 547 3028 runt
608 3016 622 3040 ,
655 2984 714 3029 ut
761 2983 818 3030 et
852 2974 1189 3046 geuealogias
1224 2976 1457 3046 ipsorum
1486 2977 1853 3045 reprobarcm.
1886 2979 2026 3033 Sane

428 3075 543 3134 post
569 3066 683 3122 hzec
711 3075 770 3122 ut
796 3067 973 3122 inveni
1010 3067 1191 3122 Enoch
1213 3109 1227 3134 ,
1257 3067 1344 3137 qui
1374 3068 1584 3124 virtutis
1606 3068 1885 3138 imaginem
1906 3084 2025 3124 scr-

427 3160 597 3226 vavit,
647 3159 767 3230 quia
805 3159 958 3213 valde
993 3158 1122 3213 mihi
1163 3174 1317 3214 carus
1338 3158 1471 3226 fuit,
1493 3174 1615 3214 eum
1646 3160 1823 3214 vivum
1855 3167 2028 3214 trans-

431 3251 525 3308 tttli
550 3293 566 3319 ,
613 3260 916 3306 monstrans
936 3251 1183 3306 omnibus
1228 3250 1440 3306 virtutis
1465 3251 1759 3306 cultoribus
1799 3261 2025 3320 quantas

433 3342 707 3400 mercedes
730 3352 785 3399 et
806 3344 1179 3399 retrilmtiones
1215 3342 1595 3413 adipiscantur,
1639 3353 1694 3398 et
1720 3344 1938 3412 cupiens
1968 3352 2026 3397 ut

426 3435 602 3492 cancri
652 3435 795 3491 illius
823 3434 1117 3490 imitatores
1145 3435 1366 3501 tierent,
1395 3432 1744 3505 eamdemque
1769 3434 1907 3488 viam
1947 3432 2028 3487 in.

427 3527 792 3597 grederentur.
821 3522 1083 3581 Cancrum
1105 3527 1227 3596 quia
1248 3566 1262 3590 ,
1292 3525 1412 3580 aliis
1441 3523 1687 3580 omnibus
1709 3532 1889 3594 postea
1915 3538 2028 3579 ma.

432 3619 597 3674 litiam
642 3619 1003 3684 sectantibus,
1031 3630 1084 3673 te
1107 3618 1277 3672 solum
1315 3618 1495 3672 inveni
1527 3617 1578 3671 in
1610 3625 1752 3671 tanta
1798 3617 2035 3671 multitu-

434 3712 594 3773 tline,
653 3711 738 3780 qui
766 3710 917 3780 primi
972 3709 1207 3778 parentis
1246 3709 1721 3778 transgressionem
1776 3722 2028 3762 revocare

430 3801 600 3869 possis
627 3794 657 3865 ,’
703 3810 875 3853 tecum
926 3808 1151 3852 statuam
1212 3805 1584 3853 testamentum
1638 3812 1835 3852 meum.
1893 3796 2026 3851 Nam

437 3900 587 3949 bona:
616 3902 717 3948 tua:
738 3894 858 3947 vita:
879 3907 1037 3962 opera
1060 3890 1335 3946 declarant
1357 3890 1567 3945 ﬁdelem
1592 3900 1640 3943 te
1661 3890 1711 3943 in
1734 3888 2028 3958 suscipien-

430 3988 509 4043 dis
556 3987 816 4042 mandatis
842 3988 997 4044 meis.
1031 3986 1265 4056 Denique
1294 3999 1361 4041 ne
1399 3984 1572 4040 adlmc
1596 3983 1769 4054 justus
1799 3981 1912 4036 lucc
1936 3997 2031 4036 au-

434 4080 585 4136 diens
613 4087 867 4145 maereat,
899 4079 1046 4148 quasi
1074 4075 1671 4149 solusipselberamlus
1696 4075 1805 4139 sit,
1836 4073 2025 4127 iterum

432 4173 792 4229 consolatione
841 4186 962 4225 eum
983 4211 999 4237 ,
1029 4179 1088 4223 ut
1112 4169 1321 4234 dicam,
1369 4168 1679 4222 demulcens
1698 4206 1711 4229 ,
1741 4163 1907 4219 dicit:
1936 4161 2030 4216 In-

431 4266 669 4337 gredieris
698 4274 864 4318 autem
886 4265 940 4317 in
977 4279 1148 4317 arcam
1176 4273 1258 4329 tu,
1291 4271 1337 4316 et
1358 4261 1453 4330 ﬁlii
1493 4260 1564 4313 tui
1588 4298 1602 4322 ,
1625 4268 1672 4312 et
1702 4274 1831 4311 uxor
1854 4265 1961 4321 tua,
1983 4262 2030 4308 et

432 4375 616 4414 uxores
640 4357 863 4426 ﬁliorum
901 4364 1121 4409 tuorum.
1152 4352 1284 4409 Nam
1337 4353 1458 4407 licet
1504 4351 1727 4405 multum
1752 4364 1783 4403 a
1836 4348 2030 4401 virtute

432 4451 562 4518 justi
589 4448 727 4503 illius
752 4446 1047 4510 ablucriut,
1074 4444 1232 4499 alieni
1258 4452 1433 4498 tamen
1461 4450 1613 4497 erant
1642 4458 1668 4494 a
1698 4438 2031 4511 gravioribus

434 4541 647 4597 illorum
694 4537 947 4608 peccatis.
985 4533 1134 4591 Alias
1156 4548 1368 4604 quoque
1390 4532 1459 4586 ob
1486 4530 1620 4587 duas
1654 4530 1813 4587 hasce
1843 4544 2031 4585 causas

435 4630 607 4688 salute
647 4628 798 4700 potiti
824 4635 970 4692 sunt.
997 4626 1147 4693 Una,
1171 4625 1225 4679 in
1253 4624 1510 4679 honorem
1534 4622 1683 4692 justi.
1715 4620 1863 4677 Solet
1888 4621 2029 4676 enim

435 4724 670 4780 clemens
708 4721 847 4777 Deus
874 4718 1131 4774 honorem
1160 4716 1303 4771 hunc
1343 4714 1471 4770 dare
1496 4715 1664 4770 servis
1687 4714 1798 4769 suis
1815 4754 1830 4778 ,
1857 4723 1913 4768 ut
1934 4727 2028 4768 eo-

436 4830 552 4870 rum
580 4811 750 4884 gratia
777 4817 833 4867 et
870 4808 959 4865 alii
986 4807 1210 4864 salutem
1260 4805 1652 4860 nanciscantur.
1684 4803 1745 4857 ald
1788 4802 1927 4872 quod
1979 4814 2035 4859 et

438 4906 593 4963 beato
637 4902 799 4958 Paulo
837 4914 1152 4957 concessum
1177 4906 1290 4966 est,
1334 4897 1588 4968 magistro
1616 4895 1692 4949 illi
1740 4892 1914 4959 orbis,
1945 4894 2034 4963 qui

438 5000 633 5070 ubique
657 5011 768 5052 sum
793 4994 1048 5051 doctrina:
1072 4991 1249 5046 radios
1276 4990 1577 5049 emittebat.
1596 4987 2043 5059 Quandoquidem

435 5106 557 5148 cum
600 5089 691 5145 ille
716 5087 939 5145 Romam
970 5084 1284 5154 navigaret,
1312 5091 1425 5135 orta
1468 5082 1519 5134 in
1560 5080 1691 5134 mari
1722 5086 2037 5149 tempestate

438 5194 627 5252 magna
646 5221 662 5246 ,
691 5179 764 5234 ita
787 5186 846 5233 ut
866 5189 1057 5232 omnes
1090 5174 1249 5229 saluti
1278 5185 1390 5225 sua:
1417 5170 1693 5233 timerent,
1735 5168 2037 5237 nullamque

440 5272 633 5327 bonam
651 5283 799 5339 spem
821 5275 1039 5337 propter
1065 5262 1311 5334 procella:
1330 5259 1719 5316 vehementiam
1741 5256 1999 5313 haberent
2021 5301 2035 5327 ,

441 5362 645 5420 vocatis
670 5361 914 5415 omnibus
946 5359 1075 5415 dicit
1100 5374 1112 5411 :
1143 5356 1286 5411 Bono
1310 5355 1479 5408 animo
1509 5362 1662 5407 estote
1684 5393 1699 5419 ,
1728 5352 1843 5406 uiri.
1869 5351 2038 5405 Amis-

442 5452 518 5506 sio
548 5452 684 5508 enim
705 5451 889 5504 animi:
905 5450 1093 5504 nullius
1119 5449 1210 5501 erit
1231 5462 1294 5501 ea:
1317 5445 1461 5499 nobis
1476 5486 1491 5510 ,
1525 5455 1857 5515 praeterquam
1878 5443 2037 5498 navis.

446 5544 650 5598 Adstitit
672 5545 804 5597 enim
826 5542 948 5595 mihi
987 5540 1081 5594 hac
1108 5545 1249 5594 nocte
1272 5536 1372 5591 Dei
1394 5575 1407 5599 ,
1438 5536 1594 5606 cujus-
1611 5551 1724 5589 sum
1764 5543 1814 5587 et
1841 5534 1923 5587 cui
1951 5533 2040 5587 de-

445 5635 604 5689 servio
626 5672 644 5697 ,
669 5630 880 5702 angelus
907 5631 1077 5685 dicens
1110 5644 1128 5683 :
1157 5627 1238 5683 Ne
1276 5627 1473 5692 timeas,
1514 5625 1680 5679 Paule
1708 5640 1727 5679 :
1754 5624 1891 5679 dedit
1914 5623 2046 5678 enim

450 5726 541 5780 tibi
567 5723 707 5778 Deus
737 5737 908 5776 omnes
937 5722 1023 5790 qui
1063 5729 1225 5773 tecum
1261 5717 1498 5786 navigant
1529 5716 1663 5786 (Act.
1693 5716 1783 5770 27.
1814 5715 2041 5788 ρει-24).

458 5809 647 5871 Vidisti
672 5810 942 5883 quomodo
969 5810 1134 5863 virtus
1161 5807 1258 5862 viri
1302 5806 1530 5862 salutem
1573 5805 1680 5862 illis
1699 5805 2042 5863 conciliavit?

1149 397 1204 453 s,
1245 396 1524 454 103N315
1558 390 2035 456 cumsosmm
2079 391 2396 448 ARCHIEP.
2436 394 2974 453 CONSTANTINOP.

3605 400 3714 454 ili

2129 506 2237 561 imo
2290 521 2397 562 non
2450 510 2621 563 virtus
2648 518 2886 577 tantum,
2924 509 3016 564 sed
3066 518 3120 565 et
3165 511 3445 565 clementia
3477 511 3713 568 Domini.

2121 599 2292 653 Simili
2341 600 2502 656 modo
2540 611 2598 656 et
2638 600 2740 656 hoc
2784 600 2903 655 loco
2931 600 3126 655 factum
3151 611 3271 667 est,
3302 610 3355 656 et
3384 600 3499 657 tunc
3536 605 3712 672 prima

2123 706 2279 745 causa
2311 692 2407 747 fuit
2435 710 2448 746 :
2477 693 2642 748 altera
2671 708 2798 748 vero
2850 695 2947 748 ista
2978 712 2991 748 :
3021 695 3233 750 volebat
3274 696 3586 751 tenue-tum
3608 696 3717 749 ali—

2122 781 2263 851 quod
2292 790 2348 838 et
2367 784 2599 839 radicem
2625 786 2692 839 ad
2721 785 3046 855 posteritatis
3066 785 3496 841 constitutionem
3535 785 3713 841 relin-

2121 891 2287 945 quere
2316 894 2329 929 :
2363 892 2470 931 non
2487 877 2627 947 quod
2650 877 2974 947 impossibile
2996 887 3139 932 esset
3157 876 3269 932 Deo
3290 877 3479 931 iterum
3509 878 3717 932 fortna-

2120 983 2180 1022 re
2201 967 2492 1029 hominem.
2519 978 2575 1024 et
2591 985 2660 1025 ex
2688 985 2794 1025 uno
2814 970 3023 1039 generis
3051 969 3240 1024 iterum
3256 980 3591 1040 augmentum
3626 970 3716 1024 fa-

2119 1074 2263 1123 cere;
2281 1059 2373 1113 sed
2399 1059 2521 1128 quia
2546 1061 2626 1117 sic
2652 1060 2749 1129 ipsi
2778 1061 2947 1114 visum
2963 1069 3046 1114 est
3061 1074 3156 1128 pro
3178 1060 3335 1115 solita
3360 1059 3714 1130 benignitate.

2191 1149 2246 1204 5.
2287 1148 2518 1203 Attende
2546 1149 2707 1220 igitur
2741 1148 2832 1203 Dei
2860 1149 3149 1204 bonitatem
3175 1149 3337 1205 etiam
3373 1165 3464 1217 per
3486 1166 3548 1205 ea
3574 1165 3715 1219 qua:

2120 1248 2437 1308 sequuntur.
2491 1238 2623 1293 Nam
2676 1240 2814 1294 sicut
2861 1239 3254 1293 iutermiuando
3298 1254 3526 1309 poenam,
3573 1254 3712 1294 cum

2122 1328 2399 1384 hominum
2429 1345 2626 1398 genere
2652 1339 2709 1385 et
2732 1330 2995 1399 iumenta,
3026 1338 3080 1385 et
3108 1331 3338 1399 reptilia.
3364 1340 3420 1385 et
3444 1330 3713 1394 volatilia,

2122 1430 2178 1477 et
2203 1421 2342 1477 feras
2377 1422 2607 1489 peritura
2640 1422 2809 1477 dixit:
2840 1424 2909 1477 ita
2937 1431 2993 1477 et
3020 1422 3106 1477 hic
3133 1433 3351 1492 propter
3368 1425 3563 1492 justum
3593 1424 3714 1477 im-

2123 1522 2294 1582 perat,
2323 1523 2379 1567 ut
2409 1514 2773 1568 illll'OdilC-illll'
2808 1514 2860 1567 in
2887 1528 3063 1568 arcam
3102 1528 3170 1569 ex
3215 1527 3531 1583 unoquoque
3571 1514 3715 1568 illo-

2121 1620 2240 1659 rum
2269 1622 2465 1675 genere
2487 1620 2582 1675 par
2601 1621 2787 1673 ltllttm,
2813 1616 2867 1659 ιιι
2892 1607 2963 1660 sit
2986 1620 3168 1660 semen
3189 1614 3243 1661 et
3259 1607 3500 1675 primitiae
3516 1605 3712 1660 multi-

2126 1695 2324 1749 tudinis
2351 1704 2532 1764 postea
2562 1694 2770 1749 futurae.
2810 1695 2894 1751 l9.
2931 1695 2997 1748 Et
3021 1711 3087 1750 ex
3109 1695 3359 1760 omnibus,
3399 1696 3583 1764 inquit.
3607 1696 3718 1767 ju-

2123 1788 2322 1853 mentis,
2362 1797 2409 1840 et
2438 1803 2502 1840 ea:
2533 1788 2763 1841 erunibus
2799 1789 2941 1857 feris,
2972 1796 3019 1840 et
3044 1802 3107 1841 ea:
3133 1788 3270 1841 omni
3298 1803 3466 1853 carne,
3493 1786 3610 1841 bina
3641 1804 3717 1842 at:

2123 1881 2353 1936 omnibus
2373 1880 2580 1934 induces
2606 1881 2657 1934 in
2676 1896 2869 1943 arcam,
2895 1890 2951 1934 ut
2976 1897 3156 1950 pascas
3179 1880 3321 1951 apud
3337 1889 3385 1933 te
3405 1895 3424 1943 ,'
3451 1882 3717 1935 masculus

2123 1982 2168 2024 et
2189 1971 2377 2041 [eortina
2396 1980 2559 2024 erunt.
2577 1969 2759 2025 20.51:
2778 1970 3008 2024 omnibus
3028 1970 3200 2024 avibus
3219 1970 3502 2026 volatilibus
3526 1988 3716 2026 secuere

2123 2064 2246 2117 dum
2273 2079 2449 2135 genus,
2473 2072 2519 2116 et
2548 2078 2610 2116 ea:
2634 2062 2863 2117 omnibus
2880 2063 3128 2132 jnmentis
3154 2062 3430 2117 secundum
3457 2080 3632 2133 genus.
3660 2074 3714 2118 et

2123 2170 2186 2209 ea:
2213 2155 2443 2209 onmibns
2467 2154 2724 2224 reptilibus
2748 2154 3033 2224 repentibus
3049 2171 3200 2225 super
3215 2165 3397 2210 terram
3424 2155 3710 2209 secundum

2124 2265 2301 2319 genus,
2343 2247 2461 2302 bina
2495 2264 2559 2302 ea:
2599 2247 2831 2302 omnibus
2863 2248 3122 2300 intrabunt
3153 2245 3223 2299 ad
3252 2256 3319 2311 te,
3351 2256 3404 2299 ut
3431 2255 3715 2315 pascantur

2125 2338 2266 2411 apud
2304 2340 2638 2406 temetipsum,
2682 2337 2938 2393 masculus
2974 2346 3020 2392 et
3049 2336 3256 2408 femina.
3287 2336 3365 2392 Ne
3386 2336 3556 2392 obiter
3585 2335 3714 2392 lucc

2127 2429 2469 2499 prmterieris,
2494 2428 2722 2493 dilecte;
2752 2428 2928 2497 cogita
2954 2437 3210 2495 quantum
3235 2427 3537 2496 pepercriut
3558 2425 3715 2492 justo

2126 2537 2372 2576 curarum
2414 2520 2721 2586 tumultum,
2761 2520 3010 2591 cogitanti
3044 2518 3185 2589 apud
3222 2534 3282 2573 se
3316 2529 3562 2588 quantam
3587 2515 3716 2572 lucc

2127 2614 2305 2669 omnia
2328 2628 2509 2668 curam
2535 2612 2829 2682 exigerent.
2860 2610 2980 2667 Non
3008 2610 3150 2666 enim
3185 2608 3483 2668 sufficiebat
3506 2609 3554 2665 ei
3575 2623 3712 2665 cura

2130 2705 2370 2761 mulieris
2407 2714 2462 2761 et
2501 2703 2749 2769 filiorum,
2796 2712 2852 2759 et
2886 2719 3139 2768 auruum,
3180 2702 3274 2759 scd
3308 2713 3364 2760 et
3406 2702 3713 2758 sollicitudo

2130 2807 2207 2853 tot
2231 2797 2505 2853 brutorum
2531 2806 2586 2850 et
2612 2795 2859 2850 educatio
2882 2793 3195 2850 addebatur.
3220 2794 3412 2851 Verum
3438 2794 3712 2865 paulisper

2128 2896 2400 2956 exspecta,
2450 2886 2760 2955 videbisque
2806 2884 2901 2939 Dei
2953 2883 3266 2949 bonitatem,
3311 2882 3575 2953 quomodo
3617 2883 3714 2937 in-

2127 2979 2466 3035 cutnbentcm
2494 2977 2638 3047 justo
2665 2991 2849 3032 curam
2879 2976 3035 3031 levet.
3059 2976 3153 3032 21.
3183 2974 3261 3028 Tu
3281 2985 3446 3029 autem
3469 2973 3710 3043 accipies,

2130 3073 2319 3143 inquit,
2366 3070 2454 3125 tibi
2478 3068 2578 3139 ipsi
2602 3069 2669 3123 de
2699 3069 2926 3122 omnibus
2955 3067 3096 3133 cibis,
3123 3067 3186 3121 de
3207 3067 3384 3137 quibus
3414 3064 3673 3120 comeditis
3693 3107 3710 3130 ,

2130 3174 2175 3217 rt
2204 3161 2536 3233 congregabis
2559 3166 2699 3227 apud
2729 3159 2967 3228 teipsum,
2997 3167 3043 3211 et
3063 3168 3208 3212 erunt
3244 3158 3333 3212 tibi
3359 3166 3409 3212 et
3432 3157 3533 3211 illis
3556 3156 3607 3210 in
3626 3157 3712 3210 ci-

2131 3260 2268 3312 bum.
2298 3255 2376 3312 Ne
2402 3253 2699 3319 existimes,
2736 3250 2927 3320 inquit,
2956 3250 3268 3306 destitutum
3306 3260 3357 3304 te
3386 3262 3502 3303 mea
3533 3247 3713 3316 provi-

2130 3346 2306 3402 dentia
2342 3345 2593 3414 relinqui.
2640 3343 2774 3397 Ecce
2812 3341 2954 3395 enim
2983 3341 3253 3412 prrccipio,
3282 3350 3341 3395 ut
3367 3354 3485 3409 qum
3516 3348 3712 3393 vestra:

2131 3439 2396 3497 alimoniae
2424 3436 2716 3501 sufficiunt,
2741 3443 2797 3491 et
2821 3448 2940 3506 qua:
2965 3433 3032 3489 ad
3057 3432 3245 3489 alenda
3265 3432 3416 3488 bruta
3446 3438 3704 3502 spectant,

2132 3532 2309 3588 omnia
2340 3532 2391 3585 in
2421 3543 2601 3584 arcam
2632 3527 2957 3583 inferantur:
2989 3526 3059 3580 ita
3085 3534 3140 3578 ut
3166 3524 3363 3578 nullam
3383 3523 3470 3578 vel
3491 3521 3708 3587 famem,

2132 3624 2214 3679 vel
2258 3619 2535 3690 penuriam
2588 3615 2955 3687 experiamini,
3007 3623 3062 3670 et
3116 3629 3216 3670 nec
3263 3614 3416 3668 bruta
3464 3620 3707 3682 pereant,

2133 3722 2316 3784 utpote
2343 3712 2520 3766 cibum
2543 3724 2647 3763 non
2672 3707 2925 3763 habentia
2949 3706 3049 3760 sibi
3070 3705 3496 3759 convenientem.
3518 3702 3609 3756 ‘22.
3641 3700 3707 3754 Et

2133 3807 2269 3878 fecit,
2302 3803 2489 3875 inquit,
2523 3800 2638 3855 Noe
2670 3800 2841 3855 omnia
2864 3814 3184 3869 quietumque
3214 3797 3309 3851 sibi
3333 3798 3568 3869 prati-epit
3597 3795 3707 3850 Do-

2132 3898 2300 3952 minus
2323 3894 2569 3963 Deus,sic
2588 3891 2927 3964 ferini/ideas
2950 3899 3002 3945 et
3024 3888 3111 3943 bic
3127 3888 3429 3943 cmonium
3449 3886 3704 3956 amplum.

2136 3988 2300 4054 Fecit,
2331 3986 2521 4058 inquit,
2561 3984 2732 4040 omnia
2763 3997 3087 4052 quacumque
3114 3981 3352 4052 pratcepit
3383 3979 3428 4033 ei
3460 3976 3709 4033 Dominus

2133 4079 2293 4135 Deus.
2329 4077 2447 4134 Non
2487 4076 2628 4133 aliud
2672 4074 2885 4147 quidem
2913 4088 3076 4145 opere
3111 4072 3521 4140 exsequebatur,
3568 4067 3708 4124 aliud

2133 4178 2309 4226 autem
2332 4168 2649 4239 uegligebat,
2685 4165 2780 4221 sed
2813 4165 2989 4219 omnia
3018 4179 3135 4234 qum
3164 4172 3424 4232 prmcepta
3452 4172 3601 4216 erant
3632 4159 3708 4214 fe-

2133 4262 2225 4329 cit,
2265 4272 2320 4316 et
2354 4259 2445 4315 Sic
2475 4258 2615 4331 fecit,
2643 4266 2700 4311 ut
2727 4263 2992 4327 praecepta
3017 4265 3170 4311 erant
3191 4254 3240 4310 ei
3266 4270 3282 4318 ;
3310 4254 3442 4308 nihil
3470 4251 3706 4307 intermi-

2133 4354 2225 4420 sit,
2261 4350 2356 4407 sed
2383 4350 2563 4405 omnia
2592 4348 2850 4418 implevit,
2873 4357 2926 4402 et
2950 4345 3201 4416 operibus
3225 4345 3339 4400 suis
3368 4343 3629 4414 probavit,
3652 4355 3710 4395 se

2131 4443 2275 4514 juste
2298 4438 2671 4498 benevolentia
2704 4437 2800 4492 Dei
2826 4435 3099 4507 dignatum
3141 4434 3321 4490 fuisse.
3354 4434 3580 4501 Quantis
3605 4446 3707 4487 non

2135 4533 2350 4590 coronis
2369 4531 2587 4601 dignum
2621 4527 2783 4584 fuerit
2810 4528 2913 4582 hoc
2941 4528 3323 4592 testimonium,
3351 4541 3456 4595 quo
3480 4541 3512 4579 a
3537 4525 3709 4580 divina

2135 4624 2408 4693 Scriptura
2449 4620 2640 4677 fruitur
2664 4619 2840 4690 justus
2866 4618 2994 4674 ille?
3019 4617 3147 4684 Quis
3176 4616 3278 4672 hoc
3301 4616 3461 4671 fuerit
3487 4617 3707 4677 beatior.

2137 4715 2228 4787 qui
2259 4712 2442 4770 omnia
2468 4726 2630 4781 opera
2659 4709 2966 4778 complevit,
2993 4725 3110 4779 qua:
3139 4708 3238 4763 sibi
3258 4722 3287 4761 a
3312 4706 3421 4762 Deo
3450 4714 3711 4776 pracccpta

2140 4809 2368 4871 fuerant,
2426 4813 2475 4860 et
2533 4812 2732 4857 tantam
2772 4800 2825 4854 in
2876 4800 2942 4855 iis
2978 4816 3098 4870 qua:
3135 4799 3235 4853 sibi
3271 4797 3529 4867 imperata
3565 4805 3708 4851 erant

2139 4895 2496 4953 obedientiam
2529 4891 2860 4948 declaravit?
2892 4891 2958 4945 Et
2987 4898 3045 4943 ιιι
3086 4891 3225 4945 scias
3256 4896 3452 4958 quanta
3477 4888 3710 4941 omnium

2140 4987 2395 5043 Conditor
2430 4984 2528 5053 ipsi
2566 4980 2776 5053 praefari
2802 4980 3048 5051 dignatus
3072 4981 3160 5044 sit,
3190 4978 3311 5033 audi
3337 4993 3456 5047 qua:
3486 4993 3713 5047 sequun—

2143 5088 2248 5133 tur.
2276 5078 2328 5131 l.
2355 5075 2420 5128 Et
2445 5074 2596 5140 dixit,
2618 5072 2806 5142 inquit,
2831 5069 3081 5126 Dominus
3109 5068 3246 5125 Deus
3264 5070 3332 5121 ad
3361 5066 3508 5122 Noe:
3537 5067 3717 5140 Ingre-

2144 5167 2261 5222 dere
2284 5175 2339 5220 tu
2363 5174 2409 5220 et
2437 5164 2598 5219 omnis
2622 5162 2803 5218 domus
2828 5174 2915 5214 tua
2943 5162 2995 5215 in
3015 5176 3188 5215 arcam
3213 5158 3374 5233 (Cap.
3400 5157 3486 5229 Ἰ).
3522 5157 3718 5213 Deinde

2146 5269 2205 5314 ut
2222 5258 2450 5313 sciamus
2470 5257 2643 5324 ipsum
2664 5268 2768 5308 non
2789 5254 2956 5323 gratia
2977 5252 3249 5309 dumtaxat
3264 5250 3464 5320 justum
3484 5266 3716 5311 servare.

2147 5348 2241 5404 sed
2288 5355 2344 5401 et
2385 5345 2625 5401 laborum
2676 5341 2954 5397 mercedes
2993 5341 3115 5413 ipsi,
3156 5350 3210 5396 et
3254 5338 3466 5393 virtutis
3507 5339 3719 5409 prmmia

2150 5442 2400 5503 tribucre,
2445 5437 2592 5493 dicit:
2635 5435 2763 5491 ldeo
2803 5434 2894 5488 tibi
2924 5435 3145 5504 impero,
3175 5443 3231 5487 ut
3261 5442 3316 5486 tu
3344 5441 3398 5488 et
3425 5430 3617 5486 domus
3638 5442 3720 5486 tua

2147 5531 2324 5587 omnis
2352 5529 2405 5583 in
2436 5541 2612 5582 arcam
2640 5524 3030 5595 ingrediamiui,
3067 5522 3199 5586 Quia
3223 5532 3269 5575 te
3288 5521 3389 5574 vidi
3413 5522 3611 5591 justum
3635 5536 3721 5574 co-

2147 5638 2260 5676 ram
2286 5637 2364 5674 me
2389 5616 2442 5672 in
2474 5616 2791 5688 generatione
2826 5614 2944 5667 ista.
2984 5612 3230 5682 Magnum
3273 5620 3328 5666 ct
3370 5611 3474 5666 fide
3511 5611 3720 5680 dignum

2151 5711 2535 5770 testimonium.
2566 5705 2703 5776 Quid
2744 5707 2886 5763 enim
2927 5706 3029 5761 hoc
3063 5705 3233 5773 majus
3271 5715 3433 5769 esset,
3460 5718 3583 5758 cum
3614 5704 3720 5771 ipse

2154 5803 2429 5872 Conditor,
2457 5810 2514 5858 et
2537 5802 2628 5873 qui
2652 5815 2775 5856 eum
2802 5808 2860 5856 ut
2877 5808 3022 5856 esset
3054 5796 3318 5869 produxit,
3348 5794 3472 5851 talia
3498 5791 3722 5862 dejusto
