4078 6458
202 430 314 485 2H

204 545 658 616 κατακλυσμὸν
681 544 898 608 ὕδατος
927 541 1308 611 καταφθεῖραι
1342 539 1548 594 πᾶσαν
1577 539 1793 608 σάρκα.
1823 541 1892 594 ἐν

202 627 245 705 ᾖ
275 633 423 686 ἐστι
461 630 700 700 πνεῦμα
741 627 886 698 ζωῆς
914 627 1195 685 ὑποκάτω
1233 627 1340 682 τοῦ
1369 627 1650 696 οὐρανοῦ.
1687 626 1798 680 Καὶ
1828 624 1898 678 τά

207 723 422 792 κτήνη,
455 721 610 790 φησὶ,
637 720 732 774 καὶ
766 719 836 772 τὰ
867 717 1106 780 πετεινὰ,
1139 718 1232 772 καὶ
1258 715 1328 769 τὰ
1362 715 1555 788 θηρία,
1588 716 1657 769 τὰ
1693 715 1788 768 καὶ
1816 731 1898 768 τε·

209 809 491 880 τράποδα,
517 808 614 862 καὶ
643 809 744 862 ὅσα
775 805 922 860 ἐστὶν
941 804 1198 858 ὑποκάτω
1214 803 1310 858 τοῦ
1337 801 1588 874 οὐρανοῦ,
1618 801 1898 872 καταφθα-

209 898 478 966 ρήσεται.
509 894 620 948 Καὶ
655 893 742 947 ἵνα
766 892 968 964 μάθῃς,
1001 890 1152 963 [ΞΞΞΙ
1181 891 1262 945 ὅτι
1284 889 1436 944 οὐδὲν
1461 888 1896 960 καταλειφθήσε-

206 1001 310 1037 ται
351 997 402 1050 ι,
439 983 592 1053 φησὶ,
615 981 725 1036 Καὶ
751 981 870 1035 ὅσα
892 979 1066 1034 ἐστὶν
1091 977 1191 1032 ἐπὶ
1231 977 1344 1046 τῆς
1385 977 1495 1048 γῆς
1525 977 1892 1046 τελευτήσει.

211 1072 338 1124 Καὶ
397 1069 508 1141 γὰρ
553 1067 854 1139 καθαρσίου
908 1065 1094 1120 λοιπὸν
1119 1065 1288 1119 δεῖται
1318 1066 1352 1135 ὴ
1381 1065 1672 1136 οἰκουμένη
1701 1105 1718 1131 ,
1762 1063 1898 1120 ἀλλά

209 1157 388 1212 τοῦτο
423 1159 498 1228 μή
541 1173 602 1210 σε
638 1155 968 1226 ταραττέτω,
1000 1153 1136 1225 μηδὲ
1171 1153 1440 1224 συγχείτω
1469 1171 1562 1207 σου
1605 1154 1699 1208 τὸν
1751 1153 1899 1222 λογι-

214 1247 388 1316 σμὸν.
434 1243 606 1316 Ὁρῶν
649 1243 757 1314 γὰρ
785 1241 965 1298 αὐτῶν
991 1241 1086 1294 τοῦ
1118 1240 1310 1304 ἑλκους
1333 1240 1396 1294 τὸ
1423 1241 1669 1306 ἀνίατον,
1702 1243 1897 1311 στῆσαι

214 1333 494 1404 βούλομαι
515 1331 584 1384 τὰ
611 1329 711 1400 τῆς
740 1329 938 1392 κακίας
962 1327 1232 1400 ῥεύματα,
1260 1327 1346 1380 ἵνα
1377 1327 1452 1399 μὴ
1485 1327 1694 1398 μείζοσι
1727 1345 1898 1398 τιμω-

213 1422 375 1492 ρίαις
403 1420 630 1480 ἑαυτοὺς
651 1417 981 1480 ὑπευθύνους
1011 1415 1411 1485 καταστήσωσι.
1439 1415 1529 1466 Διὸ
1553 1413 1648 1467 καὶ
1675 1413 1768 1466 νῦν
1800 1413 1897 1484 τὴν

211 1506 427 1562 ἑαυτοῦ
456 1504 644 1574 φιλανθ
655 1505 862 1576 ρωπίαν
895 1502 1249 1575 μιμούμενος,
1276 1503 1368 1555 καὶ
1387 1500 1682 1572 ἀγαθὸτητι
1703 1518 1898 1572 κεραν-

211 1598 320 1659 νὺς
352 1595 455 1666 τὴν
475 1593 870 1663 ἀγανάκτησιν,
899 1594 1153 1660 τοιαύτην
1176 1591 1366 1658 ἐπάγω
1391 1591 1488 1661 τὴν
1511 1590 1800 1661 τιμωρίαν,
1822 1589 1896 1654 ὡς

211 1681 502 1738 ἀνώδυνον
537 1681 720 1741 αὐτοῖς
754 1678 1006 1746 γενέσθαι
1045 1679 1139 1731 καὶ
1172 1677 1587 1748 ἀνεπαίσθητον.
1629 1678 1761 1730 Οὐδὲ
1789 1677 1896 1748 γὰρ

214 1769 369 1842 πρὸς
395 1767 458 1821 τὸ
490 1767 598 1820 τῶν
630 1766 1036 1838 ἡμαρτημένων
1062 1766 1245 1829 αὐτοῖς
1269 1764 1496 1836 μέγεθος
1517 1763 1756 1836 ἀφορῶν,
1779 1765 1896 1818 οὐδέ

213 1858 393 1912 τίνων
433 1855 571 1920 ἄξιοι
595 1853 974 1924 τυγχάνουσιν,
1001 1851 1136 1906 ἀλλά
1164 1851 1231 1905 τά
1263 1851 1399 1923 μετά
1418 1851 1590 1905 ταῦτα
1625 1850 1894 1924 προορῶν,

215 1943 323 1998 καὶ
350 1942 560 2006 τούτοις
583 1941 840 2013 βούλομαι
868 1939 966 2010 τὴν
991 1939 1367 2010 ἁρμόττουσαν
1392 1939 1661 2010 τιμωρίαν
1691 1940 1898 2008 ἐπαγα-

215 2036 344 2100 γεῖν
365 2071 379 2091 .
418 2030 514 2084 καὶ
541 2029 666 2092 τοῦς
693 2027 819 2098 ἑξῆς
855 2025 1152 2098 μέλλοντας
1185 2023 1404 2078 ἔσεσθαι
1432 2026 1529 2097 τῆς
1581 2026 1647 2080 ἑκ
1692 2025 1896 2080 τούτων

215 2116 536 2182 ἀπαλλάξαι
567 2115 765 2186 λύμης.
795 2113 887 2186 Μὴ
927 2113 1101 2166 τοίνυν
1125 2113 1376 2183 κατηφὴς
1421 2111 1542 2177 ἑσο,
1581 2112 1713 2184 μηδὲ
1738 2112 1897 2185 θορυ-

215 2207 324 2261 ϐοῦ
345 2204 522 2260 ταῦτα
547 2201 782 2258 ἀκούων.
808 2202 871 2256 Εἰ
901 2201 1011 2272 γὰρ
1039 2201 1132 2254 καὶ
1171 2198 1413 2262 ἐκείνους
1439 2198 1564 2264 ἀξία
1587 2199 1694 2254 τῶν
1717 2201 1897 2271 ἡμαρ-

213 2313 288 2364 τε,
297 2293 483 2364 μένων
513 2291 632 2362 δίκη
659 2289 1046 2359 καταλήψεται,
1075 2286 1210 2342 ἀλλά
1233 2286 1442 2354 Στήσω
1469 2286 1582 2358 τὴν
1604 2287 1899 2357 διαθήκην

213 2398 345 2451 μου
362 2377 518 2449 μετὰ
539 2377 676 2432 σοῦ.
709 2373 926 2446 Ἐπειδὴ
956 2375 1155 2437 πάντες
1185 2373 1234 2425 οἱ
1262 2371 1625 2440 προλαϐόντες
1647 2371 1897 2439 ἀναξίους

218 2467 458 2528 ἑαυτοὺς
491 2464 852 2534 κατέστησαν,
876 2461 969 2515 καὶ
993 2462 1054 2514 οὐ
1079 2459 1362 2528 γεγόνασιν
1391 2458 1732 2531 εὐγνώμονες
1767 2461 1898 2532 περὶ

219 2556 330 2620 τὰς
363 2553 506 2625 ἑμάς
539 2549 757 2616 ἐντολὰς
783 2590 797 2613 ,
833 2549 970 2622 μετά
1000 2547 1095 2602 σοῦ
1131 2549 1317 2602 λοιπὸν
1359 2549 1542 2620 στήσω
1573 2549 1673 2619 τὴν
1707 2548 1896 2622 διαθή-

221 2661 336 2714 κην
361 2658 484 2712 μου.
515 2640 622 2692 Καὶ
647 2639 754 2710 γὰρ
779 2640 807 2692 6
832 2636 1274 2710 πρωτόπλαστος,
1296 2636 1432 2708 μετά
1453 2636 1718 2702 τοσαύτας
1741 2638 1898 2708 εὐερ-

222 2731 424 2801 γεσίας
454 2729 668 2798 ἀπάτην
711 2726 1009 2797 ὑπομείνας
1031 2764 1046 2790 ,
1081 2724 1298 2796 παρέϐη
1349 2742 1450 2794 μου
1499 2723 1597 2789 τὰς
1645 2725 1896 2792 ἐντολὰς,

223 2820 326 2872 καὶ
353 2819 383 2872 6
415 2815 474 2883 ἐξ
499 2815 708 2869 ἐκείνου
735 2813 896 2868 πάλιν
923 2813 1134 2883 τεχθεὶς
1163 2814 1244 2876 είς
1273 2811 1434 2866 αὐτὸν
1461 2812 1560 2882 τῆς
1585 2813 1780 2877 κακίας
1807 2815 1899 2867 τὸν

225 2904 487 2976 πυθμένα
519 2901 713 2956 ὤλισθε
733 2917 748 2932 ⁸
775 2901 856 2954 διδ
885 2899 980 2953 καὶ
1013 2899 1232 2971 διηνεκῆ
1266 2899 1364 2970 τὴν
1385 2899 1654 2971 τιμωρίαν
1683 2900 1900 2966 ἐδέξατο

231 2992 375 3065 μετά
403 2993 503 3062 τῆς
530 2990 795 3062 κατάρας.
840 2988 976 3042 Ἀλλ’
1001 2989 1124 3041 οὐδὲ
1153 2990 1272 3050 ταῖς
1303 2987 1490 3041 τούτου
1527 2989 1816 3059 τιμωρίαις
1849 2989 1900 3042 οἱ

232 3082 354 3150 μετ’
385 3079 546 3133 αὐτὸν
569 3075 1066 3150 ἑσωφρονίσθησαν.
1098 3075 1235 3131 ἀλλά
1269 3075 1359 3130 καὶ
1391 3076 1898 3146 ἐπεδαψιλεύσαντο,

229 3169 308 3234 ὡς
335 3167 433 3222 καὶ
459 3167 559 3238 τῆς
593 3163 940 3236 γενεαλογίας
973 3164 1170 3227 αὐτοὺς
1199 3165 1723 3236 ἀποδοκιμασθῆναι.
1749 3164 1902 3220 Μετά

229 3255 296 3328 δὴ
323 3253 500 3308 ταῦτα
529 3249 706 3320 εὑρὼν
739 3250 827 3304 τὸν
865 3248 1034 3320 Ἑνὼχ
1064 3252 1162 3320 τῆς
1198 3250 1400 3321 ἀρετῆς
1436 3250 1534 3321 τῆν
1575 3251 1759 3305 εἰκόνα
1787 3251 1903 3305 δια-

233 3341 501 3407 σώζοντα,
527 3337 616 3393 διὰ
647 3339 744 3409 τὴν
771 3337 970 3408 πολλὴν
992 3337 1348 3409 εὐαρέστησιν
1375 3336 1553 3402 ζῶντα
1578 3339 1738 3392 αὐτὸν
1772 3357 1902 3410 μετ-

233 3429 432 3499 έθηκα,
462 3427 676 3489 δεικνὺς
709 3427 804 3480 καὶ
847 3427 960 3485 τοῖς
997 3423 1095 3496 τὴν
1149 3422 1349 3494 ἀρετὴν
1406 3424 1713 3494 μετιοῦσιν,
1763 3426 1903 3480 ὅσων

234 3514 618 3580 καταξιοῦνται
667 3513 774 3566 τῶν
803 3511 1042 3584 ἁμοιϐὦν
1067 3551 1082 3577 ,
1117 3511 1212 3564 καὶ
1243 3511 1562 3582 βουλόμενος
1606 3515 1732 3578 τοὺς
1776 3514 1904 3584 ἑξῆς

235 3602 486 3674 ζηλωτάς
515 3601 721 3654 ἐκείνου
754 3599 1088 3670 καταστῆσαι
1119 3599 1168 3664 δ,
1201 3600 1294 3652 καὶ
1345 3599 1444 3670 τὴν
1494 3601 1666 3672 αὐτὴν
1714 3602 1904 3673 ἐκείνῳ

237 3689 454 3760 βαδίσαι
485 3687 618 3742 ὁδόν.
656 3685 808 3738 Ἐπεὶ
840 3685 1046 3748 τοίνυν,
1087 3685 1303 3738 πάντων
1335 3686 1520 3738 λοιπὸν
1560 3688 1652 3740 ἐπὶ
1677 3689 1775 3758 τὴν
1807 3705 1906 3741 κα-

234 3778 364 3831 κίαν
391 3773 876 3844 αὐτομολησάντων
895 3814 911 3838 ,
948 3771 1008 3826 σὲ
1043 3773 1200 3844 μόνον
1227 3765 1386 3844 εὗρον
1419 3775 1476 3826 ἐν
1503 3775 1742 3846 τοσούτῳ
1771 3775 1907 3848 πλή-

236 3864 323 3919 θει
355 3862 652 3934 δυνάμενον
680 3859 1120 3916 ἀνακαλέσασθαι
1147 3858 1240 3914 τοῦ
1279 3861 1624 3932 προπάτορος
1655 3864 1752 3934 τὴν
1801 3882 1904 3917 πα-

241 3951 509 4026 ράϐασιν,
548 3948 684 4020 μετά
717 3947 810 4000 σοῦ
865 3949 1045 4018 στήσω
1089 3948 1188 4018 τὴν
1226 3947 1489 4018 διαθήκην
1537 3967 1660 4020 μου.
1702 3951 1764 4004 Ἡ
1796 3953 1905 4024 γὰρ

235 4040 348 4095 τῶν
383 4036 724 4109 βεϐιωμένων
755 4052 836 4088 σοι
861 4035 1058 4106 πρᾶξις
1089 4033 1399 4099 ἀξιόπιστόν
1425 4053 1482 4088 σε
1506 4036 1740 4090 δείκνυσι
1769 4041 1906 4110 πρδς

235 4128 300 4183 τὸ
325 4124 581 4192 δέξασθαι
634 4121 734 4186 τάς
781 4123 912 4194 παρ’
945 4121 1080 4193 ἐμοῦ
1115 4121 1351 4184 ἐντολάς.
1390 4119 1524 4176 Εἶτα
1571 4123 1662 4178 ἵνα
1691 4124 1765 4196 μὴ
1813 4127 1906 4180 καὶ

237 4214 416 4270 ταῦτα
459 4209 670 4265 ἀκούων
714 4211 743 4262 6
791 4209 998 4272 δίκαιος
1039 4210 1244 4272 ἐκεῖνος
1275 4209 1352 4262 ἐτι
1388 4209 1598 4280 ἀθυμῇ,
1634 4211 1712 4276 ώς
1745 4213 1908 4282 μόνος

241 4300 454 4373 μέλλων
478 4295 1000 4368 καταλειφθήσεσθαι
1019 4337 1032 4361 ,
1076 4295 1564 4367 παραμυθούμενος
1599 4298 1760 4352 αὐτὸν
1781 4339 1794 4363 ,
1831 4300 1906 4364 ὡς

239 4391 418 4444 εἰπεῖν
439 4426 453 4450 ,
483 4385 646 4440 πάλιν
690 4383 879 4455 φησίν·
907 4385 1244 4452 Εἰσελεύσῃ
1294 4384 1358 4438 δὲ
1387 4386 1474 4451 εἰς
1501 4385 1617 4454 τὴν
1660 4388 1909 4442 κιϐωτὸν

240 4478 346 4544 σὺ,
371 4475 472 4531 καί
507 4477 562 4528 οί
591 4475 712 4528 υίοί
740 4487 879 4536 σου,
912 4473 1010 4526 καὶ
1045 4474 1083 4541 ἠ
1121 4472 1276 4541 γυνή
1304 4487 1420 4526 σου
1441 4512 1454 4536 ,
1487 4473 1585 4527 καὶ
1609 4476 1669 4528 αἰ
1702 4476 1906 4545 γυναῖ-

240 4581 350 4631 κες
379 4562 500 4616 τῶν
527 4559 676 4616 υἱῶν
701 4575 818 4614 σου
843 4560 992 4629 μετά
1019 4559 1154 4614 σοῦ.
1179 4559 1243 4612 EE
1271 4559 1381 4632 γὰρ
1401 4561 1495 4614 καὶ
1525 4561 1658 4615 πολὺ
1687 4566 1786 4635 τῆς
1813 4565 1907 4618 τοῦ

240 4651 453 4706 δικαίου
481 4647 684 4722 ἀρετῆς
730 4646 1038 4711 ἐλείποντο,
1074 4646 1188 4700 ἀλλ’
1227 4647 1374 4717 ὅμως
1409 4651 1507 4720 τῆς
1543 4648 1910 4721 ὑπερϐαλλού-

243 4755 348 4809 σης
380 4737 604 4791 ἐκείνων
634 4733 833 4797 κακίας
859 4734 1015 4798 ἐκτὸς
1043 4729 1204 4806 ἦσαν.
1233 4733 1443 4798 ’Ἄλλως
1473 4735 1530 4788 δέ
1574 4738 1668 4790 καὶ
1693 4738 1780 4793 διὰ
1817 4739 1911 4793 δύο

240 4823 449 4886 ταύτας
472 4822 572 4884 τὰς
593 4820 770 4884 αἰτίας
791 4819 890 4890 τῆς
921 4819 1195 4892 σωτηρίας
1228 4819 1590 4888 ἀπολαύουσι,
1623 4823 1752 4894 μίαν
1788 4825 1907 4896 μὲν,

242 4914 327 4976 εἰς
352 4908 518 4980 τιμὴν
547 4906 642 4963 τοῦ
689 4907 898 4962 δικαίου
921 4922 936 4938 ο
969 4907 1088 4970 ἑθος
1120 4915 1229 4977 γάρ
1271 4907 1350 4979 τῷ
1401 4909 1765 4984 φιλανθρώπῳ
1792 4913 1910 4986 Θεῷ

243 4999 410 5069 τιμᾷν
438 4998 566 5060 τοὺς
597 4993 763 5050 αὐτοῦ
799 4994 1016 5059 δούλους
1041 5036 1054 5058 ,
1087 4995 1180 5050 καὶ
1223 4995 1540 5066 χαρίζεσθαι
1572 4999 1757 5064 αὐτοῖς
1783 5003 1912 5056 πολι

243 5086 404 5148 λάκις
444 5083 542 5156 τὴν
580 5083 784 5154 ἑτέρων
833 5083 1105 5155 σωτηρίαν
1127 5124 1140 5142 .
1181 5083 1209 5136 ὃ
1242 5085 1336 5138 καὶ
1385 5085 1481 5139 ἐπὶ
1515 5085 1608 5140 τοῦ
1641 5091 1912 5163 μακαρίου

247 5171 462 5227 Παύλου
500 5169 790 5241 πεποίηκε,
830 5171 923 5224 τοῦ
947 5169 1264 5224 διδασκάλου
1298 5173 1397 5244 τῆς
1426 5175 1748 5246 οἰκουμένης
1771 5214 1785 5238 ,
1818 5177 1912 5230 τοῦ

245 5257 524 5328 πανταχοῦ
548 5257 648 5320 τὰς
677 5257 900 5320 ἀκτῖνας
925 5259 1024 5327 τῆς
1048 5257 1253 5322 οἰκείας
1276 5258 1616 5325 διδασκαλίας
1641 5261 1910 5330 ἀφιέντος.

258 5345 452 5400 Ἠνίκα
479 5345 587 5418 γάρ
627 5337 781 5407 οὗτος
811 5343 903 5396 ἐπὶ
935 5343 1035 5413 τὴν
1075 5343 1296 5414 Ῥώμην
1333 5345 1565 5416 ἀνήγετο
1591 5386 1605 5408 ,
1649 5349 1915 5418 χειμῶνος

245 5433 390 5510 κατά
414 5433 513 5504 τὴν
542 5431 810 5486 θάλατταν
843 5429 1038 5484 πολλοῦ
1070 5431 1363 5502 γενομένου
1383 5475 1398 5498 ,
1423 5433 1519 5486 καὶ
1554 5435 1770 5490 πάντων
1807 5435 1916 5491 τῶν

245 5521 306 5574 ἐν
333 5518 414 5592 τῷ
443 5517 614 5588 πλοίῳ
645 5518 775 5589 περὶ
803 5518 972 5588 αὐτῆς
1007 5521 1106 5590 τῆς
1136 5519 1408 5590 σωτηρίας
1439 5519 1752 5576 δεδοικότων
1771 5561 1788 5587 ,
1824 5524 1916 5577 καὶ

245 5606 506 5676 οὐδεμίαν
537 5605 730 5660 ἐλπίδα
762 5605 914 5678 [2‘25]
941 5605 1182 5678 χρηστὴν
1211 5607 1442 5676 ἐχόντων
1471 5607 1557 5661 διὰ
1585 5609 1646 5661 τὸ
1677 5609 1772 5663 τοῦ
1801 5610 1919 5664 κλυ-

245 5694 438 5750 δωνίου
475 5693 740 5764 μέγεθος,
771 5693 1007 5756 καλέσας
1035 5693 1280 5758 ἅπαντάς
1323 5712 1494 5764 ⁷φησιν
1516 5712 1531 5728 ⁶
1572 5698 1916 5766 Εὐθυμεῐτε,

247 5782 486 5850 ἄνδρες.
505 5779 790 5848 Ἀποϐολὴ
814 5781 922 5850 γὰρ
946 5781 1156 5850 ψυχῆς
1181 5781 1428 5852 οὐδεμία
1455 5783 1624 5838 ἔσται
1653 5784 1723 5850 ἐξ
1750 5783 1919 5856 ἡμῶν

247 5867 420 5936 πλὴν
444 5867 554 5922 τοῦ
588 5869 826 5922 πλοίου.
859 5867 1133 5936 Παρέστη
1168 5869 1279 5939 γάρ
1301 5888 1399 5940 μοι
1425 5873 1610 5940 ταύτῃ
1647 5871 1721 5942 τῇ
1743 5890 1810 5928 νε
1823 5873 1914 5928 λιτὶ

309 6008 328 6028 '
367 6004 518 6055 Savil.
543 6009 599 6054 et.
625 6005 706 6054 alii
737 6005 1146 6067 ὐπολειφῇσεται.

312 6067 340 6108 δ
365 6067 544 6120 Morel.
571 6067 780 6126 ζηλωτὰς
811 6065 958 6116 αὐτοῦ
998 6073 1304 6127 καταστῆναι.

1382 425 1446 480 ΙΝ
1483 425 1634 481 CAP.
1671 425 1738 480 Vl
1774 425 2018 482 GENES.
2059 423 2289 481 HOMIL.
2333 425 2521 480 XXIV.

3560 405 3669 476 2m

2000 538 2106 593 τοῦ
2134 539 2305 603 Θεοῦ,
2331 535 2404 596 οὗ
2433 541 2548 608 ειμι
2579 539 2674 594 καί
2706 541 2993 608 λατρεύω,
3038 539 3292 611 ἅγγελος
3334 537 3544 607 λέγων,
3570 539 3668 608 Μὴ

1995 626 2206 694 ριίτοῦ,
2241 625 2444 682 Παῦλε
2471 665 2486 690 ,
2517 625 2866 694 κεχάρισται
2903 625 3014 696 γάρ
3038 644 3138 682 σοι
3171 629 3204 682 ό
3253 625 3398 692 Θεὸς
3438 623 3670 692 πάντας

1996 711 2137 779 τοὺς
2161 712 2458 778 πλέοντας
2487 713 2640 782 μετὰ
2671 713 2809 768 σοῦ.
2850 709 3002 778 Εἶδες
3035 713 3154 778 πῶς
3185 716 3218 786 ή
3247 711 3418 783 ἀρετὴ
3451 711 3547 765 τοῦ
3576 713 3669 766 ἀν-

1994 799 2121 868 δρὸς
2151 798 2250 870 τήν
2279 799 2553 871 σωτηρίαν
2583 799 2813 863 ἐκείνοις
2842 800 3209 873 προεξένησες
3259 799 3457 870 μᾶλλον
3487 799 3544 853 δὲ
3569 801 3668 870 οὐχ

1995 885 2026 952 ἠ
2063 883 2232 953 ἀρετὴ
2265 881 2444 952 μόνον,
2485 881 2621 936 ἀλλά
2651 883 2746 937 καὶ
2779 885 2812 954 ὴ
2840 883 3221 956 φιλανθρωπία
3248 882 3342 936 τοῦ
3371 882 3664 937 Δεσπότου.

1997 964 2100 1018 Τὸν
2129 965 2292 1018 αὐτὸν
2319 964 2384 1036 δὴ
2413 965 2610 1038 τρόπον
2639 967 2732 1019 καὶ
2779 965 2874 1020 νῦν
2901 966 2990 1020 διὰ
3025 967 3156 1038 μίαν
3203 967 3300 1038 μὲν
3327 965 3504 1020 αἰτίαν
3534 964 3668 1020 ταύ-

1995 1069 2095 1121 την
2114 1069 2128 1083 ·
2163 1051 2230 1106 δι’
2261 1051 2457 1124 ἑτέραν
2485 1053 2566 1116 δέ,
2596 1052 2782 1125 ἐπειδὴ
2823 1054 3074 1108 ἐϐούλετο
3104 1053 3281 1124 ζύμην
3309 1051 3432 1107 τινὰ
3457 1053 3552 1106 καὶ
3583 1051 3668 1122 ρί-

1997 1137 2098 1202 ζαν
2143 1138 2238 1192 τοῦ
2275 1139 2564 1210 μέλλοντος
2593 1142 2674 1204 εἰς
2717 1141 2780 1196 τὸ
2807 1140 2935 1213 ἑξῆς
2963 1139 3314 1196 συνίστασθαι
3346 1141 3536 1208 γένους
3570 1155 3670 1221 κμ-

1995 1225 2348 1298 ταλειφθῆναι
2380 1243 2396 1258 ·
2443 1228 2544 1282 οὐκ
2595 1228 2784 1300 ἐπειδὴ
2839 1229 3099 1282 ἀδύνατον
3155 1225 3224 1300 ἦν
3274 1227 3352 1300 τῷ
3401 1227 3520 1299 Θεῷ
3577 1227 3671 1282 καὶ

1998 1313 2204 1368 ἄνωθεν
2244 1314 2408 1368 πάλιν
2447 1315 2776 1384 διαπλάσαι,
2807 1317 2900 1370 καὶ
2949 1317 3008 1383 ἐξ
3062 1317 3178 1380 ἑνὸς
3233 1317 3394 1388 μόνου
3425 1317 3486 1371 τὸ
3514 1317 3671 1388 γένος

1999 1401 2229 1470 αὐξῆσαι
2249 1418 2263 1431 ο
2296 1401 2409 1455 ἀλλ’
2427 1403 2613 1474 ἐπειδὴ
2649 1401 2822 1468 οῦτως
2855 1405 3166 1476 ἐδοκίμασε,
3197 1405 3294 1476 τὴν
3325 1405 3501 1459 οίκίαν
3531 1406 3669 1475 ἀγα-

1999 1487 2195 1558 θότητα
2219 1491 2574 1559 μιμούμενος.

2065 1573 2131 1631 ε’.
2164 1575 2433 1628 Σκόπειδὲ
2455 1575 2549 1628 καὶ
2571 1575 2657 1629 διὰ
2679 1575 2788 1627 τῶν
2804 1575 2930 1648 ἑξῆς
2953 1575 3048 1630 τοῦ
3065 1575 3197 1630 Θεοῦ
3222 1577 3320 1649 τὴν
3336 1577 3664 1648 ἀγαθότητα.

2000 1662 2210 1734 Ὥσπερ
2243 1662 2351 1734 γὰρ
2379 1665 2436 1716 ἐν
2462 1666 2528 1734 τῇ
2557 1663 2752 1735 ἀπειλῇ
2781 1667 2880 1735 τῆς
2915 1665 3185 1737 τιμωρίας
3213 1706 3226 1728 ,
3267 1665 3404 1736 μετά
3428 1665 3522 1718 τοῦ
3560 1667 3670 1720 τῶν

1999 1749 2300 1822 ἀνθρώπων
2329 1750 2518 1820 γένους
2547 1751 2638 1805 καὶ
2681 1751 2750 1805 τά
2775 1753 2949 1822 κτήνη
2980 1753 3073 1805 καὶ
3100 1750 3168 1806 τὰ
3207 1751 3416 1822 ἑρπετά
3434 1791 3450 1820 ,
3480 1753 3574 1806 καὶ
3602 1755 3672 1808 τὰ

1997 1837 2242 1902 πετεινὰ,
2276 1837 2469 1890 καὶτὰ
2495 1837 2660 1910 θηρία
2683 1838 2978 1892 ἀπολέσθαι
3031 1832 3210 1892 εἶπεν·
3261 1837 3406 1893 οὕτω
3448 1840 3543 1893 καὶ
3586 1840 3673 1892 ἐν-

1996 1923 2170 1977 ταῦθα
2189 1924 2278 1978 διὰ
2299 1923 2391 1978 τὸν
2427 1925 2634 1978 δίκαιον
2663 1925 2757 1978 καὶ
2787 1925 2852 1978 ἐκ
2885 1925 3090 1979 τούτων
3117 1925 3440 1996 εἰσαχθῆναι
3466 1927 3546 1991 εἰς
3572 1925 3672 1994 τὴν

1997 2011 2230 2066 κιϐωτὸν
2261 2010 2353 2080 ἀφ’
2382 2012 2611 2066 ἑκάστου
2637 2011 2829 2080 γένους
2863 2012 3190 2082 προστάττει
3227 2013 3355 2082 μίαν
3386 2013 3670 2082 συζυγίαν,

1996 2097 2138 2152 ὥστε
2173 2099 2393 2168 σπέρμα
2427 2099 2518 2152 καὶ
2567 2097 2822 2169 ἀπαρχὴν
2868 2099 3124 2166 γενέσθαι
3161 2099 3257 2152 τοῦ
3313 2099 3453 2170 μετά
3495 2099 3671 2154 ταῦτα

1999 2186 2282 2258 μέλλοντος
2325 2185 2542 2240 ἔσεσθαι
2585 2184 2842 2256 πλήθους.
2884 2185 2992 2240 Κτιί
3033 2186 3152 2240 ἀπὸ
3187 2186 3428 2242 πάντων
3449 2228 3464 2252 ,
3513 2189 3667 2258 φησὶ,

1996 2273 2116 2328 τῶν
2138 2271 2394 2341 κτηνῶν,
2425 2271 2526 2326 καὶ
2554 2271 2674 2326 ἀπὸ
2711 2271 2956 2325 πάντων
2985 2271 3104 2326 τῶν
3136 2274 3354 2341 θηρίων
3374 2315 3389 2334 ,
3424 2275 3522 2328 καὶ
3550 2275 3670 2329 ἀπὸ

1996 2359 2202 2427 πάσης
2235 2358 2496 2427 σαρκὸς,
2547 2357 2659 2412 δύο
2697 2357 2806 2412 δύο
2841 2357 2960 2412 ἀπὸ
3009 2357 3252 2412 πάντων
3289 2359 3550 2427 εὶσὰξεις
3585 2363 3672 2428 εἰς

1996 2441 2112 2510 τὴν
2140 2441 2412 2506 κιϐωτὸν,
2445 2441 2547 2494 ἵνα
2575 2439 2802 2510 τρέφῃς
2826 2442 2978 2510 μετὰ
3006 2440 3268 2496 σεαυτοῦ
3294 2457 3308 2472 ·
3339 2441 3530 2510 ἄρσεν
3569 2443 3670 2500 καί

1997 2523 2155 2592 θῆλυ
2184 2523 2452 2578 ἔσονται.
2495 2522 2630 2577 Ἀπὸ
2657 2522 2898 2577 πάντων
2927 2522 3044 2577 τῶν
3076 2523 3301 2592 ὀρνέων
3336 2525 3456 2580 τῶν
3482 2543 3672 2580 πετει-

1996 2602 2120 2656 νῶν
2152 2601 2302 2656 κατὰ
2346 2600 2522 2672 γένος
2547 2642 2562 2665 ,
2608 2602 2708 2655 καὶ
2739 2601 2858 2657 ἀπὸ
2885 2601 3005 2656 τῶν
3031 2601 3268 2672 κτηνῶν
3295 2605 3446 2658 κατὰ
3474 2605 3668 2674 γένος,

1997 2681 2096 2735 καὶ
2134 2682 2251 2736 ἀπὸ
2302 2679 2421 2734 τῶν
2470 2679 2738 2750 ἑρπετῶν
2766 2681 2884 2735 τῶν
2923 2681 3228 2751 ἑρπόντων
3265 2682 3364 2736 ἐπὶ
3405 2682 3514 2752 τῆς
3563 2681 3674 2754 γῆς

1997 2759 2148 2814 κατὰ
2202 2758 2411 2829 γένος,
2457 2759 2566 2814 δύο
2608 2759 2720 2814 δύο
2769 2759 2890 2814 ἀπὸ
2942 2757 3186 2814 πάντων
3219 2762 3672 2816 εἰσελεύσονται

1998 2841 2146 2908 πρὸς
2179 2837 2274 2900 σὲ,
2304 2837 2626 2906 τρέφεσθαι
2653 2841 2804 2906 μετά
2834 2837 3120 2900 σεαυτοῦ,
3155 2837 3346 2907 ἄρσεν
3367 2840 3464 2893 καὶ
3489 2839 3670 2909 θῆλυ.

2000 2918 2168 2972 Τοῦτο
2205 2917 2278 2988 μὴ
2302 2915 2491 2980 ἁπλῶς
2523 2916 2889 2988 παραδράμῃς
2910 2955 2925 2981 ,
2958 2916 3209 2986 ἀγαπητέ
3237 2932 3250 2946 ·
3283 2917 3532 2989 ἐννόησον
3564 2917 3674 2990 γὰρ

1999 2997 2120 3050 ὅσον
2149 2996 2326 3050 ἔτικτε
2351 2995 2429 3066 τῷ
2450 2995 2646 3067 δικαίῳ
2670 2995 2761 3050 τὸν
2788 2994 3316 3066 θόρυϐον,ἑννοοῦντι
3345 2996 3443 3067 τὴν
3472 2997 3673 3050 τούτων

1998 3075 2136 3130 ὅλων
2169 3073 2505 3145 ἐπιμέλειαν.
2540 3074 2615 3128 Οὐ
2645 3073 2754 3145 γὰρ
2781 3073 2940 3144 ἤρκει
2972 3072 3122 3144 αὐτῷ
3147 3075 3179 3144 ή
3215 3074 3437 3146 φροντὶς
3461 3078 3560 3146 τῆς
3577 3093 3676 3142 γυ-

1999 3157 2215 3223 ναικὺς,
2250 3159 2344 3212 καὶ
2392 3156 2501 3210 τῶν
2539 3157 2744 3211 παίδων
2769 3196 2784 3222 ,
2845 3155 2939 3210 καὶ
2971 3157 3080 3210 τῶν
3125 3155 3330 3210 τούτων
3378 3159 3672 3226 γυναικῶν,

2000 3235 2137 3292 ἀλλά
2170 3238 2262 3290 καὶ
2303 3239 2336 3306 ἡ
2369 3237 2610 3308 μέριμνα
2659 3235 2766 3289 τῶν
2815 3235 3088 3290 τοσούτων
3129 3235 3339 3304 ἀλόγων
3369 3237 3463 3290 καὶ
3489 3240 3521 3306 ἡ
3562 3237 3677 3291 δια-

2000 3316 2174 3387 τροφὴ
2203 3315 2574 3386 προσετίθετο.
2632 3314 2770 3368 Ἀλλ’
2804 3315 3098 3385 ἀνάμεινον
3145 3315 3376 3386 μικρὸν,
3419 3318 3513 3369 καὶ
3555 3316 3675 3386 ὕψει

1999 3392 2095 3446 τοῦ
2129 3392 2262 3446 Θεοῦ
2295 3391 2394 3463 τὴν
2422 3391 2754 3464 ἀγαθότητα,
2785 3393 2878 3446 καὶ
2897 3393 3046 3456 ὅπως
3071 3391 3412 3462 ἐπικουφίζει
3440 3393 3536 3464 τὴν
3557 3397 3677 3447 ἐπι-

2002 3471 2265 3542 κειμένην
2299 3470 2555 3542 φροντίδα
2601 3471 2680 3541 τῷ
2727 3471 2940 3542 δικαίῳ.
2983 3471 3065 3524 Σὺ
3103 3470 3172 3524 δὲ
3199 3471 3376 3540 λήψῃ
3418 3471 3674 3538 σεαυτῷ.

2003 3551 2191 3623 φησιν,
2233 3549 2350 3603 ἀπὸ
2383 3548 2628 3602 πάντων
2672 3547 2792 3602 τῶν
2809 3548 3142 3620 ,βρωμάτων
3170 3543 3260 3604 ὧν
3289 3552 3500 3604 ἕδεσθε
3519 3591 3532 3614 ,
3577 3553 3677 3606 καὶ

2003 3627 2292 3693 συνάξεις
2317 3630 2467 3696 πρὸς
2489 3629 2783 3691 σεαυτὸν,
2831 3629 2928 3682 καὶ
2957 3629 3129 3683 ἐσται
3159 3645 3254 3683 σοι
3287 3629 3386 3683 καὶ
3425 3631 3678 3697 ἐκείνοις

2005 3705 2236 3778 φαγεῖν.
2267 3705 2360 3776 Μὴ
2396 3705 2625 3779 νομίσῃς
2647 3745 2660 3769 ,
2702 3709 2895 3777 φησὶν,
2940 3707 3274 3778 ἀπρονόητόν
3309 3725 3368 3762 σε
3407 3709 3677 3780 καταλιμ-

2007 3785 2294 3842 πάνεσθαι.
2341 3785 2472 3838 Ἰδοὺ
2515 3788 2622 3853 γὰρ
2661 3785 2982 3855 προστάττω
3013 3786 3108 3840 καὶ
3144 3787 3212 3840 τὰ
3251 3787 3386 3858 πρὸς
3412 3787 3509 3858 τὴν
3540 3789 3678 3860 ὑμε-

2005 3865 2170 3936 τέραν
2195 3861 2401 3935 τροφὴν
2451 3864 2725 3936 ἀρκοῦντα
2753 3905 2770 3932 ,
2804 3865 2900 3918 καὶ
2948 3866 3018 3919 τὰ
3069 3867 3204 3936 πρὸς
3247 3865 3538 3938 διατροφὴν
3569 3869 3678 3922 τῶν

2005 3943 2216 4011 ἀλόγων
2245 3943 2460 3996 ἅπαντα
2488 3941 2807 4013 εἰσαχθῆναι
2841 3945 2922 4006 είς
2954 3943 3051 4015 τὴν
3086 3945 3336 4009 κιϐωτὸν,
3367 3945 3504 3998 ὥστε
3541 3950 3678 4018 μήτε

2009 4023 2153 4092 ὑμᾶς
2196 4018 2356 4091 λιμοῦ
2393 4021 2488 4072 καὶ
2535 4021 2896 4092 στενοχωρίας
2941 4025 3137 4093 πεῖραν
3167 4021 3384 4087 λαϐεῖν,
3441 4026 3576 4094 μήτε
3608 4026 3679 4078 τὰ

2007 4100 2176 4168 ἄλογα
2205 4097 2570 4168 διαφθαρῆναι
2603 4099 2705 4151 οὐκ
2743 4098 2937 4168 ἔχοντα
2965 4101 3063 4169 τὴν
3098 4099 3430 4171 κατάλληλον
3451 4105 3673 4175 τροφήν.

2006 4177 2114 4232 Καὶ
2141 4177 2415 4244 ἐποίησε,
2439 4176 2592 4245 φησὶ,
2618 4175 2748 4230 Νῶε
2775 4175 2974 4231 πάντα
3003 4177 3121 4232 ὅσα
3151 4177 3486 4233 ἐνετείλατο
3517 4181 3678 4247 αὺτῴ

2007 4258 2220 4324 Κύριος
2256 4257 2290 4308 ὁ
2317 4254 2460 4320 Θεὸς
2485 4293 2499 4320 ,
2535 4254 2722 4320 οὕτως
2749 4254 3058 4322 ἐποίησεν.
3095 4254 3240 4328 Ὅρα
3274 4274 3363 4328 μοι
3399 4257 3559 4312 πάλιν
3585 4261 3677 4312 καὶ

2007 4333 2240 4389 ἐνταῦθα
2263 4333 2540 4404 ἐγκωμίου
2569 4333 2814 4404 μέγεθος.
2833 4333 3137 4401 Ἐποίησε,
3163 4337 3316 4404 φησὶ,
3335 4334 3463 4390 Νῶε
3483 4336 3679 4390 πάντα

2009 4415 2125 4468 ὅσα
2150 4414 2488 4468 ἐνετείλατο
2521 4411 2682 4478 αὐτῷ
2707 4414 2922 4480 Κύριος
2969 4415 3003 4468 ὁ
3035 4417 3197 4480 Θεός.
3235 4416 3310 4469 Οὐ
3340 4415 3400 4468 τὸ
3445 4416 3542 4486 μὲν
3569 4417 3678 4470 τῶν

2009 4492 2410 4563 ἐπιταχθέντων
2436 4493 2517 4554 εἰς
2561 4491 2720 4562 ἔργον
2745 4492 2950 4562 ἧγαγε,
2979 4491 3075 4544 τοῦ
3107 4492 3166 4545 δὲ
3200 4493 3472 4563 ἠμέλησεν
3494 4537 3509 4558 ,
3543 4495 3676 4548 ἀλλά

2010 4575 2188 4628 πάντα
2219 4573 2287 4625 τὰ
2336 4570 2660 4626 ἑνταλθέντα
2701 4572 2946 4642 ἐποίησε,
2993 4574 3088 4626 καὶ
3134 4574 3333 4641 Οὕτως
3367 4575 3674 4644 ἐποίησεν,

2009 4651 2198 4722 ὥσπερ
2231 4649 2534 4705 ἐνετείλατο
2567 4650 2750 4722 αὐτῷ’
2785 4651 2936 4705 οὐδὲν
2967 4652 3295 4724 παρέλιπεν,
3325 4653 3462 4706 ἀλλά
3503 4656 3679 4708 πάντα

2012 4729 2293 4800 ἐπλήρωσε
2317 4767 2331 4792 ,
2363 4729 2458 4782 καὶ
2484 4728 2653 4795 ἔδειξε
2691 4729 2783 4782 καὶ
2805 4729 2873 4782 δι’
2901 4729 3084 4783 αὐτῶν
3107 4731 3216 4785 τῶν
3245 4731 3420 4802 ἔργων
3441 4770 3457 4796 ,
3479 4733 3560 4786 ὃτι
3595 4733 3676 4786 δι·

2011 4807 2178 4872 καίως
2223 4805 2430 4878 ἠξιώθη
2457 4807 2670 4871 εὐνοίας
2703 4807 2852 4878 παρά
2888 4807 2981 4861 τοῦ
3012 4810 3300 4862 Δεσπότου.
3332 4809 3518 4862 Πόσων
3555 4827 3678 4862 στε-

2013 4887 2197 4957 φάνων
2227 4887 2328 4940 οὐκ
2363 4885 2490 4949 ἀξία
2521 4885 2587 4940 ἂν
2618 4885 2827 4955 γένοιτο
2854 4887 2886 4957 ἡ
2928 4888 3199 4958 μαρτυρία
3223 4886 3358 4956 αὕτη
3382 4927 3396 4952 ,
3431 4887 3580 4960 [ΞΩ-ί]
3611 4884 3677 4960 ἧς

2012 4965 2296 5037 ἀπήλαυσε
2335 4963 2487 5035 παρά
2531 4966 2630 5037 τῆς
2678 4965 2829 5030 θείας
2861 4965 3083 5038 Γραφῆς
3114 4967 3142 5019 6
3190 4968 3436 5032 ὃίκαιος;
3475 4967 3570 5030 Τίς
3612 4968 3678 5022 ἀν

2013 5044 2222 5112 γένοιτο
2255 5043 2720 5115 μακαριστότερος
2753 5044 2848 5097 τοῦ
2877 5045 3051 5098 πάντα
3080 5047 3158 5108 είς
3191 5045 3350 5116 ἔργον
3383 5046 3678 5114 ἀγαγόντος

2012 5123 2081 5177 τὰ
2111 5122 2263 5192 παρὰ
2301 5121 2396 5174 τοῦ
2430 5120 2564 5174 Θεοῦ
2605 5121 2925 5176 ἐνταλθέντα
2951 5161 2966 5185 ,
2996 5124 3090 5176 καὶ⁷
3137 5123 3402 5194 τοσαύτην
3434 5125 3681 5196 ὑπακοὴν

2016 5201 2144 5273 περὶ
2169 5201 2238 5254 τὰ
2259 5199 2619 5270 ἑπιταχθέντα
2643 5199 3082 5272 ἐπιδειξαμένου;
3105 5202 3214 5255 Καὶ
3241 5202 3329 5256 ἶνα
3352 5203 3528 5276 μάθῃς
3549 5203 3681 5274 ὅσης

2015 5279 2260 5344 ἀξιοῦται
2289 5277 2376 5332 διὰ
2401 5277 2558 5331 τοῦτο
2581 5279 2680 5348 τῆς
2709 5281 3063 5350 προρρήσεως
3088 5281 3238 5352 παρὰ
3261 5281 3354 5333 τοῦ
3378 5280 3486 5333 τῶν
3512 5283 3683 5338 ἀπάν-

2015 5376 2123 5412 των
2147 5357 2503 5430 δημιουργοῦ,
2533 5357 2700 5412 άκουε
2727 5359 2835 5412 τῶν
2857 5359 3010 5430 ἑξῆς·
3037 5360 3146 5414 Kal
3175 5356 3328 5426 εἷπε,
3360 5361 3493 5431 φησί
3511 5400 3527 5428 ,
3561 5363 3680 5418 Κύ-

2011 5455 2142 5507 ριος
2166 5439 2200 5491 ό
2234 5436 2379 5503 Θεὸς
2405 5435 2554 5505 πρὸς
2575 5436 2702 5490 Νῶε
2725 5453 2739 5466 ⁶
2775 5437 3032 5491 Εἵσελθε
3059 5437 3142 5492 σὺ
3181 5439 3282 5492 καί
3313 5439 3433 5506 πᾶς
3455 5442 3488 5494 ὁ
3517 5437 3683 5508 οἶκός

2017 5531 2134 5570 σου
2157 5517 2244 5582 εις
2273 5514 2388 5582 τὴν
2421 5515 2689 5571 κιϐωτόν.
2721 5513 2854 5568 Εἶτα
2883 5516 2968 5568 ἵνα
3003 5515 3282 5587 μάθωμεν,
3320 5516 3395 5580 ὡς
3417 5518 3477 5570 οὐ
3501 5521 3684 5590 χάριτι

2022 5595 2180 5664 μόνον
2209 5593 2370 5656 σώζει
2403 5593 2492 5647 τὸν
2513 5592 2738 5659 δίκαιον,
2768 5592 2905 5648 ἀλλά
2935 5595 3030 5647 καὶ
3058 5593 3164 5647 τῶν
3194 5594 3370 5649 πόνων
3398 5597 3496 5660 τὰς
3525 5597 3656 5667 ἀμοι
3673 5627 3684 5638 ο

2019 5673 2121 5736 ϐὰς
2153 5671 2300 5741 αὐτῷ
2323 5670 2524 5733 δίδωσι,
2561 5672 2652 5724 καὶ
2674 5671 2775 5740 τῆς
2801 5673 3002 5741 ἀρετῆς
3033 5671 3133 5735 τὰς
3156 5673 3477 5739 ἀντιδόσεις,
3515 5678 3680 5748 φησί·

2019 5750 2117 5804 Διά
2141 5749 2298 5802 τοῦτό
2334 5765 2392 5801 σε
2430 5751 2750 5820 προστάττω
2777 5752 2856 5826 εἰς
2883 5749 2981 5821 τὴν
3009 5750 3239 5804 κιϐωτὸν
3265 5753 3523 5807 εἰσελθεῖν
3547 5773 3608 5826 με
3623 5757 3684 5808 τὰ

2021 5829 2114 5882 τοῦ
2141 5827 2290 5882 οἴκου
2336 5845 2451 5890 σου,
2485 5829 2614 5882 ’Ὅτι
2647 5843 2722 5882 σε
2759 5825 2924 5886 εἶδον
2954 5831 3189 5886 δίκαιον
3230 5831 3510 5888 ἐναντίον
3537 5825 3683 5905 ἐμοῦ

2021 5909 2092 5961 ἐν
2120 5905 2194 5974 τῇ
2221 5905 2394 5975 γενεᾷ
2421 5909 2626 5976 ταύτῃ.
2649 5909 2872 5980 Μεγάλη
2926 5910 3016 5964 καὶ
3059 5909 3368 5975 ἀξιόπιστος
3407 5914 3440 5978 ή
3475 5929 3683 5984 μαρτυ-

2026 5986 2134 6055 ρία.
2159 5985 2224 6036 Τί
2250 5985 2355 6054 γὰρ
2381 5985 2447 6038 ἂν
2480 5986 2688 6054 γένοιτο
2713 5987 2916 6058 ταύτης
2947 5989 3148 6058 μεῖζον,
3173 5989 3299 6040 ὅταν
3329 5988 3488 6050 αὐτὸς
3520 5993 3549 6042 6
3581 5993 3685 6058 Δη-

2027 6062 2283 6134 μιουργὸς
2301 6101 2315 6128 ,
2347 6065 2375 6116 ὁ
2397 6065 2487 6118 καὶ
2520 6068 2598 6131 είς
2622 6066 2680 6120 τὸ
2709 6063 2845 6122 εἶναι
2879 6065 3212 6139 παραγαγὼν
3232 6103 3246 6131 ,
3281 6064 3496 6118 τοιαῦτα
3516 6065 3682 6138 ψηφί-
