  <div class='ocr_page' id='page_1' title='image "/cluster/home/n/w/nwhite01/storage/ocr_20150623/53:no.4:pt.1/coo.31924054869536/213.png"; bbox 0 0 4078 6480; ppageno 0'>
   <div class='ocr_carea' id='block_1_1' title="bbox 308 461 523 517">
    <p class='ocr_par' dir='ltr' id='par_1_1' title="bbox 308 461 523 517">
     <span class='ocr_line' id='line_1_1' title="bbox 308 461 523 517; baseline 0.009 -3"><span class='ocrx_word' id='word_1_1' title='bbox 308 508 314 514; x_wconf 96' lang='grc'>.</span> <span class='ocrx_word' id='word_1_2' title='bbox 416 461 523 517; x_wconf 73' lang='grc'>215</span> 
     </span>
    </p>
   </div>
   <div class='ocr_carea' id='block_1_2' title="bbox 421 555 2094 638">
    <p class='ocr_par' dir='ltr' id='par_1_2' title="bbox 421 555 2094 638">
     <span class='ocr_line' id='line_1_2' title="bbox 421 555 2094 638; baseline -0.008 -18"><span class='ocrx_word' id='word_1_3' title='bbox 421 567 582 638; x_wconf 82' lang='grc' dir='ltr'>ζηται</span> <span class='ocrx_word' id='word_1_4' title='bbox 610 564 735 636; x_wconf 77' lang='grc' dir='ltr'>περὶ</span> <span class='ocrx_word' id='word_1_5' title='bbox 761 563 855 616; x_wconf 77' lang='grc' dir='ltr'>τοῦ</span> <span class='ocrx_word' id='word_1_6' title='bbox 889 562 1132 628; x_wconf 84' lang='grc' dir='ltr'>δικαίου;</span> <span class='ocrx_word' id='word_1_7' title='bbox 1167 562 1284 615; x_wconf 87' lang='grc' dir='ltr'>Ὅτι</span> <span class='ocrx_word' id='word_1_8' title='bbox 1312 576 1406 624; x_wconf 76' lang='grc' dir='ltr'>σε,</span> <span class='ocrx_word' id='word_1_9' title='bbox 1439 561 1607 630; x_wconf 71' lang='grc' dir='ltr'>φησὶν</span> <span class='ocrx_word' id='word_1_10' title='bbox 1627 602 1640 626; x_wconf 90' lang='grc'>,</span> <span class='ocrx_word' id='word_1_11' title='bbox 1670 555 1836 615; x_wconf 80' lang='grc' dir='ltr'>εἷδον</span> <span class='ocrx_word' id='word_1_12' title='bbox 1857 556 2094 610; x_wconf 70' lang='grc' dir='ltr'>δίκαιον</span> 
     </span>
    </p>
   </div>
   <div class='ocr_carea' id='block_1_3' title="bbox 418 647 2095 722">
    <p class='ocr_par' dir='ltr' id='par_1_3' title="bbox 418 647 2095 722">
     <span class='ocr_line' id='line_1_3' title="bbox 418 647 2095 722; baseline -0.009 -12"><span class='ocrx_word' id='word_1_13' title='bbox 418 654 697 710; x_wconf 73' lang='grc' dir='ltr'>ἐναντίον</span> <span class='ocrx_word' id='word_1_14' title='bbox 719 651 888 722; x_wconf 81' lang='grc' dir='ltr'>ἐμοῦ.</span> <span class='ocrx_word' id='word_1_15' title='bbox 931 651 998 704; x_wconf 83' lang='grc' dir='ltr'><strong>Ἦ</strong></span> <span class='ocrx_word' id='word_1_16' title='bbox 1035 649 1242 722; x_wconf 85' lang='grc' dir='ltr'>ἀληθὴς</span> <span class='ocrx_word' id='word_1_17' title='bbox 1279 650 1451 720; x_wconf 88' lang='grc' dir='ltr'>ἀρετὴ</span> <span class='ocrx_word' id='word_1_18' title='bbox 1485 648 1623 719; x_wconf 77' lang='grc' dir='ltr'>αὕτη</span> <span class='ocrx_word' id='word_1_19' title='bbox 1645 689 1660 712; x_wconf 90' lang='grc'>,</span> <span class='ocrx_word' id='word_1_20' title='bbox 1694 649 1822 700; x_wconf 82' lang='grc' dir='ltr'>ὅταν</span> <span class='ocrx_word' id='word_1_21' title='bbox 1856 647 2095 698; x_wconf 87' lang='grc' dir='ltr'>ἐναντίον</span> 
     </span>
    </p>
   </div>
   <div class='ocr_carea' id='block_1_4' title="bbox 424 734 2098 808">
    <p class='ocr_par' dir='ltr' id='par_1_4' title="bbox 424 734 2098 808">
     <span class='ocr_line' id='line_1_4' title="bbox 424 734 2098 808; baseline -0.005 -14"><span class='ocrx_word' id='word_1_22' title='bbox 424 741 519 794; x_wconf 81' lang='grc' dir='ltr'>τοῦ</span> <span class='ocrx_word' id='word_1_23' title='bbox 538 739 675 792; x_wconf 88' lang='grc' dir='ltr'>Θεοῦ</span> <span class='ocrx_word' id='word_1_24' title='bbox 707 755 791 802; x_wconf 89' lang='grc' dir='ltr'>τις</span> <span class='ocrx_word' id='word_1_25' title='bbox 811 737 1017 808; x_wconf 86' lang='grc' dir='ltr'>ταύτην</span> <span class='ocrx_word' id='word_1_26' title='bbox 1039 737 1426 803; x_wconf 81' lang='grc' dir='ltr'>ἐπιδείκνυται,</span> <span class='ocrx_word' id='word_1_27' title='bbox 1453 737 1582 791; x_wconf 84' lang='grc' dir='ltr'>ὅταν</span> <span class='ocrx_word' id='word_1_28' title='bbox 1609 737 1638 789; x_wconf 99' lang='lat'>6</span> <span class='ocrx_word' id='word_1_29' title='bbox 1658 735 1934 805; x_wconf 67' lang='grc' dir='ltr'>ὀφθαλμὸς</span> <span class='ocrx_word' id='word_1_30' title='bbox 1960 734 2098 786; x_wconf 80' lang='grc' dir='ltr'>ἐκεῖ·</span> 
     </span>
    </p>
   </div>
   <div class='ocr_carea' id='block_1_5' title="bbox 425 817 2098 897">
    <p class='ocr_par' dir='ltr' id='par_1_5' title="bbox 425 817 2098 897">
     <span class='ocr_line' id='line_1_5' title="bbox 425 817 2098 897; baseline -0.004 -17"><span class='ocrx_word' id='word_1_31' title='bbox 425 845 515 891; x_wconf 88' lang='grc' dir='ltr'>νος</span> <span class='ocrx_word' id='word_1_32' title='bbox 552 829 581 880; x_wconf 88' lang='grc' dir='ltr'>ό</span> <span class='ocrx_word' id='word_1_33' title='bbox 619 825 1059 897; x_wconf 87' lang='grc' dir='ltr'>ἀπαραλόγιστος</span> <span class='ocrx_word' id='word_1_34' title='bbox 1101 824 1203 896; x_wconf 85' lang='grc' dir='ltr'>τὴν</span> <span class='ocrx_word' id='word_1_35' title='bbox 1229 823 1408 894; x_wconf 74' lang='grc' dir='ltr'>ψῆφον</span> <span class='ocrx_word' id='word_1_36' title='bbox 1435 823 1598 896; x_wconf 84' lang='grc' dir='ltr'>φέρῃ.</span> <span class='ocrx_word' id='word_1_37' title='bbox 1655 817 1792 877; x_wconf 80' lang='grc' dir='ltr'>Εἶτα</span> <span class='ocrx_word' id='word_1_38' title='bbox 1829 821 2098 875; x_wconf 76' lang='grc' dir='ltr'>διδάσκων</span> 
     </span>
    </p>
   </div>
   <div class='ocr_carea' id='block_1_6' title="bbox 424 910 2099 986">
    <p class='ocr_par' dir='ltr' id='par_1_6' title="bbox 424 910 2099 986">
     <span class='ocr_line' id='line_1_6' title="bbox 424 910 2099 986; baseline -0.005 -17"><span class='ocrx_word' id='word_1_39' title='bbox 424 916 571 986; x_wconf 80' lang='grc' dir='ltr'>ἡμᾶς</span> <span class='ocrx_word' id='word_1_40' title='bbox 597 915 627 966; x_wconf 88' lang='grc' dir='ltr'>ό</span> <span class='ocrx_word' id='word_1_41' title='bbox 649 912 1031 984; x_wconf 80' lang='grc' dir='ltr'>φιλάνθρωπος</span> <span class='ocrx_word' id='word_1_42' title='bbox 1060 911 1193 976; x_wconf 80' lang='grc' dir='ltr'>Θεὸς</span> <span class='ocrx_word' id='word_1_43' title='bbox 1221 912 1284 965; x_wconf 88' lang='grc' dir='ltr'>τὸ</span> <span class='ocrx_word' id='word_1_44' title='bbox 1319 913 1515 982; x_wconf 78' lang='grc' dir='ltr'>μέτρον</span> <span class='ocrx_word' id='word_1_45' title='bbox 1555 910 1657 980; x_wconf 84' lang='grc' dir='ltr'>τῆς</span> <span class='ocrx_word' id='word_1_46' title='bbox 1688 910 1887 980; x_wconf 78' lang='grc' dir='ltr'>ἀρετῆς</span> <span class='ocrx_word' id='word_1_47' title='bbox 1911 951 1926 976; x_wconf 90' lang='grc'>,</span> <span class='ocrx_word' id='word_1_48' title='bbox 1960 911 2099 980; x_wconf 78' lang='grc' dir='ltr'>ὅπερ</span> 
     </span>
    </p>
   </div>
   <div class='ocr_carea' id='block_1_7' title="bbox 423 995 2100 1073">
    <p class='ocr_par' dir='ltr' id='par_1_7' title="bbox 423 995 2100 1073">
     <span class='ocr_line' id='line_1_7' title="bbox 423 995 2100 1073; baseline -0.004 -17"><span class='ocrx_word' id='word_1_49' title='bbox 423 1001 625 1073; x_wconf 81' lang='grc' dir='ltr'>ἀπῄτει</span> <span class='ocrx_word' id='word_1_50' title='bbox 659 1001 780 1054; x_wconf 89' lang='grc' dir='ltr'>τότε</span> <span class='ocrx_word' id='word_1_51' title='bbox 813 999 966 1072; x_wconf 81' lang='grc' dir='ltr'>παρά</span> <span class='ocrx_word' id='word_1_52' title='bbox 993 999 1086 1053; x_wconf 78' lang='grc' dir='ltr'>τοῦ</span> <span class='ocrx_word' id='word_1_53' title='bbox 1119 999 1329 1052; x_wconf 75' lang='grc' dir='ltr'>δικαίου</span> <span class='ocrx_word' id='word_1_54' title='bbox 1369 999 1466 1068; x_wconf 88' lang='grc' dir='ltr'>(οὑ</span> <span class='ocrx_word' id='word_1_55' title='bbox 1495 997 1605 1068; x_wconf 87' lang='grc' dir='ltr'>γὰρ</span> <span class='ocrx_word' id='word_1_56' title='bbox 1649 998 1711 1052; x_wconf 79' lang='grc' dir='ltr'>τὸ</span> <span class='ocrx_word' id='word_1_57' title='bbox 1737 997 1870 1050; x_wconf 80' lang='grc' dir='ltr'>αὑτὸ</span> <span class='ocrx_word' id='word_1_58' title='bbox 1905 995 2100 1066; x_wconf 78' lang='grc' dir='ltr'>μέτρον</span> 
     </span>
    </p>
   </div>
   <div class='ocr_carea' id='block_1_8' title="bbox 427 1084 2098 1161">
    <p class='ocr_par' dir='ltr' id='par_1_8' title="bbox 427 1084 2098 1161">
     <span class='ocr_line' id='line_1_8' title="bbox 427 1084 2098 1161; baseline -0.003 -19"><span class='ocrx_word' id='word_1_59' title='bbox 427 1089 559 1161; x_wconf 82' lang='grc' dir='ltr'>παρ’</span> <span class='ocrx_word' id='word_1_60' title='bbox 584 1089 817 1143; x_wconf 81' lang='grc' dir='ltr'>ἑκάστου</span> <span class='ocrx_word' id='word_1_61' title='bbox 843 1088 1088 1160; x_wconf 83' lang='grc' dir='ltr'>βούλεται</span> <span class='ocrx_word' id='word_1_62' title='bbox 1122 1089 1220 1158; x_wconf 86' lang='grc' dir='ltr'>τῆς</span> <span class='ocrx_word' id='word_1_63' title='bbox 1248 1089 1448 1158; x_wconf 85' lang='grc' dir='ltr'>ἀρετῆς</span> <span class='ocrx_word' id='word_1_64' title='bbox 1471 1085 1842 1156; x_wconf 80' lang='grc' dir='ltr'>εἰσφέρεσθαι,</span> <span class='ocrx_word' id='word_1_65' title='bbox 1875 1084 2012 1138; x_wconf 89' lang='grc' dir='ltr'>ἀλλά</span> <span class='ocrx_word' id='word_1_66' title='bbox 2031 1085 2098 1154; x_wconf 84' lang='grc' dir='ltr'>τῇ</span> 
     </span>
    </p>
   </div>
   <div class='ocr_carea' id='block_1_9' title="bbox 424 1172 2102 1250">
    <p class='ocr_par' dir='ltr' id='par_1_9' title="bbox 424 1172 2102 1250">
     <span class='ocr_line' id='line_1_9' title="bbox 424 1172 2102 1250; baseline -0.004 -19"><span class='ocrx_word' id='word_1_67' title='bbox 424 1177 661 1250; x_wconf 72' lang='grc' dir='ltr'>διαφορᾷ¹</span> <span class='ocrx_word' id='word_1_68' title='bbox 689 1176 798 1230; x_wconf 89' lang='grc' dir='ltr'>τῶν</span> <span class='ocrx_word' id='word_1_69' title='bbox 831 1177 1036 1248; x_wconf 82' lang='grc' dir='ltr'>χρόνων</span> <span class='ocrx_word' id='word_1_70' title='bbox 1069 1177 1161 1230; x_wconf 78' lang='grc' dir='ltr'>καὶ</span> <span class='ocrx_word' id='word_1_71' title='bbox 1187 1174 1284 1246; x_wconf 82' lang='grc' dir='ltr'>τὴν</span> <span class='ocrx_word' id='word_1_72' title='bbox 1321 1173 1586 1244; x_wconf 79' lang='grc' dir='ltr'>διαφοράν</span> <span class='ocrx_word' id='word_1_73' title='bbox 1613 1172 1712 1240; x_wconf 80' lang='grc' dir='ltr'>τῆς</span> <span class='ocrx_word' id='word_1_74' title='bbox 1749 1172 1951 1244; x_wconf 83' lang='grc' dir='ltr'>ἀρετῆς</span> <span class='ocrx_word' id='word_1_75' title='bbox 1980 1173 2102 1224; x_wconf 84' lang='grc' dir='ltr'>ἐπι·-</span> 
     </span>
    </p>
   </div>
   <div class='ocr_carea' id='block_1_10' title="bbox 425 1258 2102 1338">
    <p class='ocr_par' dir='ltr' id='par_1_10' title="bbox 425 1258 2102 1338">
     <span class='ocr_line' id='line_1_10' title="bbox 425 1258 2102 1338; baseline -0.003 -19"><span class='ocrx_word' id='word_1_76' title='bbox 425 1266 638 1338; x_wconf 78' lang='grc' dir='ltr'>ζητεῖ),</span> <span class='ocrx_word' id='word_1_77' title='bbox 672 1265 838 1336; x_wconf 81' lang='grc' dir='ltr'>φησὶν</span> <span class='ocrx_word' id='word_1_78' title='bbox 862 1306 878 1330; x_wconf 92' lang='grc'>,</span> <span class='ocrx_word' id='word_1_79' title='bbox 905 1265 1036 1318; x_wconf 84' lang='grc' dir='ltr'>Ὅτι</span> <span class='ocrx_word' id='word_1_80' title='bbox 1078 1278 1152 1316; x_wconf 85' lang='grc' dir='ltr'>σε</span> <span class='ocrx_word' id='word_1_81' title='bbox 1178 1259 1342 1316; x_wconf 83' lang='grc' dir='ltr'>εἶδον</span> <span class='ocrx_word' id='word_1_82' title='bbox 1370 1261 1608 1315; x_wconf 83' lang='grc' dir='ltr'>δίκαιον</span> <span class='ocrx_word' id='word_1_83' title='bbox 1629 1260 1912 1315; x_wconf 81' lang='grc' dir='ltr'>ἐναντίον</span> <span class='ocrx_word' id='word_1_84' title='bbox 1955 1258 2102 1330; x_wconf 81' lang='grc' dir='ltr'>ἐμοῦ</span> 
     </span>
    </p>
   </div>
   <div class='ocr_carea' id='block_1_11' title="bbox 429 1345 2104 1421">
    <p class='ocr_par' dir='ltr' id='par_1_11' title="bbox 429 1345 2104 1421">
     <span class='ocr_line' id='line_1_11' title="bbox 429 1345 2104 1421; baseline -0.005 -15"><span class='ocrx_word' id='word_1_85' title='bbox 429 1351 502 1406; x_wconf 73' lang='grc' dir='ltr'>ἐν</span> <span class='ocrx_word' id='word_1_86' title='bbox 521 1349 595 1421; x_wconf 79' lang='grc' dir='ltr'>τῇ</span> <span class='ocrx_word' id='word_1_87' title='bbox 617 1350 794 1421; x_wconf 86' lang='grc' dir='ltr'>γενεᾷ</span> <span class='ocrx_word' id='word_1_88' title='bbox 821 1351 1028 1416; x_wconf 80' lang='grc' dir='ltr'>ταύτῃ,</span> <span class='ocrx_word' id='word_1_89' title='bbox 1055 1349 1136 1413; x_wconf 88' lang='grc' dir='ltr'>εἰς</span> <span class='ocrx_word' id='word_1_90' title='bbox 1159 1349 1356 1402; x_wconf 88' lang='grc' dir='ltr'>κακίαν</span> <span class='ocrx_word' id='word_1_91' title='bbox 1374 1346 1713 1419; x_wconf 83' lang='grc' dir='ltr'>ἀποκλινάσῃ</span> <span class='ocrx_word' id='word_1_92' title='bbox 1738 1345 2026 1416; x_wconf 82' lang='grc' dir='ltr'>τοσαύτην,</span> <span class='ocrx_word' id='word_1_93' title='bbox 2047 1348 2104 1398; x_wconf 89' lang='grc' dir='ltr'>ἐν</span> 
     </span>
    </p>
   </div>
   <div class='ocr_carea' id='block_1_12' title="bbox 425 1434 2102 1512">
    <p class='ocr_par' dir='ltr' id='par_1_12' title="bbox 425 1434 2102 1512">
     <span class='ocr_line' id='line_1_12' title="bbox 425 1434 2102 1512; baseline -0.003 -20"><span class='ocrx_word' id='word_1_94' title='bbox 425 1443 494 1512; x_wconf 77' lang='grc' dir='ltr'>τῇ</span> <span class='ocrx_word' id='word_1_95' title='bbox 529 1440 690 1510; x_wconf 80' lang='grc' dir='ltr'>γενεᾷ</span> <span class='ocrx_word' id='word_1_96' title='bbox 721 1437 892 1509; x_wconf 78' lang='grc' dir='ltr'>ταύτῃ</span> <span class='ocrx_word' id='word_1_97' title='bbox 923 1441 990 1508; x_wconf 81' lang='grc' dir='ltr'>τῇ</span> <span class='ocrx_word' id='word_1_98' title='bbox 1046 1438 1291 1509; x_wconf 83' lang='grc' dir='ltr'>πονηρᾷ,</span> <span class='ocrx_word' id='word_1_99' title='bbox 1332 1436 1428 1506; x_wconf 83' lang='grc' dir='ltr'>τὴν</span> <span class='ocrx_word' id='word_1_100' title='bbox 1479 1435 1748 1506; x_wconf 79' lang='grc' dir='ltr'>τοσαύτην</span> <span class='ocrx_word' id='word_1_101' title='bbox 1781 1434 2102 1504; x_wconf 84' lang='grc' dir='ltr'>ἀγνωμοσύ-</span> 
     </span>
    </p>
   </div>
   <div class='ocr_carea' id='block_1_13' title="bbox 427 1517 2106 1599">
    <p class='ocr_par' dir='ltr' id='par_1_13' title="bbox 427 1517 2106 1599">
     <span class='ocr_line' id='line_1_13' title="bbox 427 1517 2106 1599; baseline -0.002 -19"><span class='ocrx_word' id='word_1_102' title='bbox 427 1545 526 1599; x_wconf 86' lang='grc' dir='ltr'>νην</span> <span class='ocrx_word' id='word_1_103' title='bbox 572 1524 976 1598; x_wconf 80' lang='grc' dir='ltr'>ἐπιδειξαμένῃ.</span> <span class='ocrx_word' id='word_1_104' title='bbox 1011 1524 1088 1578; x_wconf 83' lang='grc' dir='ltr'>Σὲ</span> <span class='ocrx_word' id='word_1_105' title='bbox 1130 1521 1297 1579; x_wconf 74' lang='grc' dir='ltr'>εἶδον</span> <span class='ocrx_word' id='word_1_106' title='bbox 1339 1523 1605 1588; x_wconf 77' lang='grc' dir='ltr'>δίκαιον,</span> <span class='ocrx_word' id='word_1_107' title='bbox 1643 1523 1703 1576; x_wconf 82' lang='grc' dir='ltr'>σὲ</span> <span class='ocrx_word' id='word_1_108' title='bbox 1747 1526 1906 1595; x_wconf 84' lang='grc' dir='ltr'>μόνον</span> <span class='ocrx_word' id='word_1_109' title='bbox 1947 1517 2106 1592; x_wconf 76' lang='grc' dir='ltr'>εὖρον</span> 
     </span>
    </p>
   </div>
   <div class='ocr_carea' id='block_1_14' title="bbox 427 1609 2101 1684">
    <p class='ocr_par' dir='ltr' id='par_1_14' title="bbox 427 1609 2101 1684">
     <span class='ocr_line' id='line_1_14' title="bbox 427 1609 2101 1684; baseline -0.001 -20"><span class='ocrx_word' id='word_1_110' title='bbox 427 1613 768 1684; x_wconf 77' lang='grc' dir='ltr'>εὐγνώμονα,</span> <span class='ocrx_word' id='word_1_111' title='bbox 789 1613 846 1666; x_wconf 82' lang='grc' dir='ltr'>σέ</span> <span class='ocrx_word' id='word_1_112' title='bbox 872 1609 1012 1666; x_wconf 71' lang='grc' dir='ltr'>εἶδον</span> <span class='ocrx_word' id='word_1_113' title='bbox 1034 1612 1132 1683; x_wconf 82' lang='grc' dir='ltr'>τῆς</span> <span class='ocrx_word' id='word_1_114' title='bbox 1159 1612 1360 1682; x_wconf 85' lang='grc' dir='ltr'>ἀρετῆς</span> <span class='ocrx_word' id='word_1_115' title='bbox 1380 1610 1548 1664; x_wconf 72' lang='grc' dir='ltr'>πολὺν</span> <span class='ocrx_word' id='word_1_116' title='bbox 1571 1611 1890 1682; x_wconf 77' lang='grc' dir='ltr'>ποιούμενον</span> <span class='ocrx_word' id='word_1_117' title='bbox 1916 1611 2072 1679; x_wconf 84' lang='grc' dir='ltr'>λόγον</span> <span class='ocrx_word' id='word_1_118' title='bbox 2088 1629 2101 1642; x_wconf 91' lang='grc'><strong>·</strong></span> 
     </span>
    </p>
   </div>
   <div class='ocr_carea' id='block_1_15' title="bbox 431 1697 2107 1773">
    <p class='ocr_par' dir='ltr' id='par_1_15' title="bbox 431 1697 2107 1773">
     <span class='ocr_line' id='line_1_15' title="bbox 431 1697 2107 1773; baseline -0.002 -17"><span class='ocrx_word' id='word_1_119' title='bbox 431 1704 496 1756; x_wconf 73' lang='grc' dir='ltr'>σὺ</span> <span class='ocrx_word' id='word_1_120' title='bbox 535 1703 693 1773; x_wconf 82' lang='grc' dir='ltr'>μόνος</span> <span class='ocrx_word' id='word_1_121' title='bbox 723 1700 962 1754; x_wconf 82' lang='grc' dir='ltr'>ἐναντίον</span> <span class='ocrx_word' id='word_1_122' title='bbox 1000 1715 1100 1768; x_wconf 87' lang='grc' dir='ltr'>μου</span> <span class='ocrx_word' id='word_1_123' title='bbox 1127 1698 1334 1761; x_wconf 85' lang='grc' dir='ltr'>δίκαιος</span> <span class='ocrx_word' id='word_1_124' title='bbox 1361 1697 1580 1769; x_wconf 79' lang='grc' dir='ltr'>ὤφθης,</span> <span class='ocrx_word' id='word_1_125' title='bbox 1615 1697 1821 1752; x_wconf 88' lang='grc' dir='ltr'>τούτων</span> <span class='ocrx_word' id='word_1_126' title='bbox 1851 1699 2107 1752; x_wconf 86' lang='grc' dir='ltr'>ἁπάντων</span> 
     </span>
    </p>
   </div>
   <div class='ocr_carea' id='block_1_16' title="bbox 431 1784 2106 1860">
    <p class='ocr_par' dir='ltr' id='par_1_16' title="bbox 431 1784 2106 1860">
     <span class='ocr_line' id='line_1_16' title="bbox 431 1784 2106 1860; baseline -0.002 -19"><span class='ocrx_word' id='word_1_127' title='bbox 431 1787 822 1860; x_wconf 79' lang='grc' dir='ltr'>ἀπολλυμένων</span> <span class='ocrx_word' id='word_1_128' title='bbox 845 1803 860 1820; x_wconf 73' lang='grc' dir='ltr'><strong>ο</strong></span> <span class='ocrx_word' id='word_1_129' title='bbox 896 1787 956 1840; x_wconf 78' lang='grc' dir='ltr'>σὲ</span> <span class='ocrx_word' id='word_1_130' title='bbox 997 1787 1319 1858; x_wconf 75' lang='grc' dir='ltr'>προστάττω</span> <span class='ocrx_word' id='word_1_131' title='bbox 1355 1784 1613 1838; x_wconf 82' lang='grc' dir='ltr'>εἰσελθεῖν</span> <span class='ocrx_word' id='word_1_132' title='bbox 1663 1785 1801 1856; x_wconf 88' lang='grc' dir='ltr'>μετά</span> <span class='ocrx_word' id='word_1_133' title='bbox 1829 1784 1924 1838; x_wconf 76' lang='grc' dir='ltr'>τοῦ</span> <span class='ocrx_word' id='word_1_134' title='bbox 1957 1785 2106 1856; x_wconf 73' lang='grc' dir='ltr'>οἴκου</span> 
     </span>
    </p>
   </div>
   <div class='ocr_carea' id='block_1_17' title="bbox 434 1872 2108 1944">
    <p class='ocr_par' dir='ltr' id='par_1_17' title="bbox 434 1872 2108 1944">
     <span class='ocr_line' id='line_1_17' title="bbox 434 1872 2108 1944; baseline 0 -17"><span class='ocrx_word' id='word_1_135' title='bbox 434 1893 527 1929; x_wconf 90' lang='grc' dir='ltr'>σου</span> <span class='ocrx_word' id='word_1_136' title='bbox 559 1875 764 1940; x_wconf 81' lang='grc' dir='ltr'>παντὸς</span> <span class='ocrx_word' id='word_1_137' title='bbox 795 1875 875 1938; x_wconf 89' lang='grc' dir='ltr'>εἰς</span> <span class='ocrx_word' id='word_1_138' title='bbox 900 1874 1002 1944; x_wconf 86' lang='grc' dir='ltr'>τὴν</span> <span class='ocrx_word' id='word_1_139' title='bbox 1035 1873 1269 1926; x_wconf 91' lang='grc' dir='ltr'>κιϐωτόν</span> <span class='ocrx_word' id='word_1_140' title='bbox 1289 1889 1302 1904; x_wconf 72' lang='grc' dir='ltr'>υ</span> <span class='ocrx_word' id='word_1_141' title='bbox 1350 1873 1460 1926; x_wconf 73' lang='grc' dir='ltr'>ἀπὸ</span> <span class='ocrx_word' id='word_1_142' title='bbox 1487 1873 1544 1926; x_wconf 80' lang='grc' dir='ltr'>δὲ</span> <span class='ocrx_word' id='word_1_143' title='bbox 1591 1872 1698 1926; x_wconf 83' lang='grc' dir='ltr'>τῶν</span> <span class='ocrx_word' id='word_1_144' title='bbox 1741 1873 1952 1944; x_wconf 84' lang='grc' dir='ltr'>κτηνῶν</span> <span class='ocrx_word' id='word_1_145' title='bbox 2001 1873 2108 1928; x_wconf 86' lang='grc' dir='ltr'>τῶν</span> 
     </span>
    </p>
   </div>
   <div class='ocr_carea' id='block_1_18' title="bbox 433 1958 2106 2034">
    <p class='ocr_par' dir='ltr' id='par_1_18' title="bbox 433 1958 2106 2034">
     <span class='ocr_line' id='line_1_18' title="bbox 433 1958 2106 2034; baseline -0.002 -18"><span class='ocrx_word' id='word_1_146' title='bbox 433 1961 693 2034; x_wconf 84' lang='grc' dir='ltr'>καθαρῶν</span> <span class='ocrx_word' id='word_1_147' title='bbox 715 1960 922 2015; x_wconf 85' lang='grc' dir='ltr'>κελεύω</span> <span class='ocrx_word' id='word_1_148' title='bbox 956 1977 1016 2013; x_wconf 82' lang='grc' dir='ltr'>σε</span> <span class='ocrx_word' id='word_1_149' title='bbox 1046 1960 1361 2028; x_wconf 78' lang='grc' dir='ltr'>εἰσαγαγεῖν</span> <span class='ocrx_word' id='word_1_150' title='bbox 1384 1958 1524 2012; x_wconf 77' lang='grc' dir='ltr'>ἑπτά</span> <span class='ocrx_word' id='word_1_151' title='bbox 1555 1960 1712 2014; x_wconf 78' lang='grc' dir='ltr'>ἑπτά.</span> <span class='ocrx_word' id='word_1_152' title='bbox 1733 1960 1948 2030; x_wconf 81' lang='grc' dir='ltr'>Ἐπειδὴ</span> <span class='ocrx_word' id='word_1_153' title='bbox 1973 1977 2106 2031; x_wconf 85' lang='grc' dir='ltr'>προ-</span> 
     </span>
    </p>
   </div>
   <div class='ocr_carea' id='block_1_19' title="bbox 432 2046 2110 2119">
    <p class='ocr_par' dir='ltr' id='par_1_19' title="bbox 432 2046 2110 2119">
     <span class='ocr_line' id='line_1_19' title="bbox 432 2046 2110 2119; baseline -0.001 -17"><span class='ocrx_word' id='word_1_154' title='bbox 432 2049 612 2103; x_wconf 84' lang='grc' dir='ltr'>λαϐὼν</span> <span class='ocrx_word' id='word_1_155' title='bbox 643 2047 974 2119; x_wconf 77' lang='grc' dir='ltr'>προσέταξεν</span> <span class='ocrx_word' id='word_1_156' title='bbox 1006 2047 1326 2117; x_wconf 82' lang='grc' dir='ltr'>ἀδιορίστως</span> <span class='ocrx_word' id='word_1_157' title='bbox 1371 2046 1478 2100; x_wconf 79' lang='grc' dir='ltr'>ἀπὸ</span> <span class='ocrx_word' id='word_1_158' title='bbox 1509 2047 1726 2100; x_wconf 87' lang='grc' dir='ltr'>πάντων</span> <span class='ocrx_word' id='word_1_159' title='bbox 1766 2047 1894 2118; x_wconf 91' lang='grc' dir='ltr'>μίαν</span> <span class='ocrx_word' id='word_1_160' title='bbox 1949 2046 2110 2114; x_wconf 78' lang='grc' dir='ltr'>συζυ-</span> 
     </span>
    </p>
   </div>
   <div class='ocr_carea' id='block_1_20' title="bbox 432 2131 2112 2206">
    <p class='ocr_par' dir='ltr' id='par_1_20' title="bbox 432 2131 2112 2206">
     <span class='ocr_line' id='line_1_20' title="bbox 432 2131 2112 2206; baseline 0.001 -17"><span class='ocrx_word' id='word_1_161' title='bbox 432 2139 558 2206; x_wconf 89' lang='grc' dir='ltr'>γίαν</span> <span class='ocrx_word' id='word_1_162' title='bbox 593 2134 947 2206; x_wconf 79' lang='grc' dir='ltr'>εἰσαχθῆναιο</span> <span class='ocrx_word' id='word_1_163' title='bbox 980 2133 1068 2186; x_wconf 84' lang='grc' dir='ltr'>διὰ</span> <span class='ocrx_word' id='word_1_164' title='bbox 1101 2131 1260 2186; x_wconf 73' lang='grc' dir='ltr'>τοῦτο</span> <span class='ocrx_word' id='word_1_165' title='bbox 1306 2133 1402 2186; x_wconf 76' lang='grc' dir='ltr'>νῦν</span> <span class='ocrx_word' id='word_1_166' title='bbox 1457 2151 1621 2204; x_wconf 87' lang='grc' dir='ltr'>φησιν</span> <span class='ocrx_word' id='word_1_167' title='bbox 1645 2175 1660 2200; x_wconf 95' lang='grc'>,</span> <span class='ocrx_word' id='word_1_168' title='bbox 1699 2134 1832 2188; x_wconf 82' lang='grc' dir='ltr'>Ἀπὸ</span> <span class='ocrx_word' id='word_1_169' title='bbox 1877 2134 1946 2188; x_wconf 81' lang='grc' dir='ltr'>δὲ</span> <span class='ocrx_word' id='word_1_170' title='bbox 1993 2133 2112 2190; x_wconf 85' lang='grc' dir='ltr'>τῶν</span> 
     </span>
    </p>
   </div>
   <div class='ocr_carea' id='block_1_21' title="bbox 432 2223 2112 2298">
    <p class='ocr_par' dir='ltr' id='par_1_21' title="bbox 432 2223 2112 2298">
     <span class='ocr_line' id='line_1_21' title="bbox 432 2223 2112 2298; baseline -0.001 -15"><span class='ocrx_word' id='word_1_171' title='bbox 432 2226 706 2298; x_wconf 75' lang='grc' dir='ltr'>καθαρῶν</span> <span class='ocrx_word' id='word_1_172' title='bbox 732 2226 885 2282; x_wconf 80' lang='grc' dir='ltr'>ἑπτὰ</span> <span class='ocrx_word' id='word_1_173' title='bbox 915 2227 1099 2289; x_wconf 74' lang='grc' dir='ltr'>ἑπτὰ,</span> <span class='ocrx_word' id='word_1_174' title='bbox 1154 2223 1272 2280; x_wconf 79' lang='grc' dir='ltr'>ἀπὸ</span> <span class='ocrx_word' id='word_1_175' title='bbox 1301 2223 1370 2278; x_wconf 82' lang='grc' dir='ltr'>δὲ</span> <span class='ocrx_word' id='word_1_176' title='bbox 1407 2224 1529 2279; x_wconf 82' lang='grc' dir='ltr'>τῶν</span> <span class='ocrx_word' id='word_1_177' title='bbox 1560 2223 1648 2294; x_wconf 79' lang='grc' dir='ltr'>μὴ</span> <span class='ocrx_word' id='word_1_178' title='bbox 1681 2223 1956 2294; x_wconf 81' lang='grc' dir='ltr'>καθαρῶν</span> <span class='ocrx_word' id='word_1_179' title='bbox 2000 2226 2112 2281; x_wconf 78' lang='grc' dir='ltr'>δύο</span> 
     </span>
    </p>
   </div>
   <div class='ocr_carea' id='block_1_22' title="bbox 433 2308 2110 2386">
    <p class='ocr_par' dir='ltr' id='par_1_22' title="bbox 433 2308 2110 2386">
     <span class='ocr_line' id='line_1_22' title="bbox 433 2308 2110 2386; baseline -0.001 -17"><span class='ocrx_word' id='word_1_180' title='bbox 433 2317 563 2381; x_wconf 79' lang='grc' dir='ltr'>δύο,</span> <span class='ocrx_word' id='word_1_181' title='bbox 593 2314 782 2386; x_wconf 78' lang='grc' dir='ltr'>ἄρσεν</span> <span class='ocrx_word' id='word_1_182' title='bbox 807 2315 906 2369; x_wconf 79' lang='grc' dir='ltr'>καί</span> <span class='ocrx_word' id='word_1_183' title='bbox 957 2313 1137 2382; x_wconf 74' lang='grc' dir='ltr'>θῆλυ.</span> <span class='ocrx_word' id='word_1_184' title='bbox 1161 2308 1296 2367; x_wconf 82' lang='grc' dir='ltr'>Είτα</span> <span class='ocrx_word' id='word_1_185' title='bbox 1339 2313 1440 2383; x_wconf 85' lang='grc' dir='ltr'>τὴν</span> <span class='ocrx_word' id='word_1_186' title='bbox 1475 2312 1651 2367; x_wconf 79' lang='grc' dir='ltr'>αἰτίαν</span> <span class='ocrx_word' id='word_1_187' title='bbox 1694 2313 1961 2367; x_wconf 78' lang='grc' dir='ltr'>διδάσκων</span> <span class='ocrx_word' id='word_1_188' title='bbox 2011 2316 2110 2368; x_wconf 81' lang='grc' dir='ltr'>ἐπ-</span> 
     </span>
    </p>
   </div>
   <div class='ocr_carea' id='block_1_23' title="bbox 435 2398 2114 2474">
    <p class='ocr_par' dir='ltr' id='par_1_23' title="bbox 435 2398 2114 2474">
     <span class='ocr_line' id='line_1_23' title="bbox 435 2398 2114 2474; baseline -0.003 -15"><span class='ocrx_word' id='word_1_189' title='bbox 435 2410 631 2474; x_wconf 87' lang='grc' dir='ltr'>ήγαγε,</span> <span class='ocrx_word' id='word_1_190' title='bbox 657 2404 974 2474; x_wconf 67' lang='grc' dir='ltr'>Διαθρέψαι</span> <span class='ocrx_word' id='word_1_191' title='bbox 993 2400 1231 2470; x_wconf 80' lang='grc' dir='ltr'>σπέρμα</span> <span class='ocrx_word' id='word_1_192' title='bbox 1254 2399 1353 2453; x_wconf 78' lang='grc' dir='ltr'>ἐπὶ</span> <span class='ocrx_word' id='word_1_193' title='bbox 1379 2398 1586 2454; x_wconf 80' lang='grc' dir='ltr'>,πᾶσαν</span> <span class='ocrx_word' id='word_1_194' title='bbox 1614 2399 1729 2468; x_wconf 80' lang='grc' dir='ltr'>τὴν</span> <span class='ocrx_word' id='word_1_195' title='bbox 1755 2400 1893 2470; x_wconf 75' lang='grc' dir='ltr'>γῆν.</span> <span class='ocrx_word' id='word_1_196' title='bbox 1927 2402 2114 2468; x_wconf 80' lang='grc' dir='ltr'>’Ᾱξιον</span> 
     </span>
    </p>
   </div>
   <div class='ocr_carea' id='block_1_24' title="bbox 433 2487 2113 2561">
    <p class='ocr_par' dir='ltr' id='par_1_24' title="bbox 433 2487 2113 2561">
     <span class='ocr_line' id='line_1_24' title="bbox 433 2487 2113 2561; baseline -0.001 -17"><span class='ocrx_word' id='word_1_197' title='bbox 433 2491 491 2545; x_wconf 77' lang='grc' dir='ltr'>δὲ</span> <span class='ocrx_word' id='word_1_198' title='bbox 519 2490 756 2546; x_wconf 83' lang='grc' dir='ltr'>ἐνταῦθα</span> <span class='ocrx_word' id='word_1_199' title='bbox 792 2490 1138 2561; x_wconf 79' lang='grc' dir='ltr'>διερευνῆσαι</span> <span class='ocrx_word' id='word_1_200' title='bbox 1167 2487 1262 2541; x_wconf 79' lang='grc' dir='ltr'>καὶ</span> <span class='ocrx_word' id='word_1_201' title='bbox 1307 2487 1434 2540; x_wconf 85' lang='grc' dir='ltr'>ἰδεῖν</span> <span class='ocrx_word' id='word_1_202' title='bbox 1454 2527 1468 2550; x_wconf 95' lang='grc'>,</span> <span class='ocrx_word' id='word_1_203' title='bbox 1502 2487 1664 2540; x_wconf 79' lang='grc' dir='ltr'>πόθεν</span> <span class='ocrx_word' id='word_1_204' title='bbox 1703 2488 1821 2558; x_wconf 79' lang='grc' dir='ltr'>ᾔδει</span> <span class='ocrx_word' id='word_1_205' title='bbox 1851 2493 1880 2542; x_wconf 88' lang='lat'>6</span> <span class='ocrx_word' id='word_1_206' title='bbox 1907 2488 2113 2554; x_wconf 81' lang='grc' dir='ltr'>δίκαιος</span> 
     </span>
    </p>
   </div>
   <div class='ocr_carea' id='block_1_25' title="bbox 435 2573 2114 2650">
    <p class='ocr_par' dir='ltr' id='par_1_25' title="bbox 435 2573 2114 2650">
     <span class='ocr_line' id='line_1_25' title="bbox 435 2573 2114 2650; baseline -0.001 -18"><span class='ocrx_word' id='word_1_207' title='bbox 435 2582 558 2632; x_wconf 84' lang='grc' dir='ltr'>τίνα</span> <span class='ocrx_word' id='word_1_208' title='bbox 591 2579 690 2649; x_wconf 79' lang='grc' dir='ltr'>μὲν</span> <span class='ocrx_word' id='word_1_209' title='bbox 717 2573 786 2650; x_wconf 81' lang='grc' dir='ltr'>ἦν</span> <span class='ocrx_word' id='word_1_210' title='bbox 824 2575 1063 2647; x_wconf 80' lang='grc' dir='ltr'>καθαρὰ,</span> <span class='ocrx_word' id='word_1_211' title='bbox 1091 2575 1214 2628; x_wconf 88' lang='grc' dir='ltr'>τίνα</span> <span class='ocrx_word' id='word_1_212' title='bbox 1240 2574 1298 2628; x_wconf 83' lang='grc' dir='ltr'>δέ</span> <span class='ocrx_word' id='word_1_213' title='bbox 1325 2573 1632 2645; x_wconf 87' lang='grc' dir='ltr'>ἀκάθαρτα.</span> <span class='ocrx_word' id='word_1_214' title='bbox 1664 2575 1890 2630; x_wconf 82' lang='grc' dir='ltr'>Οὐδέπω</span> <span class='ocrx_word' id='word_1_215' title='bbox 1912 2577 2021 2648; x_wconf 77' lang='grc' dir='ltr'>γάρ</span> <span class='ocrx_word' id='word_1_216' title='bbox 2046 2573 2114 2649; x_wconf 76' lang='grc' dir='ltr'>ἦν</span> 
     </span>
    </p>
   </div>
   <div class='ocr_carea' id='block_1_26' title="bbox 437 2661 2115 2737">
    <p class='ocr_par' dir='ltr' id='par_1_26' title="bbox 437 2661 2115 2737">
     <span class='ocr_line' id='line_1_26' title="bbox 437 2661 2115 2737; baseline -0.001 -18"><span class='ocrx_word' id='word_1_217' title='bbox 437 2670 469 2736; x_wconf 90' lang='grc' dir='ltr'>ή</span> <span class='ocrx_word' id='word_1_218' title='bbox 502 2667 768 2737; x_wconf 86' lang='grc' dir='ltr'>διαίρεσις</span> <span class='ocrx_word' id='word_1_219' title='bbox 787 2663 926 2731; x_wconf 82' lang='grc' dir='ltr'>αὕτη</span> <span class='ocrx_word' id='word_1_220' title='bbox 957 2661 1320 2732; x_wconf 85' lang='grc' dir='ltr'>γεγενημένη,</span> <span class='ocrx_word' id='word_1_221' title='bbox 1353 2661 1422 2732; x_wconf 80' lang='grc' dir='ltr'>ἦν</span> <span class='ocrx_word' id='word_1_222' title='bbox 1465 2661 1602 2733; x_wconf 85' lang='grc' dir='ltr'>μετά</span> <span class='ocrx_word' id='word_1_223' title='bbox 1628 2661 1802 2716; x_wconf 81' lang='grc' dir='ltr'>ταῦτα</span> <span class='ocrx_word' id='word_1_224' title='bbox 1828 2665 1856 2716; x_wconf 88' lang='lat'>6</span> <span class='ocrx_word' id='word_1_225' title='bbox 1881 2664 2115 2736; x_wconf 79' lang='grc' dir='ltr'>Μωῦσῆς</span> 
     </span>
    </p>
   </div>
   <div class='ocr_carea' id='block_1_27' title="bbox 439 2745 2112 2825">
    <p class='ocr_par' dir='ltr' id='par_1_27' title="bbox 439 2745 2112 2825">
     <span class='ocr_line' id='line_1_27' title="bbox 439 2745 2112 2825; baseline 0 -19"><span class='ocrx_word' id='word_1_226' title='bbox 439 2753 799 2825; x_wconf 81' lang='grc' dir='ltr'>ἐνομοθέτησε</span> <span class='ocrx_word' id='word_1_227' title='bbox 836 2753 950 2815; x_wconf 88' lang='grc' dir='ltr'>τοῖς</span> <span class='ocrx_word' id='word_1_228' title='bbox 994 2749 1288 2814; x_wconf 77' lang='grc' dir='ltr'>Ἰουδαίοις.</span> <span class='ocrx_word' id='word_1_229' title='bbox 1339 2749 1509 2804; x_wconf 83' lang='grc' dir='ltr'>Πόθεν</span> <span class='ocrx_word' id='word_1_230' title='bbox 1551 2745 1644 2804; x_wconf 77' lang='grc' dir='ltr'>οὖν</span> <span class='ocrx_word' id='word_1_231' title='bbox 1691 2751 1836 2822; x_wconf 70' lang='grc' dir='ltr'>ᾔδεις</span> <span class='ocrx_word' id='word_1_232' title='bbox 1865 2751 2112 2818; x_wconf 82' lang='grc' dir='ltr'>Οἰκοθεν,</span> 
     </span>
    </p>
   </div>
   <div class='ocr_carea' id='block_1_28' title="bbox 439 2835 2116 2910">
    <p class='ocr_par' dir='ltr' id='par_1_28' title="bbox 439 2835 2116 2910">
     <span class='ocr_line' id='line_1_28' title="bbox 439 2835 2116 2910; baseline 0 -17"><span class='ocrx_word' id='word_1_233' title='bbox 439 2839 757 2910; x_wconf 85' lang='grc' dir='ltr'>κινούμενος</span> <span class='ocrx_word' id='word_1_234' title='bbox 776 2837 884 2892; x_wconf 81' lang='lat'>61:6</span> <span class='ocrx_word' id='word_1_235' title='bbox 905 2840 1004 2908; x_wconf 85' lang='grc' dir='ltr'>τῆς</span> <span class='ocrx_word' id='word_1_236' title='bbox 1033 2839 1090 2890; x_wconf 85' lang='grc' dir='ltr'>ἐν</span> <span class='ocrx_word' id='word_1_237' title='bbox 1119 2839 1184 2908; x_wconf 82' lang='grc' dir='ltr'>τῇ</span> <span class='ocrx_word' id='word_1_238' title='bbox 1214 2835 1374 2904; x_wconf 89' lang='grc' dir='ltr'>φύσει</span> <span class='ocrx_word' id='word_1_239' title='bbox 1403 2837 1836 2908; x_wconf 80' lang='grc' dir='ltr'>ἐναποκειμένης</span> <span class='ocrx_word' id='word_1_240' title='bbox 1861 2836 2116 2893; x_wconf 85' lang='grc' dir='ltr'>διδασκα-</span> 
     </span>
    </p>
   </div>
   <div class='ocr_carea' id='block_1_29' title="bbox 438 2923 2116 2998">
    <p class='ocr_par' dir='ltr' id='par_1_29' title="bbox 438 2923 2116 2998">
     <span class='ocr_line' id='line_1_29' title="bbox 438 2923 2116 2998; baseline 0.001 -19"><span class='ocrx_word' id='word_1_241' title='bbox 438 2927 590 2992; x_wconf 87' lang='grc' dir='ltr'>λίας,</span> <span class='ocrx_word' id='word_1_242' title='bbox 620 2925 757 2998; x_wconf 84' lang='grc' dir='ltr'>μετά</span> <span class='ocrx_word' id='word_1_243' title='bbox 794 2925 854 2980; x_wconf 79' lang='grc' dir='ltr'>δὲ</span> <span class='ocrx_word' id='word_1_244' title='bbox 884 2924 1088 2995; x_wconf 86' lang='grc' dir='ltr'>ταύτης</span> <span class='ocrx_word' id='word_1_245' title='bbox 1119 2925 1214 2978; x_wconf 79' lang='grc' dir='ltr'>καὶ</span> <span class='ocrx_word' id='word_1_246' title='bbox 1239 2926 1266 2977; x_wconf 90' lang='lat'>6</span> <span class='ocrx_word' id='word_1_247' title='bbox 1289 2923 1549 2994; x_wconf 75' lang='grc' dir='ltr'>λογισμὸς</span> <span class='ocrx_word' id='word_1_248' title='bbox 1585 2924 1982 2994; x_wconf 81' lang='grc' dir='ltr'>ὑπηγόρευσεν.</span> <span class='ocrx_word' id='word_1_249' title='bbox 2019 2929 2116 2981; x_wconf 73' lang='lat'>06-</span> 
     </span>
    </p>
   </div>
   <div class='ocr_carea' id='block_1_30' title="bbox 438 3008 2114 3083">
    <p class='ocr_par' dir='ltr' id='par_1_30' title="bbox 438 3008 2114 3083">
     <span class='ocr_line' id='line_1_30' title="bbox 438 3008 2114 3083; baseline 0 -17"><span class='ocrx_word' id='word_1_250' title='bbox 438 3014 526 3066; x_wconf 81' lang='grc' dir='ltr'>δὲν</span> <span class='ocrx_word' id='word_1_251' title='bbox 571 3012 680 3083; x_wconf 79' lang='grc' dir='ltr'>γάρ</span> <span class='ocrx_word' id='word_1_252' title='bbox 733 3010 1041 3081; x_wconf 85' lang='grc' dir='ltr'>ἀκάθαρτον</span> <span class='ocrx_word' id='word_1_253' title='bbox 1073 3009 1183 3062; x_wconf 79' lang='grc' dir='ltr'>τῶν</span> <span class='ocrx_word' id='word_1_254' title='bbox 1229 3008 1379 3079; x_wconf 82' lang='grc' dir='ltr'>πσρά</span> <span class='ocrx_word' id='word_1_255' title='bbox 1413 3008 1507 3062; x_wconf 74' lang='grc' dir='ltr'>τοῦ</span> <span class='ocrx_word' id='word_1_256' title='bbox 1545 3009 1680 3063; x_wconf 79' lang='grc' dir='ltr'>Θεοῦ</span> <span class='ocrx_word' id='word_1_257' title='bbox 1713 3011 2114 3082; x_wconf 83' lang='grc' dir='ltr'>γεγενημένων.</span> 
     </span>
    </p>
   </div>
   <div class='ocr_carea' id='block_1_31' title="bbox 441 3095 2118 3172">
    <p class='ocr_par' dir='ltr' id='par_1_31' title="bbox 441 3095 2118 3172">
     <span class='ocr_line' id='line_1_31' title="bbox 441 3095 2118 3172; baseline 0.001 -19"><span class='ocrx_word' id='word_1_258' title='bbox 441 3099 567 3163; x_wconf 86' lang='grc' dir='ltr'>Πῶς</span> <span class='ocrx_word' id='word_1_259' title='bbox 595 3099 702 3171; x_wconf 83' lang='lat'>769</span> <span class='ocrx_word' id='word_1_260' title='bbox 731 3099 1042 3170; x_wconf 79' lang='grc' dir='ltr'>ἀκάθαρτον</span> <span class='ocrx_word' id='word_1_261' title='bbox 1088 3095 1420 3166; x_wconf 86' lang='grc' dir='ltr'>καλέσαιμέν</span> <span class='ocrx_word' id='word_1_262' title='bbox 1455 3113 1509 3148; x_wconf 89' lang='grc' dir='ltr'>τι</span> <span class='ocrx_word' id='word_1_263' title='bbox 1541 3095 1650 3148; x_wconf 86' lang='grc' dir='ltr'>τῶν</span> <span class='ocrx_word' id='word_1_264' title='bbox 1688 3095 2118 3172; x_wconf 80' lang='grc' dir='ltr'>δημιουργηθέν-</span> 
     </span>
    </p>
   </div>
   <div class='ocr_carea' id='block_1_32' title="bbox 439 3183 2118 3262">
    <p class='ocr_par' dir='ltr' id='par_1_32' title="bbox 439 3183 2118 3262">
     <span class='ocr_line' id='line_1_32' title="bbox 439 3183 2118 3262; baseline -0.004 -21"><span class='ocrx_word' id='word_1_265' title='bbox 439 3204 570 3252; x_wconf 87' lang='grc' dir='ltr'>των,</span> <span class='ocrx_word' id='word_1_266' title='bbox 595 3187 742 3251; x_wconf 81' lang='grc' dir='ltr'>ἀπαξ</span> <span class='ocrx_word' id='word_1_267' title='bbox 757 3186 856 3256; x_wconf 86' lang='grc' dir='ltr'>τῆς</span> <span class='ocrx_word' id='word_1_268' title='bbox 881 3185 1088 3240; x_wconf 77' lang='grc' dir='ltr'>ἀνωθεν</span> <span class='ocrx_word' id='word_1_269' title='bbox 1111 3185 1296 3255; x_wconf 81' lang='grc' dir='ltr'>ψήφου</span> <span class='ocrx_word' id='word_1_270' title='bbox 1329 3185 1458 3254; x_wconf 75' lang='grc' dir='ltr'>περὶ</span> <span class='ocrx_word' id='word_1_271' title='bbox 1483 3183 1664 3238; x_wconf 88' lang='grc' dir='ltr'>αὑτῶν</span> <span class='ocrx_word' id='word_1_272' title='bbox 1687 3197 1713 3225; x_wconf 74' lang='grc' dir='ltr'>ι</span> <span class='ocrx_word' id='word_1_273' title='bbox 1743 3190 2118 3262; x_wconf 77' lang='grc' dir='ltr'>γεγενημένης</span> 
     </span>
    </p>
   </div>
   <div class='ocr_carea' id='block_1_33' title="bbox 441 3269 2119 3344">
    <p class='ocr_par' dir='ltr' id='par_1_33' title="bbox 441 3269 2119 3344">
     <span class='ocr_line' id='line_1_33' title="bbox 441 3269 2119 3344; baseline 0.001 -17"><span class='ocrx_word' id='word_1_274' title='bbox 441 3275 538 3328; x_wconf 74' lang='grc' dir='ltr'>καὶ</span> <span class='ocrx_word' id='word_1_275' title='bbox 577 3272 835 3344; x_wconf 79' lang='grc' dir='ltr'>εἰπούσης</span> <span class='ocrx_word' id='word_1_276' title='bbox 877 3273 973 3343; x_wconf 81' lang='grc' dir='ltr'>τῆς</span> <span class='ocrx_word' id='word_1_277' title='bbox 1027 3271 1178 3334; x_wconf 80' lang='grc' dir='ltr'>Θείας</span> <span class='ocrx_word' id='word_1_278' title='bbox 1229 3271 1490 3342; x_wconf 78' lang='grc' dir='ltr'>Γραφῆς,</span> <span class='ocrx_word' id='word_1_279' title='bbox 1533 3271 1616 3325; x_wconf 83' lang='grc' dir='ltr'>ὅτι</span> <span class='ocrx_word' id='word_1_280' title='bbox 1663 3269 1844 3326; x_wconf 70' lang='grc' dir='ltr'>Εἶδον</span> <span class='ocrx_word' id='word_1_281' title='bbox 1897 3277 1930 3328; x_wconf 84' lang='grc' dir='ltr'><em>ὁ</em></span> <span class='ocrx_word' id='word_1_282' title='bbox 1973 3276 2119 3344; x_wconf 83' lang='grc' dir='ltr'>Θεὸς</span> 
     </span>
    </p>
   </div>
   <div class='ocr_carea' id='block_1_34' title="bbox 441 3359 2119 3428">
    <p class='ocr_par' dir='ltr' id='par_1_34' title="bbox 441 3359 2119 3428">
     <span class='ocr_line' id='line_1_34' title="bbox 441 3359 2119 3428; baseline 0.001 -12"><span class='ocrx_word' id='word_1_283' title='bbox 441 3361 640 3416; x_wconf 79' lang='grc' dir='ltr'>πάντα</span> <span class='ocrx_word' id='word_1_284' title='bbox 668 3361 786 3416; x_wconf 85' lang='grc' dir='ltr'>ὅσα</span> <span class='ocrx_word' id='word_1_285' title='bbox 822 3361 1092 3428; x_wconf 81' lang='grc' dir='ltr'>ἐποίησε,</span> <span class='ocrx_word' id='word_1_286' title='bbox 1122 3359 1220 3413; x_wconf 82' lang='grc' dir='ltr'>καί</span> <span class='ocrx_word' id='word_1_287' title='bbox 1259 3359 1388 3413; x_wconf 82' lang='grc' dir='ltr'>ἰδοὺ</span> <span class='ocrx_word' id='word_1_288' title='bbox 1417 3359 1576 3414; x_wconf 74' lang='grc' dir='ltr'>καλὰ</span> <span class='ocrx_word' id='word_1_289' title='bbox 1605 3361 1749 3414; x_wconf 75' lang='grc' dir='ltr'>λίαν</span> <span class='ocrx_word' id='word_1_290' title='bbox 1766 3377 1786 3425; x_wconf 90' lang='grc'><em>;</em></span> <span class='ocrx_word' id='word_1_291' title='bbox 1824 3360 1985 3417; x_wconf 84' lang='grc' dir='ltr'>’Λλλά</span> <span class='ocrx_word' id='word_1_292' title='bbox 2009 3364 2119 3419; x_wconf 88' lang='grc' dir='ltr'>λοι-</span> 
     </span>
    </p>
   </div>
   <div class='ocr_carea' id='block_1_35' title="bbox 441 3447 2092 3525">
    <p class='ocr_par' dir='ltr' id='par_1_35' title="bbox 441 3447 2092 3525">
     <span class='ocr_line' id='line_1_35' title="bbox 441 3447 2092 3525; baseline 0.003 -21"><span class='ocrx_word' id='word_1_293' title='bbox 441 3450 544 3505; x_wconf 70' lang='grc' dir='ltr'>πὸν</span> <span class='ocrx_word' id='word_1_294' title='bbox 581 3453 614 3522; x_wconf 87' lang='grc' dir='ltr'>ή</span> <span class='ocrx_word' id='word_1_295' title='bbox 651 3449 812 3520; x_wconf 80' lang='grc' dir='ltr'>φύσις</span> <span class='ocrx_word' id='word_1_296' title='bbox 846 3449 942 3519; x_wconf 85' lang='grc' dir='ltr'>ἀφ’</span> <span class='ocrx_word' id='word_1_297' title='bbox 976 3447 1178 3520; x_wconf 81' lang='grc' dir='ltr'>ἑαυτῆς</span> <span class='ocrx_word' id='word_1_298' title='bbox 1223 3447 1516 3519; x_wconf 83' lang='grc' dir='ltr'>κινουμένη</span> <span class='ocrx_word' id='word_1_299' title='bbox 1549 3449 1648 3520; x_wconf 82' lang='grc' dir='ltr'>τὴν</span> <span class='ocrx_word' id='word_1_300' title='bbox 1681 3447 1954 3525; x_wconf 81' lang='grc' dir='ltr'>διάκρισιν</span> <span class='ocrx_word' id='word_1_301' title='bbox 1992 3454 2092 3509; x_wconf 89' lang='grc' dir='ltr'>ταύ</span> 
     </span>
    </p>
   </div>
   <div class='ocr_carea' id='block_1_36' title="bbox 440 3535 2122 3613">
    <p class='ocr_par' dir='ltr' id='par_1_36' title="bbox 440 3535 2122 3613">
     <span class='ocr_line' id='line_1_36' title="bbox 440 3535 2122 3613; baseline 0.002 -22"><span class='ocrx_word' id='word_1_302' title='bbox 440 3555 542 3610; x_wconf 90' lang='grc' dir='ltr'>την</span> <span class='ocrx_word' id='word_1_303' title='bbox 585 3537 918 3602; x_wconf 79' lang='grc' dir='ltr'>ἐπεδείξατο.</span> <span class='ocrx_word' id='word_1_304' title='bbox 949 3536 1062 3590; x_wconf 83' lang='grc' dir='ltr'>Καὶ</span> <span class='ocrx_word' id='word_1_305' title='bbox 1103 3537 1186 3590; x_wconf 85' lang='grc' dir='ltr'>ὅτι</span> <span class='ocrx_word' id='word_1_306' title='bbox 1223 3535 1381 3590; x_wconf 79' lang='grc' dir='ltr'>τοῦτό</span> <span class='ocrx_word' id='word_1_307' title='bbox 1421 3536 1572 3589; x_wconf 86' lang='grc' dir='ltr'>ἐστιν</span> <span class='ocrx_word' id='word_1_308' title='bbox 1605 3536 1832 3608; x_wconf 83' lang='grc' dir='ltr'>ἀληθὲς,</span> <span class='ocrx_word' id='word_1_309' title='bbox 1869 3540 2122 3613; x_wconf 84' lang='grc' dir='ltr'>ἐννόησόν</span> 
     </span>
    </p>
   </div>
   <div class='ocr_carea' id='block_1_37' title="bbox 447 3623 2122 3700">
    <p class='ocr_par' dir='ltr' id='par_1_37' title="bbox 447 3623 2122 3700">
     <span class='ocr_line' id='line_1_37' title="bbox 447 3623 2122 3700; baseline 0.004 -22"><span class='ocrx_word' id='word_1_310' title='bbox 447 3644 536 3696; x_wconf 90' lang='grc' dir='ltr'>μοι</span> <span class='ocrx_word' id='word_1_311' title='bbox 560 3625 639 3680; x_wconf 75' lang='grc' dir='ltr'>ἔτι</span> <span class='ocrx_word' id='word_1_312' title='bbox 663 3625 759 3680; x_wconf 77' lang='grc' dir='ltr'>καὶ</span> <span class='ocrx_word' id='word_1_313' title='bbox 790 3623 908 3688; x_wconf 77' lang='grc' dir='ltr'>νῦν,</span> <span class='ocrx_word' id='word_1_314' title='bbox 937 3625 1088 3688; x_wconf 79' lang='grc' dir='ltr'>ὅπως</span> <span class='ocrx_word' id='word_1_315' title='bbox 1115 3623 1173 3676; x_wconf 83' lang='grc' dir='ltr'>ἐν</span> <span class='ocrx_word' id='word_1_316' title='bbox 1201 3639 1310 3678; x_wconf 90' lang='grc' dir='ltr'>τισι</span> <span class='ocrx_word' id='word_1_317' title='bbox 1344 3625 1443 3694; x_wconf 80' lang='grc' dir='ltr'>μὲν</span> <span class='ocrx_word' id='word_1_318' title='bbox 1465 3623 1654 3688; x_wconf 82' lang='grc' dir='ltr'>τόποις</span> <span class='ocrx_word' id='word_1_319' title='bbox 1696 3625 1859 3680; x_wconf 85' lang='grc' dir='ltr'>τινῶν</span> <span class='ocrx_word' id='word_1_320' title='bbox 1891 3629 2122 3700; x_wconf 86' lang='grc' dir='ltr'>ἀπέχον-</span> 
     </span>
    </p>
   </div>
   <div class='ocr_carea' id='block_1_38' title="bbox 443 3709 2122 3782">
    <p class='ocr_par' dir='ltr' id='par_1_38' title="bbox 443 3709 2122 3782">
     <span class='ocr_line' id='line_1_38' title="bbox 443 3709 2122 3782; baseline 0.003 -15"><span class='ocrx_word' id='word_1_321' title='bbox 443 3729 535 3767; x_wconf 86' lang='grc' dir='ltr'>ται</span> <span class='ocrx_word' id='word_1_322' title='bbox 567 3713 696 3766; x_wconf 81' lang='grc' dir='ltr'>ένιοι</span> <span class='ocrx_word' id='word_1_323' title='bbox 733 3713 808 3774; x_wconf 84' lang='grc' dir='ltr'>ὡς</span> <span class='ocrx_word' id='word_1_324' title='bbox 838 3709 1165 3780; x_wconf 82' lang='grc' dir='ltr'>ἀκαθάρτων</span> <span class='ocrx_word' id='word_1_325' title='bbox 1195 3709 1292 3764; x_wconf 73' lang='grc' dir='ltr'>καὶ</span> <span class='ocrx_word' id='word_1_326' title='bbox 1335 3711 1409 3781; x_wconf 84' lang='grc' dir='ltr'>μὴ</span> <span class='ocrx_word' id='word_1_327' title='bbox 1437 3712 1860 3782; x_wconf 83' lang='grc' dir='ltr'>νενομισμένων,</span> <span class='ocrx_word' id='word_1_328' title='bbox 1897 3713 2028 3770; x_wconf 75' lang='grc' dir='ltr'>ἔνιοι</span> <span class='ocrx_word' id='word_1_329' title='bbox 2063 3719 2122 3773; x_wconf 74' lang='grc' dir='ltr'>δὲ</span> 
     </span>
    </p>
   </div>
   <div class='ocr_carea' id='block_1_39' title="bbox 445 3795 2122 3872">
    <p class='ocr_par' dir='ltr' id='par_1_39' title="bbox 445 3795 2122 3872">
     <span class='ocr_line' id='line_1_39' title="bbox 445 3795 2122 3872; baseline 0.006 -23"><span class='ocrx_word' id='word_1_330' title='bbox 445 3801 648 3856; x_wconf 73' lang='grc' dir='ltr'>τούτων</span> <span class='ocrx_word' id='word_1_331' title='bbox 678 3799 838 3852; x_wconf 84' lang='grc' dir='ltr'>πάλιν</span> <span class='ocrx_word' id='word_1_332' title='bbox 874 3798 974 3867; x_wconf 86' lang='grc' dir='ltr'>τὴν</span> <span class='ocrx_word' id='word_1_333' title='bbox 1010 3795 1312 3868; x_wconf 84' lang='grc' dir='ltr'>μετάληψιν</span> <span class='ocrx_word' id='word_1_334' title='bbox 1353 3796 1656 3860; x_wconf 84' lang='grc' dir='ltr'>ποιοῦνται,</span> <span class='ocrx_word' id='word_1_335' title='bbox 1703 3798 1806 3869; x_wconf 79' lang='grc' dir='ltr'>τῆς</span> <span class='ocrx_word' id='word_1_336' title='bbox 1835 3802 2122 3872; x_wconf 83' lang='grc' dir='ltr'>συνηθείας</span> 
     </span>
    </p>
   </div>
   <div class='ocr_carea' id='block_1_40' title="bbox 445 3879 2120 3966">
    <p class='ocr_par' dir='ltr' id='par_1_40' title="bbox 445 3879 2120 3966">
     <span class='ocr_line' id='line_1_40' title="bbox 445 3879 2120 3966; baseline 0.002 -27"><span class='ocrx_word' id='word_1_337' title='bbox 445 3887 642 3950; x_wconf 74' lang='grc' dir='ltr'>αὐτοὺς</span> <span class='ocrx_word' id='word_1_338' title='bbox 675 3885 768 3938; x_wconf 79' lang='grc' dir='ltr'>ἐπὶ</span> <span class='ocrx_word' id='word_1_339' title='bbox 808 3883 967 3938; x_wconf 85' lang='grc' dir='ltr'>τοῦτο</span> <span class='ocrx_word' id='word_1_340' title='bbox 993 3883 1254 3954; x_wconf 83' lang='grc' dir='ltr'>ἀγούσης.</span> <span class='ocrx_word' id='word_1_341' title='bbox 1282 3881 1470 3947; x_wconf 80' lang='grc' dir='ltr'>Οὕτως</span> <span class='ocrx_word' id='word_1_342' title='bbox 1493 3879 1587 3938; x_wconf 87' lang='grc' dir='ltr'>οὖν</span> <span class='ocrx_word' id='word_1_343' title='bbox 1628 3884 1724 3938; x_wconf 83' lang='grc' dir='ltr'>καί</span> <span class='ocrx_word' id='word_1_344' title='bbox 1754 3886 1874 3939; x_wconf 89' lang='grc' dir='ltr'>τότε</span> <span class='ocrx_word' id='word_1_345' title='bbox 1905 3888 2042 3961; x_wconf 85' lang='grc' dir='ltr'>αὑτὴ</span> <span class='ocrx_word' id='word_1_346' title='bbox 2087 3894 2120 3966; x_wconf 84' lang='grc' dir='ltr'>ή</span> 
     </span>
    </p>
   </div>
   <div class='ocr_carea' id='block_1_41' title="bbox 445 3969 2124 4048">
    <p class='ocr_par' dir='ltr' id='par_1_41' title="bbox 445 3969 2124 4048">
     <span class='ocr_line' id='line_1_41' title="bbox 445 3969 2124 4048; baseline 0.002 -22"><span class='ocrx_word' id='word_1_347' title='bbox 445 3970 844 4042; x_wconf 88' lang='grc' dir='ltr'>ἐναποκειμένη</span> <span class='ocrx_word' id='word_1_348' title='bbox 876 3970 1080 4040; x_wconf 82' lang='grc' dir='ltr'>γνῶσις</span> <span class='ocrx_word' id='word_1_349' title='bbox 1111 3969 1190 4040; x_wconf 84' lang='grc' dir='ltr'>τῷ</span> <span class='ocrx_word' id='word_1_350' title='bbox 1226 3969 1422 4041; x_wconf 82' lang='grc' dir='ltr'>δικαίῳ</span> <span class='ocrx_word' id='word_1_351' title='bbox 1451 3969 1697 4024; x_wconf 86' lang='grc' dir='ltr'>ἐδίδασκε</span> <span class='ocrx_word' id='word_1_352' title='bbox 1721 4009 1735 4032; x_wconf 85' lang='grc'>,</span> <span class='ocrx_word' id='word_1_353' title='bbox 1767 3971 1890 4026; x_wconf 86' lang='grc' dir='ltr'>τίνοι</span> <span class='ocrx_word' id='word_1_354' title='bbox 1925 3973 2026 4042; x_wconf 82' lang='grc' dir='ltr'>μὲν</span> <span class='ocrx_word' id='word_1_355' title='bbox 2054 3971 2124 4048; x_wconf 77' lang='grc' dir='ltr'>ἦν</span> 
     </span>
    </p>
   </div>
   <div class='ocr_carea' id='block_1_42' title="bbox 447 4057 2126 4134">
    <p class='ocr_par' dir='ltr' id='par_1_42' title="bbox 447 4057 2126 4134">
     <span class='ocr_line' id='line_1_42' title="bbox 447 4057 2126 4134; baseline -0.012 -10"><span class='ocrx_word' id='word_1_356' title='bbox 447 4059 600 4134; x_wconf 63' lang='grc'>[⁸225]</span> <span class='ocrx_word' id='word_1_357' title='bbox 633 4059 770 4130; x_wconf 79' lang='grc' dir='ltr'>πρὸς</span> <span class='ocrx_word' id='word_1_358' title='bbox 802 4058 1004 4130; x_wconf 85' lang='grc' dir='ltr'>βρῶσιν</span> <span class='ocrx_word' id='word_1_359' title='bbox 1037 4057 1315 4130; x_wconf 77' lang='grc' dir='ltr'>ἐπιτήδεια</span> <span class='ocrx_word' id='word_1_360' title='bbox 1334 4099 1348 4124; x_wconf 94' lang='grc'>,</span> <span class='ocrx_word' id='word_1_361' title='bbox 1378 4057 1498 4112; x_wconf 87' lang='grc' dir='ltr'>τίνα</span> <span class='ocrx_word' id='word_1_362' title='bbox 1547 4057 1605 4112; x_wconf 86' lang='grc' dir='ltr'>δὲ</span> <span class='ocrx_word' id='word_1_363' title='bbox 1653 4059 1940 4130; x_wconf 86' lang='grc' dir='ltr'>ἀκάθαρτα</span> <span class='ocrx_word' id='word_1_364' title='bbox 1969 4103 1984 4128; x_wconf 75' lang='lat'><strong>,</strong></span> <span class='ocrx_word' id='word_1_365' title='bbox 2024 4065 2126 4118; x_wconf 68' lang='grc' dir='ltr'>οὐκ</span> 
     </span>
    </p>
   </div>
   <div class='ocr_carea' id='block_1_43' title="bbox 446 4148 2123 4222">
    <p class='ocr_par' dir='ltr' id='par_1_43' title="bbox 446 4148 2123 4222">
     <span class='ocr_line' id='line_1_43' title="bbox 446 4148 2123 4222; baseline 0 -16"><span class='ocrx_word' id='word_1_366' title='bbox 446 4152 578 4206; x_wconf 79' lang='grc' dir='ltr'>ὄντα</span> <span class='ocrx_word' id='word_1_367' title='bbox 601 4192 616 4216; x_wconf 92' lang='grc'>,</span> <span class='ocrx_word' id='word_1_368' title='bbox 663 4149 798 4206; x_wconf 82' lang='grc' dir='ltr'>ἀλλὰ</span> <span class='ocrx_word' id='word_1_369' title='bbox 832 4149 1182 4222; x_wconf 77' lang='grc' dir='ltr'>νομιζόμενα.</span> <span class='ocrx_word' id='word_1_370' title='bbox 1215 4149 1372 4212; x_wconf 89' lang='grc' dir='ltr'>Τίνος</span> <span class='ocrx_word' id='word_1_371' title='bbox 1416 4148 1600 4202; x_wconf 79' lang='grc' dir='ltr'>ἐνεκεν</span> <span class='ocrx_word' id='word_1_372' title='bbox 1624 4189 1639 4214; x_wconf 94' lang='grc'>,</span> <span class='ocrx_word' id='word_1_373' title='bbox 1689 4151 1811 4204; x_wconf 88' lang='grc' dir='ltr'>εἰπέ</span> <span class='ocrx_word' id='word_1_374' title='bbox 1843 4168 1966 4222; x_wconf 89' lang='grc' dir='ltr'>μοι,</span> <span class='ocrx_word' id='word_1_375' title='bbox 2003 4153 2123 4206; x_wconf 85' lang='grc' dir='ltr'>δνον</span> 
     </span>
    </p>
   </div>
   <div class='ocr_carea' id='block_1_44' title="bbox 445 4237 2121 4313">
    <p class='ocr_par' dir='ltr' id='par_1_44' title="bbox 445 4237 2121 4313">
     <span class='ocr_line' id='line_1_44' title="bbox 445 4237 2121 4313; baseline -0.001 -17"><span class='ocrx_word' id='word_1_376' title='bbox 445 4240 756 4312; x_wconf 87' lang='grc' dir='ltr'>ἀκάθαρτον</span> <span class='ocrx_word' id='word_1_377' title='bbox 785 4239 1070 4312; x_wconf 77' lang='grc' dir='ltr'>ἡγούμεθα</span> <span class='ocrx_word' id='word_1_378' title='bbox 1093 4278 1108 4303; x_wconf 83' lang='grc'>,</span> <span class='ocrx_word' id='word_1_379' title='bbox 1137 4238 1312 4292; x_wconf 89' lang='grc' dir='ltr'>καίτοι</span> <span class='ocrx_word' id='word_1_380' title='bbox 1348 4237 1500 4292; x_wconf 80' lang='grc' dir='ltr'>οὐδὲν</span> <span class='ocrx_word' id='word_1_381' title='bbox 1528 4237 1716 4310; x_wconf 79' lang='grc' dir='ltr'>ἓτερον</span> <span class='ocrx_word' id='word_1_382' title='bbox 1743 4240 2057 4310; x_wconf 87' lang='grc' dir='ltr'>σιτούμενον</span> <span class='ocrx_word' id='word_1_383' title='bbox 2089 4242 2121 4313; x_wconf 83' lang='grc' dir='ltr'>ἢ</span> 
     </span>
    </p>
   </div>
   <div class='ocr_carea' id='block_1_45' title="bbox 449 4325 2124 4400">
    <p class='ocr_par' dir='ltr' id='par_1_45' title="bbox 449 4325 2124 4400">
     <span class='ocr_line' id='line_1_45' title="bbox 449 4325 2124 4400; baseline 0.001 -18"><span class='ocrx_word' id='word_1_384' title='bbox 449 4329 742 4400; x_wconf 83' lang='grc' dir='ltr'>σπέρματα</span> <span class='ocrx_word' id='word_1_385' title='bbox 762 4369 778 4394; x_wconf 93' lang='grc'>,</span> <span class='ocrx_word' id='word_1_386' title='bbox 804 4327 967 4398; x_wconf 72' lang='grc' dir='ltr'>ἕτερα</span> <span class='ocrx_word' id='word_1_387' title='bbox 1005 4327 1062 4381; x_wconf 79' lang='grc' dir='ltr'>δὲ</span> <span class='ocrx_word' id='word_1_388' title='bbox 1093 4325 1202 4380; x_wconf 88' lang='grc' dir='ltr'>τῶν</span> <span class='ocrx_word' id='word_1_389' title='bbox 1229 4325 1576 4396; x_wconf 84' lang='grc' dir='ltr'>τετραπόδων</span> <span class='ocrx_word' id='word_1_390' title='bbox 1606 4327 1740 4398; x_wconf 82' lang='grc' dir='ltr'>πρὸς</span> <span class='ocrx_word' id='word_1_391' title='bbox 1767 4328 1970 4400; x_wconf 82' lang='grc' dir='ltr'>βρῶσιν</span> <span class='ocrx_word' id='word_1_392' title='bbox 2002 4331 2124 4384; x_wconf 84' lang='grc' dir='ltr'>ἐπι-</span> 
     </span>
    </p>
   </div>
   <div class='ocr_carea' id='block_1_46' title="bbox 445 4412 2126 4488">
    <p class='ocr_par' dir='ltr' id='par_1_46' title="bbox 445 4412 2126 4488">
     <span class='ocr_line' id='line_1_46' title="bbox 445 4412 2126 4488; baseline 0.001 -18"><span class='ocrx_word' id='word_1_393' title='bbox 445 4416 635 4486; x_wconf 79' lang='grc' dir='ltr'>τήδεια</span> <span class='ocrx_word' id='word_1_394' title='bbox 656 4415 973 4486; x_wconf 76' lang='grc' dir='ltr'>νομίζομεν,</span> <span class='ocrx_word' id='word_1_395' title='bbox 997 4412 1176 4468; x_wconf 87' lang='grc' dir='ltr'>καίτοι</span> <span class='ocrx_word' id='word_1_396' title='bbox 1194 4413 1508 4484; x_wconf 83' lang='grc' dir='ltr'>ἀκαθάρτου</span> <span class='ocrx_word' id='word_1_397' title='bbox 1541 4413 1748 4486; x_wconf 54' lang='grc' dir='ltr'>τροφῆς⁴</span> <span class='ocrx_word' id='word_1_398' title='bbox 1778 4417 2126 4488; x_wconf 83' lang='grc' dir='ltr'>μεταλαμϐά-</span> 
     </span>
    </p>
   </div>
   <div class='ocr_carea' id='block_1_47' title="bbox 445 4501 2124 4576">
    <p class='ocr_par' dir='ltr' id='par_1_47' title="bbox 445 4501 2124 4576">
     <span class='ocr_line' id='line_1_47' title="bbox 445 4501 2124 4576; baseline 0.002 -19"><span class='ocrx_word' id='word_1_399' title='bbox 445 4519 646 4568; x_wconf 74' lang='grc' dir='ltr'>νοντας</span> <span class='ocrx_word' id='word_1_400' title='bbox 687 4502 875 4564; x_wconf 84' lang='grc' dir='ltr'>Οὑτως</span> <span class='ocrx_word' id='word_1_401' title='bbox 913 4505 948 4573; x_wconf 85' lang='grc' dir='ltr'>ή</span> <span class='ocrx_word' id='word_1_402' title='bbox 982 4501 1133 4572; x_wconf 81' lang='grc' dir='ltr'>παρά</span> <span class='ocrx_word' id='word_1_403' title='bbox 1164 4501 1259 4554; x_wconf 85' lang='grc' dir='ltr'>τοῦ</span> <span class='ocrx_word' id='word_1_404' title='bbox 1291 4501 1428 4554; x_wconf 88' lang='grc' dir='ltr'>Θεοῦ</span> <span class='ocrx_word' id='word_1_405' title='bbox 1461 4503 1828 4572; x_wconf 84' lang='grc' dir='ltr'>χορηγηθεῖσα</span> <span class='ocrx_word' id='word_1_406' title='bbox 1863 4507 1929 4576; x_wconf 84' lang='grc' dir='ltr'>τῇ</span> <span class='ocrx_word' id='word_1_407' title='bbox 1964 4505 2124 4573; x_wconf 81' lang='grc' dir='ltr'>φύσει</span> 
     </span>
    </p>
   </div>
   <div class='ocr_carea' id='block_1_48' title="bbox 447 4587 2126 4662">
    <p class='ocr_par' dir='ltr' id='par_1_48' title="bbox 447 4587 2126 4662">
     <span class='ocr_line' id='line_1_48' title="bbox 447 4587 2126 4662; baseline 0.002 -17"><span class='ocrx_word' id='word_1_408' title='bbox 447 4591 650 4661; x_wconf 85' lang='grc' dir='ltr'>γνῶσις</span> <span class='ocrx_word' id='word_1_409' title='bbox 678 4589 886 4643; x_wconf 89' lang='grc' dir='ltr'>τούτων</span> <span class='ocrx_word' id='word_1_410' title='bbox 917 4587 1236 4652; x_wconf 88' lang='grc' dir='ltr'>διδάσκαλος</span> <span class='ocrx_word' id='word_1_411' title='bbox 1259 4588 1490 4656; x_wconf 83' lang='grc' dir='ltr'>ἐγίνετο.</span> <span class='ocrx_word' id='word_1_412' title='bbox 1538 4588 1771 4662; x_wconf 85' lang='grc' dir='ltr'>Ἑτέρως</span> <span class='ocrx_word' id='word_1_413' title='bbox 1791 4591 1850 4644; x_wconf 87' lang='grc' dir='ltr'>δέ</span> <span class='ocrx_word' id='word_1_414' title='bbox 1878 4591 2025 4646; x_wconf 75' lang='grc' dir='ltr'>ἐστιν</span> <span class='ocrx_word' id='word_1_415' title='bbox 2047 4597 2126 4648; x_wconf 81' lang='grc' dir='ltr'>εί·-</span> 
     </span>
    </p>
   </div>
   <div class='ocr_carea' id='block_1_49' title="bbox 445 4673 2125 4748">
    <p class='ocr_par' dir='ltr' id='par_1_49' title="bbox 445 4673 2125 4748">
     <span class='ocr_line' id='line_1_49' title="bbox 445 4673 2125 4748; baseline 0.001 -14"><span class='ocrx_word' id='word_1_416' title='bbox 445 4682 592 4744; x_wconf 86' lang='grc' dir='ltr'>πεῖν,</span> <span class='ocrx_word' id='word_1_417' title='bbox 621 4680 707 4733; x_wconf 81' lang='grc' dir='ltr'>ὅτι</span> <span class='ocrx_word' id='word_1_418' title='bbox 737 4677 832 4732; x_wconf 76' lang='grc' dir='ltr'>καὶ</span> <span class='ocrx_word' id='word_1_419' title='bbox 855 4679 882 4731; x_wconf 89' lang='lat'>6</span> <span class='ocrx_word' id='word_1_420' title='bbox 904 4675 1215 4748; x_wconf 78' lang='grc' dir='ltr'>προστάξας</span> <span class='ocrx_word' id='word_1_421' title='bbox 1234 4673 1367 4738; x_wconf 79' lang='grc' dir='ltr'>Θεὸς</span> <span class='ocrx_word' id='word_1_422' title='bbox 1388 4676 1490 4746; x_wconf 80' lang='grc' dir='ltr'>τὴν</span> <span class='ocrx_word' id='word_1_423' title='bbox 1519 4674 1720 4744; x_wconf 85' lang='grc' dir='ltr'>γνῶσιν</span> <span class='ocrx_word' id='word_1_424' title='bbox 1749 4677 1896 4748; x_wconf 84' lang='grc' dir='ltr'>αὑτῷ</span> <span class='ocrx_word' id='word_1_425' title='bbox 1919 4680 2125 4736; x_wconf 89' lang='grc' dir='ltr'>τούτων</span> 
     </span>
    </p>
   </div>
   <div class='ocr_carea' id='block_1_50' title="bbox 444 4755 2125 4840">
    <p class='ocr_par' dir='ltr' id='par_1_50' title="bbox 444 4755 2125 4840">
     <span class='ocr_line' id='line_1_50' title="bbox 444 4755 2125 4840; baseline 0.001 -17"><span class='ocrx_word' id='word_1_426' title='bbox 444 4768 614 4840; x_wconf 86' lang='grc' dir='ltr'>δήλην</span> <span class='ocrx_word' id='word_1_427' title='bbox 643 4755 918 4839; x_wconf 81' lang='grc' dir='ltr'>ἐποίησεν.</span> <span class='ocrx_word' id='word_1_428' title='bbox 965 4763 1125 4818; x_wconf 81' lang='grc' dir='ltr'>Ἀλλά</span> <span class='ocrx_word' id='word_1_429' title='bbox 1153 4763 1278 4834; x_wconf 85' lang='grc' dir='ltr'>περί</span> <span class='ocrx_word' id='word_1_430' title='bbox 1317 4761 1416 4834; x_wconf 84' lang='grc' dir='ltr'>μὲν</span> <span class='ocrx_word' id='word_1_431' title='bbox 1445 4762 1556 4818; x_wconf 87' lang='grc' dir='ltr'>τῶν</span> <span class='ocrx_word' id='word_1_432' title='bbox 1583 4763 1838 4836; x_wconf 85' lang='grc' dir='ltr'>καθαρῶν</span> <span class='ocrx_word' id='word_1_433' title='bbox 1869 4769 1962 4822; x_wconf 77' lang='grc' dir='ltr'>καὶ</span> <span class='ocrx_word' id='word_1_434' title='bbox 1988 4770 2125 4824; x_wconf 83' lang='grc' dir='ltr'>ἀκα-</span> 
     </span>
    </p>
   </div>
   <div class='ocr_carea' id='block_1_51' title="bbox 449 4852 1360 4930">
    <p class='ocr_par' dir='ltr' id='par_1_51' title="bbox 449 4852 1360 4930">
     <span class='ocr_line' id='line_1_51' title="bbox 449 4852 1360 4930; baseline -0.004 -20"><span class='ocrx_word' id='word_1_435' title='bbox 449 4859 664 4930; x_wconf 81' lang='grc' dir='ltr'>θάρτων</span> <span class='ocrx_word' id='word_1_436' title='bbox 694 4853 1010 4928; x_wconf 81' lang='grc' dir='ltr'>ἀρκούντως</span> <span class='ocrx_word' id='word_1_437' title='bbox 1033 4852 1360 4924; x_wconf 85' lang='grc' dir='ltr'>εἰρήκαμεν.</span> 
     </span>
    </p>
   </div>
   <div class='ocr_carea' id='block_1_52' title="bbox 519 4938 2125 5017">
    <p class='ocr_par' dir='ltr' id='par_1_52' title="bbox 519 4938 2125 5017">
     <span class='ocr_line' id='line_1_52' title="bbox 519 4938 2125 5017; baseline -0.006 -13"><span class='ocrx_word' id='word_1_438' title='bbox 519 4947 594 5012; x_wconf 84' lang='grc' dir='ltr'>ς’.</span> <span class='ocrx_word' id='word_1_439' title='bbox 619 4946 786 5001; x_wconf 82' lang='grc' dir='ltr'>Πάλιν</span> <span class='ocrx_word' id='word_1_440' title='bbox 807 4943 863 4999; x_wconf 80' lang='grc' dir='ltr'>δὲ</span> <span class='ocrx_word' id='word_1_441' title='bbox 877 4943 1066 5014; x_wconf 73' lang='grc' dir='ltr'>ἕτερον</span> <span class='ocrx_word' id='word_1_442' title='bbox 1084 4942 1214 5014; x_wconf 78' lang='grc' dir='ltr'>ἡμῖν</span> <span class='ocrx_word' id='word_1_443' title='bbox 1239 4938 1537 4994; x_wconf 85' lang='grc' dir='ltr'>ἀνακύπτει</span> <span class='ocrx_word' id='word_1_444' title='bbox 1561 4940 1782 5015; x_wconf 78' lang='grc' dir='ltr'>ζήτημα</span> <span class='ocrx_word' id='word_1_445' title='bbox 1802 4958 1814 4970; x_wconf 82' lang='lat'>&#39;</span> <span class='ocrx_word' id='word_1_446' title='bbox 1843 4943 1907 4997; x_wconf 87' lang='grc' dir='ltr'>Τί</span> <span class='ocrx_word' id='word_1_447' title='bbox 1927 4945 2125 5017; x_wconf 87' lang='grc' dir='ltr'>δήποτε</span> 
     </span>
    </p>
   </div>
   <div class='ocr_carea' id='block_1_53' title="bbox 445 5028 2127 5106">
    <p class='ocr_par' dir='ltr' id='par_1_53' title="bbox 445 5028 2127 5106">
     <span class='ocr_line' id='line_1_53' title="bbox 445 5028 2127 5106; baseline 0.001 -20"><span class='ocrx_word' id='word_1_448' title='bbox 445 5032 556 5088; x_wconf 83' lang='lat'>61:6</span> <span class='ocrx_word' id='word_1_449' title='bbox 590 5032 692 5106; x_wconf 83' lang='grc' dir='ltr'>μὲν</span> <span class='ocrx_word' id='word_1_450' title='bbox 717 5031 828 5087; x_wconf 85' lang='grc' dir='ltr'>τῶν</span> <span class='ocrx_word' id='word_1_451' title='bbox 859 5029 1186 5102; x_wconf 84' lang='grc' dir='ltr'>ἀκαθάρτων</span> <span class='ocrx_word' id='word_1_452' title='bbox 1217 5028 1310 5081; x_wconf 88' lang='grc' dir='ltr'>δύο</span> <span class='ocrx_word' id='word_1_453' title='bbox 1341 5028 1468 5092; x_wconf 79' lang='grc' dir='ltr'>δύο,</span> <span class='ocrx_word' id='word_1_454' title='bbox 1499 5029 1608 5084; x_wconf 84' lang='lat'>61:6</span> <span class='ocrx_word' id='word_1_455' title='bbox 1638 5029 1696 5082; x_wconf 81' lang='grc' dir='ltr'>δὲ</span> <span class='ocrx_word' id='word_1_456' title='bbox 1735 5031 1844 5085; x_wconf 89' lang='grc' dir='ltr'>τῶν</span> <span class='ocrx_word' id='word_1_457' title='bbox 1869 5032 2127 5104; x_wconf 88' lang='grc' dir='ltr'>καθαρῶν</span> 
     </span>
    </p>
   </div>
   <div class='ocr_carea' id='block_1_54' title="bbox 446 5116 2124 5188">
    <p class='ocr_par' dir='ltr' id='par_1_54' title="bbox 446 5116 2124 5188">
     <span class='ocr_line' id='line_1_54' title="bbox 446 5116 2124 5188; baseline -0.001 -13"><span class='ocrx_word' id='word_1_458' title='bbox 446 5121 587 5175; x_wconf 79' lang='grc' dir='ltr'>ἑπτά</span> <span class='ocrx_word' id='word_1_459' title='bbox 614 5119 790 5186; x_wconf 83' lang='grc' dir='ltr'>ἐπτά;</span> <span class='ocrx_word' id='word_1_460' title='bbox 820 5118 916 5172; x_wconf 80' lang='grc' dir='ltr'>καὶ</span> <span class='ocrx_word' id='word_1_461' title='bbox 945 5117 1108 5173; x_wconf 86' lang='grc' dir='ltr'>πάλιν</span> <span class='ocrx_word' id='word_1_462' title='bbox 1127 5131 1142 5148; x_wconf 86' lang='grc'><strong>·</strong></span> <span class='ocrx_word' id='word_1_463' title='bbox 1171 5116 1326 5178; x_wconf 80' lang='grc' dir='ltr'>Τίνος</span> <span class='ocrx_word' id='word_1_464' title='bbox 1350 5116 1538 5170; x_wconf 77' lang='grc' dir='ltr'>ἕνεκεν</span> <span class='ocrx_word' id='word_1_465' title='bbox 1561 5119 1660 5188; x_wconf 81' lang='grc' dir='ltr'>οὐχ</span> <span class='ocrx_word' id='word_1_466' title='bbox 1689 5117 1750 5183; x_wconf 76' lang='grc' dir='ltr'>ἐξ</span> <span class='ocrx_word' id='word_1_467' title='bbox 1769 5158 1784 5183; x_wconf 91' lang='grc'>,</span> <span class='ocrx_word' id='word_1_468' title='bbox 1812 5119 1933 5172; x_wconf 84' lang='grc' dir='ltr'>οὐδὲ</span> <span class='ocrx_word' id='word_1_469' title='bbox 1958 5119 2124 5187; x_wconf 77' lang='grc' dir='ltr'>ὀκτὼ,</span> 
     </span>
    </p>
   </div>
   <div class='ocr_carea' id='block_1_55' title="bbox 444 5203 2124 5278">
    <p class='ocr_par' dir='ltr' id='par_1_55' title="bbox 444 5203 2124 5278">
     <span class='ocr_line' id='line_1_55' title="bbox 444 5203 2124 5278; baseline 0.001 -18"><span class='ocrx_word' id='word_1_470' title='bbox 444 5207 558 5261; x_wconf 83' lang='grc' dir='ltr'>ἀλλ’</span> <span class='ocrx_word' id='word_1_471' title='bbox 579 5207 748 5272; x_wconf 77' lang='grc' dir='ltr'>ἐπτάς</span> <span class='ocrx_word' id='word_1_472' title='bbox 775 5205 928 5278; x_wconf 83' lang='grc' dir='ltr'>Τάχα</span> <span class='ocrx_word' id='word_1_473' title='bbox 953 5207 1032 5270; x_wconf 92' lang='grc' dir='ltr'>εἰς</span> <span class='ocrx_word' id='word_1_474' title='bbox 1056 5203 1191 5259; x_wconf 76' lang='grc' dir='ltr'>πολὺ</span> <span class='ocrx_word' id='word_1_475' title='bbox 1217 5207 1391 5274; x_wconf 86' lang='grc' dir='ltr'>μῆκος</span> <span class='ocrx_word' id='word_1_476' title='bbox 1413 5204 1442 5256; x_wconf 90' lang='lat'>6</span> <span class='ocrx_word' id='word_1_477' title='bbox 1463 5203 1620 5273; x_wconf 87' lang='grc' dir='ltr'>λόγος</span> <span class='ocrx_word' id='word_1_478' title='bbox 1645 5206 1777 5276; x_wconf 72' lang='grc' dir='ltr'>ἡμῖν</span> <span class='ocrx_word' id='word_1_479' title='bbox 1803 5207 2124 5262; x_wconf 81' lang='grc' dir='ltr'>ἐκτείνεται⁹</span> 
     </span>
    </p>
   </div>
   <div class='ocr_carea' id='block_1_56' title="bbox 447 5292 2128 5369">
    <p class='ocr_par' dir='ltr' id='par_1_56' title="bbox 447 5292 2128 5369">
     <span class='ocr_line' id='line_1_56' title="bbox 447 5292 2128 5369; baseline 0 -19"><span class='ocrx_word' id='word_1_480' title='bbox 447 5297 563 5350; x_wconf 76' lang='grc' dir='ltr'>ἀλλ’</span> <span class='ocrx_word' id='word_1_481' title='bbox 593 5299 642 5350; x_wconf 91' lang='grc' dir='ltr'>εἰ</span> <span class='ocrx_word' id='word_1_482' title='bbox 673 5297 750 5368; x_wconf 80' lang='grc' dir='ltr'>μὴ</span> <span class='ocrx_word' id='word_1_483' title='bbox 773 5295 1112 5368; x_wconf 85' lang='grc' dir='ltr'>ἀπεκάμετε,</span> <span class='ocrx_word' id='word_1_484' title='bbox 1149 5294 1242 5348; x_wconf 83' lang='grc' dir='ltr'>καὶ</span> <span class='ocrx_word' id='word_1_485' title='bbox 1269 5292 1545 5364; x_wconf 83' lang='grc' dir='ltr'>βούλεσθε,</span> <span class='ocrx_word' id='word_1_486' title='bbox 1570 5295 1848 5364; x_wconf 83' lang='grc' dir='ltr'>συντόμως</span> <span class='ocrx_word' id='word_1_487' title='bbox 1877 5296 1972 5350; x_wconf 74' lang='grc' dir='ltr'>καὶ</span> <span class='ocrx_word' id='word_1_488' title='bbox 2001 5298 2128 5369; x_wconf 82' lang='grc' dir='ltr'>περί</span> 
     </span>
    </p>
   </div>
   <div class='ocr_carea' id='block_1_57' title="bbox 447 5383 2126 5456">
    <p class='ocr_par' dir='ltr' id='par_1_57' title="bbox 447 5383 2126 5456">
     <span class='ocr_line' id='line_1_57' title="bbox 447 5383 2126 5456; baseline 0.002 -22"><span class='ocrx_word' id='word_1_489' title='bbox 447 5383 652 5438; x_wconf 84' lang='grc' dir='ltr'>τούτων</span> <span class='ocrx_word' id='word_1_490' title='bbox 700 5383 981 5453; x_wconf 81' lang='grc' dir='ltr'>διδάξομεν</span> <span class='ocrx_word' id='word_1_491' title='bbox 1017 5385 1116 5455; x_wconf 83' lang='grc' dir='ltr'>τὴν</span> <span class='ocrx_word' id='word_1_492' title='bbox 1169 5383 1442 5454; x_wconf 77' lang='grc' dir='ltr'>ὑμετέραν</span> <span class='ocrx_word' id='word_1_493' title='bbox 1493 5383 1714 5453; x_wconf 82' lang='grc' dir='ltr'>ἀγάπην</span> <span class='ocrx_word' id='word_1_494' title='bbox 1738 5423 1752 5447; x_wconf 90' lang='grc'>,</span> <span class='ocrx_word' id='word_1_495' title='bbox 1788 5384 1934 5454; x_wconf 79' lang='grc' dir='ltr'>άπερ</span> <span class='ocrx_word' id='word_1_496' title='bbox 1979 5383 2046 5438; x_wconf 83' lang='grc' dir='ltr'>ἂν</span> <span class='ocrx_word' id='word_1_497' title='bbox 2092 5388 2126 5456; x_wconf 91' lang='grc' dir='ltr'>ή</span> 
     </span>
    </p>
   </div>
   <div class='ocr_carea' id='block_1_58' title="bbox 449 5456 2128 5543">
    <p class='ocr_par' dir='ltr' id='par_1_58' title="bbox 449 5456 2128 5543">
     <span class='ocr_line' id='line_1_58' title="bbox 449 5456 2128 5543; baseline 0.004 -23"><span class='ocrx_word' id='word_1_498' title='bbox 449 5470 544 5522; x_wconf 78' lang='grc' dir='ltr'>τοῦ</span> <span class='ocrx_word' id='word_1_499' title='bbox 571 5469 710 5523; x_wconf 73' lang='grc' dir='ltr'>Θεοῦ</span> <span class='ocrx_word' id='word_1_500' title='bbox 749 5471 908 5540; x_wconf 87' lang='grc' dir='ltr'>χάρις</span> <span class='ocrx_word' id='word_1_501' title='bbox 935 5472 1242 5542; x_wconf 83' lang='grc' dir='ltr'>χορηγήσῃ.</span> <span class='ocrx_word' id='word_1_502' title='bbox 1276 5456 1471 5524; x_wconf 74' lang='grc' dir='ltr'>Πολλοὶ</span> <span class='ocrx_word' id='word_1_503' title='bbox 1507 5471 1614 5541; x_wconf 85' lang='grc' dir='ltr'>γάρ</span> <span class='ocrx_word' id='word_1_504' title='bbox 1649 5470 1819 5524; x_wconf 80' lang='grc' dir='ltr'>πολλὰ</span> <span class='ocrx_word' id='word_1_505' title='bbox 1849 5473 1976 5543; x_wconf 84' lang='grc' dir='ltr'>περί</span> <span class='ocrx_word' id='word_1_506' title='bbox 2005 5471 2128 5526; x_wconf 85' lang='grc' dir='ltr'>τού-</span> 
     </span>
    </p>
   </div>
   <div class='ocr_carea' id='block_1_59' title="bbox 452 5554 2128 5630">
    <p class='ocr_par' dir='ltr' id='par_1_59' title="bbox 452 5554 2128 5630">
     <span class='ocr_line' id='line_1_59' title="bbox 452 5554 2128 5630; baseline 0.002 -24"><span class='ocrx_word' id='word_1_507' title='bbox 452 5571 560 5608; x_wconf 87' lang='grc' dir='ltr'>των</span> <span class='ocrx_word' id='word_1_508' title='bbox 603 5554 957 5623; x_wconf 78' lang='grc' dir='ltr'>μυθολογούσι</span> <span class='ocrx_word' id='word_1_509' title='bbox 983 5596 998 5620; x_wconf 95' lang='grc'>,</span> <span class='ocrx_word' id='word_1_510' title='bbox 1033 5558 1128 5612; x_wconf 72' lang='grc' dir='ltr'>καὶ</span> <span class='ocrx_word' id='word_1_511' title='bbox 1171 5556 1422 5610; x_wconf 78' lang='grc' dir='ltr'>ἐντεῦθεν</span> <span class='ocrx_word' id='word_1_512' title='bbox 1475 5558 1728 5630; x_wconf 76' lang='grc' dir='ltr'>ἀφορμὴν</span> <span class='ocrx_word' id='word_1_513' title='bbox 1757 5558 2128 5628; x_wconf 81' lang='grc' dir='ltr'>λαμϐάνοντες</span> 
     </span>
    </p>
   </div>
   <div class='ocr_carea' id='block_1_60' title="bbox 454 5641 2128 5714">
    <p class='ocr_par' dir='ltr' id='par_1_60' title="bbox 454 5641 2128 5714">
     <span class='ocr_line' id='line_1_60' title="bbox 454 5641 2128 5714; baseline 0.004 -22"><span class='ocrx_word' id='word_1_514' title='bbox 454 5641 864 5710; x_wconf 79' lang='grc' dir='ltr'>παρατηρήσεις</span> <span class='ocrx_word' id='word_1_515' title='bbox 902 5643 1149 5714; x_wconf 83' lang='grc' dir='ltr'>ἀριθμῶν</span> <span class='ocrx_word' id='word_1_516' title='bbox 1183 5643 1600 5698; x_wconf 87' lang='grc' dir='ltr'>ἐπιδείκνυνται.</span> <span class='ocrx_word' id='word_1_517' title='bbox 1637 5645 1760 5698; x_wconf 88' lang='grc' dir='ltr'>Ὅτι</span> <span class='ocrx_word' id='word_1_518' title='bbox 1790 5644 1846 5697; x_wconf 82' lang='grc' dir='ltr'>δὲ</span> <span class='ocrx_word' id='word_1_519' title='bbox 1881 5645 1981 5698; x_wconf 84' lang='grc' dir='ltr'>οὐκ</span> <span class='ocrx_word' id='word_1_520' title='bbox 2011 5644 2128 5698; x_wconf 77' lang='grc' dir='ltr'>ἐστι</span> 
     </span>
    </p>
   </div>
   <div class='ocr_carea' id='block_1_61' title="bbox 459 5727 2129 5804">
    <p class='ocr_par' dir='ltr' id='par_1_61' title="bbox 459 5727 2129 5804">
     <span class='ocr_line' id='line_1_61' title="bbox 459 5727 2129 5804; baseline 0.002 -26"><span class='ocrx_word' id='word_1_521' title='bbox 459 5727 868 5797; x_wconf 80' lang='grc' dir='ltr'>παρατήρησις,</span> <span class='ocrx_word' id='word_1_522' title='bbox 902 5729 1016 5782; x_wconf 82' lang='grc' dir='ltr'>ἀλλ’</span> <span class='ocrx_word' id='word_1_523' title='bbox 1038 5732 1071 5800; x_wconf 89' lang='grc' dir='ltr'>ή</span> <span class='ocrx_word' id='word_1_524' title='bbox 1107 5731 1334 5801; x_wconf 79' lang='grc' dir='ltr'>ἄκαιρος</span> <span class='ocrx_word' id='word_1_525' title='bbox 1377 5731 1858 5804; x_wconf 73' lang='grc' dir='ltr'>φιλοπραγμοσύνη</span> <span class='ocrx_word' id='word_1_526' title='bbox 1891 5732 1998 5786; x_wconf 84' lang='grc' dir='ltr'>τῶν</span> <span class='ocrx_word' id='word_1_527' title='bbox 2038 5733 2129 5786; x_wconf 83' lang='grc' dir='ltr'>ἀν-</span> 
     </span>
    </p>
   </div>
   <div class='ocr_carea' id='block_1_62' title="bbox 518 5893 1426 5961">
    <p class='ocr_par' dir='ltr' id='par_1_62' title="bbox 518 5893 1426 5961">
     <span class='ocr_line' id='line_1_62' title="bbox 518 5893 1426 5961; baseline 0.003 -17"><span class='ocrx_word' id='word_1_528' title='bbox 518 5895 536 5917; x_wconf 84' lang='grc'><em>’</em></span> <span class='ocrx_word' id='word_1_529' title='bbox 570 5896 662 5944; x_wconf 75' lang='lat' dir='ltr'>Mli</span> <span class='ocrx_word' id='word_1_530' title='bbox 685 5894 788 5954; x_wconf 79' lang='grc' dir='ltr'>περὶ</span> <span class='ocrx_word' id='word_1_531' title='bbox 809 5893 982 5957; x_wconf 76' lang='grc' dir='ltr'>αὐτῶν,</span> <span class='ocrx_word' id='word_1_532' title='bbox 1006 5897 1090 5946; x_wconf 83' lang='lat' dir='ltr'>alii</span> <span class='ocrx_word' id='word_1_533' title='bbox 1112 5899 1230 5961; x_wconf 76' lang='grc' dir='ltr'>ὑπὲρ</span> <span class='ocrx_word' id='word_1_534' title='bbox 1251 5898 1426 5948; x_wconf 76' lang='grc' dir='ltr'>αὐτῶν.</span> 
     </span>
    </p>
   </div>
   <div class='ocr_carea' id='block_1_63' title="bbox 1211 432 3072 523">
    <p class='ocr_par' dir='ltr' id='par_1_63' title="bbox 1211 432 3072 523">
     <span class='ocr_line' id='line_1_63' title="bbox 1211 432 3072 523; baseline -0.007 -22"><span class='ocrx_word' id='word_1_535' title='bbox 1211 446 1269 504; x_wconf 90' lang='lat' dir='ltr'>S.</span> <span class='ocrx_word' id='word_1_536' title='bbox 1305 441 1589 523; x_wconf 60' lang='lat' dir='ltr'>JOANSIS</span> <span class='ocrx_word' id='word_1_537' title='bbox 1623 435 2114 498; x_wconf 69' lang='lat' dir='ltr'>CHRYSOSTOMI</span> <span class='ocrx_word' id='word_1_538' title='bbox 2157 432 2479 490; x_wconf 76' lang='lat' dir='ltr'>ARCHIEP.</span> <span class='ocrx_word' id='word_1_539' title='bbox 2520 433 3072 490; x_wconf 74' lang='lat' dir='ltr'>CONSTANTINUP.</span> 
     </span>
    </p>
   </div>
   <div class='ocr_carea' id='block_1_64' title="bbox 3811 429 3908 483">
    <p class='ocr_par' dir='ltr' id='par_1_64' title="bbox 3811 429 3908 483">
     <span class='ocr_line' id='line_1_64' title="bbox 3811 429 3908 483; baseline 0.01 -1"><span class='ocrx_word' id='word_1_540' title='bbox 3811 429 3908 483; x_wconf 63' lang='grc' dir='ltr'>ΞΗ</span> 
     </span>
    </p>
   </div>
   <div class='ocr_carea' id='block_1_65' title="bbox 2198 546 3911 622">
    <p class='ocr_par' dir='ltr' id='par_1_65' title="bbox 2198 546 3911 622">
     <span class='ocr_line' id='line_1_65' title="bbox 2198 546 3911 622; baseline -0.003 -18"><span class='ocrx_word' id='word_1_541' title='bbox 2198 549 2432 622; x_wconf 82' lang='grc' dir='ltr'>θρώπων</span> <span class='ocrx_word' id='word_1_542' title='bbox 2485 549 2660 604; x_wconf 79' lang='grc' dir='ltr'>ταῦτα</span> <span class='ocrx_word' id='word_1_543' title='bbox 2710 548 3074 603; x_wconf 82' lang='grc' dir='ltr'>ἀναπλάττειν</span> <span class='ocrx_word' id='word_1_544' title='bbox 3129 548 3448 619; x_wconf 81' lang='grc' dir='ltr'>ἐπιχειρεῖ,</span> <span class='ocrx_word' id='word_1_545' title='bbox 3523 546 3666 599; x_wconf 81' lang='grc' dir='ltr'>ὅθεν</span> <span class='ocrx_word' id='word_1_546' title='bbox 3716 547 3812 598; x_wconf 77' lang='grc' dir='ltr'>καὶ</span> <span class='ocrx_word' id='word_1_547' title='bbox 3861 547 3911 599; x_wconf 72' lang='grc' dir='ltr'>αἰ</span> 
     </span>
    </p>
   </div>
   <div class='ocr_carea' id='block_1_66' title="bbox 2199 633 3914 708">
    <p class='ocr_par' dir='ltr' id='par_1_66' title="bbox 2199 633 3914 708">
     <span class='ocr_line' id='line_1_66' title="bbox 2199 633 3914 708; baseline -0.001 -18"><span class='ocrx_word' id='word_1_548' title='bbox 2199 635 2416 700; x_wconf 65' lang='grc' dir='ltr'>⁴πλείους</span> <span class='ocrx_word' id='word_1_549' title='bbox 2437 638 2546 691; x_wconf 87' lang='grc' dir='ltr'>τῶν</span> <span class='ocrx_word' id='word_1_550' title='bbox 2567 637 2834 708; x_wconf 80' lang='grc' dir='ltr'>αἱρέσεων</span> <span class='ocrx_word' id='word_1_551' title='bbox 2869 635 3200 706; x_wconf 78' lang='grc' dir='ltr'>ἐτέχθησαν,</span> <span class='ocrx_word' id='word_1_552' title='bbox 3230 636 3431 690; x_wconf 82' lang='grc' dir='ltr'>αὐτίκα</span> <span class='ocrx_word' id='word_1_553' title='bbox 3474 634 3643 706; x_wconf 84' lang='grc' dir='ltr'>μάλα</span> <span class='ocrx_word' id='word_1_554' title='bbox 3678 633 3914 688; x_wconf 75' lang='grc' dir='ltr'>εἴσεσθε.</span> 
     </span>
    </p>
   </div>
   <div class='ocr_carea' id='block_1_67' title="bbox 2199 723 3916 797">
    <p class='ocr_par' dir='ltr' id='par_1_67' title="bbox 2199 723 3916 797">
     <span class='ocr_line' id='line_1_67' title="bbox 2199 723 3916 797; baseline -0.003 -17"><span class='ocrx_word' id='word_1_555' title='bbox 2199 728 2308 781; x_wconf 74' lang='grc' dir='ltr'>Καὶ</span> <span class='ocrx_word' id='word_1_556' title='bbox 2339 726 2450 797; x_wconf 81' lang='grc' dir='ltr'>γάρ</span> <span class='ocrx_word' id='word_1_557' title='bbox 2471 725 2661 789; x_wconf 82' lang='grc' dir='ltr'>ὡςέπί</span> <span class='ocrx_word' id='word_1_558' title='bbox 2689 724 2750 778; x_wconf 83' lang='grc' dir='ltr'>τὸ</span> <span class='ocrx_word' id='word_1_559' title='bbox 2781 725 3033 778; x_wconf 90' lang='grc' dir='ltr'>πλεῖστον</span> <span class='ocrx_word' id='word_1_560' title='bbox 3059 725 3168 794; x_wconf 77' lang='grc' dir='ltr'>(ἵνα</span> <span class='ocrx_word' id='word_1_561' title='bbox 3192 723 3439 794; x_wconf 83' lang='grc' dir='ltr'>δόξωμεν</span> <span class='ocrx_word' id='word_1_562' title='bbox 3478 723 3572 786; x_wconf 84' lang='grc' dir='ltr'>ὡς</span> <span class='ocrx_word' id='word_1_563' title='bbox 3597 723 3671 775; x_wconf 87' lang='grc' dir='ltr'>ἐκ</span> <span class='ocrx_word' id='word_1_564' title='bbox 3698 737 3916 794; x_wconf 79' lang='grc' dir='ltr'>περιου-</span> 
     </span>
    </p>
   </div>
   <div class='ocr_carea' id='block_1_68' title="bbox 2201 810 3916 884">
    <p class='ocr_par' dir='ltr' id='par_1_68' title="bbox 2201 810 3916 884">
     <span class='ocr_line' id='line_1_68' title="bbox 2201 810 3916 884; baseline -0.003 -15"><span class='ocrx_word' id='word_1_565' title='bbox 2201 815 2322 878; x_wconf 79' lang='grc' dir='ltr'>σίας</span> <span class='ocrx_word' id='word_1_566' title='bbox 2363 813 2736 884; x_wconf 75' lang='grc' dir='ltr'>ἐπιστομίζειν</span> <span class='ocrx_word' id='word_1_567' title='bbox 2778 814 2903 876; x_wconf 78' lang='grc' dir='ltr'>τοὺς</span> <span class='ocrx_word' id='word_1_568' title='bbox 2942 813 3010 864; x_wconf 72' lang='grc' dir='ltr'>τὰ</span> <span class='ocrx_word' id='word_1_569' title='bbox 3051 812 3160 866; x_wconf 83' lang='lat'>61:6</span> <span class='ocrx_word' id='word_1_570' title='bbox 3201 811 3309 866; x_wconf 84' lang='grc' dir='ltr'>τῶν</span> <span class='ocrx_word' id='word_1_571' title='bbox 3342 811 3586 866; x_wconf 80' lang='grc' dir='ltr'>οἰκείων</span> <span class='ocrx_word' id='word_1_572' title='bbox 3631 810 3916 880; x_wconf 84' lang='grc' dir='ltr'>λογισμῶν</span> 
     </span>
    </p>
   </div>
   <div class='ocr_carea' id='block_1_69' title="bbox 2199 897 3917 974">
    <p class='ocr_par' dir='ltr' id='par_1_69' title="bbox 2199 897 3917 974">
     <span class='ocr_line' id='line_1_69' title="bbox 2199 897 3917 974; baseline -0.003 -17"><span class='ocrx_word' id='word_1_573' title='bbox 2199 902 2646 974; x_wconf 82' lang='grc' dir='ltr'>ἐπεισφέροντας)</span> <span class='ocrx_word' id='word_1_574' title='bbox 2677 901 3004 972; x_wconf 85' lang='grc' dir='ltr'>εὑρίσκομεν</span> <span class='ocrx_word' id='word_1_575' title='bbox 3037 903 3095 954; x_wconf 87' lang='grc' dir='ltr'>ἐν</span> <span class='ocrx_word' id='word_1_576' title='bbox 3130 902 3252 964; x_wconf 87' lang='grc' dir='ltr'>ταῖς</span> <span class='ocrx_word' id='word_1_577' title='bbox 3281 901 3550 971; x_wconf 82' lang='grc' dir='ltr'>Γραφαῖς</span> <span class='ocrx_word' id='word_1_578' title='bbox 3591 897 3808 970; x_wconf 63' lang='grc' dir='ltr'>μᾶλλον</span> <span class='ocrx_word' id='word_1_579' title='bbox 3829 899 3917 952; x_wconf 84' lang='grc' dir='ltr'>τὸν</span> 
     </span>
    </p>
   </div>
   <div class='ocr_carea' id='block_1_70' title="bbox 2198 987 3916 1061">
    <p class='ocr_par' dir='ltr' id='par_1_70' title="bbox 2198 987 3916 1061">
     <span class='ocr_line' id='line_1_70' title="bbox 2198 987 3916 1061; baseline -0.013 -13"><span class='ocrx_word' id='word_1_580' title='bbox 2198 990 2301 1061; x_wconf 81' lang='grc' dir='ltr'>τῆς</span> <span class='ocrx_word' id='word_1_581' title='bbox 2347 991 2609 1060; x_wconf 79' lang='grc' dir='ltr'>συζυγίας</span> <span class='ocrx_word' id='word_1_582' title='bbox 2639 988 2870 1061; x_wconf 79' lang='grc' dir='ltr'>ἀριθμὸν</span> <span class='ocrx_word' id='word_1_583' title='bbox 2900 987 3224 1058; x_wconf 76' lang='grc' dir='ltr'>σωζόμενον.</span> <span class='ocrx_word' id='word_1_584' title='bbox 3258 989 3369 1042; x_wconf 77' lang='grc' dir='ltr'>Καὶ</span> <span class='ocrx_word' id='word_1_585' title='bbox 3409 988 3540 1060; x_wconf 78' lang='grc' dir='ltr'>γὰρ</span> <span class='ocrx_word' id='word_1_586' title='bbox 3575 988 3758 1057; x_wconf 74' lang='grc' dir='ltr'>ἡνίκα</span> <span class='ocrx_word' id='word_1_587' title='bbox 3813 989 3916 1040; x_wconf 82' lang='grc' dir='ltr'>ἀπ..</span> 
     </span>
    </p>
   </div>
   <div class='ocr_carea' id='block_1_71' title="bbox 2203 1075 3917 1149">
    <p class='ocr_par' dir='ltr' id='par_1_71' title="bbox 2203 1075 3917 1149">
     <span class='ocr_line' id='line_1_71' title="bbox 2203 1075 3917 1149; baseline -0.002 -17"><span class='ocrx_word' id='word_1_588' title='bbox 2203 1077 2417 1133; x_wconf 85' lang='grc' dir='ltr'>έστελ).ε</span> <span class='ocrx_word' id='word_1_589' title='bbox 2443 1078 2572 1142; x_wconf 80' lang='grc' dir='ltr'>τοὺς</span> <span class='ocrx_word' id='word_1_590' title='bbox 2601 1077 2850 1149; x_wconf 82' lang='grc' dir='ltr'>μαθητάς</span> <span class='ocrx_word' id='word_1_591' title='bbox 2869 1117 2884 1142; x_wconf 94' lang='grc'>,</span> <span class='ocrx_word' id='word_1_592' title='bbox 2921 1076 3014 1130; x_wconf 91' lang='grc' dir='ltr'>δύο</span> <span class='ocrx_word' id='word_1_593' title='bbox 3061 1076 3154 1130; x_wconf 87' lang='grc' dir='ltr'>δύο</span> <span class='ocrx_word' id='word_1_594' title='bbox 3183 1077 3379 1140; x_wconf 78' lang='grc' dir='ltr'>αὐτοὺς</span> <span class='ocrx_word' id='word_1_595' title='bbox 3418 1075 3783 1136; x_wconf 71' lang='grc' dir='ltr'>ἀπέστελλε,</span> <span class='ocrx_word' id='word_1_596' title='bbox 3827 1076 3917 1128; x_wconf 79' lang='grc' dir='ltr'>καὶ</span> 
     </span>
    </p>
   </div>
   <div class='ocr_carea' id='block_1_72' title="bbox 2203 1159 3916 1235">
    <p class='ocr_par' dir='ltr' id='par_1_72' title="bbox 2203 1159 3916 1235">
     <span class='ocr_line' id='line_1_72' title="bbox 2203 1159 3916 1235; baseline -0.004 -15"><span class='ocrx_word' id='word_1_597' title='bbox 2203 1166 2356 1221; x_wconf 84' lang='grc' dir='ltr'>αὑτοί¹</span> <span class='ocrx_word' id='word_1_598' title='bbox 2389 1165 2446 1220; x_wconf 79' lang='grc' dir='ltr'>δὲ</span> <span class='ocrx_word' id='word_1_599' title='bbox 2479 1165 2680 1228; x_wconf 85' lang='grc' dir='ltr'>πάντες</span> <span class='ocrx_word' id='word_1_600' title='bbox 2703 1163 2914 1218; x_wconf 87' lang='grc' dir='ltr'>δώδεκα</span> <span class='ocrx_word' id='word_1_601' title='bbox 2942 1159 3083 1235; x_wconf 86' lang='grc' dir='ltr'>ἦσαν</span> <span class='ocrx_word' id='word_1_602' title='bbox 3108 1203 3124 1226; x_wconf 93' lang='grc'>,</span> <span class='ocrx_word' id='word_1_603' title='bbox 3169 1165 3264 1218; x_wconf 77' lang='grc' dir='ltr'>καὶ</span> <span class='ocrx_word' id='word_1_604' title='bbox 3302 1163 3372 1218; x_wconf 72' lang='grc' dir='ltr'>τά</span> <span class='ocrx_word' id='word_1_605' title='bbox 3403 1162 3750 1232; x_wconf 80' lang='grc' dir='ltr'>Εὑαγγέλια</span> <span class='ocrx_word' id='word_1_606' title='bbox 3797 1163 3916 1214; x_wconf 82' lang='grc' dir='ltr'>τέσ-</span> 
     </span>
    </p>
   </div>
   <div class='ocr_carea' id='block_1_73' title="bbox 2206 1251 3913 1326">
    <p class='ocr_par' dir='ltr' id='par_1_73' title="bbox 2206 1251 3913 1326">
     <span class='ocr_line' id='line_1_73' title="bbox 2206 1251 3913 1326; baseline -0.004 -19"><span class='ocrx_word' id='word_1_607' title='bbox 2206 1271 2347 1326; x_wconf 88' lang='grc' dir='ltr'>σαρα</span> <span class='ocrx_word' id='word_1_608' title='bbox 2393 1253 2486 1307; x_wconf 79' lang='grc' dir='ltr'>τὸν</span> <span class='ocrx_word' id='word_1_609' title='bbox 2532 1251 2765 1325; x_wconf 85' lang='grc' dir='ltr'>ἀριθμόν</span> <span class='ocrx_word' id='word_1_610' title='bbox 2795 1253 2962 1306; x_wconf 83' lang='grc' dir='ltr'>ἐστιν.</span> <span class='ocrx_word' id='word_1_611' title='bbox 3013 1251 3174 1306; x_wconf 83' lang='grc' dir='ltr'>’Λλλά</span> <span class='ocrx_word' id='word_1_612' title='bbox 3200 1251 3373 1306; x_wconf 81' lang='grc' dir='ltr'>ταῦτα</span> <span class='ocrx_word' id='word_1_613' title='bbox 3419 1251 3713 1322; x_wconf 79' lang='grc' dir='ltr'>περιττὸν</span> <span class='ocrx_word' id='word_1_614' title='bbox 3747 1252 3913 1302; x_wconf 82' lang='grc' dir='ltr'>κινεῖν</span> 
     </span>
    </p>
   </div>
   <div class='ocr_carea' id='block_1_74' title="bbox 2205 1339 3912 1414">
    <p class='ocr_par' dir='ltr' id='par_1_74' title="bbox 2205 1339 3912 1414">
     <span class='ocr_line' id='line_1_74' title="bbox 2205 1339 3912 1414; baseline -0.001 -18"><span class='ocrx_word' id='word_1_615' title='bbox 2205 1344 2296 1396; x_wconf 77' lang='grc' dir='ltr'>ἐπὶ</span> <span class='ocrx_word' id='word_1_616' title='bbox 2345 1345 2447 1414; x_wconf 81' lang='grc' dir='ltr'>τῆς</span> <span class='ocrx_word' id='word_1_617' title='bbox 2502 1341 2777 1414; x_wconf 84' lang='grc' dir='ltr'>ὑμετέρας</span> <span class='ocrx_word' id='word_1_618' title='bbox 2824 1341 3085 1412; x_wconf 79' lang='grc' dir='ltr'>ἀγάπης,</span> <span class='ocrx_word' id='word_1_619' title='bbox 3131 1339 3531 1412; x_wconf 86' lang='grc' dir='ltr'>δεδιδαγμένης</span> <span class='ocrx_word' id='word_1_620' title='bbox 3593 1339 3761 1405; x_wconf 73' lang='grc' dir='ltr'>ἅπαξ</span> <span class='ocrx_word' id='word_1_621' title='bbox 3805 1342 3912 1404; x_wconf 83' lang='grc' dir='ltr'>τοῖς</span> 
     </span>
    </p>
   </div>
   <div class='ocr_carea' id='block_1_75' title="bbox 2204 1427 3913 1501">
    <p class='ocr_par' dir='ltr' id='par_1_75' title="bbox 2204 1427 3913 1501">
     <span class='ocr_line' id='line_1_75' title="bbox 2204 1427 3913 1501; baseline -0.003 -16"><span class='ocrx_word' id='word_1_622' title='bbox 2204 1431 2464 1492; x_wconf 87' lang='grc' dir='ltr'>τοιούτοις</span> <span class='ocrx_word' id='word_1_623' title='bbox 2490 1431 2857 1501; x_wconf 87' lang='grc' dir='ltr'>ἀποφράττειν</span> <span class='ocrx_word' id='word_1_624' title='bbox 2881 1427 2982 1492; x_wconf 84' lang='grc' dir='ltr'>τὰς</span> <span class='ocrx_word' id='word_1_625' title='bbox 3023 1429 3214 1492; x_wconf 83' lang='grc' dir='ltr'>ἀκοάς.</span> <span class='ocrx_word' id='word_1_626' title='bbox 3269 1430 3618 1497; x_wconf 78' lang='grc' dir='ltr'>Ἀναγκαῖον</span> <span class='ocrx_word' id='word_1_627' title='bbox 3641 1427 3706 1481; x_wconf 81' lang='grc' dir='ltr'>δὲ</span> <span class='ocrx_word' id='word_1_628' title='bbox 3731 1428 3913 1480; x_wconf 81' lang='grc' dir='ltr'>λοιπὺν</span> 
     </span>
    </p>
   </div>
   <div class='ocr_carea' id='block_1_76' title="bbox 2207 1514 3910 1588">
    <p class='ocr_par' dir='ltr' id='par_1_76' title="bbox 2207 1514 3910 1588">
     <span class='ocr_line' id='line_1_76' title="bbox 2207 1514 3910 1588; baseline -0.001 -18"><span class='ocrx_word' id='word_1_629' title='bbox 2207 1520 2403 1581; x_wconf 86' lang='grc' dir='ltr'>εἰπεῖν,</span> <span class='ocrx_word' id='word_1_630' title='bbox 2433 1517 2577 1580; x_wconf 89' lang='grc' dir='ltr'>τίνος</span> <span class='ocrx_word' id='word_1_631' title='bbox 2607 1517 2794 1570; x_wconf 74' lang='grc' dir='ltr'>ἕνεκεν</span> <span class='ocrx_word' id='word_1_632' title='bbox 2822 1514 2964 1570; x_wconf 85' lang='grc' dir='ltr'>ἐπτά</span> <span class='ocrx_word' id='word_1_633' title='bbox 2994 1514 3134 1569; x_wconf 81' lang='grc' dir='ltr'>ἐπτά</span> <span class='ocrx_word' id='word_1_634' title='bbox 3179 1515 3286 1569; x_wconf 82' lang='grc' dir='ltr'>ἀπὸ</span> <span class='ocrx_word' id='word_1_635' title='bbox 3327 1516 3438 1568; x_wconf 87' lang='grc' dir='ltr'>τῶν</span> <span class='ocrx_word' id='word_1_636' title='bbox 3473 1514 3768 1588; x_wconf 80' lang='grc' dir='ltr'>καθαρῶν</span> <span class='ocrx_word' id='word_1_637' title='bbox 3805 1516 3910 1568; x_wconf 89' lang='grc' dir='ltr'>εἰσ-</span> 
     </span>
    </p>
   </div>
   <div class='ocr_carea' id='block_1_77' title="bbox 2208 1602 3912 1676">
    <p class='ocr_par' dir='ltr' id='par_1_77' title="bbox 2208 1602 3912 1676">
     <span class='ocr_line' id='line_1_77' title="bbox 2208 1602 3912 1676; baseline -0.003 -17"><span class='ocrx_word' id='word_1_638' title='bbox 2208 1605 2440 1676; x_wconf 79' lang='grc' dir='ltr'>αχθῆναι</span> <span class='ocrx_word' id='word_1_639' title='bbox 2457 1606 2536 1668; x_wconf 88' lang='grc' dir='ltr'>εἰς</span> <span class='ocrx_word' id='word_1_640' title='bbox 2553 1605 2650 1673; x_wconf 84' lang='grc' dir='ltr'>τὴν</span> <span class='ocrx_word' id='word_1_641' title='bbox 2664 1603 2896 1657; x_wconf 83' lang='grc' dir='ltr'>κιϐωτὸν</span> <span class='ocrx_word' id='word_1_642' title='bbox 2917 1602 3236 1676; x_wconf 79' lang='grc' dir='ltr'>προσέταξε.</span> <span class='ocrx_word' id='word_1_643' title='bbox 3259 1603 3332 1656; x_wconf 88' lang='lat' dir='ltr'>T6</span> <span class='ocrx_word' id='word_1_644' title='bbox 3351 1604 3449 1674; x_wconf 82' lang='grc' dir='ltr'>μὲν</span> <span class='ocrx_word' id='word_1_645' title='bbox 3477 1603 3730 1657; x_wconf 82' lang='grc' dir='ltr'>πλείονα</span> <span class='ocrx_word' id='word_1_646' title='bbox 3749 1620 3912 1674; x_wconf 89' lang='grc' dir='ltr'>προσ-</span> 
     </span>
    </p>
   </div>
   <div class='ocr_carea' id='block_1_78' title="bbox 2208 1689 3908 1761">
    <p class='ocr_par' dir='ltr' id='par_1_78' title="bbox 2208 1689 3908 1761">
     <span class='ocr_line' id='line_1_78' title="bbox 2208 1689 3908 1761; baseline -0.001 -15"><span class='ocrx_word' id='word_1_647' title='bbox 2208 1693 2366 1756; x_wconf 80' lang='grc' dir='ltr'>τάξαι</span> <span class='ocrx_word' id='word_1_648' title='bbox 2389 1690 2498 1744; x_wconf 84' lang='grc' dir='ltr'>τῶν</span> <span class='ocrx_word' id='word_1_649' title='bbox 2517 1690 2775 1760; x_wconf 83' lang='grc' dir='ltr'>καθαρῶν</span> <span class='ocrx_word' id='word_1_650' title='bbox 2818 1691 3158 1760; x_wconf 79' lang='grc' dir='ltr'>εἰσαχθῆναι,</span> <span class='ocrx_word' id='word_1_651' title='bbox 3184 1689 3272 1744; x_wconf 81' lang='grc' dir='ltr'>διὰ</span> <span class='ocrx_word' id='word_1_652' title='bbox 3293 1689 3351 1744; x_wconf 79' lang='grc' dir='ltr'>τὸ</span> <span class='ocrx_word' id='word_1_653' title='bbox 3378 1691 3771 1761; x_wconf 83' lang='grc' dir='ltr'>παραμυθίαν</span> <span class='ocrx_word' id='word_1_654' title='bbox 3799 1691 3908 1744; x_wconf 65' lang='grc' dir='ltr'>τινὰ</span> 
     </span>
    </p>
   </div>
   <div class='ocr_carea' id='block_1_79' title="bbox 2209 1777 3906 1850">
    <p class='ocr_par' dir='ltr' id='par_1_79' title="bbox 2209 1777 3906 1850">
     <span class='ocr_line' id='line_1_79' title="bbox 2209 1777 3906 1850; baseline -0.002 -17"><span class='ocrx_word' id='word_1_655' title='bbox 2209 1780 2353 1850; x_wconf 77' lang='grc' dir='ltr'>ἔχειν</span> <span class='ocrx_word' id='word_1_656' title='bbox 2383 1780 2477 1833; x_wconf 78' lang='grc' dir='ltr'>καί</span> <span class='ocrx_word' id='word_1_657' title='bbox 2503 1779 2593 1832; x_wconf 67' lang='grc' dir='ltr'>τὸν</span> <span class='ocrx_word' id='word_1_658' title='bbox 2621 1779 2846 1843; x_wconf 86' lang='grc' dir='ltr'>δίκαιον,</span> <span class='ocrx_word' id='word_1_659' title='bbox 2871 1778 2964 1831; x_wconf 70' lang='grc' dir='ltr'>καὶ</span> <span class='ocrx_word' id='word_1_660' title='bbox 2995 1779 3122 1840; x_wconf 73' lang='grc' dir='ltr'>τοὺς</span> <span class='ocrx_word' id='word_1_661' title='bbox 3152 1779 3250 1831; x_wconf 77' lang='grc' dir='ltr'>σὺν</span> <span class='ocrx_word' id='word_1_662' title='bbox 3274 1777 3424 1849; x_wconf 86' lang='grc' dir='ltr'>αὑτῷ</span> <span class='ocrx_word' id='word_1_663' title='bbox 3446 1781 3559 1849; x_wconf 78' lang='grc' dir='ltr'>τῆς</span> <span class='ocrx_word' id='word_1_664' title='bbox 3593 1778 3660 1844; x_wconf 78' lang='grc' dir='ltr'>ἐξ</span> <span class='ocrx_word' id='word_1_665' title='bbox 3688 1777 3906 1830; x_wconf 76' lang='grc' dir='ltr'>ἐκείνων</span> 
     </span>
    </p>
   </div>
   <div class='ocr_carea' id='block_1_80' title="bbox 2209 1865 3906 1938">
    <p class='ocr_par' dir='ltr' id='par_1_80' title="bbox 2209 1865 3906 1938">
     <span class='ocr_line' id='line_1_80' title="bbox 2209 1865 3906 1938; baseline -0.002 -17"><span class='ocrx_word' id='word_1_666' title='bbox 2209 1867 2562 1930; x_wconf 87' lang='grc' dir='ltr'>ἀπολαύσεως</span> <span class='ocrx_word' id='word_1_667' title='bbox 2599 1867 2926 1938; x_wconf 83' lang='grc' dir='ltr'>μετέχοντας</span> <span class='ocrx_word' id='word_1_668' title='bbox 2999 1865 3062 1919; x_wconf 84' lang='grc' dir='ltr'>τὺ</span> <span class='ocrx_word' id='word_1_669' title='bbox 3105 1867 3161 1920; x_wconf 78' lang='grc' dir='ltr'>δὲ</span> <span class='ocrx_word' id='word_1_670' title='bbox 3196 1865 3336 1919; x_wconf 85' lang='grc' dir='ltr'>ἐπτά</span> <span class='ocrx_word' id='word_1_671' title='bbox 3381 1866 3532 1919; x_wconf 80' lang='grc' dir='ltr'>ἐτττά</span> <span class='ocrx_word' id='word_1_672' title='bbox 3562 1906 3578 1928; x_wconf 91' lang='grc'>,</span> <span class='ocrx_word' id='word_1_673' title='bbox 3629 1867 3733 1918; x_wconf 73' lang='grc' dir='ltr'>καὶ</span> <span class='ocrx_word' id='word_1_674' title='bbox 3760 1865 3906 1918; x_wconf 79' lang='grc' dir='ltr'>τοῦτο</span> 
     </span>
    </p>
   </div>
   <div class='ocr_carea' id='block_1_81' title="bbox 2210 1952 3901 2027">
    <p class='ocr_par' dir='ltr' id='par_1_81' title="bbox 2210 1952 3901 2027">
     <span class='ocr_line' id='line_1_81' title="bbox 2210 1952 3901 2027; baseline -0.004 -18"><span class='ocrx_word' id='word_1_675' title='bbox 2210 1956 2393 2020; x_wconf 89' lang='grc' dir='ltr'>πάλιν,</span> <span class='ocrx_word' id='word_1_676' title='bbox 2434 1956 2484 2008; x_wconf 88' lang='grc' dir='ltr'>εἰ</span> <span class='ocrx_word' id='word_1_677' title='bbox 2505 1956 2603 2027; x_wconf 76' lang='grc' dir='ltr'>τὴν</span> <span class='ocrx_word' id='word_1_678' title='bbox 2637 1955 2816 2007; x_wconf 83' lang='grc' dir='ltr'>αἰτίαν</span> <span class='ocrx_word' id='word_1_679' title='bbox 2853 1952 3098 2024; x_wconf 90' lang='grc' dir='ltr'>μάθοιτε,</span> <span class='ocrx_word' id='word_1_680' title='bbox 3130 1953 3405 2018; x_wconf 81' lang='grc' dir='ltr'>ἀπόδειξις</span> <span class='ocrx_word' id='word_1_681' title='bbox 3428 1954 3497 2008; x_wconf 80' lang='grc' dir='ltr'>ἂν</span> <span class='ocrx_word' id='word_1_682' title='bbox 3529 1955 3629 2024; x_wconf 78' lang='grc' dir='ltr'>εἴη</span> <span class='ocrx_word' id='word_1_683' title='bbox 3677 1953 3901 2023; x_wconf 86' lang='grc' dir='ltr'>μεγίστη</span> 
     </span>
    </p>
   </div>
   <div class='ocr_carea' id='block_1_82' title="bbox 2208 2040 3906 2116">
    <p class='ocr_par' dir='ltr' id='par_1_82' title="bbox 2208 2040 3906 2116">
     <span class='ocr_line' id='line_1_82' title="bbox 2208 2040 3906 2116; baseline -0.002 -20"><span class='ocrx_word' id='word_1_684' title='bbox 2208 2045 2307 2116; x_wconf 84' lang='grc' dir='ltr'>τῆς</span> <span class='ocrx_word' id='word_1_685' title='bbox 2352 2043 2599 2114; x_wconf 90' lang='grc' dir='ltr'>φιλοθέου</span> <span class='ocrx_word' id='word_1_686' title='bbox 2643 2041 2870 2113; x_wconf 84' lang='grc' dir='ltr'>γνώμης</span> <span class='ocrx_word' id='word_1_687' title='bbox 2913 2041 3006 2094; x_wconf 79' lang='grc' dir='ltr'>τοῦ</span> <span class='ocrx_word' id='word_1_688' title='bbox 3041 2041 3270 2096; x_wconf 88' lang='grc' dir='ltr'>δικαίου.</span> <span class='ocrx_word' id='word_1_689' title='bbox 3315 2042 3542 2114; x_wconf 79' lang='grc' dir='ltr'>Ἐπειδὴ</span> <span class='ocrx_word' id='word_1_690' title='bbox 3578 2041 3700 2112; x_wconf 84' lang='grc' dir='ltr'>γάρ</span> <span class='ocrx_word' id='word_1_691' title='bbox 3737 2040 3851 2112; x_wconf 67' lang='grc' dir='ltr'>ᾔδει</span> <span class='ocrx_word' id='word_1_692' title='bbox 3880 2042 3906 2092; x_wconf 84' lang='lat'>6</span> 
     </span>
    </p>
   </div>
   <div class='ocr_carea' id='block_1_83' title="bbox 2211 2128 3900 2203">
    <p class='ocr_par' dir='ltr' id='par_1_83' title="bbox 2211 2128 3900 2203">
     <span class='ocr_line' id='line_1_83' title="bbox 2211 2128 3900 2203; baseline -0.004 -17"><span class='ocrx_word' id='word_1_693' title='bbox 2211 2131 2592 2203; x_wconf 82' lang='grc' dir='ltr'>φιλάνθρωπος</span> <span class='ocrx_word' id='word_1_694' title='bbox 2626 2130 2759 2194; x_wconf 79' lang='grc' dir='ltr'>Θεὸς</span> <span class='ocrx_word' id='word_1_695' title='bbox 2792 2129 2886 2183; x_wconf 82' lang='grc' dir='ltr'>τοῦ</span> <span class='ocrx_word' id='word_1_696' title='bbox 2915 2129 3106 2201; x_wconf 82' lang='grc' dir='ltr'>ἀνδρὸς</span> <span class='ocrx_word' id='word_1_697' title='bbox 3139 2131 3241 2200; x_wconf 84' lang='grc' dir='ltr'>τὴν</span> <span class='ocrx_word' id='word_1_698' title='bbox 3283 2129 3484 2202; x_wconf 80' lang='grc' dir='ltr'>ἀρετὴν</span> <span class='ocrx_word' id='word_1_699' title='bbox 3509 2171 3526 2194; x_wconf 95' lang='grc'>,</span> <span class='ocrx_word' id='word_1_700' title='bbox 3563 2129 3667 2183; x_wconf 77' lang='grc' dir='ltr'>καὶ</span> <span class='ocrx_word' id='word_1_701' title='bbox 3697 2130 3784 2182; x_wconf 86' lang='grc' dir='ltr'>ὃτι</span> <span class='ocrx_word' id='word_1_702' title='bbox 3828 2128 3900 2180; x_wconf 78' lang='grc' dir='ltr'>δίο</span> 
     </span>
    </p>
   </div>
   <div class='ocr_carea' id='block_1_84' title="bbox 2212 2216 3899 2289">
    <p class='ocr_par' dir='ltr' id='par_1_84' title="bbox 2212 2216 3899 2289">
     <span class='ocr_line' id='line_1_84' title="bbox 2212 2216 3899 2289; baseline -0.004 -15"><span class='ocrx_word' id='word_1_703' title='bbox 2212 2237 2364 2284; x_wconf 88' lang='grc' dir='ltr'>καιος</span> <span class='ocrx_word' id='word_1_704' title='bbox 2389 2220 2484 2282; x_wconf 80' lang='grc' dir='ltr'>ὢν,</span> <span class='ocrx_word' id='word_1_705' title='bbox 2521 2219 2616 2272; x_wconf 80' lang='grc' dir='ltr'>καί</span> <span class='ocrx_word' id='word_1_706' title='bbox 2652 2217 2919 2289; x_wconf 83' lang='grc' dir='ltr'>τοσαύτης</span> <span class='ocrx_word' id='word_1_707' title='bbox 2947 2217 3261 2282; x_wconf 87' lang='grc' dir='ltr'>ἀπολαύσας</span> <span class='ocrx_word' id='word_1_708' title='bbox 3291 2219 3444 2288; x_wconf 84' lang='grc' dir='ltr'>παρά</span> <span class='ocrx_word' id='word_1_709' title='bbox 3473 2216 3578 2270; x_wconf 80' lang='grc' dir='ltr'>τοῦ</span> <span class='ocrx_word' id='word_1_710' title='bbox 3627 2220 3698 2269; x_wconf 86' lang='grc' dir='ltr'>Δε</span> <span class='ocrx_word' id='word_1_711' title='bbox 3711 2217 3899 2268; x_wconf 83' lang='grc' dir='ltr'>σπότου</span> 
     </span>
    </p>
   </div>
   <div class='ocr_carea' id='block_1_85' title="bbox 2213 2303 3898 2378">
    <p class='ocr_par' dir='ltr' id='par_1_85' title="bbox 2213 2303 3898 2378">
     <span class='ocr_line' id='line_1_85' title="bbox 2213 2303 3898 2378; baseline -0.004 -18"><span class='ocrx_word' id='word_1_712' title='bbox 2213 2307 2654 2378; x_wconf 82' lang='grc' dir='ltr'>φιλανθρωπίας,</span> <span class='ocrx_word' id='word_1_713' title='bbox 2687 2307 2782 2360; x_wconf 75' lang='grc' dir='ltr'>καὶ</span> <span class='ocrx_word' id='word_1_714' title='bbox 2813 2305 2905 2359; x_wconf 85' lang='grc' dir='ltr'>τοῦ</span> <span class='ocrx_word' id='word_1_715' title='bbox 2951 2305 3206 2359; x_wconf 85' lang='grc' dir='ltr'>τοσούτου</span> <span class='ocrx_word' id='word_1_716' title='bbox 3259 2305 3560 2359; x_wconf 85' lang='grc' dir='ltr'>κλυδωνίου</span> <span class='ocrx_word' id='word_1_717' title='bbox 3623 2303 3898 2372; x_wconf 70' lang='grc' dir='ltr'>διαφυγὼν</span> 
     </span>
    </p>
   </div>
   <div class='ocr_carea' id='block_1_86' title="bbox 2213 2395 3895 2470">
    <p class='ocr_par' dir='ltr' id='par_1_86' title="bbox 2213 2395 3895 2470">
     <span class='ocr_line' id='line_1_86' title="bbox 2213 2395 3895 2470; baseline -0.002 -20"><span class='ocrx_word' id='word_1_718' title='bbox 2213 2401 2310 2469; x_wconf 81' lang='grc' dir='ltr'>τὴν</span> <span class='ocrx_word' id='word_1_719' title='bbox 2338 2400 2563 2470; x_wconf 76' lang='grc' dir='ltr'>πεῖραν,</span> <span class='ocrx_word' id='word_1_720' title='bbox 2599 2397 2798 2468; x_wconf 71' lang='grc' dir='ltr'>ἤμελλε</span> <span class='ocrx_word' id='word_1_721' title='bbox 2853 2396 2991 2467; x_wconf 81' lang='grc' dir='ltr'>μετὰ</span> <span class='ocrx_word' id='word_1_722' title='bbox 3033 2395 3132 2466; x_wconf 86' lang='grc' dir='ltr'>τὴν</span> <span class='ocrx_word' id='word_1_723' title='bbox 3169 2396 3488 2468; x_wconf 79' lang='grc' dir='ltr'>ἀπαλλαγὴν</span> <span class='ocrx_word' id='word_1_724' title='bbox 3530 2396 3652 2451; x_wconf 83' lang='grc' dir='ltr'>τῶν</span> <span class='ocrx_word' id='word_1_725' title='bbox 3695 2396 3895 2455; x_wconf 78' lang='grc' dir='ltr'>δεινῶν,</span> 
     </span>
    </p>
   </div>
   <div class='ocr_carea' id='block_1_87' title="bbox 2215 2482 3893 2555">
    <p class='ocr_par' dir='ltr' id='par_1_87' title="bbox 2215 2482 3893 2555">
     <span class='ocr_line' id='line_1_87' title="bbox 2215 2482 3893 2555; baseline -0.003 -16"><span class='ocrx_word' id='word_1_726' title='bbox 2215 2487 2306 2539; x_wconf 81' lang='grc' dir='ltr'>καί</span> <span class='ocrx_word' id='word_1_727' title='bbox 2336 2485 2397 2538; x_wconf 80' lang='grc' dir='ltr'>τὸ</span> <span class='ocrx_word' id='word_1_728' title='bbox 2425 2483 2853 2555; x_wconf 84' lang='grc' dir='ltr'>ἐλευθερωθῆναι</span> <span class='ocrx_word' id='word_1_729' title='bbox 2879 2484 2978 2554; x_wconf 79' lang='grc' dir='ltr'>τῆς</span> <span class='ocrx_word' id='word_1_730' title='bbox 3005 2484 3062 2536; x_wconf 85' lang='grc' dir='ltr'>ἐν</span> <span class='ocrx_word' id='word_1_731' title='bbox 3091 2485 3154 2554; x_wconf 79' lang='grc' dir='ltr'>τῇ</span> <span class='ocrx_word' id='word_1_732' title='bbox 3186 2483 3404 2554; x_wconf 80' lang='grc' dir='ltr'>κιϐωτῷ</span> <span class='ocrx_word' id='word_1_733' title='bbox 3445 2485 3744 2554; x_wconf 77' lang='grc' dir='ltr'>διαγωγῆς</span> <span class='ocrx_word' id='word_1_734' title='bbox 3762 2524 3775 2544; x_wconf 91' lang='grc'>,</span> <span class='ocrx_word' id='word_1_735' title='bbox 3807 2482 3893 2552; x_wconf 74' lang='grc' dir='ltr'>τὴν</span> 
     </span>
    </p>
   </div>
   <div class='ocr_carea' id='block_1_88' title="bbox 2213 2570 3894 2642">
    <p class='ocr_par' dir='ltr' id='par_1_88' title="bbox 2213 2570 3894 2642">
     <span class='ocr_line' id='line_1_88' title="bbox 2213 2570 3894 2642; baseline -0.003 -16"><span class='ocrx_word' id='word_1_736' title='bbox 2213 2573 2422 2626; x_wconf 77' lang='grc' dir='ltr'>οἰκείαν</span> <span class='ocrx_word' id='word_1_737' title='bbox 2456 2571 2873 2642; x_wconf 81' lang='grc' dir='ltr'>εὐγνωμοσύνην</span> <span class='ocrx_word' id='word_1_738' title='bbox 2906 2570 3329 2633; x_wconf 87' lang='grc' dir='ltr'>ἐπιδείκνυσθαι,</span> <span class='ocrx_word' id='word_1_739' title='bbox 3356 2572 3451 2623; x_wconf 81' lang='grc' dir='ltr'>καί</span> <span class='ocrx_word' id='word_1_740' title='bbox 3480 2570 3786 2641; x_wconf 82' lang='grc' dir='ltr'>βούλεσθαι</span> <span class='ocrx_word' id='word_1_741' title='bbox 3814 2571 3894 2622; x_wconf 88' lang='grc' dir='ltr'>θυ-</span> 
     </span>
    </p>
   </div>
   <div class='ocr_carea' id='block_1_89' title="bbox 2217 2658 3892 2730">
    <p class='ocr_par' dir='ltr' id='par_1_89' title="bbox 2217 2658 3892 2730">
     <span class='ocr_line' id='line_1_89' title="bbox 2217 2658 3892 2730; baseline -0.002 -16"><span class='ocrx_word' id='word_1_742' title='bbox 2217 2662 2337 2721; x_wconf 85' lang='grc' dir='ltr'>σίας</span> <span class='ocrx_word' id='word_1_743' title='bbox 2365 2659 2654 2729; x_wconf 87' lang='grc' dir='ltr'>ἀνενέγκαι</span> <span class='ocrx_word' id='word_1_744' title='bbox 2691 2658 2832 2730; x_wconf 85' lang='grc' dir='ltr'>ὑπέρ</span> <span class='ocrx_word' id='word_1_745' title='bbox 2860 2659 3209 2729; x_wconf 76' lang='grc' dir='ltr'>εὐχαριστίας</span> <span class='ocrx_word' id='word_1_746' title='bbox 3241 2658 3350 2712; x_wconf 83' lang='grc' dir='ltr'>τῶν</span> <span class='ocrx_word' id='word_1_747' title='bbox 3383 2660 3785 2730; x_wconf 82' lang='grc' dir='ltr'>γεγενημένων</span> <span class='ocrx_word' id='word_1_748' title='bbox 3813 2658 3892 2712; x_wconf 83' lang='grc' dir='ltr'>καί</span> 
     </span>
    </p>
   </div>
   <div class='ocr_carea' id='block_1_90' title="bbox 2217 2745 3892 2820">
    <p class='ocr_par' dir='ltr' id='par_1_90' title="bbox 2217 2745 3892 2820">
     <span class='ocr_line' id='line_1_90' title="bbox 2217 2745 3892 2820; baseline -0.003 -17"><span class='ocrx_word' id='word_1_749' title='bbox 2217 2748 2582 2820; x_wconf 84' lang='grc' dir='ltr'>ὑπηργμένων</span> <span class='ocrx_word' id='word_1_750' title='bbox 2602 2749 2772 2816; x_wconf 70' lang='grc' dir='ltr'>αὐτ-ἶ),</span> <span class='ocrx_word' id='word_1_751' title='bbox 2790 2748 2878 2801; x_wconf 78' lang='grc' dir='ltr'>ἵνα</span> <span class='ocrx_word' id='word_1_752' title='bbox 2902 2748 2976 2818; x_wconf 86' lang='grc' dir='ltr'>μὴ</span> <span class='ocrx_word' id='word_1_753' title='bbox 3001 2745 3159 2800; x_wconf 78' lang='grc' dir='ltr'>τοῦτο</span> <span class='ocrx_word' id='word_1_754' title='bbox 3185 2746 3355 2800; x_wconf 86' lang='grc' dir='ltr'>ποιῶν</span> <span class='ocrx_word' id='word_1_755' title='bbox 3376 2748 3784 2820; x_wconf 74' lang='grc' dir='ltr'>άκρωτηριάσῃ</span> <span class='ocrx_word' id='word_1_756' title='bbox 3806 2747 3892 2806; x_wconf 72' lang='grc' dir='ltr'>τάς</span> 
     </span>
    </p>
   </div>
   <div class='ocr_carea' id='block_1_91' title="bbox 2219 2835 3894 2908">
    <p class='ocr_par' dir='ltr' id='par_1_91' title="bbox 2219 2835 3894 2908">
     <span class='ocr_line' id='line_1_91' title="bbox 2219 2835 3894 2908; baseline -0.002 -18"><span class='ocrx_word' id='word_1_757' title='bbox 2219 2837 2475 2906; x_wconf 80' lang='grc' dir='ltr'>συζυγίας</span> <span class='ocrx_word' id='word_1_758' title='bbox 2501 2877 2516 2900; x_wconf 93' lang='grc'>,</span> <span class='ocrx_word' id='word_1_759' title='bbox 2546 2837 2636 2892; x_wconf 86' lang='grc' dir='ltr'>διὰ</span> <span class='ocrx_word' id='word_1_760' title='bbox 2662 2836 2822 2890; x_wconf 80' lang='grc' dir='ltr'>τοῦτο</span> <span class='ocrx_word' id='word_1_761' title='bbox 2846 2835 3113 2908; x_wconf 78' lang='grc' dir='ltr'>προειδὼς</span> <span class='ocrx_word' id='word_1_762' title='bbox 3141 2835 3307 2889; x_wconf 78' lang='grc' dir='ltr'>αὐτοῦ</span> <span class='ocrx_word' id='word_1_763' title='bbox 3339 2837 3438 2906; x_wconf 85' lang='grc' dir='ltr'>τῆς</span> <span class='ocrx_word' id='word_1_764' title='bbox 3459 2838 3699 2908; x_wconf 77' lang='grc' dir='ltr'>γνώμης</span> <span class='ocrx_word' id='word_1_765' title='bbox 3729 2836 3790 2888; x_wconf 74' lang='grc' dir='ltr'>τὸ</span> <span class='ocrx_word' id='word_1_766' title='bbox 3816 2835 3894 2887; x_wconf 77' lang='grc' dir='ltr'>εύο</span> 
     </span>
    </p>
   </div>
   <div class='ocr_carea' id='block_1_92' title="bbox 2217 2921 3889 2996">
    <p class='ocr_par' dir='ltr' id='par_1_92' title="bbox 2217 2921 3889 2996">
     <span class='ocr_line' id='line_1_92' title="bbox 2217 2921 3889 2996; baseline -0.004 -18"><span class='ocrx_word' id='word_1_767' title='bbox 2217 2924 2474 2996; x_wconf 88' lang='grc' dir='ltr'>χάριστον</span> <span class='ocrx_word' id='word_1_768' title='bbox 2520 2923 2733 2978; x_wconf 89' lang='grc' dir='ltr'>κελεύει</span> <span class='ocrx_word' id='word_1_769' title='bbox 2786 2923 2925 2976; x_wconf 82' lang='grc' dir='ltr'>ἐπτά</span> <span class='ocrx_word' id='word_1_770' title='bbox 2977 2921 3116 2976; x_wconf 79' lang='grc' dir='ltr'>ἐπτά</span> <span class='ocrx_word' id='word_1_771' title='bbox 3165 2922 3480 2990; x_wconf 89' lang='grc' dir='ltr'>εἰσάγεσθαι</span> <span class='ocrx_word' id='word_1_772' title='bbox 3519 2925 3619 2992; x_wconf 79' lang='grc' dir='ltr'>ἀφ’</span> <span class='ocrx_word' id='word_1_773' title='bbox 3667 2923 3889 2976; x_wconf 74' lang='grc' dir='ltr'>ἑκάστου</span> 
     </span>
    </p>
   </div>
   <div class='ocr_carea' id='block_1_93' title="bbox 2216 3009 3891 3084">
    <p class='ocr_par' dir='ltr' id='par_1_93' title="bbox 2216 3009 3891 3084">
     <span class='ocr_line' id='line_1_93' title="bbox 2216 3009 3891 3084; baseline -0.002 -18"><span class='ocrx_word' id='word_1_774' title='bbox 2216 3013 2406 3082; x_wconf 88' lang='grc' dir='ltr'>γένους</span> <span class='ocrx_word' id='word_1_775' title='bbox 2454 3012 2563 3066; x_wconf 87' lang='grc' dir='ltr'>τῶν</span> <span class='ocrx_word' id='word_1_776' title='bbox 2611 3011 2846 3084; x_wconf 86' lang='grc' dir='ltr'>ὀρνέων,</span> <span class='ocrx_word' id='word_1_777' title='bbox 2888 3011 2977 3064; x_wconf 83' lang='grc' dir='ltr'>ῐνα</span> <span class='ocrx_word' id='word_1_778' title='bbox 3023 3013 3124 3081; x_wconf 80' lang='grc' dir='ltr'>τῆς</span> <span class='ocrx_word' id='word_1_779' title='bbox 3177 3009 3552 3083; x_wconf 88' lang='grc' dir='ltr'>πανωλεθρίας</span> <span class='ocrx_word' id='word_1_780' title='bbox 3612 3009 3891 3079; x_wconf 80' lang='grc' dir='ltr'>παυσαμέ-</span> 
     </span>
    </p>
   </div>
   <div class='ocr_carea' id='block_1_94' title="bbox 2216 3097 3887 3171">
    <p class='ocr_par' dir='ltr' id='par_1_94' title="bbox 2216 3097 3887 3171">
     <span class='ocr_line' id='line_1_94' title="bbox 2216 3097 3887 3171; baseline -0.003 -16"><span class='ocrx_word' id='word_1_781' title='bbox 2216 3117 2316 3171; x_wconf 89' lang='grc' dir='ltr'>νης</span> <span class='ocrx_word' id='word_1_782' title='bbox 2357 3101 2454 3154; x_wconf 83' lang='grc' dir='ltr'>καὶ</span> <span class='ocrx_word' id='word_1_783' title='bbox 2503 3101 2594 3154; x_wconf 67' lang='grc' dir='ltr'>τὸν</span> <span class='ocrx_word' id='word_1_784' title='bbox 2643 3101 2842 3152; x_wconf 88' lang='grc' dir='ltr'>οἰκεῖον</span> <span class='ocrx_word' id='word_1_785' title='bbox 2898 3097 3098 3152; x_wconf 81' lang='grc' dir='ltr'>σκοπὸν</span> <span class='ocrx_word' id='word_1_786' title='bbox 3149 3097 3516 3169; x_wconf 82' lang='grc' dir='ltr'>ἐπιδείξηται,</span> <span class='ocrx_word' id='word_1_787' title='bbox 3552 3101 3654 3154; x_wconf 76' lang='grc' dir='ltr'>καὶ</span> <span class='ocrx_word' id='word_1_788' title='bbox 3683 3099 3751 3170; x_wconf 76' lang='grc' dir='ltr'>τῇ</span> <span class='ocrx_word' id='word_1_789' title='bbox 3802 3113 3887 3150; x_wconf 88' lang='grc' dir='ltr'>συ-</span> 
     </span>
    </p>
   </div>
   <div class='ocr_carea' id='block_1_95' title="bbox 2220 3184 3889 3258">
    <p class='ocr_par' dir='ltr' id='par_1_95' title="bbox 2220 3184 3889 3258">
     <span class='ocr_line' id='line_1_95' title="bbox 2220 3184 3889 3258; baseline -0.002 -17"><span class='ocrx_word' id='word_1_790' title='bbox 2220 3187 2382 3258; x_wconf 76' lang='grc' dir='ltr'>ζυγία</span> <span class='ocrx_word' id='word_1_791' title='bbox 2428 3187 2538 3240; x_wconf 85' lang='grc' dir='ltr'>τῶν</span> <span class='ocrx_word' id='word_1_792' title='bbox 2583 3187 2844 3240; x_wconf 84' lang='grc' dir='ltr'>πετεινῶν</span> <span class='ocrx_word' id='word_1_793' title='bbox 2890 3185 2985 3239; x_wconf 83' lang='grc' dir='ltr'>καὶ</span> <span class='ocrx_word' id='word_1_794' title='bbox 3035 3185 3144 3240; x_wconf 89' lang='grc' dir='ltr'>τῶν</span> <span class='ocrx_word' id='word_1_795' title='bbox 3185 3185 3390 3240; x_wconf 84' lang='grc' dir='ltr'>λοιπῶν</span> <span class='ocrx_word' id='word_1_796' title='bbox 3436 3187 3646 3258; x_wconf 83' lang='grc' dir='ltr'>ὀρνέων</span> <span class='ocrx_word' id='word_1_797' title='bbox 3695 3185 3773 3257; x_wconf 80' lang='grc' dir='ltr'>μὴ</span> <span class='ocrx_word' id='word_1_798' title='bbox 3808 3184 3889 3238; x_wconf 85' lang='grc' dir='ltr'>λυ·</span> 
     </span>
    </p>
   </div>
   <div class='ocr_carea' id='block_1_96' title="bbox 2221 3271 3888 3347">
    <p class='ocr_par' dir='ltr' id='par_1_96' title="bbox 2221 3271 3888 3347">
     <span class='ocr_line' id='line_1_96' title="bbox 2221 3271 3888 3347; baseline -0.002 -19"><span class='ocrx_word' id='word_1_799' title='bbox 2221 3278 2458 3347; x_wconf 81' lang='grc' dir='ltr'>μήνηται</span> <span class='ocrx_word' id='word_1_800' title='bbox 2483 3313 2498 3339; x_wconf 91' lang='grc'>,</span> <span class='ocrx_word' id='word_1_801' title='bbox 2551 3273 2580 3327; x_wconf 83' lang='grc' dir='ltr'><strong>ὅ</strong></span> <span class='ocrx_word' id='word_1_802' title='bbox 2631 3272 2696 3344; x_wconf 86' lang='grc' dir='ltr'>δὴ</span> <span class='ocrx_word' id='word_1_803' title='bbox 2755 3275 2850 3327; x_wconf 78' lang='grc' dir='ltr'>καὶ</span> <span class='ocrx_word' id='word_1_804' title='bbox 2898 3272 3196 3344; x_wconf 82' lang='grc' dir='ltr'>προϊούσης</span> <span class='ocrx_word' id='word_1_805' title='bbox 3244 3271 3348 3343; x_wconf 82' lang='grc' dir='ltr'>τῆς</span> <span class='ocrx_word' id='word_1_806' title='bbox 3397 3271 3754 3336; x_wconf 83' lang='grc' dir='ltr'>διδασκαλίας</span> <span class='ocrx_word' id='word_1_807' title='bbox 3793 3289 3888 3342; x_wconf 84' lang='grc' dir='ltr'>μα-</span> 
     </span>
    </p>
   </div>
   <div class='ocr_carea' id='block_1_97' title="bbox 2219 3359 3886 3435">
    <p class='ocr_par' dir='ltr' id='par_1_97' title="bbox 2219 3359 3886 3435">
     <span class='ocr_line' id='line_1_97' title="bbox 2219 3359 3886 3435; baseline -0.002 -19"><span class='ocrx_word' id='word_1_808' title='bbox 2219 3361 2452 3434; x_wconf 82' lang='grc' dir='ltr'>θήσεσθε</span> <span class='ocrx_word' id='word_1_809' title='bbox 2489 3403 2505 3424; x_wconf 89' lang='grc'>,</span> <span class='ocrx_word' id='word_1_810' title='bbox 2557 3361 2777 3415; x_wconf 78' lang='grc' dir='ltr'>ἐπειδάν</span> <span class='ocrx_word' id='word_1_811' title='bbox 2833 3363 2913 3426; x_wconf 90' lang='grc' dir='ltr'>εἰς</span> <span class='ocrx_word' id='word_1_812' title='bbox 2965 3361 3128 3414; x_wconf 78' lang='grc' dir='ltr'>αὑτὸν</span> <span class='ocrx_word' id='word_1_813' title='bbox 3183 3360 3276 3414; x_wconf 82' lang='grc' dir='ltr'>τὸν</span> <span class='ocrx_word' id='word_1_814' title='bbox 3346 3361 3510 3416; x_wconf 78' lang='grc' dir='ltr'>τόπον</span> <span class='ocrx_word' id='word_1_815' title='bbox 3569 3359 3886 3435; x_wconf 85' lang='grc' dir='ltr'>παραγενὼ-</span> 
     </span>
    </p>
   </div>
   <div class='ocr_carea' id='block_1_98' title="bbox 2223 3448 3886 3523">
    <p class='ocr_par' dir='ltr' id='par_1_98' title="bbox 2223 3448 3886 3523">
     <span class='ocr_line' id='line_1_98' title="bbox 2223 3448 3886 3523; baseline -0.002 -19"><span class='ocrx_word' id='word_1_816' title='bbox 2223 3449 2384 3523; x_wconf 89' lang='grc' dir='ltr'>μεθα.</span> <span class='ocrx_word' id='word_1_817' title='bbox 2439 3448 2592 3522; x_wconf 73' lang='grc'>[226]</span> <span class='ocrx_word' id='word_1_818' title='bbox 2643 3448 2880 3514; x_wconf 77' lang='grc' dir='ltr'>Ὀψεσθε</span> <span class='ocrx_word' id='word_1_819' title='bbox 2929 3449 3040 3522; x_wconf 81' lang='grc' dir='ltr'>γάρ</span> <span class='ocrx_word' id='word_1_820' title='bbox 3093 3448 3184 3502; x_wconf 78' lang='grc' dir='ltr'>τὸν</span> <span class='ocrx_word' id='word_1_821' title='bbox 3233 3448 3442 3503; x_wconf 90' lang='grc' dir='ltr'>δίκαιον</span> <span class='ocrx_word' id='word_1_822' title='bbox 3497 3450 3695 3504; x_wconf 83' lang='grc' dir='ltr'>τοῦτον</span> <span class='ocrx_word' id='word_1_823' title='bbox 3743 3448 3886 3502; x_wconf 80' lang='grc' dir='ltr'>τοῦτο</span> 
     </span>
    </p>
   </div>
   <div class='ocr_carea' id='block_1_99' title="bbox 2220 3535 3886 3613">
    <p class='ocr_par' dir='ltr' id='par_1_99' title="bbox 2220 3535 3886 3613">
     <span class='ocr_line' id='line_1_99' title="bbox 2220 3535 3886 3613; baseline -0.004 -19"><span class='ocrx_word' id='word_1_824' title='bbox 2220 3540 2582 3613; x_wconf 88' lang='grc' dir='ltr'>πεποιηκότα.</span> <span class='ocrx_word' id='word_1_825' title='bbox 2621 3538 2884 3610; x_wconf 87' lang='grc' dir='ltr'>Ἐμάθετε</span> <span class='ocrx_word' id='word_1_826' title='bbox 2935 3539 3036 3610; x_wconf 86' lang='grc' dir='ltr'>τὴν</span> <span class='ocrx_word' id='word_1_827' title='bbox 3084 3539 3299 3603; x_wconf 85' lang='grc' dir='ltr'>αἰτίαν,</span> <span class='ocrx_word' id='word_1_828' title='bbox 3333 3539 3405 3592; x_wconf 79' lang='grc' dir='ltr'>δι’</span> <span class='ocrx_word' id='word_1_829' title='bbox 3459 3541 3525 3610; x_wconf 78' lang='grc' dir='ltr'>ἢν</span> <span class='ocrx_word' id='word_1_830' title='bbox 3555 3539 3703 3594; x_wconf 79' lang='grc' dir='ltr'>ἑπτὰ</span> <span class='ocrx_word' id='word_1_831' title='bbox 3754 3535 3886 3591; x_wconf 73' lang='grc' dir='ltr'>ἑπτά</span> 
     </span>
    </p>
   </div>
   <div class='ocr_carea' id='block_1_100' title="bbox 2221 3625 3884 3699">
    <p class='ocr_par' dir='ltr' id='par_1_100' title="bbox 2221 3625 3884 3699">
     <span class='ocr_line' id='line_1_100' title="bbox 2221 3625 3884 3699; baseline -0.004 -17"><span class='ocrx_word' id='word_1_832' title='bbox 2221 3630 2534 3698; x_wconf 83' lang='grc' dir='ltr'>εἰσαγαγεῖν</span> <span class='ocrx_word' id='word_1_833' title='bbox 2561 3625 2924 3699; x_wconf 85' lang='grc' dir='ltr'>προσετάχθη.</span> <span class='ocrx_word' id='word_1_834' title='bbox 2943 3625 3152 3698; x_wconf 76' lang='grc' dir='ltr'>Μηκέτι</span> <span class='ocrx_word' id='word_1_835' title='bbox 3171 3625 3355 3680; x_wconf 81' lang='grc' dir='ltr'>λοιπὸν</span> <span class='ocrx_word' id='word_1_836' title='bbox 3377 3625 3640 3698; x_wconf 85' lang='grc' dir='ltr'>ἀνέχεσθε</span> <span class='ocrx_word' id='word_1_837' title='bbox 3665 3625 3774 3681; x_wconf 83' lang='grc' dir='ltr'>τῶν</span> <span class='ocrx_word' id='word_1_838' title='bbox 3795 3639 3884 3694; x_wconf 79' lang='grc' dir='ltr'>μυο</span> 
     </span>
    </p>
   </div>
   <div class='ocr_carea' id='block_1_101' title="bbox 2223 3711 3884 3787">
    <p class='ocr_par' dir='ltr' id='par_1_101' title="bbox 2223 3711 3884 3787">
     <span class='ocr_line' id='line_1_101' title="bbox 2223 3711 3884 3787; baseline 0.001 -17"><span class='ocrx_word' id='word_1_839' title='bbox 2223 3715 2462 3785; x_wconf 87' lang='grc' dir='ltr'>θολογεῖν</span> <span class='ocrx_word' id='word_1_840' title='bbox 2508 3713 2952 3787; x_wconf 77' lang='grc' dir='ltr'>ἐπιχειρούντων,</span> <span class='ocrx_word' id='word_1_841' title='bbox 3005 3716 3100 3768; x_wconf 75' lang='grc' dir='ltr'>καὶ</span> <span class='ocrx_word' id='word_1_842' title='bbox 3146 3715 3751 3786; x_wconf 86' lang='grc' dir='ltr'>καταστοιχειουμένων</span> <span class='ocrx_word' id='word_1_843' title='bbox 3795 3711 3884 3780; x_wconf 79' lang='grc' dir='ltr'>τῆς</span> 
     </span>
    </p>
   </div>
   <div class='ocr_carea' id='block_1_102' title="bbox 2223 3799 3883 3876">
    <p class='ocr_par' dir='ltr' id='par_1_102' title="bbox 2223 3799 3883 3876">
     <span class='ocr_line' id='line_1_102' title="bbox 2223 3799 3883 3876; baseline -0.004 -19"><span class='ocrx_word' id='word_1_844' title='bbox 2223 3803 2372 3866; x_wconf 85' lang='grc' dir='ltr'>θείας</span> <span class='ocrx_word' id='word_1_845' title='bbox 2401 3802 2642 3876; x_wconf 80' lang='grc' dir='ltr'>Γραφῆς,</span> <span class='ocrx_word' id='word_1_846' title='bbox 2674 3802 2768 3856; x_wconf 74' lang='grc' dir='ltr'>καὶ</span> <span class='ocrx_word' id='word_1_847' title='bbox 2794 3801 2862 3856; x_wconf 83' lang='grc' dir='ltr'>τὰ</span> <span class='ocrx_word' id='word_1_848' title='bbox 2897 3802 3006 3858; x_wconf 88' lang='lat'>61:6</span> <span class='ocrx_word' id='word_1_849' title='bbox 3033 3801 3128 3856; x_wconf 80' lang='grc' dir='ltr'>τοῦ</span> <span class='ocrx_word' id='word_1_850' title='bbox 3159 3801 3360 3855; x_wconf 86' lang='grc' dir='ltr'>οἰκείου</span> <span class='ocrx_word' id='word_1_851' title='bbox 3392 3802 3514 3866; x_wconf 82' lang='grc' dir='ltr'>νοὸς</span> <span class='ocrx_word' id='word_1_852' title='bbox 3541 3799 3883 3872; x_wconf 81' lang='grc' dir='ltr'>ἐπεισφερόν-</span> 
     </span>
    </p>
   </div>
   <div class='ocr_carea' id='block_1_103' title="bbox 2225 3887 3882 3962">
    <p class='ocr_par' dir='ltr' id='par_1_103' title="bbox 2225 3887 3882 3962">
     <span class='ocr_line' id='line_1_103' title="bbox 2225 3887 3882 3962; baseline -0.004 -18"><span class='ocrx_word' id='word_1_853' title='bbox 2225 3906 2331 3944; x_wconf 89' lang='grc' dir='ltr'>των</span> <span class='ocrx_word' id='word_1_854' title='bbox 2383 3891 2496 3954; x_wconf 83' lang='grc' dir='ltr'>τοῖς</span> <span class='ocrx_word' id='word_1_855' title='bbox 2525 3888 2689 3953; x_wconf 87' lang='grc' dir='ltr'>θείοις</span> <span class='ocrx_word' id='word_1_856' title='bbox 2735 3889 3082 3960; x_wconf 77' lang='grc' dir='ltr'>διδάγμασιν.</span> <span class='ocrx_word' id='word_1_857' title='bbox 3126 3890 3347 3962; x_wconf 81' lang='grc' dir='ltr'>Ἐπειδὴ</span> <span class='ocrx_word' id='word_1_858' title='bbox 3390 3890 3571 3944; x_wconf 88' lang='grc' dir='ltr'>τοίνυν</span> <span class='ocrx_word' id='word_1_859' title='bbox 3619 3887 3882 3953; x_wconf 78' lang='grc' dir='ltr'>διετάξατο</span> 
     </span>
    </p>
   </div>
   <div class='ocr_carea' id='block_1_104' title="bbox 2225 3976 3882 4051">
    <p class='ocr_par' dir='ltr' id='par_1_104' title="bbox 2225 3976 3882 4051">
     <span class='ocr_line' id='line_1_104' title="bbox 2225 3976 3882 4051; baseline -0.002 -20"><span class='ocrx_word' id='word_1_860' title='bbox 2225 3979 2402 4033; x_wconf 89' lang='grc' dir='ltr'>πάντα</span> <span class='ocrx_word' id='word_1_861' title='bbox 2426 3979 2634 4048; x_wconf 87' lang='grc' dir='ltr'>σαφῶς,</span> <span class='ocrx_word' id='word_1_862' title='bbox 2660 3979 2754 4033; x_wconf 80' lang='grc' dir='ltr'>καὶ</span> <span class='ocrx_word' id='word_1_863' title='bbox 2791 3979 2917 4050; x_wconf 85' lang='grc' dir='ltr'>περί</span> <span class='ocrx_word' id='word_1_864' title='bbox 2938 3977 3046 4031; x_wconf 88' lang='grc' dir='ltr'>τῶν</span> <span class='ocrx_word' id='word_1_865' title='bbox 3070 3979 3293 4049; x_wconf 73' lang='grc' dir='ltr'>ὀρνέων,</span> <span class='ocrx_word' id='word_1_866' title='bbox 3323 3979 3566 4051; x_wconf 78' lang='grc' dir='ltr'>καὶπερὶ</span> <span class='ocrx_word' id='word_1_867' title='bbox 3591 3980 3702 4034; x_wconf 88' lang='grc' dir='ltr'>τῶν</span> <span class='ocrx_word' id='word_1_868' title='bbox 3729 3976 3882 4031; x_wconf 86' lang='grc' dir='ltr'>καθα-</span> 
     </span>
    </p>
   </div>
   <div class='ocr_carea' id='block_1_105' title="bbox 2229 4065 3880 4138">
    <p class='ocr_par' dir='ltr' id='par_1_105' title="bbox 2229 4065 3880 4138">
     <span class='ocr_line' id='line_1_105' title="bbox 2229 4065 3880 4138; baseline -0.001 -20"><span class='ocrx_word' id='word_1_869' title='bbox 2229 4066 2358 4137; x_wconf 76' lang='grc' dir='ltr'>ρῶν,</span> <span class='ocrx_word' id='word_1_870' title='bbox 2399 4067 2492 4121; x_wconf 80' lang='grc' dir='ltr'>καὶ</span> <span class='ocrx_word' id='word_1_871' title='bbox 2523 4067 2651 4138; x_wconf 83' lang='grc' dir='ltr'>περί</span> <span class='ocrx_word' id='word_1_872' title='bbox 2675 4066 2784 4119; x_wconf 84' lang='grc' dir='ltr'>τῶν</span> <span class='ocrx_word' id='word_1_873' title='bbox 2813 4065 3158 4136; x_wconf 85' lang='grc' dir='ltr'>ἀκαθάρτων,</span> <span class='ocrx_word' id='word_1_874' title='bbox 3192 4067 3286 4121; x_wconf 79' lang='grc' dir='ltr'>καὶ</span> <span class='ocrx_word' id='word_1_875' title='bbox 3331 4070 3430 4137; x_wconf 80' lang='grc' dir='ltr'>τῆς</span> <span class='ocrx_word' id='word_1_876' title='bbox 3453 4067 3660 4122; x_wconf 87' lang='grc' dir='ltr'>τούτων</span> <span class='ocrx_word' id='word_1_877' title='bbox 3685 4067 3880 4135; x_wconf 87' lang='grc' dir='ltr'>διατρο-</span> 
     </span>
    </p>
   </div>
   <div class='ocr_carea' id='block_1_106' title="bbox 2226 4151 3880 4226">
    <p class='ocr_par' dir='ltr' id='par_1_106' title="bbox 2226 4151 3880 4226">
     <span class='ocr_line' id='line_1_106' title="bbox 2226 4151 3880 4226; baseline -0.001 -21"><span class='ocrx_word' id='word_1_878' title='bbox 2226 4155 2351 4225; x_wconf 79' lang='grc' dir='ltr'>φῆς,</span> <span class='ocrx_word' id='word_1_879' title='bbox 2404 4155 2538 4225; x_wconf 80' lang='grc' dir='ltr'>φησί</span> <span class='ocrx_word' id='word_1_880' title='bbox 2578 4154 2713 4226; x_wconf 80' lang='grc' dir='ltr'>πρὸς</span> <span class='ocrx_word' id='word_1_881' title='bbox 2739 4153 2832 4208; x_wconf 78' lang='grc' dir='ltr'>τὸν</span> <span class='ocrx_word' id='word_1_882' title='bbox 2878 4153 3119 4208; x_wconf 86' lang='grc' dir='ltr'>δίκαιον·</span> <span class='ocrx_word' id='word_1_883' title='bbox 3163 4155 3287 4208; x_wconf 82' lang='grc' dir='ltr'>Ἔτι</span> <span class='ocrx_word' id='word_1_884' title='bbox 3313 4155 3424 4224; x_wconf 78' lang='grc' dir='ltr'>γὰρ</span> <span class='ocrx_word' id='word_1_885' title='bbox 3455 4155 3693 4225; x_wconf 72' lang='grc' dir='ltr'>ἡμερῶν</span> <span class='ocrx_word' id='word_1_886' title='bbox 3723 4151 3880 4212; x_wconf 74' lang='grc' dir='ltr'>ἑπτὰ,</span> 
     </span>
    </p>
   </div>
   <div class='ocr_carea' id='block_1_107' title="bbox 2227 4237 3881 4314">
    <p class='ocr_par' dir='ltr' id='par_1_107' title="bbox 2227 4237 3881 4314">
     <span class='ocr_line' id='line_1_107' title="bbox 2227 4237 3881 4314; baseline -0.001 -18"><span class='ocrx_word' id='word_1_887' title='bbox 2227 4241 2325 4296; x_wconf 80' lang='grc' dir='ltr'>καὶ</span> <span class='ocrx_word' id='word_1_888' title='bbox 2374 4242 2501 4296; x_wconf 84' lang='grc' dir='ltr'>ἰδοὺ</span> <span class='ocrx_word' id='word_1_889' title='bbox 2529 4241 2645 4312; x_wconf 76' lang='grc' dir='ltr'>ἐγὼ</span> <span class='ocrx_word' id='word_1_890' title='bbox 2681 4241 2879 4312; x_wconf 61' lang='grc' dir='ltr'>ἐπάνω</span> <span class='ocrx_word' id='word_1_891' title='bbox 2915 4242 3095 4296; x_wconf 77' lang='grc' dir='ltr'>ὑετὸν</span> <span class='ocrx_word' id='word_1_892' title='bbox 3137 4241 3238 4296; x_wconf 75' lang='grc' dir='ltr'>ἐπὶ</span> <span class='ocrx_word' id='word_1_893' title='bbox 3290 4242 3406 4312; x_wconf 73' lang='grc' dir='ltr'>τὴν</span> <span class='ocrx_word' id='word_1_894' title='bbox 3457 4243 3574 4314; x_wconf 73' lang='grc' dir='ltr'>γῆν</span> <span class='ocrx_word' id='word_1_895' title='bbox 3605 4237 3881 4311; x_wconf 79' lang='grc' dir='ltr'>τεσσαρά-</span> 
     </span>
    </p>
   </div>
   <div class='ocr_carea' id='block_1_108' title="bbox 2229 4329 3876 4400">
    <p class='ocr_par' dir='ltr' id='par_1_108' title="bbox 2229 4329 3876 4400">
     <span class='ocr_line' id='line_1_108' title="bbox 2229 4329 3876 4400; baseline 0.004 -17"><span class='ocrx_word' id='word_1_896' title='bbox 2229 4345 2417 4383; x_wconf 83' lang='grc' dir='ltr'>κοντα</span> <span class='ocrx_word' id='word_1_897' title='bbox 2463 4330 2690 4399; x_wconf 73' lang='grc' dir='ltr'>ἡμέρας</span> <span class='ocrx_word' id='word_1_898' title='bbox 2727 4331 2824 4382; x_wconf 82' lang='grc' dir='ltr'>καί</span> <span class='ocrx_word' id='word_1_899' title='bbox 2862 4329 3321 4398; x_wconf 78' lang='grc' dir='ltr'>τεσσαράκοντα</span> <span class='ocrx_word' id='word_1_900' title='bbox 3363 4331 3611 4400; x_wconf 70' lang='grc' dir='ltr'>νύκτας,</span> <span class='ocrx_word' id='word_1_901' title='bbox 3658 4331 3755 4387; x_wconf 78' lang='grc' dir='ltr'>καί</span> <span class='ocrx_word' id='word_1_902' title='bbox 3798 4329 3876 4390; x_wconf 64' lang='grc' dir='ltr'>ἐξα</span> 
     </span>
    </p>
   </div>
   <div class='ocr_carea' id='block_1_109' title="bbox 2226 4413 3880 4486">
    <p class='ocr_par' dir='ltr' id='par_1_109' title="bbox 2226 4413 3880 4486">
     <span class='ocr_line' id='line_1_109' title="bbox 2226 4413 3880 4486; baseline 0.001 -17"><span class='ocrx_word' id='word_1_903' title='bbox 2226 4417 2462 4486; x_wconf 69' lang='grc' dir='ltr'>αλείψω</span> <span class='ocrx_word' id='word_1_904' title='bbox 2487 4415 2698 4470; x_wconf 82' lang='grc' dir='ltr'>πᾶσαν</span> <span class='ocrx_word' id='word_1_905' title='bbox 2722 4417 2838 4485; x_wconf 79' lang='grc' dir='ltr'>τὴν</span> <span class='ocrx_word' id='word_1_906' title='bbox 2875 4417 3310 4484; x_wconf 76' lang='grc' dir='ltr'>ἐξανάστασιν,</span> <span class='ocrx_word' id='word_1_907' title='bbox 3355 4417 3436 4486; x_wconf 77' lang='grc' dir='ltr'>ἣν</span> <span class='ocrx_word' id='word_1_908' title='bbox 3463 4419 3740 4486; x_wconf 79' lang='grc' dir='ltr'>ἐποίησα,</span> <span class='ocrx_word' id='word_1_909' title='bbox 3775 4413 3880 4470; x_wconf 73' lang='grc' dir='ltr'>ἀπὸ</span> 
     </span>
    </p>
   </div>
   <div class='ocr_carea' id='block_1_110' title="bbox 2226 4501 3878 4574">
    <p class='ocr_par' dir='ltr' id='par_1_110' title="bbox 2226 4501 3878 4574">
     <span class='ocr_line' id='line_1_110' title="bbox 2226 4501 3878 4574; baseline 0.001 -18"><span class='ocrx_word' id='word_1_910' title='bbox 2226 4503 2551 4573; x_wconf 82' lang='grc' dir='ltr'>προσώπου</span> <span class='ocrx_word' id='word_1_911' title='bbox 2609 4501 2719 4572; x_wconf 82' lang='grc' dir='ltr'>τῆς</span> <span class='ocrx_word' id='word_1_912' title='bbox 2762 4501 2896 4574; x_wconf 69' lang='grc' dir='ltr'>γῆς,</span> <span class='ocrx_word' id='word_1_913' title='bbox 2949 4504 3068 4560; x_wconf 80' lang='grc' dir='ltr'>ἀπὸ</span> <span class='ocrx_word' id='word_1_914' title='bbox 3099 4504 3416 4574; x_wconf 78' lang='grc' dir='ltr'>ἀνθρώπου</span> <span class='ocrx_word' id='word_1_915' title='bbox 3451 4505 3562 4574; x_wconf 80' lang='grc' dir='ltr'>ἓως</span> <span class='ocrx_word' id='word_1_916' title='bbox 3613 4505 3878 4574; x_wconf 79' lang='grc' dir='ltr'>κτήνους.</span> 
     </span>
    </p>
   </div>
   <div class='ocr_carea' id='block_1_111' title="bbox 2227 4587 3877 4665">
    <p class='ocr_par' dir='ltr' id='par_1_111' title="bbox 2227 4587 3877 4665">
     <span class='ocr_line' id='line_1_111' title="bbox 2227 4587 3877 4665; baseline -0.002 -21"><span class='ocrx_word' id='word_1_917' title='bbox 2227 4591 2426 4646; x_wconf 85' lang='grc' dir='ltr'>Σκόπει</span> <span class='ocrx_word' id='word_1_918' title='bbox 2485 4610 2573 4662; x_wconf 89' lang='grc' dir='ltr'>μοι</span> <span class='ocrx_word' id='word_1_919' title='bbox 2621 4591 2715 4646; x_wconf 81' lang='grc' dir='ltr'>καὶ</span> <span class='ocrx_word' id='word_1_920' title='bbox 2763 4594 2828 4646; x_wconf 88' lang='grc' dir='ltr'>ἐκ</span> <span class='ocrx_word' id='word_1_921' title='bbox 2865 4592 2974 4646; x_wconf 87' lang='grc' dir='ltr'>τῶν</span> <span class='ocrx_word' id='word_1_922' title='bbox 3017 4591 3114 4646; x_wconf 83' lang='grc' dir='ltr'>νῦν</span> <span class='ocrx_word' id='word_1_923' title='bbox 3179 4592 3486 4665; x_wconf 88' lang='grc' dir='ltr'>εἰρημένων</span> <span class='ocrx_word' id='word_1_924' title='bbox 3551 4593 3651 4664; x_wconf 81' lang='grc' dir='ltr'>τῆς</span> <span class='ocrx_word' id='word_1_925' title='bbox 3701 4587 3877 4660; x_wconf 87' lang='grc' dir='ltr'>ἀγαθό-</span> 
     </span>
    </p>
   </div>
   <div class='ocr_carea' id='block_1_112' title="bbox 2224 4674 3880 4754">
    <p class='ocr_par' dir='ltr' id='par_1_112' title="bbox 2224 4674 3880 4754">
     <span class='ocr_line' id='line_1_112' title="bbox 2224 4674 3880 4754; baseline -0.002 -22"><span class='ocrx_word' id='word_1_926' title='bbox 2224 4696 2387 4750; x_wconf 88' lang='grc' dir='ltr'>τητος</span> <span class='ocrx_word' id='word_1_927' title='bbox 2431 4679 2598 4733; x_wconf 83' lang='grc' dir='ltr'>αὑτοῦ</span> <span class='ocrx_word' id='word_1_928' title='bbox 2656 4679 2757 4750; x_wconf 83' lang='grc' dir='ltr'>τὴν</span> <span class='ocrx_word' id='word_1_929' title='bbox 2825 4679 3152 4750; x_wconf 83' lang='grc' dir='ltr'>ὑπερϐολὴν,</span> <span class='ocrx_word' id='word_1_930' title='bbox 3186 4679 3306 4744; x_wconf 87' lang='grc' dir='ltr'>πῶς</span> <span class='ocrx_word' id='word_1_931' title='bbox 3371 4681 3509 4750; x_wconf 87' lang='grc' dir='ltr'>μετά</span> <span class='ocrx_word' id='word_1_932' title='bbox 3592 4683 3690 4754; x_wconf 81' lang='grc' dir='ltr'>τὴν</span> <span class='ocrx_word' id='word_1_933' title='bbox 3705 4674 3880 4734; x_wconf 87' lang='grc' dir='ltr'>τοσαύ-</span> 
     </span>
    </p>
   </div>
   <div class='ocr_carea' id='block_1_113' title="bbox 2225 4768 3877 4844">
    <p class='ocr_par' dir='ltr' id='par_1_113' title="bbox 2225 4768 3877 4844">
     <span class='ocr_line' id='line_1_113' title="bbox 2225 4768 3877 4844; baseline 0.004 -23"><span class='ocrx_word' id='word_1_934' title='bbox 2225 4786 2326 4840; x_wconf 87' lang='grc' dir='ltr'>την</span> <span class='ocrx_word' id='word_1_935' title='bbox 2367 4768 2752 4840; x_wconf 86' lang='grc' dir='ltr'>μακροθυμίαν</span> <span class='ocrx_word' id='word_1_936' title='bbox 2769 4768 2862 4822; x_wconf 82' lang='grc' dir='ltr'>καὶ</span> <span class='ocrx_word' id='word_1_937' title='bbox 2903 4769 2998 4823; x_wconf 84' lang='grc' dir='ltr'>νῦν</span> <span class='ocrx_word' id='word_1_938' title='bbox 3034 4770 3140 4840; x_wconf 86' lang='grc' dir='ltr'>πρὸ</span> <span class='ocrx_word' id='word_1_939' title='bbox 3185 4770 3325 4825; x_wconf 81' lang='grc' dir='ltr'>ἐπτά</span> <span class='ocrx_word' id='word_1_940' title='bbox 3358 4773 3579 4844; x_wconf 83' lang='grc' dir='ltr'>ἡμερῶν</span> <span class='ocrx_word' id='word_1_941' title='bbox 3621 4771 3877 4844; x_wconf 74' lang='grc' dir='ltr'>προλέγειν</span> 
     </span>
    </p>
   </div>
   <div class='ocr_carea' id='block_1_114' title="bbox 2228 4855 3878 4930">
    <p class='ocr_par' dir='ltr' id='par_1_114' title="bbox 2228 4855 3878 4930">
     <span class='ocr_line' id='line_1_114' title="bbox 2228 4855 3878 4930; baseline 0.002 -22"><span class='ocrx_word' id='word_1_942' title='bbox 2228 4855 2550 4926; x_wconf 82' lang='grc' dir='ltr'>βουλόμενος</span> <span class='ocrx_word' id='word_1_943' title='bbox 2599 4855 2676 4928; x_wconf 83' lang='grc' dir='ltr'>τῷ</span> <span class='ocrx_word' id='word_1_944' title='bbox 2739 4857 2888 4929; x_wconf 81' lang='grc' dir='ltr'>φόϐῳ</span> <span class='ocrx_word' id='word_1_945' title='bbox 2939 4858 3414 4930; x_wconf 81' lang='grc' dir='ltr'>σωφρονεστέρους</span> <span class='ocrx_word' id='word_1_946' title='bbox 3479 4861 3680 4926; x_wconf 82' lang='grc' dir='ltr'>αὐτοὺς</span> <span class='ocrx_word' id='word_1_947' title='bbox 3738 4856 3878 4924; x_wconf 83' lang='grc' dir='ltr'>ποιῆ-</span> 
     </span>
    </p>
   </div>
   <div class='ocr_carea' id='block_1_115' title="bbox 2229 4944 3880 5015">
    <p class='ocr_par' dir='ltr' id='par_1_115' title="bbox 2229 4944 3880 5015">
     <span class='ocr_line' id='line_1_115' title="bbox 2229 4944 3880 5015; baseline 0.001 -19"><span class='ocrx_word' id='word_1_948' title='bbox 2229 4959 2350 5008; x_wconf 88' lang='grc' dir='ltr'>σαι,</span> <span class='ocrx_word' id='word_1_949' title='bbox 2407 4944 2502 4997; x_wconf 71' lang='grc' dir='ltr'>καὶ</span> <span class='ocrx_word' id='word_1_950' title='bbox 2557 4945 2638 5006; x_wconf 85' lang='grc' dir='ltr'>εἰς</span> <span class='ocrx_word' id='word_1_951' title='bbox 2695 4945 2986 5014; x_wconf 88' lang='grc' dir='ltr'>μετάνοιαν</span> <span class='ocrx_word' id='word_1_952' title='bbox 3031 4946 3298 5015; x_wconf 63' lang='grc' dir='ltr'>ηάγαγεῖν.</span> <span class='ocrx_word' id='word_1_953' title='bbox 3348 4947 3458 5001; x_wconf 71' lang='grc' dir='ltr'>Καὶ</span> <span class='ocrx_word' id='word_1_954' title='bbox 3505 4948 3589 5002; x_wconf 81' lang='grc' dir='ltr'>ὅτι</span> <span class='ocrx_word' id='word_1_955' title='bbox 3635 4949 3721 5002; x_wconf 75' lang='grc' dir='ltr'>διά</span> <span class='ocrx_word' id='word_1_956' title='bbox 3744 4944 3880 5000; x_wconf 77' lang='grc' dir='ltr'>τοῦτο</span> 
     </span>
    </p>
   </div>
   <div class='ocr_carea' id='block_1_116' title="bbox 2228 5030 3878 5108">
    <p class='ocr_par' dir='ltr' id='par_1_116' title="bbox 2228 5030 3878 5108">
     <span class='ocr_line' id='line_1_116' title="bbox 2228 5030 3878 5108; baseline -0.001 -23"><span class='ocrx_word' id='word_1_957' title='bbox 2228 5032 2504 5104; x_wconf 84' lang='grc' dir='ltr'>προλέγει,</span> <span class='ocrx_word' id='word_1_958' title='bbox 2525 5033 2610 5085; x_wconf 88' lang='grc' dir='ltr'>ῖνα</span> <span class='ocrx_word' id='word_1_959' title='bbox 2633 5031 2706 5103; x_wconf 86' lang='grc' dir='ltr'>μὴ</span> <span class='ocrx_word' id='word_1_960' title='bbox 2723 5033 2977 5104; x_wconf 78' lang='grc' dir='ltr'>ἐπαγάγῃ</span> <span class='ocrx_word' id='word_1_961' title='bbox 2999 5033 3067 5086; x_wconf 79' lang='grc' dir='ltr'>τά</span> <span class='ocrx_word' id='word_1_962' title='bbox 3085 5036 3218 5106; x_wconf 81' lang='grc' dir='ltr'>παρ’</span> <span class='ocrx_word' id='word_1_963' title='bbox 3234 5034 3401 5090; x_wconf 80' lang='grc' dir='ltr'>αὑτοῦ</span> <span class='ocrx_word' id='word_1_964' title='bbox 3425 5037 3712 5108; x_wconf 88' lang='grc' dir='ltr'>εἰρημένα,</span> <span class='ocrx_word' id='word_1_965' title='bbox 3731 5030 3878 5088; x_wconf 81' lang='grc' dir='ltr'>ἐννόει</span> 
     </span>
    </p>
   </div>
   <div class='ocr_carea' id='block_1_117' title="bbox 2231 5121 3879 5197">
    <p class='ocr_par' dir='ltr' id='par_1_117' title="bbox 2231 5121 3879 5197">
     <span class='ocr_line' id='line_1_117' title="bbox 2231 5121 3879 5197; baseline 0 -23"><span class='ocrx_word' id='word_1_966' title='bbox 2231 5139 2320 5193; x_wconf 93' lang='grc' dir='ltr'>μοι</span> <span class='ocrx_word' id='word_1_967' title='bbox 2349 5121 2475 5184; x_wconf 70' lang='grc' dir='ltr'>τοὺς</span> <span class='ocrx_word' id='word_1_968' title='bbox 2511 5121 2820 5186; x_wconf 79' lang='grc' dir='ltr'>Νινευττας,</span> <span class='ocrx_word' id='word_1_969' title='bbox 2866 5123 2960 5176; x_wconf 81' lang='grc' dir='ltr'>καὶ</span> <span class='ocrx_word' id='word_1_970' title='bbox 2993 5121 3157 5193; x_wconf 80' lang='grc' dir='ltr'>βλέπε</span> <span class='ocrx_word' id='word_1_971' title='bbox 3185 5123 3328 5195; x_wconf 90' lang='grc' dir='ltr'>πόση</span> <span class='ocrx_word' id='word_1_972' title='bbox 3365 5126 3400 5196; x_wconf 89' lang='grc' dir='ltr'>ή</span> <span class='ocrx_word' id='word_1_973' title='bbox 3435 5125 3670 5197; x_wconf 85' lang='grc' dir='ltr'>διαφορά</span> <span class='ocrx_word' id='word_1_974' title='bbox 3699 5121 3879 5178; x_wconf 83' lang='grc' dir='ltr'>τούτων</span> 
     </span>
    </p>
   </div>
   <div class='ocr_carea' id='block_1_118' title="bbox 2228 5204 3878 5285">
    <p class='ocr_par' dir='ltr' id='par_1_118' title="bbox 2228 5204 3878 5285">
     <span class='ocr_line' id='line_1_118' title="bbox 2228 5204 3878 5285; baseline -0.002 -22"><span class='ocrx_word' id='word_1_975' title='bbox 2228 5209 2516 5264; x_wconf 90' lang='grc' dir='ltr'>κάκείνων.</span> <span class='ocrx_word' id='word_1_976' title='bbox 2555 5209 2712 5264; x_wconf 85' lang='grc' dir='ltr'>Μετά</span> <span class='ocrx_word' id='word_1_977' title='bbox 2743 5209 2854 5280; x_wconf 78' lang='grc' dir='ltr'>γάρ</span> <span class='ocrx_word' id='word_1_978' title='bbox 2887 5210 3124 5264; x_wconf 80' lang='grc' dir='ltr'>τοσαῦτα</span> <span class='ocrx_word' id='word_1_979' title='bbox 3170 5210 3266 5285; x_wconf 76' lang='grc' dir='ltr'>ἔτη</span> <span class='ocrx_word' id='word_1_980' title='bbox 3313 5212 3650 5278; x_wconf 87' lang='grc' dir='ltr'>ἀκούσαντες</span> <span class='ocrx_word' id='word_1_981' title='bbox 3695 5215 3770 5268; x_wconf 80' lang='grc' dir='ltr'>ὅτι</span> <span class='ocrx_word' id='word_1_982' title='bbox 3800 5204 3878 5261; x_wconf 76' lang='grc' dir='ltr'>ἐπὶ</span> 
     </span>
    </p>
   </div>
   <div class='ocr_carea' id='block_1_119' title="bbox 2229 5298 3874 5374">
    <p class='ocr_par' dir='ltr' id='par_1_119' title="bbox 2229 5298 3874 5374">
     <span class='ocr_line' id='line_1_119' title="bbox 2229 5298 3874 5374; baseline 0 -22"><span class='ocrx_word' id='word_1_983' title='bbox 2229 5299 2422 5370; x_wconf 87' lang='grc' dir='ltr'>θύραις</span> <span class='ocrx_word' id='word_1_984' title='bbox 2473 5299 2590 5352; x_wconf 78' lang='grc' dir='ltr'>ἐστὶ</span> <span class='ocrx_word' id='word_1_985' title='bbox 2619 5298 2688 5352; x_wconf 80' lang='grc' dir='ltr'>τά</span> <span class='ocrx_word' id='word_1_986' title='bbox 2721 5298 2891 5363; x_wconf 77' lang='grc' dir='ltr'>δεινά,</span> <span class='ocrx_word' id='word_1_987' title='bbox 2926 5300 3047 5352; x_wconf 80' lang='grc' dir='ltr'>οὐδὲ</span> <span class='ocrx_word' id='word_1_988' title='bbox 3097 5300 3241 5354; x_wconf 77' lang='grc' dir='ltr'>οὕτω</span> <span class='ocrx_word' id='word_1_989' title='bbox 3267 5301 3368 5372; x_wconf 80' lang='grc' dir='ltr'>τῆς</span> <span class='ocrx_word' id='word_1_990' title='bbox 3405 5301 3602 5369; x_wconf 86' lang='grc' dir='ltr'>κακίας</span> <span class='ocrx_word' id='word_1_991' title='bbox 3645 5303 3874 5374; x_wconf 82' lang='grc' dir='ltr'>ἔστησαν.</span> 
     </span>
    </p>
   </div>
   <div class='ocr_carea' id='block_1_120' title="bbox 2227 5385 3875 5463">
    <p class='ocr_par' dir='ltr' id='par_1_120' title="bbox 2227 5385 3875 5463">
     <span class='ocr_line' id='line_1_120' title="bbox 2227 5385 3875 5463; baseline 0.004 -24"><span class='ocrx_word' id='word_1_992' title='bbox 2227 5387 2339 5440; x_wconf 75' lang='grc' dir='ltr'>Καὶ</span> <span class='ocrx_word' id='word_1_993' title='bbox 2374 5386 2480 5458; x_wconf 90' lang='grc' dir='ltr'>μὴν</span> <span class='ocrx_word' id='word_1_994' title='bbox 2508 5385 2780 5457; x_wconf 82' lang='grc' dir='ltr'>εἰώθαμέν</span> <span class='ocrx_word' id='word_1_995' title='bbox 2823 5405 2962 5453; x_wconf 86' lang='grc' dir='ltr'>πως,</span> <span class='ocrx_word' id='word_1_996' title='bbox 3014 5388 3314 5460; x_wconf 84' lang='grc' dir='ltr'>μελλούσης</span> <span class='ocrx_word' id='word_1_997' title='bbox 3359 5390 3459 5460; x_wconf 85' lang='grc' dir='ltr'>μὲν</span> <span class='ocrx_word' id='word_1_998' title='bbox 3487 5391 3586 5463; x_wconf 86' lang='grc' dir='ltr'>τῆς</span> <span class='ocrx_word' id='word_1_999' title='bbox 3612 5385 3875 5462; x_wconf 68' lang='grc' dir='ltr'>τιμωρίας.</span> 
     </span>
    </p>
   </div>
   <div class='ocr_carea' id='block_1_121' title="bbox 2231 5471 3878 5550">
    <p class='ocr_par' dir='ltr' id='par_1_121' title="bbox 2231 5471 3878 5550">
     <span class='ocr_line' id='line_1_121' title="bbox 2231 5471 3878 5550; baseline 0.002 -24"><span class='ocrx_word' id='word_1_1000' title='bbox 2231 5475 2494 5546; x_wconf 74' lang='grc' dir='ltr'>ῥᾳθυμεῖν</span> <span class='ocrx_word' id='word_1_1001' title='bbox 2525 5473 2618 5528; x_wconf 79' lang='grc' dir='ltr'>καί</span> <span class='ocrx_word' id='word_1_1002' title='bbox 2647 5473 3095 5529; x_wconf 88' lang='grc' dir='ltr'>διαναϐάλλεσθαι</span> <span class='ocrx_word' id='word_1_1003' title='bbox 3114 5493 3127 5506; x_wconf 91' lang='grc'><strong>·</strong></span> <span class='ocrx_word' id='word_1_1004' title='bbox 3154 5476 3376 5530; x_wconf 85' lang='grc' dir='ltr'>ἐπειδὰν</span> <span class='ocrx_word' id='word_1_1005' title='bbox 3413 5477 3472 5530; x_wconf 81' lang='grc' dir='ltr'>δὲ</span> <span class='ocrx_word' id='word_1_1006' title='bbox 3503 5477 3731 5550; x_wconf 86' lang='grc' dir='ltr'>πλησίον</span> <span class='ocrx_word' id='word_1_1007' title='bbox 3749 5471 3878 5546; x_wconf 79' lang='grc' dir='ltr'>ὦμεν</span> 
     </span>
    </p>
   </div>
   <div class='ocr_carea' id='block_1_122' title="bbox 2228 5560 3876 5630">
    <p class='ocr_par' dir='ltr' id='par_1_122' title="bbox 2228 5560 3876 5630">
     <span class='ocr_line' id='line_1_122' title="bbox 2228 5560 3876 5630; baseline -0.001 -16"><span class='ocrx_word' id='word_1_1008' title='bbox 2228 5561 2336 5614; x_wconf 83' lang='grc' dir='ltr'>τῶν</span> <span class='ocrx_word' id='word_1_1009' title='bbox 2357 5561 2546 5613; x_wconf 87' lang='grc' dir='ltr'>λυπεῖν</span> <span class='ocrx_word' id='word_1_1010' title='bbox 2574 5561 2910 5630; x_wconf 86' lang='grc' dir='ltr'>δυναμένων,</span> <span class='ocrx_word' id='word_1_1011' title='bbox 2955 5562 3077 5616; x_wconf 87' lang='grc' dir='ltr'>τότε</span> <span class='ocrx_word' id='word_1_1012' title='bbox 3114 5563 3499 5619; x_wconf 86' lang='grc' dir='ltr'>συστέλλεσθαι</span> <span class='ocrx_word' id='word_1_1013' title='bbox 3551 5566 3646 5618; x_wconf 77' lang='grc' dir='ltr'>καὶ</span> <span class='ocrx_word' id='word_1_1014' title='bbox 3701 5560 3876 5627; x_wconf 82' lang='grc' dir='ltr'>πολλὴν</span> 
     </span>
    </p>
   </div>
   <div class='ocr_carea' id='block_1_123' title="bbox 2227 5647 3878 5722">
    <p class='ocr_par' dir='ltr' id='par_1_123' title="bbox 2227 5647 3878 5722">
     <span class='ocr_line' id='line_1_123' title="bbox 2227 5647 3878 5722; baseline 0 -20"><span class='ocrx_word' id='word_1_1015' title='bbox 2227 5647 2632 5702; x_wconf 76' lang='grc' dir='ltr'>ἐπιδείκνυσθαι</span> <span class='ocrx_word' id='word_1_1016' title='bbox 2648 5648 2745 5719; x_wconf 88' lang='grc' dir='ltr'>τὴν</span> <span class='ocrx_word' id='word_1_1017' title='bbox 2765 5649 3068 5722; x_wconf 86' lang='grc' dir='ltr'>μεταϐολήν</span> <span class='ocrx_word' id='word_1_1018' title='bbox 3083 5669 3098 5682; x_wconf 86' lang='grc'><strong>·</strong></span> <span class='ocrx_word' id='word_1_1019' title='bbox 3123 5651 3153 5704; x_wconf 87' lang='grc' dir='ltr'><strong>ὂ</strong></span> <span class='ocrx_word' id='word_1_1020' title='bbox 3167 5651 3228 5722; x_wconf 85' lang='grc' dir='ltr'>δὴ</span> <span class='ocrx_word' id='word_1_1021' title='bbox 3261 5653 3351 5706; x_wconf 77' lang='grc' dir='ltr'>καί</span> <span class='ocrx_word' id='word_1_1022' title='bbox 3375 5652 3593 5706; x_wconf 77' lang='grc' dir='ltr'>ἐπὶτῶν</span> <span class='ocrx_word' id='word_1_1023' title='bbox 3607 5647 3878 5707; x_wconf 83' lang='grc' dir='ltr'>Νινευῖτῶν</span> 
     </span>
    </p>
   </div>
   <div class='ocr_carea' id='block_1_124' title="bbox 2227 5734 3872 5811">
    <p class='ocr_par' dir='ltr' id='par_1_124' title="bbox 2227 5734 3872 5811">
     <span class='ocr_line' id='line_1_124' title="bbox 2227 5734 3872 5811; baseline 0.003 -22"><span class='ocrx_word' id='word_1_1024' title='bbox 2227 5737 2472 5804; x_wconf 75' lang='grc' dir='ltr'>γέγονεν.</span> <span class='ocrx_word' id='word_1_1025' title='bbox 2515 5734 2734 5806; x_wconf 78' lang='grc' dir='ltr'>Ἐπειδὴ</span> <span class='ocrx_word' id='word_1_1026' title='bbox 2786 5737 2895 5808; x_wconf 77' lang='grc' dir='ltr'>γάρ</span> <span class='ocrx_word' id='word_1_1027' title='bbox 2917 5738 3180 5808; x_wconf 71' lang='grc' dir='ltr'>ἥκουσαν,</span> <span class='ocrx_word' id='word_1_1028' title='bbox 3213 5741 3296 5792; x_wconf 87' lang='grc' dir='ltr'>ὅτι</span> <span class='ocrx_word' id='word_1_1029' title='bbox 3333 5741 3455 5792; x_wconf 79' lang='grc' dir='ltr'>Ἔτι</span> <span class='ocrx_word' id='word_1_1030' title='bbox 3486 5741 3641 5808; x_wconf 81' lang='grc' dir='ltr'>τρεῖς</span> <span class='ocrx_word' id='word_1_1031' title='bbox 3672 5737 3872 5811; x_wconf 70' lang='grc' dir='ltr'>ἡμέραὴ</span> 
     </span>
    </p>
   </div>
   <div class='ocr_carea' id='block_1_125' title="bbox 2229 5821 3878 5899">
    <p class='ocr_par' dir='ltr' id='par_1_125' title="bbox 2229 5821 3878 5899">
     <span class='ocr_line' id='line_1_125' title="bbox 2229 5821 3878 5899; baseline 0.004 -24"><span class='ocrx_word' id='word_1_1032' title='bbox 2229 5823 2328 5876; x_wconf 79' lang='grc' dir='ltr'>καί</span> <span class='ocrx_word' id='word_1_1033' title='bbox 2351 5821 2557 5876; x_wconf 77' lang='grc' dir='ltr'>Νινευῖ</span> <span class='ocrx_word' id='word_1_1034' title='bbox 2579 5824 3164 5893; x_wconf 67' lang='grc' dir='ltr'>καταστραφήσεται,</span> <span class='ocrx_word' id='word_1_1035' title='bbox 3191 5827 3252 5880; x_wconf 87' lang='grc' dir='ltr'>οὑ</span> <span class='ocrx_word' id='word_1_1036' title='bbox 3287 5826 3446 5897; x_wconf 82' lang='grc' dir='ltr'>μόνον</span> <span class='ocrx_word' id='word_1_1037' title='bbox 3469 5828 3570 5880; x_wconf 82' lang='grc' dir='ltr'>οὐκ</span> <span class='ocrx_word' id='word_1_1038' title='bbox 3602 5828 3878 5899; x_wconf 84' lang='grc' dir='ltr'>ἀπηγόρευ-</span> 
     </span>
    </p>
   </div>
   <div class='ocr_carea' id='block_1_126' title="bbox 2233 5908 3876 5990">
    <p class='ocr_par' dir='ltr' id='par_1_126' title="bbox 2233 5908 3876 5990">
     <span class='ocr_line' id='line_1_126' title="bbox 2233 5908 3876 5990; baseline 0.003 -25"><span class='ocrx_word' id='word_1_1039' title='bbox 2233 5927 2356 5978; x_wconf 86' lang='grc' dir='ltr'>σαν,</span> <span class='ocrx_word' id='word_1_1040' title='bbox 2390 5908 2526 5964; x_wconf 84' lang='grc' dir='ltr'>ἁλλά</span> <span class='ocrx_word' id='word_1_1041' title='bbox 2560 5911 2652 5965; x_wconf 79' lang='grc' dir='ltr'>καί</span> <span class='ocrx_word' id='word_1_1042' title='bbox 2673 5908 3028 5985; x_wconf 83' lang='grc' dir='ltr'>διανέστησαν</span> <span class='ocrx_word' id='word_1_1043' title='bbox 3056 5914 3188 5986; x_wconf 78' lang='grc' dir='ltr'>πρὸς</span> <span class='ocrx_word' id='word_1_1044' title='bbox 3231 5914 3292 5970; x_wconf 82' lang='grc' dir='ltr'>τὸ</span> <span class='ocrx_word' id='word_1_1045' title='bbox 3316 5915 3500 5990; x_wconf 77' lang='grc' dir='ltr'>ῥηθὲν,</span> <span class='ocrx_word' id='word_1_1046' title='bbox 3523 5916 3618 5972; x_wconf 79' lang='grc' dir='ltr'>καὶ</span> <span class='ocrx_word' id='word_1_1047' title='bbox 3641 5917 3876 5982; x_wconf 78' lang='grc' dir='ltr'>τοσαύτην</span> 
     </span>
    </p>
   </div>
  </div>
