4078 6408
280 415 396 471 ειδ

287 524 634 597 pronuntiat?
666 521 800 589 Quia
836 528 884 573 te
918 516 1018 570 vidi
1053 515 1271 585 justum,
1322 509 1510 579 inquit,
1553 521 1725 560 coram
1768 518 1865 556 me.

293 623 430 675 \‘era
481 615 598 671 lucc
641 614 809 667 virtus
846 618 947 675 est,
980 604 1194 677 quando
1231 616 1413 657 coram
1446 601 1556 654 Deo
1585 598 1702 666 quis
1732 596 1871 648 illaut

285 708 533 765 exhibet,
563 702 776 773 quando
817 697 1004 753 oculus
1039 695 1131 750 ille
1158 694 1247 763 qui
1280 690 1451 759 decipi
1484 687 1684 757 nequit,
1719 699 1873 738 suum

288 799 397 854 fert
426 794 711 852 calculum.
743 790 877 845 Exin
905 788 1102 843 docens
1136 799 1233 838 nos
1265 780 1523 850 benignus
1554 779 1692 832 Deus
1719 789 1870 828 men-

286 902 473 944 suram
513 884 744 946 virtutis,
771 891 963 950 quanta
991 887 1117 932 tunc
1141 876 1208 930 ab
1231 874 1374 945 justo
1404 870 1710 941 exigebatur
1730 866 1876 931 (non

289 981 440 1035 enim
478 975 722 1033 eamdem
761 971 970 1026 virtutis
1007 981 1310 1023 mensuram
1339 964 1408 1019 ab
1432 961 1678 1017 omnibus
1702 957 1878 1012 afferri

295 1072 432 1136 vult,
460 1069 552 1124 sed
581 1083 679 1138 pro
722 1064 979 1118 varietate
1027 1070 1325 1127 temporum
1368 1053 1580 1107 virtutis
1623 1049 1880 1105 differen-

293 1164 427 1216 tiam
451 1137 715 1227 requirit),
745 1154 910 1209 dicit:
944 1151 1079 1219 Quia
1107 1158 1152 1203 te
1172 1146 1272 1201 vidi
1291 1153 1491 1216 justum
1526 1157 1697 1196 coram
1728 1155 1805 1192 me
1827 1137 1881 1191 in

296 1249 624 1322 generatione
650 1247 769 1307 ista,
801 1259 919 1314 qua:
948 1252 1053 1295 tam
1085 1238 1241 1300 mala,
1274 1252 1392 1307 qua:
1422 1235 1474 1289 in
1507 1242 1705 1287 tantam
1734 1228 1885 1283 mali-

298 1347 430 1396 tiam
478 1336 784 1400 declinavit,
819 1348 939 1403 qua:
978 1340 1084 1385 tam
1127 1329 1392 1397 ingratum
1418 1325 1653 1378 animum
1684 1335 1793 1390 prae
1828 1332 1886 1372 se

301 1434 426 1487 fert.
452 1429 526 1484 Te
553 1428 654 1482 vidi
674 1429 894 1500 justum,
927 1432 978 1477 te
1003 1422 1174 1477 solum
1217 1418 1394 1473 inveni
1432 1423 1663 1485 gratum,
1703 1420 1754 1465 te
1779 1409 1885 1464 vidi

302 1522 515 1577 virtutis
556 1520 817 1575 rationem
849 1514 1080 1569 habere:
1113 1521 1167 1564 tu
1200 1508 1348 1563 solus
1385 1520 1566 1561 coram
1607 1518 1691 1556 me
1710 1500 1887 1571 justus

300 1612 615 1686 apparuisti,
661 1607 909 1664 omnibus
950 1605 1069 1658 aliis
1114 1600 1490 1672 pereuntibus,
1521 1594 1761 1663 tejnbeo
1803 1591 1887 1645 in-

303 1706 457 1778 gredi
487 1719 605 1760 cum
632 1699 777 1756 omni
814 1698 974 1753 domo
1011 1705 1096 1749 tua
1138 1694 1191 1746 in
1218 1706 1438 1751 arcam;
1473 1703 1536 1743 ex
1572 1683 1889 1739 animalibus

307 1773 454 1866 puris
477 1794 639 1864 jubeo
668 1803 720 1847 te
749 1786 1087 1844 introducere
1129 1792 1367 1851 septena.
1399 1779 1531 1847 Quia
1564 1777 1707 1846 prius
1736 1773 1888 1829 inde-

309 1888 458 1942 tinite
493 1887 815 1956 praeceperat
846 1893 916 1932 ex
968 1875 1216 1930 omnibus
1249 1887 1343 1942 par
1384 1884 1546 1925 unum
1587 1863 1888 1920 introduci:

311 1987 532 2052 propter
563 1977 664 2031 hoc
693 1987 833 2028 nunc
852 1970 1010 2026 dicit:
1040 1967 1096 2021 2.
1126 1965 1207 2020 Ea:
1229 1963 1367 2034 puris
1391 1971 1558 2015 autem
1578 1967 1803 2030 septena,
1831 1973 1893 2011 ea;

306 2069 524 2141 impuris
551 2084 665 2122 vero
704 2065 843 2128 bina,
894 2059 1173 2114 masculum
1215 2065 1261 2110 et
1295 2054 1554 2126 feminam.
1588 2052 1774 2106 Postea
1798 2065 1893 2103 au-

310 2178 424 2219 tem
464 2174 676 2216 causam
720 2155 940 2217 docens,
972 2149 1179 2204 subdit:
1212 2147 1264 2202 5.
1299 2144 1364 2200 Ut
1393 2146 1587 2198 nutrias
1613 2156 1777 2196 semen
1807 2157 1894 2193 su-

311 2274 404 2327 per
433 2268 626 2309 onmem
656 2261 860 2303 tetram.
911 2244 1099 2313 Opera:
1150 2238 1376 2309 pretium
1420 2243 1598 2290 autem
1638 2232 1741 2287 hoc
1775 2231 1895 2285 loco

313 2349 477 2405 fuerit
520 2344 788 2415 inquirere
829 2348 883 2395 et
926 2337 1107 2391 videre
1140 2332 1280 2387 unde
1308 2329 1513 2385 sciebat
1536 2326 1728 2397 justus,
1752 2340 1898 2394 qua:-

316 2457 442 2497 nam
475 2454 624 2510 pura,
659 2448 903 2507 quamam
931 2431 1158 2499 impura.
1190 2423 1433 2480 Nondum
1476 2419 1619 2475 enim
1661 2426 1780 2473 erat
1808 2416 1894 2470 di-

315 2507 534 2588 stinctio
564 2531 677 2584 haec
706 2527 863 2589 facta,
894 2537 1052 2593 quam
1083 2527 1265 2589 postea
1297 2515 1471 2569 Moses
1503 2508 1705 2566 Judaeis
1735 2509 1790 2562 in
1816 2507 1896 2561 le-

316 2626 476 2696 gibus
506 2621 616 2677 suis
642 2617 845 2673 statuit.
872 2613 1022 2669 Unde
1047 2624 1175 2679 ergo
1206 2604 1438 2661 sciebat?
1461 2603 1503 2656 A
1526 2600 1726 2671 seipse,
1759 2607 1813 2652 et
1834 2596 1901 2652 ab

320 2715 482 2770 insita
519 2724 719 2766 natum
768 2722 877 2763 sua:
922 2702 1183 2765 doctrina,
1214 2711 1373 2767 quam
1404 2702 1460 2748 et
1496 2693 1631 2748 ratio
1660 2689 1897 2745 dictavit.

319 2806 463 2863 Nihil
490 2805 629 2858 enim
658 2796 985 2856 immundum
1006 2810 1070 2850 ex
1102 2792 1166 2846 iis
1196 2804 1313 2858 qua:
1337 2788 1476 2841 Deus
1504 2783 1645 2839 fecit.
1672 2783 1786 2849 Quo
1808 2796 1902 2851 pa-

320 2911 412 2957 cto
447 2897 586 2952 enim
639 2888 963 2947 immundam
1017 2894 1332 2937 vocaremus
1374 2877 1535 2931 ullam
1582 2887 1902 2937 creaturam,

322 3007 448 3063 quze
472 2987 637 3044 semel
669 2997 898 3052 superne
925 2995 954 3033 a
980 2974 1267 3032 Conditore
1295 2969 1584 3040 approbata
1606 2964 1738 3021 fuit?
1766 2962 1908 3017 Dixit

324 3082 471 3138 enim
499 3077 675 3133 divina
702 3074 1011 3143 Scriptura:
1052 3066 1186 3118 Vidit
1219 3061 1351 3115 Deus
1385 3058 1557 3113 omnia
1584 3068 1909 3127 quwcumque

326 3174 483 3247 fecit,
517 3179 561 3224 et
609 3183 719 3223 ecce
761 3164 890 3218 bona
934 3159 1081 3214 valde
1115 3155 1266 3224 (Gen.
1313 3154 1363 3207 1.
1414 3149 1529 3219 51).
1573 3146 1677 3203 Sed
1725 3151 1907 3215 postea

327 3235 518 3322 natura
547 3277 576 3315 a
603 3260 777 3328 scipsa
816 3256 953 3309 hanc
989 3249 1341 3306 diii‘erentiam
1367 3240 1625 3300 exhibuit.
1660 3238 1725 3292 Et
1754 3244 1810 3290 ut
1830 3235 1908 3288 vi-

329 3360 462 3413 deas
502 3355 602 3408 hoc
654 3365 774 3405 esse
815 3359 1023 3406 verum,
1056 3340 1333 3398 considera
1368 3333 1636 3407 quomodo
1679 3330 1733 3384 in
1773 3343 1910 3382 nun-

332 3450 496 3505 nullis
522 3446 654 3501 locis
673 3443 743 3496 ab
762 3437 1025 3509 aliquibus
1054 3434 1325 3489 abstinent
1352 3426 1513 3497 aliqui
1540 3432 1596 3478 ut
1622 3417 1911 3477 immundis

331 3554 392 3600 et
422 3556 527 3595 non
563 3534 820 3608 probatis,
854 3528 1010 3598 aliqui
1054 3527 1156 3581 illis
1198 3521 1326 3593 ipsis
1354 3524 1658 3579 vescuntur,
1687 3524 1914 3567 consue-

336 3633 522 3690 tudine
553 3631 695 3700 ipsos
725 3625 789 3680 ad
823 3623 924 3677 hoc
954 3619 1257 3674 inducente.
1301 3613 1391 3668 Sic
1436 3618 1493 3666 et
1538 3617 1666 3662 tunc
1705 3614 1916 3674 quoque

335 3729 452 3798 ipsa
481 3721 701 3778 scientia
728 3718 870 3788 justo
894 3714 1070 3776 insita,
1098 3707 1321 3762 docebat
1345 3715 1587 3773 quaenam
1625 3695 1692 3752 ad
1733 3692 1914 3750 cibum

334 3789 701 3874 accommoda,
732 3817 786 3864 et
818 3819 938 3876 qua:
964 3797 1256 3863 immunda,
1290 3810 1393 3849 no:i
1424 3791 1565 3864 quod
1606 3791 1681 3843 ita
1708 3789 1915 3848 essent,

342 3908 441 3965 sed
461 3902 604 3975 quod
620 3915 717 3970 pro
736 3894 1392 3952 immundishaberentur.
1420 3886 1538 3952 Qua
1554 3880 1698 3936 enim
1709 3877 1776 3932 de
1796 3890 1922 3931 cau-

345 4014 429 4061 sa,
460 3974 564 4059 dic,
596 4006 714 4056 oro,
746 3991 953 4043 asinum
993 3980 1321 4039 immundum
1349 3986 1648 4035 censemus,
1680 3967 1922 4039 quamvis

340 4087 639 4145 seminibus
668 4090 867 4136 tantum
908 4084 1173 4147 pascatur,
1203 4070 1301 4125 alia
1346 4074 1520 4121 autem
1560 4057 1918 4133 quadrupedia

342 4181 469 4237 cibo
512 4170 881 4233 convenientia
932 4176 1197 4237 putamus,
1249 4155 1460 4215 etiamsi
1503 4150 1777 4208 immundo
1822 4147 1922 4201 ali-

345 4276 530 4327 mento
554 4260 873 4336 pascantur?
894 4258 967 4313 lta
996 4253 1219 4310 scientia
1247 4265 1276 4304 a
1314 4250 1423 4303 Deo
1450 4254 1652 4300 natura:
1671 4238 1924 4311 suppedi-

345 4369 460 4417 tata
482 4328 599 4413 brec
622 4355 866 4410 docebat.
905 4350 1090 4404 Posset
1129 4354 1304 4398 autem
1346 4349 1400 4394 et
1437 4337 1595 4391 aliter
1622 4333 1725 4387 dici
1752 4350 1764 4386 :
1793 4328 1925 4398 Quia

350 4454 493 4506 Deus
518 4446 604 4517 qui
631 4438 1129 4515 prmeeperatddem
1152 4433 1311 4486 etiam
1335 4429 1543 4483 illorum
1571 4422 1927 4493 cognitionem

346 4545 397 4598 ei
425 4539 633 4596 indidit.
663 4536 926 4591 Caeterum
956 4530 1023 4585 de
1047 4526 1262 4582 mundis
1289 4538 1352 4577 ac
1378 4516 1668 4575 immundis
1696 4515 1826 4569 satis
1850 4511 1924 4567 dir
1984 4518 1997 4537 '

348 4644 498 4688 ctum
527 4636 628 4685 θεῖ.

425 4726 478 4780 6.
523 4721 695 4788 Quare
711 4733 774 4771 ea:
792 4710 1065 4769 immundis
1084 4708 1220 4771 bina,
1239 4720 1303 4759 ea:
1313 4701 1513 4757 mundis
1528 4706 1690 4753 autem
1706 4703 1930 4765 septena.

351 4819 641 4875 --\'erum
670 4811 882 4868 interim
912 4808 1014 4862 alia
1047 4819 1167 4860 sese
1206 4795 1362 4854 oﬂ'crt
1398 4794 1622 4867 qmestio
1646 4810 1660 4846 :
1682 4804 1847 4861 quare
1869 4802 1935 4842 ex

354 4907 647 4968 immundis
676 4904 821 4969 bina,
869 4915 934 4955 ex
964 4894 1176 4952 mundis
1192 4901 1369 4946 autem
1391 4894 1639 4957 septena;
1664 4883 1778 4935 haec
1805 4892 1937 4949 quo-

353 5018 463 5074 que
490 5018 504 5055 :
538 5011 704 5069 quare
732 5008 839 5049 non
867 4989 953 5045 Vel
981 5002 1103 5050 sex,
1138 4983 1221 5039 vel
1251 4989 1390 5043 octo,
1408 4977 1500 5033 sed
1531 4984 1734 5044 septem
1762 4969 1938 5040 paria?

355 5066 621 5152 Eortassis
646 5086 854 5157 longius
875 5075 1297 5138 excurritoratio
1323 5091 1335 5127 :
1358 5070 1450 5126 srd
1479 5071 1523 5123 si
1560 5084 1663 5122 non
1694 5066 1854 5135 piget,
1885 5069 1941 5117 et

357 5190 402 5242 si
431 5183 611 5246 vultis,
644 5176 824 5249 paucis
868 5174 983 5227 hzee
1027 5168 1302 5224 caritatem
1333 5150 1562 5215 vestram
1590 5156 1900 5211 docebimus
1927 5191 1939 5215 ,

362 5293 428 5333 ea
459 5245 663 5331 scilicet
692 5284 811 5339 qua:
840 5264 994 5319 nobis
1020 5259 1198 5316 divina
1229 5254 1396 5326 gratia
1424 5248 1767 5307 concesserit.
1796 5245 1943 5299 Multi

362 5368 508 5423 enim
537 5336 796 5418 variasvde
819 5354 883 5410 iis
912 5350 1116 5408 fabulas
1140 5354 1378 5408 narrant,
1403 5352 1459 5396 et
1488 5340 1613 5394 hinc
1663 5336 1946 5392 occasione

362 5466 597 5525 sumpta,
625 5446 1022 5507 observationes
1045 5450 1383 5495 numerorum
1414 5438 1703 5487 ostentant.
1735 5430 1802 5480 At
1841 5439 1945 5479 non

365 5517 695 5609 observatio,
730 5537 825 5609 sed
852 5532 1228 5601 intempesuva
1255 5524 1530 5580 hominum
1557 5517 1840 5575 curiositas
1866 5523 1917 5569 ta

367 5644 439 5699 lia
467 5639 667 5709 ﬁngere
712 5631 948 5695 molitur,
980 5622 1119 5680 unde
1160 5631 1214 5677 et
1260 5618 1440 5673 multae
1486 5614 1717 5669 bsereses
1764 5621 1898 5665 ortae
1929 5647 1946 5675 ,

366 5731 514 5808 quod
541 5701 718 5786 statim
746 5721 943 5779 scietis.
980 5712 1194 5769 Etenim
1221 5711 1528 5780 frequenter
1555 5704 1651 5773 (ut
1674 5701 1951 5759 videamur

364 5798 532 5899 quasi
549 5838 619 5880 ex
633 5811 957 5877 abundantia
980 5822 1095 5878 eos,
1121 5805 1207 5877 qui
1231 5819 1298 5863 ex
1319 5802 1428 5860 suis
1449 5798 1798 5872 Opinionibus
1814 5809 1949 5853 nova

1322 395 1384 451 IN
1423 392 1576 449 CAP.
1609 390 1696 446 Vl.
1725 384 1968 443 CENES.
2006 383 2236 438 llOMlL.
2270 384 2458 439 XXIV.

3458 391 3559 445 Ξιι

1989 502 2236 569 afferunt,
2255 503 2638 577 compescere)
2660 506 2953 562 invenimus
2974 506 3026 559 in
3050 506 3339 577 Scripturis
3359 512 3562 580 copula:

1984 610 2262 649 inltuerum
2291 606 2579 650 servatum.
2604 597 2808 667 Quippe
2833 598 3045 667 quando
3070 601 3210 654 misit
3235 601 3525 670 discipulos
3544 643 3558 661 .

1987 687 2138 741 Mnes
2157 702 2250 741 eos
2273 689 2436 755 misit,
2465 690 2561 759 ipsi
2588 701 2763 744 autem
2790 705 2978 746 omnes
2998 690 3276 746 duodecim
3304 700 3481 756 erant,
3506 701 3560 745 et

1985 777 2272 851 Evangelia
2302 790 2530 850 quatuor
2555 796 2796 836 numero.
2834 784 2901 835 At
2930 796 3379 850 supervacaneum
3406 782 3563 836 fuerit

1988 871 2101 925 iure
2121 870 2258 940 apud
2279 874 2554 925 caritatem
2578 880 2806 926 vestram
2832 887 3271 937 commemorare,
3291 888 3408 941 qua:
3429 874 3561 927 satis

1985 961 2169 1016 didicit
2198 962 2496 1031 hujnsmodi
2524 962 2679 1018 dictis
2705 966 2957 1019 abiurare
2975 979 3131 1019 aures
3177 966 3276 1037 (a).
3307 964 3567 1020 Necessa-

1987 1055 2125 1109 rium
2146 1062 2322 1109 antem
2356 1065 2410 1108 nt
2433 1055 2653 1124 posthac
2676 1055 2982 1119 doceamus,
3027 1071 3192 1126 quare
3244 1066 3462 1126 septena
3497 1071 3561 1109 ex

1990 1145 2139 1215 puris
2166 1144 2432 1200 introduci
2462 1146 2512 1199 in
2543 1161 2719 1200 arcam
2750 1147 3082 1217 prmceperit.
3137 1147 3292 1201 Plura
3345 1145 3560 1216 quidem

1991 1238 2243 1305 praecepit
2263 1251 2326 1291 ex
2357 1236 2571 1291 mundis
2592 1237 2954 1300 introduci,ut
2996 1237 3170 1307 justus
3216 1236 3326 1302 ille,
3380 1246 3435 1291 et
3475 1236 3565 1304 qui

1989 1344 2112 1382 cum
2143 1327 2232 1382 illo
2250 1335 2423 1392 erant,
2447 1342 2513 1383 ex
2534 1327 2745 1382 illorum
2773 1344 2870 1382 usu
2890 1328 3120 1398 aliquam
3146 1327 3565 1382 consolationem

1989 1419 2292 1489 acciperent
2323 1435 2337 1474 :
2364 1419 2504 1490 quod
2550 1428 2725 1475 autem
2755 1430 2971 1488 septena
3010 1430 3064 1474 et
3091 1429 3329 1488 septena,
3370 1429 3424 1474 et
3466 1418 3567 1474 hoc

1990 1529 2202 1582 quoque
2231 1513 2275 1567 si
2317 1528 2529 1568 causam
2564 1514 2871 1576 disceretis,
2901 1527 3165 1565 summum
3197 1511 3447 1565 indicium
3486 1520 3569 1564 est

1994 1609 2093 1674 pia:
2130 1606 2323 1661 mentis
2352 1605 2480 1675 ju8ti
2522 1606 2642 1660 viri.
2691 1605 2821 1659 Nam
2861 1605 2984 1675 quia
3027 1603 3268 1675 cognovit
3312 1602 3569 1672 benignus

1995 1698 2134 1752 Deus
2164 1698 2260 1752 viri
2286 1697 2553 1761 virtutem,
2577 1705 2629 1752 et
2654 1695 2793 1766 quod
2811 1705 2870 1751 ut
2891 1696 3088 1765 justus,
3109 1704 3163 1749 ct
3188 1702 3329 1748 tanta
3361 1693 3567 1747 Domini

1995 1790 2160 1846 fretus
2199 1790 2594 1855 misericordia,
2635 1789 2721 1843 ubi
2754 1799 2911 1843 tanta:
2950 1788 3277 1856 tempestatis
3304 1786 3572 1855 ell'ugissct

1997 1884 2308 1952 periculum,
2337 1883 2695 1951 liberatusque
2724 1880 2909 1936 fuisset
2936 1896 2965 1934 a
2989 1881 3243 1949 periculo,
3267 1888 3320 1934 et
3345 1879 3411 1933 ab
3426 1892 3565 1933 arcte

1996 1974 2348 2029 incommodis
2372 1974 2594 2039 solutus,
2621 1983 2826 2042 gratum
2852 1972 3083 2025 animum
3113 1970 3497 2031 declaraturus,
3517 1976 3572 2021 et

1999 2082 2094 2136 pro
2122 2065 2410 2135 gratiarum
2431 2064 2637 2118 actione
2660 2063 2858 2117 hostias
2902 2072 2956 2115 et
2999 2060 3256 2115 sacriﬁcia
3300 2060 3572 2114 ablaturus

1998 2167 2161 2223 esset,
2194 2170 2246 2211 ut
2279 2172 2344 2210 ne
2374 2157 2473 2209 hoc
2505 2155 2747 2209 faciendo
2776 2153 3043 2207 mutilaret
3074 2152 3215 2221 paria
3241 2168 3253 2202 :
3288 2150 3406 2204 ideo
3463 2149 3567 2202 Do—

2000 2250 2172 2303 minus
2216 2250 2468 2318 prmscius
2513 2247 2666 2315 hujus
2712 2254 2875 2315 graue
2918 2244 3127 2307 mentis,
3165 2242 3316 2312 jubet
3356 2249 3572 2306 septena

2001 2353 2056 2396 et
2097 2351 2318 2410 septena
2358 2340 2619 2394 introduci
2667 2353 2731 2391 ex
2780 2335 2999 2406 singulis
3041 2336 3212 2388 avium
3250 2333 3531 2403 generibus
3555 2371 3572 2397 ,

2004 2445 2097 2498 ut,
2156 2450 2276 2489 cum
2328 2439 2567 2488 cessaret
2620 2429 2932 2485 universalis
2983 2426 3265 2491 interitus,
3323 2433 3377 2478 et
3425 2436 3573 2476 suam

2001 2536 2237 2583 mentem
2269 2527 2590 2589 declararet,
2623 2523 2767 2591 paria
2804 2520 3128 2583 volatilium,
3160 2527 3580 2584 ca-terorumque

2003 2619 2312 2673 animalium
2356 2634 2460 2670 non
2513 2615 2832 2669 laederentur
2873 2630 2887 2665 :
2932 2612 2983 2666 id
3028 2609 3169 2680 quod
3220 2609 3272 2663 in
3318 2605 3581 2663 sermonis

2006 2724 2290 2782 progressu
2340 2708 2588 2773 discetis,
2641 2706 2728 2761 ubi
2778 2706 2831 2760 in
2874 2720 2994 2758 eum
3045 2704 3218 2757 locum
3276 2696 3581 2768 perveneri-

2007 2820 2144 2860 mus.
2174 2802 2428 2857 Videbitis
2452 2801 2593 2856 enim
2612 2799 2810 2869 justum
2838 2796 2984 2851 illum
3012 2793 3127 2847 haec
3153 2792 3357 2847 fecisse.
3384 2788 3580 2843 Didici-

2007 2898 2104 2953 stis
2148 2911 2362 2951 causam
2408 2895 2476 2949 ob
2517 2907 2674 2962 quam
2719 2900 2936 2960 septena
2979 2896 3196 2956 septena
3248 2881 3583 2937 introducam

2009 2999 2333 3064 prmceptum
2365 2987 2480 3043 fuit.
2512 2987 2588 3041 Ne
2615 2984 2835 3055 posthac
2858 2980 3093 3038 toleretis
3108 2993 3202 3034 eos
3216 2978 3305 3048 qui
3333 2976 3575 3032 fabulari.

2009 3084 2371 3152 adversusque
2396 3080 2626 3134 divinam
2654 3077 2979 3146 Seriptnram
3028 3073 3319 3142 insurgere,
3363 3077 3419 3123 et
3467 3081 3586 3137 qua:

2011 3193 2075 3233 ex
2095 3191 2193 3231 suo
2207 3174 2379 3244 capite
2400 3172 2683 3234 finxerunt,
2712 3177 2769 3222 ut
2789 3179 2938 3221 sacra
2963 3164 3229 3233 dogmata,
3252 3157 3586 3213 introducere

2014 3269 2268 3323 nituntur.
2298 3265 2458 3335 Igitur
2485 3272 2760 3332 postquam
2791 3256 2969 3313 omnia
2996 3256 3138 3310 clare
3184 3250 3430 3307 mandata
3478 3247 3590 3302 fuc-

2015 3371 2159 3428 runt,
2188 3369 2243 3416 et
2266 3360 2332 3415 de
2359 3358 2565 3418 avibus,
2598 3354 2738 3410 etde
2766 3349 2997 3414 mundis,
3020 3356 3075 3403 et
3102 3346 3170 3400 de
3194 3340 3501 3404 immundis,
3530 3347 3586 3392 et

2016 3459 2082 3512 de
2104 3454 2390 3518 alimentis,
2419 3451 2542 3506 dicit
2564 3450 2708 3521 justo
2742 3464 2755 3500 :
2785 3446 2838 3500 4.
2872 3443 3049 3498 Adhuc
3083 3439 3216 3494 enim
3256 3445 3444 3505 septem
3487 3432 3592 3484 dies

2016 3560 2153 3616 sunt,
2182 3560 2229 3604 et
2250 3564 2341 3619 ego
2368 3546 2551 3601 induco
2580 3542 2802 3613 pluviam
2841 3553 2993 3604 super
3031 3545 3215 3587 terram
3259 3525 3595 3599 quadraginta

2020 3615 2189 3697 diebus
2220 3651 2263 3694 et
2279 3615 2627 3709 quadraginta
2664 3630 2891 3686 noctibus
2910 3669 2925 3692 ,
2955 3635 3000 3681 et
3027 3625 3196 3679 delebo
3227 3634 3422 3675 onmem
3473 3615 3593 3669 sub-

2020 3734 2257 3789 stantiam
2290 3706 2440 3797 auam
2466 3706 2581 3799 feci,
2610 3741 2640 3777 a
2661 3722 2791 3796 facie
2817 3730 2984 3785 terra,
3011 3716 3071 3768 ab
3110 3713 3309 3767 homine
3350 3723 3506 3775 usque
3531 3706 3598 3758 ad

2014 3829 2322 3897 jumeutum.
2378 3818 2629 3882 Attende,
2656 3816 2900 3873 obsecro,
2931 3809 3093 3865 etiam
3122 3820 3187 3860 ex
3220 3804 3284 3857 iis
3308 3815 3427 3871 qua:
3456 3811 3598 3852 nunc

2023 3920 2163 3976 dicta
2197 3926 2319 3974 sunt
2364 3913 2615 3969 bonitatis
2660 3909 2854 3964 divina:
2898 3900 3288 3964 excellentiam,
3332 3893 3600 3964 quomodo

2026 4021 2146 4083 post
2176 4018 2374 4064 tantam
2404 4002 2738 4059 tolerantiam
2763 3998 2921 4051 etiam
2951 4006 3092 4046 nunc
3115 3998 3237 4043 ante
3259 3994 3462 4054 septem
3488 3980 3603 4034 dies

2028 4072 2269 4172 pra-dicit
2298 4116 2311 4151 :
2345 4095 2529 4149 valens
2558 4099 2700 4146 metu
2722 4083 3114 4142 emendatiores
3144 4079 3260 4133 illos
3298 4072 3523 4129 reddere
3549 4078 3604 4124 ct

2028 4162 2094 4249 ad
2125 4186 2489 4262 ptenitentiam
2516 4182 2787 4238 reducere.
2818 4176 2948 4232 Nam
2979 4170 3118 4242 quod
3149 4169 3268 4223 ideo
3310 4162 3564 4235 pra-dicat
3584 4199 3600 4224 ,

2030 4301 2097 4340 ne
2117 4299 2177 4340 ea
2202 4296 2321 4352 qua:
2342 4278 2489 4339 dicit,
2512 4288 2674 4342 super
2699 4284 2792 4323 eos
2835 4268 3067 4329 inducat,
3097 4258 3371 4315 considera
3399 4252 3602 4309 Ninivi-

2032 4386 2133 4440 tas,
2163 4344 2456 4428 et-attende
2484 4373 2677 4438 quanta
2707 4362 2897 4416 horum
2941 4368 2993 4411 et
3019 4355 3226 4408 illorum
3257 4349 3326 4404 sit
3353 4344 3604 4401 diil'eren-

2035 4470 2124 4523 tia.
2154 4465 2285 4534 Quia
2313 4478 2432 4516 cum
2459 4469 2535 4513 tut
2560 4454 2713 4510 anuis
2736 4452 3029 4512 audissent,
3060 4453 3183 4501 ante
3209 4440 3349 4495 fores
3373 4450 3495 4492 esse
3521 4447 3603 4489 ca-

2035 4558 2319 4619 lamitates,
2348 4566 2519 4623 neque
2538 4548 2615 4603 sic
2634 4562 2662 4599 a
2688 4544 2889 4599 malitia
2915 4554 3009 4595 sua
3048 4539 3343 4592 cessarunt.
3400 4525 3612 4582 Etenim

2035 4649 2412 4706 consuevimus
2430 4640 2841 4713 negligentiorcs
2866 4648 3008 4696 esse,
3035 4626 3248 4698 quando
3295 4619 3534 4675 differtur
3561 4624 3614 4670 et

2040 4740 2365 4815 protrahitur
2376 4735 2578 4808 punitio
2601 4752 2615 4799 ;
2637 4748 2698 4785 ac
2719 4745 2838 4784 cum
2861 4726 3100 4795 proxime
3120 4721 3316 4774 instant
3336 4723 3619 4772 aerumnae.

2041 4845 2167 4890 tunc
2192 4830 2553 4889 humiliamur,
2584 4834 2637 4877 et
2668 4820 2952 4890 plurimam
3004 4821 3333 4868 ostentamus
3383 4818 3613 4859 convero

2042 4928 2246 4982 sionem
2276 4942 2290 4979 :
2321 4922 2371 4977 id
2399 4918 2537 4991 quod
2568 4925 2623 4970 et
2650 4915 2699 4969 in
2717 4907 2962 4966 Niniviiis
2990 4902 3229 4973 contigit.
3274 4896 3618 4968 Quandoqui-

2043 5018 2163 5074 dem
2193 5016 2281 5071 ubi
2297 4988 2594 5073 audierunt,
2617 5004 2794 5059 Adhuc
2818 5012 2915 5055 (res
2938 5001 3063 5063 dies,
3092 5005 3137 5048 et
3168 4992 3351 5047 Ninive
3370 4988 3620 5043 subverte-

2047 5122 2127 5165 tur
2157 5108 2328 5182 (Iona:
2348 5106 2401 5161 5.
2417 5104 2471 5172 4)
2491 5102 2588 5173 (b),
2614 5113 2720 5152 non
2741 5096 2913 5153 solum
2939 5106 3042 5145 non
3063 5088 3498 5176 desperaverunt,
3523 5074 3618 5133 scd

2047 5213 2102 5259 et
2120 5165 2185 5256 ad
2207 5201 2406 5255 dictum
2446 5195 2546 5248 hoc
2587 5198 2961 5248 exsurrexere,
3017 5187 3320 5244 tantamque
3375 5165 3622 5222 vitiorum

2115 5462 2186 5525 (ιε)
2220 5468 2315 5525 Non
2340 5457 2427 5525 θῇς
2444 5466 2504 5525 ,τε
2520 5441 3041 5525 Ψβὲδῖξῗέδδὲοὲῗῗξῗ
3061 5422 3631 5525 ἓξξέῗὶξὲξέἐῗῐιεῖξῑξῖὲξξ

2054 5491 2779 5577 θκῖἶῖἶοῖῐῖἀῖἕῇ·ἷξε”έέι·ἷιῖίιῖιῖά
2799 5491 3371 5577 ίὴιδᾳηειῃηιιυῳεςοωιιι
3391 5491 3627 5577 rationem

2529 5550 2786 5641 Eﬁiii'ﬁbﬁ
2805 5550 2944 5641 modo
2955 5561 3096 5641 _Philo
3112 5563 3163 5606 et
3175 5550 3628 5641 Cleniensmllesa’g-

2530 5611 2973 5699 vti-use'biusaliquet
2991 5629 3209 5699 intuens;
3235 5618 3331 5699 imo
3366 5624 3420 5663 et
3450 5611 3528 5660 alii
3551 5616 3625 5656 va.

2058 5684 2393 5764 ὧδέ
2407 5684 2469 5749 re
2492 5705 2719 5756 maguum
2742 5684 2918 5739 librum
2941 5684 3091 5736 edidit
3111 5688 3282 5731 t‘etrus
3303 5684 3507 5739 Bougus.

2121 5792 2195 5854 (li)
2228 5762 2376 5839 vetus
2406 5780 2556 5831 lectio
2579 5778 2702 5830 LXX
2721 5776 3054 5837 Interpretum
3078 5774 3181 5820 tres
3198 5772 3389 5820 tantum
3434 5763 3541 5813 dies
3566 5762 3625 5811 ad
