4078 6424
536 379 640 435 illi

536 497 778 550 lecerunt
801 490 1211 558 abstinentiam,
1251 501 1308 547 et
1335 501 1444 548 tam
1487 491 1794 564 diligentem
1824 492 2118 548 confessio-

537 601 658 639 nem
698 583 1082 647 exbibuerunt,
1115 592 1173 638 ut
1199 593 1254 639 ct
1279 583 1345 638 ad
1378 583 1531 639 bruta
1567 599 1737 655 usque
1769 597 2121 640 extenderent

534 691 595 729 ea
622 691 742 745 qum
768 675 1062 730 attinebant
1079 674 1146 730 ad
1165 675 1590 741 confessionem;
1620 691 1725 730 non
1771 675 1912 746 quod
1967 677 2118 731 bruta

535 766 827 821 animantta
879 766 1272 822 confessionem
1314 767 1615 823 ediderint:
1662 767 1929 838 quomodo
1973 767 2118 823 enim

532 867 772 927 possunt,
803 873 924 912 cum
955 873 1204 912 sermone
1223 857 1478 912 careant?
1505 856 1597 912 secl
1628 867 1685 912 ut
1713 873 1808 928 per
1832 859 1934 914 hoc
1958 858 2122 914 mise-

535 947 817 1004 ricordiam
848 949 973 1003 boni
1005 949 1212 1004 Domini
1258 949 1361 1003 sibi
1405 950 1770 1006 conciliarent.
1823 949 2120 1006 Praedicato

531 1039 675 1095 enim
700 1041 928 1110 jejunio,
959 1041 1150 1112 inquit,
1198 1057 1288 1096 rex
1341 1043 1455 1111 ipse
1497 1041 1787 1107 mandavit,
1842 1051 1898 1096 ut
1947 1059 2120 1110 neque

537 1148 687 1196 oves,
712 1149 884 1204 neque
927 1135 1110 1200 boves,
1162 1149 1334 1204 neque
1383 1134 1487 1188 alia
1535 1134 1687 1189 bruta
1740 1135 1990 1204 pabulum
2035 1137 2118 1192 vel

533 1238 724 1294 aquam
761 1228 1064 1296 acciperent
1116 1225 1362 1298 (Jomc5.
1395 1227 1489 1295 7);
1519 1226 1612 1282 sed
1642 1243 1802 1282 omne
1842 1227 2117 1282 hominum

533 1331 699 1385 genus
718 1325 840 1372 tunc
861 1319 1032 1373 saccis
1053 1317 1331 1385 amictum,
1355 1327 1410 1374 et
1429 1320 1542 1389 ipse
1561 1335 1775 1390 quoque
1794 1336 1885 1376 rex
1905 1320 2117 1377 sublimi

527 1407 661 1461 solio
685 1409 902 1476 sedens,
934 1425 1179 1482 magnam
1200 1421 1254 1466 et
1285 1427 1467 1482 parem
1516 1428 1640 1467 eum
1666 1413 1788 1468 aliis
1813 1429 1975 1484 egere
2002 1429 2118 1484 pm-

529 1499 806 1555 nitentiam
837 1519 849 1553 :
881 1499 1233 1572 feceruntque
1261 1502 1398 1566 haec,
1429 1505 1552 1559 licet
1578 1505 1884 1575 ignorarent
1905 1521 1972 1559 an
2000 1521 2116 1576 pm-

530 1607 651 1646 nam
672 1593 883 1648 evasuri
911 1603 1116 1649 essent.
1142 1595 1400 1650 Dicebant
1417 1597 1560 1652 enim
1583 1617 1596 1653 :
1623 1597 1750 1664 Quis
1776 1599 1890 1664 scit,
1920 1599 1965 1654 si
1987 1603 2117 1670 forte

530 1684 930 1752 poeniteat-Deus
955 1701 1111 1754 super
1139 1688 1356 1755 malitia,
1379 1706 1532 1758 quam
1560 1700 1613 1744 ut
1639 1691 1784 1746 nobis
1810 1691 1990 1760 faciat,
2037 1694 2116 1749 lo—

527 1783 712 1843 quutus
735 1786 808 1830 est
831 1775 993 1846 (Ibid.
1022 1794 1071 1831 υ.
1091 1778 1150 1842 9)
1167 1780 1193 1833 .’

603 1865 655 1918 7.
699 1863 944 1920 Prii-dicit
977 1865 1131 1934 Deus,
1163 1886 1228 1924 ne
1247 1870 1454 1924 inducat
1483 1873 1637 1927 artata.
1661 1903 1732 1913 —
1754 1872 1945 1930 Vidisti
1989 1875 2114 1931 har-

533 1957 780 2012 barorum
818 1967 1026 2029 gratum
1073 1961 1350 2017 animum?
1399 1965 1574 2020 vidisti
1625 1967 1896 2037 quomodo
1944 1985 2116 2040 neque

527 2047 734 2101 dierum
761 2053 1003 2118 angustia
1033 2052 1306 2120 segniores
1332 2051 1488 2117 fecit.
1520 2071 1695 2127 neque
1743 2057 1811 2113 ad
1855 2057 2112 2130 despera-

528 2139 726 2192 tionem
755 2139 993 2196 induxit?
1015 2141 1142 2198 Vide
1169 2152 1224 2198 et
1245 2144 1368 2199 illos
1388 2155 1507 2214 post
1526 2163 1808 2204 numerum
1841 2158 1918 2205 tot
1945 2167 2114 2207 anno-

527 2244 666 2294 rum,
695 2231 782 2286 ubi
798 2231 1114 2290 audiverunt
1141 2253 1156 2288 :
1180 2235 1370 2291 Adhuc
1385 2247 1590 2308 septem
1611 2239 1746 2305 dies,
1777 2251 1832 2296 et
1857 2241 2113 2299 diluvium

527 2319 824 2384 inducetur,
855 2338 1028 2394 neque
1051 2325 1130 2379 sic
1153 2340 1463 2396 conversos,
1491 2329 1586 2385 sed
1606 2331 1849 2401 stupidas
1895 2341 1951 2388 et
1993 2335 2112 2391 sine

525 2410 712 2468 dolore
737 2417 1029 2471 mansisse:
1056 2416 1198 2474 unde
1224 2419 1277 2474 in
1293 2420 1542 2477 confesso
1567 2422 1749 2492 fuerit,
1780 2426 2110 2484 voluntatem

525 2510 762 2557 nostram
787 2504 1050 2560 malorum
1079 2509 1318 2564 omnium
1347 2525 1562 2568 causam
1593 2529 1735 2570 esse.
1787 2517 1927 2573 Ecce
1968 2521 2110 2575 enim

525 2601 576 2647 et
603 2592 679 2660 hi,
702 2605 756 2649 et
786 2596 869 2650 isti
888 2596 1102 2655 fuerunt
1128 2600 1391 2670 homines,
1435 2614 1488 2660 et
1537 2607 1777 2676 ejusdem
1820 2611 1972 2682 cujus
2021 2613 2110 2669 alii

526 2695 752 2754 natum,
799 2688 894 2743 sed
931 2705 1037 2745 non
1065 2693 1306 2762 ejusdem
1336 2697 1646 2754 voluntatis.
1679 2701 1965 2772 Propterea
2014 2721 2114 2762 nec

524 2775 713 2832 eadem
741 2794 928 2836 eorum
957 2797 1074 2838 sors
1099 2783 1219 2852 fuit,
1272 2787 1368 2843 sed
1413 2787 1662 2847 Ninivita!
1705 2793 2110 2853 subversiom-m

522 2868 978 2942 subterfugerunt,
1003 2890 1124 2930 cum
1155 2877 1328 2933 bonus
1357 2879 1497 2936 Deus
1526 2892 1742 2952 propter
1793 2901 1947 2942 suam
1997 2889 2109 2942 ele-

523 2962 776 3016 mentiam
797 2979 984 3019 eorum
1006 2978 1288 3025 contentus
1309 2983 1450 3026 esset
1497 2975 1806 3041 pamitentia
1837 2995 1851 3032 :
1878 2979 1976 3034 sed
2023 2983 2106 3036 isti

518 3050 804 3120 submersi,
822 3055 876 3109 in
897 3060 1166 3114 comntuni
1192 3061 1411 3116 interitu
1435 3065 1729 3132 perierunt.
1747 3068 1930 3124 Adhuc
1949 3073 2106 3139 enim,

520 3139 710 3210 inquit,
727 3154 916 3214 septem
938 3148 1066 3211 dies,
1097 3159 1144 3202 et
1167 3167 1256 3222 ego
1281 3153 1467 3207 induco
1482 3155 1704 3226 pluviam
1723 3177 1878 3228 super
1895 3172 2105 3218 terrain.

523 3230 724 3288 Deinde
753 3244 810 3290 ut
856 3238 1025 3308 magis
1067 3251 1257 3312 augeat
1299 3252 1580 3312 terrorem,
1635 3248 1841 3318 inquit:
1873 3251 2110 3318 Quadra-

517 3328 659 3396 ginta
678 3328 852 3387 diebus
877 3340 926 3386 et
955 3333 1300 3406 quadraginta
1328 3341 1578 3395 noctibus.
1605 3343 1743 3410 Quid
1785 3345 1968 3401 enim?
2006 3363 2106 3403 an-

517 3433 621 3474 non
646 3430 871 3491 poterat,
903 3423 948 3480 si
977 3425 1252 3492 voluisset,
1287 3446 1393 3485 uno
1421 3432 1692 3490 dictatam
1736 3436 1967 3506 pluviam
2020 3441 2105 3496 in-

517 3509 756 3568 ducere?
779 3514 914 3583 Quid
941 3516 1064 3573 dico
1092 3535 1199 3574 uno
1223 3521 1356 3576 die?
1404 3523 1522 3579 Uno
1566 3536 1840 3582 momento
1886 3540 2101 3600 posset:

516 3602 610 3656 sed
642 3602 744 3659 hoc
764 3605 944 3661 dedita
971 3623 1134 3678 opera
1157 3610 1304 3678 facit,
1331 3613 1518 3670 volens
1559 3617 1719 3672 simul
1763 3628 1816 3674 et
1855 3619 2103 3678 timorem

518 3693 776 3759 incutere,
804 3706 859 3750 et
883 3699 1220 3756 occasionem
1246 3713 1520 3773 prmstare,
1569 3723 1676 3777 qua
1724 3721 1941 3779 possent
1992 3729 2106 3784 pa:-

517 3800 664 3850 nam,
685 3803 806 3857 qua:
830 3788 942 3860 jam
969 3790 1026 3846 iu
1057 3791 1261 3851 foribus
1294 3806 1460 3864 esset,
1492 3797 1749 3870 effugere.
1784 3801 1850 3856 Et
1887 3803 2062 3860 delebo
2085 3848 2102 3874 ,

516 3877 708 3947 inquit,
735 3884 932 3935 omnem
957 3883 1314 3954 substantiam,
1341 3904 1495 3957 quam
1523 3891 1643 3960 feci,
1672 3909 1705 3944 a
1733 3893 1867 3962 facie
1905 3905 2055 3951 terra:
2082 3939 2100 3965 ,

513 3971 578 4022 ab
599 3970 802 4025 homine
825 3989 982 4042 usque
999 3975 1070 4029 ad
1095 3992 1268 4045 pecus.
1301 3977 1434 4033 Vide
1461 3982 1730 4050 quomodo
1758 3997 1812 4039 et
1841 3988 2007 4042 semel
2051 3998 2104 4044 et

515 4059 708 4116 iterum
737 4064 1007 4134 pmdicit,
1029 4077 1086 4122 et
1111 4083 1285 4139 neque
1304 4071 1383 4126 sic
1403 4071 1526 4128 illos
1552 4075 1720 4146 tangit
1768 4077 1959 4132 Omnia
2003 4094 2102 4134 au-

515 4161 622 4208 tem
654 4153 771 4210 huic
798 4155 1047 4227 faciebat,
1077 4169 1135 4214 ut
1156 4177 1254 4216 nos
1271 4163 1512 4231 doceret,
1543 4181 1603 4222 se
1621 4169 1769 4237 juste
1795 4171 1873 4224 eis
1900 4180 2100 4228 tantam

515 4248 1040 4318 pmnamiﬂisisse;
1071 4262 1126 4308 et
1151 4264 1208 4308 ut
1247 4257 1423 4312 nullus
1469 4259 1826 4330 insipientiam
1876 4280 2102 4336 arguere

512 4347 568 4392 et
589 4337 772 4394 dicere
815 4352 1034 4409 posset:
1067 4345 1124 4400 Si
1183 4351 1700 4416 procrastinavisset.
1743 4352 1882 4411 forte
1932 4357 2104 4426 (ueni-

515 4429 736 4484 tentiam
763 4433 1019 4499 egissent,
1044 4435 1183 4492 forte
1206 4452 1238 4491 a
1263 4438 1406 4494 vitiis
1432 4441 1780 4510 abstitissent,
1820 4456 1877 4502 et
1894 4447 1964 4504 ad
1989 4449 2100 4504 vir-

517 4529 684 4576 tntem
715 4521 1025 4578 rediissem.
1059 4526 1239 4596 anue
1283 4529 1353 4584 de
1403 4546 1566 4586 causa
1593 4548 1858 4591 annorum
1885 4553 2100 4610 quoque

512 4625 795 4667 numerum
825 4613 1118 4670 declaravit
1139 4618 1314 4684 nobis,
1344 4629 1396 4675 et
1423 4636 1604 4677 aream
1633 4622 1880 4682 fabricari
1916 4629 2097 4698 jussit.

511 4701 583 4758 Et
611 4713 733 4774 post
758 4704 874 4762 hac
895 4707 1076 4762 omnia
1105 4709 1266 4765 etiam
1294 4721 1421 4767 ante
1448 4713 1564 4769 dies
1594 4725 1802 4786 septem
1835 4722 2096 4789 prmdicit,

510 4807 567 4852 ut
614 4799 854 4854 omnium
906 4809 1108 4856 temere
1144 4802 1472 4872 loquentium
1511 4805 1849 4876 impudentes
1893 4811 2100 4881 linguas

505 4900 834 4959 compescat.
863 4892 918 4947 5.
953 4891 1018 4946 Et
1041 4894 1185 4963 fecit,
1211 4895 1403 4965 inquit,
1434 4895 1551 4952 Noe
1570 4899 1742 4952 onmia
1776 4917 2100 4973 qutecumque

510 4982 766 5036 mandauit
786 4985 829 5036 ei
846 4983 1100 5040 Dominus
1125 4984 1286 5041 Deus.
1319 4987 1453 5044 Vide
1479 4989 1750 5058 quomodo
1776 5003 1830 5046 et
1855 5009 1996 5048 nunc
2009 4995 2098 5063 ju-

505 5075 574 5128 sti
593 5084 806 5145 gratum
833 5077 1074 5130 animum
1103 5087 1159 5132 et
1192 5077 1552 5133 obedientiam
1599 5082 1778 5136 divina
1824 5083 2098 5154 Scriptura

505 5166 785 5235 lit-mdical,
813 5167 1018 5224 docens
1045 5183 1144 5224 nos
1169 5185 1293 5225 eum
1321 5172 1450 5226 nihil
1476 5173 1618 5242 quod
1638 5175 1956 5245 imperatum
1981 5189 2098 5234 erat

509 5258 952 5326 pratermisisse;
983 5258 1080 5316 sed
1109 5261 1360 5316 omnibus
1387 5263 1639 5334 impletis,
1659 5268 1818 5322 etiam
1850 5285 1943 5338 per
1969 5269 2092 5336 hoc,

507 5492 896 5552 nsipieendum
931 5498 1058 5547 ttiniv
1069 5499 1149 5547 itis
1166 5499 1306 5548 datos
1343 5511 1687 5553 unnmeniorat
1718 5518 1732 5553 :
1770 5506 1818 5553 in
1861 5504 2096 5558 Hebraieo

510 5560 654 5626 textu
675 5563 822 5626 atque
861 5558 912 5606 in
935 5558 1136 5621 Vulgata
1177 5562 1494 5626 quadraginta
1514 5564 1623 5614 dies
1660 5564 1910 5626 leguntur.
1935 5569 2097 5618 Libra-

510 5625 695 5691 rum-tm
717 5625 900 5691 dapem;
934 5633 986 5691 sn
1026 5627 1134 5691 LX}
1174 5625 1528 5691 Interpretibtts
1560 5626 1674 5691 inde
1713 5625 1851 5678 crtus
1881 5637 2095 5691 putatur,

511 5672 642 5752 quod
663 5682 770 5722 tres
785 5672 892 5752 dies
931 5686 1074 5752 Jugas
1095 5683 1143 5752 tu
1163 5672 1342 5752 ventre
1375 5687 1472 5752 (ξςίί
1508 5672 1688 5752 ég‘t'ﬁi,
1721 5672 2096 5752 ᾖείἆυῖᾱῦῐῶ

515 5735 708 5786 dierum
725 5739 979 5791 (κει-πείθου
1001 5740 1079 5790 hic
1096 5750 1198 5791 tris
1224 5746 1366 5792 etiam
1385 5745 1492 5796 dies
1512 5735 1663 5810 positi
1675 5735 1878 5807 iul-riui.

1237 373 1292 429 S.
1329 371 1610 430 JOANNIS
1645 374 2115 434 CllllYSOSTOlll
2156 376 2475 438 AllCHlEP.
2515 381 3052 446 CONSTANTINOP.

3714 400 3825 457 ειιε

2233 517 2443 574 virtutis
2463 535 2575 578 sua:
2595 525 2868 594 specimen
2893 530 3204 599 praebuisse.

2301 611 2356 666 8.
2399 611 2615 668 Muralis
2635 618 2936 674 exhortatio.
2965 651 3035 662 ——
3064 621 3216 678 lllum
3244 624 3402 695 igitur
3423 637 3474 683 et
3504 645 3605 687 nos
3637 632 3826 688 imite-

2231 717 2353 760 mur
2375 705 2599 776 justum,
2651 721 2708 766 et
2734 713 2982 770 mandata
3009 731 3039 770 a
3071 718 3179 772 Deo
3211 719 3401 775 tradita
3433 722 3657 793 implere
3701 741 3830 780 stu-

2229 794 2471 864 deamns,
2501 815 2564 856 ac
2600 801 2744 872 leges
2777 819 2807 859 a
2841 803 3054 863 Christo
3080 809 3232 864 nobis
3258 809 3392 867 latas
3421 829 3526 869 non
3555 814 3828 884 despicia-

2228 902 2381 957 mus;
2405 889 2500 948 sed
2523 908 2705 948 earnm
2735 907 3053 966 prmsentem
3075 911 3350 958 servantes
3379 907 3714 968 memoriam.
3739 909 3828 963 fe-

2227 983 2486 1041 stinemus
2534 985 2600 1040 ad
2636 987 2772 1042 bona
2803 1004 2986 1060 opera,
3043 1007 3142 1047 nec
3194 1007 3384 1064 segnes
3431 997 3598 1053 simus
3651 999 3704 1052 in
3759 999 3829 1053 iis

2233 1077 2522 1133 tractandis
2547 1095 2665 1149 qua:
2690 1082 2755 1134 ad
2774 1082 3000 1138 salutem
3022 1095 3256 1139 nostram
3277 1089 3563 1157 pertinent,
3581 1105 3827 1160 pneser-

2231 1165 2323 1220 tim
2353 1183 2473 1222 cum
2504 1187 2644 1225 nunc
2673 1172 2828 1244 longe
2873 1175 3048 1244 major
3076 1176 3282 1232 virtutis
3299 1195 3543 1236 mensura
3585 1198 3617 1237 a
3658 1184 3832 1242 nobis

2227 1258 2491 1328 exigatur,
2523 1273 2724 1330 quanto
2749 1272 2804 1318 et
2829 1266 3048 1320 meliora
3083 1266 3220 1322 b0na
3247 1271 3418 1326 sortiti
3446 1288 3648 1328 sumus.
3684 1273 3829 1332 Ideo

2225 1359 2280 1407 et
2301 1352 2548 1409 Christus
2587 1355 2794 1412 dicebat
2827 1375 2839 1410 :
2876 1357 2994 1414 Nisi
3039 1361 3370 1416 abundaverit
3399 1366 3598 1436 justitia
3644 1381 3829 1422 vestra

2226 1443 2342 1514 plus
2369 1461 2519 1515 quam
2537 1447 2816 1502 scribarum
2841 1461 2886 1504 et
2916 1449 3318 1519 Pharisaeorum,
3343 1472 3442 1509 tum
3461 1459 3708 1512 intrabitis
3770 1463 3830 1515 in

2224 1550 2433 1606 regnum
2459 1538 2698 1592 ctelorunt
2727 1537 2938 1610 (Matth.
2965 1542 3020 1598 5.
3050 1541 3167 1614 20).
3201 1543 3610 1602 Consideremus
3651 1551 3831 1619 igitur:

2223 1625 2327 1679 hoc
2364 1625 2605 1692 dictum,
2647 1638 2704 1684 et
2748 1647 2853 1685 non
2905 1633 3264 1702 perfunctorie
3308 1646 3655 1704 transeamus,
3715 1643 3830 1696 sed

2223 1718 2518 1788 Cogitemus
2561 1730 2756 1791 quanta
2780 1737 2934 1793 paena
2989 1726 3164 1780 futura
3215 1727 3280 1783 sit
3329 1744 3512 1786 eorum
3559 1734 3645 1803 qui
3698 1751 3826 1790 non

2221 1809 2394 1864 solum
2446 1827 2554 1866 non
2596 1829 2812 1882 Operam
2843 1815 2972 1871 dant
2997 1829 3052 1871 ut
3074 1819 3194 1875 illos
3223 1834 3498 1892 siuperem,
3527 1825 3616 1879 Sed
3641 1829 3827 1883 etiam

2222 1903 2396 1956 minus
2411 1919 2570 1974 quam
2597 1905 2670 1961 illi
2699 1917 2992 1978 prmstant;
3021 1927 3192 1982 neque
3212 1924 3404 1968 cavent
3447 1925 3504 1970 ut
3546 1917 3674 1972 iram
3728 1937 3822 1976 re-

2221 1995 2434 2050 mittant
2481 1999 2746 2068 pruximo,
2793 2002 2873 2055 vel
2900 2002 3132 2073 linguam
3161 2019 3190 2057 a
3233 2005 3548 2075 iuramentis
3591 2025 3828 2070 servent

2223 2103 2428 2156 puram,
2459 2091 2539 2144 vel
2561 2091 2775 2147 omium
2799 2094 3038 2150 muniant
3059 2113 3088 2152 a
3117 2099 3418 2168 pernicioso
3465 2105 3778 2171 spectaculo
3807 2124 3823 2160 :

2221 2190 2421 2235 etcum
2450 2181 2708 2239 Dominus
2732 2187 3030 2258 prteeipiat,
3057 2205 3166 2246 non
3210 2192 3388 2248 solum
3413 2192 3618 2252 fortiter
3665 2195 3830 2256 ferre

2219 2273 2262 2326 si
2307 2288 2412 2343 qua
2459 2272 2652 2344 injuria
2695 2276 2956 2336 fuerimus
2993 2282 3189 2349 allecti,
3226 2283 3666 2345 sedetbenelicia
3705 2291 3828 2346 ini-

2219 2365 2372 2420 micis
2395 2367 2615 2438 largiter
2635 2371 2908 2440 pra-bere;
2938 2374 3194 2440 aitenim,
3227 2375 3298 2431 Et
3324 2379 3412 2449 qui
3462 2391 3621 2435 tecum
3666 2384 3825 2448 pedi.

2218 2459 2298 2512 cio
2327 2460 2629 2514 contendere
2647 2472 2696 2516 et
2723 2465 2946 2520 tunicam
2966 2469 3141 2523 tollere
3155 2470 3282 2537 vult,
3299 2471 3494 2528 dimitte
3506 2483 3550 2528 et
3591 2476 3822 2545 pallium

2217 2551 2429 2622 (Matth.
2455 2555 2507 2610 5.
2525 2555 2638 2626 40).
2665 2556 2773 2613 Nos
2798 2569 2976 2614 autem
3005 2575 3148 2632 smpe
3173 2564 3419 2634 proximo
3444 2565 3686 2637 injuriam
3715 2569 3817 2624 in-

2222 2645 2362 2703 ferre
2407 2649 2646 2715 nitimur,
2678 2661 2770 2705 aut
2797 2651 3078 2709 ltrdenletu
3124 2655 3328 2724 ulcisci,
3376 2659 3611 2728 quamvis
3650 2661 3820 2717 nobis

2221 2737 2545 2807 inqeratum
2584 2742 2656 2795 sit
2687 2758 2794 2796 non
2824 2743 2998 2798 solum
3025 2744 3312 2816 diligentes
3363 2749 3581 2819 diligere
3616 2749 3641 2824 [
3667 2751 3819 2808 Nam

2216 2829 2330 2898 hoc,
2361 2831 2554 2901 inquit,
2585 2841 2632 2886 et
2661 2834 2918 2903 publicani
2943 2835 3136 2906 faciunt
3162 2838 3376 2909 (Matth.
3395 2841 3448 2898 5.
3469 2841 3603 2915 46)],
3631 2845 3726 2900 scd
3756 2860 3818 2904 et

2215 2925 2353 2980 bene
2381 2933 2436 2979 et
2461 2926 2634 2981 amice
2655 2925 2877 2982 affectos
2903 2943 3024 2984 esse
3053 2928 3107 2984 in
3135 2945 3230 2985 eos
3259 2933 3346 3002 qui
3397 2949 3493 2989 nos
3538 2935 3818 2995 hostiliter

2217 3019 2468 3072 infestant
2497 3037 2511 3072 :
2547 3035 2644 3074 nos
2675 3030 2853 3075 tamen
2881 3037 2948 3076 ne
2973 3023 3162 3078 amicis
3190 3025 3406 3095 quidem
3436 3043 3610 3097 parem
3657 3036 3815 3087 cari-

2216 3119 2378 3165 tatem
2405 3111 2743 3166 exhibemus.
2771 3113 3068 3186 Eapropter
3087 3115 3246 3172 doleo
3266 3128 3322 3174 et
3351 3120 3523 3192 lugeo,
3552 3123 3677 3192 quia
3709 3126 3800 3179 vi-

2212 3203 2316 3258 deo
2347 3205 2400 3260 in
2422 3205 2577 3260 nobis
2594 3214 2796 3262 mutam
2814 3207 3028 3264 virtutis
3059 3215 3372 3279 raritatem;
3401 3214 3652 3269 malitiam
3703 3235 3809 3272 au-

2215 3307 2322 3354 tem
2367 3300 2608 3370 quotidie
2653 3301 2982 3358 invaleseere
3012 3321 3027 3357 :
3060 3319 3236 3375 neque
3277 3319 3515 3362 mormur
3539 3308 3812 3380 gehennm

2215 3391 2375 3447 timor
2401 3401 2645 3448 nostrum
2675 3393 2726 3448 in
2752 3393 2894 3449 mala
2912 3410 3149 3462 cursum,
3177 3413 3352 3468 neque
3396 3401 3540 3470 regni
3585 3399 3812 3458 deside-

2211 3487 2350 3538 rium
2367 3483 2572 3552 incitat,
2594 3493 2648 3540 ut
2675 3485 2727 3540 in
2741 3485 2824 3540 via
2846 3487 3057 3543 virtutis
3071 3487 3410 3544 ambulemus
3435 3508 3449 3546 :
3477 3489 3570 3546 sed
3586 3508 3804 3559 omnes,

2213 3585 2272 3629 ut
2297 3575 2368 3630 ita
2399 3575 2598 3642 dicam,
2618 3592 2749 3648 quas
2797 3579 3031 3648 pecudes
3055 3579 3372 3636 abducimur
3398 3600 3412 3634 :
3443 3592 3496 3638 et
3520 3600 3690 3653 neque
3709 3602 3806 3640 eo-

2211 3666 2444 3737 gitamus
2465 3667 2756 3724 terribilem
2785 3669 2928 3724 illam
2958 3669 3165 3738 horam,
3197 3673 3282 3728 vel
3340 3673 3484 3746 leges
3512 3689 3542 3730 a
3573 3677 3804 3732 Domino

2215 3758 2372 3814 nobis
2400 3759 2554 3816 datas
2587 3779 2599 3815 :
2632 3763 2726 3817 sed
2753 3777 2942 3818 omnes
2969 3764 3034 3816 ad
3066 3764 3343 3820 hominum
3370 3769 3649 3837 Opinioues
3669 3785 3802 3839 spe-

2211 3860 2442 3918 ctamus,
2470 3862 2524 3906 et
2551 3852 2829 3923 gloriolam
2851 3854 2923 3908 ab
2952 3853 3054 3908 illis
3080 3870 3358 3922 venamur,
3389 3874 3562 3930 neque
3609 3859 3802 3918 audire

2212 3942 2456 3998 volumus
2485 3941 2838 4014 Evangelium
2871 3944 3058 4000 dicens
3097 3965 3111 4000 :
3156 3946 3424 4012 Quomodo
3470 3966 3554 4004 vos
3595 3955 3804 4021 potestis

2213 4037 2418 4092 credere
2441 4037 2655 4108 gloriam
2677 4036 2741 4092 ab
2771 4037 3056 4094 hominibus
3069 4041 3390 4110 accipientes,
3443 4053 3490 4097 et
3539 4044 3750 4114 gloriam
3777 4089 3796 4111 ,

2206 4147 2322 4204 qua:
2341 4149 2374 4186 a
2392 4131 2502 4185 solo
2534 4129 2641 4184 Deo
2657 4143 2751 4196 est,
2772 4149 2870 4187 non
2888 4145 3165 4202 qua'rentes
3177 4132 3358 4202 (Joan.
3377 4136 3431 4192 5.
3449 4137 3543 4207 ιι)
3561 4137 3584 4190 ?
3600 4137 3800 4204 Quem-

2208 4223 2496 4278 admodum
2526 4225 2670 4279 euitn
2699 4225 2788 4294 qui
2819 4224 2964 4278 illaut
3007 4225 3294 4280 humanam
3338 4227 3662 4293 desiderant,
3711 4228 3800 4284 di-

2212 4316 2338 4370 vina
2368 4329 2590 4385 prorsus
2611 4315 2862 4370 excidunt
2891 4333 2904 4367 :
2936 4315 3009 4370 ita
3036 4317 3126 4386 qui
3150 4316 3386 4372 divinam
3407 4320 3658 4375 continuo
3702 4336 3796 4376 se-

2212 4415 2448 4473 ctantur,
2470 4421 2645 4474 neque
2669 4407 2768 4462 hac
2785 4407 2892 4477 prii
2903 4417 3082 4464 antur.
3107 4407 3162 4462 Id
3187 4409 3330 4479 quod
3354 4411 3467 4480 ipse
3495 4412 3638 4482 prius
3667 4429 3796 4484 pro-

2207 4499 2352 4555 tnisit
2376 4516 2390 4552 :
2419 4499 2640 4567 Qua'rite
2660 4499 2910 4570 primunt'
2939 4517 3151 4571 regnum
3173 4499 3288 4567 Dei,
3317 4514 3364 4556 et
3393 4503 3501 4558 hcc
3526 4506 3796 4559 omniam-

2204 4593 2280 4646 bis
2297 4592 2602 4664 adjicientnr
2629 4591 2855 4661 (Matth.
2882 4592 2936 4646 6.
2967 4591 3061 4664 55)
3087 4607 3107 4646 :
3133 4595 3331 4648 etenim
3356 4612 3478 4649 eum
3509 4598 3600 4665 qtti
3636 4596 3797 4668 hujus

2204 4685 2477 4741 desiderio
2506 4693 2740 4750 tenetur,
2770 4695 3069 4754 sequuntur
3107 4686 3226 4743 hare
3274 4691 3476 4742 omnia.
3531 4689 3661 4744 Nam
3701 4691 3793 4760 qui

2205 4779 2335 4834 illuc
2350 4778 2542 4834 mentis
2564 4792 2677 4832 sua:
2700 4777 2802 4833 alis
2819 4778 3114 4835 instructus
3135 4781 3298 4844 volat,
3318 4798 3532 4837 onmem
3556 4798 3792 4852 mesen-

2207 4880 2314 4926 tent
2341 4869 2752 4942 prosperitatetn
2775 4870 2925 4940 quasi
2951 4888 3056 4924 nott
3085 4882 3251 4935 esset,
3279 4875 3593 4928 contemnit.
3637 4875 3786 4931 Oculi

2204 4961 2346 5016 enim
2378 4959 2524 5025 fidei,
2556 4961 2771 5029 quando
2801 4961 2982 5016 vident
3036 4963 3320 5019 incﬂabilia
3353 4966 3439 5019 illa
3497 4966 3634 5022 iiuna
3657 5009 3672 5032 ,
3723 4982 3797 5022 ne

2202 5063 2439 5107 sentiunt
2458 5051 2673 5121 quidem
2703 5051 2820 5108 hare
2846 5053 3116 5110 visibilia:
3147 5065 3352 5110 tantum
3396 5058 3539 5114 inter
3583 5059 3696 5116 hac
3736 5069 3792 5114 et

2203 5143 2294 5198 llltl
2313 5145 2558 5198 interest.
2584 5143 2688 5198 Sed
2712 5145 2980 5199 neminem
3006 5145 3164 5201 video
3189 5148 3278 5217 qui
3300 5147 3586 5204 invisibilia
3613 5151 3781 5206 visibi-

2204 5234 2342 5288 libus
2369 5235 2636 5304 pra-ferat.
2661 5234 2865 5290 Idcirco
2889 5236 3020 5292 mihi
3050 5253 3252 5293 mmror
3274 5250 3378 5303 est,
3397 5251 3452 5296 et
3479 5243 3784 5298 indesinens

2203 5325 2358 5382 dolor
2385 5327 2536 5383 cordi
2560 5341 2720 5382 meo:
2752 5329 2876 5398 quia
2923 5345 3029 5382 non
3059 5345 3241 5384 rerum
3280 5335 3610 5401 experientia
3647 5334 3786 5389 docti

2201 5435 2408 5484 sumus,
2460 5434 2635 5490 neque
2681 5419 2776 5476 Dei
2827 5420 3236 5490 promissiones,
3284 5438 3461 5493 neque
3506 5441 3783 5480 munerum

2202 5511 2533 5583 magnitudo,
2561 5513 2713 5584 regni
2742 5511 3069 5568 desiderium
3088 5521 3146 5568 et
3167 5528 3410 5606 amorem
3439 5515 3591 5571 nobis
3636 5510 3781 5578 inser

2273 5681 2288 5708 ι
2319 5678 2447 5738 Vos,
2467 5674 2678 5739 primum
2705 5675 2955 5738 (πρῶτον),
2985 5674 3122 5724 deest
3157 5674 3208 5722 in
3242 5670 3394 5720 Savil.
3427 5675 3478 5720 et
3507 5673 3558 5720 in
3589 5674 3783 5730 septem
