4078 6406
187 440 304 496 215

189 562 305 614 τῶν
334 555 521 614 κακῶν
548 555 645 628 τὴν
680 550 891 624 ἀποχήν
938 549 1284 619 ἐποιήσαντο,
1336 544 1430 598 καὶ
1457 540 1629 602 οὓτως
1666 536 1871 608 ἀκριϐῆ

1364 425 1432 481 ΙΝ
1468 423 1623 483 (λιιι.
1656 419 1725 476 Vl
1763 415 2007 472 GENES.
2053 416 2288 475 ll0.\lll..
2332 418 2522 473 XXIV.

3539 416 3647 474 216

1980 534 2391 606 σπουδάζωμεν,
2408 535 2498 588 καὶ
2525 533 2598 604 μὴ
2626 532 3053 604 καταφρονῶμεν
3084 530 3191 586 τῶν
3219 531 3368 604 παρά
3396 531 3490 586 τοῦ
3512 532 3647 585 Θεοῦ

187 660 295 730 τὴν
317 617 704 727 ἐξιμολόγησιν
734 617 1094 718 ἐπεδείξαντοι
1119 646 1194 710 ὡς
1225 644 1319 698 καὶ
1347 642 1507 714 μέχρι
1526 638 1637 693 τῶν
1664 638 1874 705 ἀλόγων
1974 622 2273 730 δεδομένων
2303 624 2435 730 ἡμῖν
2452 621 2664 730 δόμων,
2693 620 2807 673 ἀλλ’
2838 619 3055 730 ἔναιέλον
3077 619 3287 722 ἔχοντες
3313 618 3517 730 tea-(:in
3547 617 3649 730 τὴν

198 757 516 810 ἐπεκτεῖναι
544 752 741 814 αὐτοὺς
772 748 841 803 τὰ
870 748 967 818 τῆς
992 741 1431 815 ἐξομολογήσεως
1449 754 1463 769 ·
1495 737 1592 807 οὐχ
1623 736 1703 789 ὅτι
1729 735 1786 788 δέ
1806 734 1874 787 τὰ

198 852 373 920 ἄλογα
393 848 873 920 ἐξωμολογήσαντο
894 843 1035 911 (πῶς
1061 841 1169 911 γὰρ
1192 837 1260 892 τὰ
1282 837 1455 906 λόγων
1476 835 1661 907 ἔρημα
1677 831 1740 903 ς),
1763 831 1874 885 ἀλλ’

200 946 292 1001 ῖνα
322 946 415 999 διὰ
446 943 651 998 τούτων
673 941 1079 994 ἐπισπάσωνται
1101 940 1180 998 εἰς
1194 934 1292 1004 τήν
1322 932 1450 1002 περὶ
1468 929 1665 992 αὐτοὺς
1692 928 1877 996 φιλαν-

199 1040 456 1114 θρωπίαν
485 1039 576 1093 τὸν
607 1035 811 1106 ἀγαθὸν
849 1032 1145 1102 Δεσπότην.
1176 1027 1525 1100 Κηρύξαντες
1558 1023 1687 1093 γὰρ,
1721 1021 1875 1091 φησὶ,

200 1132 482 1207 νηστείαν,
510 1129 851 1204 προσέταξαν
877 1129 926 1180 οἱ
946 1127 1075 1198 περὶ
1094 1126 1187 1179 τὸν
1216 1122 1461 1193 βασιλέα,
1486 1120 1580 1174 καὶ
1597 1118 1666 1172 τά
1687 1118 1878 1188 κτήνη,

202 1237 304 1291 καὶ
327 1235 452 1298 τοὺς
489 1232 638 1302 βόας,
668 1231 761 1284 καὶ
792 1230 969 1283 πάντα
1011 1226 1079 1280 τὰ
1130 1225 1299 1293 ἄλογα
1331 1223 1466 1293 μήτε
1501 1219 1670 1289 νομῆς
1717 1234 1885 1288 μετα-

211 1337 385 1406 σχεῖν,
433 1333 570 1403 μήτε
600 1328 813 1392 ὓδατος,
846 1325 982 1380 ἀλλὰ
1008 1326 1156 1378 πᾶσα
1189 1328 1310 1376 τότε
1358 1322 1391 1392 ή
1433 1319 1542 1373 τῶν
1579 1316 1882 1389 ἀνθρώπων

208 1430 375 1498 φύσις
409 1427 610 1480 σάκκον
630 1420 1134 1494 περιϐαλ[λ]ομένη,
1162 1419 1255 1472 καὶ
1278 1417 1439 1479 αὐτὸς
1465 1418 1493 1469 ό
1513 1414 1604 1469 ἐπὶ
1637 1413 1730 1468 τοῦ
1757 1412 1884 1485 θρό-

208 1546 307 1582 νου
350 1525 658 1595 καθήμενος
704 1518 979 1590 βασιλεὺς,
1011 1516 1211 1585 πολλὴν
1246 1516 1339 1569 καὶ
1369 1512 1623 1566 σύντονον
1661 1512 1760 1583 τὴν
1802 1509 1887 1574 ἐξ·

207 1620 540 1691 ομολόγησιν
565 1615 923 1684 ἐποιήσαντο,
966 1612 1062 1664 κειιῖ⁸
1097 1610 1266 1663 ταῦτα
1299 1609 1400 1665 οὑκ
1430 1608 1631 1671 εἰδότες
1663 1608 1743 1660 ὅτι
1771 1607 1889 1660 δια-

207 1714 500 1783 φεύξονται
547 1711 648 1780 τὴν
695 1709 985 1780 τιμωρίαν.
1026 1707 1253 1776 Ἔλεγον
1293 1706 1424 1777 γὰρ,
1465 1707 1562 1772 Τίς
1612 1705 1794 1768 οἶδεν,
1836 1705 1889 1758 ει

210 1816 331 1886 ἄρα
368 1811 733 1885 μετανοήσει
774 1812 807 1864 ὁ
851 1809 997 1874 Θεὸς
1034 1807 1133 1861 ἐπὶ
1178 1805 1254 1875 τῇ
1295 1806 1505 1872 κακίᾳ,
1548 1796 1590 1875 ᾖ
1622 1800 1892 1868 ἐλάλησε

210 1911 464 1980 ποιῆσαι
501 1908 644 1978 ’ἡμῖν
662 1923 681 1968 ;

289 2011 358 2074 ζ’.
378 2005 531 2072 Εἶδες
547 2007 836 2078 βαρϐάρων
853 2000 1293 2071 εὐγνωμοσύνηνς
1312 1993 1451 2060 εἶδες
1468 1995 1584 2058 πῶς
1597 1994 1716 2048 οὐδέ
1735 1996 1766 2065 ή
1784 1993 1893 2047 τῶν

211 2112 248 2180 ή
258 2107 444 2181 μερῶν
473 2105 803 2177 στενοχωρία
819 2100 1013 2163 αὐτοὺς
1034 2101 1165 2166 ὀκνη
1174 2096 1290 2167 ροτέ
1300 2111 1423 2166 ρους
1439 2092 1750 2165 εἰργάσατο,
1772 2091 1893 2144 οὐδέ

214 2202 601 2276 ἀπαγορεῦσαι
650 2198 977 2269 πεποίηκεν;
1023 2195 1166 2265 Ὅρα
1212 2192 1306 2245 καὶ
1353 2189 1578 2251 τούτους
1613 2188 1748 2258 μετὰ
1777 2203 1898 2239 τοσ-

216 2304 380 2358 οῦτον
408 2298 639 2374 ἀριθμὸν
661 2295 801 2351 ἐτῶν
820 2293 1180 2355 ἀκούσαντας,
1197 2291 1280 2343 ὅτι
1302 2288 1380 2341 ἔτι
1398 2286 1538 2340 ἐπτά
1556 2289 1588 2357 ὴ
1600 2286 1785 2357 μέραι,
1805 2286 1898 2339 καὶ

221 2403 250 2455 ὁ
275 2395 664 2465 κατακλυσμὸς
702 2390 989 2460 ἐπάγεται,
1020 2387 1139 2441 οὐδὲ
1167 2386 1340 2450 οὓτως
1369 2383 1863 2456 ἐπιστρεφομένους
1882 2422 1897 2447 ,

221 2495 343 2550 ἀλλ’
371 2492 685 2561 ἀναλγήτως
702 2486 1094 2557 διακειμένους,
1123 2484 1243 2537 ὅθεν
1271 2480 1689 2552 ὡμολογημένον
1709 2480 1773 2534 ἂν
1792 2481 1900 2551 εἴη,

221 2595 312 2648 ὅτι
338 2594 372 2662 ή
399 2589 715 2662 προα¹ρεσις
741 2587 774 2656 ή
815 2583 1063 2655 ἡμετέρα
1095 2580 1248 2654 [ειη
1289 2580 1399 2634 τῶν
1430 2578 1616 2634 κακῶν
1648 2578 1903 2632 ἁπάντων

231 2688 408 2744 αἰτία.
450 2687 581 2741 Ἰδοὺ
605 2685 714 2755 γὰρ
736 2682 831 2737 καὶ
848 2674 994 2735 οῦτοι
1026 2680 1324 2750 ἄνθρωποι,
1339 2679 1579 2731 κάκεῖνοι
1601 2676 1902 2748 ἄνθρωποι,

226 2786 328 2840 καὶ
352 2784 453 2853 τῆς
487 2781 657 2851 αὐτῆς
691 2777 926 2847 φύσεως,
951 2776 1066 2831 ἀλλ’
1102 2779 1163 2828 οὐ
1192 2776 1288 2846 τῆς
1310 2775 1482 2845 αὐτῆς
1505 2775 1904 2845 προαιρέσεως.

233 2880 331 2934 Διὸ
381 2876 502 2930 οὐδὲ
534 2875 643 2928 τῶν
672 2872 851 2926 αὐτῶν
885 2870 1207 2942 ἀπήλαυσαν
1230 2910 1245 2935 ,
1295 2870 1409 2923 ἀλλ’
1443 2871 1491 2923 οἱ
1527 2869 1625 2940 μέν
1653 2868 1908 2939 διέφυγον

230 2976 336 3045 τὴν
361 2971 765 3039 καταστροφὴν,
796 2966 891 3022 τοῦ
934 2966 1142 3036 ἀγαθοῦ
1180 2966 1315 3019 Θεοῦ
1349 2965 1706 3037 ἀρκεσθέντος
1730 2965 1910 3019 αὐτῶν

229 3075 302 3143 τῇ
346 3069 602 3143 μετανοίᾳ
627 3068 717 3121 διὰ
740 3066 839 3138 τήν
864 3065 1070 3119 οἰκείαν
1100 3063 1508 3136 φιλανθρωπίαν
1528 3106 1543 3129 ,
1596 3067 1645 3117 οἱ
1686 3065 1742 3117 δέ
1776 3064 1907 3118 ὑπο-

232 3167 454 3240 ϐρύχιοι
481 3164 760 3236 γενόμενοι
806 3161 1152 3233 πανωλεθρίᾳ
1180 3161 1576 3233 παρεδόθησαν.
1611 3164 1737 3216 Ἔτι
1781 3162 1911 3232 γὰρ,

233 3268 408 3340 φησὶν
424 3307 438 3331 ,
468 3263 703 3335 ἡμερῶν
727 3264 897 3327 ἑπτὰ,
923 3261 1122 3331 ἐπάγω
1145 3259 1328 3317 ὑετὸν
1352 3261 1451 3314 ἐπὶ
1474 3261 1586 3331 τῆς
1617 3261 1748 3331 γῆς.
1783 3259 1915 3317 Εἶτα

239 3362 482 3434 αὐξῆσαι
526 3360 619 3413 τὸν
665 3359 828 3428 φόϐον
862 3356 1185 3429 βουλόμενός
1242 3374 1407 3427 φησι·
1462 3357 1918 3427 Τεσσαρὰκοντα

241 3458 471 3528 ἡμέρας
508 3456 608 3511 καί
644 3454 1105 3523 τεσσαράκοντα
1148 3454 1391 3519 νύκτας.
1425 3453 1489 3505 Τί
1523 3453 1666 3524 γάρ;
1700 3453 1801 3507 οὐκ
1849 3450 1918 3525 ἦν

238 3554 392 3625 αὐτῷ
429 3552 674 3617 δυνατὸν,
707 3550 866 3622 εἴπερ
898 3549 1169 3614 ἐϐούλετο,
1208 3549 1268 3601 ἐν
1298 3550 1398 3621 μιᾷ
1427 3549 1610 3621 ἡμέρα
1633 3548 1807 3603 πάντα
1829 3550 1921 3603 τὸν

242 3651 402 3707 ὑετὸν
451 3649 785 3718 ἐπαγαγεῖνς
826 3647 893 3699 Τί
934 3646 991 3700 δὲ
1016 3645 1160 3715 λέγω
1205 3648 1264 3700 ἐν
1307 3649 1405 3717 μιᾷ
1436 3647 1654 3719 ἡμέρᾳ;
1703 3646 1793 3699 Ἐν
1824 3649 1924 3720 μιᾷ

245 3751 414 3822 ῥοπῇ.
455 3747 598 3800 Ἀλλ’
635 3746 891 3817 ἐπίτηδες
930 3745 1089 3798 τοῦτο
1135 3746 1281 3797 ποιεῖ
1315 3743 1637 3815 βουλόμενος
1666 3746 1803 3816 ὁμοῦ
1831 3747 1924 3800 καὶ

243 3846 337 3901 τὸν
358 3844 525 3915 φόϐον
552 3844 840 3906 ἐπιτεῖναι,
880 3841 973 3896 καὶ
1000 3840 1253 3913 ἀφορμὴν
1273 3842 1458 3904 αὐτοῖς
1492 3844 1800 3914 παρασχεῖν
1831 3844 1923 3897 τοῦ

243 3942 353 3998 κᾶν
388 3942 527 4015 πρὸς
580 3940 773 4004 αὐταῖς
801 3942 924 4003 ταῖς
948 3938 1140 4010 θύραις
1178 3940 1503 4009 γενομένους
1536 3940 1633 4012 τὴν
1660 3943 1925 4014 τιμωρίαν

245 4040 554 4109 διαφυγεῖν.
590 4037 699 4091 Καὶ
717 4037 1036 4106 ἐξαλείψω,
1061 4036 1217 4108 φησὶ,
1241 4036 1448 4092 πᾶσαν
1468 4037 1584 4105 τὴν
1602 4038 1928 4102 ἐξανάστα-

248 4150 376 4198 σιν,
412 4132 494 4202 ῆν
521 4132 782 4199 ἐποίησα
823 4131 941 4187 ἀπὸ
970 4133 1297 4202 προσώπου
1337 4130 1444 4200 τῆς
1484 4132 1617 4202 γῆς,
1650 4134 1766 4188 ἀπὸ
1822 4135 1928 4188 ἁν-

251 4228 492 4305 θρώπου
523 4226 635 4293 ἓως
654 4227 938 4293 κτήνους.
963 4226 1106 4296 Ὅρα
1132 4226 1251 4290 πῶς
1274 4226 1367 4280 καὶ
1398 4225 1546 4292 ἅπαξ
1567 4226 1662 4280 καὶ
1680 4226 1930 4299 δεύτερον

253 4324 534 4397 προλέγει,
570 4322 665 4375 καὶ
700 4322 822 4375 οὐδέ
859 4319 1002 4375 οὕτω
1034 4319 1394 4375 καθικνεῖται.
1442 4320 1625 4376 Ταῦτα
1665 4322 1721 4375 δέ
1756 4322 1931 4376 πάντα

256 4420 455 4478 ἐποίει.
483 4418 569 4472 ἵνα
593 4417 739 4488 ἡμᾶς
762 4416 977 4488 διδάξῃ,
1009 4417 1090 4470 ὅτι
1126 4416 1350 4481 δικαίως
1386 4417 1571 4481 αὐτοῖς
1606 4419 1705 4488 τὴν
1735 4419 1931 4473 τοσαύ-

256 4532 360 4586 την
388 4511 659 4585 τιμωρίαν
699 4512 972 4583 ἐπήγαγε,
997 4513 1092 4566 καὶ
1131 4514 1321 4584 μηδεὶς
1353 4513 1450 4585 ἔχῃ
1487 4512 1799 4585 μέμφεσθαι
1826 4515 1933 4568 τῶν

256 4608 542 4679 ἀνοήτων,
595 4606 690 4659 καὶ
731 4604 933 4674 λέγειν,
973 4606 1055 4660 ὅτι
1089 4607 1153 4659 Et
1185 4607 1673 4680 ἐμακροθύμησεν,
1714 4611 1823 4681 ἄρα
1868 4610 1934 4664 ἂν

258 4703 568 4773 ἀπέσχοντο
598 4702 698 4773 τῆς
722 4701 941 4766 κακίας,
975 4703 1069 4756 καὶ
1089 4704 1390 4774 ἐπανῆλθον
1417 4707 1553 4776 πρὸς
1580 4706 1680 4777 τὴν
1708 4708 1934 4779 ἀρετήν.

259 4799 358 4852 Διὸ
383 4799 477 4851 καὶ
508 4798 618 4852 τῶν
646 4798 785 4852 ἐτῶν
813 4799 904 4852 τὸν
928 4798 1159 4870 ἀριθμὸν
1185 4800 1344 4869 δῆλον
1370 4801 1501 4872 ἡμῖν
1535 4805 1698 4866 ποιεῖ,
1731 4802 1938 4874 καὶτῆς

263 4896 500 4952 κιϐωτοῦ
531 4898 630 4971 τήν
664 4897 1010 4970 κατασκευὴν
1037 4900 1385 4969 προστάττει.
1420 4900 1531 4953 Καὶ
1579 4900 1715 4970 μετά
1763 4900 1939 4956 ταῦτα

261 4986 484 5042 ἅπαντα
496 4987 591 5040 καὶ
612 4987 718 5058 πρὸ
746 4986 855 5041 τῶν
886 4988 1026 5041 ἐπτὰ
1054 4989 1277 5059 ἡμερῶν
1309 4988 1588 5060 προλέγει,
1614 4989 1701 5042 ἵνα
1721 4989 1940 5047 πάντων

260 5072 377 5126 τῶν
404 5072 822 5143 ἀπερισκέπτως
862 5073 1201 5143 φθέγγεσθαι
1236 5074 1575 5145 βουλομένων
1610 5079 1937 5153 ἐπιστομίσῃ

262 5158 367 5230 τὴν
395 5160 750 5231 ἀναίσχυντον
782 5159 1051 5228 γλῶσσαν.
1115 5162 1223 5216 Καὶ
1273 5163 1548 5232 ἐποίησε,
1603 5168 1757 5236 φησὶ,
1808 5168 1938 5224 Νῶε

262 5246 468 5302 πάντα
508 5247 626 5302 ὅσα
674 5249 1014 5304 ἐνετείλατο
1052 5249 1214 5315 αὐτῷ
1256 5253 1469 5320 Κύριος
1516 5256 1550 5308 d
1593 5256 1759 5322 Θεός.
1799 5258 1940 5330 Ὅρα

263 5332 390 5398 πῶς
438 5335 533 5387 καὶ
571 5334 666 5388 νῦν
718 5337 1088 5408 ἀνακηρύττει
1126 5337 1220 5391 τοῦ
1249 5338 1462 5392 δικαίου
1512 5342 1611 5413 τὴν
1660 5342 1937 5415 εὐγνωμο-

264 5421 439 5494 σύνην
465 5423 559 5477 καὶ
584 5424 685 5495 τὴν
715 5424 960 5496 ὑπακοὴν
993 5426 1027 5495 ἡ
1059 5423 1180 5478 θεία
1223 5425 1416 5497 Γραφὴ
1437 5468 1453 5493 ,
1498 5427 1827 5484 διδάσκουσα
1865 5433 1941 5497 ὡς

261 5511 423 5564 οὐδὲν
448 5510 556 5563 τῶν
578 5510 977 5582 ἐπιταχθέντων
993 5511 1314 5583 παρέλιπεν,
1353 5514 1488 5569 ἀλλά
1519 5517 1695 5570 πάντα
1719 5517 1939 5591 πληρώ-

264 5615 392 5663 σας,
424 5598 525 5669 τῆς
559 5598 766 5663 οἰκείας
790 5599 989 5670 ἀρετῆς
1030 5598 1125 5652 καὶ
1150 5598 1238 5653 διὰ
1272 5600 1462 5655 τούτου
1510 5602 1609 5674 τήν
1663 5604 1936 5673 ἀπόδειξιν

263 5684 597 5757 παρέσχετο.

343 5779 416 5851 η’.
449 5780 650 5834 Τοῦτον
680 5783 856 5836 τοίνυν
883 5783 978 5837 καλ⁹
1008 5785 1170 5853 ἡμεῖς
1203 5784 1570 5856 μιμησώμεθα
1595 5787 1686 5840 τὸν
1712 5789 1939 5848 δίκαιον.

267 5868 369 5923 καὶ
399 5866 499 5932 τὰς
524 5868 673 5939 παρὰ
705 5868 799 5922 τοῦ
815 5869 951 5924 Θεοῦ
979 5870 1198 5934 ἐντολὰς
1222 5871 1352 5941 ἡμῖν
1378 5870 1668 5943 δεδομένας
1690 5876 1931 5949 πληροῦν

1982 712 2226 782 μνήμην,
2254 711 2390 781 πρὸς
2412 709 2511 781 τὴν
2542 709 2746 762 τούτων
2768 705 3104 780 κατόρθωσιν
3139 707 3512 779 ἐπειγώμεθα,
3551 709 3650 760 καὶ

1983 799 2058 870 μὴ
2077 797 2334 871 ῥᾳθύμως
2357 798 2424 851 τά
2447 796 2588 851 κατά
2607 796 2704 868 τὴν
2731 795 2939 850 ἑαυτῶν
2964 795 3236 867 σωτηρίαν
3252 794 3646 866 οίκονομῶμεν,

1981 889 2074 942 καὶ
2108 886 2342 957 μάλιστα
2371 887 2453 939 ὅτι
2488 884 2669 955 πολλῷ
2695 884 2876 955 μεῖζον
2907 883 3102 955 μέτρον
3124 883 3327 955 ἀρετῆς
3357 883 3453 935 νῦν
3484 883 3649 936 ἀπαι-

1978 972 2250 1043 τούμεθα,
2308 974 2418 1044 ὅσῳ
2469 973 2566 1026 καὶ
2622 971 2883 1043 μειζόνων
2927 970 3340 1042 ἀπηλαύσαμεν.
3376 970 3468 1024 Διὸ
3502 970 3597 1024 καὶ⁹
3626 971 3655 1022 ὁ

1986 1060 2226 1132 Χριστος
2257 1061 2464 1129 ἔλεγεν,
2503 1060 2644 1113 Ἐὰν
2682 1058 2769 1128 μὴ
2801 1059 3178 1128 περισσεύσῃ
3208 1060 3247 1127 ἠ
3295 1057 3653 1123 δικαιοσύνη

1983 1147 2151 1216 ὑμῶν
2176 1148 2367 1202 πλέον
2386 1147 2503 1201 τῶν
2532 1145 2919 1216 γραμματέων
2948 1146 3047 1199 καὶ
3076 1145 3435 1212 Φαρισαίων,
3470 1146 3542 1198 οὐ
3567 1142 3655 1213 μὴ

1983 1235 2297 1304 εἰσέλθητε
2309 1238 2397 1301 είς
2418 1233 2533 1303 τὴν
2545 1234 2873 1298 ,βασιλείαν
2892 1232 3012 1285 τῶν
3034 1231 3329 1301 οὐρανῶν.
3354 1230 3551 1284 Σκοπῶ
3559 1248 3658 1301 μεν

1984 1324 2165 1378 τοίνυν
2196 1324 2319 1377 καθ’
2344 1324 2590 1388 ἑαυτοὺς,
2630 1322 2725 1376 καὶ
2755 1320 2829 1392 μὴ
2880 1319 3066 1382 ἁπλῶς
3122 1320 3561 1390 παρατρέχωμεν
3597 1319 3658 1370 τὸ

1987 1411 2296 1483 εἰρημένον,
2322 1411 2459 1465 ἀλλὰ
2488 1410 2851 1481 ἐννοήσωμεν,
2884 1408 2985 1478 ὅση
3009 1405 3250 1460 κείσεται
3284 1405 3508 1466 κόλασις
3549 1405 3661 1465 τοῖς

1994 1496 2069 1569 μὴ
2107 1498 2264 1570 μόνον
2314 1497 2664 1569 ὑπερϐαίνειν
2708 1495 2947 1557 ἐκείνους
2982 1493 3055 1563 μὴ
3085 1491 3494 1555 σπουδάζουσιν,
3525 1488 3661 1542 ἀλλά

1990 1588 2086 1640 καὶ
2122 1586 2342 1639 ἔλαττον
2399 1584 2580 1639 αὐτῶν
2610 1583 2813 1654 ἔχουσι,
2870 1582 2964 1636 καὶ
3001 1581 3075 1652 μὴ
3123 1579 3470 1649 ἀνεχομένοις
3526 1581 3661 1647 μήτε

1991 1672 2163 1745 ὀργὴν
2193 1675 2410 1743 ἀφεῖναι
2440 1671 2516 1743 τῷ
2546 1672 2793 1741 πλησίον,
2839 1670 2980 1741 μήτε
3021 1667 3269 1737 καθαρὰν
3295 1667 3395 1735 τὴν
3423 1664 3663 1733 γλῶτταν

1991 1760 2269 1833 διατηρεῖν
2293 1761 2404 1815 ἀπὸ
2440 1760 2550 1815 τῶν
2583 1761 2783 1831 ὅρκων,
2828 1759 2964 1829 μήτε
3006 1754 3084 1824 τῷ
3111 1753 3378 1825 ὀφθαλμῷ
3408 1752 3667 1823 βουλομέ-

1994 1866 2105 1914 νοις
2134 1848 2500 1920 ἀποτειχίζειν
2524 1849 2620 1918 τὴν
2646 1845 2916 1915 ἐπιϐλαϐῆ
2944 1844 3090 1908 θέαν,
3120 1842 3217 1896 καὶ⁹
3252 1841 3347 1894 τοῦ
3397 1840 3668 1893 Δεσπότου

1996 1937 2446 2009 προστάττοντος,
2486 1936 2561 2006 μὴ
2596 1936 2755 2006 μόνον
2777 1932 3130 2002 ἀδικούμενον
3160 1930 3349 2001 φέρειν
3382 1927 3668 1997 γενναίως,

1996 2024 2133 2077 ἀλλὰ
2162 2026 2258 2078 καὶ
2290 2022 2801 2092 ἐπιδαψιλεύεσθαι·
2844 2020 2928 2086 Τῷ
2958 2020 3193 2076 θέλοντι
3218 2018 3326 2088 γάρ
3358 2031 3476 2080 σοι,
3511 2014 3670 2083 φησὶ.

1999 2111 2149 2185 [228]
2172 2110 2463 2181 κριθῆναι,
2481 2110 2578 2165 καί
2601 2110 2708 2163 τὸν
2730 2106 2953 2177 χιτῶνά
2971 2122 3089 2161 σου
3106 2106 3331 2169 λαϐεῖν,
3347 2103 3497 2173 ἄφες
3511 2100 3672 2165 αὐτῷ

1999 2201 2098 2255 καί
2126 2200 2192 2254 τὸ
2215 2200 2464 2269 ἱμάτιον.
2500 2199 2693 2269 Ἡμεῖς
2718 2197 2776 2250 δέ
2816 2194 3076 2258 πολλάκις
3114 2193 3208 2246 καὶ
3237 2193 3441 2246 ἀδικεῖν
3467 2192 3674 2260 ἐπιχει-

2005 2288 2206 2359 ροῦμεν
2235 2287 2328 2340 τὸν
2364 2287 2614 2357 πλησίον,
2662 2284 2695 2352 ἢ
2735 2283 2830 2337 καὶ
2868 2280 3182 2353 ἀμύνασθαι
3231 2279 3325 2333 τὸν
3359 2276 3672 2336 ἀδικοῦντα,

2002 2376 2179 2431 καίτοι
2213 2373 2669 2444 προσταττόμενοι
2697 2373 2770 2443 μὴ
2802 2371 2964 2440 μόνον
3002 2370 3131 2433 τοὺς
3166 2366 3496 2438 ἀγαπῶντας
3543 2366 3678 2432 ἀγα-

2005 2467 2113 2535 πᾷν
2134 2463 2339 2535 (Τοῦτο
2363 2464 2473 2533 γὰρ
2498 2462 2590 2515 καί
2618 2465 2668 2514 οἱ
2703 2457 2974 2515 τελῶναι.
3010 2456 3164 2528 φησὶ,
3188 2455 3514 2524 ποιοῦσιν),
3542 2452 3678 2506 ἀλλὰ

2006 2552 2103 2606 καὶ
2153 2551 2289 2624 πρὸς
2334 2550 2462 2615 τοὺς
2506 2549 2893 2620 ἐχθραίνοντας
2937 2545 3176 2615 γνησίως
3203 2543 3527 2605 διακεῖσθαι,
3557 2540 3678 2595 οὐδὲ

2009 2638 2147 2712 πρὸς
2176 2639 2304 2704 τοὺς
2335 2638 2670 2706 ἀγαπῶντας
2701 2635 2800 2707 τὴν
2836 2634 2960 2704 ῐσην
2992 2633 3212 2702 ἀγάπην
3241 2629 3678 2699 ἐπιδεικνύμεθα.

2008 2728 2106 2781 Διά
2143 2725 2318 2780 ταῦτα
2349 2722 2501 2792 ἀλγῶ
2541 2723 2634 2777 καί¹
2667 2721 2941 2792 ὀδυνῶμαι
2976 2718 3118 2790 ὀρῶν
3175 2717 3274 2789 τῆς
3326 2718 3426 2788 μὲν
3480 2716 3682 2784 ἀρετῆς

2008 2814 2276 2884 τοσαύτην
2316 2813 2375 2864 ἐν
2415 2813 2546 2882 ἡμῖν
2567 2809 2667 2880 τὴν
2697 2808 2916 2873 σπάνιν,
2954 2806 3053 2876 τῆς
3079 2806 3134 2859 δὲ
3168 2805 3365 2867 κακίας
3403 2803 3527 2857 καθ’
3553 2803 3685 2856 ἐκά-

2013 2918 2146 2971 στην
2193 2900 2409 2971 ἡμέραν
2461 2899 2560 2969 τὴν
2609 2896 2863 2950 ἐπίτασιν
2894 2894 3213 2964 γινομένην,
3270 2892 3364 2947 καὶ
3405 2890 3529 2945 οὔτε
3584 2892 3684 2960 τῆς

2013 2988 2240 3060 γεέννης
2261 2987 2351 3040 τὸν
2367 2984 2531 3055 φόϐον
2553 2984 2887 3038 ἐκκύπτοντα
2903 2982 3057 3053 ήμῶν
3080 2979 3180 3052 τὴν
3200 2980 3291 3033 ἐπὶ
3316 2979 3413 3051 τὴν
3442 2979 3637 3032 κακίαν
3657 2991 3683 3017 ⁸

2013 3077 2214 3149 ὁρμὴν,
2265 3074 2389 3128 οὔτε
2433 3074 2532 3144 τῆς
2567 3071 2842 3143 βασιλείας
2885 3071 2977 3124 τὸν
3030 3069 3193 3125 πόθον
3245 3068 3686 3140 προτρεπόμενον

2016 3166 2109 3218 ἐπὶ
2158 3163 2256 3235 τὴν
2308 3163 2407 3232 τῆς
2457 3159 2659 3232 ἀρετῆς
2707 3159 2845 3222 ὁδὸν,
2882 3156 3018 3211 ἀλλὰ
3069 3156 3319 3218 πάντας,
3367 3155 3444 3218 ὡς
3489 3154 3686 3216 εἰπεῖν,

2019 3250 2383 3323 βοσκημάτων
2409 3249 2563 3319 δίκην
2607 3245 3011 3316 ἀπαγομένους,
3047 3245 3141 3298 καὶ
3188 3242 3444 3314 οὐδεμίαν
3481 3241 3690 3293 ἔννοιαν

2017 3338 2398 3410 λαμϐάνοντας
2430 3335 2554 3389 οὔτε
2591 3336 2689 3406 τῆς
2721 3334 2958 3404 φοϐερᾶς
2986 3332 3202 3403 ἐκείνης
3234 3331 3403 3403 ῶρας,
3427 3328 3551 3382 οὔτε
3583 3330 3691 3382 τῶν

2021 3426 2173 3498 παρά
2202 3424 2294 3479 τοῦ
2339 3423 2474 3477 Θεοῦ
2519 3422 2787 3476 τεθέντων
2839 3422 2972 3491 ήμῖν
3000 3420 3200 3490 νόμων,
3258 3417 3395 3471 ἀλλά
3420 3415 3558 3487 πρὸς
3592 3415 3692 3485 τὴν

2019 3513 2129 3567 τῶν
2154 3510 2460 3582 ἀνθρώπων
2493 3509 2761 3579 ὑπόληψιν
2788 3508 3032 3570 ἅπαντας
3067 3506 3463 3577 ἐπτοημένους,
3488 3503 3693 3557 καὶτὸν

2024 3600 2175 3673 παρά
2207 3598 2412 3653 τούτων
2437 3597 2655 3651 ἔπαινον
2682 3595 3034 3666 θηρωμένους
3059 3593 3109 3657 δ,
3142 3593 3239 3646 καὶ
3286 3591 3422 3662 μηδέ
3475 3589 3695 3645 ἀκούειν

2023 3689 2119 3744 τοῦ
2143 3687 2479 3757 Εὑαγγελίου
2509 3685 2779 3753 λέγοντος,
2806 3682 2939 3749 Πῶς
2960 3681 3065 3736 δύην
3077 3684 3228 3736 ασθε
3254 3680 3423 3750 ὑμεῖς
3453 3677 3698 3734 πιστεῦ-

2026 3802 2130 3840 σαι
2160 3783 2350 3849 δόξαν
2386 3781 2547 3849 παρὰ
2596 3778 2923 3849 ἀνθρώπων
2963 3776 3398 3847 λαμϐάνοντες,
3437 3775 3538 3828 καί
3581 3773 3698 3840 τὴν

2029 3872 2190 3941 παρὰ
2219 3870 2326 3926 τοῦ
2372 3871 2564 3940 μόνου
2612 3866 2759 3921 Θεοῦ
2809 3868 2882 3919 οὺ
2937 3863 3285 3932 ζητοῦντεςς
3318 3864 3530 3932 Ὥσπερ
3563 3861 3617 3914 δὲ
3650 3861 3700 3913 οι

2028 3958 2233 4028 ταύτης
2253 3957 2552 4027 ἐφιέμενοι,
2578 3954 2795 4023 ἐκείνης
2824 3951 3102 4014 παντελῶς
3140 3950 3522 4012 ἐκπίπτουσιν,
3548 3943 3702 4011 οὗτος

2030 4046 2080 4098 οἱ
2104 4044 2320 4113 ἐκείνης
2349 4041 2618 4113 διηνεκῶς
2649 4038 3035 4110 ἐξηρτημένοι,
3082 4036 3203 4089 οὐδέ
3232 4035 3439 4106 ταύτης
3465 4036 3701 4089 ἀποστε-

2036 4130 2274 4202 ροῦνται.
2299 4129 2410 4183 Καὶ
2441 4126 2549 4197 γὰρ
2577 4124 2741 4188 αὐτὸς
2783 4121 3073 4195 προλαϐὼν
3108 4120 3476 4193 ἐπηγγείλατο
3503 4119 3702 4188 λέγων,

2033 4216 2273 4286 Ζητεῖτε
2299 4215 2533 4285 πρῶτον
2556 4212 2670 4281 τὴν
2693 4210 3024 4277 βασιλείαν
3050 4210 3159 4264 τοῦ
3184 4208 3353 4273 Θεοῦ,
3388 4209 3487 4262 καὶ
3519 4208 3705 4262 ταῦτα

2033 4305 2231 4360 πάντα
2280 4301 2758 4372 προστεθήσεται
2809 4298 2984 4369 ύμῖνο
3042 4298 3135 4352 καὶ⁵
3176 4296 3254 4367 τῷ
3304 4297 3432 4368 περὶ
3489 4297 3705 4364 ἐκείνην

2035 4394 2215 4465 ἔχοντι
2274 4390 2367 4445 τὸν
2416 4389 2581 4443 πόθον
2634 4389 2812 4442 ταῦτα
2860 4387 3040 4441 πάντα
3075 4386 3288 4440 ἕπεται.
3334 4385 3394 4439 Ὀ
3434 4384 3542 4456 γὰρ
3591 4385 3708 4437 ἐκεῖ

2037 4466 2335 4554 πτερώσας
2370 4476 2535 4532 αὐτοῦ
2570 4477 2670 4548 τὴν
2720 4476 2996 4540 διάνοιαν,
3049 4476 3232 4546 πάσης
3286 4474 3387 4545 τῆς
3425 4472 3709 4545 παρούσης

2037 4566 2359 4640 εὐημερίας,
2389 4568 2465 4628 ὡς
2483 4565 2605 4619 οὐδέ
2627 4564 2816 4637 οὔσης,
2842 4565 3104 4636 ὑπερορᾷ.
3129 4564 3193 4616 (ιι
3222 4561 3331 4633 γὰρ
3349 4562 3446 4633 τῆς
3474 4561 3710 4623 πίστεως

2039 4656 2310 4727 ὀφθαλμοὶ
2329 4656 2456 4709 ὅταν
2484 4655 2670 4707 ἐκεῖνα
2700 4651 3166 4708 κατοπτεύωσιτὰ
3193 4651 3481 4721 ἀπόρρητα
3506 4648 3707 4717 ἀγαθὰ,

2040 4746 2163 4800 οὐδὲ
2214 4743 2469 4814 αἴσθησιν
2506 4741 2849 4813 λαμϐάνουσι
2881 4741 2993 4794 τῶν
3034 4740 3329 4812 ὁρωμένων
3351 4755 3364 4767 ·
3399 4737 3623 4791 τοσοῦτο
3651 4738 3711 4791 τὸ

2045 4834 2208 4905 μέσον
2227 4834 2452 4887 ἐκείνων
2471 4831 2564 4884 καὶ
2589 4830 2816 4884 τούτων.
2845 4814 2985 4883 Ἆλλ’
3005 4830 3198 4882 οὐδένα
3217 4827 3327 4899 ὁρῶ
3359 4826 3710 4898 προτιμῶνται

2042 4922 2149 4975 τῶν
2179 4920 2472 4993 ὁρωμένων
2505 4918 2573 4971 τά
2604 4918 2679 4989 μὴ
2707 4916 2981 4988 ὁρώμενα.
3039 4917 3130 4969 Διὸ
3155 4915 3296 4984 λύπη
3330 4914 3419 4984 μοί
3446 4916 3583 4977 ἐστι,
3616 4913 3712 4967 καὶ

2044 5010 2389 5073 ἀδιάλειπτος
2422 5007 2583 5077 ὀδύνη
2604 5009 2677 5077 ,τῇ
2701 5005 2900 5077 καρδίᾳ⁸
2941 5023 3066 5077 μου,
3098 5005 3181 5057 ὅτι
3209 5003 3329 5056 οὐδέ
3352 5004 3383 5071 ἡ
3412 5004 3580 5073 πεῖρα
3603 5000 3711 5053 τῶν

2046 5102 2391 5174 πραγμάτων
2445 5100 2596 5169 ἡμᾶς
2643 5097 2985 5158 ἐπαίδευσεν,
3037 5094 3158 5147 οὐδὲ
3186 5094 3242 5145 αἱ
3275 5092 3369 5145 τοῦ
3407 5092 3543 5144 Θεοῦ
3578 5092 3712 5145 ὑπο-

2049 5189 2284 5259 σχέσεις,
2309 5187 2431 5240 οὐδέ
2453 5186 2562 5240 τῶν
2587 5184 2808 5256 δωρεῶν
2848 5183 2910 5238 τὸ
2943 5180 3173 5253 μέγεθος
3209 5181 3343 5251 πρὸς
3374 5181 3464 5233 τὸν
3486 5180 3585 5250 τῆς
3619 5178 3716 5250 βα-

2067 5275 2251 5337 ηλείας
2279 5272 2444 5325 πόθον
2465 5272 2803 5342 μεταστῆναι
2833 5267 3401 5341 παρεσκεύασεν,άλλ“
3427 5267 3509 5320 ἐτι
3540 5267 3716 5338 χαμαὶ

2048 5364 2342 5435 συρόμενοι
2391 5360 2749 5431 προτιμῶμεν
2800 5360 2869 5413 τὰ
2928 5361 3092 5429 γήϊνα
3145 5356 3273 5410 τῶν.
3324 5355 3611 5427 οὐρανίων,
3649 5354 3717 5409 τά

2049 5449 2364 5521 πρόσκαιρα
2385 5450 2494 5504 τῶν
2518 5446 2842 5517 μελλόντων,
2872 5444 2941 5498 τὰ
2986 5444 3115 5516 πρὶν
3148 5443 3182 5514 ἢ
3216 5444 3450 5514 φανῆναι
3483 5443 3720 5513 ἀφιπτά-

2051 5549 2188 5603 μενα
2206 5532 2313 5586 τῶν
2335 5533 2768 5595 διαιωνιςόντων,
2787 5531 2883 5585 καὶ
2904 5531 3002 5601 τὴν
3028 5529 3363 5601 πρόσκαιρον
3394 5529 3586 5600 ἡδονὴν
3618 5529 3718 5597 τῆς

2049 5618 2333 5689 διηνεκοῦς
2371 5619 2585 5690 ἡδονῆς,
2627 5618 2723 5672 καὶ
2752 5617 2852 5688 τὴν
2898 5617 3159 5690 βραχεῖαν
3191 5618 3494 5690 εὐημερίαν
3521 5616 3720 5687 ταύτην

2117 5829 2134 5850 ⁸
2161 5827 2333 5875 Morel.
2360 5827 2436 5874 ἐπὶ
2462 5831 2519 5888 τῇ
2547 5826 2693 5889 κακίᾳ

2116 5892 2143 5931 ιο
2172 5889 2324 5938 Savil.
2347 5887 2576 5949 θηρᾶσθαι
2612 5887 2982 5944 σπουδάζοντας.
