4078 6434
407 424 508 479 217

409 539 505 593 τοῦ
538 538 803 608 παωντος
837 535 953 607 βίου
1001 535 1108 588 τῶν
1155 536 1527 605 ἀτελευτήτων
1557 532 1769 587 αἰώνων
1820 532 2070 599 ἐκείνων.

412 624 542 680 Οἶδα
575 628 657 679 ὅτι
686 624 873 678 δάκνει
903 625 1002 695 τὴν
1035 624 1204 695 ἀκοὴν
1231 641 1390 677 ταυτι
1415 639 1484 675 τα
1510 624 1754 693 ῥήματα,
1778 619 1916 673 ἀλλά
1944 617 2080 686 σύγ--

411 730 607 780 γνωτε.
636 711 949 783 Ἐπιθυμῶν
971 711 1068 783 τὴν
1091 713 1120 765 ύ
1129 712 1244 783 μῶν
1268 712 1541 782 σωτηρίαν
1557 709 1729 763 ταῦτα
1746 706 2080 778 φθέγγομαι,

413 801 508 853 καὶ
561 798 885 869 βουλόμενος
933 797 1169 852 ἐνταῦθα
1218 798 1415 869 μικρὸν
1462 798 1607 867 ὑμᾶς
1639 795 1940 866 δηχθέντας
1981 792 2081 864 τὴν

410 887 629 942 αἰώνιον
658 886 881 940 κόλασιν
908 886 1263 957 διαφυγεῖν,ἢ
1296 885 1431 957 πρὸς
1452 884 1632 952 ὀλίγον
1650 880 2084 954 ψυχαγωγηθέν-

414 992 516 1039 τας
567 974 791 1047 διηνεκῆ
823 975 925 1043 τὴν
955 974 1224 1045 τιμωρίαν
1254 973 1496 1043 ὑπέχειν.
1532 973 1597 1026 El
1631 970 1739 1042 γάρ
1766 967 2079 1040 ἀνάσχησθε

410 1061 520 1115 τῶν
547 1062 694 1133 ἐμῶν
726 1061 921 1131 λόγων,
970 1063 1066 1115 καὶ
1094 1061 1193 1131 τὴν
1244 1059 1624 1133 προλαϐοῦσαν
1672 1056 1913 1130 ἀθυμίαν
1943 1057 2083 1110 ἀπο-

413 1151 656 1205 πίσεσθε
701 1164 761 1218 α,
801 1150 898 1205 καὶ
952 1150 1185 1220 μάλιστα
1223 1148 1318 1201 νῦν
1355 1148 1430 1212 ὡς
1470 1148 1550 1202 ἐτι
1587 1150 1617 1202 ὁ
1665 1148 1869 1219 βραχὺς
1924 1139 2082 1208 οὗτος

412 1241 605 1312 καιρὸς
654 1241 754 1310 τῆς
802 1239 965 1307 ἀγίας
1013 1238 1139 1309 ύμῖν
1172 1236 1557 1290 ὑπολέλειπται
1589 1235 2076 1306 τεσσαρακοστῆς,

410 1326 705 1397 δυνήσεσθε
739 1326 833 1379 καὶ
860 1326 930 1379 τά
954 1325 1324 1395 ἡμαρτημένα
1349 1322 1737 1393 ἀπονίψασθαι,
1766 1324 1860 1376 καὶ
1881 1321 2080 1392 πολλὴν

409 1416 560 1488 παρά
586 1413 680 1467 τοῦ
727 1412 861 1466 Θεοῦ
898 1412 996 1483 τὴν
1031 1412 1445 1481 φιλανθρωπίαν
1492 1410 1928 1473 ἐπισπάσασθαι,
1957 1409 2080 1462 ούδέ

409 1503 518 1575 γάρ
558 1499 771 1555 πολλῶν
817 1499 1046 1572 ἡμερῶν
1075 1499 1245 1554 δεῖται
1275 1500 1305 1552 ό
1356 1500 1654 1569 Δεσπότης,
1698 1499 1822 1553 οὐδὲ
1862 1497 2078 1569 χρόνου,

408 1591 523 1644 ἀλλ’
556 1590 653 1643 ἐὰν
678 1588 1009 1660 θελήσωμεν
1040 1590 1134 1640 καὶ
1166 1590 1223 1641 ἐν
1246 1589 1367 1651 ταῖς
1393 1586 1513 1640 δυσὶ
1541 1587 1770 1650 ταύταις
1819 1585 2080 1656 ἑϐδομάσι

410 1682 611 1753 πολλὴν
653 1680 750 1752 τὴν
810 1676 961 1751 [229]
1000 1677 1290 1749 διόρθωσιν
1346 1678 1455 1730 τῶν
1510 1676 1892 1748 ἐπταισμένων
1948 1677 2079 1746 ήμῖν

411 1768 774 1839 ποιησόμεθα.
808 1769 870 1820 Εἰ
905 1769 1015 1838 γὰρ
1043 1769 1170 1830 τοὺς
1189 1768 1237 1819 Ν
1245 1766 1498 1831 ινευῖτας,
1526 1766 1713 1837 ἐπειδὴ
1748 1764 1919 1836 τριῶν
1940 1766 2079 1834 ήμε-

415 1857 524 1929 ρῶν
553 1856 650 1927 τὴν
683 1856 975 1925 μετάνοιαν
1022 1854 1369 1918 ἐπεδείξαντο
1392 1892 1407 1915 .
1450 1852 1719 1924 τοσαύτης
1756 1851 1957 1921 ἠξίωσε
1990 1870 2079 1922 φι-

411 1943 784 2014 λανθρωπίας,
822 1942 1003 2013 πολλῷ
1054 1943 1119 2013 δὴ
1176 1943 1377 2013 μᾶλλον
1409 1944 1557 2014 ἡμᾶς
1602 1944 1665 1996 οὐ
1711 1941 2075 2014 περιόψεται⁸

413 2034 575 2103 μόνον
607 2032 702 2084 ἐάν
740 2031 838 2102 τὴν
868 2030 1043 2101 ἀληθῆ
1076 2030 1365 2100 μετάνοιαν
1413 2029 1831 2101 ἐπιδειξώμεθα,
1857 2030 1950 2082 καὶ
1980 2030 2079 2100 τῆς

410 2119 610 2184 κακίας
638 2118 972 2181 ἀποστάντες
1002 2117 1272 2188 ἁψώμεθα
1304 2119 1401 2189 τῆς
1419 2119 1512 2171 ἐπὶ
1533 2118 1631 2190 τὴν
1652 2117 1851 2190 ἀρετὴν
1881 2116 2078 2189 φερού-

410 2225 511 2277 σης
538 2207 680 2261 όδού.
723 2207 834 2260 Καὶ
862 2207 971 2277 γὰρ
995 2206 1122 2278 περὶ
1158 2206 1408 2271 ἐκείνων,
1439 2206 1549 2260 τῶν
1580 2205 1877 2260 Νινευῖτῶν
1910 2205 2074 2274 λέγω,

412 2294 766 2366 μαρτυροῦσα
792 2295 824 2363 ἡ
849 2292 972 2346 θεία
986 2293 1370 2364 Γραφὴ,τοῦτό
1393 2311 1578 2365 φησιν,
1595 2291 1916 2348 sumam
1933 2293 2079 2361 Θεὸς

408 2384 499 2437 ὅτι
531 2383 768 2450 ἀπέστη
807 2382 1068 2448 ἕκαστος
1090 2380 1210 2436 ἀπὸ
1237 2379 1349 2450 τῆς
1372 2380 1514 2436 ὀδοῦ
1538 2381 1725 2435 αὑτοῦ
1757 2379 1865 2448 τῆς
1894 2394 2079 2446 πονη-

401 2471 537 2540 ρᾶς.
578 2471 704 2524 Ἐάν
742 2470 923 2523 τοίνυν
954 2470 1050 2523 καὶ
1093 2470 1243 2539 ἡμᾶς
1294 2469 1380 2543 ἴδῃ
1429 2469 1908 2541 μεταταξαμένους
1941 2468 2078 2538 πρὸς

407 2561 509 2627 τὴν
549 2559 775 2631 ἀρετὴν,
807 2560 901 2612 καὶ
940 2558 1292 2622 ἐκκλίναντας
1326 2558 1427 2628 μὲν
1459 2559 1567 2611 ἀπὸ
1603 2559 1701 2629 τῆς
1732 2558 1952 2621 κακίας,
1984 2557 2078 2609 ἐπὶ

410 2648 467 2701 δέ
506 2647 605 2719 τὴν
642 2647 751 2701 τῶν
784 2647 1005 2714 ἀγαθῶν
1037 2646 1302 2718 ἐργασίαν
1337 2645 1685 2711 σπεύδοντας,
1722 2646 1932 2713 δέξεται
1981 2645 2077 2698 καὶ

406 2735 568 2806 ἡμῶν
612 2736 713 2806 τὴν
748 2736 1106 2806 ἐπιστροφὴν,
1154 2734 1247 2788 καὶ
1281 2734 1392 2788 τῶν
1434 2734 1669 2804 φορτίων
1703 2732 2077 2804 ἐλευθερώσας

411 2824 520 2877 τῶν
557 2824 971 2895 ἁμαρτημάτων
1012 2820 1240 2893 παρέξει
1277 2823 1376 2885 τὰς
1417 2823 1548 2893 παρ’
1596 2820 1793 2875 ἐαυτοῦ
1842 2821 2075 2892 δωρεάς.

408 2912 545 2965 (δύδέ
573 2912 680 2983 γὰρ
707 2913 868 2982 ἡμεῖς
895 2910 1036 2964 οὕτω
1057 2910 1156 2981 τῆς
1176 2909 1286 2964 τῶν
1306 2909 1724 2981 ἁμαρτημάτων
1752 2908 2077 2979 ἀπαλλαγῆς

407 2998 806 3069 ἐπιθυμοῦμεν,
837 2999 932 3051 καὶ
963 2998 1241 3069 σωτηρίας
1268 2997 1651 3069 ἐφιέμεθα,ὠς
1669 2998 1831 3060 αὐτὸς
1852 2996 2075 3051 σπεύδει

407 3089 502 3142 καὶ
530 3087 812 3156 ἐπείγεται
842 3085 1115 3140 κάκείνων
1153 3088 1286 3156 ἡμῖν
1317 3086 1417 3157 τὴν
1472 3085 1796 3156 ἀπαλλαγὴν
1824 3084 2073 3156 δωρήσα-

408 3175 553 3239 σθαι,
579 3176 673 3229 καὶ
709 3174 808 3245 τῆς
839 3175 1115 3245 σωτηρίας
1144 3174 1241 3245 τὴν
1288 3173 1591 3227 ἀπόλαυσιν
1618 3174 1941 3245 παρασχεῖν.
1975 3170 2075 3225 Διά

404 3264 586 3331 τοῦτο,
608 3262 931 3335 παρακαλῶ,
954 3263 1307 3335 διεγείρωμεν
1337 3262 1547 3315 ἑαυτῶν
1571 3262 1661 3314 τὸν
1683 3259 1964 3331 λογισμὸν,
1979 3260 2075 3312 καὶ

404 3352 633 3415 ἕκαστος
683 3349 973 3422 ἐξεταστὴς
1022 3350 1223 3427 ἐαυτῷ,
1247 3349 1502 3418 γινέσθω,
1558 3348 1612 3401 εῖ
1639 3365 1691 3401 τι
1733 3347 1898 3400 πλέον
1924 3344 2074 3417 αύτῷ

405 3439 765 3512 κατώρθωται
819 3442 876 3492 ἐν
903 3438 1344 3512 τῴιπαρελθόντι
1396 3438 1597 3509 χρόνῳ,
1650 3436 1704 3490 εί
1735 3453 1856 3489 τινα
1888 3434 2073 3505 ὄνησιν

403 3529 562 3599 ἔσχεν
590 3532 653 3582 ἐκ
685 3529 783 3600 τῆς
819 3507 1078 3598 συνεχοῦς
1114 3528 1319 3598 ταύτης
1343 3526 1713 3592 διδασκαλίας,
1741 3524 1794 3577 εἴ
1819 3541 1871 3578 τι
1902 3524 2072 3593 ἐκαρο

405 3619 627 3671 πώσατο
655 3621 736 3681 εἰς
767 3617 867 3689 τὴν
891 3618 986 3671 τοῦ
1026 3619 1265 3689 πλησίον
1307 3618 1663 3678 κατάστασιν,
1717 3615 1770 3668 εί
1813 3632 1937 3667 τινα
1964 3614 2071 3667 τῶν

404 3705 800 3775 ἐλαττωμάτων
838 3703 1116 3775 διώρθωσε
1141 3703 1249 3756 τῶν
1275 3704 1493 3765 ἐαυτοῦ,
1525 3704 1579 3754 εί
1602 3721 1723 3756 τινα
1759 3702 1898 3773 πρὸς
1924 3701 2073 3769 φιλο-

405 3792 600 3862 σοφίαν
638 3790 953 3863 προτροπὴν
986 3789 1202 3855 ἐδέξατο
1253 3792 1317 3843 ἐκ
1346 3792 1445 3859 τῆς
1487 3789 1863 3860 καθημερινῆς
1912 3788 2070 3859 ήμῶν

404 3880 776 3953 παραινέσεως
797 3897 809 3911 ’
840 3879 936 3932 καὶ
984 3880 1097 3940 τοῖς
1128 3878 1226 3949 μὲν
1278 3878 1381 3948 ἤδη
1408 3876 1864 3949 κατωρθωμένοις
1901 3893 2073 3946 προσ-

403 3968 576 4039 θήκην
628 3967 933 4031 ἐπινοείτω,
982 3967 1078 4020 καὶ
1126 3966 1396 4037 μηδέποτε
1447 3965 1702 4019 παυέσθω
1753 3964 1855 4034 τῆς
1899 3965 2072 4032 καλῆς

400 4054 607 4125 ταύτης
632 4054 916 4126 ἐργασίας.
945 4055 1008 4107 Ei
1039 4054 1095 4107 δέ
1118 4071 1199 4118 τις
1227 4053 1333 4107 ὑπὸ
1354 4054 1451 4123 τῆς
1481 4051 1770 4123 συνηθείας
1797 4052 1896 4121 τῆς
1943 4053 2072 4124 περὶ

402 4142 563 4196 αὑτὸν
592 4143 1001 4214 κεκρατημένος
1021 4143 1124 4213 όρᾷ
1153 4142 1345 4194 ἐαυτὸν
1371 4143 1483 4205 τοῖς
1508 4141 1693 4205 αὐτοῖς
1721 4139 2067 4211 ἐπιμένοντα,

404 4229 680 4299 βιασάσθω
742 4229 939 4283 ἐαυτοῦ
986 4230 1075 4282 τὸν
1120 4229 1401 4300 λογισμὸν,
1443 4228 1601 4300 δίκην
1624 4228 1939 4299 ἀπαιτήσας
1971 4228 2071 4298 τῆς

400 4316 671 4387 τοσαύτης
726 4317 1034 4388 ῥᾳθυμίας,
1091 4317 1187 4370 καὶ
1235 4318 1309 4386 μὴ
1366 4317 1654 4386 ἀνάσχοιτο
1698 4316 1727 4356 ι’
1766 4315 2072 4386 περαιτέρω

403 4405 710 4477 προελθεῖν,
765 4405 901 4458 ἀλλὰ
954 4406 1115 4477 μέχρι
1146 4405 1337 4459 τούτου
1366 4405 1571 4475 στήσας
1597 4405 1667 4459 τὰ
1695 4407 1795 4476 τῆς
1824 4404 2070 4475 πονηρᾶς

405 4492 694 4563 συνηθείας
721 4531 737 4556 ,
788 4493 1103 4546 ἐκκοπτέτω
1133 4492 1230 4562 τὴν
1267 4491 1464 4563 ὁρμὴν,
1522 4490 1923 4561 ἀναχαιτιζέτω
1978 4491 2070 4544 τὸν

330 4638 342 4654 ι
403 4579 680 4648 λογισμὸν,
706 4580 785 4641 εἰς
803 4577 1009 4631 ἔννοιαν
1035 4579 1227 4632 ἐαυτὸν
1250 4579 1429 4646 ἀγέτω
1452 4577 1552 4647 τῆς
1584 4577 1823 4649 φοϐερᾶς
1855 4578 2072 4649 ἐκείνης

403 4663 635 4735 ἡμέρας,
669 4661 1071 4731 ἀναλογιζὲσθω
1117 4664 1219 4733 τῆς
1268 4666 1502 4735 φρικτῆς
1555 4664 1761 4734 ταύτης
1792 4663 2071 4735 τραπέζης

401 4753 501 4822 τὴν
525 4752 841 4817 ἀπόλαυσιν,
875 4753 967 4806 καὶ
993 4751 1084 4805 τοῦ
1107 4752 1355 4806 ἐντεῦθεν
1390 4751 1738 4822 ἐκπηδῶντος
1775 4750 1946 4823 πυρὸς
1969 4750 2070 4821 τὴν

402 4839 758 4912 φαιδρότητα,
789 4840 885 4895 καὶ
907 4840 1001 4911 τὴν
1035 4841 1333 4910 καυστικὴν
1365 4838 1612 4910 δύναμιν,
1636 4839 1729 4892 καὶ
1759 4839 1878 4892 οἷαν
1902 4840 2071 4892 ἀπαι-

400 4929 484 4981 τεῖ
524 4926 619 4980 τοῦ
667 4926 981 4999 προσιόντος
1011 4921 1149 4980 εῖναι
1200 4928 1296 4997 τὴν
1324 4927 1584 4989 διάνοιαν,
1639 4926 1837 4989 παντὸς
1871 4925 2067 4996 ῥύπου,

401 5015 582 5085 πάσης
607 5015 817 5087 κηλῖδος
850 5012 1283 5086 καθαρεύουσαν,
1300 5015 1394 5067 καὶ
1417 5013 1524 5066 τῶν
1547 5013 1765 5066 ἀτόπων
1793 5013 2068 5084 λογισμῶν

399 5103 500 5175 τὴν
532 5103 816 5157 συνουσίαν
845 5101 1277 5172 ἐκτρεπομένην,
1310 5101 1376 5155 ἶν’
1402 5101 1575 5165 οὕτως
1624 5103 1851 5165 ἐαυτοὺς
1881 5102 2071 5171 εὐτρε-

400 5191 659 5254 πίσαντες
687 5193 808 5254 ταῖς
839 5188 1042 5255 μεταξὺ
1073 5188 1296 5252 ταύταις
1319 5188 1552 5260 ἡμέραις
1567 5189 1911 5261 δυνηθῶμεν,
1946 5191 2071 5242 καθ’

400 5278 522 5330 ὅσον
549 5274 659 5331 οἷόν
692 5296 751 5330 τε
784 5277 1191 5349 ἐκκαθάραντες
1234 5278 1479 5340 ἑαυτοὺς,
1531 5278 1624 5330 καὶ
1666 5277 1767 5346 τῆς
1818 5277 2067 5331 ἐντεῦθεν

402 5363 750 5427 ἀπολαύσεως
804 5366 1114 5434 μετασχεῖν,
1169 5364 1263 5417 καὶ
1307 5363 1416 5417 τῶν
1466 5364 1795 5436 ἀπορρήτων
1839 5365 2068 5417 ἐκείνων

402 5448 621 5516 ἀγαθῶν
645 5450 965 5520 ἀξιωθῆναι,
995 5443 1069 5503 ὧν
1100 5451 1465 5520 ἐπηγγείλατο
1489 5454 1603 5514 τοῖς
1650 5452 1941 5517 ἀγαπῶσιν
1969 5471 2068 5506 αυ-

403 5536 513 5597 τὸν,
551 5535 731 5606 χάριτι
762 5537 855 5590 καὶ
885 5537 1267 5608 φιλανθρωπία
1298 5537 1390 5591 τοῦ
1433 5537 1638 5608 Κύριου
1690 5538 1848 5607 ήμῶν
1891 5539 2059 5609 Ἰησοῖ

405 5622 677 5694 Χριστοῦ,
713 5623 830 5692 μεθ’
877 5618 945 5679 οὗ
984 5625 1060 5695 τῷ
1106 5625 1279 5696 Πατρ“ι
1322 5626 1440 5695 ἅμα
1485 5625 1560 5696 τῷ
1603 5626 1743 5698 ἁγίῳ
1789 5624 2067 5696 Πνεύματι

462 5744 478 5767 ⁸
515 5744 646 5795 Savil
707 5746 831 5807 conj.
869 5747 1110 5809 ῥαθυμίαν.
1134 5748 1268 5798 Idem
1294 5747 1346 5797 in
1370 5754 1508 5799 textu
1530 5751 1809 5810 ἀπώσησθε,
1831 5750 1879 5799 in
1914 5763 2063 5812 marg.

399 5807 730 5855 ἂποσείσεσθε.

436 5836 730 5855 η’)υειυιυνῦ.

447 5876 489 5942 ,ο
515 5869 663 5942 διετῆ).
692 5867 921 5942 λογισμὸχ
958 5868 1090 5925 δίκην
1133 5869 1373 5942 ἀπαιτήσῃ
1416 5878 1510 5942 τῇςΔ
1538 5872 1771 5942 τρσαύτῃς
1825 5872 2066 5942 ῥαθυμίας,

401 5929 838 5995 μήτε-ἀνάσχηται.
882 5929 993 5995 Duo
1024 5942 1136 5995 mss.
1170 5929 1412 5995 λογισμόν.
1440 5935 1518 5990 Μὴ
1559 5934 1692 5989 δίκην
1716 5929 1957 5995 διπαίτῆσῄ
1985 5929 2068 5991 τῆς

395 5988 632 6048 τοσαύτης
654 5988 893 6057 ρᾷθυμίας,
914 5990 998 6038 καὶ
1020 5991 1082 6050 μὴ
1106 5988 1386 6052 ἀνάσχηται.

1206 417 1263 473 S.
1302 414 1587 474 JOANNIS
1624 411 2104 471 CHRYSOSTOMI
2145 411 2466 468 ARCIIIEP.
2507 411 3052 470 CONSTANTINOP.

3760 413 3867 468 ειε

2184 529 2332 594 δόξα,
2356 529 2751 602 κράτο;,τιμὴ,
2768 530 2865 583 νῦν
2890 530 2984 583 καὶ
3010 530 3121 595 ἀεὶ,
3156 530 3246 582 καὶ
3270 530 3349 593 εἰς
3376 530 3499 593 τοὺς
3528 530 3733 595 αἰῶνα-ς
3756 534 3874 586 τῶν

2184 618 2418 672 αιώνων.
2453 619 2646 689 Ἀμήν.

2745 688 2894 759 [τεο]
2932 688 3172 741 OMIAIA
3206 688 3332 741 κεν.

2183 773 2312 828 Νῶε
2342 774 2411 829 δὲ
2440 771 2519 846 ἦν
2543 775 2695 829 ἐτῶν
2723 775 3078 840 ἑξακοσίων,
3113 775 3211 846 καί
3233 778 3265 846 ό
3286 777 3718 846 κατακλυσμές
3748 778 3870 833 τοῦ

2558 846 2779 912 ὕδατος
2805 846 3044 915 ἐγένετο
3062 845 3162 898 ἐπὶ
3192 845 3304 913 τῆς
3343 845 3475 916 γῆς.

2252 936 2322 984 α’.
2352 933 2464 1003 Τῆς
2496 933 2811 996 ὑποθέσεως
2837 932 3095 1004 βούλομαι
3152 932 3313 987 πάλιν
3338 933 3601 1004 ἅψασθαι,
3636 939 3769 1008 περὶ
3797 933 3876 1010 ἧς

2183 1018 2377 1090 πρώην
2428 1019 2711 1091 διελέχθην
2744 1019 2899 1091 ὑμῶν
2931 1023 2996 1089 τῇ
3027 1020 3217 1090 ἀγάπῃ
3240 1058 3257 1080 ,
3305 1022 3400 1073 καὶ
3448 1020 3546 1092 τὴν
3581 1023 3725 1076 κατὰ
3770 1024 3876 1078 τὸν

2181 1106 2389 1160 δίκαιον
2429 1107 2553 1161 Νῶε
2591 1108 2753 1163 πάλιν
2796 1108 3037 1176 ίστορίαν
3073 1109 3153 1171 είς
3195 1108 3358 1178 μέσον
3396 1110 3647 1178 ἀγαγεῖν.
3683 1111 3873 1175 Πολὺς

2182 1194 2289 1263 γὰρ
2319 1197 2346 1248 ὁ
2379 1194 2478 1265 τῆς
2519 1195 2722 1267 ἀρετῆς
2758 1195 2851 1248 τοῦ
2898 1195 3107 1249 δικαίου
3145 1195 3374 1260 πλοῦτος
3397 1237 3410 1257 ,
3465 1198 3560 1251 καὶ
3590 1202 3874 1271 προσήκει

2183 1283 2331 1353 ἡμᾶς
2350 1283 2493 1337 κατά
2515 1284 2743 1354 δύναμιν
2765 1284 3036 1355 ἡμετέραν
3060 1283 3237 1337 πάντα
3262 1285 3402 1336 κατά
3434 1286 3630 1356 μικρὸν
3650 1287 3875 1359 διερευ-

2185 1370 2524 1441 νησαμένους
2555 1371 2758 1443 πολλὴν
2783 1372 2911 1442 ὑμῖν
2940 1372 3041 1441 τὴν
3069 1371 3329 1442 εὐπορίαν
3375 1372 3625 1427 ἐντεῦθεν
3674 1391 3873 1446 παρα-

2185 1458 2350 1525 σχεῖν.
2399 1456 2560 1511 Ἀλλά
2589 1459 2904 1511 συντείνατε
2930 1474 3041 1529 μοι,
3095 1458 3419 1528 παρακαλῶ,
3463 1460 3563 1531 τὴν
3589 1460 3866 1526 διάνοιαν,

2184 1542 2271 1595 ἵνα
2329 1543 2496 1615 μηδὲν
2526 1546 2672 1615 ὑμᾶς
2705 1544 2943 1616 διαφύγῃ
2970 1556 2991 1582 ο
3032 1544 3140 1598 τῶν
3175 1546 3512 1617 ἐγκειμένων
3544 1549 3864 1619 νοημάτων.

2197 1630 2519 1700 Ἀναγκαῖον
2548 1633 2606 1686 δὲ
2638 1634 2903 1703 πρότερον
2933 1634 3242 1704 ὑπομνῆσαι
3276 1634 3430 1705 ὑμῶν
3470 1635 3567 1706 τὴν
3596 1638 3830 1709 ἀγάπην
3851 1678 3867 1702 ,

2188 1718 2351 1789 μέχρι
2385 1720 2528 1783 τίνος
2562 1722 2693 1791 ήμῖν
2728 1719 2923 1792 πρώην
2961 1718 3118 1789 ἔληξε
3148 1720 3217 1773 τά
3246 1722 3347 1791 τῆς
3378 1721 3746 1789 διδασκαλίας,
3767 1725 3871 1777 ἵνα

2185 1806 2395 1859 ἐκεῖθεν
2430 1806 2590 1860 πάλιν
2625 1807 2987 1872 ἀναλαϐόντες
3017 1809 3258 1879 σήμερον
3289 1808 3381 1861 τὸν
3433 1808 3595 1876 λόγον
3616 1850 3631 1873 ,
3682 1809 3870 1875 οὕτως

2185 1894 2475 1965 ύφάνωμεν
2505 1895 2618 1958 τοῖς
2647 1895 2961 1967 εἰρημένοις
2985 1896 3078 1948 καὶ
3101 1896 3170 1949 τὰ
3199 1895 3293 1949 νῦν
3321 1897 3583 1967 μέλλοντα
3616 1898 3867 1969 ῥηθήσεο

2186 1982 2329 2035 σθαι.
2393 1981 2548 2035 Οὕτω
2597 1982 2707 2053 γὰρ
2760 1983 2890 2052 ὑμῖν
2939 1982 3246 2036 εὐσύνοπτα
3300 1982 3454 2036 ἔσται
3503 1985 3598 2037 καὶ
3641 1986 3711 2039 τὰ
3756 1983 3868 2038 νῦν

2183 2068 2472 2141 λεγόμενα.
2511 2069 2623 2123 Ποῦ
2650 2066 2744 2123 οὖν
2770 2070 2831 2123 τὸ
2855 2070 3007 2134 τέλος
3028 2070 3185 2141 έσχεν
3214 2072 3346 2141 ἡμῖν
3367 2070 3435 2125 τὰ
3467 2075 3568 2143 τῆς
3594 2072 3867 2126 διδασκα-

2184 2151 2302 2216 λίας
2327 2171 2342 2220 ;
2369 2149 2536 2217 Εἷπε,
2578 2154 2733 2224 φησὶ,
2765 2155 2986 2222 Κύριος
3016 2156 3049 2208 ό
3081 2154 3223 2220 Θεὸς
3258 2152 3337 2219 τῷ
3378 2152 3505 2208 Νῶε
3535 2171 3549 2184 ·
3599 2156 3869 2210 Εἴσελθε

2184 2239 2266 2292 σὺ
2294 2240 2391 2294 καί
2407 2238 2527 2307 πᾶς
2552 2244 2585 2294 ό
2608 2237 2771 2305 οἶκός
2789 2257 2906 2295 σου
2922 2244 3010 2307 εἰς
3042 2241 3159 2310 τὴν
3178 2240 3450 2305 κιϐωτὸν,
3483 2242 3571 2295 ὅτι
3598 2258 3669 2295 σε
3689 2238 3867 2296 εἶδον

2182 2328 2417 2383 δίκαιον
2441 2329 2720 2381 ἐναντίον
2755 2327 2900 2397 ἐμοῦ
2940 2328 3104 2397 ἐντῇ
3139 2327 3315 2399 γενεᾷ
3362 2329 3549 2396 ταύτῃ
3571 2346 3585 2359 ·
3631 2329 3752 2383 ἀπὸ
3784 2329 3867 2383 δὲ

2180 2415 2298 2468 τῶν
2351 2412 2588 2483 κτηνῶν
2634 2412 2753 2468 τῶν
2776 2413 3053 2484 καθαρῶν
3091 2415 3374 2483 εἰσάγαγε
3415 2414 3565 2484 πρὸς
3591 2414 3664 2470 σὲ
3699 2414 3864 2470 ἑπτὰ

2181 2502 2348 2567 ἑπτὰ,
2370 2502 2467 2557 καὶ
2489 2501 2609 2557 ἀπὸ
2644 2502 2762 2557 τῶν
2785 2503 3022 2570 κτηνῶν
3047 2501 3166 2557 τῶν
3183 2503 3269 2572 μὴ
3296 2503 3570 2571 καθαρῶν
3587 2503 3696 2557 δύο
3715 2504 3859 2557 δύο.

2185 2591 2314 2645 Ἔτι
2348 2591 2458 2660 γὰρ
2500 2589 2649 2643 ἑπτὰ
2677 2589 2928 2659 ἡμερῶν,
2964 2590 3164 2661 ἐπάγω
3214 2590 3393 2644 ὑετὸν
3432 2590 3533 2643 ἐπὶ
3587 2589 3702 2657 τὴν
3733 2590 3861 2660 γῆν

2180 2678 2632 2746 τεσσαράκοντα
2679 2679 2903 2748 ἡμέρας
2951 2679 3049 2732 καί
3110 2678 3567 2747 τεσσαράκοντα
3604 2680 3856 2744 νύκτας,

2182 2767 2278 2820 καί
2301 2765 2603 2834 ἐξαλείψω
2624 2764 2825 2820 πᾶσαν
2865 2765 2981 2834 τὴν
2998 2767 3429 2831 ἐξανάστασιν,
3466 2764 3545 2834 ἢν
3570 2766 3857 2833 ἐποίησα,

2178 2853 2299 2907 ἀπὸ
2337 2850 2662 2921 προσώπου
2696 2850 2809 2920 τῆς
2848 2850 2976 2923 γῆς,
3031 2852 3149 2907 ἀπὸ
3198 2851 3513 2921 ἀνθρώπου
3551 2853 3659 2919 ἕως
3708 2855 3856 2920 xui-

2178 2961 2347 3010 νους.
2369 2942 2477 2998 Καὶ
2509 2942 2761 3009 ἐποίησε
2788 2940 2917 2995 Νῶε
2946 2942 3143 2995 πάντα
3175 2941 3292 2994 ὅσα
3321 2943 3657 2996 ἐνετείλατο
3685 2941 3856 3007 αὐτῷ

2179 3032 2400 3098 Κύριος
2437 3032 2470 3083 ό
2500 3028 2663 3094 Θεός.
2693 3028 2871 3100 Μέχρι
2908 3027 3097 3081 τούτου
3130 3030 3426 3099 στήσαντες
3459 3029 3548 3081 τὸν
3587 3029 3741 3097 λόγον
3762 3030 3855 3082 ἐν·

2178 3118 2355 3173 ταῦθα
2390 3116 2819 3190 κατεπαύσαμεν
2863 3117 2962 3188 τὴν
3008 3116 3375 3171 διδασκαλίαν.
3407 3118 3699 3189 Μέμνησθε
3733 3117 3852 3188 γὰρ

2181 3205 2311 3268 ἴσως
2360 3204 2453 3257 καὶ
2488 3204 2661 3267 αὐτοὶ,
2697 3204 2784 3256 ὅτε
2832 3203 2931 3274 τὴν
2977 3204 3155 3257 αἰτίαν
3214 3203 3517 3274 εἰρήκαμεν
3571 3202 3724 3272 ὑμῶν
3775 3208 3847 3275 τῇ

2177 3292 2386 3364 ἀγάπῃ,
2426 3292 2570 3355 τίνος
2601 3291 2787 3344 ἕνεκεν
2813 3290 2920 3344 ἀπὸ
2958 3290 3057 3359 μὲν
3086 3292 3194 3342 τῶν
3222 3291 3478 3361 καθαρῶν
3505 3291 3642 3343 ἐπτά
3672 3308 3847 3361 προσ-

2178 3382 2364 3447 έταξεν
2393 3377 2731 3450 εἰσαχθῆναι,
2760 3376 2868 3430 ἀπὸ
2898 3377 2954 3430 δὲ
2980 3377 3086 3431 τῶν
3110 3377 3438 3449 ἀκαθάρτων
3463 3375 3556 3430 δύο
3581 3376 3691 3430 δύο.
3707 3377 3848 3453 Φέρε

2175 3464 2269 3523 οὖν
2300 3467 2484 3522 λοιπὸν
2511 3468 2751 3537 σήμερον
2772 3467 2885 3528 τοῖς
2913 3465 3042 3535 ἑξῆς
3083 3465 3510 3533 ἀναγνωσθεῖσιν
3541 3460 3840 3529 ἐπεξέλθωο

2180 3573 2299 3627 μεν,
2327 3556 2421 3609 καὶ
2471 3554 2669 3624 ἴδωμεν
2696 3554 2748 3605 τί
2780 3554 3048 3624 διηγεῖται
3081 3554 3212 3624 ἡμῖν
3239 3556 3271 3623 ή
3304 3551 3425 3605 θεία
3470 3551 3660 3623 Γραφὴ
3703 3553 3848 3621 μετά

2175 3645 2275 3719 τῂν
2310 3642 2513 3695 εἴσοδον
2539 3639 2634 3694 τού
2672 3640 2795 3693 Νῶε
2834 3641 2914 3703 εἰς
2945 3639 3041 3711 τὴν
3072 3640 3325 3694 κιϐωτόν.
3363 3639 3477 3693 Νῦν
3512 3639 3641 3712 γὰρ.
3675 3639 3722 3690 εί
3750 3641 3851 3691 καί

2181 3747 2314 3785 ποτε
2338 3729 2550 3793 ἄλλοτε,
2581 3728 2813 3799 μάλιστα
2840 3727 3040 3798 ⁴ιιπολλὴν
3092 3725 3499 3780 ἐπιδείκνυσθαι
3520 3727 3665 3796 ἡμᾶς
3681 3741 3851 3796 προσ-

2177 3821 2301 3889 ήκει
2336 3818 2433 3888 τὴν
2468 3818 2725 3885 σπουδὴν,
2759 3816 2847 3868 ὅτε
2878 3815 2964 3869 διὰ
2985 3815 3077 3869 τὸν
3120 3815 3220 3885 τῆς
3250 3814 3503 3885 νηστείας
3531 3814 3719 3884 καιρὸν
3752 3816 3850 3867 καὶ

2177 3905 2277 3975 τῆς
2311 3904 2533 3975 ἡδίστης
2558 3904 2711 3974 ὑμῶν
2743 3901 3034 3973 συντυχίας
3064 3901 3301 3972 συνεχῶς
3332 3900 3698 3971 ἀπολαύομεν,
3749 3903 3848 3955 καὶ

2174 3993 2274 4063 τῆς
2324 3993 2451 4063 περὶ
2505 3993 2602 4061 τὴν
2648 3991 2861 4063 τρυφὴν
2909 3989 3218 4062 ἀδηφαγίας
3279 3989 3698 4060 ἀπηλλάγμεθα,
3748 3992 3849 4043 καὶ

2175 4078 2614 4151 διεγηγερμένων
2646 4078 2862 4149 ἔχοντες
2917 4079 3007 4132 τὸν
3058 4077 3317 4148 λογισμὸν
3371 4076 3649 4147 δυνάμεθα
3704 4078 3848 4146 μετὰ

2176 4168 2463 4239 ἀκριϐείας
2489 4168 2779 4238 προσέχειν
2805 4171 2921 4231 τοῖς
2960 4166 3297 4237 λεγομένοις.
3325 4164 3497 4218 Πόθεν
3527 4161 3619 4219 οὖν
3647 4166 3776 4234 ἡμῖν
3809 4166 3848 4235 ἡ

2176 4257 2320 4329 ἀρχὴ
2365 4256 2557 4325 γέγονε
2591 4255 2699 4309 τῶν
2749 4256 2990 4327 σήμερον
3027 4253 3510 4322 ἀναγνωσθέντων,
3545 4254 3848 4321 ἀναγκαῖον

2177 4348 2373 4399 εἰπεῖν.
2397 4343 2524 4398 Νῶε
2552 4343 2620 4396 δὲ
2644 4340 2723 4413 ἦν
2751 4343 2903 4398 ἐτῶν
2931 4342 3286 4407 ἑξακοσίων,
3305 4341 3457 4411 φησὶ,
3482 4340 3581 4395 καί
3604 4344 3637 4393 ό
3668 4357 3849 4393 κατα-

2175 4430 2453 4499 κλυσμὸς
2472 4428 2582 4483 τοῦ
2609 4428 2830 4495 ὕδατος
2855 4428 3092 4497 ἐγένετο
3116 4428 3215 4480 ἐπὶ
3242 4426 3353 4495 τῆς
3367 4426 3497 4496 τῆς.
3518 4426 3846 4497 Προσέχετε,

2176 4518 2498 4591 παρακαλῶ,
2530 4517 2623 4572 καὶ
2648 4519 2722 4589 μὴ
2754 4517 2940 4581 ἀπλῶς
2956 4517 3402 4589 παραδράμωμεν
3428 4516 3488 4569 τὸ
3516 4516 3806 4587 είρημένον
3826 4532 3841 4544 ·

2173 4602 2288 4673 ἔχει
2317 4603 2426 4671 γάρ
2447 4617 2569 4653 τινα
2593 4600 2823 4654 πλοῦτον
2852 4600 3301 4671 ἐγκεκρυμμένον
3322 4603 3481 4653 ταυτὶ
3501 4599 3570 4652 τὰ
3595 4599 3804 4669 βραχέα
3819 4599 3843 4638 d

2177 4692 2418 4760 ῥήματα,
2452 4688 2550 4741 καὶ
2576 4688 2673 4741 ἐὰν
2713 4692 3076 4758 συντείνωμεν
3132 4687 3288 4757 ἡμῶν
3313 4689 3413 4758 τὴν
3456 4687 3716 4751 διάνοιαν,
3749 4693 3846 4742 καὶ

2175 4775 2233 4842 ἐξ
2252 4774 2418 4830 αὐτοῦ
2451 4774 2641 4828 τούτου
2669 4773 3014 4845 δυνησόμεθα
3053 4774 3394 4845 καταμαθεῖν
3421 4775 3519 4845 τῆς
3550 4792 3609 4827 τε
3657 4776 3837 4843 φιλαν-

2175 4862 2422 4935 θρωπίας
2454 4861 2546 4916 τοῦ
2569 4861 2839 4916 Δεσπότου
2872 4863 2971 4932 τὴν
3003 4862 3330 4932 ὑπερϐολὴν,
3350 4862 3445 4915 καὶ
3471 4861 3572 4931 τῆς
3592 4862 3700 4914 τῶν
3722 4864 3843 4914 τότε

2172 4951 2476 5023 ἀνθρώπων
2521 4950 2722 5013 κακίας
2768 4949 2868 5020 τὴν
2923 4947 3123 5018 πολλὴν
3162 4949 3432 5001 ἐπίτασιν.
3488 4947 3613 5001 Νῶε
3655 4947 3721 5000 δὲ
3766 4944 3845 5019 ἦν

2173 5036 2342 5102 ἑτῶν,
2368 5038 2554 5109 φησὶν,
2573 5035 2926 5101 ἑξακοσίων.
2967 5036 3080 5106 Οὐχ
3107 5035 3293 5099 ἁπλῶς
3327 5036 3474 5107 ἡμᾶς
3493 5035 3583 5087 τὸν
3611 5035 3844 5105 ἀριθμὸν

2172 5124 2280 5178 τῶν
2316 5126 2451 5178 ἐτῶν
2487 5122 2691 5188 ἐδίδαξε
2732 5122 2826 5177 τοῦ
2848 5124 3081 5187 δικαίου,
3123 5123 3245 5176 ούδέ
3272 5125 3358 5177 ἵνα
3391 5122 3521 5175 αὐτὸ
3542 5122 3701 5175 τοῦτο
3734 5123 3842 5193 μά-

2173 5212 2379 5283 θωμεν,
2436 5213 2617 5265 πόσων
2669 5206 2734 5280 ἦν
2766 5210 2899 5263 ἐτῶν
2951 5213 2979 5263 ό
3026 5210 3268 5274 δίκαιος,
3324 5209 3436 5262 ἀλλ’
3467 5207 3619 5280 [251]
3654 5208 3842 5278 ἐπειδὴ

2174 5297 2521 5371 προλαϐοῦσα
2553 5296 2787 5361 ἐδίδαξεν
2820 5301 2966 5367 ἡμᾶς
2997 5298 3029 5368 ἡ
3063 5297 3183 5350 θεία
3217 5296 3411 5368 Γραφὴ
3455 5296 3556 5367 ήδη
3588 5295 3838 5357 εἰποῦσα,

2169 5394 2253 5447 ὅτι
2281 5389 2405 5448 Νῶε
2425 5390 2493 5443 δὲ
2518 5389 2598 5456 ἦν
2620 5386 2771 5440 ἐτῶν
2789 5387 3225 5452 πεντακοσίων,
3269 5388 3363 5441 καὶ
3396 5386 3533 5457 μετά
3555 5385 3617 5438 τὺ
3645 5383 3839 5452 γνώρι-

2175 5497 2273 5550 μον
2298 5478 2432 5549 ήμῖν
2448 5477 2671 5546 ποιῆσαι
2692 5474 2801 5528 τῶν
2827 5475 2963 5527 ἐτῶν
2990 5476 3081 5528 τὸν
3109 5474 3366 5546 ἀριθμὸν,
3395 5475 3517 5528 τότε
3543 5473 3841 5543 διηγήσατο

2170 5569 2277 5622 τῶν
2308 5564 2606 5637 ἀνθρώπων
2637 5564 2735 5634 τὴν
2763 5564 2964 5635 πολλὴν
3002 5565 3128 5635 περὶ
3154 5566 3254 5635 τὴν
3293 5563 3494 5618 κακίαν
3526 5561 3723 5632 ῥοπὴν,
3745 5562 3842 5614 καὶ

2168 5654 2257 5708 ὅτι
2288 5652 2533 5719 ἔγκειται
2562 5652 2595 5719 ή
2633 5650 2839 5704 διάνοια
2871 5650 2966 5704 τοῦ
3001 5649 3289 5721 ἀνθρώπου
3319 5648 3593 5720 ἐπιμελῶς
3627 5648 3720 5699 ἐπὶ
3770 5650 3838 5702 τὲ

2172 5739 2383 5810 πονηρὰ
2412 5739 2477 5790 ἐκ
2504 5738 2756 5809 νεότητος
2780 5755 2793 5769 ·
2826 5739 2906 5792 διό
2946 5755 3112 5810 φησιν
3157 5741 3184 5791 ὀ
3229 5739 3391 5803 Θεὸς,
3428 5739 3510 5791 Οὐ
3539 5736 3624 5807 μὴ
3654 5751 3807 5789 κατα

2165 5829 2345 5897 μείνῃ
2377 5824 2443 5878 τὸ
2481 5824 2723 5895 Πνεῦμα
2749 5845 2870 5895 μου
2918 5827 2989 5880 ὲν
3036 5827 3162 5893 τοῖς
3212 5826 3545 5895 ἀνθρώποις
3581 5824 3837 5889 τούτοις,

2235 5932 2257 5993 (ξ
2293 5927 2375 5977 Sic
2408 5929 2560 5993 Sam.
2585 5934 2637 5978 cl.
2657 5936 2850 5992 septem
2876 5943 2988 5993 mss.
3014 5928 3078 5993 ᾼι
3105 5929 3276 5979 Morel.
3302 5927 3497 5993 ἐκφύγῃ.

2233 5991 2260 6031 d
2287 5993 2366 6041 Sic
2399 5990 2547 6041 Savil.
2585 5997 2636 6041 cl
2658 5990 2742 6041 soi:
2779 6005 2894 6041 mss.
2935 5991 2985 6039 In
3018 5991 3189 6041 Morel.
3216 5990 3393 6055 βραχέα
3414 5994 3575 6038 deest.
