4078 6452
305 488 413 544 217
1502 478 1569 535 ΙΝ
1607 477 1760 535 CAP.
1805 476 1893 531 VII

300 614 497 661 nerant
525 624 537 660 :
569 619 754 661 verum
778 602 951 659 adhuc
972 602 1116 657 humi
1140 607 1411 671 reptantes
1434 598 1766 668 praeferimus
1782 605 1892 650 ter-

297 712 429 753 rena
453 697 782 763 cmlestibus,
806 694 1087 766 praesentia
1121 692 1351 748 futuris:
1386 700 1441 747 et
1477 705 1539 744 ea
1592 703 1713 760 quze
1748 688 1893 758 prius

294 789 541 857 avolant,
576 804 737 859 quam
767 797 1096 858 spectemur,
1130 786 1195 841 iis
1245 800 1365 856 quae
1404 782 1655 838 omnibus
1698 781 1894 835 durant

292 881 512 935 sarculis
538 897 551 933 :
582 889 639 937 et
667 889 1065 951 temporaneam
1098 879 1419 948 voluptatem
1469 882 1740 946 perpetua:
1793 886 1890 927 vo-

291 972 486 1041 luptati
535 990 548 1022 :
612 973 834 1027 brevem
891 973 1028 1026 hanc
1078 970 1358 1041 prmsentis
1407 969 1532 1023 vita:
1577 964 1888 1022 felicitatem

290 1064 667 1132 aeternisillis,
700 1074 755 1121 et
782 1064 887 1120 fine
924 1063 1227 1120 carentibus
1282 1061 1515 1118 saeculis.
1560 1059 1685 1115 Scio
1730 1071 1890 1113 aures

289 1166 504 1211 vestras
536 1157 620 1212 his
671 1158 850 1213 verbis
900 1156 1162 1222 vellicari,
1218 1156 1313 1211 sed
1357 1154 1634 1225 ignoscite.
1681 1150 1888 1206 Avidus

293 1259 489 1304 vestra:
509 1250 698 1305 salutis
721 1250 837 1305 lncc
862 1249 1075 1320 loquor,
1118 1249 1322 1304 malens
1347 1264 1444 1303 vos
1466 1247 1553 1301 hic
1576 1243 1889 1315 aliquantis-

290 1360 392 1414 per
420 1344 715 1399 lancinatos
745 1353 1002 1399 attentam
1029 1358 1239 1414 poenam
1271 1341 1527 1412 effugere,
1554 1353 1711 1410 quam
1759 1350 1882 1391 cum

289 1449 457 1505 parva
485 1435 867 1491 refocillatione
896 1446 1206 1504 perpetuam
1230 1433 1369 1488 ferre
1394 1446 1628 1502 poenam.
1654 1428 1786 1484 Nam
1837 1426 1883 1481 si

284 1541 475 1582 sermo
506 1542 656 1582 meus
679 1528 729 1581 iu
755 1526 907 1583 vobis
934 1527 1139 1597 proficit
1164 1569 1179 1594 ,
1226 1531 1654 1596 praeeouceptum
1684 1533 1883 1575 maero-

283 1633 404 1674 rem
424 1620 710 1689 repelletis,
725 1629 781 1675 et
799 1634 934 1674 nunc
948 1619 1176 1673 maxime
1192 1620 1318 1674 dum
1333 1616 1507 1672 adhuc
1523 1624 1723 1670 sanctrc
1739 1614 1881 1681 Qua-

282 1710 605 1781 dragesimm
639 1723 850 1782 tempus
875 1711 1027 1766 vobis
1051 1712 1315 1781 reliquum
1364 1719 1448 1765 est
1483 1709 1734 1781 pusillum
1762 1706 1839 1777 (a)
1860 1747 1875 1773 ,

281 1804 531 1872 poteritis
561 1814 773 1873 peccata
797 1804 1134 1875 abstergere,
1175 1818 1525 1874 magnamque
1549 1817 1577 1855 a
1605 1802 1717 1856 Deo
1769 1800 1877 1855 cle-

278 1896 535 1949 tuentium
576 1895 728 1950 vobis
771 1896 1074 1951 conciliare.
1114 1896 1227 1950 Non
1265 1896 1406 1950 enim
1455 1894 1638 1949 multis
1685 1893 1877 1949 diebus

276 2000 418 2055 opus
444 1985 600 2041 habet
628 1985 906 2053 Dominus,
936 2002 1107 2056 neque
1141 1995 1383 2056 tempore
1409 2003 1421 2038 :
1450 1985 1544 2039 sed
1568 1985 1612 2039 si
1634 1983 1875 2038 volucri-

275 2093 423 2144 mus,
445 2087 497 2132 et
518 2077 569 2131 iu
592 2076 795 2133 duabus
824 2078 970 2134 hisce
988 2077 1337 2133 hebdomadis
1363 2077 1632 2147 corrigere
1657 2088 1872 2146 peccata

273 2181 461 2225 nostra
483 2170 794 2238 poterimus.
823 2170 953 2226 Nam
976 2171 1018 2227 si
1044 2171 1305 2226 Ninivitas
1327 2170 1486 2225 trium
1525 2169 1731 2225 dierum
1760 2183 1873 2238 poe-

273 2261 560 2316 nitentiam
588 2273 809 2333 agentes
835 2270 977 2317 tanta
1025 2261 1275 2332 dignatus
1319 2270 1403 2317 est
1452 2260 1817 2317 misericordia
1850 2299 1867 2326 ,

272 2353 446 2408 multo
468 2354 637 2424 magis
665 2369 762 2409 nos
786 2370 891 2409 non
922 2354 1214 2426 deSpiciet:
1241 2364 1442 2410 tantum
1474 2355 1517 2409 si
1546 2369 1671 2410 vere
1693 2353 1866 2424 poeni-

272 2455 509 2514 teatnus,
537 2446 930 2503 etdesistentes
956 2463 984 2502 a
1018 2456 1255 2516 peccato,
1287 2448 1427 2502 viam
1465 2461 1587 2517 quae
1611 2446 1677 2500 ad
1697 2447 1866 2500 virtu-

272 2549 387 2596 tem
408 2540 553 2595 ducit
579 2541 962 2612 iugrediamur.
994 2542 1285 2596 Enimvero
1313 2541 1380 2597 de
1422 2542 1544 2606 illis,
1598 2540 1865 2596 Ninivitas

268 2630 416 2696 dico,
441 2630 714 2702 Scriptura
743 2642 985 2699 testatur,
1005 2633 1188 2688 dicens
1221 2652 1234 2689 :
1268 2634 1402 2703 Quia
1416 2634 1540 2687 vidit
1564 2632 1705 2688 Deus
1733 2633 1867 2704 quod

269 2723 502 2779 discessit
527 2727 867 2796 unusquisque
892 2743 923 2780 a
951 2728 1033 2780 oio
1057 2744 1151 2781 sua
1172 2727 1309 2781 mala
1342 2726 1487 2801 (Jon.
1520 2727 1572 2781 5.
1604 2725 1727 2800 10).
1761 2726 1861 2798 lgi-

271 2827 362 2867 tur
386 2813 431 2869 si
457 2814 669 2881 viderit,
701 2816 842 2885 quod
871 2825 925 2871 et
952 2832 1052 2873 nos
1074 2833 1217 2873 nunc
1260 2818 1439 2872 virtuti
1486 2817 1860 2887 juuxcrimus,

266 2915 376 2959 eta
407 2906 549 2960 malo
574 2907 976 2975 destiterimus,
1027 2908 1444 2980 festiuemusque
1488 2909 1555 2964 ad
1600 2909 1860 2965 bonorum

266 2997 664 3066 operationem,
694 3000 1015 3070 approbabit
1056 3009 1301 3056 nostram
1324 3002 1753 3064 conversionem,
1807 3009 1861 3057 et

265 3090 479 3143 sarcina
499 3098 837 3160 peccatorum
865 3092 1103 3148 liberatis
1125 3107 1220 3148 sua
1247 3094 1500 3164 largietur
1544 3093 1704 3149 dona.
1752 3093 1861 3150 Ne-

263 3197 373 3251 que
395 3196 492 3235 nos
513 3182 590 3236 sic
610 3191 950 3253 peccatorum
978 3184 1338 3253 expiationem
1361 3193 1415 3241 et
1435 3184 1661 3241 salutem
1703 3186 1856 3255 cupi-

263 3290 412 3341 mus,
442 3276 580 3329 sicut
600 3274 715 3346 ipse
743 3276 891 3346 cupit
913 3284 967 3331 et
987 3277 1178 3332 adesse
1193 3277 1430 3345 festinat,
1460 3289 1515 3334 ut
1538 3288 1592 3334 et
1636 3279 1705 3334 ab
1753 3279 1859 3334 illis

262 3366 469 3422 liberos
498 3382 594 3422 nos
622 3366 803 3434 faciat,
835 3378 892 3423 et
938 3369 1109 3425 salute
1151 3371 1307 3440 potiri
1336 3370 1615 3427 concedat.
1651 3372 1857 3441 Eapro—

263 3466 406 3528 pter,
436 3458 684 3526 obsecro,
711 3461 1004 3517 excitemus
1033 3473 1244 3516 nostras
1268 3471 1498 3531 mentes,
1522 3474 1576 3518 et
1601 3464 1683 3519 sui
1706 3466 1855 3531 quis-

261 3565 371 3621 que
391 3560 658 3606 scrutator
684 3552 774 3617 sit,
802 3551 1001 3623 anquid
1029 3554 1259 3623 amplius
1280 3570 1310 3608 a
1337 3569 1396 3610 se
1424 3557 1697 3624 praeterito
1729 3566 1856 3612 tem-

259 3658 396 3713 pore
422 3658 542 3699 cum
567 3644 723 3699 laude
745 3655 956 3716 gestum
982 3645 1072 3713 sit,
1099 3646 1182 3701 vel
1210 3662 1368 3716 quam
1422 3648 1702 3703 utilitatem
1754 3648 1853 3704 ha-

262 3737 443 3792 buerit
467 3752 536 3791 ex
572 3737 824 3792 continua
857 3738 958 3793 hac
978 3739 1221 3794 doctrina
1248 3760 1261 3795 :
1289 3741 1333 3795 si
1370 3741 1518 3811 quid,
1551 3741 1692 3812 quod
1728 3757 1855 3812 pro-

260 3828 411 3883 ximo
432 3829 650 3892 serviat,
673 3827 942 3885 fructuum
964 3831 1259 3903 collegerit,
1285 3832 1329 3886 si
1350 3833 1592 3903 quaedam
1612 3835 1737 3889 vitia
1760 3849 1855 3889 sua

259 3921 595 3984 correxerit;
641 3921 687 3975 si
727 3922 872 3991 quod
899 3922 967 3977 ad
990 3937 1172 3978 veram
1201 3925 1595 3996 philosophiam
1648 3927 1856 3983 adeun-

258 4011 388 4067 dam
420 4012 825 4068 incitamentum
853 4029 920 4070 ex
943 4015 1027 4070 his
1050 4018 1250 4072 nostris
1276 4020 1603 4089 quotidianis
1625 4035 1852 4090 accepe-

256 4106 332 4159 rit
351 4104 825 4160 admonitionibus.
853 4107 1014 4164 Bonis
1041 4110 1254 4180 quidem
1284 4113 1537 4181 operibus
1583 4115 1853 4168 accessio-

256 4214 386 4255 nem
410 4198 522 4255 lteri
540 4199 861 4267 curandum,
892 4209 947 4256 ot
995 4218 1286 4273 numquam
1328 4204 1713 4273 quiescendum
1768 4217 1853 4261 est

256 4292 330 4346 ab
354 4292 459 4347 hoc
489 4292 632 4349 bono
657 4294 847 4363 agendi
870 4294 1151 4350 instituto:
1184 4305 1240 4350 at
1268 4298 1312 4351 si
1343 4298 1462 4367 quis
1489 4298 1682 4353 viderit
1723 4312 1852 4353 cou-

256 4387 599 4443 suetudinem
622 4401 771 4443 suam
798 4387 974 4444 adhuc
999 4389 1310 4458 praevalere,
1345 4399 1400 4445 et
1452 4407 1514 4447 se
1563 4392 1615 4446 in
1661 4391 1849 4447 iisdem

258 4494 634 4549 perseverare,
655 4488 817 4550 cogat
843 4489 1081 4537 mentem
1105 4497 1256 4536 suam
1280 4497 1390 4536 sum
1411 4483 1635 4539 desidia:
1687 4487 1853 4540 ratio-

258 4586 386 4626 nem
413 4570 639 4626 reddere
667 4588 679 4624 :
712 4586 811 4627 nec
826 4573 970 4627 sinat
997 4574 1244 4643 progredi
1277 4575 1523 4643 ulterius,
1548 4577 1645 4634 sed
1673 4592 1848 4648 pravae

254 4661 664 4717 consuetudinis
695 4662 852 4717 finem
878 4663 1068 4730 faciat;
1098 4666 1377 4720 exseindat
1397 4668 1677 4739 impetum,
1698 4684 1854 4727 coer-

255 4760 381 4807 ceat
424 4753 799 4823 cogitationes,
825 4755 875 4809 in
901 4767 1079 4811 mente
1100 4758 1684 4816 revolvathorrcndum
1703 4760 1851 4817 illum

256 4844 425 4910 diem,
448 4845 647 4915 cogitet
672 4860 873 4901 mensa:
899 4846 1058 4918 hujus
1079 4849 1372 4905 tremendae
1389 4853 1849 4923 participationem

252 4944 313 4991 et
327 4935 668 5006 splendorem
697 4937 833 5007 ignis
858 4939 983 4994 inde
999 4939 1293 4997 resilientis
1316 4940 1411 5016 (b),
1435 4959 1497 4999 ac
1513 4945 1850 5018 conﬂagran-

255 5035 368 5082 tem
397 5028 598 5093 vim,et
622 5029 835 5099 qualem
881 5032 1165 5087 conveniat
1187 5047 1310 5089 esse
1351 5036 1654 5093 accedentis
1699 5055 1852 5094 men-

254 5128 400 5183 tem;
431 5118 500 5174 ab
540 5121 687 5175 omni
737 5135 931 5192 nempe
981 5123 1211 5191 macula,
1248 5125 1315 5180 ab
1331 5128 1620 5184 omnilabe
1639 5146 1846 5200 puram,

252 5223 314 5270 et
326 5214 631 5269 illicitarum
644 5217 1026 5286 cogitationum
1044 5217 1395 5289 frequentiam
1408 5222 1809 5280 subvertentem
1833 5244 1846 5280 :

254 5314 318 5361 ut
337 5305 416 5360 sic
437 5306 648 5361 interim
674 5306 868 5363 diebus
889 5308 1008 5363 istis
1024 5310 1271 5380 nosipsos
1304 5324 1688 5383 prasparantes,
1720 5333 1852 5388 pos-

254 5397 449 5463 simus,
498 5410 790 5471 expurgata
827 5417 923 5472 pro
950 5403 1092 5458 virili
1138 5405 1314 5459 anima
1340 5417 1544 5474 nostra,
1567 5412 1852 5481 participes

254 5489 373 5545 fieri
398 5492 681 5559 prtesentis
711 5493 869 5549 istius
894 5496 1239 5563 sumptionis,
1270 5505 1328 5553 et
1356 5499 1721 5556 iuetl‘abilibus
1743 5503 1848 5557 illis

260 5585 427 5641 bonis
449 5586 633 5656 potiri,
665 5601 785 5657 quae
813 5589 1061 5658 promisit
1079 5588 1428 5662 diligentibus
1452 5608 1545 5659 se;
1581 5594 1749 5665 gratia
1797 5603 1853 5652 et

321 5741 395 5815 (a)
422 5740 587 5791 Habita
605 5743 773 5815 concio
791 5756 900 5794 cum
917 5744 1027 5797 dua:
1052 5753 1235 5799 tanttun
1256 5750 1643 5815 Quadragesimaa
1667 5754 1854 5806 hebdo-

252 5803 411 5853 madaa
428 5809 767 5864 superessent.

319 5864 396 5926 (ὁ)
428 5863 628 5934 Savilius
649 5867 1021 5934 suspicaturum
1056 5872 1222 5934 ignem
1260 5875 1545 5926 sensibilem
1590 5879 1640 5928 in
1685 5894 1855 5932 mensa

254 5938 396 5976 sacra
414 5927 625 5989 positum
639 5928 951 5994 subindicari,
965 5927 1145 5997 nempe
1167 5931 1416 5987 lucernam
1432 5927 1643 5992 altumve
1668 5927 1852 6009 ignem:

1905 516 1916 529 .
1958 475 2201 535 GENES.
2244 481 2471 541 IIOMIL.
2518 487 2681 542 XXV.

3492 487 3598 541 218

2010 597 2340 670 benignitate
2369 605 2575 662 Domini
2606 609 2773 664 nostri
2803 608 2931 666 Jcsu
2952 610 3174 677 Christi,
3198 627 3321 668 cum
3354 628 3463 682 quo
3488 612 3591 666 Pa-

2006 694 2095 759 tri,
2124 692 2365 751 simulet
2398 699 2619 768 Spiritui
2672 713 2860 758 sancto
2899 703 2971 759 sit
3021 704 3211 775 gloria,
3263 704 3589 775 imperium.

2002 783 2196 853 honor,
2227 804 2369 845 nunc
2416 803 2471 846 et
2507 805 2766 864 semper,
2821 803 2877 850 et
2922 795 2977 850 in
3023 797 3218 852 smcula
3248 796 3588 852 sacculonun.

2002 878 2194 934 Amen.

2542 997 2819 1055 HOMILIA
2871 998 3039 1057 XXV.

2000 1105 2115 1161 Noe
2157 1120 2325 1163 autem
2372 1129 2621 1168 annorum
2661 1124 2765 1169 erat
2816 1126 3165 1171 sexcentarum
3188 1158 3201 1181 ,
3251 1126 3297 1171 et
3339 1117 3585 1172 diluvium

2174 1218 2319 1267 aqua:
2339 1206 2528 1274 factum
2553 1216 2624 1260 est
2650 1194 2803 1278 super
2829 1217 3013 1262 terram
3045 1206 3197 1279 (Gen.
3233 1209 3284 1263 7.
3331 1207 3407 1278 6).

2066 1340 2117 1394 1.
2159 1340 2541 1410 Argumentum
2571 1342 2639 1397 de
2658 1359 2764 1413 quo
2790 1344 2905 1399 heri
2943 1345 3151 1400 caritati
3185 1354 3375 1400 vestrm
3415 1344 3588 1401 disse-

1991 1432 2094 1497 rui,
2119 1431 2292 1487 denuo
2322 1435 2599 1505 attingam,
2632 1445 2686 1491 et
2705 1436 2832 1507 justi
2863 1437 2973 1492 Noe
3002 1438 3277 1493 historiam
3307 1438 3500 1493 iterum
3531 1439 3582 1493 in

1991 1523 2222 1578 medium
2249 1524 2486 1580 afferam.
2529 1527 2731 1597 Magna:
2760 1530 2903 1583 enim
2929 1530 3183 1584 virtutum
3218 1529 3347 1598 juSIi
3383 1528 3580 1583 divitia:

1988 1622 2134 1680 sunt,
2183 1617 2458 1685 nostrique
2506 1616 2667 1672 ofticii
2712 1629 2794 1673 est
2831 1620 3078 1674 omnibus
3104 1636 3200 1689 pro
3226 1632 3406 1675 nostra
3438 1621 3579 1674 virili

1986 1706 2301 1778 disquisitis,
2333 1725 2523 1763 curare
2548 1719 2605 1764 ut
2634 1721 2825 1766 vestrm
2847 1727 2979 1782 opes
3001 1712 3123 1767 hinc
3144 1712 3410 1767 auctiores
3429 1712 3576 1767 fiant.

1984 1798 2270 1862 Cancrum,
2307 1802 2550 1862 obsecro,
2583 1810 2778 1857 attenta
2808 1812 2988 1859 mente
3029 1804 3215 1858 adsitis
3238 1847 3253 1871 ,
3280 1813 3339 1858 ut
3365 1819 3431 1857 ne
3452 1818 3578 1858 sen-

1985 1892 2162 1946 tentias
2186 1891 2274 1946 hic
2297 1893 2589 1949 reconditae
2606 1909 2636 1949 a
2661 1894 2811 1950 vobis
2824 1895 3118 1965 dill'ugiant.
3140 1896 3327 1965 Operae
3346 1894 3575 1965 pretium

1980 1994 2160 2038 autem
2213 1983 2391 2048 fuerit,
2439 1985 2590 2055 prius
2624 1987 2833 2041 caritati
2889 1996 3085 2042 vestra:
3127 2001 3573 2051 commemorare,

1981 2072 2195 2126 ubinam
2228 2072 2343 2128 heri
2374 2074 2599 2130 docendi
2623 2077 2781 2130 linem
2810 2076 3094 2132 fecerimus
3116 2118 3132 2138 .
3163 2086 3219 2131 ut
3264 2077 3386 2133 inde
3417 2077 3575 2133 hodie

1979 2179 2230 2221 sermone
2271 2167 2525 2237 repetito,
2552 2167 2773 2223 dicenda
2814 2169 2970 2224 dictis
3005 2178 3152 2225 recte
3199 2179 3571 2225 contexamus.

1977 2256 2066 2312 Sic
2089 2259 2232 2312 enim
2252 2257 2618 2314 manifestiora
2640 2261 2794 2314 nobis
2820 2271 2981 2315 erunt
3009 2260 3172 2316 etiam
3198 2276 3259 2315 ea
3286 2278 3404 2332 qua:
3430 2276 3572 2316 nunc

1976 2349 2244 2405 dicuntur.
2278 2350 2380 2408 Ubi
2402 2367 2531 2422 ergo
2555 2369 2672 2423 quas
2693 2352 3017 2408 doce-bamus
3038 2353 3172 2419 heri,
3200 2353 3358 2409 finem
3377 2354 3571 2411 habue-

1975 2441 2139 2496 runt?
2172 2440 2333 2509 Dixit,
2357 2442 2548 2513 inquit,
2582 2441 2832 2497 Dominus
2856 2442 2994 2498 Deus
3022 2444 3090 2496 ad
3119 2443 3233 2497 Noe
3261 2443 3571 2515 :Ingredere

1976 2540 2050 2599 tu,
2079 2541 2123 2585 et
2162 2532 2326 2587 omnis
2354 2535 2534 2587 domus
2558 2543 2646 2586 tua
2671 2534 2723 2586 in
2753 2549 2924 2587 arcant
2954 2550 2973 2588 :
2998 2534 3118 2604 quia
3145 2545 3191 2587 te
3236 2534 3338 2587 ridi
3369 2536 3569 2605 justum

1972 2640 2145 2678 coram
2169 2641 2247 2678 me
2272 2625 2325 2678 in
2354 2626 2675 2696 generatione
2698 2625 2812 2680 ista.
2837 2623 2922 2679 Ea:
2936 2626 3183 2695 jumentis
3224 2643 3340 2682 vero
3368 2626 3570 2680 tutandis

1971 2716 2126 2770 induc
2178 2717 2248 2769 ad
2292 2725 2340 2771 te
2379 2729 2585 2787 septena
2615 2732 2634 2770 :
2664 2727 2709 2771 et
2754 2734 2818 2772 ea:
2854 2717 3122 2788 jumentis,
3153 2734 3266 2788 qua:
3304 2735 3403 2771 non
3450 2727 3568 2772 sunt

1970 2809 2181 2871 munda,
2215 2808 2353 2862 bina.
2383 2811 2562 2862 Adhuc
2606 2810 2737 2863 enim
2780 2820 2971 2878 septem
2999 2810 3137 2875 dies,
3188 2827 3279 2881 ego
3326 2810 3566 2864 inducam

1970 2902 2192 2972 pluviam
2221 2917 2372 2971 super
2396 2911 2579 2955 terram
2609 2901 2941 2971 quadraginta
2963 2900 3136 2955 diebus
3156 2911 3201 2955 et
3225 2900 3563 2972 quadraginta

1969 2991 2194 3045 noctibus
2221 3034 2237 3056 ,
2264 2999 2310 3045 et
2336 2990 2508 3045 delebo
2529 3007 2726 3044 omnem
2745 2990 3074 3045 substantiam
3093 3008 3243 3062 quam
3273 2991 3390 3061 feci,
3417 3008 3449 3044 a
3484 2991 3565 3056 [a-

1966 3082 2042 3137 cie
2066 3093 2230 3146 terrw,
2274 3082 2336 3136 ab
2392 3083 2593 3136 nomine
2630 3098 2785 3149 usque
2831 3083 2899 3135 ad
2935 3099 3102 3153 pecus.
3158 3083 3223 3136 Et
3279 3083 3394 3154 fecit
3451 3081 3565 3136 Noe

1968 3175 2137 3229 omnia
2164 3190 2276 3242 quae
2301 3184 2603 3245 prwceperat
2628 3174 2721 3229 sibi
2750 3174 2996 3228 Dominus
3045 3173 3177 3227 Deus
3207 3173 3357 3243 (Gen.
3405 3174 3459 3228 7.
3504 3174 3563 3227 i-

1968 3263 2049 3336 5).
2079 3264 2365 3334 llucusque
2396 3264 2721 3334 procedebat
2759 3280 2971 3330 sermo,
3007 3264 3091 3319 hic
3130 3263 3353 3319 docendi
3398 3265 3558 3317 linem

1965 3355 2314 3411 faciebamus.
2341 3354 2609 3410 Fortassis
2633 3356 2775 3410 enim
2806 3365 2860 3410 et
2885 3357 2983 3425 ipsi
3004 3355 3322 3413 meministis
3342 3354 3556 3425 quando

1965 3448 2174 3502 caritati
2204 3456 2401 3502 vestrm
2451 3462 2666 3501 causam
2696 3446 3046 3511 reddidimus,
3106 3462 3272 3515 quare
3305 3447 3444 3500 Deus
3489 3461 3554 3504 ex

1963 3537 2180 3593 mundis
2206 3544 2448 3606 septena,
2476 3552 2543 3592 ex
2573 3536 2862 3591 immundis
2889 3537 3008 3591 bina
3028 3536 3288 3590 introduci
3313 3537 3554 3604 jusserit.

1964 3629 2078 3701 Age
2107 3645 2235 3699 ergo
2283 3628 2445 3683 hodie
2474 3629 2794 3683 accedamus
2820 3628 2884 3682 ad
2929 3644 2989 3683 ea
3018 3644 3136 3710 qum
3166 3636 3557 3697 consequenter

1963 3720 2098 3776 lecta
2128 3728 2272 3787 sunt,
2299 3729 2355 3774 et
2395 3720 2668 3776 videamus
2710 3720 2835 3791 quid
2881 3720 3033 3774 nobis
3062 3719 3238 3774 divina
3283 3719 3556 3789 Scriptura

1964 3812 2108 3867 dicat
2129 3821 2250 3883 post
2275 3813 2573 3883 ingressum
2599 3811 2712 3867 Noe
2741 3812 2795 3867 in
2820 3827 3021 3867 arcam.
3072 3812 3406 3875 Nuucenim
3447 3826 3558 3866 ma-

1963 3906 2127 3971 xime,
2159 3904 2205 3958 si
2231 3904 2340 3959 ullo
2366 3903 2472 3958 alio
2517 3912 2780 3973 tempore,
2824 3903 2980 3958 dcent
3017 3912 3077 3957 ut
3104 3903 3332 3974 amplius
3361 3903 3430 3957 sit
3460 3918 3558 3957 no-

1963 4006 2132 4052 strum
2161 3997 2417 4062 studium,
2445 4011 2567 4051 cum
2597 3996 2667 4050 ob
2693 3997 2878 4066 jejuuii
2907 4006 3118 4066 tempus
3158 4006 3210 4051 et
3248 3996 3552 4051 dulcissima

1961 4102 2136 4145 vestra
2186 4088 2574 4144 consuetudine
2618 4088 2785 4157 magis
2837 4087 3080 4153 fruimur,
3128 4099 3181 4142 et
3225 4102 3252 4140 a
3284 4088 3556 4155 voluptate

1961 4179 2197 4250 crapulae
2223 4179 2535 4242 liberamur,
2567 4178 2919 4247 excitatisque
2944 4178 3231 4243 mentibus,
3261 4178 3418 4232 dictis
3443 4178 3557 4233 dili-

1960 4281 2146 4342 genter
2200 4269 2476 4325 altendere
2519 4282 2822 4339 possumus.
2873 4267 3163 4324 Dicendum
3211 4270 3368 4339 igitur
3417 4271 3555 4323 unde

1963 4365 2121 4420 hodie
2144 4363 2303 4418 lectio
2329 4369 2501 4432 coepta
2524 4369 2625 4415 est.
2680 4364 2733 4415 ϐ.
2769 4359 2884 4415 Noe
2930 4370 3100 4416 autem
3144 4371 3250 4414 erat
3303 4378 3555 4414 annorum

1960 4466 2340 4520 sexcentarum,
2363 4453 2552 4523 inquit,
2577 4463 2621 4506 et
2649 4452 2895 4506 diluvium
2915 4467 3060 4524 aqum
3084 4453 3275 4521 factum
3304 4462 3375 4506 est
3405 4469 3551 4522 super

1960 4559 2164 4604 terram.
2207 4547 2502 4611 Altendite,
2525 4548 2770 4612 obsecro,
2798 4555 2941 4603 etne
2968 4546 3328 4616 perfunctorie
3353 4548 3553 4601 dictqu

1959 4653 2438 4714 prtetercurramus
2457 4657 2473 4705 ;
2517 4640 2719 4695 habent
2742 4641 2883 4695 enim
2911 4641 3136 4696 latentes
3151 4640 3362 4695 divitias
3377 4640 3554 4695 brevia

1963 4736 2078 4792 lucc
2103 4736 2303 4799 verba;
2333 4733 2473 4805 quod
2505 4734 2548 4788 si
2578 4743 2811 4788 mentem
2834 4732 3243 4799 intenderimns,
3276 4732 3457 4787 licebit
3488 4748 3553 4786 ex

1960 4828 2065 4883 isto
2093 4827 2209 4897 ipso
2243 4824 2625 4881 misericordia:
2655 4824 2863 4879 Domini
2889 4824 3282 4889 excellentiam,
3311 4824 3556 4878 malitia:-

1960 4933 2066 4989 que
2090 4918 2397 4981 hominum,
2428 4915 2519 4987 qui
2559 4924 2685 4970 tunc
2714 4922 2887 4980 erant,
2910 4915 3339 4984 exsuperantiam
3366 4914 3554 4984 deprc-

1960 5009 2216 5066 ltendere.
2246 5008 2361 5063 Noe
2378 5016 2547 5061 autem
2558 5021 2806 5059 annorum
2822 5014 2949 5071 erat,
2972 5005 3161 5075 inquit,
3185 5013 3552 5059 sexcentarum.

1959 5100 2076 5157 Non
2109 5099 2311 5169 absque
2333 5113 2494 5153 causa
2521 5111 2783 5153 annorum
2800 5096 2928 5168 justi
2957 5111 3236 5152 numerum
3255 5111 3353 5151 nos
3375 5095 3555 5151 docuit

1960 5193 2141 5249 divina
2169 5191 2467 5261 Scriptura,
2523 5204 2698 5259 neque
2756 5198 2814 5243 ut
2856 5188 2998 5243 istud
3045 5189 3217 5256 ipsum
3264 5186 3551 5253 discamus,

1959 5292 2089 5356 quot
2113 5298 2374 5338 annorum
2404 5280 2560 5338 fuerit
2592 5281 2701 5346 ille,
2733 5279 2828 5335 sed
2870 5279 2994 5350 quia
3033 5278 3183 5349 prius
3225 5291 3323 5332 nos
3375 5277 3557 5334 docuit

1960 5380 2234 5450 Scriptura
2271 5377 2455 5432 dicens
2477 5417 2493 5442 ,
2526 5373 2642 5429 Noe
2663 5385 2829 5429 autent
2855 5382 2961 5427 erat
2986 5388 3233 5426 annorum
3254 5371 3556 5442 quingento-

1958 5489 2073 5527 rum
2104 5470 2257 5545 (Gcn.
2286 5470 2340 5525 5.
2369 5469 2463 5538 51)
2489 5484 2501 5520 :
2526 5476 2579 5523 et
2628 5473 2907 5536 postquam
2966 5464 3118 5518 nobis
3158 5479 3421 5518 annorum
3465 5463 3560 5518 de-

1957 5563 2182 5621 claravit
2225 5575 2533 5625 numerum,
2566 5567 2694 5613 tunc
2737 5556 2974 5614 narravit
3003 5556 3341 5611 immodicam
3386 5555 3557 5611 homi-

1958 5671 2090 5712 num
2122 5656 2174 5710 in
2206 5654 2400 5710 malum
2434 5650 2867 5722 mapensionem,
2897 5658 2951 5704 et
2978 5649 3099 5719 quia
3128 5649 3388 5704 incumbit
3415 5663 3558 5719 cogi.

1961 5756 2093 5806 talio
2122 5751 2394 5806 hominum
2412 5749 2692 5819 diligenter
2714 5748 2766 5802 iu
2785 5747 2968 5801 tualaa
2986 5747 3264 5817 juventule
3288 5764 3302 5811 ;
3332 5746 3557 5816 ideoque

1954 5836 2097 5896 dixit
2120 5841 2293 5908 Deus,
2328 5842 2447 5898 Non
2481 5840 2787 5912 permanebit
2818 5841 3043 5910 Spiritus
3068 5857 3207 5893 meus
3241 5842 3299 5894 in
3334 5840 3553 5895 homini-

1962 5938 2053 5994 bus
2073 5931 2208 6006 istis,
2240 5950 2297 5990 eo
2322 5939 2455 6005 quoa
2479 5931 2576 6004 ipsi
2606 5932 2705 5987 sint
2734 5947 2911 5986 carnes
2938 5930 3090 6004 (Gen.
3120 5933 3168 5986 ϐ.
3195 5931 3281 6001 Ξ);
3304 5944 3552 6001 praenun-
