4078 6430
514 460 620 517 919

517 576 699 632 tiando
725 573 803 628 eis
841 568 1216 640 indignationis
1264 579 1365 618 sua
1412 560 1857 632 magnitudinem;
1886 554 2009 608 dein
2037 561 2089 606 ut

520 669 671 721 daret
697 666 773 719 eis
804 664 1052 718 idoneum
1085 671 1291 728 tempus
1311 698 1327 723 ,
1357 655 1496 726 quod
1527 652 1794 708 sufficeret
1814 649 1880 702 ad
1911 645 2098 714 resipi-

518 759 772 815 sceudum
793 797 808 820 ,
834 764 893 810 ut
915 752 1330 823 indignationem
1360 762 1466 803 non
1495 744 1896 813 experirentur,
1924 736 2053 792 dicit
2080 751 2093 787 :

521 850 683 904 Erunt
702 857 871 901 autem
886 845 991 899 dies
1005 858 1176 898 eorum
1188 840 1309 894 anni
1323 848 1517 894 centum
1535 845 1583 890 et
1595 833 1767 906 viginti
1781 828 1931 904 (Gen.
1948 828 2003 885 6.
2018 827 2094 899 5):

518 946 618 998 hoc
641 949 744 998 est.
774 938 963 992 Adhuc
1008 932 1406 1006 procrastinabo
1432 929 1590 985 etiam
1620 936 1740 997 post
1784 923 2099 995 quingentos

518 1032 638 1085 illos
684 1043 872 1096 annos,
923 1027 975 1080 in
1027 1024 1217 1095 quibus
1257 1022 1428 1092 justus
1453 1021 1552 1073 iste
1583 1034 1680 1071 suo
1706 1014 1923 1071 nomine
1970 1012 2100 1067 satis

520 1136 711 1176 omnes
738 1120 854 1173 illos
878 1114 1196 1171 admonebat
1215 1122 1269 1167 et
1296 1110 1599 1175 inducebat,
1620 1108 1663 1161 si
1688 1104 1900 1176 quidem
1930 1097 2102 1156 atten-

522 1216 653 1272 dere
682 1214 991 1275 voluissent,
1022 1217 1077 1262 ut
1126 1214 1181 1261 et
1223 1219 1252 1258 a
1308 1204 1505 1258 malitia
1566 1199 1906 1263 desisterent,
1934 1204 1989 1250 et
2033 1193 2101 1248 ad

522 1308 773 1361 virtutem
803 1319 860 1357 se
889 1299 1254 1356 transferrent.
1286 1296 1662 1350 Verumtamen
1688 1299 1743 1345 et
1773 1302 1913 1343 nunc
1950 1285 2105 1357 polli-

521 1413 649 1453 ceor
676 1412 763 1451 me
805 1374 975 1449 annos
1025 1400 1237 1447 centum
1290 1388 1474 1458 viginti
1523 1383 1601 1459 (a)
1652 1384 2019 1445 toleraturum,
2047 1387 2105 1432 ut

525 1502 769 1560 tempore
818 1486 960 1558 qttod
1002 1482 1343 1545 intercedet,
1389 1475 1833 1550 quemadmodum
1885 1488 1981 1543 par
2023 1481 2106 1528 est

524 1591 762 1642 utantur,
793 1580 1153 1647 malitiamque
1181 1574 1403 1643 fugiant,
1442 1580 1499 1627 et
1526 1570 1774 1624 virtutem
1801 1565 2109 1636 amplexen-

526 1684 634 1728 tur.
690 1673 758 1727 Et
782 1686 889 1725 non
914 1670 1087 1724 solum
1137 1674 1418 1720 contentus
1455 1661 1550 1716 fuit
1591 1667 1802 1715 centum
1844 1664 1896 1711 et
1923 1653 2105 1725 viginti

528 1777 789 1819 annorum
834 1759 1204 1831 promissione,
1250 1754 1343 1810 sed
1384 1754 1528 1822 justo
1570 1748 1816 1820 prtecepit
1845 1753 1903 1800 ut
1928 1758 2105 1799 arcam

527 1862 880 1916 construeret,
906 1866 1013 1922 quo
1036 1859 1090 1905 et
1116 1849 1229 1918 ipse
1254 1857 1496 1915 aspectus
1510 1858 1648 1898 arca:
1674 1842 1739 1896 iis
1758 1839 2104 1894 sufficientem

528 1946 842 2012 memoriam
867 1949 1190 2013 suggereret,
1212 1949 1263 1994 et
1291 1938 1468 1992 nullus
1508 1936 1773 2005 ignoraret
1818 1928 2108 1986 inferenda:

530 2054 702 2109 paenae
727 2033 1161 2106 magnitudinem.
1189 2031 1321 2085 Nam
1352 2027 1489 2083 istud
1528 2027 1698 2096 ipsum
1716 2064 1732 2088 ,
1760 2020 1900 2092 quod
1931 2019 2108 2090 justus

531 2134 643 2195 ille,
671 2140 724 2186 et
750 2130 837 2198 qui
868 2129 919 2182 in
946 2140 1212 2181 summmn
1240 2123 1452 2178 virtutis
1479 2123 1793 2191 pervenerat
1818 2113 2104 2183 fastigium,

532 2234 678 2278 tanto
702 2221 878 2277 studio
906 2218 1213 2275 esstruebat
1238 2229 1416 2269 arcam
1442 2254 1457 2278 ,
1489 2212 1618 2265 satis
1642 2224 1762 2264 esse
1785 2204 2014 2262 debebat
2040 2201 2108 2258 ad

533 2313 877 2383 injiciendum
924 2310 1193 2374 omnibus,
1236 2306 1429 2377 quibus
1479 2318 1630 2358 meus
1671 2307 1786 2355 emt
1812 2338 1829 2364 ,
1856 2308 2107 2365 angorem

533 2416 590 2462 et
633 2404 989 2467 formidinem,
1033 2411 1089 2455 et
1132 2396 1551 2467 persuadendum
1583 2402 1640 2445 ut
1687 2389 1957 2458 placarent
2003 2394 2108 2439 tam

534 2503 866 2551 mansuetum
893 2503 946 2546 et
985 2490 1303 2544 clementem
1339 2483 1639 2539 Dominum.
1675 2478 1805 2532 Nam
1836 2477 1879 2531 si
1901 2474 2110 2531 barbari

535 2589 609 2644 illi
634 2586 727 2660 (lt),
767 2584 1024 2640 Ninivitas
1043 2581 1162 2636 dico
1185 2621 1201 2647 ,
1228 2594 1360 2649 quos
1383 2577 1572 2630 iterum
1603 2574 1657 2629 iu
1678 2570 1908 2627 medium
1948 2567 2113 2660 addu-

539 2658 666 2733 cere
695 2690 872 2746 operae
898 2672 1124 2743 pretium
1154 2678 1255 2734 est,
1286 2675 1344 2723 ut
1363 2667 1522 2721 etiam
1552 2663 1651 2718 hac
1696 2663 1900 2716 ratione
1946 2658 2112 2727 magis

537 2768 932 2823 demonstretur
976 2772 1031 2818 et
1067 2761 1257 2816 horum
1304 2760 1489 2827 ingens
1538 2753 1754 2814 malitia,
1790 2760 1847 2807 et
1897 2750 2109 2804 illorum

539 2874 730 2930 magna
758 2856 1010 2929 probitas.
1052 2852 1259 2908 Etenim
1310 2848 1566 2904 Dominus
1602 2854 1784 2900 noster
1817 2843 1868 2896 in
1905 2840 1993 2896 die
2023 2840 2114 2895 illo

540 2952 785 3014 terribili,
803 2948 1007 3021 judicii,
1043 2947 1277 3016 inquam,
1309 2955 1494 2998 servos
1518 2948 1573 2995 et
1591 2951 1774 2992 servos
1800 2936 1849 2989 in
1881 2933 2113 2989 medium

535 3046 873 3116 producens,
921 3041 999 3097 sic
1046 3037 1537 3094 condemnationem
1582 3030 1848 3102 proferet,
1904 3024 2116 3098 quando

538 3134 976 3191 monstrabuntur
1025 3131 1057 3185 ii
1089 3131 1174 3198 qui
1219 3127 1403 3183 eadem
1453 3125 1591 3180 bona
1632 3121 1807 3178 sortiti
1849 3126 2022 3182 erant,
2065 3125 2120 3168 ct

538 3224 846 3280 earumdem
872 3223 1127 3277 bonorum
1159 3217 1438 3288 participes
1463 3230 1570 3270 non
1596 3212 1835 3270 eamdem
1852 3222 2115 3265 exercue-

543 3327 664 3371 rant
708 3316 1002 3368 virtutem:
1042 3328 1184 3382 sa‘pe
1230 3319 1405 3364 autem
1457 3309 1617 3364 etiam
1658 3321 1724 3361 ex
1772 3302 2119 3373 inmqualibus

546 3404 973 3478 comparationes
1008 3401 1175 3469 facit,
1214 3409 1275 3457 ut
1320 3400 1575 3470 majorem
1621 3394 2119 3452 condemnationem

546 3500 750 3570 ignavis
775 3498 984 3555 inferat.
1025 3500 1356 3569 Quapropter
1383 3504 1437 3550 et
1463 3495 1513 3549 iu
1551 3489 1837 3559 Ev..ngelio
1865 3488 2072 3544 dicebat
2100 3500 2118 3541 :

549 3580 667 3636 Viri
684 3574 1229 3641 Ninivitwexsurgeut
1254 3571 1516 3637 aquilicia
1529 3587 1647 3627 cum
1678 3575 2131 3641 generationeltac,

545 3679 594 3721 et
645 3648 1059 3722 coudeumabuuf
1091 3683 1201 3720 eam
1218 3706 1235 3731 ,
1276 3666 1395 3736 quia
1438 3666 1778 3735 ptaniteutiam
1823 3675 2028 3737 egerunt
2074 3666 2127 3719 in

550 3756 907 3826 pradicatione
930 3756 1080 3810 Jome
1101 3772 1118 3810 :
1135 3766 1180 3810 et
1201 3773 1311 3811 ecce
1327 3758 1440 3825 plus
1453 3773 1604 3827 quam
1622 3756 1785 3812 Jonas
1813 3758 1893 3810 hic
1914 3756 2125 3826 (Matth.

552 3848 641 3903 Η.
670 3846 976 3917 41);ιμιιιδί
1026 3846 1505 3902 diceretzilarbari
1549 3863 1773 3918 quorum
1818 3849 1956 3901 nulla
2001 3862 2128 3903 cura

547 3949 631 3995 est
648 3937 844 4002 habita,
864 3939 951 4008 qui
986 3938 1357 4007 pt-opbeuirnm
1378 3938 1673 3992 doctrinam
1696 3954 1800 3992 non
1824 3938 2124 4003 audierunt,

550 4028 642 4100 qui
666 4029 814 4099 signa
841 4045 945 4083 non
973 4028 1238 4094 viderunt,
1264 4029 1350 4099 qui
1374 4029 1624 4084 miracula
1654 4044 1756 4083 non
1782 4039 2085 4097 SpeCtarunt
2110 4067 2124 4092 ,

550 4120 645 4176 sed
668 4119 863 4174 auditis
891 4131 1093 4175 tantum
1124 4121 1277 4175 unius
1300 4120 1528 4176 hominis
1550 4120 1600 4173 in
1631 4119 1906 4191 naufragio
1933 4119 2129 4175 servati

549 4211 728 4265 verbis
746 4253 760 4273 ,
788 4227 908 4281 qua:
957 4226 1078 4277 eos,
1107 4226 1347 4282 magnam
1375 4211 1794 4281 desperationem
1837 4209 2127 4275 afferenda,

550 4301 759 4356 consilii
791 4303 975 4370 inopes
993 4301 1165 4356 facere
1194 4310 1453 4371 peteraut,
1477 4303 1546 4356 ita
1569 4312 1626 4357 ut
1640 4304 1799 4359 etiam
1818 4312 2128 4358 contemne-

553 4403 669 4448 rent
717 4409 836 4463 qua:
891 4394 1222 4458 dicebantur,
1254 4410 1358 4447 non
1407 4395 1580 4449 solum
1620 4411 1723 4450 neu
1777 4394 2133 4465 despexerunt

552 4484 828 4553 propheta:
853 4484 1036 4548 verba,
1068 4484 1160 4539 sed
1210 4493 1266 4538 et
1319 4485 1370 4538 in
1423 4487 1580 4540 trium
1633 4487 1839 4543 dierum
1891 4490 2131 4559 angustia

554 4574 895 4643 deprehensi,
928 4587 1032 4647 tam
1080 4575 1386 4645 diligentem
1414 4587 1469 4631 et
1505 4576 1794 4632 studiosam
1819 4576 1992 4633 fecere
2018 4594 2132 4648 pm-

554 4665 853 4727 nitcntiam,
884 4674 1019 4720 utet
1068 4667 1383 4722 sententiam
1431 4667 1639 4722 Domini
1686 4678 2016 4724 revocarent.
2066 4669 2131 4724 lli

553 4757 731 4828 igitur,
784 4758 987 4827 inquit,
1037 4756 1464 4814 condemnabunt
1510 4762 1905 4829 generationem
1957 4761 2129 4829 hanc,

549 4850 691 4904 circa
719 4864 876 4919 quam
910 4859 1051 4905 tanta
1079 4866 1203 4905 cura
1237 4849 1334 4906 fuit
1352 4851 1742 4923 adhibita,qua:
1760 4853 2132 4924 prophetarum

553 4940 703 4996 libris
731 4942 960 4997 enntrila
1000 4951 1099 5008 est,
1132 4958 1250 5013 qua:
1298 4943 1446 5013 signa
1498 4951 1553 4997 et
1597 4944 1850 4999 miracula
1900 4945 2135 5015 quotidie

552 5036 833 5105 spectavit.
878 5036 1076 5090 Deinde
1099 5046 1230 5089 utet
1261 5036 1479 5091 istorum
1503 5051 1747 5106 magnam
1794 5036 2134 5093 incredulita-

554 5127 621 5180 tis
647 5126 988 5181 eminentiam
1020 5126 1360 5184 ostenderet.
1391 5130 1550 5182 etiam
1579 5128 1787 5183 illorum
1816 5126 2132 5183 ineffabilem

556 5217 872 5285 probitatem
900 5218 1079 5272 subdit
1109 5233 1124 5271 :
1156 5217 1285 5282 Quia
1315 5218 1654 5288 paenitentiam
1685 5228 1888 5289 egerunt
1911 5219 1980 5271 ad
2004 5234 2136 5285 pra:-

559 5307 855 5363 dicatiouem
884 5308 1032 5363 Joute
1058 5351 1074 5374 ,
1101 5318 1147 5362 et
1174 5325 1283 5362 ecce
1312 5309 1426 5379 plus
1453 5326 1605 5379 quant
1632 5307 1792 5363 Jonas
1824 5311 1897 5363 hit.
1937 5325 1955 5363 .'
1979 5309 2134 5365 Nini-

616 5486 689 5548 (a)
716 5486 968 5556 _\'ide_quaa
991 5489 1215 5550 superius
1234 5487 1444 5536 diximus
1472 5486 1564 5537 eoi.
1588 5486 1696 5547 190,
1720 5489 1845 5537 circa
1889 5487 1998 5537 illos
2017 5500 2135 5537 cen-

558 5551 660 5608 tum
684 5548 851 5608 viginti
876 5548 1041 5598 annos.

616 5607 688 5667 (lt)
720 5607 996 5657 Orationem
1016 5608 1146 5658 solet
1163 5610 1524 5672 clirysostomus
1542 5608 1830 5672 frequenter
1847 5608 2134 5672 interpella-

554 5679 630 5723 re,
645 5679 1079 5732 aenonmtmquam
1102 5678 1197 5719 tam
1219 5669 1390 5732 longas
1411 5671 1593 5721 inducit
1608 5669 1947 5732 p'arentbescs,
1972 5669 2027 5719 ut
2048 5684 2137 5720 ste-

552 5741 616 5796 pe
641 5728 862 5777 videatur
884 5728 1056 5838 prioris
1078 5732 1226 5779 seriei
1251 5728 1430 5780 oblitus
1445 5746 1459 5787 ;
1476 5732 1562 5781 sed
1582 5728 1747 5780 nescio
1762 5745 1824 5779 an
1838 5734 2025 5793 uspiam
2039 5744 2137 5780 ma-

555 5799 709 5838 iorem
724 5801 869 5838 quam
925 5793 969 5838 ic
986 5792 1302 5838 parenthesin
1327 5793 1601 5838 adhibuerit
1623 5806 1635 5838 :
1660 5794 1880 5838 paginam
1906 5794 2034 5838 enim
2058 5792 2137 5838 illa

549 5792 709 5856 jorem
724 5801 869 5847 quam
892 5792 969 5838 hic
986 5792 1302 5851 parenthesin
1327 5793 1601 5842 adhibuerit
1623 5806 1635 5840 :
1660 5794 1880 5855 paginam
1902 5792 2034 5843 enim
2057 5792 2137 5843 illa

552 5859 657 5907 fore
681 5860 925 5915 integram
944 5859 1164 5922 occupat.

1210 449 1266 505 S.
1305 443 1584 503 JOANNIS
1619 433 2093 498 CHRYSOSTOMI
2133 432 2452 491 ARCHIEP.
2490 434 3023 491 CONSTANTINOP.

3680 433 3797 489 220

2205 552 2585 623 vita-quidem,
2636 554 2824 624 inquit,
2876 553 2991 607 viso
3031 553 3240 622 abjecto
3288 552 3499 609 homine
3546 553 3701 618 lous,
3734 570 3794 612 et

2202 644 2317 713 ejus
2355 646 3179 716 susceperuntprmdicationetu.
3226 656 3283 701 et
3331 650 3797 703 accuratissiQO

2204 734 2439 790 fecerunt
2485 737 2848 806 pmuitentiam
2901 754 2914 790 :
2967 736 3053 792 isti
3100 746 3277 792 autem
3333 738 3573 794 videntes
3620 742 3802 795 multo

2203 827 2458 896 majorem
2480 843 2636 896 quam
2657 826 2818 882 Jonas
2845 837 2954 882 erat
2983 870 2999 892 ,
3034 829 3309 898 ipsumque
3338 829 3568 884 universi
3610 831 3797 884 Donni-

2204 934 2330 973 num
2360 934 2541 975 secum
2571 920 2731 974 simul
2753 930 3071 986 versantem,
3100 930 3353 989 tantaque
3374 935 3438 975 ac
3464 921 3586 975 talia
3611 923 3802 992 quoti-

2203 1010 2290 1067 die
2313 1011 2567 1065 miracula
2596 1022 2926 1081 operantem.
2957 1013 3196 1084 leprosos
3225 1014 3569 1069 inundantem
3589 1056 3607 1079 ,
3639 1029 3792 1069 inor-

2206 1110 2325 1157 tuos
2365 1102 2709 1157 suscitantem
2736 1142 2752 1167 ,
2782 1103 2907 1157 vitia
2934 1114 3137 1159 natura:
3164 1104 3520 1175 corrigentem
3543 1145 3559 1168 ,
3585 1106 3804 1158 dzt‘mo-

2206 1208 2301 1249 nes
2330 1193 2706 1261 expellentem,
2735 1195 2952 1249 morbos
2999 1205 3297 1257 curantem,
3330 1204 3589 1264 potestate
3620 1195 3799 1250 multa

2205 1296 2540 1354 peccatorum
2568 1286 2932 1341 remissionem
2951 1285 3271 1354 prasbentem
3295 1302 3311 1340 :
3339 1302 3441 1341 nou
3467 1286 3607 1340 illam
3625 1302 3798 1356 quam

2206 1376 2413 1431 barbari
2447 1376 2606 1429 fidem
2629 1377 3001 1431 exhibuerunt.

2275 1468 2330 1522 2.
2377 1467 2629 1520 Patientia
2680 1477 2725 1521 et
2770 1468 3046 1538 benignitas
3072 1465 3162 1522 Dei
3216 1466 3269 1519 iu
3314 1467 3426 1535 ipso
3455 1466 3681 1527 diluvio;
3729 1481 3813 1519 ea:

2208 1559 2438 1626 prtrsenti
2477 1575 2622 1628 praua
2661 1559 2977 1626 peccantibus
3013 1558 3155 1612 illam
3206 1557 3446 1610 minuitur
3474 1567 3678 1612 (eterna.
3706 1584 3797 1596 —-

2211 1646 2406 1702 Verum
2437 1648 2502 1701 ad
2532 1648 2795 1703 sermonis
2825 1647 2992 1702 nostri
3041 1648 3233 1702 seriem
3279 1646 3572 1710 redeamus,
3599 1656 3655 1701 ut
3702 1647 3804 1699 vi-

2209 1738 2337 1792 deas
2378 1753 2536 1808 quam
2582 1737 2860 1791 immodica
2907 1736 3127 1791 istorum
3169 1736 3324 1790 fuerit
3348 1737 3684 1805 improbitas,
3734 1748 3805 1791 et

2212 1843 2368 1898 quam
2407 1827 2665 1881 laboriosa
2713 1827 2920 1882 illorum
2966 1827 3629 1896 rcsrpiscentiazNinivitm
3665 1828 3805 1897 qui-

2210 1920 2331 1974 dem
2359 1920 2411 1973 in
2453 1918 2684 1973 triduum
2724 1919 2997 1985 eoaretati,
3023 1934 3199 1989 neque
3247 1920 3325 1973 sic
3374 1919 3440 1973 de
3486 1921 3652 1974 salute
3693 1934 3804 1973 sua

2209 2011 2577 2082 desperarunt,
2601 2010 2693 2064 sed
2709 2010 2772 2064 ad
2797 2010 3159 2080 paenitentiam
3182 2020 3542 2079 properantes,
3575 2021 3803 2080 peccata

2211 2106 2509 2180 abluerunt,
2538 2105 3005 2179 misericordiaque
3035 2103 3241 2158 Domini
3267 2117 3388 2159 sese
3425 2102 3611 2174 dignos
3634 2102 3807 2157 exhi-

2213 2198 2443 2253 buerunt
2471 2215 2484 2251 :
2518 2197 2602 2252 isti
2629 2206 2810 2252 autem
2836 2238 2849 2260 ,
2873 2196 2940 2252 de
2967 2196 3159 2267 quibus
3185 2211 3323 2250 nunc
3351 2211 3555 2261 sermo,
3581 2205 3808 2265 tempus

2212 2300 2425 2346 centum
2456 2300 2511 2345 et
2537 2288 2719 2360 viginti
2758 2304 3018 2344 annorum
3067 2289 3132 2342 ad
3165 2288 3524 2359 pmnitentiam
3566 2302 3809 2356 accepe-

2215 2392 2357 2447 rant,
2378 2398 2549 2453 nrque
2577 2382 2772 2450 aliquid
2803 2381 2927 2436 inde
2954 2380 3344 2435 luerifecerunt.
3374 2378 3597 2434 Proinde
3615 2378 3808 2433 Domi-

2214 2488 2316 2529 nus
2341 2472 2525 2527 videns
2548 2474 2598 2526 in
2628 2470 2845 2526 multam
2874 2470 2991 2523 illos
3011 2470 3271 2524 excidisse
3306 2469 3618 2538 nequitiam,
3647 2467 3805 2522 cele-

2217 2581 2329 2620 rem
2353 2564 2482 2634 ipsis
2508 2563 2707 2617 inducit
2740 2562 3122 2617 con'ectionem
3146 2602 3160 2624 ,
3184 2559 3465 2627 aboletque
3484 2570 3536 2614 et
3564 2573 3593 2612 e
3612 2556 3807 2611 medio

2218 2655 2361 2710 tollit
2390 2655 2512 2708 mali
2560 2669 2747 2709 eorum
2798 2651 3041 2706 fermenti
3097 2651 3303 2705 vitium.
3332 2649 3455 2704 ideo
3482 2649 3645 2704 dicit:
3680 2647 3809 2701 Noe

2218 2756 2386 2799 autem
2433 2754 2539 2798 erat
2582 2760 2831 2797 annorum
2876 2753 3252 2805 sexcentarum,
3279 2752 3324 2795 et
3364 2742 3603 2795 diluvium
3646 2756 3807 2810 aqua

2218 2841 2404 2909 factum
2426 2848 2496 2891 est
2525 2853 2676 2906 super
2696 2846 2901 2890 terram.
2932 2833 3048 2889 Jam
3074 2832 3355 2888 didicimus
3378 2873 3393 2895 ,
3419 2831 3625 2902 quando
3652 2830 3808 2885 indi-

2216 2930 2397 3000 gnatio
2449 2937 2504 2983 et
2553 2928 2823 2995 jrmdictio
2871 2925 3079 2981 Domini
3137 2925 3268 2979 faeta
3322 2934 3423 2988 est,
3476 2923 3583 2977 Noe
3633 2923 3807 2976 fuisse.

2217 3036 2476 3075 annormn
2508 3019 2917 3087 quingentorum
2943 3035 2956 3070 :
2988 3016 3199 3086 quando
3224 3026 3400 3068 autem
3430 3015 3696 3068 inductum
3716 3023 3807 3067 est

2219 3112 2491 3171 diluvium,
2517 3119 2884 3163 sexcentarum
2960 3107 3029 3161 ita
3061 3107 3288 3159 iutcrces
3318 3112 3471 3158 erunt
3513 3103 3632 3156 anni
3662 3103 3808 3156 inter

2225 3203 2657 3272 prardicationem
2688 3210 2742 3256 et
2762 3200 3016 3254 diluvium
3050 3210 3260 3253 centum
3295 3215 3306 3248 :
3336 3207 3389 3252 et
3440 3198 3494 3251 in
3541 3197 3603 3249 iis
3642 3194 3803 3249 antiis

2224 3311 2289 3351 ne
2315 3295 2578 3351 tantillum
2608 3293 2820 3363 quidem
2853 3292 3211 3364 profecerunt,
3246 3290 3366 3344 licet
3395 3300 3664 3358 tantopere
3702 3287 3807 3342 do.

2220 3395 2468 3441 eerentur
2496 3399 2525 3438 a
2555 3384 2664 3439 Noe
2690 3399 2881 3459 arcam‘
2899 3381 3210 3435 fabricante.
3249 3379 3352 3435 Sed
3398 3380 3621 3435 fortasse
3647 3395 3805 3449 qute-

2224 3488 2304 3531 ret
2351 3474 2779 3545 aliquiszQuare
2820 3488 2939 3525 rum
2995 3470 3193 3525 dixerit
3247 3469 3496 3523 Dotiiiuus
3528 3509 3542 3536 ,
3588 3469 3817 3525 Cetrium

2232 3563 2418 3634 viginti
2428 3561 2717 3618 annierunt
2744 3563 2858 3618 dies
2871 3576 3086 3624 eorum;
3104 3564 3520 3636 promiseritque
3547 3579 3605 3619 se
3651 3573 3809 3616 tanto

2232 3665 2471 3726 tempore
2507 3656 2784 3711 tolerantia
2826 3669 3065 3719 usurum,
3107 3664 3393 3722 antequam
3451 3656 3803 3726 implerentur

2230 3748 2355 3802 anni
2384 3746 2659 3817 promissi,
2689 3745 2992 3802 universale
3014 3745 3610 3802 introducitexcidium?
3632 3747 3807 3802 Etiam

2232 3837 2335 3892 hoc
2381 3838 2543 3906 ipsius
2571 3836 2866 3891 clementia:
2917 3835 3202 3888 maximum
3236 3845 3321 3889 est
3356 3847 3722 3907 argumentum
3753 3851 3808 3892 et

2234 3928 2507 3984 indicium.
2541 3927 2670 3982 Nam
2698 3927 2946 3997 quoniam
2987 3926 3118 3981 vidit
3164 3926 3398 3997 quotidie
3449 3929 3811 3983 iucurabiiiter

2235 4022 2353 4076 illos
2381 4035 2620 4091 peccare,
2646 4029 2701 4075 et
2733 4034 2837 4073 non
2888 4019 3059 4073 solum
3104 4019 3327 4074 nihilex
3376 4020 3626 4075 ineli‘abiii
3666 4022 3810 4074 tole-

2235 4114 2402 4167 rantia
2454 4124 2549 4166 sua
2602 4109 2880 4180 proﬁcere,
2931 4108 3027 4164 scd
3079 4117 3135 4163 et
3185 4109 3554 4165 incrudescere
3601 4110 3806 4173 ulcera,

2235 4212 2512 4273 pi-Opterea
2542 4200 2765 4256 succidit
2785 4208 3017 4269 tempus,
3035 4206 3095 4252 ut
3115 4214 3183 4253 ne
3209 4199 3395 4268 majori
3420 4198 3615 4253 scilicet
3637 4212 3812 4267 penna:

2233 4310 2293 4350 se
2320 4293 2578 4349 obnoxios
2605 4290 2859 4347 facerent.
2893 4292 2962 4343 Et
2985 4306 3105 4360 qua:
3123 4331 3138 4357 ,
3160 4290 3301 4344 dicet
3329 4289 3538 4358 aliquis,
3567 4288 3666 4343 hac
3691 4304 3812 4342 ma-

2229 4385 2318 4455 jor
2335 4391 2479 4438 esset
2500 4382 2692 4451 poena?
2715 4382 2807 4436 Est
2836 4380 3010 4451 plane,
3040 4389 3156 4447 est,
3178 4378 3372 4435 dilecte
3390 4420 3403 4442 ,
3434 4394 3589 4450 pmna
3619 4390 3671 4433 et
3693 4395 3809 4432 nia-

2229 4476 2337 4547 jor,
2364 4486 2418 4528 et
2444 4472 2748 4537 terribilior,
2775 4480 2829 4527 et
2856 4479 3130 4541 perpetua,
3161 4486 3353 4541 nempe
3387 4485 3503 4540 qua:
3543 4470 3597 4523 in
3633 4467 3816 4522 futuro

2235 4568 2454 4624 sazculo.
2486 4566 2711 4632 Quidam
2764 4566 2905 4620 enim
2934 4563 3141 4618 etiamsi
3186 4563 3269 4617 hic
3312 4576 3520 4634 poenam
3565 4559 3812 4624 subeant,

2236 4661 2346 4716 illic
2368 4668 2546 4714 tamen
2578 4674 2713 4715 ,non
2738 4655 2995 4726 effugiunt
3023 4696 3038 4721 ,
3072 4654 3167 4709 sed
3213 4654 3463 4709 leviorem
3503 4653 3812 4715 Sortientur,

2235 4752 2306 4806 ob
2323 4767 2440 4806 eam
2469 4763 2626 4819 quam
2650 4748 2735 4802 hic
2751 4748 2983 4802 tulerunt
2998 4746 3413 4816 magnitudinem
3430 4743 3812 4813 suppliciorum

2237 4844 2362 4900 hinc
2387 4845 2702 4897 minuentes.
2732 4841 2869 4895 Audi
2895 4840 3164 4895 Christum
3183 4840 3471 4901 dicentem,
3492 4848 3547 4893 et
3565 4839 3813 4892 miseram

2237 4941 2515 4990 vocantem
2564 4931 2842 4987 Bethsaida
2873 4949 2888 4985 :
2925 4928 3013 4985 Vte
3042 4929 3163 4997 tibi,
3188 4929 3474 4995 Chorazim,
3510 4929 3698 4999 inquit,
3746 4943 3822 4983 ua.-

2238 5026 2346 5090 tibi,
2375 5023 2650 5078 Betltsaida
2668 5037 2689 5076 :
2711 5022 2829 5093 quia
2847 5022 2892 5075 si
2917 5021 2970 5075 in
2998 5020 3238 5076 Sodomis
3259 5022 3407 5091 [περ
3431 5029 3593 5073 essent
3616 5019 3821 5072 uirtutes

2238 5114 2343 5168 illa:
2369 5129 2481 5183 qua?
2513 5115 2664 5182 facta
2700 5119 2816 5166 sunt
2835 5111 2890 5164 in
2938 5111 3093 5175 vobis,
3122 5110 3244 5164 olim
3290 5110 3342 5162 in
3373 5123 3517 5165 sacco
3559 5120 3607 5162 et
3657 5108 3822 5162 cinere

2241 5204 2581 5272 ptenitentiam
2604 5202 2836 5271 egissent.
2877 5199 3007 5254 Ideo
3035 5201 3149 5254 dico
3190 5199 3329 5254 vobis
3357 5199 3475 5268 quia
3513 5199 3828 5253 tolerabilius

2239 5297 2334 5350 erit
2376 5304 2522 5349 terra
2567 5293 2907 5349 Sodomorum
2953 5302 2998 5346 et
3052 5291 3348 5347 Comen-hat
3394 5292 3449 5344 in
3491 5292 3574 5344 die
3615 5290 3814 5361 judicii,

2240 5402 2392 5453 quant
2433 5385 2570 5439 vobis
2618 5382 2833 5454 (ﬂattlt.
2884 5384 2966 5438 Η.
3019 5383 3111 5438 21.
3159 5381 3269 5448 22ς
3311 5379 3439 5435 Luc.
3471 5381 3816 5449 “1.15.1”.

2246 5478 2427 5543 Vides,
2453 5476 2667 5541 dilecte,
2696 5475 2963 5545 quomodo
2986 5490 3108 5530 cum
3135 5475 3303 5540 dicit,
3325 5473 3661 5529 Tolerabilius
3687 5475 3780 5526 erit
3804 5515 3819 5537 ,

2242 5568 2478 5625 ostendit
2503 5568 2737 5624 eoslicet
2761 5577 2961 5622 tantam
2989 5566 3077 5623 hic
3117 5582 3328 5637 pmuam
3361 5565 3627 5632 dederint,
3656 5574 3711 5620 et
3741 5566 3822 5618 in-

2241 5660 2488 5717 cendium
2528 5658 2656 5714 illud
2683 5674 2876 5714 novum
2904 5668 2959 5713 et
2990 5672 3171 5712 rarum
3198 5657 3449 5721 tulerint,
3482 5657 3591 5711 illic
3616 5670 3825 5726 quoque

2243 5764 2453 5825 poenam
2475 5753 2678 5807 laturos
2706 5765 2845 5815 esse,
2879 5759 3249 5806 verumtamen
3269 5748 3520 5804 leviorem
3544 5791 3558 5812 ,
3592 5763 3660 5804 eo
3685 5748 3823 5819 quod

2243 5843 2397 5916 prius
2413 5841 2501 5897 hic
2523 5852 2720 5900 tantam
2756 5841 2961 5914 experti
2986 5841 3088 5899 sint
3117 5840 3573 5911 indignationem?
3614 5838 3691 5896 Ne
3736 5840 3818 5908 igi-
