4078 6420
294 434 406 496 9.19
444 472 468 492 --

301 557 401 609 διὰ
446 555 512 609 τὸ
554 552 705 609 εἶναι
746 554 965 621 αὐτοὺς
1003 557 1253 625 σάρκας,
1290 558 1620 628 προμηνύων
1662 558 1846 622 αὐτοῖς
1869 560 1969 630 τῆς

299 643 732 712 ἀγανακτήσεως
759 641 923 695 αὑτοῦ
941 642 1038 713 τὴν
1058 642 1365 714 ὑπερϐολήν
1387 661 1402 677 ο
1424 639 1543 698 εἶτα
1570 645 1657 698 ἵνα
1687 644 1763 716 δῷ
1788 646 1955 714 αὐτοῖς

301 728 496 800 καιρὸν
521 728 795 800 ἀρκοῦντα
826 729 965 800 πρὸς
998 731 1058 783 τὸ
1090 730 1509 799 μεταϐαλέσθαι,
1530 733 1627 786 καὶ
1659 732 1757 804 τὴν
1778 734 1973 803 πεῖραν

299 815 587 884 διαφυγεῖν
636 816 735 885 τῆς
790 816 1239 887 ἀγανακτήσεως,
1290 818 1488 889 φησίν·
1519 820 1772 872 Ἔσονται
1819 818 1876 871 δὲ
1914 819 1972 872 αἱ

302 903 509 974 ἡμέραι
539 903 719 957 αὐτῶν
759 902 853 975 ἐτη
903 904 1094 958 ἐκατὺν
1126 904 1297 959 είκοσι
1321 921 1335 937 ·
1375 906 1496 961 ἀντὶ
1540 907 1655 971 τοῦ,
1688 908 1969 979 μακροθυ-

304 993 468 1061 μήσω
494 991 574 1044 ἔτι
609 992 746 1062 μετά
779 991 846 1045 τά
879 991 1210 1046 πεντακόσια
1237 993 1353 1063 ἐτη.
1385 994 1520 1047 Οὐδέ
1550 998 1657 1069 γὰρ
1691 995 1969 1048 ἐπαύσατο

298 1081 333 1132 ό
360 1079 567 1141 δίκαιος
581 1071 733 1142 οὗτος
750 1080 808 1131 ἐν
832 1081 944 1142 τοῖς
972 1079 1346 1145 πεντακοσίοις
1363 1080 1507 1135 ἔτεσι
1528 1081 1615 1135 διὰ
1642 1083 1739 1151 τῆς
1761 1084 1968 1147 οίκείας

296 1166 674 1238 ’προσηγορίας
691 1167 899 1230 πάντας
925 1167 1122 1230 αὐτοὺς
1144 1168 1600 1239 ὑπομιμνήσκων,
1616 1169 1711 1222 καὶ
1733 1170 1966 1239 ἐνάγων,

298 1252 463 1324 είπερ
506 1251 787 1306 ἐϐούλοντο
822 1251 1136 1324 προσέχειν,
1170 1253 1311 1307 ὥστε
1339 1256 1560 1326 καὶτῆς
1606 1256 1803 1319 κακίας
1830 1257 1969 1310 ἀπο-

296 1340 497 1411 στῆναι
524 1340 619 1394 καὶ
648 1341 785 1411 πρὸς
803 1339 904 1412 τὴν
931 1341 1133 1411 ἀρετὴν
1166 1342 1592 1412 μετατάξασθαι.
1635 1343 1773 1396 Ἀλλ’
1794 1344 1965 1415 ὅμως,

297 1429 456 1497 φησὶ,
489 1427 583 1481 καὶ
608 1426 704 1481 νῦν
738 1426 818 1481 ἐτι
846 1425 1040 1481 ἐκατὺν
1077 1429 1248 1481 εἴκοσι
1274 1429 1412 1483 ἐτῶν
1431 1431 1662 1501 ἀριθμὸν
1685 1429 1970 1502 ὑπισχνοῦ-

298 1534 404 1585 μαι
432 1516 905 1588 μακροθυμήσειν,
930 1516 1019 1569 ἵνα
1041 1516 1118 1587 τῷ
1147 1516 1349 1588 μεταξύ
1383 1519 1558 1590 χρόνῳ
1584 1521 1663 1583 εἰς
1691 1519 1808 1573 δέον
1829 1536 1968 1591 χρη-

298 1604 548 1673 σάμενοι,
581 1603 676 1656 καὶ
705 1601 801 1673 τὴν
833 1602 1032 1656 κακίαν
1057 1602 1291 1672 φύγωσι,
1331 1605 1423 1658 καὶ
1451 1608 1551 1676 τῆς
1585 1606 1785 1677 ἀρετῆς
1818 1607 1968 1659 ἀντι-

293 1691 587 1745 λάϐωνται.
631 1691 736 1743 Καὶ
763 1691 822 1742 οὐ
858 1689 1018 1761 μόνον
1042 1693 1105 1761 τῇ
1135 1691 1428 1761 ὑποσχέσει
1460 1692 1569 1746 τῶν
1597 1693 1735 1746 ἐτῶν
1766 1693 1965 1748 ἑκατὸν

296 1775 750 1847 εἴκοσιὴρκέσθη,
776 1775 911 1829 ἀλλά
939 1777 1034 1829 καὶ
1055 1775 1133 1847 τῷ
1149 1776 1343 1848 δικαίῳ
1379 1778 1705 1848 προστάττει
1733 1779 1966 1835 κιϐωτὸν

291 1864 682 1935 τεκτήνασθαι,
735 1863 822 1917 ἴνα
864 1863 958 1916 καὶ
989 1861 1129 1936 αὐτὴ
1164 1866 1197 1935 ἡ
1231 1865 1352 1935 ὄψις
1380 1867 1478 1936 τῆς
1536 1866 1768 1921 κιϐωτοῦ
1803 1868 1966 1923 πάλιν

292 1951 573 2023 ἀρκοῦσαν
588 1951 770 2014 αὐτοῖς
788 1949 1094 2021 ὑπόμνησιν
1110 1951 1387 2025 παράσχῃ,
1411 1953 1505 2006 καὶ
1524 1953 1713 2025 μηδεὶς
1724 1956 1965 2029 ἀγνοήσῃ

291 2049 399 2118 τῆς
450 2046 750 2120 μελλούσης
796 2045 1066 2117 τιμωρίας
1110 2047 1412 2116 ἐπάγεσθαι
1442 2048 1501 2101 τὸ
1534 2048 1782 2119 μέγεθος.
1820 2049 1964 2103 Αὐτὸ

292 2146 410 2217 γὰρ
439 2142 597 2198 τοῦτο
650 2143 741 2195 τὸν
791 2141 996 2196 δίκαιον
1039 2144 1245 2197 ἐκεῖνον
1278 2144 1371 2197 καὶ
1401 2145 1479 2207 εἰς
1522 2145 1620 2215 τὴν
1648 2144 1828 2216 ἄκραν
1861 2146 1963 2215 τῆς

291 2240 540 2313 κορυφῆς
593 2236 876 2307 φθάσαντα
929 2238 1197 2310 τοσαύτην
1243 2239 1513 2293 ποιεῖσθαι
1553 2239 1786 2312 σπουδὴν
1834 2240 1962 2311 περὶ

288 2338 393 2408 τὴν
419 2336 516 2404 τῆς
553 2332 784 2387 κιϐωτοῦ
818 2334 1183 2405 κατασκευὴν,
1221 2335 1404 2391 ἱκανὸν
1442 2337 1653 2401 πάντας
1673 2337 1799 2402 τοὺς
1837 2335 1962 2391 νοῦν

291 2433 514 2504 ἔχοντας
572 2432 650 2492 εἰς
698 2429 937 2498 ἀγωνίαν
978 2430 1074 2483 καὶ
1114 2431 1278 2500 φόϐον
1321 2432 1606 2504 ἐμϐαλεῖν,
1649 2434 1743 2487 καὶ
1778 2435 1961 2487 πεῖσαι

288 2525 741 2599 ἐξευμενίσασθαι
770 2524 857 2578 τὸν
888 2523 1061 2589 οὑτως
1090 2526 1296 2599 ἥμερον
1335 2526 1430 2581 καὶ
1461 2527 1839 2598 φιλάνθρωπον
1866 2528 1962 2580 Δε-

293 2626 519 2694 σπότην.
557 2622 619 2674 Εἰ
646 2620 753 2691 γὰρ
784 2621 835 2673 οἱ
857 2619 1122 2692 βάρϐαροι
1158 2622 1379 2687 ἐκεῖνοι,
1408 2624 1456 2676 οί
1484 2622 1926 2691 Νινευῖταιλέγω
1944 2639 1958 2653 ο

291 2718 459 2775 πάλιν
488 2717 596 2788 γὰρ
652 2715 852 2778 αὐτοὺς
898 2714 1194 2784 ἀναγκαῖον
1245 2717 1325 2780 είς
1363 2716 1526 2787 μέσον
1571 2716 1821 2786 ἀγαγεῖν,
1876 2715 1962 2770 ἵνα

288 2814 467 2885 ταύτῃ
518 2812 613 2869 καὶ
661 2810 862 2881 μᾶλλον
898 2809 1080 2881 δειχθῇ
1128 2810 1452 2865 καὶτούτων
1479 2813 1513 2883 ἡ
1545 2810 1962 2873 ὑπερϐάλλουσα

288 2910 483 2973 κακία,
513 2907 782 2961 κάκείνων
809 2907 842 2977 ἡ
885 2905 1054 2977 πολλὴ
1086 2905 1493 2978 εὐγνωμοσύνη.
1526 2908 1637 2962 Καὶ
1665 2906 1775 2978 γάρ
1803 2908 1831 2960 ὁ
1858 2908 1959 2959 Δε-

290 3005 500 3074 σπότης
524 3002 679 3075 ἡμῶν
708 3003 827 3056 τότε
874 3003 932 3054 ἐν
977 3003 1043 3072 τῇ
1085 3000 1269 3072 ἡμέρᾳ
1315 3002 1498 3073 ἐκείνῃ
1540 3005 1606 3074 τῇ
1639 3002 1865 3074 φοϐερᾷ,

286 3098 393 3168 τῆς
420 3098 651 3167 κρίσεως
684 3095 847 3165 λέγω,
872 3094 1094 3158 δούλους
1129 3095 1223 3149 καὶ
1246 3093 1466 3158 δούλους
1491 3096 1572 3158 εἰς
1605 3095 1767 3166 μέσον
1787 3096 1957 3165 ἄγων,

287 3190 438 3246 οὕτω
459 3189 558 3262 τὴν
585 3189 908 3261 κατάκρισιν
959 3188 1270 3260 ἐργάζεται,
1310 3189 1439 3242 ὅταν
1470 3188 1755 3260 δειχθῶσιν
1775 3192 1822 3243 οἱ
1851 3189 1959 3243 τῶν

287 3286 471 3341 αὐτῶν
490 3285 895 3349 ἀπολαύσαντες
922 3284 1017 3338 καὶ
1045 3284 1153 3338 τῶν
1181 3283 1360 3337 αὐτῶν
1385 3285 1741 3356 μετασχόντες
1761 3285 1837 3357 μὴ
1859 3285 1957 3358 τὴν

288 3384 462 3456 αὐτὴν
487 3383 689 3455 ἀρετὴν
725 3381 1071 3454 μετελθόντες
1094 3396 1108 3411 ⁸
1143 3380 1403 3444 πολλάκις
1431 3379 1488 3433 δὲ
1524 3382 1619 3435 καὶ
1648 3380 1706 3448 ἐξ
1758 3382 1957 3436 ἀνίσων

287 3482 526 3535 ποιεῖται
570 3479 669 3543 τὰς
705 3478 1038 3548 συγκρίσεις,
1096 3478 1183 3531 ῖνα
1224 3478 1442 3531 πλείονα
1484 3478 1583 3548 τὴν
1632 3480 1957 3550 κατάκρισιν

289 3579 405 3641 τοῖς
452 3573 895 3648 ἐῤῥᾳθυμηκόσιν
938 3573 1215 3646 ἐπαγάγῃ.
1263 3572 1361 3625 Διά
1398 3570 1554 3626 τοῦτο
1604 3574 1698 3627 καὶ
1750 3577 1807 3627 ἐν
1847 3577 1959 3638 τοῖς

292 3669 645 3741 Εὐαγγελίοις
662 3668 874 3737 ἔλεγενο
913 3665 1157 3736 Ἄνδρες
1190 3666 1487 3721 Αἰνευῖται
1508 3667 1959 3735 ἀναστήσονται

284 3772 363 3825 ἐν
395 3768 471 3839 τῇ
496 3769 689 3838 κρίσει
711 3764 861 3836 μετὰ
893 3765 1006 3834 τῆς
1034 3763 1242 3836 γενεᾶς
1278 3767 1519 3833 ταύτης,
1552 3766 1650 3819 καί
1685 3782 1952 3833 κατακρι-

198 3914 207 3922 ,
290 3864 510 3921 νοῦσιν
528 3861 744 3931 αὐτὴν,
770 3861 860 3915 ὅτι
890 3861 1267 3932 μετενόησαν
1285 3864 1372 3928 εἰς
1400 3860 1464 3914 τὸ
1489 3860 1762 3932 κήρυγμα
1777 3860 1956 3928 Ἰωνᾶ,

288 3962 393 4025 καὶ
434 3960 563 4017 ίδοὺ
610 3959 825 4014 πλεῖον
868 3957 1038 4016 Ἰωνᾶ
1073 3953 1218 4013 ὦδε·
1252 3958 1533 4030 μονονουχὶ
1555 3959 1748 4027 λέγων,
1789 3961 1870 4013 ὅτι
1906 3962 1955 4014 οί

287 4062 560 4136 βάρϐαροι
584 4061 632 4115 οί
664 4060 931 4131 μηδεμιᾶς
982 4057 1298 4129 ἐπιμελείας
1333 4058 1758 4123 ἀπολαύσαντες,
1796 4060 1846 4112 οί
1880 4061 1954 4131 μὴ

289 4153 648 4228 προφητικῶν
667 4153 1011 4223 διδαγμάτων
1052 4152 1400 4217 ἀκούσαντες,
1427 4155 1475 4205 οί
1501 4157 1700 4223 σημεῖα
1729 4155 1802 4224 μὴ
1831 4154 1957 4208 θεα-

290 4251 542 4324 σάμενοι,
596 4249 647 4302 οί
697 4246 953 4318 θαύματα
990 4247 1066 4318 μὴ
1099 4245 1317 4313 ἰδόντες,
1352 4247 1467 4301 ἀλλ’
1506 4248 1624 4310 ἐνὸς
1667 4248 1955 4322 ἀνθρώπου

287 4348 358 4402 ἐκ
388 4344 649 4411 ναυαγίου
695 4340 1050 4404 διασωθέντος
1104 4342 1324 4414 ῥήματα
1376 4343 1706 4408 ἀκούσαντες
1755 4345 1955 4417 πολλὴν

289 4441 476 4503 αὐτοῖς
509 4438 610 4501 τὴν
644 4435 953 4506 ἀπόγνωσιν
977 4440 1278 4508 παρασχεῖν
1304 4437 1598 4509 δυνάμενα,
1618 4439 1802 4504 καὶείς
1820 4441 1958 4513 ἀμη-

287 4536 485 4607 χανίαν
513 4524 795 4604 ἐμϐαλεῖν,
825 4532 900 4596 ὡς
916 4533 1010 4586 καὶ
1031 4533 1304 4605 ὑπεριδεῖν
1330 4534 1437 4587 τῶν
1459 4535 1589 4606 παρ’
1611 4535 1775 4589 αὐτοῦ
1807 4537 1948 4605 λεγο-

292 4629 497 4702 μένων,
553 4627 616 4682 οὐ
671 4628 831 4700 μόνον
862 4628 923 4682 οὐ
959 4629 1371 4711 κατεφρόνησαν
1397 4629 1507 4684 τῶν
1551 4630 1645 4684 τοῦ
1680 4635 1957 4705 προφήτου
2016 4670 2029 4689 ι

291 4725 577 4799 ῥημάτων,
606 4724 743 4779 ἀλλά
761 4725 855 4777 καὶ
873 4725 954 4788 είς
974 4724 1141 4797 τριῶν
1161 4726 1385 4797 ἡμερῶν
1416 4728 1775 4799 στενοχωρίαν
1804 4727 1956 4802 [2521

289 4818 728 4892 ἀποληφθέντες,
779 4816 950 4882 οὕτως
999 4819 1202 4889 ἀκριϐῆ
1263 4819 1357 4872 καὶ
1406 4821 1807 4893 συντεταμένην
1862 4823 1960 4895 τὴν

295 4908 586 4980 μετάνοιαν
618 4907 986 4974 ἐπεδείξαντο,
1012 4908 1154 4963 ὥστε
1183 4910 1284 4980 τὴν
1314 4912 1589 4979 ἀπόφασιν
1622 4915 1960 4969 ἀνακαλέσα-

294 4998 421 5054 σθαι
458 4997 550 5053 τοῦ
579 4998 872 5051 Δεσπότου,
899 4990 1059 5052 Οὗτοι
1092 4994 1204 5064 οὖν,
1232 5000 1386 5070 φησὶ,
1419 5005 1809 5074 κατακρινοῦσι
1838 5005 1962 5060 ταύ-

289 5110 397 5163 την
420 5093 520 5164 τὴν
544 5092 759 5161 γενεάν,
788 5092 888 5164 τὴν
918 5094 1185 5165 τοσαύτης
1203 5094 1589 5151 ἀπολαύσασαν
1619 5099 1956 5169 ἐπιμελείας,

290 5186 397 5257 τὴν
427 5190 789 5259 προφητικαῖς
834 5189 1192 5260 ἐντραφεῖσαν
1229 5189 1452 5259 βίϐλοις,
1501 5191 1598 5262 τὴν
1637 5197 1838 5264 σημεῖα
1869 5197 1963 5251 καὶ

287 5282 499 5353 τέρατα
548 5284 670 5337 καθ’
700 5284 938 5355 ἑκάστην
992 5284 1204 5356 ἡμέραν
1234 5284 1534 5357 θεωμένην.
1587 5285 1719 5343 Εἶτα
1755 5291 1842 5344 ἵνα
1869 5294 1963 5348 καὶ

289 5378 500 5432 τούτων
535 5378 636 5448 τῆς
682 5378 939 5443 ἀπιστίας
979 5379 1128 5452 δείξῃ
1181 5378 1280 5451 τὴν
1325 5380 1653 5454 ὑπερϐολὴν,
1693 5386 1962 5442 κάκείνων

292 5473 395 5543 τὴν
413 5475 615 5547 ἄφατον
631 5475 1072 5547 εὐγνωμοσύνην,
1101 5476 1402 5547 ἐπήγαγεν,
1431 5477 1560 5531 Ὅτι
1585 5484 1965 5550 μετενόησαν

290 5572 384 5635 είς
437 5569 504 5623 τὸ
547 5569 821 5639 κήρυγμα
856 5569 1048 5636 Ἰωνᾶ,
1080 5570 1177 5625 καί
1204 5571 1332 5625 ιδοὺ
1362 5573 1575 5627 πλεῖον
1615 5575 1782 5631 Ἰωνᾶ
1810 5572 1960 5634 ὦδεο

291 5666 494 5719 ἐκεῖνοι
559 5665 677 5736 μὲν,
724 5665 909 5735 φησιν,
955 5666 1147 5738 εὐτελῆ
1193 5666 1477 5740 ἄνθρωπον
1507 5669 1832 5744 θεασάμενοι
1876 5679 1975 5734 τόκ

304 5759 514 5823 Ἰωνᾶν,
548 5761 642 5814 καὶ
670 5758 918 5825 ἐδέξαντο
941 5762 1003 5815 τὸ
1030 5765 1160 5835 παρ’
1188 5764 1353 5818 αὐτοῦ
1378 5768 1660 5838 κήρυγμα.
1684 5772 1778 5824 καὶ
1805 5772 1964 5843 ἀκρι-

290 5855 566 5924 ϐεστάτην
597 5855 937 5922 ἐπεδείξαντο
978 5856 1076 5927 τὴν
1103 5859 1392 5928 μετάνοιαν
1412 5877 1427 5894 ο
1457 5856 1602 5916 οὗτοι
1620 5862 1674 5917 δὲ
1702 5866 1750 5917 οί
1783 5865 1963 5937 πολλῷ

541 5948 809 6010 ΡΑτιιοι.
850 5948 968 6009 Gn.
1011 5950 1163 6015 LIII.

1447 437 1516 496 IN
1551 434 1701 498 CAP.
1750 437 1833 499 VII
1860 439 2103 501 GENES.
2148 448 2381 508 IiOMIL.
2428 453 2590 511 XXV.
3640 468 3744 522 τὶἚο

2079 562 2249 619 πλείω
2296 568 2390 640 τοῦ
2439 570 2608 637 Ἰωνᾶ,
2663 573 2756 626 καὶ
2801 575 2961 628 αὐτὸν
2991 575 3081 630 τὸν
3105 577 3213 631 τῶν
3235 578 3369 632 ὅλων
3415 579 3745 653 δημιουργὸν

2074 659 2310 729 ὁρῶντες
2353 665 2451 718 σὺν
2486 667 2669 733 αὐτοῖς
2713 672 3314 743 συναναστρεφόμενον,
3372 675 3464 728 καὶ
3508 677 3744 730 τοσαῦτα

2076 756 2170 809 καὶ
2182 758 2406 813 τοιαῦτα
2429 760 2709 832 θαυμάσια
2728 766 2811 835 ἐφ’
2838 766 3077 840 ἑκάστης
3097 769 3482 840 ἐργαζόμενον,
3511 771 3742 843 λεπροὺς

2075 851 2423 923 καθαίροντα,
2476 861 2702 931 νεκροὺς
2737 862 3040 935 ἐγείροντα,
3069 863 3138 917 τά
3172 863 3483 936 πηρὼματα
3510 865 3608 937 τῆς·
3640 864 3744 937 φύ-

2077 961 2214 1011 σεως
2246 948 2646 1024 διορθούμενον,
2683 957 2945 1029 δαίμονας
2997 959 3307 1026 ἐλαύνοντα,
3353 960 3541 1025 νόσους
3578 959 3743 1031 ίώμε-

2075 1056 2183 1106 νον,
2214 1046 2329 1112 μετ’
2357 1045 2604 1114 ἐξουσίας
2633 1050 2834 1123 πολλῆς
2864 1054 3275 1126 ἁμαρτημάτων
3301 1054 3494 1125 ἄφεσιν
3518 1054 3742 1126 χαριζό-

2076 1152 2258 1205 μενον,
2283 1140 2404 1194 οὐδέ
2461 1144 2562 1215 τὴν
2600 1147 2768 1220 αὐτὴν
2817 1151 2926 1212 τοῖς
2980 1147 3272 1220 βαρϐάροις
3311 1148 3491 1202 πίστιν
3531 1147 3744 1202 ἐπεδεί-

2074 1227 2252 1293 ξαντο.

2144 1365 2206 1432 β’.
2249 1364 2388 1419 Ἀλλ’
2424 1369 2517 1423 ἐπὶ
2552 1371 2651 1443 τὴν
2680 1373 2998 1429 ἀκολουθίαν
3033 1374 3415 1444 ἐπανέλθωμεν
3444 1375 3533 1429 τοῦ
3555 1372 3738 1442 λόγου,

2073 1457 2159 1512 ἴνα
2184 1461 2329 1533 εἰδῇς
2356 1464 2449 1518 καὶ
2478 1466 2680 1520 τούτων
2702 1473 2799 1539 τῆς
2827 1471 3216 1542 ἀγνωμοσύνης
3235 1473 3332 1543 τὴν
3354 1471 3623 1533 ἐπίτασιν.
3644 1471 3740 1524 καὶ

2071 1554 2293 1609 ἐκείνων
2319 1559 2417 1630 τῆς
2434 1561 2847 1635 εὐγνωμοσύνης
2871 1566 2931 1619 τὺ
2952 1567 3206 1620 ἐπίπονον
3225 1584 3237 1597 ’
3265 1566 3360 1619 καὶ
3388 1567 3469 1619 ὅτι
3497 1566 3737 1617 κάκεῖνοι

2074 1652 2172 1722 μὲν
2190 1653 2245 1704 ἐν
2265 1656 2440 1722 τρισὶν
2459 1659 2695 1730 ἡμέραις
2721 1662 3236 1733 στενοχωρηθέντες,
3258 1662 3379 1716 οὐδὲ
3417 1660 3588 1724 οὕτως
3634 1659 3739 1713 ἀπ-

2068 1746 2374 1819 ηγόρευσαν
2404 1752 2584 1807 αὐτῶν
2613 1755 2711 1826 τὴν
2747 1758 3039 1829 σωτηρίαν,
3070 1759 3183 1812 ἀλλ’
3209 1759 3301 1812 ἐπὶ
3328 1759 3425 1830 τὴν
3449 1754 3738 1828 μετάνοιαν

2070 1844 2402 1911 σπεύσαντες
2460 1849 2552 1903 καὶ
2596 1849 2665 1903 τὰ
2704 1853 3067 1924 ἡμαρτημένα
3116 1855 3470 1924 ἀπενίψαντο,
3512 1852 3605 1906 καὶ
3637 1850 3737 1922 τῆς

2068 1943 2478 2015 φιλανθρωπίας
2494 1947 2594 2001 ’τοῦ
2611 1949 2880 2003 Δεσπότου
2907 1950 3088 2014 ἀξίους
3113 1952 3337 2013 ἑαυτοὺς
3358 1949 3730 2018 κατέστησαν·

2066 2031 2212 2094 οὗτοι
2242 2040 2298 2094 δὲ
2326 2042 2480 2096 αὐτοὶ
2518 2044 2709 2098 ἑκατὸν
2732 2046 2906 2099 εἴκοσι
2938 2047 3073 2099 ἐτῶν
3112 2044 3448 2116 προθεσμίαν
3479 2044 3733 2109 λαϐόντες

2067 2134 2203 2205 πρὸς
2230 2137 2537 2206 μετάνοιαν,
2560 2140 2681 2192 οὐδὲ
2703 2139 2875 2204 οὑτως
2910 2141 3194 2195 ἀπώναντό
3226 2159 3278 2195 τι
3306 2141 3487 2194 πλέον.
3517 2139 3606 2191 Διὸ
3638 2138 3733 2192 καὶ

2064 2229 2094 2282 ό
2111 2230 2386 2300 Δεσπότης
2411 2234 2554 2303 ὁρῶν
2594 2235 2776 2288 αὐτῶν
2812 2239 2911 2308 τῆς
2941 2237 3139 2300 κακίας
3161 2236 3259 2307 τὴν
3285 2234 3610 2308 ὑπερϐολὴν,
3637 2235 3732 2288 καὶ

2065 2317 2252 2389 ἐπειδὴ
2303 2316 2441 2374 εἶδεν
2489 2324 2570 2387 είς
2607 2324 2807 2396 πολλὴν
2866 2327 3062 2380 κακίαν
3089 2325 3479 2391 ἐξοκείλαντας,
3509 2327 3732 2394 ταχεῖαν

2064 2415 2248 2480 αὐτοῖς
2306 2417 2499 2486 ἐπάγει
2526 2418 2625 2491 τὴν
2656 2420 2957 2491 διόρθωσιν,
2989 2420 3088 2490 τῆς
3123 2422 3299 2490 κακῆς
3342 2419 3523 2475 αὐτῶν
3552 2419 3730 2490 ζύμης

2063 2509 2160 2580 τὴν
2181 2510 2445 2582 πονηρίαν
2476 2513 2762 2583 ἀφανίσας,
2791 2516 2885 2570 καὶ
2901 2515 3145 2570 ἐκποδὼν
3173 2515 3423 2587 ποιήσας.
3455 2513 3553 2568 Διὰ
3573 2512 3730 2566 τοῦτό

2064 2624 2137 2679 φη
2146 2625 2197 2661 σι
2219 2624 2233 2639 °
2254 2608 2393 2664 Νῶε
2418 2609 2488 2664 δὲ
2510 2605 2590 2683 ἧν
2599 2611 2751 2668 ἐτῶν
2763 2592 3118 2679 ἑξακοσίων,
3139 2611 3241 2668 καί
3255 2614 3289 2666 ό
3306 2610 3731 2679 κατακλυσμὸς

2062 2704 2169 2759 τοῦ
2201 2704 2417 2773 ὕδατος
2463 2707 2699 2779 ἐγένετο
2717 2708 2815 2764 ἐπὶ
2846 2709 2957 2779 τῆς
2988 2708 3120 2779 τῆς.
3148 2709 3297 2772 Τέως
3334 2707 3611 2778 ἐμάθομεν
3647 2705 3730 2758 ὅτι

2062 2799 2225 2870 ἡνίκα
2259 2801 2359 2873 μὲν
2391 2802 2425 2873 ἡ
2469 2803 2839 2874 ἀγανάκτησις
2869 2803 3060 2873 γέγονε
3106 2802 3201 2857 τοῦ
3240 2803 3532 2867 Δεσπότου,
3564 2802 3659 2855 καὶ
3695 2803 3730 2873 ἡ

2064 2898 2390 2973 πρόρρησις,
2441 2902 2811 2956 πεντακοσίων
2848 2898 2918 2974 ἦν
2985 2902 3139 2957 ἐτῶν.
3173 2901 3305 2957 Ὀτε
3348 2902 3404 2955 δὲ
3441 2900 3652 2972 ἐπήχθη
3701 2903 3729 2955 ὁ

2063 2994 2466 3066 κατακλυσμὸς,
2520 2995 2837 3063 ἑξακοσίων,
2877 2998 2952 3062 ὡς
3005 2997 3198 3052 ἐκατδν
3233 2998 3328 3069 ἐτη
3384 3001 3440 3052 ἐν
3477 2998 3553 3070 τῷ
3583 2999 3731 3068 μέσῳ

2062 3089 2339 3158 γενέσθαι,
2364 3090 2458 3144 καὶ
2481 3092 2616 3162 μηδὲ
2644 3094 2702 3147 ἐν
2729 3095 2841 3156 τοῖς
2862 3093 3054 3147 ἑκατὸν
3083 3093 3227 3146 ἔτεσι
3249 3093 3505 3164 κερδᾶναι
3530 3093 3729 3155 αὐτούς

2060 3202 2114 3238 τι
2171 3185 2350 3253 πλέον,
2415 3186 2685 3259 τοσαύτης
2741 3188 3114 3252 ἀπολαύοντας
3151 3188 3500 3251 διδασκαλίας
3541 3189 3605 3241 ἐκ
3630 3174 3726 3259 τῆς

2061 3279 2610 3353 κατασκευαζομένης
2638 3281 2743 3336 ὑπὸ
2772 3282 2866 3336 τοῦ
2895 3282 3017 3336 Νῶε
3043 3282 3297 3338 κιϐωτοῦ.
3344 3283 3488 3336 Ἀλλ’
3513 3285 3643 3348 ἴσως
3662 3285 3727 3339 ἀν

2058 3391 2143 3439 τις
2167 3376 2356 3447 μαθεῖν
2384 3376 2754 3451 ἐπιζητήσειε,
2784 3378 2928 3443 τίνος
2957 3378 3141 3433 ἕνεκεν
3157 3377 3348 3443 εἰπὼν,
3373 3377 3626 3433 Ἑκατὸν
3649 3376 3734 3430 ει-

2059 3486 2197 3525 κοσι
2222 3471 2325 3540 ἐτη
2348 3473 2587 3528 ἔσονται
2609 3477 2668 3529 αἱ
2682 3475 2891 3544 ἡμέραι
2913 3472 3131 3540 αὐτῶν,
3152 3474 3247 3527 καὶ
3261 3473 3726 3543 ἐπαγγειλάμενος

2060 3568 2296 3622 τοσαῦτα
2353 3571 2817 3642 μακροθυμήσειν,
2851 3569 2959 3641 πρὸ
3005 3569 3106 3640 τῆς
3152 3569 3358 3623 τούτων
3391 3569 3725 3640 συμπληρώ-

2062 3684 2199 3731 σεως
2253 3667 2350 3739 τὴν
2398 3669 2774 3741 πανωλεθρίαν
2809 3671 3076 3742 ἐπήγαγε.
3110 3671 3221 3723 Καὶ
3247 3669 3405 3723 τοῦτο
3431 3670 3530 3740 τῆς
3562 3668 3725 3722 αὐτοῦ

2061 3764 2470 3839 φιλανθρωπίας
2502 3768 2757 3839 μέγιστον
2777 3768 2842 3822 ἂν
2871 3769 2953 3839 εἴη
2977 3768 3194 3839 δεῖγμα.
3239 3766 3455 3840 Ἐπειδὴ
3479 3768 3589 3840 γὰρ
3618 3762 3727 3821 εἶδε

2062 3859 2182 3914 καθ’
2210 3862 2446 3932 ἑκάστην
2467 3862 2679 3932 ἡμέραν
2702 3863 2897 3917 ἀνίατα
2913 3862 3345 3934 ἁμαρτάνοντας,
3371 3863 3463 3915 καὶ
3479 3862 3541 3914 οὐ
3567 3863 3727 3933 μόνον

2059 3955 2210 4009 οὐδὲν
2255 3956 2634 4027 κερδαίνοντας
2662 3959 2726 4010 ἐκ
2765 3960 2866 4027 τῆς
2910 3958 3117 4026 ἀφάτου
3150 3957 3553 4028 μακροθυμίας,
3589 3957 3726 4010 ἀλλά

2060 4052 2154 4103 καὶ
2182 4051 2544 4113 ἐπιτείνοντας
2565 4051 2634 4103 τά
2655 4051 2810 4121 ἒλκη,
2832 4051 2921 4104 διὰ
2940 4049 3098 4104 τοῦτο
3111 4050 3369 4120 συνέτεμε
3395 4050 3484 4103 τὸν
3512 4051 3724 4121 χρόνον,

2058 4141 2197 4195 ὥστε
2227 4142 2300 4213 μὴ
2331 4142 2537 4212 μείζονι
2569 4145 2812 4215 τιμωρίᾳ
2843 4144 3181 4210 ὑπευθύνους
3224 4145 3421 4207 αὐτοὺς
3452 4145 3726 4214 καταστῆι

2059 4249 2167 4288 ναι.
2190 4236 2299 4289 Καὶ
2322 4237 2471 4302 ποία,
2504 4238 2659 4308 φησὶ,
2682 4239 2881 4309 μείζων
2902 4236 2970 4310 ἦν
2985 4238 3191 4309 ταύτης
3217 4238 3488 4310 τιμωρία;
3516 4237 3725 4307 Ἔστιν,

2061 4331 2331 4403 ἀγαπητέ,
2367 4335 2462 4387 καὶ⁴
2496 4335 2714 4405 μείζων,
2750 4336 2844 4390 καὶ
2875 4336 3244 4408 φοϐερωτέρα,
3284 4335 3379 4389 καὶ
3406 4333 3654 4405 διαρκὴς,
3688 4332 3724 4402 ἡ

2062 4429 2202 4483 κατά
2242 4429 2335 4486 τὸν
2374 4431 2636 4501 μέλλοντα
2664 4433 2857 4488 αἰῶνα.
2891 4434 3014 4487 Ὅτι
3051 4434 3161 4503 γὰρ
3185 4432 3285 4487 κᾶν
3306 4431 3540 4485 ἐνταῦθα
3571 4431 3728 4502 δίκην

2061 4525 2203 4588 τινὲς
2234 4526 2566 4597 ὑποσχῶσιν,
2598 4528 2718 4582 οὐδὲ
2743 4530 2841 4600 τὴν
2876 4529 3025 4602 [253]
3058 4532 3174 4582 ἐκεῖ
3206 4528 3476 4600 τιμωρίαν
3501 4526 3725 4596 διαφεύ-

2063 4620 2264 4687 ξονται,
2295 4625 2428 4679 ἀλλά
2456 4626 2793 4699 κουφοτέραν
2820 4627 3216 4699 ὑποστήσονται
3240 4626 3328 4680 διὰ
3356 4624 3462 4679 τῶν
3493 4621 3728 4678 ἐνταῦθα

2063 4720 2403 4788 συμϐάντων,
2426 4720 2488 4774 τὸ
2512 4722 2741 4792 μέγεθος
2763 4722 2869 4775 τῶν
2892 4724 3008 4778 ἐκεῖ
3033 4720 3404 4793 κολαστηρίων
3429 4718 3727 4788 ὑποτεμνό-

2066 4830 2236 4884 μενοι,
2270 4812 2432 4868 ἄκουε
2463 4815 2556 4869 τοῦ
2582 4817 2820 4887 Χριστοῦ
2853 4817 3100 4887 λέγοντος
3124 4817 3215 4870 καὶ
3241 4812 3616 4878 ταλανίζοντος
3627 4810 3727 4897 ei}!

2063 4908 2354 4978 Βηθσαῖδᾶε
2392 4910 2540 4964 Οὐαί
2574 4927 2691 4976 σοι,
2717 4910 3025 4980 Χωραζεὶμ,
3072 4911 3266 4982 φησὶν,
3301 4908 3439 4962 οὐαί
3470 4922 3589 4974 σοι,
3622 4907 3730 4972 Bn-

2063 5001 2301 5069 θσαϊδᾶ,
2345 5004 2433 5059 ὅτι
2477 5008 2529 5060 ει
2552 5006 2622 5060 ἐν
2640 5008 2926 5078 Σοδόμοις
2952 5007 3228 5078 ἐγένοντο
3266 5010 3325 5061 αἱ
3352 5004 3635 5074 δυνάμεις
3664 5005 3727 5057 al

2062 5100 2373 5168 γενόμεναι
2429 5101 2499 5155 ἐν
2536 5102 2696 5171 ὑμῖν,
2728 5102 2914 5158 πάλαι
2961 5104 3038 5158 ἂν
3057 5104 3128 5158 ἐν
3159 5103 3365 5167 σάκκῳ
3389 5102 3486 5157 καὶ
3517 5100 3727 5168 σποδῷ
3803 5090 3819 5107 ’

2062 5196 2455 5264 μετενόησαν.
2499 5196 2598 5250 Διὸ
2644 5196 2798 5267 λέγω
2833 5199 2994 5269 ὑμῖν,
3040 5198 3429 5267 ἀνεκτότερον
3460 5192 3729 5264 ἐσταιγῇ

2070 5288 2342 5358 Σοδόμων
2392 5291 2490 5344 καὶ
2536 5293 2846 5362 Γομόρρας
2894 5294 2963 5348 ὲν
2994 5293 3182 5363 ἡμέρᾳ
3217 5292 3469 5361 κρίσεως
3500 5290 3543 5358 ἢ
3567 5291 3725 5358 ὑμῖν.

2076 5383 2258 5455 Ὁρᾷς,
2283 5386 2556 5457 ἀγαπητὰ
2588 5387 2706 5452 πῶς
2742 5389 2820 5459 τῷ
2844 5392 3035 5455 εἰπεῖν,
3076 5389 3500 5457 Ἆνεκτότερον,
3529 5384 3731 5451 ἔδειξεν

2064 5480 2145 5534 ὅτι
2168 5482 2262 5534 καὶ
2289 5484 2338 5535 οἱ
2370 5483 2639 5556 τοσαύτην
2674 5484 2906 5539 ἐνταῦθα
2949 5484 3104 5556 δίκην
3141 5485 3344 5548 δόντες,
3386 5482 3479 5536 καὶ
3510 5481 3603 5536 τὸν
3627 5483 3731 5550 ἐμ-

2064 5576 2319 5647 πρησμὸν
2373 5577 2578 5631 ἐκεῖνον
2630 5579 2721 5632 τὸν
2751 5579 2937 5633 καινὸν
2992 5580 3086 5633 καὶ
3119 5579 3266 5644 ξένον
3315 5576 3729 5647 ὑπομείναντες,

2063 5671 2228 5723 κάκεῖ
2252 5688 2373 5724 τινα
2402 5672 2673 5742 τιμωρίαν
2700 5675 3116 5745 ὑποστήσονται,
3139 5673 3476 5744 κουφοτέραν
3496 5670 3552 5723 δὲ
3579 5671 3729 5740 ὅμως

2063 5766 2152 5820 διὰ
2193 5768 2255 5821 τὸ
2315 5769 2685 5840 προλαϐόντας
2713 5770 2946 5826 ἐνταῦθα
2987 5772 3253 5845 τοσαύτης
3280 5769 3606 5842 πειραθῆναι
3630 5764 3729 5834 τῆς

2067 5870 2527 5941 ἀγανακτήσεως;
2571 5869 2784 5929 ἰνόῦν
2814 5875 2889 5948 μὴ
2936 5876 3030 5929 καὶ
3075 5869 3219 5930 οὗτοι
3275 5869 3631 5929 ἐπιτείνοντες
3656 5863 3726 5918 τὰ

3286 5964 3354 6017 Η
