4078 6418
365 429 462 482 ﬁ?!

375 543 746 615 ἁμαρτήματα
810 541 1044 613 μείζονος
1109 544 1383 616 τιμωρίας
1437 546 1664 609 ἑαυτοὺς
1709 530 2044 607 ὑπευθύνους

372 630 808 700 καταστήσωσιν,
856 629 934 689 ὡς
984 629 1185 698 ἀγαθὸς
1227 630 1323 683 καὶ
1363 629 1743 702 φιλάνθρωπος
1774 632 2049 702 Δεσπότης

370 717 511 788 ὁρῶν
542 715 724 770 αὐτῶν
771 715 833 769 τὸ
870 716 1266 788 ἀμετανόητον,
1299 718 1357 771 ὃν
1389 717 1658 787 ὑπέσχετο
1691 716 2049 789 μακροθυμή-

372 824 506 870 σειν,
537 805 729 877 χρόνον
766 803 1080 876 συνέτεμεν.
1104 805 1440 877 Ὥσπεργάρ
1468 806 1559 858 ἐπί
1585 804 1692 858 τῶν
1714 805 1813 877 τὴν
1842 805 2048 858 οἰκείαν

370 894 790 967 εὐγνωμοσύνην
824 894 1279 964 ἐπιδεικνυμένων
1308 893 1394 947 διὰ
1430 892 1527 965 τὴν
1556 892 1865 964 προσοῦσαν
1898 893 2049 962 αὐτῷ

370 983 687 1053 ἁγαθότητα
724 981 1078 1037 ἀνακαλεῖται
1107 981 1205 1045 τὰς
1236 980 1367 1054 παρ’
1399 981 1564 1035 αὐτοῦ
1595 980 1920 1050 ἀποφάσεις,
1952 982 2048 1034 καί

373 1067 881 1140 μεταϐαλλομένους
912 1066 1213 1141 προσίεται,
1240 1068 1333 1119 καὶ
1366 1066 1465 1135 τῆς
1491 1064 1847 1135 ἐπικειμένης
1872 1063 2048 1117 ἀπαλ-

370 1154 554 1210 λάττει
603 1155 875 1227 τιμωρίας
896 1172 909 1187 ·
960 1153 1103 1208 οὕτω
1137 1152 1297 1207 πάλιν
1322 1151 1541 1205 ἐπειδὰν
1584 1151 1987 1222 ἐπαγγέλληται
2014 1150 2046 1222 ἢ

370 1244 553 1314 ἀγαθά
579 1261 701 1298 τινα
729 1242 1005 1313 παρέξειν,
1052 1242 1087 1312 ἢ
1139 1240 1480 1311 προθεσμίαν
1511 1241 1823 1311 μετανοίας.
1868 1241 1956 1310 ἴδῃ
1993 1240 2048 1293 δὲ

367 1332 620 1397 ἀναξίους
662 1331 974 1400 γεγονότας,
1006 1329 1101 1383 καὶ
1139 1328 1261 1382 τότε
1300 1329 1462 1383 πάλιν
1490 1328 1843 1381 ἀνακαλεῖται
1882 1325 2045 1381 αὐτοῦ

365 1420 465 1484 τάς
495 1418 834 1489 ὑποσχέσεις.
865 1417 964 1471 Διά
983 1415 1142 1471 τοῦτο
1164 1418 1259 1471 καί
1303 1415 1393 1470 διὰ
1423 1415 1517 1470 τοῦ
1537 1417 1815 1487 προφήτου
1850 1414 2002 1482 ἔλεγε
2028 1431 2042 1446 ’

364 1508 559 1577 Πέρας
576 1507 830 1573 λαλήσω
849 1505 945 1559 ἐπὶ
961 1504 1125 1572 ἔθνη,
1146 1504 1241 1558 καὶ
1262 1504 1357 1557 ἐπὶ
1377 1504 1725 1569 βασιλείας,
1742 1502 1847 1556 τοῦ
1861 1503 2048 1556 ἀπολ-

364 1598 536 1650 λύειν
594 1595 691 1649 καὶ
752 1590 1200 1648 κατασκάπτειν
1225 1608 1238 1621 ο
1294 1590 1393 1644 καὶ
1436 1590 1546 1644 ἐὰν
1591 1590 2043 1659 μετανοήσωσι,

360 1682 720 1755 μετανοήσω
751 1680 914 1752 κάγὼ
955 1681 1046 1750 ἐφ’
1088 1673 1178 1745 οἷς
1224 1678 1503 1746 ἐλάλησα
1526 1676 1774 1746 ποιῆσαι
1804 1678 2008 1745 αὐτοῖς
2030 1694 2044 1709 ο

366 1772 462 1826 καὶ
487 1771 669 1832 πάλιν,
693 1769 883 1837 Πέρας
906 1766 1161 1834 ,λαλήσω
1175 1765 1271 1819 ἐπὶ
1297 1765 1442 1832 ἔθνη
1467 1763 1566 1818 καί
1584 1763 1682 1817 ἐπὶ
1698 1764 2045 1831 βασιλείας,

365 1859 471 1913 τοῦ
530 1856 975 1925 ἀνοικοδομεῖν·
1020 1853 1119 1908 καὶ
1167 1853 1276 1906 ἐὰν
1311 1851 1636 1923 ἁμάρτωσι,
1686 1851 2044 1920 μετανοήσω

364 1947 533 2008 κάγὼ
558 1945 649 2014 ἐφ’
678 1939 768 2010 οἷς
790 1941 1069 2008 ἐλάλησα
1085 1938 1336 2008 ποιῆσαι
1359 1937 1584 2005 αὐτοῖς.
1604 1932 1760 2002 Εἶδες
1776 1938 1895 2001 πῶς
1916 1939 2044 2009 παρ’

363 2034 522 2106 ἡμῶν
549 2032 649 2097 τὰς
698 2031 952 2103 ἀφορμὰς
984 2028 1254 2101 λαμϐάνει
1277 2027 1372 2082 καὶ
1400 2026 1501 2097 τῆς
1528 2026 1942 2098 φιλανθρωπίας
1976 2028 2044 2099 ἢν

366 2123 495 2193 περί
547 2122 695 2191 ἡμᾶς
744 2118 1131 2179 ἐπιδείκνυται,
1181 2115 1277 2169 καὶ
1314 2118 1414 2185 τῆς
1454 2115 1913 2186 ἀγανακτήσεως;
1949 2114 2047 2168 Διά

363 2190 452 2264 τοι.
473 2209 632 2264 τοῦτο
656 2209 752 2263 καὶ
791 2208 885 2263 νῦν
910 2207 1098 2277 ἐπειδὴ
1132 2207 1231 2259 οὐκ
1274 2205 1354 2269 εἰς
1381 2204 1501 2259 δέον
1526 2204 1827 2276 ἐχρήσαντο
1852 2205 1919 2275 τῇ
1949 2203 2044 2257 τοῦ

363 2298 557 2369 χρόνου
595 2295 923 2365 παρατάσει,
949 2294 1236 2364 συντέμνει
1268 2291 1361 2346 τὸν
1390 2292 1603 2363 καιρόν.
1635 2292 1733 2346 Δίά
1765 2291 1923 2345 τοῦτο
1952 2290 2046 2345 καὶ

364 2388 393 2439 6
434 2384 715 2455 μακάριος¹
738 2382 948 2446 Παῦλος
977 2381 1133 2449 ἔλεγε
1166 2379 1306 2451 πρὸς
1332 2380 1459 2441 τοὺς
1489 2378 1811 2449 ἀναλγήτως
1841 2380 2046 2433 διακει-

370 2472 586 2542 μένους,
615 2469 711 2523 καὶ
738 2468 839 2539 τὴν
874 2467 963 2522 διὰ
1002 2467 1100 2538 τῆς
1138 2466 1426 2537 μετανοίας
1460 2465 1749 2535 δεδομένην
1778 2467 1910 2537 ἡμῖν
1942 2483 2047 2519 σω-

366 2559 560 2630 ¹εηρίαν
597 2556 658 2609 οὐ
691 2555 1189 2627 προσιεμένους.Ἠ
1214 2553 1320 2607 τοῦ
1351 2553 1620 2607 πλούτου
1654 2551 1764 2621 τῆς
1792 2553 2045 2622 χρηστό-

368 2663 546 2714 τητος
573 2642 783 2705 αὐτοῦ,
812 2641 1040 2709 καὶτῆς
1077 2641 1329 2712 ἀνοχῆς,
1360 2638 1455 2694 καὶ
1488 2638 1597 2708 τῆς
1629 2641 2047 2710 μακροθυμίας

368 2731 781 2804 καταφρονεῖς,
830 2728 1087 2801 ἀγνοῶν,
1119 2729 1208 2783 ὅτι
1238 2728 1304 2781 τὸ
1340 2727 1609 2796 χρηστὸν
1630 2728 1736 2782 τοῦ
1780 2727 1927 2782 Θεοῦ
1958 2730 2048 2795 εἰς

363 2818 685 2891 μετάνοιάν
718 2834 792 2873 σε
820 2817 944 2886 ἄγει
970 2833 989 2882 ;
1016 2814 1177 2871 Κατά
1210 2815 1278 2868 δὲ
1329 2812 1443 2882 τὴν
1490 2814 1871 2882 σκληρότητά
1928 2829 2045 2868 σου

366 2908 463 2962 καὶ
493 2906 902 2975 ἀμετανόητον
921 2903 1175 2973 καρδίαν
1197 2901 1574 2971 θησαιφίζεις
1607 2900 1844 2967 σεαυτῷ
1860 2901 2048 2971 ὀργὴν

364 2997 434 3050 ἐν
464 2996 649 3066 ἡμέρᾳ
671 2993 853 3063 ὀργῆς
880 2994 977 3048 καὶ
1018 2992 1461 3060 ἀποκαλύψεως
1488 2988 1585 3044 καὶ
1605 2989 2046 3058 δικαιοκρισίας

365 3083 471 3138 τοῦ
498 3082 684 3145 Θεοῦ;
720 3079 873 3145 Εἶδες
899 3080 1014 3144 πῶς
1048 3079 1143 3133 καὶ
1166 3081 1194 3132 ό
1221 3078 1527 3148 θαυμάσιος
1551 3068 1707 3139 οὗτος
1738 3075 1840 3145 τῆς
1869 3077 2047 3129 οἰκου-

369 3172 539 3244 μένης
563 3171 881 3233 διδάσκαλος
926 3168 1115 3238 σαφῶς
1145 3169 1296 3239 ἡμᾶς
1328 3166 1570 3232 ἐδίδαξεν
1589 3207 1604 3233 ,
1640 3167 1723 3221 ὅτι
1762 3167 1813 3220 οἰ
1842 3168 1908 3237 τῇ
1943 3184 2048 3238 μα·

365 3260 641 3331 κροθυμία
671 3258 765 3312 τοῦ
822 3257 958 3311 Θεοῦ
986 3260 1052 3328 τῇ
1100 3255 1236 3328 πρὸς
1269 3256 1561 3327 μετάνοιαν
1590 3258 1728 3327 ἡμῖν
1770 3272 2046 3326 παρασχε-

365 3347 521 3420 θείσῃ
564 3347 640 3419 μὴ
693 3344 968 3419 χρώμενοι
1003 3346 1083 3409 εἰς
1115 3344 1258 3410 δέον,
1292 3343 1497 3415 μείζονι
1529 3343 1651 3415 δίκῃ
1690 3343 1782 3398 καὶ
1807 3342 2048 3415 τιμωρία

366 3437 595 3500 ἑαυτοὺς
641 3434 977 3498 ὑπευθύνους
1030 3433 1366 3497 καθιστῶσι;
1422 3432 1522 3485 Διά
1566 3433 1725 3486 τοῦτο
1759 3432 1851 3484 καὶ
1896 3429 1992 3483 νῦν
2021 3431 2050 3484 6

367 3522 747 3593 φιλάνθρωπος
764 3522 896 3584 Θεὸς
921 3520 1203 3593 μονονουχὶ
1231 3519 1689 3590 ἀπολογούμενος,
1711 3519 1805 3571 καὶ
1836 3518 2049 3581 δεικνὺς

364 3613 463 3681 τὴν
495 3609 697 3673 αἰτίαν,
728 3609 793 3662 δι’
835 3609 901 3678 ἢν
935 3606 1043 3678 πρὸ
1071 3607 1169 3676 τῆς
1201 3606 1311 3659 τῶν
1355 3606 1564 3677 καιρῶν
1600 3604 2048 3677 συμπληρώσεως

368 3699 617 3767 ἐπήγαγε
660 3696 750 3749 τὸν
801 3693 1221 3763 κατακλυσμὸν,
1264 3693 1689 3763 ἐπισημαίνεται
1749 3694 1881 3762 ἡμῖν
1940 3691 2049 3744 τῶν

367 3783 501 3838 ἐτῶν
560 3782 655 3836 τοῦ
700 3780 909 3835 δικαίου
962 3778 1054 3834 τὸν
1093 3780 1345 3851 ἀριθμὸν,
1392 3779 1486 3833 καί
1521 3796 1654 3849 φησι
1677 3795 1691 3807 ’
1724 3777 1854 3832 Νῶε
1881 3777 1949 3831 δὲ
1970 3772 2051 3849 ἦν

365 3872 517 3927 ἐτῶν
543 3870 896 3938 ἑξακοσίων.
936 3870 999 3922 Οί
1032 3867 1138 3940 γὰρ
1178 3868 1233 3923 ἐν
1262 3870 1373 3929 τοῖς
1410 3867 1608 3921 ἐκατὸν
1642 3865 1785 3919 ἔτεσι
1807 3866 2049 3936 μεταϐα-

365 3960 554 4015 λέσθαι
584 3959 659 4030 μὴ
714 3956 1088 4028 βουληθέντες,
1120 3955 1173 4008 τί
1200 3954 1359 4009 πλέον
1382 3955 1448 4009 ἀν
1478 3954 1776 4026 ἐκέρδανον
1804 3953 1912 4007 ἀπὸ
1938 3953 2049 4008 τῶν

367 4045 538 4099 εἴκοσι
560 4044 720 4108 ἐτῶν,
748 4044 781 4117 ἢ
813 4042 877 4097 τὸ
905 4042 1127 4097 πλείονα
1146 4040 1246 4114 τὴν
1267 4042 1588 4113 προσθήκην
1618 4039 1956 4113 ἐργάσασθαι
1985 4052 2043 4106 ις

365 4133 591 4198 Δεικνυς
625 4131 734 4204 γὰρ
766 4130 931 4185 αὐτοῦ
962 4130 1060 4201 τῆς
1090 4129 1299 4200 ἀφάτου
1334 4129 1484 4202 [254]
1516 4127 1927 4200 φιλανθρωπίας
1953 4129 2047 4182 καὶ

366 4217 825 4294 ἀγαθότητοςιτὴν
852 4216 1182 4288 ὑπερϐολὴν,
1209 4218 1302 4271 καὶ
1325 4217 1434 4288 προ
1458 4216 1596 4270 ἑπτὰ
1618 4215 1841 4288 ἡμερῶν
1875 4232 1948 4285 μη
1959 4214 2049 4268 νῦ-

370 4326 462 4363 σαι
488 4309 673 4370 αὐτοῖς
705 4306 804 4377 τὴν
834 4306 1130 4377 ἐπαγωγὴν
1159 4306 1253 4360 τοῦ
1287 4306 1675 4377 κατακλυσμοῦ
1705 4306 1766 4360 οὐ
1796 4307 2046 4378 παρῃτή-

369 4413 520 4459 σατο,
537 4396 626 4447 ἵνα
648 4393 749 4448 κᾶν
769 4396 835 4464 τῇ
855 4394 1187 4466 στενοχωρία
1208 4394 1301 4448 τοῦ
1329 4394 1523 4464 καιροῦ
1551 4412 1614 4448 συ
1624 4393 1911 4458 σταλέντες
1928 4395 2048 4449 τινὰ

371 4480 677 4553 μεταϐολὴν
714 4480 1109 4547 ἐπιδείξωνται.

438 4596 509 4658 γ’.
546 4588 653 4643 Καὶ
692 4587 793 4657 ὅρα
832 4584 1242 4660 φιλανθρωπίαν
1279 4585 1581 4648 Δεσπότου,
1627 4589 1744 4652 πῶς
1776 4590 2049 4663 διαφόρως

369 4677 620 4742 καθάπερ
667 4675 848 4745 ἰατρὸς
902 4673 1124 4745 ἄριστος
1155 4674 1492 4745 μεθώδευσεν
1514 4674 1694 4729 αὐτῶν
1730 4676 1828 4749 τὴν
1870 4677 2044 4736 νόσον.

380 4764 600 4835 Ἐπειδὴ
655 4762 766 4834 γάρ
812 4761 1008 4816 ἀνίατα
1045 4758 1111 4833 ἦν
1146 4761 1327 4815 αὐτῶν
1356 4762 1424 4817 τὰ
1456 4763 1767 4836 τραύματα,
1794 4766 2047 4821 τοσοῦτον

372 4855 544 4925 μῆκος
594 4852 779 4915 αὐτοῖς
832 4850 1173 4922 προθεσμίας
1227 4849 1554 4921 παρέσχετο,
1596 4852 1917 4925 βουλόμενος
1946 4854 2046 4908 κᾶν

367 4941 455 4995 διὰ
486 4941 578 4994 τοῦ
610 4938 846 5011 πλήθους
880 4937 975 4992 τοῦ
1002 4937 1193 5009 χρόνου
1236 4940 1314 5002 εἰς
1348 4938 1603 5009 αἴσθησιν
1635 4940 1830 5005 αὐτοὺς
1859 4941 2046 4996 ἐλθόν-

272 5062 281 5071 -
366 5046 463 5094 τας
491 5028 929 5084 ἀνακαλέσασθαι
982 5025 1147 5081 αὐτοῦ
1185 5027 1282 5097 τῆς
1320 5029 1746 5099 ἀγανακτήσεως
1777 5031 1877 5101 τὴν
1910 5032 2045 5086 ἀπό-

368 5134 549 5185 φασιν.
582 5117 744 5181 Ἐθος
768 5116 876 5188 γὰρ
926 5115 1077 5187 αὐτῷ
1128 5116 1233 5181 ἀεὶ,
1268 5115 1455 5187 ἐπειδὴ
1498 5116 1723 5188 κήδεται
1750 5118 1847 5188 τῆς
1878 5135 2043 5183 σωτη⁴

371 5202 491 5270 ρίας
520 5203 618 5271 τῆς
653 5204 949 5275 ἡμετέρας,
985 5202 1270 5275 προλέγειν
1310 5202 1376 5265 ἃς
1411 5201 1590 5273 μέλλει
1626 5203 1851 5271 ἐπάγειν
1877 5222 2044 5273 τιμω-

372 5289 511 5356 ρίας,
540 5289 626 5341 διὰ
656 5290 812 5343 τοῦτο
848 5292 1029 5360 μόνον,
1074 5291 1163 5342 ἵνα
1197 5289 1271 5360 μὴ
1301 5289 1557 5359 ἐπαγάγῃ
1580 5306 1593 5321 ·
1623 5289 1700 5352 ὼς
1744 5290 1799 5343 εἴ
1836 5307 1902 5358 γε
1951 5293 2043 5343 ἐπ-

371 5378 596 5444 αγαγεῖν
628 5376 895 5442 ἐϐούλετο,
916 5378 1015 5431 οὐκ
1035 5377 1100 5431 ἀν
1127 5371 1279 5429 εἶπεν
1302 5393 1316 5406 ·
1345 5376 1461 5429 ἀλλ’
1490 5376 1743 5445 ἐπίτηδες
1770 5377 2043 5449 προλέγει,

372 5459 457 5514 ἵνα
485 5462 647 5531 ἡμεῖς
679 5463 963 5532 μαθόντες,
997 5465 1091 5518 καί¹
1117 5463 1195 5534 τῷ
1220 5462 1372 5535 φόϐῳ
1394 5462 1858 5534 σωφρονισθέντες
1883 5481 2045 5534 μετα-

372 5544 623 5616 ϐάλωμεν
683 5548 848 5602 αὐτοῦ
897 5549 996 5619 τὴν
1034 5550 1432 5619 ἀγανάκτησιν,
1468 5550 1564 5604 καὶ
1602 5550 1700 5613 τὰς
1743 5550 2047 5617 ἀποφάσεις

371 5632 537 5687 αὐτοῦ
563 5633 800 5704 ἀκύρους
830 5639 1284 5707 καταστήσωμεν.
1338 5636 1505 5690 Οὐδὲν
1526 5635 1639 5708 γάρ
1682 5634 1856 5700 οὕτως
1887 5636 2046 5688 αὐτὸν

372 5718 656 5791 εὐφραίνει
676 5719 799 5792 ὠςή
827 5722 1126 5793 ἐπιστροφὴ
1158 5724 1475 5793 ήὴμετέρα,
1508 5724 1599 5776 καὶ
1625 5727 1657 5794 ἡ
1682 5724 1790 5776 ἀπὸ
1819 5723 1917 5794 τῆς
1949 5739 2044 5774 κα·

371 5807 496 5873 κίας
522 5806 616 5860 ἐπὶ
634 5806 729 5876 τὴν
747 5808 946 5879 ἀρετὴν
969 5809 1249 5875 ἐπάνοδος.
1279 5811 1481 5865 Σκόπει
1516 5807 1609 5864 οὖν
1642 5813 1757 5876 πῶς
1797 5813 1889 5864 καὶ
1921 5813 2041 5864 τού-

371 5910 478 5951 των
496 5896 595 5966 τὴν
618 5895 772 5948 νόσον
788 5894 1131 5966 ἐμεθόδευσε,
1156 5898 1419 5969 πρότερον
1443 5899 1538 5968 μὲν
1552 5899 1630 5970 τῷ
1651 5899 1903 5953 τοσοῦτον
1924 5897 2038 5951 δοῦ-

373 5990 460 6032 ναι
484 5980 675 6057 χρόνον
707 5981 1195 6051 προθεσμίαςπρδς
1229 5985 1536 6055 μετάνοιαν,
1564 5983 1752 6042 ἔπειτα
1771 5986 1961 6041 ἐπειδὴ
1980 5982 2056 6041 εἷ-

444 6065 467 6094 "
496 6067 669 6120 Morel.
696 6066 985 6131 ἐργάζεσθαι.

1196 427 1257 481 S.
1293 426 1578 484 JOANNIS
1618 426 2101 484 CHRYSOS’I'OMI
2138 427 2455 485 ARCIIIEP.
2483 425 3028 483 CONSTANTINOP.
3732 430 3803 485 22

2156 542 2244 596 δεν
2263 545 2604 617 ἀναισθήτως
2622 546 3020 610 διακειμένους,
3053 544 3147 597 καὶ
3179 542 3329 597 οὐδὲν
3354 541 3465 597 ἀπὸ
3488 543 3572 598 τοῦ
3595 546 3832 617 πλήθου·

2154 627 2249 681 τοῦ
2282 629 2475 700 χρόνου
2498 628 2900 700 κερδαίνοντας,
2937 628 3033 681 καὶ
3066 627 3204 699 πρὸς
3238 627 3430 691 αὐταῖς
3463 631 3583 693 ταῖς
3616 629 3839 701 θύραις,

2153 711 2227 774 ὡς
2244 713 2440 775 εἰπεῖν,
2457 712 2551 765 τοῦ
2569 711 2979 781 κατακλυσμοῦ,
3001 711 3257 781 προλέγει
3277 712 3339 764 οὐ
3359 710 3467 782 πρὸ
3496 713 3663 782 τριῶν
3693 714 3842 784 ἡμε-

2164 794 2287 867 ρῶν,
2322 794 2575 866 καθάπερ
2609 796 2702 849 ἐπὶ
2737 794 2846 848 τῶν
2874 794 3200 857 Νινευιτῶν,
3235 794 3373 848 ἀλλά
3407 794 3514 866 πρὸ
3537 798 3697 851 ἑπτά.
3721 798 3848 852 Καὶ

2162 882 2261 955 γὰρ
2288 882 2506 955 θαρῤῶν
2535 883 2601 937 ἂν
2631 882 2843 954 εἴποιμι
2875 881 2963 936 διά
2992 882 3054 936 τὸ
3084 882 3285 937 εἰδέναι
3306 883 3399 937 τοῦ
3433 886 3706 939 Δεσπότου
3734 886 3846 939 τοῦ

2161 968 2423 1038 ἡμετέρου
2462 968 2560 1037 τῆς
2593 964 3006 1038 φιλανθρωπίας
3052 966 3151 1038 τὴν
3177 965 3505 1037 ὑπερϐολὴν,
3537 968 3620 1021 ὅτι
3653 968 3751 1021 καὶ
3780 970 3849 1020 ἐν

2160 1056 2272 1117 ταῖς
2299 1052 2441 1107 έπτά
2488 1052 2745 1123 ἡμέραις,
2787 1056 2836 1107 εἰ
2886 1053 3263 1123 ἐϐουλήθησαν
3296 1054 3500 1125 ἀκριϐῆ
3528 1055 3627 1125 τὴν
3659 1056 3847 1124 μετά-

2160 1155 2302 1191 νοιαν
2341 1138 2735 1204 ἐπιδείξασθαι,
2785 1138 3037 1207 διέφυγον
3087 1138 3153 1192 ἂν
3183 1137 3278 1191 τοῦ
3308 1138 3696 1209 κατακλυσμοῦ
3728 1138 3848 1210 τὴν

2155 1225 2368 1293 πεῖραν,
2412 1223 2564 1277 Ἐπεὶ
2600 1218 2693 1277 οὖν
2722 1222 2845 1276 οὔτε
2872 1224 2907 1292 ἡ
2944 1220 3261 1293 παράτασις
3287 1220 3381 1275 τοῦ
3414 1220 3669 1277 τοσούτου
3699 1224 3849 1294 χρό-

2155 1321 2268 1370 νου,
2293 1304 2418 1359 οὐτε
2465 1307 2497 1373 ἡ
2552 1308 2880 1379 στενοχωρία
2910 1305 3006 1360 τοῦ
3043 1305 3235 1377 καιροῦ
3284 1306 3603 1361 καθικέσθαι
3645 1308 3847 1360 αὐτῶν

2152 1387 2248 1458 τῆς
2272 1388 2469 1452 κακίας
2497 1389 2756 1460 ἠδυνήθη,
2791 1389 3036 1459 ἐπήγαγε
3082 1389 3470 1461 κατακλυσμὸν
3493 1392 3550 1442 ἐν
3576 1390 3652 1461 τῷ
3695 1390 3846 1456 ἐξα-

2152 1473 2418 1543 κοσιοστῷ
2457 1472 2568 1526 ἔτει
2617 1474 2710 1527 τοῦ
2766 1473 2908 1526 Νῶε.
2943 1472 3072 1527 Νῶε
3101 1472 3188 1537 δὲ,
3222 1474 3375 1544 φησὶ,
3410 1470 3487 1543 ἦν
3514 1474 3662 1527 ἐτῶν
3686 1475 3847 1538 ἑξα-

2152 1554 2394 1616 κοσίων,
2453 1555 2551 1608 καὶ
2595 1558 2628 1609 ὸ
2686 1556 3114 1624 κατακλυσμὸς
3155 1555 3261 1610 τοῦ
3318 1555 3536 1622 ὕδατος
3580 1556 3843 1626 ἐγένετο

2149 1636 2247 1689 ἐπὶ
2280 1633 2387 1703 τῆς
2417 1634 2548 1707 γῆς.
2589 1638 2794 1703 Εῐδετε,
2828 1637 3126 1708 ἀγαπητοὶ,
3171 1637 3347 1709 πόσης
3370 1640 3513 1709 -ἡμίν
3550 1638 3845 1708 ὠφελείας

2151 1720 2408 1785 ὑπόθεσις
2459 1719 2649 1789 γέγονε
2682 1721 2743 1775 τὸ
2774 1721 2978 1790 γνῶναι
3015 1721 3106 1776 τὸν
3153 1721 3386 1793 ἀριθμὸν
3419 1722 3527 1776 τῶν
3560 1724 3697 1777 ἐτῶν
3725 1726 3845 1781 τοῦ

2148 1806 2383 1870 δικαίου,
2405 1807 2500 1860 καὶ
2529 1808 2668 1860 ὅσων
2689 1806 2825 1860 ἐτῶν
2857 1801 2945 1876 ἦν,
2971 1806 3136 1877 ἡνίκα
3151 1809 3179 1860 6
3200 1808 3575 1878 κατακλυσμὸς
3592 1808 3843 1878 ἐπῆλθες

2149 1889 2286 1960 Φέρε
2319 1889 2382 1961 δὴ
2434 1891 2527 1943 καὶ
2562 1892 2676 1954 τοῖς
2727 1890 3036 1953 ἀκολούθως
3074 1891 3384 1961 εἰρημένοις
3425 1891 3841 1962 ἐπεξέλθωμεν.

2164 1973 2381 2045 Ἐπειδὴ
2405 1974 2513 2043 γάρ
2558 1974 2760 2045 ἦρξατο
2813 1977 2841 2028 6
2890 1973 3294 2043 κατακλυσμὸς,
3339 1975 3522 2046 φησὶν,
3560 1975 3847 2043 Είσῆλθε

2149 2058 2218 2112 δὲ
2250 2057 2396 2124 Νῶε,
2427 2059 2523 2113 καί
2555 2062 2607 2115 οί
2634 2059 2747 2114 υἱοί
2774 2059 2983 2122 αὐτοῦ,
3014 2057 3114 2112 καὶ
3144 2059 3183 2127 ή
3214 2059 3370 2129 γυνὴ
3401 2059 3601 2123 αὐτοῦ,
3637 2061 3735 2115 καί
3770 2065 3848 2117 αι

2149 2142 2431 2212 γυναῖκες
2472 2142 2591 2196 τῶν
2635 2141 2783 2197 υίῶν
2832 2140 3019 2196 αὐτοῦ
3063 2143 3148 2207 εἰς
3181 2142 3295 2209 τὴν
3328 2142 3589 2206 κιϐωτὸν,
3610 2142 3709 2197 διὰ
3760 2145 3846 2199 τὸ

2149 2224 2305 2292 ὔδωρ
2339 2225 2445 2279 τοῦ
2477 2224 2931 2294 κατακλυσμοῦ.
2954 2223 3061 2279 Καὶ
3081 2223 3200 2279 ἀπὸ
3238 2224 3358 2279 τῶν
3395 2224 3675 2279 πετειώ
3700 2227 3846 2281 τῶν

2148 2307 2443 2375 καθαρῶν,
2495 2307 2594 2360 καὶ
2632 2306 2752 2362 ἀπὸ
2795 2304 2916 2361 τῶν
2936 2307 3224 2361 πετεινῶν
3252 2307 3370 2361 τῶν
3397 2307 3481 2377 μὴ
3526 2309 3841 2378 καθαρῶν,

2147 2393 2242 2445 καὶ
2269 2392 2388 2446 ἀπὸ
2428 2390 2544 2445 τῶν
2570 2389 2833 2460 ἑρπετῶν
2856 2391 2966 2445 δύο
2986 2390 3112 2445 δύο.
3153 2390 3298 2445 Ἀπὸ
3325 2390 3562 2445 πάντων
3574 2392 3844 2460 εἰσῆλθε

2148 2474 2298 2542 πρὸς
2337 2474 2465 2529 Νῶε
2511 2477 2598 2542 εἰς
2634 2474 2750 2542 τὴν
2800 2466 3051 2527 κιϐωτὸν
3083 2473 3274 2541 ἄρσεν
3305 2474 3405 2528 καί
3444 2474 3632 2544 θῆλυ,
3682 2481 3839 2534 καθ’

2146 2558 2184 2611 ti
2235 2557 2574 2612 ἐνετείλατο
2642 2560 2857 2624 Κύριος
2923 2555 3006 2622 τῷ
3049 2557 3194 2613 Νῶε.
3259 2556 3373 2627 Οὐχ
3412 2556 3595 2622 ἅπλῶς
3644 2576 3839 2629 προσ-

2148 2640 2311 2712 έθηκε
2354 2639 2436 2708 τὸ,
2480 2642 2621 2695 Καθ’
2647 2639 2685 2695 ἀ
2724 2641 3066 2695 ἐνετείλατο
3112 2642 3325 2709 Κύριος
3369 2639 3451 2705 τῷ
3506 2640 3648 2707 Νῶε,
3703 2642 3838 2696 ἀλλ’

2148 2722 2236 2777 ἵνα
2288 2723 2452 2777 πάλιν
2502 2722 2720 2795 αὐξήσῃ
2780 2723 2875 2777 τοῦ
2921 2722 3131 2777 δικαίου
3184 2724 3277 2777 τὸν
3301 2722 3553 2789 ἔπαινον,
3600 2725 3696 2778 καὶ
3733 2726 3841 2781 ὅτι

2147 2806 2329 2861 πάντα
2378 2806 2550 2871 οὕτως
2601 2807 2912 2879 ἐπλήρωσε,
2952 2804 3205 2878 καθάπερ
3251 2807 3531 2873 διετάξατο
3560 2810 3588 2862 6
3612 2812 3840 2865 Δεσπόο

2146 2906 2267 2959 της,
2316 2889 2413 2944 καὶ
2460 2889 2615 2943 οὐδὲν
2675 2889 2945 2961 παρέλιπε
3000 2889 3108 2943 τῶν
3147 2890 3280 2961 παρ’
3307 2889 3472 2943 αὐτοῦ
3519 2891 3841 2963 εἰρημένων

2149 2972 2319 3043 αὐτῷ.
2356 2972 2467 3027 Καί
2501 2971 2740 3036 ἐγένετο
2772 2973 2926 3043 μετὰ
2966 2972 3073 3038 τὰς
3106 2970 3258 3026 ἑπτὰ
3286 2972 3529 3041 ἡμέρας,
3570 2973 3842 3048 καθάπερ

2154 3056 2444 3127 ὑπέσχετο,
2477 3056 2662 3127 φησὶν,
2691 3057 2719 3108 ὁ
2757 3058 3057 3127 Δεσπότης,
3089 3056 3187 3110 καί
3216 3056 3283 3109 τὸ
3311 3056 3467 3125 ὕδωρ
3500 3057 3605 3111 τοῦ
3648 3074 3841 3115 κατα-

2149 3141 2430 3211 κλυσμοῦ
2472 3141 2711 3210 ἐγένετο
2755 3140 2853 3194 ἐπὶ
2888 3140 2998 3209 τῆς
3022 3138 3157 3209 γῆς,
3188 3140 3259 3193 ἐν
3290 3138 3370 3206 τῷ
3417 3141 3838 3211 ἐξακοσιοστῷ

2147 3225 2269 3280 ἔτει
2297 3224 2368 3279 ἐν
2392 3223 2469 3293 τῇ
2496 3222 2612 3293 ζωῇ
2638 3224 2745 3279 τοῦ
2774 3223 2923 3286 Νῶε,
2960 3224 3066 3278 τοῦ
3108 3222 3390 3293 δευτέρου
3417 3224 3630 3295 μηνὸς,
3660 3224 3841 3282 ἑϐδόο

2144 3327 2230 3380 μῃ
2266 3308 2363 3362 καί
2388 3307 2580 3362 εἰκάδι
2609 3307 2717 3361 τοῦ
2741 3307 2956 3377 μηνός.
2989 3307 3131 3379 Ὅρα
3162 3307 3264 3377 τῆς
3296 3306 3519 3379 Γραφῆς
3546 3306 3644 3379 τὴν
3667 3308 3836 3380 ἀκρίο

2149 3393 2325 3456 ϐειαν,
2356 3391 2474 3453 πῶς
2502 3389 2563 3443 οὐ
2595 3390 2753 3460 μόνον
2781 3390 2874 3443 τὸν
2906 3389 3150 3444 ἐνιαυτὸν
3177 3391 3325 3461 ἡμᾶς
3358 3390 3586 3457 ἐδίδαξε,
3619 3392 3740 3446 καθ’
3762 3393 3835 3449 ὃν

2148 3478 2177 3529 6
2209 3472 2595 3546 κατακλυσμὸς
2627 3474 2869 3543 γέγονεν,
2892 3472 3045 3544 1255]
3076 3473 3211 3526 ἀλλὰ
3246 3473 3455 3526 καὶτὸν
3483 3474 3626 3543 μῆνα
3656 3476 3837 3529 κατά-

2148 3558 2307 3629 δηλον
2328 3557 2551 3626 ἐποίησε
2570 3558 2665 3610 καί
2684 3557 2783 3626 τὴν
2806 3555 3039 3625 ἡμέραν.
3070 3550 3203 3608 Εἶτα
3223 3555 3311 3608 ἴνα
3342 3558 3407 3626 τῇ
3429 3555 3675 3625 διηγήσει
3699 3559 3837 3624 τοὺς

2154 3635 2294 3706 μετὰ
2319 3634 2495 3689 ταῦτα
2542 3635 3019 3706 σωφρονεστέρους
3061 3635 3383 3707 ἐργάσηται,
3419 3635 3629 3689 καὶτὸν
3661 3636 3834 3705 φόϐον

2152 3715 2363 3785 αὐξήσῃ
2393 3713 2501 3766 τῶν
2524 3713 2933 3785 γεγενημένων,
2956 3714 3143 3784 φησίν·
3179 3715 3274 3768 Ἐν
3302 3713 3377 3781 τῇ
3403 3715 3591 3785 ἡμέρᾳ
3622 3716 3833 3786 ἐκείνῃ

2149 3792 2497 3862 ἐῤῥάγησαν
2551 3790 2743 3847 πᾶσαι
2777 3795 2836 3847 at
2879 3792 3063 3861 mnu!
3116 3790 3229 3861 τῆς
3282 3794 3582 3857 ἀϐύσσου,
3633 3796 3834 3852 καίοι

2151 3871 2550 3940 καταρράκται
2573 3871 2679 3925 τοῦ
2703 3871 2967 3940 οίιρανοῦ
3004 3870 3424 3940 ἠνεῴχθησαν,
3460 3873 3555 3927 καὶ
3587 3873 3835 3943 ἐγένετο

2152 3956 2185 4006 ό
2210 3952 2385 4018 ὑετὸς
2413 3950 2511 4004 ἐπὶ
2543 3949 2653 4017 τῆς
2674 3952 2788 4021 γῆς
2816 3949 3275 4018 τεσσαράκοντα
3304 3950 3529 4022 ἡμέρας
3562 3954 3658 4008 καὶ
3686 3969 3831 4019 τεςγ.

2150 4034 2498 4101 σαράκοντα
2534 4032 2781 4098 νύκτας.
2804 4033 2946 4104 Ὅρα
3004 4031 3146 4102 πόσῃ
3198 4030 3464 4103 κέχρηται
3507 4033 3603 4086 καὶ
3656 4034 3753 4089 νῦν
3790 4038 3832 4108 ἡ

2151 4115 2283 4183 ἁγία
2320 4114 2509 4185 Γραφὴ
2537 4115 2603 4185 τῇ
2633 4112 3061 4180 συγκαταϐἀσει,
3092 4110 3187 4165 καὶ
3220 4111 3358 4182 πρὸς
3394 4110 3491 4183 τὴν
3531 4112 3831 4182 συνήθειαν

2148 4195 2248 4264 τὴν
2285 4192 2632 4264 ἀνθρωπίνην
2661 4193 2840 4246 πάντα
2875 4190 3200 4259 διαλέγεται.
3234 4190 3350 4244 Οὐκ
3383 4190 3569 4262 ἐπειδὴ
3613 4196 3829 4264 καταρο

2152 4273 2351 4346 ρἀται
2388 4272 2526 4324 εἰσὶν
2570 4273 2629 4324 ἐν
2674 4269 2751 4341 τῷ
2791 4267 3028 4341 οὐρανῷ,
3073 4269 3187 4324 ἀλλ’
3222 4269 3330 4322 ἀπὸ
3368 4269 3477 4322 τῶν
3507 4272 3828 4343 συντρόφων

2150 4355 2282 4423 ἡμῖν
2308 4348 2591 4421 ὀνομάτων
2621 4348 2838 4404 ἅπαντα
2866 4349 3193 4417 διαλέγεται,
3238 4351 3521 4420 μονονουχὶ
3564 4348 3825 4419 λέγουσα,

2149 4435 2231 4486 ὅτι
2282 4426 2588 4501 προσέταξε
2642 4428 2800 4499 μόνον
2844 4430 2872 4483 ό
2915 4429 3215 4499 Δεσπότης,
3268 4428 3365 4481 καί
3411 4429 3613 4492 εὐθέως
3650 4431 3828 4501 ἡτῶν

2150 4510 2359 4564 ὑδάτων
2388 4506 2548 4576 φύσις
2573 4508 2853 4577 ὑπήκουσε
2878 4505 2956 4577 τῷ
2975 4507 3308 4576 ἐπιτάγματι
3340 4506 3435 4560 τοῦ
3461 4505 3823 4579 δημιουργοῦ,

2150 4589 2246 4643 καὶ
2273 4586 2536 4642 πάντοθεν
2578 4586 2880 4657 συρῤέουσα
2898 4587 2927 4626 ι)
2956 4586 3132 4641 πάντα
3158 4586 3250 4639 τὸν
3283 4587 3489 4658 κόσμον
3527 4587 3820 4643 ἐπέκλυσε.

2148 4669 2261 4724 Καὶ
2292 4667 2355 4720 τὸ
2385 4669 2441 4720 ἐν
2488 4665 2896 4738 τεσσαράκοντα
2935 4667 3173 4738 ἡμέραις
3212 4666 3306 4720 καὶ
3337 4666 3487 4731 νυξὶν
3517 4669 3823 4738 ἐπαγαγεῖν

2147 4748 2239 4801 τὸν
2270 4743 2675 4815 κατακλυσμὸν,
2723 4745 2817 4799 καὶ
2857 4745 3013 4799 τοῦτο
3060 4745 3220 4799 πάλιν
3242 4745 3511 4816 μέγιστον
3548 4744 3685 4812 εἶδος
3717 4750 3824 4819 τῆς

2149 4824 2314 4879 αὐτοῦ
2357 4822 2788 4894 φιλανθρωπίας.
2818 4823 3100 4878 Ἐϐούλετο
3138 4823 3248 4895 γὰρ
3293 4823 3382 4879 διὰ
3434 4825 3637 4897 πολλὴν
3682 4828 3825 4896 ἀγα-

2149 4906 2348 4974 θότητα
2371 4903 2472 4955 κᾶν
2504 4902 2679 4965 ἐνίους
2721 4902 2782 4966 ἐξ
2824 4902 3004 4955 αὐτῶν
3031 4901 3499 4974 σωφρονισθέντας
3537 4904 3824 4974 διαφυγεῖν

2148 4984 2248 5053 τὴν
2274 4979 2512 5050 παντελῆ
2554 4978 2853 5044 ἀπώλειαν,
2897 4981 3139 5051 ὁρῶντας
3165 4983 3223 5034 ἐν
3254 4981 3553 5053 ὀφθαλμοῖς
3589 4985 3682 5038 καὶ
3711 4984 3827 5039 τῶν

2148 5059 2427 5133 ὁμογενῶν
2453 5059 2552 5130 τὴν
2575 5057 2870 5123 ἀπώλειαν,
2897 5061 2993 5113 καὶ
3016 5060 3113 5132 τὴν
3143 5060 3443 5131 μέλλουσαν
3484 5063 3685 5126 αὐτοὺς
3722 5082 3828 5117 κα-

2152 5138 2484 5210 ταλήψεσθαι
2531 5137 2926 5209 πανωλεθρίαν.
2976 5140 3135 5203 Εἰκὸς
3160 5138 3269 5209 γάρ
3292 5141 3350 5192 ἐν
3389 5142 3487 5211 μὲν
3516 5144 3583 5213 τῇ

2154 5219 2331 5289 ἡμέρᾳ
2372 5217 2606 5287 φανερόν
2645 5234 2698 5271 τι
2740 5218 2903 5289 μέρος
2938 5217 3350 5287 ἐπικλυσθῆναι,
3388 5218 3483 5271 καὶ
3519 5219 3577 5272 ἐν
3606 5221 3670 5290 τῇ
3704 5221 3828 5274 δευ-

2153 5299 2285 5368 τέρᾳ
2323 5295 2645 5367 προσθήκην
2689 5296 2809 5349 τινὰ
2862 5296 3145 5365 γενέσθαιο
3197 5295 3461 5360 ὡσαύτως
3512 5298 3610 5351 καὶ
3660 5299 3720 5350 ἐν
3753 5302 3827 5372 τῇ

2153 5377 2329 5448 τρίτῃ,
2375 5374 2472 5428 καὶ
2531 5374 2744 5445 ἐφεξῆς.
2775 5374 2886 5429 Καὶ
2936 5376 3024 5429 διὰ
3079 5375 3236 5428 τοῦτο
3279 5377 3360 5439 εἰς
3415 5378 3828 5447 τεσσαράκοντα

2153 5454 2361 5524 ἡμέρας
2389 5452 2675 5524 παρέτεινε
2714 5454 2808 5507 καὶ
2835 5454 3244 5524 τεσσαράκοντα
3268 5453 3489 5518 νύκτας,
3520 5455 3606 5508 ίνα
3645 5458 3829 5513 πᾶσαν

2149 5532 2327 5587 αὐξῶν
2368 5531 2665 5599 ἀπολογίας
2693 5532 2967 5601 πρόφασιν
3006 5530 3298 5601 περικόψῃ.
3336 5534 3399 5585 Εἰ
3434 5533 3544 5603 γὰρ
3577 5534 3827 5587 ἐϐούλετο

2154 5612 2241 5664 καὶ
2282 5608 2632 5682 προσέταξεν,
2661 5610 2892 5680 ἠδύνατο
2915 5611 3008 5664 καὶ
3037 5612 3093 5662 ἐν
3126 5611 3224 5681 μιᾷ
3247 5612 3386 5681 ῥοπῇ
3410 5612 3480 5666 τὰ
3504 5613 3681 5667 πάντα
3711 5613 3839 5668 ἐπι-

2148 5688 2363 5752 κλύσαι,
2416 5689 2551 5742 ἀλλὰ
2605 5688 2701 5758 τὴν
2750 5689 2958 5742 οἰκείαν
3020 5687 3434 5760 φιλανθρωπίαν
3489 5690 3828 5762 μιμούμενος

2153 5769 2242 5822 καὶ
2268 5770 2336 5838 τῇ
2367 5768 2605 5841 τοσαύτῃ
2635 5767 2941 5839 παρατάσει
2970 5767 3077 5821 τῶν
3110 5766 3334 5837 ἡμερῶν
3356 5768 3648 5839 ἐχρήσατο.
3692 5766 3830 5826 Εἶτά

2151 5847 2450 5919 φησιν,Ἐν
2476 5846 2550 5915 τῇ
2589 5848 2784 5916 ἡμέρᾳ
2821 5847 3006 5913 ταύτῃ
3040 5844 3288 5911 εἰσῆλθε
3324 5846 3455 5899 Νῶε
3478 5849 3566 5913 εἰς
3598 5847 3716 5915 τὴν
3741 5865 3831 5901 κι-

2148 5927 2357 5989 ϐωτὸν,
2413 5927 2511 5981 καὶ
2556 5927 2710 5999 Σὴμ,
2755 5926 2853 5979 καὶ
2896 5927 3043 5996 Χειμ,
3073 5926 3173 5979 καὶ
3221 5924 3431 5994 Ἰὰφεθ,
3460 5926 3559 5981 καὶ
3590 5925 3629 5996 ἡ
3669 5926 3826 5997 γυνή

2207 6075 2234 6115 Ι)
2258 6073 2408 6123 Savil.
2424 6080 2474 6125 el
2496 6074 2584 6123 alii
2607 6074 2920 6139 συρῤεύσασα.
