4078 6422
406 406 506 460 22!

414 549 500 593 tur
530 548 586 594 et
623 540 661 594 ii
698 548 912 610 peccata
962 548 1359 603 coacervantcs,
1392 540 1681 610 majoribus
1719 555 1776 595 se
1826 542 1998 611 poenis

407 628 670 685 obnoxios
695 629 980 686 redderent
1002 671 1016 695 ,
1048 630 1303 685 Dominus
1330 631 1500 687 bonus
1529 642 1581 686 ct
1606 630 1866 702 benignus
1894 634 1997 687 du-

408 723 582 776 ritiam
607 722 820 778 illorum
843 723 1106 792 pmuitcre
1134 723 1371 777 nesciam
1405 721 1622 791 videns,
1660 732 1869 794 tempus
1893 738 2000 793 quo

405 826 464 867 se
492 813 783 883 patientem
812 812 1043 868 futurum
1076 813 1358 883 promisit,
1391 813 1674 868 imminuit.
1698 813 1829 868 Nam
1861 814 2006 870 sicut

405 917 594 959 eorum
625 917 784 958 causa
814 902 902 972 qui
941 902 1395 958 admonitionibus
1447 903 1559 958 suis
1609 912 1853 973 prompte
1900 918 1997 974 pa-

406 1000 546 1062 rent,
580 994 648 1048 ob
682 992 973 1049 bonitatem
1017 993 1118 1049 sibi
1163 994 1482 1064 peculiarem
1528 996 1823 1050 sententias
1873 1010 1999 1051 suas

404 1094 654 1152 revocat,
682 1096 735 1140 et
760 1085 828 1140 ad
853 1101 911 1141 se
934 1100 1228 1142 conversos
1256 1084 1511 1152 admittit,
1538 1095 1698 1156 atque
1725 1087 1792 1143 ab
1822 1086 2000 1143 immi-

405 1186 569 1233 nente
589 1176 848 1247 supplicio
876 1176 1066 1232 liberat
1091 1193 1105 1229 :
1140 1177 1211 1232 ita
1238 1192 1450 1249 quoque
1483 1191 1602 1233 cum
1626 1179 1885 1248 promittit
1912 1178 1996 1233 vel

403 1267 544 1323 bona
582 1269 755 1339 aliqua
784 1283 842 1323 se
891 1268 1258 1339 praebiturum,
1286 1269 1369 1324 vel
1397 1270 1723 1339 pmnitentia:
1747 1278 1955 1341 tempus
1977 1313 1992 1339 ,

404 1360 549 1416 videt
575 1371 753 1415 autem
797 1361 918 1415 illos
960 1360 1219 1431 indignos,
1249 1361 1411 1415 etiam
1455 1370 1578 1415 tunc
1621 1376 1832 1431 quoque
1874 1375 1997 1416 suas

406 1453 793 1522 promissioncs
819 1462 1052 1513 revocat.
1083 1452 1343 1520 Qu=.circa
1380 1461 1432 1506 et
1457 1466 1554 1522 per
1582 1452 1892 1523 prophetam
1916 1452 1995 1506 di-
2032 1522 2035 1525 _

401 1544 555 1599 cebat
584 1560 596 1596 :
631 1543 709 1596 Ad
736 1560 983 1598 summam
1021 1543 1197 1614 loquar
1221 1560 1374 1613 super
1407 1552 1597 1616 gentes,
1643 1553 1691 1597 et
1734 1559 1885 1613 super
1912 1560 1996 1598 re-

402 1649 527 1704 gna,
562 1641 616 1686 ut
645 1633 854 1703 perdam
881 1643 927 1686 et
956 1644 1171 1688 evertam
1209 1648 1228 1687 .'
1255 1642 1301 1688 et
1327 1633 1371 1688 si
1405 1634 1747 1705 paenitentiam
1775 1635 1993 1706 egerint,

405 1739 557 1794 agam
587 1733 632 1777 et
671 1740 761 1794 ego
791 1724 1130 1793 paenitentiam
1166 1740 1320 1795 super
1360 1725 1421 1779 iis
1454 1741 1569 1795 quae
1612 1725 1847 1796 loquutus
1883 1742 1996 1780 sum

404 1826 458 1870 ut
486 1818 701 1888 picerent
721 1818 790 1871 eis
818 1816 951 1888 (Jer.
977 1817 1063 1873 18.
1095 1818 1147 1872 7.
1178 1818 1237 1889 8)
1271 1832 1288 1872 :
1314 1826 1368 1873 et
1389 1818 1577 1873 iterum
1603 1834 1615 1871 :
1642 1818 1720 1871 Αιι
1747 1835 1997 1873 summam

405 1910 585 1979 loquar
607 1924 761 1980 super
786 1920 954 1982 gentes
979 1919 1025 1964 et
1053 1912 1205 1981 super
1228 1925 1403 1981 regna,
1435 1919 1491 1964 ut
1520 1911 1817 1978 retediﬁcem
1842 1926 1862 1965 :
1890 1911 1997 1965 etsi

406 2003 717 2073 peccaverint
742 2043 758 2069 ,
794 2003 1135 2074 paenitentiam
1156 2011 1202 2055 et
1223 2018 1311 2074 ego
1339 2019 1486 2073 agam
1514 2019 1665 2071 super
1688 2003 1748 2056 iis
1776 2018 1887 2073 qua:
1914 2005 1994 2057 lo-

412 2103 599 2163 quutus
638 2110 749 2148 sunt
792 2103 845 2147 ut
893 2094 1106 2162 facerem
1158 2094 1229 2149 eis
1261 2092 1419 2165 (Ibid.
1473 2109 1521 2149 v.
1563 2094 1615 2149 9.
1662 2092 1774 2165 10).
1806 2093 1995 2149 Vidisti

366 2220 375 2223 η
401 2184 673 2254 quomodo
692 2199 721 2238 a
752 2184 904 2239 nobis
930 2183 1239 2240 occasiones
1257 2183 1446 2255 accipit
1464 2195 1567 2238 tam
1591 2184 1992 2251 miscricordize,

403 2292 563 2348 quam
586 2292 711 2347 erga
739 2291 836 2332 nos
857 2276 1093 2332 declarat
1112 2319 1124 2337 .
1157 2292 1316 2347 quam
1348 2275 1765 2347 indignationis?
1793 2274 1995 2331 Idcirco

400 2371 563 2424 etiam
595 2384 735 2423 nunc
766 2378 973 2439 tempus
993 2377 1220 2434 resecat,
1239 2368 1390 2438 cujus
1411 2368 1481 2422 illi
1511 2366 1838 2437 longitudine
1866 2367 1997 2421 abu-

403 2462 673 2518 tt-bantur.
715 2462 908 2517 Beatus
934 2477 1146 2533 quoque
1177 2461 1371 2516 Paulus
1397 2460 1461 2515 ad
1479 2460 1723 2530 stupidos
1745 2460 1884 2528 illos,
1903 2459 1995 2531 qui

398 2554 626 2608 salutem
654 2567 749 2623 per
775 2552 1138 2623 paenitentiam
1164 2551 1318 2608 nobis
1343 2550 1520 2606 datam
1548 2567 1654 2605 non
1685 2550 1991 2618 admittunt,

397 2647 612 2703 dicebat
643 2662 658 2701 :
688 2645 766 2699 An
798 2645 997 2700 divitias
1021 2645 1259 2699 bonitatis
1295 2646 1405 2716 ejus
1445 2652 1491 2698 et
1520 2643 1776 2713 patientia:
1811 2651 1857 2696 et
1877 2642 1990 2695 lon-

399 2737 710 2809 ganimitatis
737 2736 1034 2802 contemnis,
1058 2735 1298 2805 ignorans
1326 2735 1462 2804 quod
1484 2732 1769 2803 benignitas
1796 2731 1891 2786 Dei
1922 2732 1994 2785 ad

399 2829 742 2898 paenitentiam
784 2836 830 2882 te
877 2824 1161 2897 provocat?
1207 2823 1500 2881 Secundum
1543 2831 1710 2877 autem
1755 2822 1994 2876 duritiam

398 2933 574 2986 tuam,
598 2928 647 2975 et
672 2919 984 2990 impaenitens
1000 2934 1105 2985 cor,
1139 2916 1448 2972 thesaurizas
1479 2914 1767 2985 tibimetipsi
1787 2915 1917 2968 iram
1940 2915 1995 2966 in

397 3012 484 3066 die
508 3012 597 3066 ira:
621 3020 668 3066 et
697 3010 1012 3066 reuelationis
1031 3009 1162 3080 justi
1192 3007 1370 3072 iudicii
1398 3006 1493 3061 Dei
1530 3006 1702 3078 (Rom.
1729 3004 1782 3059 2.
1813 3006 1866 3061 4.
1894 3002 1994 3078 5)?

400 3101 597 3159 Vidisti
618 3101 888 3174 quomodo
938 3108 996 3157 et
1019 3100 1249 3157 eximius
1287 3099 1376 3155 ille
1419 3098 1611 3155 doctor
1658 3097 1805 3153 orbis
1849 3097 1995 3153 clare

398 3209 501 3250 nos
529 3193 727 3263 docuit,
757 3207 850 3250 eos
873 3192 962 3264 qui
988 3191 1244 3264 patientia
1271 3191 1364 3247 Dei
1395 3189 1459 3245 ad
1488 3190 1860 3261 penitentiam
1892 3204 1991 3243 no-

398 3285 484 3342 bis
535 3296 791 3341 concessa
833 3284 1144 3349 abutuntur,
1174 3281 1364 3353 majori
1411 3294 1587 3353 preme
1633 3289 1688 3335 et
1733 3278 1995 3351 supplicio

398 3378 719 3449 semetipsos
740 3376 1006 3433 obnoxios
1035 3374 1300 3432 reddere?
1324 3373 1396 3430 Et
1418 3374 1517 3430 bac
1539 3373 1607 3430 de
1633 3388 1792 3429 causa
1832 3371 1994 3429 etiam

399 3487 544 3528 nunc
575 3471 838 3542 benignus
864 3468 1026 3535 Deus,
1057 3467 1208 3540 quasi
1237 3480 1357 3523 sese
1391 3480 1628 3538 purgans
1647 3509 1662 3535 ,
1695 3467 1993 3521 rationem-

400 3578 507 3633 que
551 3560 816 3627 reddens,
865 3575 1033 3632 quare
1074 3568 1362 3629 antequam
1409 3557 1731 3629 promissum
1785 3567 1995 3628 tempus

401 3653 737 3723 impleretur,
766 3652 1031 3723 diluvium,
1054 3651 1344 3718 induxerit,
1369 3662 1629 3705 annorum
1648 3649 1777 3721 justi
1808 3666 1997 3706 nume~

398 3759 519 3800 rum
568 3742 824 3811 declarat,
865 3751 921 3799 et
966 3742 1147 3798 dicit:
1199 3737 1317 3796 Noe
1362 3750 1532 3796 autem
1583 3749 1690 3795 erat
1744 3756 1996 3795 annorum

399 3844 769 3891 sexcentarum.
813 3834 945 3890 Nam
971 3834 1059 3906 qui
1108 3835 1161 3890 in
1192 3843 1407 3890 centum
1437 3832 1592 3889 annis
1619 3834 1860 3891 converti
1892 3848 1992 3888 no-

400 3932 618 3996 luerint,
651 3930 776 4002 quid
820 3931 1047 4001 amplius
1098 3929 1421 4000 proficerent
1462 3943 1529 3984 ex
1578 3927 1734 3983 annis
1785 3928 1992 3999 viginti,

398 4039 559 4093 quam
606 4021 749 4093 quod
805 4022 954 4092 plura
1015 4020 1311 4091 adjicerent
1364 4018 1615 4089 peccata?
1667 4019 1821 4073 Enim
1865 4032 1996 4073 vero

401 4122 709 4167 monstrans
740 4111 1058 4167 iuell‘abilem
1088 4125 1238 4165 suam
1262 4108 1686 4163 misericordiam
1717 4116 1771 4161 et
1808 4107 1992 4162 excel-

402 4205 599 4258 lentem
627 4203 936 4266 bonitatem,
969 4216 1076 4257 non
1121 4198 1391 4255 recusavit
1446 4198 1606 4254 etiam
1644 4206 1768 4253 ante
1788 4205 1992 4267 septem

400 4293 519 4349 dies
545 4295 835 4366 praedicere
859 4292 938 4348 eis
960 4291 1218 4348 diluvium
1253 4304 1379 4345 mox
1416 4287 1797 4355 inducendum,
1823 4296 1881 4341 ut
1906 4286 1991 4341 vel

401 4389 646 4459 angustia
709 4387 965 4460 temporis
1021 4385 1257 4457 correpti
1300 4383 1710 4441 conversionem
1761 4381 1994 4452 aliquam

402 4480 769 4536 ostenderent.

476 4572 531 4627 5.
566 4570 703 4627 Deus
733 4564 960 4640 praedicit
985 4584 1183 4642 plenas,
1208 4583 1270 4621 ne
1294 4565 1501 4636 inferat.
1530 4593 1601 4605 -
1622 4564 1691 4619 Et
1713 4562 1835 4618 vide
1887 4561 1998 4617 cle-

407 4664 660 4719 mentiam
691 4661 921 4726 Domini,
952 4659 1220 4731 quomodo
1259 4656 1407 4728 quasi
1450 4657 1622 4712 bonus
1663 4654 1853 4725 aliquis
1878 4667 1995 4708 mc-

405 4756 577 4820 dicus,
602 4753 762 4807 variis
790 4752 892 4807 viis
922 4751 1163 4806 morbum
1194 4763 1380 4805 eorum
1411 4762 1601 4803 curare
1643 4754 1830 4802 tentat.
1863 4743 1996 4800 Nam

408 4846 658 4915 quoniam
689 4842 999 4898 incurabilia
1027 4855 1213 4897 eorum
1240 4846 1395 4894 erant
1426 4838 1670 4905 vulnera,
1698 4844 1805 4890 tam
1832 4834 1999 4905 proli-

410 4951 535 4993 Xum
563 4937 640 4990 eis
672 4945 881 5003 tempus
908 4930 1251 5002 praescripsit,
1280 4928 1664 4993 volens,etiam
1692 4926 1736 4980 si
1769 4926 1820 4979 in
1852 4933 2001 4979 tanto

411 5038 649 5097 tempore
670 5025 1063 5095 resipiscerent,
1076 5018 1719 5091 revocareindignationis
1744 5032 1854 5072 sua:
1880 5030 2002 5071 sen-

413 5118 647 5172 tentiam.
679 5116 903 5186 Semper
931 5116 1070 5170 enim
1100 5127 1219 5168 mos
1247 5113 1363 5183 ejus
1388 5118 1494 5179 est,
1521 5110 1773 5181 quoniam
1803 5117 2000 5163 nostra:

411 5207 595 5261 salutis
613 5220 796 5260 curam
826 5205 955 5276 agit,
971 5202 1263 5275 praedicere
1284 5216 1414 5272 quas
1437 5214 1621 5271 poenas
1641 5200 1709 5255 sit
1734 5198 2000 5265 illaturus,

411 5299 483 5354 ob
515 5300 649 5355 hanc
691 5305 896 5353 tantum
936 5309 1173 5362 causam,
1201 5309 1268 5349 ne
1319 5292 1537 5357 inferat;
1564 5305 1698 5361 quas
1733 5291 1777 5346 si
1801 5289 2001 5345 inferre

415 5391 605 5458 vellet,
630 5389 938 5459 neutiquam
985 5387 1186 5442 diceret
1214 5402 1228 5438 :
1260 5382 1355 5440 sed
1391 5382 1630 5438 studiose
1666 5380 1927 5453 praedicit,
1949 5386 2008 5436 ut

417 5497 539 5538 cum
598 5496 697 5537 nos
749 5479 1117 5544 didicerimus,
1152 5477 1344 5531 timore
1400 5473 1796 5530 emendatiores
1844 5471 1964 5526 laeti
1989 5511 2005 5539 ,

416 5581 721 5628 ater-tamus
770 5570 938 5640 ipsius
976 5567 1414 5639 indignationem,
1443 5573 1498 5621 et
1521 5563 1811 5621 sententias
1832 5561 2012 5617 irritas

1404 401 1470 458 ιΝ
1508 403 1658 458 CAP.
1685 403 1793 457 Vll.
1838 402 2076 460 GENES.
2122 403 2349 459 llOiiiL.
2394 404 2557 460 XXV.

3589 417 3693 473 23?.

2107 519 2362 575 industria
2394 522 2616 591 quadam
2642 535 2831 579 curare
2861 526 3045 582 nititur
3074 546 3088 587 :
3123 529 3296 599 primo
3330 540 3529 588 tantum
3556 544 3691 589 teut-

2104 610 2248 679 poris
2269 610 2333 663 ad
2359 611 2727 680 paenitentiam
2770 615 2948 682 dedit;
2983 617 3103 673 dein
3154 620 3240 675 ubi
3268 622 3398 678 vidit
3422 638 3516 679 eos
3541 629 3693 696 quasi

2106 699 2357 755 insensati
2407 713 2607 769 essent,
2655 705 2723 759 ita
2766 721 2824 761 se
2868 724 3094 778 gerere,
3142 712 3379 785 nihilque
3430 719 3691 786 prolicere

2105 792 2359 860 temporis
2390 792 2738 863 longitudine,
2762 797 2870 866 jam
2896 814 3014 853 cum
3065 806 3448 872 propemodum
3479 808 3532 863 in
3559 809 3691 865 lori-

2100 880 2200 935 bus
2244 883 2373 950 ipsis
2421 895 2564 941 esset
2607 886 2884 955 diluvium,
2933 891 3128 946 iterum
3168 900 3528 966 praenuntiat,
3582 918 3690 956 non

2101 984 2226 1029 ante
2253 985 2359 1031 tres
2398 977 2533 1044 dies,
2580 980 2715 1035 sicut
2756 982 3018 1048 Ninivitis,
3060 986 3151 1041 sed
3197 999 3321 1043 ante
3366 1001 3590 1061 septem.
3626 995 3688 1049 Et

2102 1062 2328 1121 ﬁdenter
2372 1068 2617 1138 dixerim,
2666 1075 3079 1143 magnitudinem
3123 1079 3427 1138 clementiae
3480 1084 3688 1141 Domini

2100 1156 2267 1210 nostri
2296 1158 2487 1223 sciens,
2519 1161 2563 1214 si
2592 1163 2676 1216 vel
2703 1163 2754 1217 iu
2775 1176 2976 1232 septem
2998 1168 3186 1224 diebus
3214 1187 3393 1227 veram
3424 1177 3689 1245 poeniten-

2103 1245 2226 1298 tiam
2259 1262 2416 1316 agerc
2458 1250 2768 1316 voluissent,
2795 1254 3105 1326 eli‘ugissent
3135 1261 3313 1330 utique
3340 1263 3519 1319 diluvii
3551 1269 3689 1336 peri-

2099 1336 2298 1389 culum.
2334 1338 2512 1408 Itaque
2559 1344 2808 1411 quoniam
2841 1361 3012 1416 nequc
3054 1349 3333 1417 productio
3379 1358 3509 1410 tanti
3557 1366 3661 1411 tem

2100 1426 2264 1492 poris,
2295 1441 2466 1497 neque
2488 1433 2774 1485 coarctatiu
2798 1447 2827 1487 a
2860 1436 3012 1490 malis
3054 1451 3147 1494 eos
3193 1441 3456 1499 abducere
3496 1448 3687 1516 potuit,

2100 1517 2309 1574 induxit
2351 1520 2605 1576 diluvium
2634 1525 2685 1578 iu
2715 1530 3104 1584 sexcentesimo
3148 1547 3288 1588 anno
3316 1535 3446 1591 Noe.
3480 1538 3534 1592 6.
3571 1538 3685 1595 Noe
3750 1516 3755 1520 1

2099 1622 2284 1675 autem,
2316 1612 2504 1682 inquit,
2548 1626 2891 1673 sexcentarum
2932 1637 3181 1677 annorum
3217 1636 3343 1692 erat,
3373 1638 3420 1681 et
3445 1629 3688 1685 diluvium

2099 1715 2245 1771 aqua
2272 1704 2462 1774 factum
2478 1712 2549 1758 est
2570 1722 2724 1776 super
2753 1717 2958 1765 terram.
2987 1710 3224 1781 Vidistis,
3252 1716 3451 1784 dilecti,
3477 1730 3689 1790 quantm

2098 1791 2253 1846 nobis
2283 1793 2525 1850 utilitatis
2554 1799 2773 1852 materia
2806 1798 2942 1855 facta
2986 1803 3075 1869 sit,
3121 1818 3447 1876 cognoscere
3468 1872 3473 1878 ,
3497 1826 3687 1868 nume-

2099 1898 2217 1938 rum
2262 1900 2522 1942 annorum
2565 1888 2716 1958 justi,
2745 1899 2795 1946 et
2836 1902 2967 1962 quot
3008 1909 3267 1961 annorum
3313 1909 3450 1966 erat,
3479 1904 3689 1973 quando

2097 1974 2352 2031 diluvium
2382 1980 2563 2033 venit?
2587 1982 2698 2050 Age
2726 1985 3126 2053 progrediamur
3154 1988 3220 2043 ad
3244 2004 3309 2045 ea
3353 2006 3472 2061 quae
3491 2008 3687 2051 conse-

2097 2077 2325 2138 quenter
2368 2070 2637 2125 dicuntur.
2666 2073 2797 2128 Nam
2830 2084 2888 2129 ut
2912 2078 3078 2146 cmpit
3104 2078 3377 2147 diluvium,
3411 2084 3602 2153 inquit,
3629 2088 3683 2142 7.

2097 2158 2368 2231 Ingressus
2403 2172 2476 2217 est
2506 2174 2676 2218 autem
2707 2164 2841 2233 Noe,
2874 2178 2923 2221 et
2950 2169 3049 2237 ﬁlii
3071 2171 3200 2241 ejus,
3225 2181 3271 2226 et
3295 2189 3425 2228 uxor
3457 2176 3615 2244 illius,
3641 2188 3686 2233 et

2096 2268 2278 2308 uxores
2302 2254 2523 2323 ﬁliorum
2563 2258 2700 2311 illius
2724 2261 2776 2312 in
2798 2276 2990 2329 arcam,
3018 2274 3224 2333 propter
3264 2283 3448 2335 aquam
3486 2269 3683 2325 diluvii.

2097 2343 2150 2398 8.
2178 2343 2242 2397 Et
2272 2361 2335 2400 ex
2362 2346 2647 2402 volatilibus
2689 2350 2890 2404 mundis
2919 2360 2966 2405 et
2991 2368 3056 2406 ea:
3082 2355 3362 2410 volatilibus
3389 2359 3682 2429 immundis,

2095 2443 2143 2488 et
2167 2450 2234 2489 ea:
2271 2438 2535 2508 jumentis,
2587 2449 2635 2492 et
2673 2456 2736 2494 ea:
2778 2442 3043 2511 reptilibus
3086 2445 3223 2500 bina.
3251 2447 3304 2503 9.
3329 2446 3414 2503 Ea:
3457 2453 3685 2509 omnibus

2096 2527 2407 2584 intraverunt
2435 2530 2504 2584 ad
2526 2531 2655 2598 Noe,
2680 2532 2734 2587 in
2761 2550 2954 2599 arcam,
2982 2538 3232 2593 masculus
3261 2538 3558 2612 et'foemina,
3589 2547 3686 2601 sic-

2094 2629 2152 2673 ut
2174 2632 2479 2691 prccaeperat
2507 2622 2753 2679 Dominus
2779 2625 2912 2680 Noe.
2944 2626 3059 2682 Non
3085 2630 3288 2702 absque
3333 2647 3492 2689 causa
3531 2636 3685 2692 addi-

2094 2711 2191 2778 dit,
2216 2713 2362 2769 Sicut
2382 2726 2686 2785 prazceperat
2715 2715 2963 2772 Dominus
2992 2719 3104 2774 Noe
3126 2737 3144 2773 :
3172 2721 3263 2777 sed
3292 2731 3350 2778 ut
3377 2725 3567 2781 iterum
3589 2743 3683 2783 au-

2096 2812 2244 2874 geret
2266 2805 2475 2860 laudem
2499 2807 2805 2876 justi,quod
2834 2810 3010 2863 omnia
3039 2812 3356 2881 impleverit,
3376 2816 3512 2872 sicut
3541 2832 3679 2887 prae-

2096 2907 2310 2964 ceperat
2340 2896 2614 2962 Dominus,
2646 2908 2700 2965 et
2718 2899 2859 2968 quod
2892 2900 3020 2956 nihil
3049 2916 3117 2957 ex
3146 2903 3299 2959 dictis
3329 2908 3684 2974 praetermise-

2094 2987 2185 3041 rit.
2214 2987 2299 3042 10.
2332 2986 2398 3042 Ει
2426 2992 2615 3059 factum
2640 2998 2712 3042 est
2739 2998 2850 3058 post
2886 2990 2992 3045 dies
3016 3001 3224 3062 septem,
3256 2994 3395 3049 sicut
3420 2997 3682 3064 promise-

2095 3087 2198 3143 rat,
2231 3077 2420 3149 inquit,
2455 3080 2740 3144 Dominus,
2779 3090 2825 3133 et
2845 3096 2977 3148 aqua
3018 3083 3195 3136 diluvii
3242 3087 3379 3155 facta
3415 3095 3488 3141 est
3532 3103 3685 3158 super

2097 3180 2303 3236 terram,
2336 3173 2422 3226 11.
2454 3172 2507 3225 in
2536 3173 2896 3227 sexcentesimo
2921 3189 3056 3228 anno
3102 3175 3156 3229 in
3195 3176 3295 3229 vita
3337 3176 3472 3243 Noe,
3517 3195 3686 3235 mense

2096 3264 2336 3330 secundo,
2381 3263 2612 3317 vicesimo
2640 3272 2685 3316 et
2710 3264 2922 3334 septinto
2970 3266 3173 3319 mensis.
3224 3265 3359 3322 Vide
3396 3268 3684 3339 Scriptura:

2098 3354 2470 3426 diligentiam,
2525 3355 2793 3425 quomodo
2840 3370 2948 3411 non
2994 3356 3167 3412 solum
3209 3373 3307 3413 nos
3356 3359 3539 3415 docuit
3581 3376 3685 3431 quo

2096 3459 2238 3499 anno
2282 3443 2477 3499 factum
2506 3445 2578 3499 sit
2611 3444 2891 3514 diluvium,
2921 3447 3015 3502 sed
3042 3458 3091 3502 et
3122 3462 3229 3517 quo
3273 3463 3458 3505 mense
3486 3458 3541 3506 et
3577 3451 3684 3507 die.

2101 3536 2300 3592 Deinde
2343 3545 2397 3591 ut
2440 3553 2505 3593 ex
2551 3537 2857 3593 narratione
2881 3538 3274 3596 emendatiores
3300 3540 3489 3596 reddat
3511 3551 3688 3611 poste-

2098 3644 2209 3691 ros,
2242 3623 2609 3699 terroremque
2638 3630 2715 3684 rei
2754 3639 2918 3699 gesta:
2953 3638 3161 3700 augeat,
3191 3630 3317 3685 dicit
3346 3649 3360 3686 :
3387 3630 3452 3686 In
3482 3633 3565 3687 die
3598 3634 3688 3687 illo

2098 3721 2234 3789 rupti
2261 3728 2378 3774 sunt
2403 3734 2574 3774 omnes
2603 3723 2767 3791 fontes
2795 3719 2982 3791 abyssi,
3003 3731 3049 3774 et
3063 3730 3333 3776 catarach
3358 3723 3468 3777 ccli
3497 3733 3688 3793 aperta:

2097 3820 2246 3879 sunt,
2292 3813 2379 3866 12.
2426 3821 2473 3865 et
2522 3813 2660 3881 facta
2705 3819 2779 3865 est
2824 3812 2994 3877 pluvia
3047 3828 3201 3882 super
3239 3822 3425 3867 terram
3463 3815 3686 3884 quadra-

2097 3905 2238 3975 ginta
2266 3904 2439 3958 diebus
2462 3912 2509 3957 et
2533 3904 2869 3974 quadraginta
2898 3905 3142 3959 noctibus.
3190 3904 3324 3960 Vide
3361 3915 3555 3974 quanta
3604 3906 3688 3962 di-

2098 3995 2251 4050 cendi
2279 3994 2719 4064 attemperatione
2761 4008 2901 4057 nunc
2930 3994 3090 4049 etiam
3138 3995 3303 4049 utitur
3346 4009 3501 4066 sacra
3539 3998 3687 4052 Scri-

2099 4096 2251 4156 ptura
2276 4104 2290 4140 :
2315 4087 2492 4140 omnia
2539 4087 2680 4140 enim
2713 4084 3003 4140 secundum
3032 4085 3316 4141 humanam
3346 4077 3690 4145 consiletudi-

2100 4193 2220 4233 nem
2260 4177 2509 4247 loquitur.
2554 4175 2668 4230 Non
2714 4175 2855 4245 quod
2889 4183 3169 4232 cataractae
3190 4176 3296 4231 sint
3325 4178 3377 4232 in
3402 4179 3558 4244 caelo,
3593 4180 3686 4235 sed

2099 4268 2273 4323 omnia
2301 4282 2397 4338 per
2416 4267 2694 4322 familiaria
2716 4267 2871 4321 nobis
2901 4268 3060 4323 verba
3081 4268 3337 4339 loquitur,
3366 4271 3514 4340 quasi
3537 4271 3684 4327 dice-

2099 4370 2181 4416 ret
2215 4378 2228 4414 :
2262 4360 2525 4429 Praecepit
2565 4366 2767 4413 tantum
2809 4357 3085 4422 Dominus,
3129 4367 3182 4413 et
3207 4360 3388 4414 statim
3432 4375 3688 4430 aquarum

2100 4460 2288 4507 natura
2320 4449 2572 4505 mandato
2596 4449 2902 4503 Conditoris
2938 4448 3195 4518 obedivit,
3221 4457 3276 4505 et
3299 4459 3359 4506 ut
3394 4449 3651 4508 conﬂuxit
3672 4495 3688 4521 ,

2102 4554 2270 4600 totum
2295 4543 2479 4598 orbem
2508 4539 2798 4595 inundavit.
2816 4538 2935 4595 Jam
2964 4538 3106 4611 quod
3125 4539 3474 4612 quadraginta
3501 4541 3692 4599 diebus

2106 4637 2161 4687 et
2173 4630 2529 4701 quadraginta
2544 4627 2795 4684 noctibus
2808 4627 3085 4682 inductum
3103 4628 3688 4694 estdiluvium,etistud

2108 4715 2287 4787 ipsum
2306 4714 2573 4769 bonitatis
2590 4713 2888 4767 maximum
2908 4711 3182 4781 specimen
3196 4710 3690 4767 est.Volebatenim

2111 4813 2332 4878 propter
2350 4818 2602 4876 magnam
2619 4801 3278 4868 misericordiam,saltem
3304 4803 3517 4873 aliquos
3534 4817 3597 4856 ex
3611 4802 3692 4857 eis

2112 4895 2411 4965 castigatos
2445 4893 2756 4964 generalem
2800 4894 2940 4947 banc
2964 4892 3393 4948 internecionem
3430 4891 3687 4963 effugere,

2111 5000 2235 5042 cum
2249 4995 2376 5041 ante
2391 4985 2583 5040 oculos
2605 4984 3263 5055 viderentetcongeneres
3280 5000 3412 5042 suos
3428 4985 3689 5055 perire,et

2112 5079 2508 5135 immineresibi
2538 5091 2881 5133 communem
2898 5074 3517 5133 interituruNerisindle
3543 5078 3686 5131 enim

2109 5182 2193 5231 est
2207 5173 2385 5245 primo
2402 5172 2491 5228 die
2508 5173 2705 5227 bonam
2722 5171 2959 5240 aliquam
2985 5178 3194 5240 partem
3209 5169 3415 5224 diluvio
3436 5168 3687 5239 periisse,

2110 5272 2164 5319 et
2186 5261 2432 5318 secundo
2451 5263 2540 5318 die
2557 5260 2869 5317 accrevisse
2892 5260 3097 5331 aliquid
3115 5260 3304 5316 diluvii
3325 5278 3342 5316 :
3361 5268 3418 5315 et
3437 5260 3692 5316 similiter

2111 5354 2201 5409 die
2229 5353 2414 5420 tertio,
2433 5362 2490 5409 et
2509 5350 2942 5422 reliquis.Atque
2968 5350 3090 5406 ideo
3110 5351 3164 5404 in
3188 5349 3551 5421 quadraginta
3572 5349 3692 5405 dies

2110 5454 2165 5501 et
2195 5444 2560 5515 quadraginta
2582 5451 2775 5498 noctes
2797 5439 3077 5512 produxit,
3097 5447 3158 5494 ut
3183 5455 3401 5496 omnem
3425 5437 3693 5496 defensio-

2112 5537 2199 5591 nis
2214 5537 2498 5591 obtentum
2522 5533 2807 5590 adimeret.
2830 5532 2963 5588 Nam
2980 5524 3041 5588 si
3058 5533 3325 5589 voluisset
3342 5542 3505 5603 atque
3530 5531 3696 5601 impe-

419 5623 871 5722 i..};.'.'.‘{;;;.‘mui
894 5623 1172 5725 enimﬁe‘st,
1202 5656 1345 5729 quod
1373 5623 1445 5713 ua
1475 5655 1623 5711 illum
1652 5653 1932 5714 exhilaret,
1957 5655 2081 5704 me
2112 5636 2308 5729 “sset.
2332 5627 2603 5729 potuisset
2628 5625 2812 5729 οηξιιῑθ
2837 5625 2892 5679 in
2932 5640 3039 5729 uno
3062 5633 3342 5729 Ino-13911.10
3379 5623 3646 5729 inundare
3676 5640 3691 5677 =

421 5757 703 5815 conversio
733 5762 935 5820 nostra,
954 5761 1008 5809 et
1032 5768 1062 5808 a
1088 5758 1309 5824 peccato
1338 5749 1405 5806 ad
1432 5748 1685 5805 virtutem
1712 5759 2011 5818 legressus.

421 5839 808 5898 Animadverte
836 5845 994 5917 igitur
1016 5843 1286 5917 quomodo
1314 5850 1368 5901 et
1388 5841 1612 5899 istorum
1642 5840 2010 5915 tegritudinem

2114 5723 2209 5778 sed
2224 5733 2324 5791 pro
2342 5734 2441 5774 sua
2467 5718 2758 5774 clementia
2782 5724 2932 5772 tanta
2948 5716 3161 5772 dierum
3176 5715 3536 5770 diuturnitate
3559 5728 3695 5768 usus

2112 5822 2219 5871 est.
2253 5812 2456 5871 Deinde
2486 5811 2618 5867 dicit
2652 5829 2664 5866 :
2701 5811 2786 5866 15.
2816 5808 2880 5865 In
2915 5810 3001 5866 die
3025 5808 3123 5863 illa
3149 5808 3369 5863 intravit
3387 5808 3499 5863 Noe
3522 5806 3579 5860 in
3604 5820 3696 5857 ar-
