4078 6422
418 366 531 422 Ὲέὄ

419 511 548 559 cum,
579 503 624 548 et
650 492 854 559 Sem,et
879 489 1060 560 Cltam,
1090 500 1134 546 et
1154 490 1400 561 Japhetlt,
1435 500 1481 545 et
1503 505 1631 545 uxor
1667 487 1797 555 Noe,
1828 496 1876 542 et
1910 497 2009 545 tres

420 600 599 640 uxores
639 584 864 653 ﬁliorum
905 582 1187 652 illum”.
1234 590 1280 636 et
1322 596 1495 636 omnes
1529 579 1698 635 bestia:
1739 577 1996 634 secundun

416 693 595 746 genus,
626 676 713 731 l6.
749 676 879 730 sicut
907 684 1217 747 praeceperat
1244 672 1493 728 Dominus
1519 671 1659 727 Deus
1681 669 1813 726 Noe.
1832 670 2011 739 Quan-

415 769 524 837 do,
572 768 776 839 inquit,
828 767 994 836 coepit
1039 767 1295 821 diluvium
1340 763 1632 821 secundum
1683 771 2006 834 praeceptum

417 861 647 929 Domini,
680 860 895 916 intravit
916 859 1029 916 Noe
1048 860 1097 914 in
1120 873 1297 914 arcam
1326 872 1446 911 cum
1477 855 1599 927 ﬁliis
1624 862 1679 911 et
1702 869 1867 910 uxore
1890 868 2005 919 sua,

413 962 467 1008 et
493 953 748 1008 uxoribus
777 950 1004 1006 ﬁliorum
1041 964 1280 1015 suorum,
1313 955 1368 1003 et
1392 961 1579 1002 omnes
1612 945 1795 1001 bestia:
1819 959 2009 1000 secun-

413 1044 541 1099 dum
566 1059 758 1115 genus.
794 1040 866 1098 Et
889 1042 1090 1108 clausit,
1118 1040 1308 1110 inquit,
1336 1038 1590 1092 Dominus
1633 1035 1773 1091 Deus
1817 1034 2006 1106 deforis

414 1136 523 1204 ejus
548 1150 742 1188 arcam.

484 1224 538 1279 4.
570 1223 948 1279 Animadverte
993 1223 1153 1277 etiam
1183 1220 1271 1277 hic
1309 1220 1459 1277 verbi
1485 1219 1552 1275 ad
1583 1226 1822 1275 nostram
1853 1217 2007 1274 inﬁr-

417 1316 653 1370 mitatem
679 1313 1248 1369 accommodationem.
1278 1311 1483 1367 Clausit
1522 1311 1664 1366 Deus
1712 1309 2007 1365 forinsecus

415 1406 555 1460 illius
574 1420 774 1470 arcam,
808 1413 866 1459 ut
904 1403 1094 1459 doceat
1138 1418 1197 1458 se
1238 1404 1290 1457 in
1337 1417 1527 1473 magna
1572 1401 1857 1458 securitate
1909 1413 2007 1470 po-

411 1498 583 1553 suisse
626 1496 847 1567 justum.
880 1496 1004 1552 Ideo
1030 1496 1123 1561 ait,
1157 1494 1371 1562 Clausit,
1402 1503 1458 1550 et
1481 1493 1649 1560 addit,
1678 1492 1902 1563 Deforis,
1934 1491 2006 1547 ita

414 1600 470 1645 ut
495 1606 598 1645 non
629 1597 810 1660 posset
833 1591 1015 1644 videre
1038 1589 1216 1658 justus
1244 1586 1547 1659 generalem
1576 1585 1815 1641 omnium
1864 1584 2005 1639 inte-

413 1682 596 1748 ritum,
627 1680 769 1735 unde
804 1679 994 1750 majori
1039 1679 1229 1734 dolore
1258 1678 1372 1748 ipse
1396 1675 1768 1732 conﬁceretur.
1795 1673 1930 1729 Nam
1959 1672 2006 1728 si

411 1788 593 1829 secum
619 1774 797 1828 animo
817 1780 1117 1843 reputasset
1137 1770 1525 1825 atrocissimam
1549 1768 1691 1823 illam
1716 1775 2005 1838 tempesta-

414 1862 1037 1933 tem,descripsisselque
1083 1862 1135 1915 in
1164 1868 1345 1916 mente
1383 1859 1600 1915 humani
1628 1859 1840 1930 generis
1879 1872 2004 1928 per-

411 1955 689 2022 ditionem,
718 1938 1354 2009 communem‘brutorum
1384 1950 1623 2005 omnium
1652 1950 1923 2006 interitum
1949 1962 2005 2006 et

411 2046 689 2101 hominum
730 2053 783 2099 et
821 2042 1209 2114 jumentorum,
1252 2051 1307 2097 et
1330 2042 1497 2112 ipsius
1524 2051 1701 2108 terrae,
1734 2049 1791 2095 ut
1822 2042 1894 2097 ita
1923 2041 2006 2097 di-

409 2152 552 2203 cam,
581 2135 951 2203 abolitionem,
982 2133 1237 2190 mmstitia
1279 2141 1577 2203 correptus,
1608 2142 1662 2188 et
1690 2131 1848 2189 valde
1892 2142 2004 2188 tur-

410 2228 565 2283 batus
599 2227 816 2282 fuisset.
863 2226 1193 2296 Quamquam
1239 2224 1383 2281 enim
1432 2231 1587 2279 erant
1628 2222 1885 2294 improbi,
1913 2222 2002 2293 qui

409 2320 675 2392 peribant,
710 2327 948 2374 attamen
996 2317 1260 2373 bonorum
1294 2317 1532 2371 virorum
1577 2315 1772 2371 anima:
1812 2329 2001 2386 magna

408 2410 878 2468 commiseratione
916 2407 1057 2463 afﬁci
1083 2407 1279 2476 solent,
1307 2407 1353 2462 si
1376 2405 1590 2477 quando
1619 2404 1804 2461 vident
1827 2406 2003 2476 puniri

410 2504 686 2568 homines;
713 2510 767 2557 et
790 2500 1030 2556 invenies
1055 2514 1244 2556 omnes
1275 2499 1560 2569 prOphetas
1587 2507 1641 2554 et
1660 2497 1836 2569 justos
1881 2498 2001 2569 plu-

411 2596 605 2650 rimum
630 2608 727 2664 pro
753 2593 860 2648 illis
889 2592 1000 2647 Deo
1028 2592 1353 2663 supplicare,
1397 2590 1536 2646 sicut
1575 2588 1874 2661 patriarcha
1906 2605 2003 2661 pro

407 2684 700 2742 Sodomitis
745 2683 973 2739 faciebat
998 2681 1151 2757 (Gen.
1200 2681 1289 2737 l8.
1335 2680 1449 2752 25),
1490 2680 1629 2736 sicut
1672 2680 1833 2737 etiam
1879 2696 2003 2753 pro-

408 2776 583 2847 pheta:
606 2775 857 2830 continuo
884 2773 1060 2829 facere
1086 2772 1345 2829 solebant.
1377 2772 1590 2828 Etenim
1618 2786 1757 2828 unus
1785 2771 2000 2842 quidem

407 2868 619 2924 dicebat
647 2884 661 2921 :
697 2866 816 2922 Heu
842 2866 986 2932 mihi,
1013 2864 1249 2933 Domine,
1278 2863 1466 2920 dolebis
1489 2874 1544 2919 tu
1566 2865 1804 2936 reliquias
1831 2863 2003 2920 Israel

408 2956 618 3031 (Ezech.
645 2956 698 3012 9.
722 2956 815 3029 8)?
843 2956 980 3011 alius
1002 2965 1181 3011 autem
1228 2955 1304 3010 ait
1332 2972 1346 3009 :
1376 2953 1560 3009 Facies
1602 2956 1828 3011 homines
1868 2956 2001 3011 sicut

408 3050 568 3119 pisces
593 3048 771 3115 maris,
794 3064 896 3101 non
924 3046 1161 3101 habentes
1187 3046 1363 3100 ducem
1390 3044 1572 3118 (Abac.
1600 3048 1651 3102 l.
1682 3047 1773 3117 i4)
1793 3046 1816 3100 ?
1839 3046 2002 3118 Igitur

404 3139 532 3208 quia
576 3137 809 3209 alioquin
848 3137 1025 3208 justus
1066 3136 1490 3193 confundebatur
1509 3146 1708 3203 mente,
1737 3147 1790 3192 et
1820 3137 2002 3193 turba-

406 3231 581 3296 hatur,
614 3246 682 3286 ne
709 3247 775 3286 ex
801 3231 916 3286 visu
936 3239 992 3287 et
1009 3229 1318 3302 spectaculo
1345 3230 1533 3300 majori
1564 3231 1773 3285 tristitia
1821 3230 2001 3286 afﬁce-

404 3335 573 3390 retur,
622 3324 677 3379 in
719 3338 841 3379 arca
884 3322 1031 3379 illum
1070 3324 1223 3394 quasi
1267 3324 1322 3378 in
1369 3337 1584 3379 carcere
1630 3323 1890 3388 includit,
1942 3336 2002 3378 ut

406 3431 474 3470 ne
496 3414 667 3470 oculis
692 3414 1104 3487 prospicientem
1150 3424 1325 3470 metus
1371 3414 1667 3471 invaderet.
1701 3414 2000 3472 Verisimile

413 3507 557 3561 enim
587 3514 691 3568 est,
719 3506 765 3561 si
794 3506 1016 3561 vidisset
1055 3505 1455 3561 inundationem
1496 3514 1574 3560 tot
1598 3521 1876 3576 aquarum,
1903 3522 2001 3562 an-

404 3599 551 3653 xium
580 3597 715 3662 fore,
742 3612 810 3653 ne
836 3606 891 3652 et
917 3599 1032 3667 ipse
1050 3598 1202 3669 aquis
1230 3597 1451 3667 periret.
1484 3598 1612 3668 Ejus
1637 3598 1797 3669 igitur
1816 3613 1997 3655 curam

403 3704 598 3759 gerens
626 3689 889 3757 benignus
919 3688 1085 3753 Deus,
1119 3703 1227 3742 non
1254 3688 1496 3757 permisit
1523 3689 1695 3758 ipsum
1727 3689 1810 3745 vel
1836 3704 2001 3760 aqua-

405 3795 524 3834 rum
541 3787 784 3849 spectare
803 3778 1083 3844 saeviticm,
1103 3777 1188 3832 vel
1206 3778 1389 3834 videre
1404 3777 1679 3832 hominum
1706 3779 1995 3847 excidium,

404 3878 461 3925 et
475 3883 811 3924 communem
832 3869 977 3925 orbis
993 3868 1432 3924 internecionem.
1453 3868 1565 3940 Ego
1585 3878 1761 3926 autem
1784 3870 1998 3941 quando

407 3969 596 4032 reputo
621 3975 831 4017 mecum
866 3960 996 4032 justi
1025 3959 1183 4030 hujus
1212 3960 1372 4015 vitam
1404 3961 1456 4015 in
1482 3976 1608 4017 arca
1628 4002 1645 4028 ,
1676 3962 1999 4032 obstupesco

405 4064 459 4109 et
478 4054 674 4119 miror,
704 4054 1004 4125 iterumque
1030 4053 1124 4109 Dei
1167 4053 1469 4110 clementiae
1515 4063 1684 4110 totum
1723 4054 1993 4113 adscribo.

403 4146 537 4202 Nam
566 4147 669 4202 nisi
688 4147 783 4202 illa
810 4147 1351 4202 conﬁrmassetillius
1393 4155 1649 4216 mentem,
1680 4157 1732 4204 et
1758 4147 1994 4205 difﬁcilia

405 4235 540 4291 levia
581 4234 820 4303 fecisset,
869 4233 1160 4305 quomodo,
1209 4235 1316 4302 dic,
1368 4251 1486 4303 oro,
1535 4236 1674 4293 ferre
1715 4239 1992 4308 potuisset,

406 4325 480 4381 ibi
507 4324 741 4380 inclusus
766 4325 917 4395 quasi
948 4325 999 4378 in
1030 4324 1271 4380 custodia
1296 4324 1523 4396 quadam
1550 4336 1605 4382 et
1632 4327 1685 4382 in
1718 4336 1853 4384 tetro
1876 4345 1996 4385 car-

398 4418 572 4473 cere?
617 4415 915 4487 quomodo,
965 4431 1170 4487 quaeso,
1212 4417 1474 4486 potuisset
1513 4417 1770 4474 adversus
1818 4428 1996 4478 tantos

405 4504 660 4562 ﬂuctuum
709 4508 938 4577 impetus
976 4506 1271 4561 obsistere?
1316 4506 1569 4562 Homines
1615 4510 1757 4564 enim
1804 4512 1894 4581 qui
1939 4512 1990 4567 in

404 4598 525 4652 navi
554 4605 699 4665 sunt,
727 4609 781 4653 et
815 4596 937 4652 velo
985 4607 1225 4663 utuntur,
1272 4605 1329 4652 et
1355 4597 1761 4668 gubernatorem
1790 4601 1857 4656 ad
1882 4604 1995 4657 ela-

405 4703 532 4743 ευρ
580 4686 853 4744 sedentem
901 4687 1124 4751 vident,
1172 4695 1229 4741 ct
1265 4701 1370 4742 sua
1407 4699 1524 4745 arte
1567 4698 1848 4746 ventorum
1875 4693 1893 4724 ⁸
1921 4693 1972 4748 vi

401 4780 748 4835 obsistentem
775 4818 790 4843 ,
832 4778 1090 4849 siquando
1146 4776 1399 4833 ﬂuctuum
1445 4779 1626 4835 vident
1683 4780 1943 4837 insaniam
1972 4824 1988 4849 ,

402 4881 696 4927 caecantur
723 4882 891 4938 metu,
918 4879 974 4927 et
1000 4871 1067 4927 de
1113 4872 1285 4929 salute
1332 4887 1425 4927 sua
1466 4875 1849 4943 propemodum
1890 4876 1992 4933 de-

401 4971 666 5032 sperant:
707 4961 836 5031 quid
884 4961 1043 5032 igitur
1089 4961 1283 5017 dixerit
1320 4962 1513 5034 aliquis
1531 4964 1611 5020 de
1648 4965 1796 5035 justo
1837 4964 1992 5023 hoc?

398 5053 531 5110 Nam
570 5054 722 5125 quasi
763 5054 818 5108 in
856 5067 1095 5119 carcere,
1128 5064 1186 5108 ut
1212 5053 1343 5119 dixi,
1385 5054 1601 5121 sedens,
1646 5056 1771 5112 hinc
1787 5065 1843 5113 et
1868 5058 1993 5115 inde

401 5146 899 5211 circumferehatur,
926 5160 1102 5216 neque
1126 5146 1314 5201 caelum
1353 5146 1538 5203 videre
1558 5188 1574 5214 ,
1596 5163 1771 5219 neque
1812 5151 1992 5221 aliquo

401 5236 586 5292 oculos
630 5244 843 5292 vertere
870 5235 1078 5303 valens,
1108 5236 1205 5292 sed
1236 5237 1378 5292 intus
1417 5238 1715 5309 tenebatur,
1755 5241 1991 5312 nihilque

402 5342 623 5396 prorsus
638 5326 830 5383 :videre
860 5336 1088 5396 poterat,
1119 5328 1260 5397 quod
1296 5330 1714 5387 consolationem
1754 5332 1988 5390 aﬁ‘erret.

407 5416 471 5469 Et
499 5415 773 5486 iiquidem
803 5416 892 5484 qui
926 5417 979 5472 in
1017 5418 1150 5472 mari
1194 5419 1481 5491 navigant,
1504 5422 1715 5478 etiamsi
1746 5424 1798 5479 in
1821 5424 1989 5480 altum

393 5515 689 5577 exsurgant
729 5505 954 5575 ﬂuctus,
992 5520 1214 5577 possunt
1248 5510 1474 5567 subinde
1503 5512 1556 5566 in
1585 5514 1777 5570 caelum
1817 5517 1993 5588 suspi-

399 5613 544 5660 cere,
570 5607 625 5651 et
651 5598 927 5653 cacumina
946 5601 1206 5656 montium
1225 5603 1427 5670 videre,
1442 5614 1497 5661 et
1511 5606 1753 5663 civitates
1771 5623 1991 5681 magnas

402 5698 647 5760 spectare
668 5724 684 5749 ,
732 5683 914 5755 sicque
950 5690 1271 5758 aliquantam
1307 5697 1727 5756 consolationem
1755 5714 1987 5772 capere;

465 5794 1390 5863 |ums,tmdarum;alius,ﬂuctuum.

1142 370 1198 427 S.
1239 368 1516 427 JOANNIS
1552 369 2033 428 CiIRYSOSTOMI
2074 366 2389 424 ARCHIEP.
2431 368 2969 427 CONSTANTINOP.

3607 371 3711 430 224

2117 487 2258 557 quod
2279 488 2322 542 si
2346 488 2559 560 gravior
2582 498 2632 543 et
2656 488 3039 544 intolerabilior
3063 485 3220 544 fuerit
3247 495 3558 559 tempestas,
3586 501 3708 562 post

2114 578 2299 635 decem
2325 580 2408 635 vel
2437 581 2594 651 paulo
2619 581 2799 651 plures
2819 580 2952 647 dies,
2977 590 3032 636 et
3056 588 3175 651 post
3199 581 3396 639 multas
3422 583 3540 639 illas
3568 593 3707 641 tem-

2116 679 2349 739 pestates
2382 680 2437 726 et
2474 672 2707 743 pericula
2731 713 2747 738 ,
2782 672 2835 728 in
2877 681 3077 728 terram
3115 672 3269 743 ejecti
3295 714 3311 742 ,
3348 682 3403 730 et
3432 676 3702 744 paululum

2114 761 2340 832 refecti,
2381 763 2622 819 omnium
2654 764 2863 820 illarum
2901 763 3263 820 molestiarum
3295 764 3700 821 obliviscuntur.

2114 852 2212 909 Hic
2235 864 2413 910 autem
2443 854 2578 911 nihil
2606 856 2730 919 tale,
2756 854 2851 912 sed
2877 870 3019 910 anno
3046 863 3156 912 toto
3184 871 3378 911 novum
3405 866 3460 912 et
3487 866 3704 928 stupen-

2114 946 2239 1003 dum
2266 946 2414 1002 illum
2444 962 2714 1004 carcerem
2746 947 3100 1015 inhabitabat,
3124 963 3297 1019 neque
3322 963 3502 1005 aerem
3528 952 3701 1020 τεερί-

2113 1054 2235 1096 rare
2264 1040 2468 1095 valens.
2510 1039 2789 1107 Quomodo
2814 1040 2956 1095 enim
2986 1039 3289 1110 potuisset,
3318 1054 3443 1096 cum
3468 1041 3704 1112 undique

2111 1146 2233 1187 arca
2250 1132 2431 1188 clausa
2450 1133 2630 1188 esset?
2650 1131 2947 1201 Quomodo,
2967 1145 3170 1201 qumso,
3187 1132 3421 1187 restitit?
3435 1133 3705 1204 quomodo

2111 1222 2364 1279 duravit?
2403 1222 2535 1278 Nam
2574 1224 2620 1280 si
2660 1222 2835 1279 ferrea
2876 1233 2931 1278 et
2961 1222 3302 1278 adamantina
3340 1222 3449 1278 illis
3478 1224 3708 1279 fuissent

2113 1331 2337 1387 corpora
2361 1357 2377 1383 ,
2406 1315 2674 1387 quomodo
2710 1316 3046 1387 potuissent,
3076 1316 3168 1387 qui
3200 1330 3375 1386 neque
3404 1330 3529 1370 aere
3557 1315 3704 1372 fruc-

2111 1407 2303 1462 bantur
2327 1422 2499 1477 neque
2527 1417 2688 1462 vento
2710 1447 2726 1473 ,
2755 1406 2845 1477 qui
2873 1421 2984 1462 non
3014 1407 3188 1463 minus
3211 1422 3369 1477 quam
3398 1422 3491 1461 aer
3516 1407 3582 1461 ad
3615 1423 3707 1463 re-

2111 1498 2393 1555 focillanda
2436 1514 2660 1570 corpora
2707 1510 2888 1556 nostra
2929 1498 3100 1555 factus
3141 1508 3265 1567 est,
3312 1514 3487 1570 neque
3515 1500 3711 1555 oculos

2110 1605 2333 1661 pascere
2362 1599 2609 1659 poterant
2632 1632 2647 1657 ,
2678 1600 2768 1648 aut
2797 1591 2915 1646 caeli
2937 1632 2952 1658 ,
2984 1600 3077 1647 aut
3105 1600 3266 1647 terra:
3295 1589 3514 1647 ﬁoribus
3544 1591 3710 1661 piece

2109 1683 2456 1753 spectaculo?
2481 1683 2759 1752 Quomodo
2779 1700 2885 1740 non
2910 1684 3161 1740 excmcati
3190 1683 3333 1740 oculi
3356 1699 3537 1739 eorum
3561 1726 3578 1752 ,
3604 1684 3709 1755 qui

2112 1774 2311 1829 tamdiu
2334 1774 2403 1830 ibi
2426 1776 2689 1846 egerunt?
2712 1775 2781 1830 Et
2801 1775 2846 1830 si
2871 1773 3119 1830 humanis
3144 1774 3445 1830 rationibus
3470 1774 3583 1829 haec
3601 1773 3709 1830 dc-

2111 1866 2445 1936 prehendere
2474 1868 2719 1922 volumus
2742 1906 2758 1933 ,
2788 1876 2842 1921 et
2869 1864 2997 1921 illud
3023 1863 3359 1937 cogitandum
3384 1905 3401 1931 ,
3430 1864 3571 1920 unde
3595 1864 3708 1918 llu-

2108 1957 2261 2012 vialis
2287 1968 2341 2013 et
2369 1958 2616 2029 potabilis
2642 1972 2793 2028 aquae
2826 1956 3033 2027 copiam
3070 1956 3340 2012 habebant
3378 1955 3430 2009 in
3460 1970 3581 2010 arca
3622 1956 3709 2009 vi-

2106 2060 2312 2107 ventes.
2345 2051 2412 2106 Et
2440 2061 2497 2106 ut
2526 2051 2640 2107 base
2667 2058 3002 2122 praeteream,
3031 2048 3301 2121 quomodo
3328 2049 3498 2119 potuit
3521 2047 3707 2117 justus

2107 2144 2197 2200 ille
2220 2158 2341 2200 cum
2369 2144 2488 2200 ﬁliis
2508 2152 2563 2199 et
2586 2145 2838 2199 uxoribus
2861 2143 3322 2199 conversationem
3345 2155 3466 2197 cum
3493 2140 3616 2197 feris
3643 2152 3709 2197 et

2106 2235 2225 2289 aliis
2252 2234 2569 2290 animalibus
2599 2235 2781 2290 ferre?
2808 2233 3079 2305 quomodo
3106 2232 3224 2290 tulit
3250 2231 3537 2288 faetorem?
3558 2246 3705 2302 quo-

2107 2323 2267 2380 modo
2287 2324 2405 2379 tulit
2424 2323 2527 2379 coh
2547 2324 2871 2380 :bitatiouem
2888 2323 2912 2377 ?
2931 2323 3000 2379 Et
3017 2339 3115 2380 cur
3130 2322 3230 2379 ista
3250 2323 3404 2378 dico?
3419 2322 3708 2389 Quomodo

2106 2414 2260 2470 bruta
2290 2415 2402 2484 ipsa
2435 2422 2723 2485 potuerunt
2751 2415 2977 2483 durare,
3010 2422 3065 2470 et
3102 2430 3208 2471 non
3249 2413 3425 2484 perire
3457 2414 3509 2469 in
3550 2422 3705 2469 tanta

2106 2505 2361 2575 temporis
2389 2503 2741 2576 longitudine,
2764 2520 2884 2577 qua:
2905 2519 3079 2577 neque
3105 2518 3286 2560 aerem
3312 2504 3578 2561 attrahere
3602 2519 3708 2561 va-

2106 2595 2306 2661 lebant,
2335 2612 2509 2668 neque
2534 2597 2758 2664 moveri,
2788 2597 2883 2652 sed
2912 2597 2966 2653 in
2992 2612 3100 2653 uno
3126 2596 3247 2653 loco
3273 2595 3660 2653 coercebaulur
3676 2598 3705 2653 2

2105 2687 2268 2743 Scitis
2296 2688 2437 2744 enim
2461 2730 2477 2755 ,
2510 2697 2565 2744 et
2594 2687 2761 2759 probe
2790 2687 2940 2744 scitis
2968 2687 3130 2744 talem
3154 2701 3274 2743 esse
3300 2695 3536 2744 nostram
3563 2686 3703 2742 bru-

2104 2787 2387 2851 torumque
2412 2790 2675 2847 naturam,
2708 2789 2775 2836 ut
2790 2779 3000 2836 etiamsi
3027 2794 3154 2837 aere
3179 2777 3439 2846 fruamur,
3468 2778 3705 2850 aliisque

2102 2872 2351 2928 omnibus
2372 2914 2390 2941 ,
2410 2873 2667 2929 continuo
2697 2880 2876 2928 autem
2913 2870 2969 2927 in
2991 2886 3099 2927 uno
3131 2871 3252 2927 loco
3277 2871 3443 2927 simus
3466 2869 3658 2928 inclusi
3681 2912 3700 2936 ,

2102 2962 2236 3017 nihil
2269 2962 2546 3033 prohibeat
2581 2962 2867 3033 quominus
2893 2975 3193 3033 pereamus.
3229 2960 3383 3018 Unde
3409 2961 3567 3033 igitur
3592 2975 3702 3032 po-

2104 3053 2203 3108 tuit
2221 3051 2395 3123 justus
2414 3067 2539 3108 cum
2562 3052 2811 3109 omnibus
2839 3052 2931 3124 qui
2968 3053 3024 3108 in
3059 3065 3183 3109 arca
3212 3061 3367 3108 erant
3389 3091 3405 3118 ,
3428 3060 3574 3108 tanto
3597 3051 3705 3108 du-

2102 3158 2223 3199 rare
2248 3144 2531 3214 tempore?
2553 3143 2671 3199 Non
2700 3144 2915 3201 aliunde
2939 3159 3099 3216 quam
3125 3160 3193 3201 ex
3226 3159 3454 3217 superna
3484 3145 3651 3217 gratia
3679 3187 3700 3213 ,

2102 3234 2188 3289 cui
2218 3235 2397 3290 omnia
2426 3242 2552 3291 sunt
2580 3235 2875 3306 possibilia.
2906 3237 3099 3292 Annon
3131 3250 3311 3291 arcam
3340 3236 3464 3293 hinc
3488 3249 3539 3295 et
3568 3236 3703 3294 inde

2101 3328 2327 3394 moveri,
2350 3336 2404 3383 et
2428 3342 2533 3383 non
2560 3328 2829 3401 submergi
2850 3343 2881 3384 a
2903 3337 3047 3384 tanta
3068 3344 3323 3401 aquarum
3346 3329 3418 3398 vi,
3440 3345 3559 3385 cum
3578 3330 3704 3385 nul-

2102 3421 2184 3477 lus
2209 3431 2357 3478 esset
2396 3422 2743 3494 gubernator,
2774 3438 3023 3494 superna:
3061 3432 3175 3479 erat
3204 3424 3365 3494 Opis?
3401 3423 3515 3479 Non
3550 3425 3701 3480 enim

2100 3515 2281 3571 dicere
2320 3525 2473 3586 potes
2517 3515 2680 3572 fuisse
2713 3530 2893 3571 arcam
2923 3515 2991 3571 ad
3031 3516 3252 3572 modum
3282 3517 3433 3571 navis
3456 3558 3472 3584 ,
3501 3525 3558 3571 ut
3579 3524 3701 3571 arte

2100 3605 2329 3676 quadam
2368 3606 2512 3662 illius
2553 3606 2658 3662 iter
2684 3606 2840 3678 dirigi
2870 3607 3121 3676 potuerit.
3152 3607 3292 3663 Area
3321 3618 3440 3664 erat
3462 3606 3701 3678 undique

2102 3697 2303 3752 munita
2329 3715 2343 3752 :
2365 3706 2419 3751 et
2444 3704 2662 3768 pr0pter
2689 3705 3012 3768 praeceptum
3029 3695 3357 3765 Conditoris,
3385 3713 3491 3753 non
3519 3697 3697 3752 solum

2101 3805 2220 3845 eam
2242 3789 2439 3846 lmdere
2465 3804 2570 3844 non
2596 3789 2768 3860 potuit
2792 3804 3050 3860 aquarum
3077 3789 3331 3860 impetus,
3358 3788 3453 3845 sed
3482 3798 3536 3844 et
3563 3787 3697 3843 θυι)-

2101 3882 2281 3938 limior
2350 3882 2456 3938 illis
2517 3880 2658 3939 facta
2706 3880 3064 3938 inhabitantes
3110 3880 3397 3937 admodum
3474 3894 3699 3937 securos

2099 3973 2351 4030 reddidit.

2170 4065 2425 4121 Creatoris
2452 4065 2675 4136 potentia
2693 4062 3527 4135 incomprehensibilia—Quando
3553 4063 3697 4120 Deus

2099 4166 2355 4229 operatur
2377 4156 2579 4228 aliquid
2601 4198 2617 4224 ,
2649 4156 2866 4224 dilecte,
2889 4156 2999 4211 noli
3029 4154 3263 4211 humana
3292 4155 3697 4212 ratiocinatione

2098 4247 2215 4317 ejus
2252 4262 2422 4318 opera
2467 4247 2749 4317 exquirere
2790 4264 2805 4301 :
2840 4246 3225 4302 transcendunt
3268 4246 3412 4303 enim
3456 4254 3694 4302 mentem

2098 4348 2335 4396 nostram
2356 4382 2372 4407 ,
2402 4348 2458 4394 et
2482 4354 2771 4409 numquam
2799 4346 2974 4409 potest
2999 4338 3231 4393 humana
3258 4338 3511 4409 cogitatio
3536 4338 3698 4392 attin-
3732 4404 3755 4421 κ

2096 4447 2225 4504 gere
2264 4440 2321 4488 et
2344 4431 2807 4503 comprehendere
2842 4445 3029 4487 eorum
3052 4470 3071 4499 ,
3114 4446 3235 4502 qua:
3271 4444 3303 4485 a
3333 4429 3442 4486 Deo
3478 4429 3695 4486 condita

2096 4531 2239 4591 sunt,
2268 4523 2550 4579 rationem.

2166 4619 2223 4673 5.
2263 4616 2494 4673 Proinde
2517 4632 2613 4688 par
2632 4626 2735 4683 est,
2764 4630 2865 4673 nos
2889 4614 3169 4672 audientes
3194 4613 3334 4688 quod
3361 4616 3501 4671 Deus
3526 4615 3695 4685 itnpco

2101 4712 2332 4776 raverit,
2364 4709 2584 4766 obedire
2622 4718 2677 4767 et
2703 4710 2927 4765 credere
2958 4709 3025 4765 iis
3050 4725 3171 4780 qua:
3212 4708 3398 4764 abillo
3424 4706 3693 4766 dicuntur.

2094 4802 2227 4857 Nam
2248 4816 2377 4857 .cum
2404 4799 2661 4856 Conditor
2687 4800 2758 4855 sit
2799 4808 3001 4855 natura:
3025 4840 3041 4864 ,
3073 4799 3251 4854 omnia
3287 4807 3602 4853 transmutat
3640 4805 3693 4853 et

2097 4891 2439 4947 transformat
2466 4899 2626 4962 prout
2671 4890 2774 4947 sibi
2818 4890 3046 4945 videtur.
3104 4890 3172 4945 Et
3214 4891 3400 4945 clausit
3444 4889 3695 4945 Dominus

2096 4983 2237 5040 Deus
2278 4984 2471 5053 deforis
2517 4982 2658 5037 illius
2696 4998 2889 5037 arcmn.
2922 4982 3109 5053 Magna
3155 4982 3313 5053 hujus
3350 4982 3481 5053 justi
3524 4983 3694 5037 virtus

2096 5077 2230 5142 fuit,
2257 5085 2311 5130 et
2336 5076 2459 5131 ﬁdei
2488 5075 2823 5131 excellentia.
2861 5075 2949 5130 Illa
2981 5076 3093 5145 ipsa
3119 5076 3264 5132 enim
3285 5115 3301 5141 ,
3330 5084 3388 5129 ut
3413 5089 3534 5129 arca
3558 5090 3688 5130 con-

2094 5177 2391 5223 strueretur
2409 5209 2425 5235 ,
2454 5166 2649 5233 olli-cit,
2673 5176 2732 5221 ut
2752 5167 2907 5223 talem
2933 5166 3315 5224 habitationem
3341 5182 3493 5236 mque
3511 5168 3691 5221 animo

2096 5259 2297 5315 ferrent
2320 5259 2863 5329 coarctationemque,
2886 5269 2942 5314 et
2966 5258 3127 5313 vitam
3151 5273 3273 5312 cum
3292 5258 3424 5312 feris
3447 5258 3691 5328 reliquis-

2094 5366 2198 5422 que
2223 5351 2394 5407 brutis
2417 5350 2739 5405 auimalibus
2761 5351 3108 5405 sustinerent.
3138 5349 3272 5405 lliuc
3291 5359 3376 5404 est
3398 5349 3538 5419 quod
3565 5349 3691 5406 hea-

2096 5453 2183 5497 tus
2210 5440 2404 5496 Paulus
2433 5441 2550 5509 ejus
2588 5441 2857 5496 mentione
2883 5439 3015 5495 iacui
3042 5440 3342 5508 prmdicans
3368 5440 3517 5497 illum
3542 5482 3555 5503 ,
3582 5441 3687 5494 cla-

2095 5533 2274 5588 mabat
2299 5532 2484 5588 dicens
2513 5550 2527 5588 :
2560 5531 2694 5586 Fide
2718 5533 2925 5587 oraculo
2949 5531 3239 5586 admonitus
3266 5531 3381 5585 Noe
3412 5533 3474 5584 de
3496 5532 3557 5585 iis
3578 5548 3689 5599 qua:

2095 5624 2323 5680 nondum
2350 5623 2664 5691 videbantur,
2696 5634 2921 5678 metuens
2945 5623 3138 5693 aptavit
3169 5639 3342 5677 arcam
3368 5621 3442 5675 ad
3473 5624 3687 5677 salutem

2095 5714 2275 5770 domus
2298 5730 2447 5782 sua;
2473 5731 2565 5785 per
2590 5732 2746 5787 pana
2794 5713 3143 5769 condemnavit
3178 5713 3422 5766 mundum
3443 5753 3458 5776 ,
3504 5723 3552 5766 ei
3579 5715 3685 5781 ejus

2096 5825 2210 5881 qua
2264 5808 2538 5863 secundum
2604 5807 2758 5876 ﬁdem
2805 5814 2879 5863 est
2898 5803 3138 5876 ,justitia:
3194 5806 3362 5878 [actus
3420 5818 3495 5861 est
3546 5814 3684 5861 nives
