4078 6414
300 409 412 466 923

300 527 416 582 τοῦ
450 524 598 592 Νῶε,
628 523 725 579 καὶ
748 527 808 581 αἱ
836 524 990 595 τρεῖς
1018 524 1297 597 γυναῖκες
1323 521 1443 577 τῶν
1466 519 1614 577 υἱῶν
1640 520 1849 588 αὐτοῦ,
1877 519 1978 574 καί

301 614 507 669 ,πάντα
548 610 621 668 τὰ
676 615 850 683 θηρία
888 614 1036 668 κατὰ
1094 613 1288 684 γένος,
1331 608 1598 680 καθάπερ
1642 610 1981 665 ἐνετείλατο

306 702 527 768 Κύριος
560 703 593 754 ὁ
622 701 767 767 Θεὸς
795 700 874 767 τῷ
912 699 1059 754 Νῶε.
1077 701 1231 763 Ὅτε,
1267 699 1454 769 φησὶν,
1504 695 1677 769 ἀρχὴν
1707 694 1868 749 ἔλαϐε
1912 693 1981 747 τὰ

303 787 405 841 τοῦ
434 787 822 858 κατακλυσμοῦ
876 787 1019 841 κατὰ
1056 788 1119 841 τὸ
1160 787 1490 858 πρόσταγμα
1546 782 1642 838 τοῦ
1683 781 1979 842 Δεσπότου,

307 874 529 946 εἰσῆλθε
562 875 686 928 Νῶε
721 877 803 938 εἰς
839 875 938 946 τὴν
985 874 1220 929 κιϐωτὸν
1265 873 1401 945 μετά
1433 872 1542 926 τῶν
1576 870 1709 925 υἱῶν
1742 868 1839 923 καὶ
1880 865 1981 936 τῆς

307 962 572 1027 γυναικὸς
629 962 818 1026 αὑτου,
860 963 955 1015 καὶ
1001 961 1109 1016 τῶν
1154 960 1431 1031 γυναικῶν
1468 958 1576 1013 τῶν
1620 957 1752 1011 υἱῶν
1792 951 1980 1021 αὑτοῦ,

308 1051 408 1104 καὶ
436 1050 613 1104 πάντα
658 1048 729 1102 τά
777 1046 943 1119 θηρία
972 1048 1114 1103 κατὰ
1162 1047 1339 1118 γένος.
1382 1047 1492 1101 Kal
1522 1047 1786 1111 ἔκλεισε,
1825 1041 1978 1114 φησί,

304 1142 526 1208 Κύριος
558 1142 592 1194 ό
624 1139 768 1204 Θεὸς
792 1138 1016 1203 ἔξωθεν
1041 1136 1229 1194 αὑτοῦ
1260 1137 1376 1205 τὴν
1412 1136 1679 1191 κιϐωτόν.

378 1228 647 1285 δ’.Σκόπει
662 1228 754 1282 καί
769 1226 1002 1282 ἐνταῦθα
1013 1228 1209 1294 λέξεως
1228 1225 1654 1296 συγκατάϐασιν.
1667 1225 1983 1278 Ἕκλεισεν

303 1319 344 1372 ὁ
374 1317 520 1383 Θεὸς
555 1316 779 1381 ἔξωθεν
808 1314 996 1371 αὐτοῦ
1028 1315 1143 1385 τὴν
1179 1314 1449 1379 κιϐωτόν,
1483 1311 1572 1368 ἵνα
1606 1310 1793 1384 διδάξῃ
1830 1310 1980 1382 ἡμᾶς

303 1406 391 1461 ὅτι
440 1406 499 1461 ἐν
539 1404 809 1477 ἀσφαλείᾳ
852 1404 1022 1477 πολλῇ
1062 1402 1365 1474 κατέστησε
1408 1402 1500 1457 τὸν
1527 1398 1755 1454 δίκαιον.
1789 1397 1863 1452 Τὸ
1899 1396 1977 1462 δὲ,

308 1497 611 1559 Ἕκλεισε,
640 1495 730 1549 διά
758 1491 914 1547 τοῦτο
956 1491 1284 1564 προσέθηκε,
1311 1491 1405 1544 καὶ
1421 1490 1704 1555 Ἕξωθεν,
1730 1485 1871 1541 ὥστε
1902 1483 1978 1557 μὴ

300 1582 512 1647 ἐξεῖναι
530 1581 607 1652 τῷ
634 1581 827 1652 δικαίῳ
853 1581 985 1651 όρᾷν
1010 1579 1109 1651 τὴν
1139 1578 1516 1649 πανωλεθρίαν
1540 1574 1855 1648 γινομένην,
1884 1574 1979 1629 καὶ

301 1669 531 1724 πλείονα
577 1670 673 1723 καί⁸
724 1668 887 1722 αὑτὸν
926 1667 1025 1738 τὴν
1065 1666 1354 1739 συντριϐῆν
1402 1665 1715 1736 ὑπομένειν.
1752 1663 1816 1717 El
1867 1662 1978 1734 γάρ

303 1756 405 1810 καὶ
438 1754 889 1824 ἀναλογιζόμενος
922 1755 980 1807 έν
1023 1752 1231 1824 διανοίᾳ
1261 1753 1320 1805 τὸ
1351 1750 1586 1824 χαλεπὸν
1624 1752 1801 1804 ἐκεῖνο
1846 1748 1979 1802 κλυ-

298 1843 517 1905 δώνιον,
568 1842 664 1895 καὶ
717 1840 1052 1913 ὑπογράφων
1103 1839 1196 1909 τῷ·
1226 1838 1474 1909 λογισμῷ
1533 1836 1632 1909 τὴν
1702 1835 1978 1891 ἀπώλειαν

300 1929 400 1984 τοῦ
440 1928 549 1983 τῶν
576 1927 880 1999 ἀνθρώπων
926 1927 1138 1997 γένους,
1167 1927 1277 1980 τῶν
1324 1925 1537 1994 ἀλόγων
1581 1924 1836 1981 ἁπάντων
1878 1922 1978 1993 τὴν

302 2016 492 2087 κοινὴν
518 2014 795 2086 τελευτὴν,
835 2014 930 2067 καὶ
971 2012 1295 2084 ἀνθρώπων,
1333 2012 1428 2066 καὶ
1456 2010 1695 2082 κτηνῶν,
1742 2009 1836 2063 καί
1878 2009 1976 2063 αὑ-

296 2106 407 2176 τῆς
428 2107 526 2176 τῆς
559 2105 681 2175 γῆς,
715 2104 791 2167 ὡς
833 2106 1027 2167 εἰπεῖν,
1060 2103 1153 2156 τὸν
1190 2100 1519 2172 ἀφανισμὸν,
1558 2103 1835 2170 συνεχεῖτο
1883 2098 1976 2152 καί¹

293 2191 706 2263 διεταράττετο.
742 2191 803 2243 Εἰ
825 2190 936 2259 γὰρ
967 2190 1062 2243 καὶ
1096 2190 1321 2259 πονηροὶ
1346 2184 1488 2259 ἦσαν
1513 2189 1563 2242 οἱ
1590 2186 1973 2257 ἀπολλύμενοι,

298 2279 421 2332 ἀλλ’
442 2279 500 2331 αἱ
529 2277 638 2330 τῶν
665 2277 889 2330 δικαίων
928 2275 1099 2346 ψυχαὶ
1130 2275 1332 2345 πολλὴν
1358 2273 1583 2327 εἰώθασι
1623 2273 1719 2345 τὴν
1760 2272 1977 2342 συμπά-

293 2367 455 2418 θειαν
484 2363 908 2429 ἐπιδείκνυσθαι,
942 2363 1159 2416 ἐπειδάν
1200 2362 1351 2416 ἴδωσι
1384 2362 1827 2433 τιμωρουμένους
1851 2359 1977 2422 τοὺς

294 2451 650 2523 ἀνθρώπους·
719 2451 814 2505 καὶ
869 2452 1120 2521 εὑρήσεις
1173 2449 1401 2502 ἕκαστον
1441 2448 1550 2502 τῶν
1596 2448 1820 2502 δικαίων
1881 2446 1975 2500 καὶ

299 2541 412 2594 τῶν
448 2538 742 2611 προφητῶν
774 2538 977 2609 πολλὴν
1017 2538 1156 2608 ὑπὲρ
1190 2537 1368 2590 αὑτῶν
1399 2535 1496 2607 τὴν
1524 2534 1805 2606 ἱκετηρίαν
1833 2534 1974 2588 τιθε-

303 2626 522 2697 μένους,
549 2625 700 2698 [256]
723 2624 968 2698 καθάπερ
998 2627 1025 2678 6
1050 2625 1395 2696 πατριάρχης
1422 2622 1722 2692 πεποίηκεν
1750 2621 1841 2674 ἐπὶ
1865 2621 1973 2674 τῶν

297 2712 574 2783 Σοδόμων,
605 2712 855 2785 καθάπερ
882 2713 931 2765 οί
962 2712 1238 2782 προφῆται
1266 2711 1470 2773 πάντες
1502 2708 1780 2771 ποιοῦντες
1806 2708 1974 2761 διετέ-

296 2799 485 2855 λεσαν.
513 2800 621 2852 Καὶ
648 2798 755 2870 γὰρ
786 2800 815 2851 6
848 2799 946 2870 μὲν
970 2798 1187 2868 έλεγεψ
1230 2797 1301 2850 ΟΖ
1342 2814 1468 2866 μοι,
1506 2796 1701 2864 Κύριε,
1738 2794 1973 2859 ἐξαλεί-

294 2906 435 2960 φεις
465 2887 547 2941 σὺ
574 2887 642 2941 τό
671 2887 1043 2943 κατάλοιπον
1071 2886 1176 2941 τοῦ
1205 2885 1475 2954 Ἰσραή.1;
1514 2885 1698 2956 ἕτερος
1729 2884 1785 2937 δέ
1818 2902 1969 2956 φησι·

298 2974 584 3042 Ποιήσεις
621 2975 762 3041 τοὺς
807 2974 1159 3043 ἀνθρώπους
1199 2974 1280 3040 ὡς
1321 2972 1461 3037 τοὺς
1491 2972 1704 3041 ἰχθύας
1731 2971 1842 3039 τῆς
1872 2975 1973 3026 θα-

294 3063 547 3131 λάσσης
574 3064 685 3116 οὐκ
717 3062 972 3131 ἔχοντας
1000 3061 1369 3130 ἡγούμενον;
1410 3059 1562 3113 Ἐπεὶ
1600 3054 1693 3113 οὖν
1723 3059 1817 3113 καὶ
1842 3058 1971 3113 ἀνευ

297 3148 493 3203 τούτου
522 3152 550 3203 6
578 3148 785 3211 δίκαιος
829 3140 982 3211 οὗτος
1009 3147 1388 3218 διεταράττετο
1434 3146 1527 3199 τὸν
1562 3144 1844 3216 λογισμὸν,
1878 3144 1973 3198 καὶ

297 3238 580 3306 συνεχεῖτο
606 3234 704 3306 τὴν
729 3234 990 3301 διάνοιαν,
1022 3234 1108 3286 ἵνα
1136 3233 1210 3305 μὴ
1239 3234 1335 3287 καὶ
1364 3234 1396 3305 ή
1421 3232 1543 3302 ὄψις
1575 3234 1723 3304 καλή
1760 3232 1857 3286 θέα
1892 3233 1974 3297 εἰς

298 3322 527 3377 πλείονα
574 3321 737 3374 αὑτὸν
774 3320 987 3391 ἐμϐάλῃ
1024 3319 1337 3391 συντριϐὴν,
1370 3318 1623 3389 καθάπερ
1668 3319 1727 3372 ἐν
1761 3319 1973 3389 δεσμω-

296 3409 478 3481 τηρίῳ
519 3407 830 3462 κατακλείει
874 3407 1039 3460 αὑτὸν
1082 3408 1139 3461 ἐν
1168 3408 1234 3477 τῇ
1283 3405 1523 3476 κιϐωτῷ,
1554 3404 1695 3459 ὥστε
1741 3406 1815 3478 μὴ
1858 3406 1973 3471 τοῖς

293 3496 600 3566 ὀφθαλμοῖς
640 3495 774 3564 όρᾷν
816 3493 887 3547 τά
942 3492 1224 3564 γινόμενα,
1266 3492 1404 3561 μηδὲ
1439 3494 1518 3556 είς
1569 3491 1770 3545 δειλίαν
1804 3509 1972 3546 κατα-

297 3583 519 3653 στῆναι.
556 3581 719 3644 Είκὸς
770 3581 878 3651 γάρ
920 3575 989 3652 ἦν
1030 3579 1193 3634 αὑτὸν
1234 3579 1447 3650 ὁρῶντα
1487 3579 1596 3633 τῶν
1637 3580 1845 3634 ὑδάτων
1872 3580 1972 3651 τὴν

298 3669 644 3741 πλημμύραν
688 3669 994 3737 ἀγωνιᾶσαι
1029 3668 1105 3739 μὴ
1159 3666 1255 3720 καὶ
1299 3666 1463 3730 αὐτὸς
1501 3666 1831 3739 ὑποϐρύχιος
1875 3669 1970 3737 γέ-

296 3776 482 3830 νηται.
528 3756 840 3828 Κηδόμενος
888 3755 1068 3809 τοίνυν
1113 3753 1277 3807 αὑτοῦ
1331 3755 1361 3807 6
1403 3754 1781 3825 φιλάνθρωπος
1817 3755 1970 3819 Θεὸς,

298 3849 360 3902 οὐ
400 3847 677 3916 συγχωρεῖ
722 3843 843 3897 οὑδέ
886 3841 1186 3896 θεάσασθαι
1231 3841 1340 3894 τῶν
1382 3841 1590 3905 ὑδάτων
1635 3842 1735 3913 τὴν
1775 3842 1970 3914 φοράν,

298 3935 427 3989 οὔτε
463 3934 591 3987 ἰδεῖν
625 3931 724 4003 τὴν
751 3930 1043 4001 γινομένην
1069 3929 1365 3994 ἀπώλειαν,
1398 3930 1493 3984 καὶ
1533 3929 1633 3999 τὴν
1661 3930 1760 3999 τῆς
1796 3933 1974 3984 οἰκου·

303 4023 477 4094 μένης
509 4017 903 4088 πανωλεθρίαν.
939 4016 1081 4085 Ἐγὼ
1116 4016 1173 4069 δὲ
1199 4017 1327 4070 ὅταν
1365 4016 1667 4087 λογίσωμαι
1693 4016 1792 4088 τήν
1822 4018 1879 4069 ἐν
1904 4019 1970 4088 τῇ

300 4107 524 4179 κιϐωτῷ
549 4106 641 4160 τοῦ
680 4105 888 4159 δικαίου
920 4103 1109 4157 τούτου
1142 4103 1436 4174 διαγωγὴν,
1478 4103 1849 4175 ἐκπλήττομαι
1882 4106 1975 4158 καὶ

301 4194 593 4267 θαυμάζω,
635 4195 727 4247 καὶ
760 4193 920 4247 πάλιν
952 4194 1016 4264 τῇ
1052 4191 1146 4245 τοῦ
1177 4191 1312 4245 Θεοῦ
1360 4190 1736 4263 φιλανθρωπίᾳ
1767 4192 1827 4245 τὸ
1867 4194 1973 4246 πᾶν

300 4284 613 4353 λογίζομαι.
647 4283 710 4335 Εἰ
757 4281 831 4352 μὴ
878 4279 985 4351 γάρ
1013 4279 1193 4349 ἐκείνη
1223 4274 1292 4351 ἦν
1329 4281 1364 4350 ή
1392 4277 1660 4349 νευροῦσα
1688 4279 1851 4332 αὑτοῦ
1882 4280 1975 4334 τὸν

299 4371 582 4440 λογισμὸν,
617 4368 713 4421 καὶ
742 4367 810 4421 τά
849 4367 1083 4420 δύσκολα
1118 4365 1313 4420 εὑκολα
1345 4366 1708 4439 ἐργαζομένη,
1739 4366 1854 4430 πῶς
1886 4366 1973 4431 ἂν,

304 4458 429 4513 εἰπέ
459 4474 571 4528 μοι,
610 4458 854 4525 ἐνεγκεῖν
880 4455 1116 4526 ἠδυνήθη
1148 4454 1399 4524 καθάπερ
1444 4455 1501 4507 ἐν
1527 4455 1715 4525 εἱρκτῇ
1744 4471 1848 4507 τινι
1882 4455 1974 4507 καί

303 4543 667 4616 δεσμωτηρίῳ
728 4541 951 4614 χαλεπῷ
1000 4540 1175 4605 οὑτως
1240 4541 1425 4595 αὐτόθι
1488 4541 1970 4611 ἐγκεκλεισμένος;

305 4632 427 4695 πῶς
453 4631 511 4686 δὲ
554 4632 794 4701 ἴσχυσεν,
837 4628 959 4682 εἰπέ
988 4646 1100 4698 μοι,
1135 4629 1410 4699 ἀντισχεῖν
1440 4629 1577 4700 πρὸς
1603 4629 1693 4682 τὸν
1722 4628 1975 4682 τοσοῦτον

303 4721 552 4787 πάταγον
579 4717 688 4772 τῶν
726 4718 1019 4788 κυμάτων;
1055 4717 1119 4769 Εἰ
1160 4715 1270 4786 γὰρ
1316 4718 1373 4769 ἐν
1408 4716 1576 4787 πλοίῳ
1618 4716 1975 4786 τυγχάνοντες

303 4808 355 4860 οἱ
383 4806 684 4877 ἄνθρωποι,
726 4804 822 4857 καὶ
870 4803 1021 4871 ἱστίῳ
1050 4803 1401 4874 κεχρημένοι,
1434 4804 1529 4856 καὶ
1574 4802 1666 4858 τὸν
1703 4803 1973 4876 κυϐερνή-

302 4911 405 4964 την
428 4892 665 4963 όρῶντες
701 4892 794 4946 ἐπὶ
825 4890 932 4944 τῶν
966 4890 1167 4943 οἰάκων
1198 4889 1530 4961 καθήμενον,
1564 4891 1660 4944 καὶ
1701 4893 1767 4962 τῇ
1800 4890 1977 4962 οἰκείᾳ

302 4980 471 5050 τέχνῃ
508 4979 644 5048 πρὸς
687 4978 788 5049 τὴν
822 4978 931 5031 τῶν
965 4977 1182 5047 ἀνέμων
1211 4987 1230 5007 ⁸
1267 4977 1447 5047 ῥύμην
1480 4977 1787 5047 ἱστάμενον,
1825 4980 1977 5030 ἐπει-

304 5066 404 5121 δὰν
437 5066 590 5119 ἴδωσι
627 5065 886 5135 κυμάτων
917 5064 1273 5135 σφοδρότητα,
1301 5064 1703 5133 ἀποθνήσκουσι
1736 5064 1814 5135 τῷ
1842 5065 1975 5131 δέει,

306 5153 405 5207 καὶ
428 5153 558 5222 περὶ
581 5152 774 5222 αὑτῆς,
809 5151 885 5214 ὡς
907 5152 1100 5215 εἰπεῖν,
1153 5151 1425 5221 σωτηρίας
1470 5150 1774 5205 δεδοίκασιο
1820 5152 1871 5204 τί
1911 5151 1979 5206 ἂν

304 5239 455 5294 εἴποι
503 5256 587 5303 τις
621 5240 753 5309 περὶ
813 5236 908 5290 τοῦ
953 5238 1165 5292 δικαίου
1214 5238 1441 5303 τούτου;
1486 5237 1748 5310 Καθάπερ
1781 5239 1888 5309 γὰρ
1921 5241 1978 5294 ἐν

302 5325 777 5397 δεσμωτηρίῳ,ὠς
802 5324 974 5396 ἔφθην
1009 5322 1198 5388 εἰπὼν,
1234 5326 1519 5395 τυγχάνων
1550 5328 1609 5380 ἐν
1634 5328 1702 5396 τῇ
1737 5325 1976 5396 κιϐωτῷ,

303 5408 414 5470 ὦδε
446 5413 671 5466 κάκεῖσε
705 5412 1085 5482 περιεφέρετο,
1130 5412 1191 5464 οὐ
1217 5411 1309 5465 τὸν
1330 5412 1558 5482 οὐρανὸν
1591 5413 1718 5465 ἰδεῖν
1739 5413 1978 5482 δυνάμε-

303 5513 420 5559 νος,
460 5495 558 5563 οὐχ
590 5492 816 5565 ἑτέρωθί
852 5510 952 5546 που
990 5494 1117 5556 τοὺς
1156 5492 1469 5563 ὀφθαλμοὺς
1514 5494 1811 5559 ἀνατεῖναι,
1863 5496 1978 5549 ἀλλ’

300 5579 456 5633 ἔνδον
487 5577 843 5648 συνεχόμενος
873 5577 967 5630 καὶ
998 5575 1149 5629 οὐδὲν
1172 5577 1310 5638 ὅλως
1343 5576 1468 5629 ἰδεῖν
1490 5576 1628 5647 ἔχων
1662 5576 1691 5629 δ
1727 5595 1980 5650 παραμυ-

301 5663 432 5716 θίαν
454 5659 604 5730 αὑτῷ
635 5675 757 5715 τινα
791 5657 991 5739 φέρειν
1020 5658 1273 5739 ἠδύνατο.
1316 5658 1438 5710 Ἐπί
1473 5659 1571 5728 μὲν
1603 5659 1710 5730 γάρ
1754 5659 1861 5712 τῶν
1883 5659 1981 5729 τὴν

302 5745 575 5799 θάλατταν
605 5741 896 5805 πλεόντων,
934 5738 1038 5793 κάν
1069 5741 1138 5794 τὰ
1177 5740 1401 5809 κύματα
1438 5741 1755 5811 κορυφωθῇ,
1804 5739 1981 5806 ἔξεστι

302 5827 406 5882 καὶ
433 5827 512 5888 εἰς
535 5825 626 5878 τὸν
650 5822 877 5894 οὑρανὸν
897 5822 1272 5876 ἀναϐλέποντα
1308 5821 1589 5886 πολλάκις,
1618 5824 1711 5876 καὶ
1736 5825 1979 5894 κορυφὴν

298 5911 469 5980 ὅρους
524 5907 879 5977 θεασάμενον,
918 5907 1037 5959 ικαὶ
1080 5905 1233 5958 πόλιν
1279 5905 1496 5975 μακρὰν
1538 5907 1980 5962 κατοπτεύσαντα

383 6023 409 6057 ⁸
432 6030 567 6082 Unus
594 6030 687 6078 τῶν
708 6029 905 6078 ὑδάτων.
936 6027 1073 6078 Alius
1091 6030 1185 6076 τῶν
1208 6027 1446 6089 κυμάτων.

1510 406 1578 463 PN
1611 405 1762 464 CAP.
1797 403 1889 461 Vll
1917 401 1975 460 Gl

2080 403 2158 460 BS.
2202 403 2431 463 HOMIL.
2468 407 2564 463 XX
2574 408 2635 465 ιτ.
3641 422 3748 477 ἓὲί

2088 520 2293 591 μικράν
2334 539 2455 578 τινα
2491 522 2823 598 παραψυχὴν
2858 525 3040 581 λαϐεῖν
3061 543 3073 557 ³
3115 528 3165 581 εἰ
3195 527 3252 582 δὲ
3287 528 3451 593 πολὺς
3491 530 3583 582 καὶ
3615 530 3750 598 ἀφό-

2084 630 2244 685 ρητος
2273 616 2301 667 ὁ
2335 612 2543 686 χειμὼν
2571 616 2802 685 γένοιτο,
2831 619 2890 671 ἐν
2922 617 3055 672 δέκα
3096 619 3128 689 ἢ
3154 619 3319 690 ὀλίγῳ
3347 619 3587 673 πλείοσιν
3618 621 3743 690 ήμὲι

2084 716 2226 768 ραις,
2267 700 2361 754 καὶ
2408 703 2546 772 μετά
2593 704 2719 769 τοὺς
2771 704 2998 768 πολλοὺς
3045 706 3320 777 χειμῶνας
3367 707 3608 770 ἐκείνους
3659 708 3752 761 καὶ

2079 787 2205 851 τοὺς
2257 788 2556 855 κινδύνους,
2610 793 2690 857 εἱς
2732 793 2832 864 τὴν
2879 794 2985 863 γῆν
3027 794 3361 866 ἐκριφέντες,
3410 798 3500 849 καὶ
3558 797 3751 865 μικρὸν

2081 874 2320 940 ἀνέντες,
2359 875 2577 931 πάντων
2607 879 2832 933 ἐκείνων
2879 880 2988 934 τῶν
3027 881 3285 952 λυπηρῶν
3317 882 3488 953 λήθην
3540 882 3752 952 λαμϐά-

2083 976 2284 1014 νουσιν.
2323 962 2585 1018 Ἐνταῦθα
2632 964 2689 1019 δὲ
2733 967 2884 1021 οὐδὲν
2921 967 3150 1034 τοιοῦτο,
3204 968 3316 1022 ἀλλ’
3372 969 3465 1021 ἐπὶ
3508 970 3752 1023 ἐνιαυτὸν

2080 1046 2373 1119 ὁλόκληρον
2408 1050 2470 1103 τὸ
2509 1053 2695 1105 καινὸν
2728 1054 2822 1106 καὶ
2863 1053 3012 1120 ξένον
3040 1053 3173 1125 ᾤκει
3211 1056 3602 1128 δεσμωτήριον,
3630 1057 3751 1111 οὑδέ

2081 1132 2172 1187 τὸν
2200 1134 2338 1205 ἀέρα
2365 1137 2705 1191 ἀναπνεῦσαι
2747 1139 3068 1211 δυνάμενος.
3109 1142 3233 1206 Πῶς
3256 1144 3385 1215 γὰρ,
3415 1144 3753 1214 πανταχόθεν

2079 1220 2489 1292 ὴσφαλισμένης
2537 1225 2636 1295 τῆς
2674 1226 2939 1293 κιϐωτοῦ;
2982 1229 3106 1292 Πῶς
3146 1231 3427 1300 ἀντέσχεν,
3459 1231 3579 1284 εἰπέ
3632 1248 3750 1301 μοις

2082 1306 2200 1371 πῶς
2225 1308 2547 1380 διήρκεσεν;
2575 1313 2638 1366 El
2677 1315 2786 1385 γάρ
2823 1313 2930 1368 ἀπὸ
2957 1315 3175 1385 σιδήρου
3203 1317 3298 1370 καὶ
3323 1317 3627 1387 ἀδάμαντος
3655 1319 3754 1369 αὑ-

2078 1396 2193 1460 τοῖς
2225 1400 2564 1469 συνειστήκει
2596 1401 2667 1455 τά
2712 1401 2959 1472 σώματα,
2995 1402 3111 1467 πῶς
3147 1402 3213 1455 ἂν
3241 1402 3583 1475 ἠδυνήθησαν
3615 1407 3753 1475 μήτε

2081 1483 2244 1555 ἀέρος
2267 1485 2632 1552 ἀπολαύοντες
2662 1489 2795 1560 μήτε
2822 1490 3047 1559 ἀνέμου,
3075 1490 3124 1543 οἳ
3150 1488 3242 1542 τοῦ
3276 1488 3434 1560 ἀέρος
3462 1490 3562 1542 οὑκ
3599 1489 3754 1543 ἔλατ-

2079 1586 2172 1624 τον
2209 1572 2279 1626 τά
2312 1572 2541 1644 σώματα
2580 1575 2824 1647 ἡμέτερα
2854 1577 3261 1647 ἀνακτήσασθαι
3286 1576 3578 1645 πεφύκασι,
3616 1578 3750 1649 μήτε

2079 1658 2206 1721 τοὺς
2237 1658 2548 1731 ὀφθαλμοὺς
2578 1663 2825 1716 ἑστιᾶσαι
2869 1662 3080 1733 ἔχοντες
3108 1661 3245 1732 πρὸς
3272 1662 3368 1733 τὴν
3396 1662 3489 1715 τοῦ
3519 1664 3749 1734 ούρανοῦ

2082 1740 2233 1807 θέαν,
2268 1745 2300 1815 ἢ
2345 1746 2482 1817 πρὸς
2511 1747 2608 1818 τὴν
2647 1747 2757 1801 τῶν
2782 1747 2961 1802 ἀνθῶν
3003 1747 3111 1801 τῶν
3147 1748 3259 1801 ἀπὸ
3295 1748 3394 1819 τῆς
3443 1747 3592 1820 [237]
3648 1750 3752 1819 γῆς

2080 1831 2387 1899 ποικιλίαν;
2439 1834 2565 1899 Πῶς
2587 1834 2644 1888 δὲ
2671 1835 2792 1905 οὐχὶ
2821 1835 2915 1889 καὶ
2960 1835 3429 1906 ἀπετυφλῶθησαν
3463 1835 3561 1899 τὰς
3600 1835 3751 1905 ὄψεις

2079 1919 2174 1972 ἐπὶ
2199 1919 2454 1975 τοσοῦτον
2499 1920 2642 1975 οὑτω
2684 1922 2999 1992 διάγοντες;
3040 1922 3152 1976 Καὶ
3184 1923 3233 1975 εἰ
3272 1923 3630 1993 ἀνθρωπίνοις
3659 1923 3750 1976 λο-

2078 2010 2296 2076 γισμοῖς
2327 2006 2499 2061 ταῦτα
2525 2008 2912 2081 βουληθείημεν
2944 2009 3278 2080 καταμαθεῖν
3321 2010 3369 2075 δ,
3406 2011 3628 2064 κάκεῖνο
3670 2011 3752 2063 δεῖ

2080 2089 2350 2159 ἐννοῆσαι,
2384 2089 2548 2144 πόθεν
2582 2089 2773 2154 ὕδατος
2816 2090 3048 2160 ποτίμου
3089 2090 3351 2161 χορηγίαν
3390 2090 3547 2161 ἔσχον
3589 2092 3648 2143 ἐν
3680 2095 3746 2162 τῇ

2078 2175 2294 2247 κιϐωτῷ
2333 2177 2628 2246 διάγοντες.
2676 2179 2784 2231 Καὶ
2813 2178 2899 2231 ἵνα
2934 2176 3102 2231 ταῦτα
3134 2178 3313 2248 παρῶ,
3347 2178 3467 2241 πῶς
3507 2178 3744 2251 ἠδυνήθη

2077 2263 2105 2314 ό
2136 2263 2343 2328 δίκαιος
2369 2257 2523 2328 οὗτος
2565 2265 2702 2336 μετά
2737 2265 2844 2318 τῶν
2886 2265 3018 2317 υἱῶν
3052 2266 3148 2318 καὶ
3180 2263 3289 2317 τῶν
3328 2265 3605 2333 γυναικῶν
3646 2266 3748 2337 τὴν

2081 2354 2221 2419 μετά
2251 2352 2357 2405 τῶν
2383 2352 2595 2420 ἀλόγων
2626 2352 2717 2405 καὶ
2746 2351 2856 2405 τῶν
2884 2351 3089 2422 θηρίων
3116 2353 3211 2406 καὶ
3239 2351 3349 2405 τῶν
3378 2351 3582 2407 λοιπῶν
3611 2371 3748 2424 πτη-

2076 2435 2183 2489 νῶν
2199 2435 2858 2510 ἀνασχέσθαιδιαγωγήν;
2916 2439 3034 2502 πῶς
3083 2439 3283 2510 ἤνεγκε
3324 2438 3421 2510 τὴν
3446 2439 3744 2500 δυσωδίαν;

2079 2523 2197 2586 πῶς
2226 2523 2483 2595 ἠνέσχετο
2512 2525 2611 2596 τὴν
2661 2527 2758 2580 σὺν
2796 2527 2978 2590 αὑτοῖς
3029 2525 3274 2598 οίκησιν;
3327 2527 3439 2580 Καὶ
3481 2528 3533 2581 τί
3575 2528 3750 2583 ταῦτα

2076 2606 2252 2677 λέγω;
2285 2611 2408 2674 Πῶς
2446 2611 2586 2665 αὐτὰ
2618 2611 2686 2665 τὰ
2716 2612 2889 2681 ἄλογα
2927 2612 3164 2685 ἠδυνήθη
3224 2613 3515 2684 ἀντισχεῖν,
3547 2615 3639 2669 καὶ
3674 2614 3749 2686 μὴ

2073 2696 2438 2769 διαφθαρῆναι
2503 2700 2561 2751 ἐν
2614 2699 2851 2770 τοσούτῳ
2900 2701 3065 2771 μήκει
3113 2700 3342 2771 χρόνου“,
3399 2703 3538 2772 μήτε
3586 2701 3749 2774 ἀέρος

2078 2785 2281 2837 σπάσαι
2336 2784 2630 2855 δυνάμενα,
2678 2787 2815 2857 μήτε
2877 2787 3195 2857 κινούμενα,
3232 2788 3347 2841 ἀλλ’
3384 2789 3441 2840 ἐν
3476 2790 3556 2841 ἐνὶ
3598 2789 3748 2859 τόπῳ

2075 2873 2479 2944 καθειργμένα;
2509 2873 2650 2926 Ἴστε
2679 2874 2811 2943 γὰρ,
2842 2874 2976 2939 ἴστε,
3006 2876 3088 2930 ὅτι
3109 2876 3204 2930 καὶ
3229 2877 3322 2929 ἐπὶ
3346 2877 3443 2947 τῆς
3471 2877 3748 2949 ἡμετέρας

2076 2958 2292 3026 φύσεως
2334 2960 2427 3012 καὶ
2473 2959 2566 3012 ἐπὶ
2595 2960 2695 3030 τῆς
2736 2961 2846 3013 τῶν
2874 2961 3106 3030 ἀλόγων,
3135 2961 3241 3016 κᾶν
3273 2962 3434 3034 ἀέρος
3462 2962 3748 3017 ἀπολαύω-

2079 3062 2199 3115 μεν,
2229 3044 2331 3098 κᾶν
2361 3046 2469 3100 τῶν
2512 3045 2686 3100 ἀλλων
2731 3047 3007 3112 ἁπάντων,
3060 3048 3325 3119 διηνεκῶς
3368 3049 3426 3102 δὲ
3468 3049 3551 3101 ἐνὶ
3580 3038 3746 3119 ’τόπῳ

2072 3127 2225 3202 ὦμεν
2251 3133 2755 3204 συγκεκλεισμένοι,
2798 3136 2950 3189 οὐδὲν
2983 3135 3043 3188 τὸ
3084 3135 3293 3188 κωλύον
3320 3135 3614 3191 ἀπολέσθαι
3653 3139 3746 3191 καὶ

2073 3213 2457 3287 διαφθαρῆναι.
2512 3217 2683 3270 Πόθεν
2715 3212 2807 3271 οὖν
2845 3217 3083 3289 ἠδυνήθη
3114 3219 3143 3270 6
3175 3219 3381 3282 δίκαιος
3408 3211 3563 3282 οὗτος
3605 3221 3745 3289 μετά

2076 3302 2295 3356 πάντων
2331 3303 2439 3357 τῶν
2477 3304 2537 3357 ἐν
2577 3306 2642 3375 τῇ
2673 3303 2892 3373 κιϐωτῷ
2916 3304 3169 3358 τοσοῦτον
3193 3304 3481 3376 διαρκέσαι
3520 3307 3745 3377 χρόνον;

2075 3389 2384 3460 Οὐδαμόθεν
2414 3390 2678 3461 ἑτέρωθεν
2701 3390 2734 3463 ἢ
2759 3392 2868 3445 ἀπὸ
2897 3391 2996 3462 τῆς
3018 3391 3222 3447 ἀνωθεν
3246 3394 3419 3463 ῥοπῆς
3447 3393 3547 3463 τῆς
3572 3394 3748 3448 πάντα

2073 3477 2396 3549 δυναμένης.
2429 3477 2571 3532 Αὐτὸ
2598 3478 2706 3551 γάρ
2726 3479 2789 3533 τὸ
2820 3478 2918 3548 τὴν
2946 3479 3176 3533 κιϐωτὸν
3205 3474 3307 3532 ὦδε
3336 3481 3558 3534 κάκεῖσε
3590 3499 3747 3552 περι-

2075 3565 2383 3637 φερομένην
2416 3566 2491 3637 μὴ
2530 3566 3028 3637 καταποντισθῆναι
3065 3566 3170 3619 ὑπὸ
3209 3568 3307 3637 τῆς
3340 3566 3607 3638 τοσαύτης
3638 3568 3746 3622 τῶν

2076 3652 2283 3706 ὑδάτων
2315 3655 2508 3725 φορᾶς,
2535 3653 2751 3717 οὑδενὸς
2787 3653 2939 3715 ὄντος
2990 3650 3082 3705 τοῦ
3122 3652 3511 3721 κυϐερνῶντος,
3545 3653 3606 3705 οὑ
3647 3654 3746 3723 τῆς

2075 3739 2280 3794 ἀνωθεν
2325 3741 2516 3809 γέγονε
2572 3740 2780 3812 ροπῆς;
2827 3739 2963 3792 Οὑδὲ
2996 3740 3102 3811 γάρ
3145 3737 3289 3809 έχεις
3338 3741 3531 3805 εἰπεῖν,
3567 3741 3650 3793 ὅτι
3689 3741 3746 3793 ἐν

2076 3827 2266 3881 πλοίου
2310 3829 2550 3899 σχήματι
2595 3823 2684 3900 ἦν,
2728 3828 2805 3890 ὡς
2845 3826 3104 3881 δύνασθαι
3159 3825 3322 3897 τέχνῃ
3355 3827 3462 3880 τινὶ
3515 3829 3745 3899 ἡνιοχεῖν

2075 3917 2247 3982 αὑτῆς
2274 3917 2372 3988 τὴν
2405 3917 2650 3989 πορείαν.
2686 3915 2936 3978 Κιϐωτὸς
2974 3910 3043 3985 ἦν
3069 3914 3333 3968 πάντοθεν
3360 3916 3741 3986 πεφραγμένη·

2077 4005 2170 4059 καὶ
2212 4004 2298 4057 διά
2338 4003 2398 4056 τὸ
2429 4003 2760 4074 πρόσταγμα
2800 4001 2894 4054 τοῦ
2924 3999 3279 4071 δημιουργοῦ,
3321 4001 3383 4053 οὑ
3407 4003 3568 4071 μόνον
3592 4003 3745 4056 οὐδὲν

2075 4090 2243 4161 αὐτὴν
2272 4090 2578 4160 ἐλυμήνατο
2627 4091 2660 4159 ή
2704 4087 2811 4141 τῶν
2839 4087 3044 4140 ὑδάτων
3088 4084 3252 4156 φορὰ,
3288 4086 3424 4141 ἀλλά
3466 4089 3561 4140 καί
3608 4089 3746 4161 ὑψη-

2075 4177 2270 4248 λοτέρα
2298 4175 2565 4247 γενομένη
2594 4177 2649 4230 ἐν
2678 4174 2846 4246 πολλῇ
2881 4173 3152 4244 ἀσφαλείᾳ.
3192 4171 3424 4245 καθίστη
3459 4174 3587 4239 τοὺς
3610 4176 3745 4229 ἐνοι-

2076 4282 2325 4329 κουντας.
3310 4316 3335 4338 ,

2150 4350 2317 4404 Ὅταν
2360 4343 2453 4402 οὖν
2479 4350 2508 4402 ό
2535 4347 2666 4411 Θεὸς
2707 4346 3008 4419 ἐργάσηταί
3032 4365 3109 4414 τι,
3134 4347 3407 4420 ἀγαπητέ,
3447 4345 3521 4418 μὴ
3552 4346 3742 4418 βούλου

2075 4438 2357 4509 λογισμοῖς
2385 4436 2747 4509 ἀνθρωπίνοις
2786 4437 3060 4501 ἐξετάζειν
3108 4438 3178 4492 τὰ
3207 4440 3336 4508 παρ’
3380 4436 3545 4491 αὑτοῦ
3598 4438 3745 4504 γινό-

2080 4543 2249 4598 μενα·
2295 4524 2614 4596 ὑπερϐαίνει
2664 4524 2772 4596 γὰρ
2801 4524 2898 4595 τὴν
2923 4525 3131 4578 ἔννοιαν
3173 4526 3272 4598 τὴν
3318 4525 3616 4597 ἡμετέραν,
3653 4525 3746 4577 καὶ

2077 4610 2176 4663 οὑκ
2200 4611 2264 4663 ἀν
2292 4625 2422 4665 ποτε
2457 4608 2713 4678 δυνηθείη
2755 4608 3070 4680 ἀνθρωπίνη
3099 4609 3305 4662 διάνοια
3334 4606 3616 4677 ἐφικέσθαι
3651 4608 3747 4659 καὶ

2078 4691 2403 4745 καταλαϐεῖν
2444 4691 2536 4744 τὸν
2559 4690 2716 4759 λόγον
2741 4690 2849 4744 τῶν
2881 4692 2970 4743 ὑπ’
3017 4691 3182 4744 αὑτοῦ
3210 4690 3743 4761 δημιουργηθέντων.

2147 4784 2206 4833 ε’.
2239 4780 2329 4832 Διὸ
2360 4778 2625 4848 προσήκει
2667 4775 2965 4838 ἀκούοντας
2999 4778 3144 4845 ἡμᾶς
3193 4777 3274 4829 ὅτι
3319 4777 3347 4828 6
3378 4775 3511 4838 Θεὸς
3547 4774 3745 4844 προσέ-

2077 4861 2227 4927 ταξε,
2266 4859 2542 4914 πείθεσθαι
2569 4860 2663 4912 καὶ
2708 4859 2878 4911 εἴκειν
2910 4860 3022 4921 τοῖς
3054 4859 3181 4926 παρ’
3217 4854 3380 4910 αὐτοῦ
3414 4856 3741 4925 λεγομένοις.

2077 4945 2416 5015 Δημιουργὸς
2445 4941 2553 5013 γὰρ
2591 4942 2664 4994 ῶν
2689 4942 2788 5012 τῆς
2817 4940 3028 5011 φύσεως
3078 4940 3220 4995 κατά
3266 4940 3327 4993 τὸ
3368 4937 3516 5008 αὑτῷ
3556 4938 3746 4992 δοκοῦν

2078 5026 2292 5079 ἅπαντα
2351 5023 2781 5096 μεταρρυθμίζει
2828 5025 2922 5076 καί
2953 5022 3334 5094 μεταπλάττει.
3387 5020 3490 5074 Καὶ
3537 5019 3747 5074 ἔκλεισε

2078 5108 2284 5179 Κύριος
2312 5109 2340 5161 6
2368 5108 2498 5171 Θεὸς
2529 5106 2728 5173 ἔξωθεν
2759 5107 2923 5160 αὑτοῦ
2950 5106 3048 5176 τὴν
3071 5105 3319 5161 κιϐωτόν.
3349 5102 3524 5173 Πολλὴ
3549 5103 3643 5156 τοῦ
3676 5104 3750 5156 δι-

2079 5191 2236 5243 καίου
2263 5189 2453 5242 τούτου
2502 5190 2535 5259 ἡ
2574 5188 2767 5260 ἀρετὴ,
2807 5188 2902 5241 καὶ
2950 5188 3051 5257 τῆς
3099 5187 3334 5250 πίστεως
3366 5188 3399 5256 ή
3449 5186 3743 5258 ὑπερϐολή.

2077 5272 2226 5344 Αὕτη
2257 5272 2387 5343 γάρ,
2436 5272 2576 5342 αῦτη
2615 5282 2637 5309 ο
2666 5272 2761 5324 καὶ
2800 5268 3164 5342 τεκτήνασθαι
3193 5269 3291 5340 τὴν
3337 5269 3567 5322 κιϐωτὸν
3608 5286 3748 5338 παρ-

2079 5355 2365 5419 εσκεύασε,
2400 5356 2493 5408 καὶ
2513 5354 2612 5425 τὴν
2643 5353 2856 5427 οἴκησιν
2886 5353 3074 5424 πράως
3100 5353 3363 5420 ἐνεγκεῖν,
3391 5351 3604 5429 καὶτῆς
3629 5368 3749 5404 στε-

2079 5438 2344 5509 νοχωρίας
2388 5436 2716 5506 ἀνασχέσθαι
2758 5437 2853 5489 καὶ
2897 5437 2998 5505 τῆς
3027 5434 3164 5505 μετά
3190 5432 3299 5486 τῶν
3325 5432 3529 5503 θηρίων
3555 5432 3749 5500 διαγω-

2080 5522 2184 5591 γῆς
2215 5521 2310 5575 καὶ
2334 5521 2442 5575 τῶν
2472 5519 2681 5591 ἀλόγων
2702 5518 3101 5591 ἀπάντων-,Διά
3132 5515 3290 5591 τοῦτο
3316 5516 3409 5568 καὶ
3427 5515 3751 5591 ὁ-μακάριος

2081 5584 2296 5654 Παῦλος
2323 5592 2404 5652 εἰς
2434 5584 2654 5660 μνήμην
2685 5589 2848 5644 αὐτοῦ
2872 5586 3063 5652 ἐλθὼν,
3103 5586 3207 5640 καὶ
3236 5584 3628 5655 ἀνακηρύττων
3656 5585 3751 5636 αὑ-

2079 5671 2193 5736 τὸν,
2231 5671 2361 5726 ἐϐόα
2402 5671 2603 5739 λέγων·
2651 5670 2839 5724 Πίστει
2881 5667 3275 5741 χρηματισθεὶς
3306 5665 3432 5719 Νῶε
3472 5666 3601 5736 περὶ
3644 5667 3752 5717 τῶν

2086 5753 2315 5824 μηδέπω
2344 5753 2711 5824 βλεπομένων,
2746 5750 3065 5821 εὐλαϐηθεὶς
3102 5747 3469 5804 κατεσκεύασε
3510 5746 3751 5827 ,κιϐωτὸν

2090 5836 2171 5903 εἰς
2199 5836 2473 5913 σωτηρίαν
2518 5834 2611 5890 τοῦ
2660 5834 2810 5889 οἴκου
2868 5831 3056 5899 αὑτοῦ,
3111 5831 3178 5886 δι’
3214 5827 3282 5901 ἧς
3327 5828 3617 5896 κατέκρινε
3661 5826 3749 5880 τὸν

2152 5967 2180 6008 δ
2206 5964 2354 6029 Savil.
2392 5971 2443 6015 et
2466 5969 2685 6029 quinque
2707 5982 2821 6029 mss.
2846 5967 3179 6029 βουληθείημεν
3200 5961 3500 6029 καταλαϐεῖνΖ

2158 6031 2180 6059 °
2214 6028 2294 6077 Sic
2332 6021 2501 6077 Morel:
2533 6040 2581 6077 Cl
2607 6021 2753 6079 Silvii.
2787 6021 3028 6077 lu'MOull'.
3054 6021 3169 6081 αῦτη
3193 6026 3298 6086 γὰρ,
3321 6022 3458 6079 αὐτή.
3486 6021 3615 6069 hort.
