4078 6426
375 404 481 459 2'25

376 518 604 587 κόσμον,
634 514 728 569 καὶ
755 511 853 582 τῆς
879 509 1022 566 κατὰ
1062 510 1245 565 πίστιν
1276 509 1619 579 δικαιοσύνης
1659 507 1874 575 ἐγένετο
1908 505 2037 576 κλη-
2081 518 2096 523 ·

379 604 624 675 ρονόμος.
667 595 816 661 Εῐδες
858 597 973 661 πῶς
1021 598 1054 668 ή
1090 597 1272 661 πίστις
1312 599 1346 669 ἡ
1387 599 1465 661 είς
1505 597 1596 650 τὸν
1627 595 1759 648 Θεὸν
1792 593 2035 663 καθάπερ

376 691 594 759 ἄγκυρά
629 703 713 750 τις
743 684 994 756 ἀσφαλὴς
1034 684 1443 756 παρεσκεύασεν
1477 682 1657 745 αὑτὸν,
1691 680 1785 735 καὶ¹
1828 681 1926 751 τῆς
1953 696 2031 733 κιο

375 774 549 831 ϐωτοῦ
597 774 698 846 τὴν
739 772 1082 844 κατασκευὴν
1123 772 1470 844 ποιήσασθαι,
1505 771 1597 823 καὶ
1640 769 1740 839 τῆς
1779 769 2038 839 οἰκήσεως

374 863 737 936 ἀνασχέσθαι;
777 861 926 933 Δῦτη
948 862 1058 933 γάρ
1080 861 1228 932 αὑτῷ
1254 861 1463 931 καὶτῆς
1490 858 1761 929 σωτηρίας
1789 856 2038 920 ὑπόθεσις

375 953 591 1023 γέγονε,
626 968 644 1002 ι
683 951 760 1003 Δι’
783 944 872 1020 ἧς,
918 948 1074 1019 φησὶ,
1112 947 1402 1019 κατέκρινε
1434 945 1523 998 τὸν
1570 944 1796 1013 κόσμον,
1823 944 1918 997 καὶ
1944 943 2038 1013 τῆς

376 1040 518 1096 κατά
588 1038 774 1092 πίστιν
817 1034 1162 1106 δικαιοσύνης
1214 1035 1427 1102 ἐγένετο
1477 1031 1837 1103 κληρονόμος·
1876 1049 1894 1082 ι
1943 1031 2038 1084 οὐκ

376 1128 564 1201 ἐπειδὴ
611 1127 772 1189 αὑτὸς
826 1123 997 1197 [258]
1041 1122 1272 1196 ἔκρινεν,
1313 1120 1428 1174 ἀλλ’
1461 1118 1651 1189 ἐπειδὴ
1700 1119 1729 1172 ὁ
1768 1118 2038 1189 Δεσπότης

377 1215 715 1286 συγκρίσεως
765 1211 865 1282 τὴν
912 1210 1240 1281 κατάκρισιν
1285 1207 1514 1277 ἐπάγει·
1575 1205 1683 1259 τῶν
1712 1206 1822 1275 γὰρ
1863 1203 2038 1256 αὑτῶν

375 1301 781 1363 ἀπολαύσαντες
812 1298 890 1369 τῷ
918 1298 1133 1368 δικαίῳ,
1162 1297 1222 1351 οὑ
1253 1295 1351 1365 τὴν
1381 1294 1550 1365 αὐτὴν
1584 1292 1733 1363 αὑτῷ
1780 1290 2040 1364 μετῆλθον

374 1390 474 1461 τῆς
506 1388 707 1460 ἀρετῆς
739 1387 858 1441 όδόν
883 1404 896 1416 ο
929 1384 1018 1440 διὰ
1044 1384 1142 1457 τῆς
1168 1384 1403 1446 πίστεως
1437 1384 1533 1454 μὲν
1557 1392 1580 1416 ⁸
1612 1378 1726 1445 οὖν,
1751 1382 1816 1451 ῆν
1838 1380 2045 1432 ἐπεδεί-

376 1480 524 1548 ξατο,
575 1478 896 1549 κατέκρινεν
937 1475 1178 1538 ἐκείνους
1224 1475 1350 1537 τοὺς
1400 1471 1600 1543 πολλὴν
1646 1471 1746 1542 τὴν
1790 1468 2045 1522 ἀπιστίαν

376 1566 842 1637 ἐπιδειξαμένους,
903 1563 1000 1617 καὶ
1040 1562 1115 1634 μὴ
1158 1560 1558 1623 πιστεύσαντας
1603 1561 1669 1629 τῇ
1719 1558 2041 1640 προρρήσει.

387 1653 530 1724 Ἐγὼ
566 1654 623 1707 δέ
678 1653 816 1722 μετά
861 1651 1079 1705 πάντων
1120 1650 1215 1703 καὶ
1269 1648 1361 1701 τοῦ
1417 1647 1625 1701 δικαίου
1672 1644 2045 1715 ἐκπλήττομαι

376 1743 474 1813 τὴν
512 1742 734 1812 ἀρετὴν,
770 1741 867 1794 καλ⁸
896 1739 988 1792 τοῦ
1021 1738 1291 1791 Δεσπότου
1333 1734 1430 1806 τὴν
1468 1734 1777 1803 ἀγαθότητα
1816 1731 1910 1783 καὶ
1946 1728 2045 1799 τὴν

375 1830 582 1900 ἄφατον
599 1827 789 1897 φιλανθ
799 1826 1028 1899 ρωπίαν,
1042 1826 1167 1879 ὃταν
1192 1824 1428 1894 ἐννοήσω
1449 1822 1567 1885 πῶς
1584 1820 1821 1891 ἠδυνήθη
1844 1817 2044 1888 μεταξὺ

375 1917 486 1971 τῶν
517 1916 718 1987 θηρίων
768 1916 997 1983 διάγειν,
1035 1912 1146 1967 τῶν
1178 1912 1407 1966 λεόντων
1435 1910 1599 1978 λέγω,
1634 1908 1730 1962 καὶ
1760 1906 1872 1962 τῶν
1904 1922 2046 1976 παρ-

374 2006 597 2068 δάλεων,
629 2004 721 2058 καὶ
767 2002 877 2056 τῶν
908 2001 1147 2076 ἀρκτων,
1195 1999 1293 2054 καὶ
1330 1997 1441 2052 τῶν
1469 1996 1673 2051 λοιπῶν
1698 1997 1806 2049 τῶν
1838 1993 2044 2066 ἀγρίων

377 2095 472 2150 καὶ
505 2092 829 2147 ἀτιθάσσων.

460 2178 864 2252 ’Δναμνὴσθητί
908 2193 999 2249 μοι
1038 2174 1297 2240 ἐνταῦθα,
1325 2172 1596 2246 ἀγαπητὲ,
1638 2172 1741 2244 τῆς
1774 2169 1933 2236 ἀξίας
1977 2163 2045 2241 ἧς

375 2272 657 2343 ἀπήλασεν
682 2271 711 2323 ὁ
750 2266 1176 2339 πρωτόπλαστος
1206 2266 1316 2335 πρὸ
1345 2266 1441 2333 τῆς
1481 2263 1789 2334 παρακοῆς,
1833 2263 1928 2315 καί
1959 2261 2041 2314 λοο

376 2358 531 2427 γίζου
575 2356 671 2410 τοῦ
710 2354 846 2409 Θεοῦ
881 2354 982 2424 τὴν
1027 2353 1357 2422 ἀγαθότητα.
1394 2348 1751 2420 Ἐπειδὴκγάρ
1794 2350 1828 2419 ἡ
1868 2348 2045 2419 παρά-

378 2446 538 2508 ϐασις
559 2444 769 2497 ἐκείνου
788 2440 1174 2512 ⁴ίγιιιρωτηρίασε
1192 2438 1289 2509 τὴν
1304 2437 1596 2507 δεδομένην
1616 2432 1884 2500 ἐξουσίαν,
1921 2432 2046 2506 εὗρε

376 2532 437 2588 δέ
470 2533 499 2585 ὁ
529 2528 734 2599 ἀγαθὸς
757 2528 1036 2597 Δεσπότης
1061 2526 1247 2596 ἕτερον
1269 2523 1437 2593 ἄνδρα
1466 2523 1763 2593 δυνάμενον
1790 2522 2049 2576 ἀνακαλέ-

381 2616 577 2672 σασθαι
588 2615 686 2688 τὴν
699 2613 931 2686 ἀρχαίαν
946 2612 1247 2677 είκόνα,καὶ
1256 2610 1285 2664 δ
1291 2608 1588 2674 ιασώζοντα
1600 2610 1702 2680 τῆς
1713 2610 1912 2682 ἀρετῆς
1922 2611 2048 2674 τοὺς

379 2704 754 2777 χαρακτῆρας,
786 2701 880 2756 καί⁵
904 2699 1103 2773 πολλὴν
1145 2700 1273 2770 περὶ
1302 2697 1402 2761 τὰς
1422 2697 1642 2761 ἐντολάς
1675 2698 1774 2767 τὴν
1803 2696 2048 2768 ὑπακοὴν

382 2790 841 2861 ἐπιδεικνύμενον,
858 2789 1017 2843 πάλιν
1034 2790 1114 2852 είς
1128 2787 1227 2857 τὴν
1242 2785 1474 2858 ἀρχαίαν
1486 2785 1649 2856 τιμὴν
1664 2784 1824 2839 αὐτὸν
1835 2785 2047 2853 ἀνάγει,

384 2880 665 2952 μονονουχὶ
695 2878 961 2933 διδάσκων
980 2877 1130 2947 ἡμᾶς
1150 2874 1219 2928 δι’
1244 2873 1427 2928 αὐτῶν
1458 2873 1568 2927 τῶν
1588 2873 1928 2945 πραγμάτων
1949 2872 2050 2943 τῆς

380 2968 628 3041 ἐξουσίας
642 2965 737 3019 τοῦ
752 2964 924 3036 ’Δδάμ
935 2963 996 3017 τὸ
1021 2961 1271 3035 μέγεθος,
1286 2961 1354 3033 ἣν
1375 2956 1490 3031 εἶχε
1508 2960 1615 3033 πρὸ
1627 2961 1728 3030 τῆς
1744 2960 2063 3032 παρακοῆς.’

392 3055 458 3109 Ἦ
469 3054 639 3127 ἀρετὴ
651 3049 932 3107 τοίνυντοῦ
947 3049 1158 3105 δικαίου
1174 3048 1539 3119 ἐπιλαϐομένη
1561 3047 1663 3117 τῆς
1682 3047 1773 3100 τοῦ
1791 3047 1926 3100 Θεοῦ
1939 3046 2053 3118 φιλ-

381 3140 713 3214 ανθρωπίας,
747 3137 1112 3194 ἀνεκαλέσατο
1128 3137 1228 3207 τὴν
1267 3136 1537 3208 προτέραν
1556 3135 1751 3206 ἀρχὴν,
1775 3135 1869 3189 καὶ
1890 3134 2051 3190 πάλιν

381 3229 452 3284 τὰ
476 3228 641 3301 θηρία
666 3226 765 3298 τὴν
807 3225 1088 3296 ὑποταγὴν
1117 3224 1502 3293 ἐπεγίνωσκον.
1538 3222 1708 3276 Ἔνθα
1736 3220 1845 3294 γὰρ
1870 3221 1936 3276 ἂν
1966 3222 2050 3293 ίδῃ

384 3317 548 3389 θηρία
565 3316 791 3381 δίκαιον,
806 3311 1217 3367 ἐπιλανθάνεται
1238 3311 1339 3382 τῆς
1360 3310 1567 3374 οἰκείας
1591 3310 1827 3379 φύσεως,
1854 3310 2052 3381 μᾶλλον

380 3405 439 3459 δέ
466 3404 528 3457 οὑ
555 3402 655 3473 τῆς
695 3399 930 3470 φύσεως,
958 3399 1093 3453 ἀ)λά
1126 3399 1226 3469 τῆς
1251 3396 1565 3470 θηριωδίας,
1609 3398 1702 3450 καὶ
1737 3396 1966 3468 μένοντα
1994 3398 2052 3451 ἐν

381 3493 450 3562 τῇ
475 3489 635 3560 φύσει
658 3489 758 3559 τὴν
788 3485 1082 3558 θηριωδίαν
1121 3486 1203 3549 εἰς
1231 3484 1331 3556 τὴν
1360 3486 1673 3556 ⁴ἡμερότητα
1703 3476 2068 3556 μεταϐάλλειέ

383 3578 494 3632 Καὶ
522 3577 626 3648 ὅρα
654 3574 812 3629 τοῦτο
836 3572 928 3627 ἐπὶ
955 3571 1050 3625 τοῦ
1078 3571 1274 3643 Δανιὴλ
1309 3573 1609 3641 γινόμενον.
1642 3570 1778 3624 Ὑπὸ
1805 3571 1913 3644 γὰρ
1943 3570 2054 3627 τῶν

383 3646 611 3717 λεόντων
642 3660 1027 3730 κυκλούμενος,
1057 3657 1249 3728 ὥσπερ
1284 3658 1390 3711 ὑπὸ
1416 3657 1702 3730 προϐάτων
1727 3646 2068 3730 δορυφορού--Δ

388 3767 568 3821 μενος,
592 3747 765 3812 οὕτως
791 3745 961 3809 ἀδεῶς
985 3744 1169 3815 διῆγεν
1187 3761 1201 3774 ·
1231 3746 1266 3815 ἠ
1292 3745 1400 3815 γὰρ
1421 3743 1517 3797 τοῦ
1537 3744 1748 3798 δικαίου
1772 3746 2053 3817 παρρησία

384 3836 632 3909 ἐχαλίνου
681 3833 788 3888 τῶν
826 3832 1032 3904 θηρίων
1067 3831 1166 3901 τὴν
1201 3831 1392 3900 φύσιν,
1434 3830 1531 3885 καὶ
1570 3831 1673 3885 οὑκ
1717 3832 1804 3885 εἴα
1842 3833 1911 3887 τά
1944 3833 2053 3888 τῶν

386 3923 593 3996 θηρίων
641 3921 836 3985 αὐτοὺς
892 3918 1318 3974 ἐπιδείκνυσθαι.
1371 3918 1476 3972 Τὸν
1517 3919 1681 3974 αὑτὸν
1740 3919 1806 3991 δὴ
1853 3921 2073 3992 τρόπον

380 4012 417 4067 ὁ
445 4011 745 4083 θαυμάσιος
769 4002 927 4072 οὗτος
950 4007 1050 4078 τὴν
1086 4007 1223 4078 μετά
1259 4007 1367 4061 τῶν
1398 4007 1603 4080 θηρίων
1628 4008 1903 4081 διαγωγὴν
1934 4012 2054 4081 μετ’

382 4100 634 4164 εὐκολίας
656 4098 841 4170 ἔφερε,
875 4096 970 4151 καὶ
1001 4094 1125 4149 οὔτε
1149 4096 1184 4166 ἡ
1219 4096 1569 4168 στενοχωρία,
1597 4095 1720 4150 οὔτε
1742 4098 1777 4167 ἡ
1806 4097 1900 4150 τοῦ
1924 4098 2054 4170 χρό-

382 4204 477 4242 νου
508 4186 836 4257 παράτασις,
865 4183 991 4238 οὔτε
1028 4183 1092 4235 τὸ
1129 4182 1303 4247 οὕτως
1335 4183 1745 4252 ἐγκεκλεῖσθαι,
1779 4187 1875 4239 καὶ
1915 4189 2053 4257 μήτε

381 4273 475 4328 τὸν
501 4274 638 4343 ἀέρα
659 4273 919 4333 ἀναπνεῖν
949 4269 1227 4341 ναρκῆσαι
1267 4270 1429 4325 αὑτὸν
1459 4271 1890 4341 παρεσκεύασεν.
1918 4274 2055 4329 ἀλλά

381 4359 452 4429 τῇ
485 4355 667 4409 πίστει
689 4356 757 4425 τῇ
780 4356 861 4418 είς
882 4353 977 4408 τὸν
1000 4353 1134 4406 Θεὸν
1162 4353 1378 4407 ᾶπαντα
1401 4354 1580 4424 κοῦφα
1607 4356 1757 4427 αὑτῷ
1782 4356 2050 4427 ἐφαίνετο,

384 4447 483 4500 καὶ
527 4443 670 4497 οὕτω
698 4443 885 4513 διῆγεν
928 4442 989 4495 ἐν
1024 4441 1104 4511 τῷ
1151 4442 1372 4512 χαλεπῷ
1419 4443 1612 4514 ἐκείνῳ
1659 4445 2052 4517 δεσμωτηρίῳ,

384 4533 587 4588 ὡσανεὶ
612 4534 776 4602 ἡμεῖς
808 4533 868 4583 ἐν
892 4528 1123 4600 λειμῶσι
1161 4530 1258 4583 καὶ
1282 4530 1578 4601 δενδρικοῖς
1600 4532 1803 4596 τόποις.
1839 4535 1915 4587 Τὸ
1946 4536 2055 4606 γὰρ

384 4621 666 4689 ἐπίταγμα
696 4616 791 4670 τοῦ
823 4616 1094 4669 Δεσπύτου
1125 4615 1195 4668 τὰ
1230 4615 1464 4687 δυσχερῆ
1498 4620 1657 4690 ῥᾴδια
1687 4620 1835 4691 αὐτῷ
1867 4622 2054 4691 φαίνε-

386 4702 512 4757 σθαι
542 4699 945 4773 παρεσκεύασε.
971 4697 1225 4752 Τοιοῦτον
1256 4699 1366 4770 γὰρ
1399 4700 1509 4753 τῶν
1542 4701 1767 4755 δικαίων
1801 4703 1863 4756 τὸ
1900 4704 2052 4769 ἔθος-

382 4792 514 4846 ὅταν
542 4789 688 4845 τιδι’
716 4788 878 4843 αὑτὸν
900 4788 1283 4858 ὑπομένουσιν,
1315 4788 1377 4840 οὑ
1397 4792 1464 4859 τῇ
1483 4788 1603 4858 ὄψει
1623 4789 1733 4843 τῶν
1756 4793 2056 4863 γινομένων

384 4878 765 4949 προσέχουσιν,
799 4874 937 4929 ἀλλά
970 4875 1070 4947 τὴν
1098 4874 1355 4930 ὑπόθεσιν
1382 4877 1722 4949 λογιζόμενοι
1747 4882 1864 4943 μετ’
1894 4882 2055 4935 εὐκο-

382 4962 505 5028 λίας
533 4963 748 5019 ἃπαντα
772 4961 1050 5033 φέρουσιν.
1098 4962 1254 5016 Ἐπεὶ
1279 4964 1375 5016 καὶ
1409 4964 1640 5030 Παῦλος,
1678 4966 1709 5018 ὁ
1747 4967 1857 5021 τῶν
1883 4968 2056 5023 ἐθνῶν

381 5049 718 5115 διδάσκαλος,
748 5048 819 5103 τά
861 5049 1233 5121 δεσμωτήρια,
1264 5050 1366 5115 τάς
1397 5053 1721 5122 ἀπαγωγὰς,
1753 5056 1880 5119 τοὺς
1906 5057 2057 5109 καθ-

382 5139 676 5208 ημερινοὺς
704 5135 1004 5200 κινδύνους,
1033 5136 1134 5200 τὰς
1161 5137 1362 5202 πολλάς
1393 5140 1608 5204 ἐκείνας
1630 5142 1726 5195 καὶ
1748 5143 2056 5214 ἀφορήτους

382 5222 593 5293 θλίψεις
626 5225 870 5295 ἐλαφρὰς
901 5224 1106 5288 ἐκάλει,
1132 5225 1234 5278 οὑκ
1275 5226 1465 5298 ἐπειδὴ
1504 5231 1572 5299 τῇ
1603 5228 1764 5297 φύσει
1809 5230 2056 5287 τοιαῦται

380 5304 544 5379 ἦσαν,
576 5308 690 5363 ἀλλ’
722 5310 909 5383 ἐπειδὴ
947 5314 982 5382 ἡ
1018 5311 1275 5377 ὑπόθεσις
1306 5311 1415 5366 τῶν
1452 5314 1752 5385 γινομένων
1786 5316 2056 5389 τοσαύτην

381 5395 533 5466 αὑτῷ
561 5397 661 5467 τὴν
693 5396 918 5468 γνώμην
949 5399 1352 5464 κατεσκεύαζεν
1374 5401 1426 5463 δ,
1455 5403 1531 5465 ὡς
1561 5404 1697 5474 μηδὲ
1732 5405 2056 5475 ἐπιστρέφε-

383 5482 508 5537 σθαι
533 5483 669 5555 πρὸς
694 5483 763 5537 τά
787 5485 1011 5541 ἐπιόντα
1030 5487 1201 5541 δεινά.
1220 5488 1421 5540 ’Δκουε
1447 5488 1553 5561 γὰρ
1578 5490 1744 5543 αὑτοῦ
1771 5490 2017 5558 λέγοντος
2034 5510 2051 5524 ·

388 5570 458 5625 Τὸ
483 5568 595 5639 τὰρ
628 5571 963 5639 παραυτίκα
991 5574 1259 5643 ἐλαφρὸν
1283 5573 1401 5645 τῆς,
1427 5578 1689 5645 θλίψεως
1722 5578 1894 5648 ἡμῶν
1923 5582 2054 5636 καθ’

390 5745 452 5799 ἰι
480 5745 798 5815 προσδοκία,
822 5746 977 5813 φησι
1002 5748 1103 5816 τῆς
1125 5748 1427 5819 μελλούσης
1444 5751 1847 5823 περιλήψεσθαι
1873 5754 2052 5827 δόξης,

376 5828 529 5904 [259]
565 5831 661 5887 καὶ
693 5832 793 5901 τῆς
822 5831 1103 5901 διηνεκοῦς
1134 5835 1353 5906 ἐκείνης
1388 5837 1625 5905 ἀνέσεως
1653 5840 1872 5911 κούφως
1905 5845 2055 5914 ἡμᾶς

438 5970 465 5999 ⁸
489 5969 709 6021 Αεεεειὶι
734 5969 817 6020 σῦν
840 5982 871 6019 e
893 5969 1094 6020 διήιξε.
1123 5972 1263 6022 Enn.

439 6028 475 6073 δ
497 6031 666 6082 Morel.
694 6029 1057 6096 παρεσκεύαζεν.

1152 396 1210 451 S.
1246 394 1533 451 JOANNIS
1569 389 2058 449 CIIRYSOSTOMI
2096 389 2416 447 ARCINEP.
2458 389 3003 450 CONSTANTINOP.

3709 401 3824 456 2'26

2151 509 2293 559 ποιεῖ
2314 506 2498 576 φέρειν
2518 507 2615 570 τὰς
2635 508 2969 580 ἐπαλλήλους
2991 509 3191 574 ταύτας
3219 510 3444 582 θλίψεις,
3463 514 3556 567 καὶ
3579 513 3826 585 ἐλαφρὰς

2148 590 2318 654 αὑτὰς
2347 590 2615 661 ἡγεῖσθαι.
2636 587 2788 657 Εἶδες
2808 594 2955 656 ὅπως
2976 593 3334 665 ὑποτέμνεται
3359 596 3388 646 ό
3416 596 3551 666 πρὸς
3571 596 3665 650 τὸν
3685 597 3827 651 Θεὸν

2150 673 2311 736 πόθος
2343 673 2442 745 τὴν
2474 674 2580 728 τῶν
2606 674 2794 728 δεινῶν
2826 677 3096 743 ἐπίτασιν,
3120 678 3213 731 καὶ
3251 678 3373 731 ούδέ
3394 678 3648 749 αἴσθησιν
3683 697 3825 748 συγ-

2151 757 2317 828 χωρεῖ
2345 754 2529 831 λαϐείν
2565 756 2675 808 τῶν
2705 757 3007 824 ἐπιόντων;
3042 759 3141 813 Διά
3176 776 3257 812 τοι
3278 760 3437 814 τοῦτο
3461 761 3557 814 καὶ
3585 764 3614 814 ὁ
3642 764 3829 831 μακά-

2154 855 2265 912 ριος
2304 829 2461 902 οὗτος
2499 839 2676 893 πάντα
2718 839 2909 911 πράως
2929 840 3138 911 ἔφερε,
3182 844 3248 912 τῇ
3283 842 3464 896 πίστει
3511 845 3577 915 τῇ
3614 829 3696 908 είς
3728 845 3832 898 τὸν

2155 919 2280 973 Θεὸν
2306 921 2399 974 καὶ
2417 924 2483 993 τῇ
2520 921 2696 974 ἐλπίδι
2720 923 3070 994 τρεφόμενος.
3088 924 3196 978 Καὶ
3225 925 3486 991 ἔκλεισε,
3515 927 3666 998 φησὶ,
3703 929 3832 982 Κύ-

2155 1022 2275 1073 ριος
2297 1007 2328 1057 ό
2358 1005 2501 1071 Θεὸς
2531 1004 2752 1069 ἔξωθεν
2781 1005 2965 1060 αὐτοῦ
2994 1006 3107 1076 τὴν
3144 1009 3412 1063 κιϐωτόν.
3449 1011 3559 1064 Καὶ
3584 1010 3832 1082 ἐγένετο

2159 1090 2185 1142 ό
2214 1088 2642 1159 κατακλυσμὸς
2670 1089 3123 1157 τεσσαράκοντα
3150 1090 3375 1159 ἡμέρας
3402 1092 3499 1145 καί
3528 1094 3833 1161 τεσσαρά-

2159 1190 2335 1229 κοντα
2360 1176 2584 1242 νύκτας
2605 1176 2703 1229 ἐπὶ
2730 1175 2839 1245 τῆς
2863 1176 2995 1246 γῆς,
3022 1176 3121 1231 καὶ
3153 1177 3470 1247 ἐπεφέρετο
3491 1179 3529 1245 ἠ
3554 1181 3830 1245 κιϐωτός.

2154 1257 2349 1310 Σκόπει
2377 1258 2536 1312 πάλιν
2559 1258 2676 1321 πῶς
2710 1262 2776 1331 τῇ
2807 1260 3056 1330 διηγήσει
3085 1258 3238 1326 αὔξει
3266 1262 3359 1316 τὸν
3401 1263 3583 1332 φόϐον,
3614 1265 3708 1316 καὶ
3740 1264 3831 1328 ἐξ·

2150 1342 2302 1408 ογκοῖ
2345 1341 2407 1393 τὸ
2454 1340 2838 1412 γεγενημένον.
2891 1342 3150 1412 Ἐγένετο
3184 1343 3311 1414 γὰρ,
3353 1346 3535 1416 φησὶν,
3570 1350 3604 1400 o'
3640 1363 3833 1400 mru-

2152 1422 2425 1490 κλυσμὸς
2464 1423 2917 1492 τεσσαράκοντα
2963 1424 3187 1493 ἡμέρας
3226 1426 3323 1479 καί
3369 1426 3835 1496 τεσσαράκοντα

2150 1503 2396 1571 θ’ύκτας,
2432 1505 2531 1557 καί
2557 1505 2907 1573 ἐπληθύνθη
2934 1506 3002 1559 τὸ
3032 1507 3210 1575 ὓδωρ,
3243 1507 3342 1562 καί
3372 1508 3557 1577 ἐπῆρε
3595 1508 3711 1577 τὴν
3739 1528 3831 1563 κι-

2152 1586 2361 1653 ϐωτὸν,
2406 1588 2504 1641 καὶ
2545 1588 2754 1656 ὑψώθη
2787 1589 2906 1643 ἀπὸ
2935 1588 3043 1658 τῆς
3072 1589 3207 1660 γῆς.
3256 1592 3367 1646 Καὶ
3409 1594 3719 1662 ἐπεκράτει
3759 1595 3835 1647 τὸ

2150 1668 2328 1737 ὕδωρ,
2361 1668 2457 1722 καί
2479 1668 2848 1736 ἐπληθύνετο
2885 1672 3120 1740 σφόδρα
3150 1673 3249 1726 ἐπί
3285 1673 3397 1743 τῆς
3424 1673 3554 1744 τῆς,
3581 1676 3676 1729 καί
3718 1677 3837 1728 ἐπ-

2152 1750 2391 1821 εφέρετο
2429 1753 2468 1820 ἠ
2500 1752 2741 1818 κιϐωτὸς
2785 1752 2985 1806 ἐπάνω
3016 1755 3121 1809 τοῦ
3162 1755 3381 1823 ὕδατος
3403 1773 3417 1788 ·
3465 1758 3533 1811 τὸ
3572 1757 3639 1812 δὲ
3662 1759 3838 1827 ὕδωρ

2151 1833 2459 1903 ἐπεκρότει
2487 1835 2723 1903 σφόδρα
2749 1834 3025 1904 σφοδρῶς
3052 1837 3149 1891 ἐπί
3174 1837 3284 1906 τῆς
3304 1838 3435 1910 γῆς.

2224 1923 2298 1982 ς’.
2334 1917 2477 1987 Ὅρα
2509 1916 2627 1981 πῶς
2650 1918 2890 1989 ἀκριϐῶς
2916 1920 3049 1989 ἡμῖν
3076 1919 3343 1991 διηγεῖται
3367 1922 3466 1993 τὴν
3488 1922 3683 1994 πολλὴν
3711 1925 3839 1981 τῶν

2152 1997 2364 2054 ὑδάτων
2392 1999 2583 2071 φορὰν,
2601 2000 2696 2053 καὶ
2721 2000 2803 2053 ὅτι
2834 2002 2919 2069 ἐφ’
2944 2002 3181 2073 ἑκάστης
3206 2003 3433 2073 αὔξησιν
3457 2004 3767 2074 ἐλάμϐανεν
3803 2011 3842 2077 η

2152 2080 2461 2153 πλημμύρα
2482 2081 2591 2134 τῶν
2625 2083 2851 2151 ὑδάτων.
2882 2084 3221 2152 Ἐπεκράτει
3240 2086 3349 2155 γὰρ
3374 2088 3440 2140 τὸ
3466 2086 3637 2155 ὕδωρ,
3663 2107 3743 2159 φη
3756 2092 3840 2153 σι,

2153 2164 2387 2234 σφόδρα
2413 2161 2713 2232 σφοδρῶς,
2758 2165 2855 2219 καί
2894 2166 3244 2236 ἐπεκάλυψε
3277 2166 3472 2223 πάντα
3504 2168 3575 2223 τὰ
3610 2170 3720 2240 ὄρη
3762 2173 3845 2226 τὰ

2153 2247 2386 2317 ὑψηλὰ,
2417 2246 2456 2300 d
2480 2244 2561 2318 ἦν
2592 2247 2873 2302 ὑποκάτω
2900 2248 3007 2303 τοῦ
3041 2250 3322 2318 οὐρανοῦ.
3359 2252 3684 2309 Δααπέντε
3709 2254 3841 2321 πή-

2153 2348 2282 2402 χεις
2308 2331 2509 2385 ἐπάνω
2532 2332 2742 2400 ὑψώθη
2766 2331 2835 2385 τὸ
2861 2332 3037 2401 ὕδωρ,
3066 2335 3165 2388 καί
3186 2333 3512 2397 ἐπέκλυζεν
3542 2336 3793 2392 ἅπαντα
3812 2353 3838 2379 ο

2154 2414 2227 2467 τὰ
2254 2412 2383 2482 ὅρη.
2416 2414 2656 2477 Εἰκότως
2698 2413 3049 2485 ᾡκονόμησεν
3094 2418 3123 2469 ό
3150 2416 3527 2490 φιλάνθρωπος
3552 2421 3847 2493 Δεσπότης

2156 2494 2471 2568 κλεισθῆναι
2507 2495 2608 2567 τὴν
2642 2496 2897 2562 κιϐωτὸν,
2929 2497 3071 2551 ὥστε
3113 2499 3190 2568 μὴ
3222 2500 3357 2570 όρᾷν
3398 2499 3490 2553 τὸν
3523 2500 3728 2554 δίκαιον
3764 2504 3847 2556 τὰ

2155 2577 2437 2647 γινόμενα.
2484 2578 2548 2631 Εί
2584 2577 2694 2649 γάρ
2745 2579 2903 2649 ἡμεῖς
2941 2579 3081 2651 μετά
3112 2581 3365 2634 τοσοῦτον
3403 2582 3538 2638 ἐτῶν
3572 2583 3838 2653 ἀριθμὸν,

2156 2661 2251 2714 καὶ
2284 2660 2424 2733 μετά
2448 2661 2716 2726 τοσαύτας
2741 2664 2935 2731 γενεάς
2960 2662 3250 2728 ἀκούοντες
3285 2664 3446 2735 μόνον
3479 2665 3573 2735 τῆς
3600 2666 3848 2737 Ι’ραφῆς

2154 2742 2255 2814 τὴν
2276 2744 2529 2815 διήγησιν
2559 2744 2982 2815 συστελλόμεθα,
3015 2747 3110 2800 καὶ
3142 2747 3200 2799 ἐν
3236 2748 3515 2820 ἀμηχανίᾳ
3541 2748 3840 2821 γινόμεθα,

2158 2826 2209 2880 τί
2253 2828 2401 2891 είκὸς
2459 2823 2528 2899 ἦν
2563 2827 2656 2881 τὸν
2711 2827 2918 2883 δίκαιον
2974 2830 3181 2883 ἐκεῖνον
3243 2831 3475 2895 παθεῖν,
3514 2832 3568 2885 εί
3604 2849 3669 2901 γε
3709 2836 3842 2898 τοῖς

2157 2910 2457 2982 ὀφθαλμοῖς
2473 2910 2621 2981 ἐώρα
2634 2909 2732 2983 τὴν
2753 2910 2854 2965 ἀϐυ
2862 2928 2988 2964 σσον
3015 2912 3233 2984 ἐκείνην
3250 2914 3349 2985 τὴν
3373 2915 3637 2987 ἀφόρητον
3659 2932 3675 2981 ;
3698 2914 3845 2979 Πῶς

2156 2992 2268 3065 γάρ
2304 2992 2371 3047 ἂν
2397 2992 2635 3064 ἠδυνήθη
2665 2992 2768 3048 κᾶν
2802 2992 2939 3064 πρὸς
2966 2992 3141 3066 βραχὺ
3172 2997 3479 3068 ἀντισχεῖν;
3509 2998 3622 3067 οὐχί⁵
3643 2997 3701 3050 δὲ
3736 2998 3844 3051 εὑ-

2156 3074 2297 3139 θέως
2317 3077 2383 3128 ἐκ
2405 3074 2629 3146 πρώτης
2655 3074 2833 3145 θψεως
2863 3076 2931 3130 ἀν
2951 3077 3144 3148 ἐξέστη
3162 3077 3261 3149 τῆς
3289 3078 3468 3150 ψυχῆς
3491 3078 3845 3148 ἀποστάσης,

2158 3159 2256 3212 καὶ
2296 3157 2494 3229 μηκέτι
2535 3156 2860 3227 δυνηθείσης
2896 3160 3143 3227 ἐνεγκεῖν
3190 3158 3301 3213 τῶν
3338 3160 3602 3214 τοσούτων
3634 3160 3843 3214 δεινῶν

2156 3239 2259 3310 τὴν
2299 3237 2464 3304 θέαν;
2507 3238 2708 3292 Ἐννόει
2741 3238 2854 3311 γάρ
2886 3257 2999 3311 μοι,
3033 3241 3305 3312 ἀγαπητὲ,
3340 3242 3459 3305 πῶς
3490 3241 3583 3297 νῦν
3621 3245 3841 3313 μικρᾶς

2159 3321 2465 3394 ἐπομϐρίας
2492 3323 2789 3394 γενομένης
2812 3322 3095 3392 ἐναγώνιοι
3113 3324 3399 3396 γινόμεθα,
3425 3327 3550 3397 περὶ
3568 3324 3658 3379 τοῦ
3688 3344 3847 3381 παν-

2158 3405 2251 3470 τὸς
2284 3405 2624 3476 δεδοίκαμεν,
2658 3406 2789 3477 περὶ
2826 3406 3025 3476 αὐτῆς,
3057 3406 3134 3472 ὡς
3161 3408 3357 3474 είπεῖν,
3377 3408 3478 3479 τῆς
3505 3408 3647 3479 ζωῆς
3678 3410 3841 3464 ἀπα-

2159 3482 2481 3560 γορεύομεν.
2517 3489 2584 3542 Τί
2618 3489 2799 3543 τοίνυν
2830 3489 2979 3553 είκὸς
3022 3485 3091 3561 ῆν
3115 3490 3206 3546 τὸν
3238 3490 3445 3545 δίκαιον
3473 3494 3674 3547 ἐκεῖνον
3702 3494 3840 3548 τϐτε

2160 3572 2354 3626 παθεῖν
2376 3573 2515 3643 πρὸς
2547 3570 2802 3625 τοσοῦτον
2831 3571 2966 3642 ὕψος
2998 3572 3211 3644 ὁρῶντα
3255 3574 3326 3626 τὰ
3361 3573 3530 3627 ὕδατα
3559 3577 3845 3645 κορυφοῦ-

2164 3671 2336 3725 μενα;
2378 3652 2606 3709 Ἐπάνω
2636 3653 2771 3724 γὰρ,
2811 3654 2965 3726 φησι,
2996 3653 3114 3709 τῶν
3135 3656 3322 3725 ὁρέων
3349 3656 3671 3712 δεκαπέντε
3709 3659 3841 3729 πή-

2163 3754 2290 3804 χεις
2310 3735 2522 3805 ὑψώθη
2553 3735 2618 3790 τὸ
2644 3735 2821 3806 ὕδωρ.
2864 3737 3268 3808 ’Δναμνήσθητί
3302 3754 3393 3809 μοι
3418 3738 3664 3805 ἐνταῦθα,
3690 3741 3840 3808 ἀγα-

2163 3820 2321 3889 πητέ,
2349 3819 2461 3873 τῶν
2485 3819 2636 3890 παρὰ
2660 3819 2755 3873 τοῦ
2781 3819 3053 3874 Δεσπότου
3077 3820 3371 3893 ῥηθέντων,
3392 3822 3482 3876 ὅτε
3505 3822 3685 3890 ἔλεγεν
3703 3839 3717 3852 ·
3743 3826 3839 3879 οὑ

2154 3901 2243 3973 μὴ
2298 3903 2626 3973 καταμείνῃ
2675 3904 2743 3957 τὸ
2787 3903 3032 3973 Πνεῦμά
3059 3920 3182 3973 μου
3222 3905 3294 3959 ἐν
3342 3905 3463 3973 τοῖς
3500 3903 3843 3974 ἀνθρώποις

2161 3987 2418 4052 τούτοις,
2465 3985 2564 4040 διὰ
2610 3985 2679 4041 τὸ
2720 3981 2876 4041 εἶναι
2926 3986 3150 4055 αὐτοὺς
3192 3987 3451 4058 σάρκας·
3497 3989 3589 4042 καὶ
3626 3988 3797 4041 πάλιν
3820 4006 3838 4019 ο

2174 4069 2488 4139 Ἐφθάρηή
2526 4067 2626 4141 γῆν
2656 4070 2754 4124 καὶ
2783 4069 3061 4140 ἐπλήσθη
3097 4073 3138 4141 ἡ
3175 4069 3253 4142 γῆ
3286 4069 3400 4142 τῆς
3422 4071 3670 4136 ἀδικίας
3711 4072 3837 4138 καὶ.

2161 4150 2303 4209 Εῖὸε
2320 4155 2541 4223 Κύριος
2563 4152 2678 4222 τὴν
2696 4152 2835 4223 γῆν,
2852 4153 2952 4208 καί
2975 4149 3057 4225 ἦν
3085 4155 3558 4225 κατεφθαρμένῃ,
3581 4154 3669 4208 ὅτι
3690 4171 3843 4208 κατ-
3897 4188 3908 4198 -

2160 4238 2396 4308 ἔφθειρε
2433 4234 2603 4293 πᾶσα
2642 4236 2800 4307 σὰρξ
2852 4237 2971 4306 τὴν
3006 4237 3151 4293 ὁδὸν
3191 4237 3403 4308 αὐτῆς.
3460 4239 3609 4294 Ἐπεὶ
3649 4239 3841 4293 τοίνυν

2160 4321 2456 4392 ὁλοκλήρου
2483 4319 2782 4390 καθαρσίου
2811 4319 2981 4374 ἐδεῖτο
3007 4323 3041 4392 ή
3074 4323 3390 4395 οἰκουμένη,
3424 4326 3520 4378 καὶ
3547 4322 3711 4394 ἐχρῆν
3738 4323 3847 4377 αὑ-

2161 4405 2260 4475 τὴν
2293 4402 2509 4457 ἅπαντα
2535 4400 2627 4455 τὸν
2664 4401 2836 4470 ῥύπον
2864 4402 3343 4475 ἀποκαθάρασθαι,
3383 4406 3479 4458 καὶ
3513 4404 3611 4476 τὴν
3645 4404 3840 4477 ζύμην

2162 4485 2382 4539 ἃπασαν
2422 4486 2523 4556 τῆς
2571 4484 2950 4556 προλαϐούσης
2998 4488 3263 4557 πονηρίας
3311 4488 3697 4559 ἀναιρεθῆναι,
3740 4494 3839 4544 καὶ

2165 4568 2303 4640 μηδὲ
2333 4568 2479 4639 ἴχνος
2523 4568 2625 4637 τῆς
2670 4569 2868 4631 κακίας
2909 4570 3324 4642 ἀπολειφθῆναι,
3363 4569 3836 4642 ἀλλ’ὥσπεράνα-

2163 4653 2500 4723 στοιχείωσιν
2539 4669 2662 4704 τινα
2698 4652 2973 4721 γενέσθαι,
3014 4652 3264 4727 καθάπερ
3302 4656 3552 4728 τεχνίτης
3590 4657 3835 4727 ἀριστος,

2161 4737 2381 4791 ἐπειδὰν
2405 4736 2548 4807 λάϐῃ
2568 4734 2761 4801 σκεῦος
2791 4737 2898 4790 ὑπὸ
2924 4736 3020 4790 τοῦ
3056 4738 3250 4809 χρόνου
3275 4740 3585 4793 Μλαιωθέν
3614 4740 3708 4792 καὶ
3738 4758 3837 4793 κα-

2159 4818 2535 4888 ταδαπανηθέν
2558 4859 2573 4881 ,
2601 4817 2679 4880 ὡς
2729 4820 2933 4884 είπεῖν,
2962 4819 3070 4873 ὑπὸ
3100 4820 3195 4874 τοῦ
3229 4822 3331 4885 ίοῦ,
3375 4822 3470 4875 καὶ
3496 4825 3575 4886 εἰς
3611 4823 3674 4875 τὸ
3722 4822 3837 4894 πῦρ

2162 4902 2318 4977 [ἓόθ]
2348 4901 2622 4973 ἐμϐαλὼν,
2643 4903 2740 4955 καὶ
2762 4905 3189 4974 παρασκευάσας
3214 4905 3391 4959 πάντα
3413 4908 3506 4960 τὸν
3533 4908 3611 4961 ίὸν
3634 4907 3837 4960 ἀποθέ-

2162 4988 2307 5047 σθαι,
2333 4984 2696 5057 μεταπλάττει
2720 4986 2813 5039 καὶ
2829 4989 3245 5055 μετασκευάζει,
3266 4991 3361 5043 καὶ
3376 4990 3456 5053 είς
3480 4992 3581 5061 τὴν
3601 4992 3838 5062 ἀρχαίαν

2161 5070 2464 5142 εὐμορφίαν
2493 5068 2791 5136 ἐπανάγει’
2830 5068 2977 5123 οὕτω
3013 5074 3107 5125 καὶ
3138 5074 3168 5124 ό
3211 5075 3487 5145 Δεσπότης
3506 5078 3537 5129 ὸ
3565 5077 3837 5146 ἡμέτερος

2161 5155 2381 5210 ἀπασαν
2420 5155 2521 5225 τὴν
2547 5154 2874 5225 οἰκουμένην
2908 5153 3001 5207 διὰ
3034 5155 3130 5209 τοῦ
3156 5157 3277 5210 τότε
3316 5158 3704 5229 κατακλυσμοῦ
3736 5176 3838 5212 κα-

2162 5238 2357 5309 θάρας,
2386 5238 2483 5293 καὶ
2507 5238 2584 5302 ὡς
2614 5239 2811 5303 εἰπεῖν,
2846 5238 3222 5311 ἐλευθερώσας
3251 5242 3352 5312 τῆς
3380 5242 3582 5304 κακίας
3602 5242 3715 5295 τῶν
3742 5243 3839 5295 ἀν-

2163 5322 2418 5393 θρώπων,
2447 5321 2545 5376 καὶ
2561 5320 2658 5374 τοῦ
2690 5320 2995 5392 μολυσμοῦ.
3012 5322 3109 5375 καὶ
3134 5323 3236 5392 τῆς
3264 5323 3472 5395 φθορᾶς
3490 5324 3591 5393 τῆς
3612 5323 3836 5392 πολλῆς,

2162 5405 2551 5478 λαμπροτέραν
2590 5403 2761 5474 αὐτὴν
2797 5404 3209 5473 ἀπειργάσατο,
3251 5406 3458 5459 ἀνωθεν
3496 5407 3629 5476 ἡμῖν
3656 5404 3839 5471 δείξας

2161 5489 2331 5557 αὑτῆς
2355 5486 2578 5557 φαιδρὸν
2619 5484 2684 5539 τὸ
2721 5486 3036 5556 πρόσωπον,
3084 5488 3179 5540 καὶ
3220 5488 3280 5540 οὑ
3311 5490 3676 5560 συγχωρήσας
3711 5487 3838 5541 οὐδὲ

2163 5571 2310 5640 ἴχνος
2346 5569 2449 5639 τῆς
2486 5567 2760 5638 προτέρας
2789 5567 3070 5638 ἀμορφίας
3102 5570 3547 5641 καταλειφθῆναι.
3582 5570 3835 5639 Ὑψώθη,

2037 5708 2054 5724 ,
2162 5654 2349 5722 φησὶν,
2368 5650 2571 5706 ἐπάνω
2600 5649 2721 5704 τῶν
2747 5650 2934 5718 ὀρέων
2956 5649 3284 5707 (Suam
3310 5652 3527 5722 πήχεις
3560 5653 3626 5705 τὸ
3653 5651 3835 5719 ὕδωρ.

2162 5738 2274 5803 Οὐχ
2300 5734 2486 5797 ἀπλῶς
2510 5735 2644 5803 ἡμῖν
2663 5733 2839 5787 ταῦτα
2868 5734 3135 5803 διηγεῖται
3164 5737 3199 5806 ὴ
3231 5736 3445 5807 Γραφὴ,
3466 5735 3580 5790 ἀλλ’
3609 5736 3699 5788 ἵνα
3724 5734 3833 5805 μά-

2162 5818 2369 5888 θωμεν,
2406 5819 2490 5871 ὅτι
2516 5819 2578 5870 οὑ
2623 5818 2786 5887 μόνον
2814 5816 3114 5887 ἂνθρωποι,
3144 5818 3241 5871 καὶ
3284 5820 3479 5889 κτήνη,
3504 5819 3603 5871 καὶ
3636 5816 3835 5888 τετρό-

2162 5901 2317 5969 ποδα,
2340 5900 2433 5953 καὶ
2474 5899 2681 5970 ἑρπετά
2706 5898 3013 5969 ὑποϐρύχια
3044 5900 3288 5967 γέγονεν,
3335 5900 3473 5954 ἀλλά
3513 5901 3608 5954 καί⁵
3633 5900 3700 5954 τὰ
3738 5913 3835 5952 τιε-

2223 6039 2245 6066 ‘
2274 6041 2373 6094 Alii
2414 6054 2524 6091 cum
2550 6040 2680 6093 Bibl.
2710 6042 2790 6089 καὶ
2826 6039 3117 6103 ἐπεκάλυψεν
3142 6043 3345 6091 ἅπαντα.
