4078 6430
430 352 534 411 225

430 472 634 541 (Hebr.
663 470 750 527 il.
784 469 814 523 7
839 467 880 538 ).
917 461 1100 521 Vidisti
1129 454 1396 532 quomodo
1424 454 1555 511 ﬁdes
1582 455 1633 509 in
1662 453 1827 509 Deum
1857 464 2007 522 quast

428 579 617 623 secura
644 561 887 633 qutedam
915 555 1165 620 anchora,
1195 550 1338 614 fecit,
1370 555 1432 604 ut
1455 561 1631 601 arcam
1656 543 1888 600 construi
1915 556 2013 597 cu-

428 666 575 715 raret
598 697 615 723 ,
644 632 698 710 et
722 653 838 722 ejus
870 645 1247 704 habitationem
1275 638 1602 696 sustineret?
1626 636 1757 693 Nam
1791 635 1906 688 haec
1941 632 2014 688 illi

429 762 485 805 et
512 747 701 805 salutis
727 745 825 799 luit
851 740 1083 803 occasio,
1115 737 1219 792 Per
1239 751 1392 806 quam
1411 774 1427 801 ,
1460 730 1649 801 inquit,
1672 725 2016 783 condemnavit

430 843 698 907 mundum,
725 848 772 893 et
790 837 901 909 ejus
926 849 1037 905 quat
1055 829 1331 887 secundum
1353 824 1506 897 ﬁdem
1526 832 1597 877 est
1613 820 1828 893 justitia:
1853 820 2017 890 factus

429 944 505 991 est
545 934 685 989 heres
712 946 732 985 :
760 944 865 984 non
904 924 1045 997 quod
1070 923 1185 994 ipse
1223 919 1382 975 fuerit
1419 915 1580 987 judex
1604 954 1620 982 ,
1666 910 1761 967 sed
1787 910 1908 980 quia
1952 922 2018 962 ex

432 1021 835 1095 comparatione
893 1013 1394 1074 condemnationem
1456 1006 1709 1062 Dominus
1769 1000 2015 1057 inducit:

430 1135 556 1176 cum
598 1117 743 1173 enim
771 1112 958 1170 eadem
998 1107 1279 1164 habuerint
1306 1118 1423 1173 qua:
1465 1101 1642 1171 justus
1667 1140 1679 1162 ,
1709 1111 1814 1150 non
1843 1103 2019 1148 tamen

436 1212 685 1268 eamdem
731 1205 943 1262 virtutis
989 1202 1128 1257 viam
1158 1197 1382 1267 ingressi
1411 1201 1535 1248 sunt
1565 1208 1580 1246 :
1615 1205 1707 1260 per
1737 1187 1892 1242 ﬁdem
1917 1197 2019 1254 qua

436 1304 689 1378 pra-ditus
715 1300 832 1366 fuit,
858 1291 1233 1353 condemnavit
1264 1302 1358 1344 eos
1386 1286 1473 1356 qui
1496 1291 1655 1338 tantae
1693 1279 1906 1333 fuerunt
1937 1275 2020 1328 in-

432 1370 760 1453 credulitatis
776 1429 794 1457 ,
821 1396 882 1443 ut
906 1382 1231 1456 pra‘dictioni
1259 1393 1363 1433 non
1389 1375 1685 1431 crederent.
1708 1370 1820 1439 Ego
1844 1377 2021 1421 autem

432 1500 558 1542 cum
580 1483 698 1539 aliis
722 1480 969 1536 omnibus
996 1477 1245 1530 virtutem
1272 1471 1431 1524 etiam
1458 1465 1587 1536 justi
1614 1462 1851 1517 admiror
1870 1499 1884 1522 ,
1916 1457 2020 1511 Do-

434 1638 646 1741 quando
671 1662 952 1721 considam
980 1655 1246 1730 quomodo
1271 1650 1498 1724 potuerit
1540 1644 1740 1701 versari
1766 1642 1821 1698 in
1848 1638 2025 1696 medio

442 1738 727 1816 bestiarum
752 1795 768 1820 ,
814 1753 1028 1808 leonum
1075 1747 1193 1803 dico
1217 1786 1231 1809 ,
1267 1741 1552 1814 pardornm
1578 1778 1594 1805 ,
1636 1748 1881 1790 ursorum
1904 1771 1924 1800 ,
1971 1738 2026 1787 et

435 1851 658 1906 aliarum
683 1844 962 1901 immitium
992 1839 1242 1895 ferarum.

510 1940 628 1996 Noe
666 1936 880 1995 restituit
928 1931 1062 2003 quod
1102 1929 1268 1984 Adam
1309 1924 1600 1980 abstulerat.
1626 1949 1697 1960 --
1722 1914 2024 1973 Recordare

438 2035 548 2099 die,
576 2031 792 2095 dilecte,
823 2026 1071 2088 obsecro,
1096 2025 1311 2090 quanta:
1336 2012 1606 2086 dignitatis
1638 2009 1793 2064 fuerit
1823 2007 2025 2076 primus

438 2096 603 2183 homo
644 2133 770 2179 ante
812 2114 1226 2175 inobedientiam
1254 2128 1268 2165 :
1300 2118 1354 2164 et
1394 2107 1490 2162 Dei
1519 2103 1809 2160 bonitatem
1846 2096 2026 2152 animo

436 2222 692 2279 observa.
722 2215 1075 2282 Posteaquam
1119 2205 1264 2262 enim
1308 2201 1451 2256 illius
1477 2192 1842 2276 praevaricatio
1888 2189 2026 2244 hanc

439 2319 759 2385 potestatem
789 2305 942 2361 nobis
982 2301 1163 2356 datam
1205 2294 1574 2352 imminuerat,
1625 2284 1825 2341 invenit
1849 2288 2023 2335 autem

441 2374 618 2462 bonus
644 2401 898 2456 Dominus
923 2394 1083 2449 alium
1107 2390 1299 2448 virum,
1323 2383 1412 2455 qui
1434 2380 1600 2452 potuit
1621 2389 1871 2447 reparare
1899 2374 2028 2428 ima-

438 2497 622 2569 ginem
649 2489 947 2563 pristinam,
970 2491 1025 2538 ct
1052 2494 1266 2538 servare
1295 2473 1503 2530 virtutis
1529 2471 1885 2532 characteres,
1918 2478 2027 2518 ma-

441 2556 710 2659 gnamque
743 2583 794 2636 in
826 2575 1091 2635 mandatis
1119 2571 1212 2631 Dei
1242 2564 1607 2627 obedientiam
1637 2576 1749 2632 pra:
1787 2556 2027 2659 ste-tulit;

439 2648 640 2734 iterum
661 2674 727 2730 ad
752 2672 977 2744 primum
1000 2667 1257 2721 honorem
1274 2673 1395 2717 eum
1421 2654 1647 2721 reducit,
1667 2650 1814 2723 quasi
1833 2648 2032 2704 docens

445 2782 550 2825 nos
574 2738 842 2837 operibus,
869 2765 1120 2830 quantam
1147 2757 1462 2823 potestatem
1493 2745 1662 2800 Adam
1691 2750 1814 2796 ante
1841 2738 2030 2793 inobe-

445 2832 700 2914 dientiam
731 2850 997 2907 habuerit.
1023 2845 1204 2902 Virtus
1231 2841 1411 2909 itaque
1430 2836 1558 2907 justi
1589 2834 1766 2890 divina
1792 2832 2032 2888 clemen-

451 2954 524 3010 tia
570 2948 749 3018 adjuta
794 2943 1019 3015 primum
1062 2932 1328 3006 reparavit
1368 2927 1701 2991 dominium,
1747 2922 2036 2992 bestimque

453 3011 653 3101 iteruni
672 3011 1059 3108 subjectionem
1099 3030 1448 3099 agnoverunt.
1478 3018 1610 3075 Cum
1642 3017 1784 3073 enim
1826 3014 1930 3069 illae
1957 3011 2035 3066 vi-

450 3137 630 3193 derint.
661 3133 860 3204 justum
886 3167 902 3192 ,
932 3121 1316 3179 obliviscuntur
1356 3121 1559 3170 naturae
1589 3125 1700 3165 sua:
1729 3126 1742 3164 :
1772 3107 1881 3162 imo
1929 3118 2034 3160 non

452 3198 693 3293 naturae,
717 3223 815 3280 sed
837 3217 1162 3281 ferociae;et
1198 3218 1400 3266 natura
1428 3207 1636 3261 insitam
1682 3201 1939 3257 feritatem
1985 3198 2036 3252 in

454 3289 912 3378 mansuetudinem
961 3312 1298 3365 convertunt.
1345 3300 1413 3355 Et
1458 3295 1577 3352 vide
1625 3290 1892 3364 quomodo
1941 3289 2040 3341 hoc

456 3417 628 3487 ipsum
670 3405 875 3464 Danieli
901 3398 1139 3458 evenerit
1166 3393 1340 3470 (Dan.
1372 3390 1425 3447 6.
1462 3384 1723 3487 ᾔει-ωε
1748 3381 1889 3485 enim
1919 3393 2039 3433 cum

454 3475 493 3560 εί
520 3500 761 3558 leonibus
783 3491 1223 3555 circumdaretur,
1255 3481 1408 3554 quasi
1428 3479 1495 3534 ab
1519 3477 1707 3533 ovibus
1732 3475 2040 3543 stiparetur,

456 3596 537 3652 sic
564 3587 827 3660 intrepide
857 3582 1049 3655 agebat
1081 3598 1093 3633 :
1124 3571 1554 3649 quandoquidem
1591 3567 1718 3638 justi
1749 3564 1937 3619 ﬁducia
1966 3561 2045 3618 fe-

457 3700 639 3743 rarum
681 3689 923 3736 naturam
966 3670 1247 3735 frenabat,
1279 3680 1377 3721 nec
1401 3662 1609 3718 sinebat
1636 3667 1692 3714 at
1719 3665 1940 3728 agerent
1981 3668 2042 3708 ea

457 3793 580 3850 qua:
606 3775 731 3831 ferte
759 3770 951 3826 solent.
978 3763 1147 3821 Simili
1177 3760 1335 3816 modo
1357 3757 1517 3813 etiam
1545 3751 1790 3823 egregius
1814 3750 1902 3804 ille
1929 3761 2045 3801 ma-

457 3847 562 3942 gna
606 3864 855 3921 facilitate
894 3859 1124 3924 ferarum
1168 3851 1371 3909 ferebat
1412 3847 1711 3904 convictum
1735 3884 1752 3909 ,
1783 3851 1837 3898 et
1877 3853 2050 3909 neque

460 3930 562 4017 inci
590 3956 845 4027 angustia,
871 3964 1045 4021 neque
1065 3943 1320 4015 temporis
1336 3939 1697 4002 diuturnitate,
1715 3949 1887 4005 neque
1909 3930 2050 4027 quod

461 4055 543 4112 sic
573 4050 806 4107 inclusus
831 4051 974 4100 esset
1009 4053 1066 4095 ut
1096 4051 1275 4093 aerem
1307 4033 1573 4102 respirare
1612 4044 1716 4084 non
1745 4034 1920 4097 posset
1947 4063 1964 4090 ,
1996 4022 2050 4077 in

463 4157 732 4215 torporem
761 4149 816 4195 et
836 4149 1086 4192 nauseam
1112 4134 1225 4202 ipse
1250 4125 1661 4195 conjiciebatur:
1684 4120 1776 4176 sed
1797 4119 1868 4175 ob
1894 4117 2053 4173 ﬁdem

463 4240 520 4294 in
552 4210 716 4291 Deum
743 4230 919 4286 omnia
947 4225 1044 4299 ipsi
1075 4222 1251 4278 facilia
1281 4217 1599 4273 videbantur
1620 4256 1635 4280 ,
1670 4220 1725 4267 ct
1764 4210 1844 4265 sic
1868 4221 2048 4264 versa-

462 4331 620 4385 batur
643 4328 694 4382 in
726 4332 865 4379 tetro
894 4320 986 4375 illo
1011 4330 1246 4379 carcere,
1271 4313 1407 4366 sicut
1430 4323 1528 4364 nos
1550 4311 1602 4362 in
1625 4304 1789 4376 pratis
1815 4311 1869 4359 et
1898 4301 2050 4355 lucis.

464 4425 799 4489 Praeceptum
836 4413 979 4470 enim
1010 4407 1218 4465 Domini
1250 4401 1550 4467 efﬁciebat,
1591 4408 1648 4454 ut
1675 4394 1911 4452 difﬁcilia
1953 4388 2053 4463 ipsi

463 4512 641 4571 facilia
682 4509 1010 4565 viderentur.
1038 4501 1183 4557 Talis
1215 4496 1357 4554 enim
1388 4494 1652 4565 justorum
1697 4501 1813 4542 mos
1838 4494 1922 4540 est
1945 4524 1960 4543 .
2002 4490 2060 4538 ut

464 4606 682 4681 quando
704 4599 903 4672 aliquid
930 4604 1141 4668 pr0ptcr
1163 4593 1328 4648 Deum
1358 4589 1649 4658 patiuntur,
1678 4597 1784 4636 non
1807 4592 1892 4681 res
1918 4579 2059 4646 ipsas

464 4671 587 4773 qua:
615 4699 746 4753 ﬁunt
771 4671 1012 4764 spectent
1037 4730 1050 4754 ,
1082 4685 1175 4743 sed
1203 4696 1416 4740 causam
1448 4692 1627 4734 secum
1655 4671 2019 4743 expendentes
2040 4709 2055 4735 ,

469 4762 626 4849 facile
651 4762 828 4845 omnia
857 4784 1046 4839 ierant.
1068 4771 1502 4848 Quandoquidem
1525 4778 1578 4824 et
1596 4767 1805 4831 Paulus,
1822 4762 2059 4834 gentium

473 4884 680 4945 doctor,
698 4875 933 4942 vincula,
955 4871 1021 4927 ad
1040 4865 1323 4925 tribunalia
1351 4860 1719 4921 abductiones,
1750 4852 2060 4925 quotidiana

470 4971 708 5044 pericula
737 5010 750 5032 ,
800 4966 993 5021 multas
1035 4961 1155 5016 illas
1194 4965 1250 5012 ct
1294 4950 1661 5010 intolerabiles
1706 4946 2058 5008 aiﬁictiones,

472 5035 619 5122 leves
644 5058 866 5116 vocabat
892 5072 910 5123 ;
937 5070 1040 5109 non
1062 5050 1201 5123 quod
1231 5057 1419 5103 natura
1447 5044 1580 5100 tales
1599 5050 1798 5109 essent,
1822 5039 1914 5094 sed
1939 5035 2065 5107 quia

472 5171 655 5221 causa,
685 5160 901 5224 propter
926 5162 1082 5218 quam
1114 5141 1428 5199 accidebant
1447 5179 1461 5203 ,
1493 5137 1647 5192 talem
1674 5135 1720 5189 ei
1747 5130 2062 5190 sententiam

473 5245 822 5316 ingenerabat
841 5282 855 5306 ,
886 5251 944 5294 ut
971 5251 1144 5306 neque
1171 5234 1506 5298 adverteret,
1536 5229 1580 5283 si
1606 5242 1711 5298 qua
1731 5224 1909 5297 gravia
1943 5224 2064 5279 talia

475 5335 812 5391 obveuirent.
843 5328 980 5385 Audi
1008 5327 1150 5382 enim
1180 5324 1326 5378 illum
1346 5320 1613 5377 dicentem
1637 5335 1651 5372 :
1677 5316 2065 5376 Nam,momen-

479 5439 627 5482 tanea
644 5425 816 5479 levitas
836 5417 1116 5491 aﬂlictionis
1149 5423 1354 5479 nostra,
1374 5412 1501 5465 mire
1518 5425 1676 5478 supra
1694 5405 1899 5461 inodum
1918 5412 2067 5458 teter-

479 5536 601 5575 num
630 5498 828 5588 pondus
856 5513 1033 5585 gloria
1066 5515 1301 5580 aperatur
1331 5506 1386 5560 in
1412 5503 1553 5558 nobis
1586 5500 1679 5573 (2.
1706 5500 1824 5556 Cor.
1854 5499 1907 5553 4.
1940 5498 2000 5551 l7
2025 5494 2067 5568 ).

475 5608 846 5681 Esspectatio,
876 5604 1061 5674 inquit,
1092 5599 1274 5672 gloriae
1297 5611 1453 5667 quam
1476 5605 1841 5661 assequemur,
1870 5595 1925 5643 et
1951 5603 2071 5657 per-

486 5676 656 5775 petua:
687 5699 828 5755 illius
847 5693 1111 5752 feliciuttis
1137 5690 1189 5747 id
1216 5690 1325 5759 agit
1350 5695 1407 5741 ut
1431 5684 1616 5740 leviter
1641 5687 1872 5736 l'eramus
1900 5676 2072 5733 conti-

481 5769 622 5848 nuas
644 5790 759 5845 illas
785 5785 1119 5853 atllictiones_
1144 5781 1391 5850 levesque
1411 5776 1529 5834 illas
1549 5774 1859 5831 habeamus.
1885 5769 2072 5825 Vidisti

1589 338 1744 394 CAP.
1788 336 1898 395 VII.
1941 335 2184 394 GENES.
2227 335 2457 392 IIOMIL.
2503 336 2673 391 XXV.

3605 337 3706 392 226

2122 448 2388 519 quomodo
2424 464 2575 505 amor
2605 448 2658 504 in
2687 448 2852 503 Deum
2875 456 3187 520 gravitatem
3216 447 3579 503 molestiarum
3604 449 3705 504 im-

2120 541 2338 607 minuit,
2369 556 2541 611 neque
2580 542 2706 596 sinit
2737 549 2793 596 ut
2820 541 2927 596 ullo
2956 556 3140 609 earum
3179 554 3339 595 sensu
3367 541 3707 597 aﬂiciamur't

2131 633 2273 689 Sane
2302 634 2373 688 ob
2405 635 2505 689 hoc
2546 645 2597 689 et
2635 634 2821 689 beatus
2864 634 2953 689 ille
2990 634 3168 689 omnia
3208 635 3442 689 suaviter
3470 633 3668 689 ferebat
3691 674 3707 698 ,

2122 733 2306 794 utpote
2332 725 2420 793 qui
2448 724 2550 780 ﬁde
2572 733 2740 794 etspc
2768 726 2818 780 ia
2850 724 3016 780 Deum
3050 724 3381 795 pascebatur.
3418 724 3483 779 Et
3506 725 3710 791 clausit,

2122 816 2311 888 inquit,
2336 816 2583 873 Dominus
2598 815 2739 873 Deus
2754 816 2944 887 deforis
2965 816 3100 870 illius
3120 833 3311 871 arcum.
3332 817 3417 871 l7.
3435 814 3503 869 Et
3524 818 3712 888 factum

2124 918 2197 964 est
2222 908 2471 964 diluvium
2493 909 2833 981 quadraginta
2858 908 3030 965 diebus
3050 918 3098 963 et
3116 908 3454 983 quadraginta
3482 909 3708 963 noctibus

2125 1013 2276 1069 super
2312 1007 2502 1054 terram
2526 1014 2544 1052 :
2569 1008 2617 1053 et
2640 999 3050 1070 superferebatur
3076 1015 3217 1053 arca.
3252 997 3481 1054 Attende
3525 999 3715 1053 iterum

2126 1090 2393 1159 quomodo
2422 1093 2724 1147 narratione
2772 1098 2963 1161 augeat
3011 1100 3270 1146 terrorem
3296 1131 3311 1156 ,
3363 1099 3418 1145 et
3461 1098 3710 1159 aggravet

2127 1179 2343 1235 factum.
2373 1178 2587 1234 Factum
2607 1192 2677 1236 est
2698 1183 2861 1245 enim,
2897 1182 3084 1251 inquit,
3110 1181 3353 1234 diluvium
3383 1180 3717 1260 quadraginta

2125 1270 2300 1325 diebus
2326 1285 2375 1323 et
2404 1272 2741 1342 quadraginta
2768 1270 2992 1325 noctibus
3011 1312 3026 1343 ,
3051 1272 3368 1341 muliplicata
3396 1281 3468 1325 est
3492 1287 3643 1342 aqua,
3669 1281 3715 1324 et

2127 1360 2331 1415 elevavit
2369 1376 2573 1427 arcam,
2599 1370 2645 1415 et
2674 1362 2895 1415 exaltata
2927 1372 3000 1416 est
3034 1378 3066 1415 a
3094 1371 3247 1416 terra.
3293 1362 3380 1418 18.
3409 1360 3476 1414 Et
3506 1361 3716 1417 invaluit

2127 1466 2276 1520 aqua,
2308 1462 2353 1504 et
2381 1451 2718 1522 multiplicata
2744 1462 2815 1506 est
2837 1452 2981 1507 valde
3002 1469 3153 1521 super
3184 1463 3391 1519 terram,
3422 1460 3467 1506 et
3495 1453 3712 1523 superfe-

2127 1541 2330 1596 rcbatttr
2354 1558 2475 1596 arca
2500 1558 2652 1611 super
2674 1558 2884 1612 aquam;
2928 1542 3015 1597 i9.
3040 1559 3174 1613 aqua
3200 1554 3368 1597 autent
3388 1541 3716 1598 invalesctbat

2127 1630 2276 1685 valde
2313 1631 2625 1686 vehementer
2649 1648 2800 1702 super
2826 1641 3032 1686 terram.

2206 1722 2260 1779 6.
2306 1722 2438 1779 Vide
2467 1723 2737 1794 quomodo
2757 1723 3040 1793 diligenter
3068 1730 3251 1778 narrat
3279 1738 3521 1793 magnam
3552 1738 3690 1793 aqua

2129 1829 2247 1869 rum
2276 1815 2404 1882 vim,
2431 1823 2486 1869 et
2510 1814 2875 1885 quotidianum
2903 1813 3287 1868 exundantium
3317 1813 3523 1867 illarum
3550 1813 3725 1868 incre-

2129 1913 2390 1961 mentum.
2418 1903 2765 1961 Invalescebat
2791 1905 2934 1960 enim
2976 1921 3110 1975 aqua
3131 1947 3147 1974 ,
3171 1905 3372 1976 inquit,
3404 1904 3551 1959 valde
3584 1905 3727 1960 velte-

2130 2006 2321 2052 menter
2347 2013 2366 2051 .'
2393 2006 2439 2051 et
2465 1997 2726 2067 occupavit
2753 2012 2924 2051 omnes
2948 2007 3140 2050 montes
3168 1996 3393 2051 excelsos
3409 2035 3426 2065 ,
3470 1997 3561 2067 qui
3584 2005 3726 2051 erant

2134 2087 2225 2142 sub
2250 2088 2397 2143 ctelo.
2431 2088 2523 2144 20.
2552 2086 2849 2154 Quindecim
2874 2085 3054 2141 cubitis
3082 2087 3134 2140 in
3158 2086 3372 2141 sublime
3397 2088 3624 2141 exaltata
3651 2097 3727 2143 est

2130 2196 2281 2250 aqua,
2310 2190 2360 2234 et
2395 2180 2592 2249 aperuit
2623 2195 2797 2233 omnes
2823 2188 3035 2233 montes.
3065 2177 3255 2233 Merito
3284 2176 3552 2233 ordinavit
3576 2177 3726 2233 beni-

2130 2286 2269 2341 gnus
2293 2271 2548 2326 Dominus
2568 2270 2742 2326 claudi
2774 2284 2972 2337 arcam,
3004 2278 3059 2323 ut
3085 2285 3153 2325 ne
3182 2267 3384 2324 videret
3404 2269 3581 2339 justus
3608 2286 3729 2340 quze

2133 2363 2350 2420 ﬁebant.
2397 2361 2531 2418 Nam
2573 2363 2618 2417 si
2647 2377 2748 2417 nos
2776 2370 2895 2432 post
2929 2370 3005 2418 tot
3029 2376 3289 2417 annorum
3318 2376 3598 2417 numerum
3620 2401 3635 2427 ,
3679 2370 3732 2416 ct

2140 2464 2262 2525 post
2289 2463 2366 2508 tot
2391 2453 2586 2509 saecula
2619 2452 2903 2508 audientes
2931 2451 3208 2507 dumtaxat
3234 2450 3523 2521 Scriptura:
3551 2466 3733 2506 narra-

2136 2545 2336 2601 tionem
2368 2556 2515 2600 metu
2554 2553 2608 2600 et
2634 2553 2852 2614 stupore
2896 2542 3219 2612 corripimur
3251 2560 3264 2598 :
3294 2541 3421 2612 quid
3447 2542 3735 2598 verisimile

2136 2647 2219 2695 est
2239 2638 2442 2708 justum
2483 2637 2629 2692 illum
2675 2634 2843 2692 fuisse
2880 2649 3204 2705 passurum,
3232 2633 3277 2689 si
3320 2632 3537 2703 quidem
3567 2630 3736 2689 oculis

2134 2730 2358 2787 vidisset
2380 2728 2775 2791 intolerabilem,
2800 2728 2943 2781 illam
2967 2725 3263 2797 abyssum?
3286 2724 3569 2792 Quomodo
3592 2725 3735 2779 enim

2139 2821 2397 2894 potuisset
2424 2820 2508 2874 vel
2531 2819 2598 2875 ad
2622 2818 2785 2874 breve
2811 2826 3018 2887 tempus
3038 2814 3328 2872 resistere?
3354 2829 3532 2870 annon
3558 2814 3737 2869 statim

2141 2915 2313 2986 primo
2353 2921 2571 2983 aspectu
2611 2910 2896 2967 deiecisset
2939 2908 3118 2963 anima
3169 2907 3308 2963 illius
3355 2913 3460 2963 tota
3487 2946 3505 2975 ,
3549 2914 3605 2962 et
3631 2914 3736 2960 tam

2140 3020 2303 3077 grave
2347 3019 2411 3060 ac
2450 3003 2735 3060 molestum
2779 2999 3143 3071 spectaculum
3173 2996 3312 3054 ferre
3343 2997 3476 3052 ultra
3503 3010 3608 3051 non
3648 3010 3742 3065 po-

2144 3099 2330 3153 tuisset
2347 3096 2370 3150 ?
2389 3095 2575 3165 Cogita
2606 3106 2837 3163 namque
2864 3090 2950 3145 hic
2970 3131 2984 3158 ,
3031 3088 3222 3144 dilecte
3245 3129 3261 3157 ,
3309 3086 3577 3158 quomodo
3601 3100 3741 3141 nunc

2142 3204 2263 3245 cum
2293 3202 2487 3258 parvus
2533 3184 2707 3241 imber
2736 3183 2970 3254 ingruit,
3001 3183 3054 3236 in
3082 3195 3283 3251 angore
3312 3195 3495 3235 smnus
3525 3221 3541 3246 ,
3570 3190 3621 3234 et
3667 3177 3736 3233 de

2147 3282 2431 3347 universo,
2461 3278 2634 3348 deque
2658 3276 2774 3347 ipsa
2812 3272 3206 3345 quodammodo
3228 3272 3331 3327 vita
3367 3270 3732 3341 desperamus.

2145 3372 2282 3441 Quid
2322 3372 2480 3443 igitur
2504 3369 2796 3427 verisimile
2834 3375 2952 3423 erat
2987 3367 3190 3437 justum
3221 3365 3367 3420 illum
3410 3373 3534 3420 tunc
3579 3363 3744 3419 fuisse

2147 3478 2447 3534 passurum,
2473 3462 2518 3517 si
2539 3461 2606 3516 ad
2628 3468 2825 3514 tantam
2845 3458 3227 3514 sublimitatem
3250 3455 3470 3511 vidisset
3489 3453 3744 3510 exaltatas

2150 3568 2316 3624 aquas
2340 3554 2363 3605 ἱ)
2387 3551 2558 3621 Super
2584 3559 2776 3605 montes
2802 3548 2944 3603 enim
2964 3589 2980 3615 ,
3014 3547 3213 3617 inquit,
3241 3545 3528 3615 quindecim
3566 3543 3744 3598 cubitis

2150 3645 2371 3699 exaltata
2396 3652 2467 3697 est
2492 3658 2643 3713 aqua.
2676 3638 2977 3694 Recordare
3000 3639 3158 3708 igitur
3188 3637 3273 3692 hic
3296 3678 3311 3704 ,
3341 3636 3536 3691 dilecte
3559 3675 3574 3700 ,
3622 3650 3742 3690 ver-

2152 3735 2339 3791 borum
2368 3732 2599 3800 Domini,
2627 3731 2840 3802 quando
2868 3729 3079 3785 dicebat
3102 3746 3115 3782 :
3152 3726 3272 3783 Non
3291 3726 3599 3799 permanebit
3623 3725 3747 3796 Spi—

2152 3829 2279 3885 ritus
2301 3844 2442 3883 meus
2469 3829 2521 3880 in
2548 3823 2830 3879 hominibus
2861 3823 2969 3877 istis
2990 3864 3005 3889 ,
3035 3838 3093 3877 eo
3131 3820 3267 3892 quod
3298 3820 3397 3890 ipsi
3420 3828 3534 3873 sunt
3573 3834 3750 3872 carnes

2160 3922 2330 3996 (Gen.
2362 3922 2415 3978 6.
2439 3922 2473 3976 '5
2497 3919 2516 3990 )
2542 3936 2557 3985 ;
2581 3927 2633 3972 et
2661 3919 2852 3972 iterum
2877 3934 2893 3968 :
2921 3915 3173 3982 Corrupto
3202 3923 3273 3966 est
3296 3921 3448 3977 terra,
3471 3920 3517 3964 et
3544 3911 3751 3980 impleta

2156 4024 2227 4070 est
2274 4025 2407 4068 terra
2444 4010 2692 4082 injustitia
2724 4006 2902 4080 (Ibid.
2949 4022 2994 4061 v.
3035 4007 3158 4076 ll);
3188 4012 3242 4059 et
3266 4045 3281 4071 ,
3320 4002 3457 4057 Vidit
3498 4002 3748 4056 Dominus

2157 4116 2378 4172 terram,
2406 4113 2453 4158 et
2477 4113 2586 4157 erat
2627 4108 2866 4170 corrupta
2899 4114 2919 4154 .'
2956 4098 3075 4168 quia
3103 4104 3398 4164 corruperat
3426 4094 3589 4148 omnis
3631 4110 3751 4148 caro

2158 4201 2289 4254 viam
2319 4214 2464 4253 suam
2501 4197 2520 4268 (
2550 4194 2688 4250 Ibid.
2732 4210 2781 4248 v.
2828 4190 2967 4263 12).
3020 4190 3201 4259 Itaque
3236 4190 3357 4259 quia
3389 4188 3655 4242 communi
3698 4195 3753 4241 et

2161 4292 2363 4361 integra
2390 4286 2758 4358 puriﬁcatione
2784 4283 2931 4340 orbis
2960 4280 3260 4351 indigebat,
3292 4286 3347 4333 et
3374 4290 3508 4347 opus
3530 4286 3647 4332 erat
3685 4276 3754 4329 ab

2158 4400 2225 4442 eo
2244 4397 2456 4440 omnem
2478 4379 2740 4435 maculam
2767 4375 2931 4444 ablui,
2955 4382 3010 4431 et
3029 4387 3190 4428 omne
3215 4372 3531 4427 fermentum
3561 4369 3754 4439 prioris

2161 4477 2377 4535 malitia;
2405 4473 2634 4539 sustolli,
2664 4480 2719 4527 et
2757 4482 2930 4540 neque
2954 4465 3231 4537 vesdgium
3262 4463 3475 4517 malitia:
3500 4460 3753 4530 relinqui,

2163 4571 2259 4626 sed
2284 4569 2436 4640 quasi
2462 4567 2848 4623 elementorum
2880 4558 3276 4629 renovationem
3296 4553 3579 4626 quamdam
3599 4551 3713 4607 ﬁeri
3737 4568 3751 4603 :

2163 4662 2301 4718 sicut
2325 4660 2497 4716 bonus
2520 4656 2731 4723 artifex,
2764 4653 2809 4711 si
2838 4650 3051 4722 quando
3075 4649 3216 4705 videt
3248 4660 3341 4701 vas
3369 4643 3581 4714 aliquod
3610 4646 3757 4697 inve‘

2168 4760 2397 4809 teratum
2418 4765 2449 4805 a
2464 4747 2706 4818 rubigine
2725 4742 2876 4814 quasi
2896 4739 3158 4804 consumi,
3184 4737 3381 4806 injecto
3400 4750 3462 4790 eo
3485 4733 3536 4787 in
3557 4734 3751 4802 ignem,

2168 4846 2220 4902 id
2243 4856 2385 4901 curat
2412 4853 2467 4898 ut
2485 4839 2737 4912 quidquid
2766 4836 2926 4892 habet
2956 4832 3211 4901 rubiginis
3235 4829 3485 4898 deponat,
3505 4834 3560 4879 et
3581 4834 3752 4879 trans-

2167 4939 2454 4994 formatum
2485 4935 2537 4988 in
2569 4931 2846 5002 pristinum
2877 4916 3123 4982 decorem
3156 4920 3375 4977 reducat
3415 4936 3428 4972 :
3468 4918 3540 4972 ita
3569 4924 3624 4971 et
3658 4918 3755 4971 Du-

2168 5031 2345 5086 minus
2369 5034 2552 5081 noster
2577 5031 2748 5076 totum
2774 5021 2957 5074 orbem
2982 5016 3083 5070 hoc
3107 5012 3307 5068 diluvio
3335 5009 3609 5081 purgavit,
3638 5018 3692 5063 et
3720 5023 3750 5060 a

2170 5120 2367 5177 malitia
2390 5115 2687 5178 hominum,
2718 5119 2777 5167 ut
2803 5110 2874 5164 ita
2902 5108 3094 5168 dicam.
3124 5112 3179 5160 et
3207 5118 3234 5157 a
3257 5099 3687 5171 coinquinatione
3709 5106 3763 5153 et

2169 5211 2511 5280 corruptione
2532 5204 2694 5261 multa
2714 5199 2981 5265 liberavit,
3005 5206 3060 5252 et
3079 5195 3253 5251 denuo
3273 5192 3387 5263 ejus
3410 5190 3654 5247 restituta
3685 5188 3760 5243 la-

2170 5306 2274 5371 cie,
2295 5298 2650 5374 pulchriorem
2682 5293 2825 5357 fecit,
2850 5291 2919 5345 ita
2950 5296 3006 5342 ut
3034 5301 3138 5341 non
3162 5282 3463 5354 permiserit
3482 5280 3568 5335 vel
3598 5281 3762 5334 vesti-

2170 5373 2313 5468 gium
2346 5391 2535 5462 prioris
2555 5382 2905 5442 deformitatis
2923 5378 3170 5449 relinqui.
3195 5375 3437 5431 Exaltata
3456 5381 3543 5440 est,
3577 5373 3764 5444 inquit,

2173 5466 2322 5558 super
2345 5491 2534 5538 montes
2553 5477 2836 5550 quindecim
2863 5472 3042 5527 cubitis
3068 5485 3219 5539 aqua.
3243 5467 3358 5522 Non
3385 5466 3480 5523 abs
3501 5480 3559 5521 re
3589 5474 3768 5519 narrat

2179 5581 2291 5635 limc
2320 5575 2591 5644 Scriptura
2615 5611 2630 5639 ,
2658 5570 2752 5626 sed
2781 5576 2835 5622 ut
2859 5565 3124 5621 discamus
3158 5577 3265 5616 non
3303 5561 3475 5615 solum
3502 5558 3768 5620 homines,

2172 5674 2443 5741 iumenta,
2472 5661 2869 5737 quadrupedes,
2897 5656 3107 5727 reptilia
3133 5654 3408 5709 sulnncrsa
3439 5650 3602 5707 fuisse
3626 5690 3641 5715 ,
3672 5648 3768 5703 sed

2180 5774 2232 5821 ct
2254 5736 2497 5818 volucres
2514 5758 2654 5826 cmli,
2679 5764 2732 5813 ct
2752 5764 3101 5824 quaecumque
3121 5748 3173 5805 in
3200 5745 3467 5804 montibus
3479 5736 3745 5808 degebant
3758 5771 3771 5795 ,
