4078 6422
434 340 531 394 ω

429 457 568 509 feras
594 453 735 518 dico,
765 461 819 508 et
839 452 938 506 alia
961 453 1111 506 bruta
1137 453 1405 507 animalia.
1431 451 1632 508 Idcirco
1661 452 1787 506 dicit
1812 469 1827 508 :
1854 449 2014 505 Eutr

432 557 536 603 tata
562 553 635 598 est
657 559 808 612 super
829 552 1016 596 ntoutes
1041 544 1320 614 quindecim
1349 545 1526 598 cubitis
1553 560 1683 613 aqua
1712 559 1729 596 :
1759 553 1815 596 ut
1839 541 1941 596 disr
1956 556 2016 596 as

425 634 743 690 sententiam
782 633 993 688 Domini
1032 650 1197 705 opere
1234 637 1542 706 impletum;
1582 636 1789 690 dixerat
1828 634 2012 689 enim:

425 725 603 780 Adhuc
630 734 818 794 septem
843 725 948 778 dies
972 770 986 795 ,
1021 738 1066 781 et
1093 728 1326 782 inducam
1348 727 1588 781 diluvium
1616 742 1764 796 super
1792 733 1976 778 terram
1996 763 2011 787 ,

425 836 470 878 et
503 825 675 879 delebo
697 841 895 879 omnem
921 819 1271 885 substantiam,
1302 835 1451 888 quant
1477 817 1601 886 feci,
1631 833 1661 868 a
1685 816 1812 882 faeie
1833 823 2011 880 terrm,

421 916 484 970 ab
511 915 713 971 homine
735 932 890 986 usque
917 915 984 967 ad
1009 927 1180 984 pecus,
1205 920 1250 964 et
1276 927 1307 962 a
1328 908 1587 978 reptilibus
1607 922 1763 977 usque
1779 906 1847 960 ad
1869 906 2011 960 vola-

424 1010 533 1062 tilia
555 1008 665 1062 ca'li
687 1009 704 1079 (
730 1009 857 1063 Gen.
889 1009 942 1064 7.
971 1008 1006 1062 4
1025 1006 1068 1076 ).
1102 1005 1226 1059 Ιιωρ
1257 1002 1407 1058 nobis
1433 1016 1461 1054 a
1487 1000 1760 1070 Scriptura
1789 1013 2011 1054 narran-

425 1110 510 1153 tur
532 1139 547 1163 ,
581 1115 686 1154 non
715 1108 918 1154 tantum
949 1105 1006 1152 ut
1045 1097 1274 1150 sciamus
1304 1094 1357 1148 in
1386 1102 1636 1163 quantam
1679 1091 2011 1146 altitudinem

371 1243 376 1250 .
419 1206 574 1260 aqua:
601 1191 936 1261 pervenerint
961 1207 973 1243 :
1000 1188 1092 1244 sed
1117 1197 1172 1240 ut
1197 1185 1354 1239 simul
1378 1185 1649 1239 videamus
1670 1184 1871 1238 nullum
1893 1197 2011 1238 om-

423 1283 552 1338 nino
578 1281 795 1348 animal,
832 1281 910 1336 vel
939 1281 1124 1344 feram,
1153 1278 1232 1331 vel
1261 1277 1561 1346 jumentum
1590 1275 1833 1330 relictum
1855 1288 1974 1330 esse
1993 1315 2008 1342 ,

420 1372 512 1428 sed
541 1373 714 1427 omnia
741 1387 860 1428 cum
886 1370 1119 1426 humano
1149 1384 1346 1439 genere
1371 1368 1567 1424 deleta.
1599 1367 1858 1435 Quoniam
1883 1381 2012 1437 pro-

421 1475 538 1535 pter
558 1467 727 1535 ipsum
749 1466 926 1520 omnia
954 1463 1208 1534 producta
1240 1470 1412 1526 erant,
1436 1461 1559 1516 inde
1577 1460 1840 1514 abolendo
1864 1475 2008 1529 eum,

423 1558 613 1612 merito
640 1566 690 1612 et
728 1557 842 1612 lucc
872 1554 1135 1610 abolenda
1167 1562 1337 1607 erant.
1369 1553 1557 1607 Postea
1590 1551 1674 1605 ubi
1706 1550 1886 1605 docuit
1913 1566 2010 1608 nos

420 1648 473 1701 in
503 1658 754 1717 quantam
799 1646 1133 1700 altitudinem
1163 1644 1460 1698 accreverit
1493 1657 1751 1712 aquarum
1789 1652 2006 1712 natura,

421 1752 609 1805 nempe
633 1737 772 1806 quod
795 1737 895 1789 alta
921 1736 1182 1790 montium
1203 1732 1476 1788 cacumina
1500 1732 1799 1802 quindecim
1821 1733 2010 1788 cubitis

423 1821 1579 1895 transcenderit,solitamsuamdiligentiam
1601 1837 1818 1878 servans
1841 1823 1969 1878 dicit
1992 1841 2006 1878 :

417 1917 505 1970 ill.
554 1915 618 1970 Et
656 1927 854 1970 mortua
893 1925 966 1970 est
989 1916 1149 1970 omnis
1187 1930 1306 1967 caro
1331 1956 1344 1978 ,
1371 1929 1481 1980 qua:
1527 1914 1817 1967 movebatur
1861 1930 2010 1985 super

417 2019 625 2073 terram,
657 2008 936 2060 volatilium
959 2047 973 2072 ,
997 2016 1043 2058 et
1062 2006 1431 2074 jumentorum,
1459 2013 1509 2057 et
1548 2007 1770 2074 ferarum
1797 2013 1842 2058 et
1863 2019 2010 2059 omne

415 2102 593 2170 reptile
629 2099 765 2170 quod
801 2098 1087 2152 movebatur
1113 2111 1264 2165 super
1285 2104 1469 2148 tmarii
1492 2135 1506 2158 ,
1541 2105 1586 2148 et
1613 2094 1774 2148 omnis
1817 2094 1966 2148 homo
1989 2136 2004 2162 ,

413 2192 502 2245 Ἡ.
527 2200 570 2245 et
591 2191 760 2245 omnia
779 2205 894 2259 qua:
911 2190 1092 2242 habent
1112 2187 1346 2256 spiritum
1368 2187 1498 2252 vitae,
1519 2195 1563 2238 et
1586 2186 1885 2256 quicumque
1903 2195 2008 2240 erat

421 2299 575 2354 super
609 2283 842 2347 aridam,
886 2289 1111 2333 mortuus
1139 2288 1232 2331 est.
1267 2276 1450 2346 Neque
1477 2276 1576 2330 hoc
1605 2276 1919 2345 simpliciter
1955 2285 2010 2330 et

413 2375 612 2444 absque
637 2386 798 2428 causa
827 2371 960 2425 dixit
989 2388 1003 2425 :
1036 2368 1103 2423 Et
1133 2368 1295 2422 omnis
1324 2368 1409 2437 qui
1449 2377 1556 2421 erat
1584 2383 1736 2435 super
1765 2367 1963 2420 aridam
1989 2383 2008 2421 :

415 2464 509 2520 sed
535 2474 592 2519 ut
617 2473 668 2519 te
693 2463 884 2518 doceat
903 2475 1088 2516 omnes
1108 2459 1320 2530 quidem
1344 2459 1585 2528 periisse,
1602 2459 1803 2528 justum
1833 2468 2010 2515 autem

414 2558 586 2612 solum
625 2570 746 2611 cum
785 2553 1032 2611 omnibus
1075 2553 1138 2607 iis
1167 2554 1256 2622 qui
1300 2553 1351 2607 in
1380 2567 1500 2606 arca
1546 2561 1699 2608 erant
1742 2563 2008 2608 servatum

420 2662 560 2703 esse.
606 2646 738 2702 Nam
769 2646 855 2700 isti
885 2643 1174 2700 secundum
1215 2642 1521 2698 mandatum
1553 2643 1795 2710 Domini,
1828 2643 2012 2699 relicta

415 2742 586 2808 arida,
617 2754 795 2795 arcam
824 2735 1268 2793 conscenderant.
1291 2736 1380 2790 εδ.
1416 2734 1483 2789 Et
1518 2736 1694 2790 delevit
1725 2752 1871 2790 autne
1893 2751 2008 2790 sur-

414 2849 536 2904 gens
572 2831 705 2902 quod
728 2839 837 2884 erat
874 2844 1026 2899 super
1050 2827 1231 2898 faciens
1281 2826 1444 2881 omnis
1485 2836 1632 2880 terra:
1654 2867 1669 2892 ,
1713 2825 1774 2879 ab
1811 2826 2012 2880 homine

413 2938 567 2992 usque
584 2921 651 2974 ad
673 2937 842 2991 pecus,
864 2929 909 2973 et
931 2918 1151 2988 reptilia,
1171 2926 1217 2972 et
1239 2916 1464 2971 volatilia
1483 2915 1618 2983 ca'li,
1640 2925 1687 2970 et
1709 2916 1871 2971 deleta
1891 2926 2008 2972 sunt

418 3017 482 3070 de
508 3027 666 3070 terra.
695 3012 828 3068 Vide
854 3011 1122 3083 quomodo
1144 3011 1194 3066 et
1222 3009 1387 3064 semel
1415 3017 1470 3064 et
1499 3009 1693 3064 iterum
1719 3018 1879 3078 atque
1899 3024 2002 3065 sa:-

415 3108 533 3178 pius
573 3119 912 3162 communem
955 3102 1192 3157 omnium
1236 3101 1509 3156 interitum
1550 3098 1739 3155 doceat
1780 3099 2008 3166 factum,

413 3207 467 3252 et
495 3195 634 3266 quod
666 3194 795 3249 nihil
824 3191 1113 3248 viventium
1139 3189 1420 3261 effugerit,
1451 3188 1544 3244 sed
1574 3189 1674 3244 sub
1701 3190 1856 3260 aquis
1899 3188 2010 3245 suf-

416 3290 643 3344 locatum
660 3288 728 3340 sit
743 3300 900 3340 omne
921 3294 1027 3338 tam
1044 3283 1340 3347 hominum,
1355 3295 1512 3352 quam
1532 3281 1805 3336 brutorum
1821 3295 2006 3352 genus.

419 3381 483 3436 Et
503 3381 703 3435 relictus
721 3388 814 3444 est,
841 3378 1030 3448 inquit,
1057 3375 1194 3429 solus
1220 3373 1356 3439 Noe,
1381 3383 1428 3426 et
1451 3373 1536 3443 qui
1555 3389 1668 3426 sunt
1689 3373 1779 3427 illo
1795 3373 1846 3426 in
1866 3389 2006 3427 arca.

413 3475 504 3530 94.
538 3473 602 3527 Et
633 3472 854 3528 exaltata
888 3481 960 3524 est
990 3484 1123 3538 aqua
1148 3483 1302 3536 super
1322 3476 1509 3520 terram
1534 3474 1731 3518 centum
1759 3466 2010 3533 quinqua-

415 3566 556 3635 ginta
583 3562 778 3616 diebus.
805 3561 908 3616 Tot
933 3559 1125 3614 diebus
1148 3598 1162 3620 ,
1193 3557 1397 3626 inquit,
1425 3553 1631 3609 mansit
1659 3555 1899 3609 sublimis
1926 3555 2010 3610 illa

415 3668 673 3725 aquarum
699 3650 943 3706 altitudo.
975 3648 1171 3703 lterum
1220 3648 1379 3702 etiam
1412 3646 1499 3700 hic
1536 3648 1706 3715 cogita
1728 3645 1856 3714 justi
1894 3660 2011 3699 ma-

412 3746 826 3818 gnanimitatcm
857 3751 911 3796 et
943 3739 1295 3795 excellentem
1325 3737 1711 3791 fortitudinem.
1737 3736 1872 3802 Quid
1906 3752 2012 3791 non

420 3851 612 3908 passus
638 3843 720 3889 est
745 3834 923 3888 animo
946 3830 1256 3901 concipiens
1278 3870 1292 3894 ,
1325 3842 1388 3883 ac
1414 3828 1803 3897 propemodum
1834 3837 2011 3884 mente

417 3927 602 3983 videns
627 3940 853 3996 corpora
886 3924 1158 3978 hominum
1188 3931 1241 3977 et
1261 3921 1650 3991 jumentorum,
1688 3919 2010 3976 mundorum

415 4030 469 4076 et
498 4019 891 4074 immundorum
913 4059 927 4083 ,
950 4029 1286 4070 communem
1313 4022 1540 4069 mortem
1568 4013 1882 4068 sustinentia
1903 4054 1918 4078 ,
1948 4023 2004 4069 et

417 4110 578 4164 simul
603 4109 891 4163 commixta
915 4147 931 4172 ,
964 4106 1277 4175 nullumque
1324 4105 1374 4158 in
1403 4104 1652 4158 omnibus
1679 4103 2010 4158 discrimen?

421 4204 707 4267 Praeterea,
731 4200 857 4270 quid
883 4213 1070 4269 passus
1089 4209 1191 4261 est,
1215 4197 1428 4267 quando
1451 4195 1590 4266 apud
1612 4211 1669 4251 se
1690 4195 2010 4265 recogitabat

417 4290 781 4354 solitudinem,
803 4290 1124 4354 vastitatem,
1139 4289 1300 4341 vitam
1319 4287 1464 4340 illam
1485 4285 1756 4340 doloribus
1777 4285 2007 4355 plenam,

418 4383 564 4439 omni
577 4381 766 4436 solatio
777 4379 1006 4448 undique
1017 4379 1318 4432 destitutam
1328 4421 1341 4440 ,
1357 4391 1528 4446 neque
1540 4376 1826 4446 colloquio,
1840 4392 2011 4448 neque

418 4481 637 4544 aspectu
659 4470 947 4539 jucundam
972 4485 1123 4525 :cum
1155 4484 1261 4523 non
1291 4469 1449 4538 plane
1475 4468 1634 4521 sciret
1653 4478 1852 4537 quanto
1873 4479 2009 4523 tem-

422 4579 550 4637 pore
570 4562 786 4618 ferenda
807 4570 948 4616 esset
981 4561 1070 4614 illa
1099 4560 1151 4613 in
1185 4573 1399 4612 carcere
1423 4558 1562 4611 vita?
1589 4558 1850 4623 Quamdiu
1870 4561 2011 4614 enim

420 4656 674 4726 strepitus
695 4667 972 4724 aquarum.
989 4662 1042 4707 et
1058 4661 1219 4705 aLstus
1243 4659 1418 4714 erant,
1441 4651 1683 4708 timorem
1701 4648 1753 4701 in
1772 4649 1862 4702 illo
1876 4664 2011 4718 quo-

421 4751 548 4806 tidie
573 4755 904 4803 crescentem
940 4742 1284 4816 generabant.
1337 4739 1474 4808 Quid
1500 4739 1641 4794 enim
1671 4739 1891 4808 jucundi
1915 4754 2010 4794 su-

418 4842 614 4917 spicari
643 4841 756 4912 ipse
782 4849 1010 4909 poterat,
1033 4837 1122 4908 qui
1153 4833 1366 4889 videbat
1391 4843 1604 4888 centum
1635 4832 2009 4901 quinquaginta

419 4938 537 4993 dies
561 4948 727 5004 aquas
747 4937 801 4987 in
820 4930 1008 4986 eadem
1033 4929 1186 4997 copia
1211 4937 1510 4986 manentes.
1538 4934 1594 4980 et
1613 4925 1666 4979 in
1695 4924 1860 4977 altum
1885 4924 2010 4978 sub-

421 5029 554 5082 latas
592 5040 663 5080 ne
700 5023 978 5078 minimum
1015 5018 1231 5090 quidem
1263 5015 1585 5072 subsidere?
1629 5013 2008 5069 Verumtamen

422 5118 626 5173 ferebat
673 5115 883 5171 fortiter
906 5155 923 5178 ,
967 5114 1146 5167 sciens
1172 5109 1384 5164 Domini
1427 5108 1867 5177 omnipomntiam
1891 5146 1908 5169 ,
1948 5117 2006 5162 et

423 5210 596 5278 ipsum
645 5217 832 5276 utpote
873 5202 1217 5258 Conditorem
1265 5209 1468 5254 natura:
1513 5198 1689 5253 omnia
1719 5212 1817 5266 pro
1859 5197 2008 5251 libito

423 5302 618 5355 facere.
641 5308 696 5352 ct
722 5297 1122 5358 transformare,
1145 5306 1315 5360 neque
1336 5305 1477 5360 agre
1506 5289 1710 5344 ferebat
1738 5289 1878 5356 quod
1902 5288 2007 5344 illic

423 5401 564 5445 esset
609 5387 948 5443 versandum.
997 5384 1130 5439 Nam
1181 5382 1274 5436 Dei
1315 5381 1484 5450 gratia
1531 5379 1817 5433 roborabat
1866 5379 2008 5433 illius

399 5478 772 5538 alacritatem,
795 5485 850 5529 et
873 5473 1226 5530 subicientem
1253 5470 1522 5540 praebebat
1549 5468 1968 5524 consolationem
1988 5511 2007 5535 ,

425 5583 601 5640 omne
624 5566 832 5620 sinebat
872 5567 982 5622 labi
1003 5575 1238 5618 mentem
1263 5603 1280 5627 ,
1321 5573 1376 5616 et
1404 5564 1640 5630 cogitare
1678 5560 1878 5630 aliquid
1916 5571 2010 5614 aut

424 5672 613 5730 parum
641 5655 814 5718 virile.
858 5668 948 5712 aut
971 5658 1149 5710 annos
1170 5669 1507 5724 generosum.
1539 5653 1671 5721 Quia
1694 5653 1836 5707 enim
1863 5651 2008 5720 prius

426 5751 570 5826 quod
607 5760 763 5802 sutili
787 5757 900 5802 erat
939 5745 1254 5800 adhibuerat
1277 5788 1292 5808 .
1319 5763 1513 5818 nempe
1542 5747 1752 5802 virtutis
1782 5746 2006 5813 diligen-

1174 339 1229 393 S.
1271 338 1548 396 JOANNIS
1571 333 2044 395 CllRYSOSTOMI
2097 332 2412 390 ARCIIIEP.
2447 334 2980 394 CO-NSTANTINOP.

2057 5552 2088 5561 ς

3596 345 3705 405 228

2126 447 2287 512 tiam,
2326 447 2546 516 iustitia:
2591 449 2857 520 vigorem,
2901 449 3024 506 fidei
3064 451 3469 522 excellentiam;
3498 451 3701 514 deinde

2120 552 2310 607 magna
2340 554 2460 593 cum
2491 538 2729 594 ubertate
2754 551 3071 610 assequutus
3090 551 3171 596 est
3198 557 3260 597 ea
3285 559 3400 613 qua:
3426 560 3455 600 a
3476 545 3707 603 Domino

2117 629 2627 698 suppeditabantur;
2651 631 2899 686 nimirum
2931 632 3233 700 patientiam
3254 673 3268 700 ,
3297 633 3657 692 fortitudinem
3681 681 3701 706 ,

2118 716 2424 774 facultatem
2467 721 2644 775 omnia
2695 733 2974 778 mansuete
3023 722 3267 791 ferendi,
3301 728 3706 800 sustinendique

2118 822 2256 863 arere
2277 809 2711 866 inhabitationem
2739 813 2867 867 citra
2893 813 3073 868 damni
3091 816 3554 888 corruptionisque
3576 835 3700 876 sen—

2117 913 2254 967 sum,
2283 916 2454 971 neque
2478 901 2764 958 bestiarum
2786 905 3088 962 convictum
3119 907 3444 964 fastidiendi.

2199 991 2249 1044 7.
2292 991 2508 1048 Moralis
2530 996 2846 1062 exhortatio;
2866 998 2973 1051 sine
2996 1014 3216 1067 superna
3246 1001 3412 1070 gratia
3436 1002 3564 1056 nihil
3584 1004 3702 1058 boui

2117 1095 2265 1150 agere
2291 1097 2577 1150 possumus.
2596 1115 2667 1124 —
2688 1085 2836 1140 Illum
2859 1087 3016 1156 igitur
3036 1088 3238 1157 justum
3257 1131 3274 1158 ,
3300 1090 3546 1158 obsecro,
3572 1092 3697 1148 imi-

2119 1178 2296 1226 temur
2331 1181 2386 1228 et
2427 1189 2557 1240 nos,
2581 1191 2905 1246 operamque
2929 1176 3134 1246 demus,
3161 1188 3218 1233 ut
3258 1179 3542 1249 efferamus
3579 1199 3702 1253 quae

2118 1275 2296 1319 nostra
2324 1275 2446 1322 sunt
2466 1308 2480 1332 ,
2510 1278 2567 1322 ut
2606 1269 2794 1339 dignos
2832 1285 2932 1325 nos
2959 1271 3106 1340 ipsos
3153 1287 3400 1342 paremus
3433 1275 3500 1332 iis
3523 1293 3643 1347 qua:
3667 1293 3699 1331 a

2116 1353 2228 1412 Deo
2251 1355 2464 1412 dantur.
2492 1358 2622 1412 Nam
2663 1360 2860 1415 idcirco
2883 1370 3157 1432 exSpectat
3178 1366 3485 1422 occasiones
3513 1383 3577 1422 ex
3603 1385 3701 1423 no-

2120 1447 2236 1516 bis,
2271 1458 2332 1504 ut
2395 1451 2614 1505 multam
2661 1451 2912 1508 exhibeat
2954 1453 3349 1512 liberalitatem.
3403 1458 3582 1530 Itaque
3629 1477 3700 1516 ne

2115 1550 2337 1612 propter
2364 1542 2621 1598 desidiam
2649 1547 2916 1615 privemus
2944 1563 3040 1602 nos
3066 1549 3208 1604 illius
3228 1549 3402 1618 donis,
3426 1552 3518 1607 sed
3547 1551 3697 1608 festi-

2115 1648 2306 1690 nemus
2331 1643 2386 1690 et
2408 1651 2690 1704 urgeamus
2711 1679 2727 1705 ,
2762 1646 2820 1691 ut
2847 1640 3164 1709 principium
3198 1642 3695 1714 apprchendamus,

2115 1736 2170 1782 et
2196 1727 2333 1782 viam
2361 1744 2480 1800 qua:
2505 1729 2572 1784 ad
2599 1731 2846 1786 virtutem
2890 1733 3094 1787 inducit
3123 1751 3137 1787 :
3171 1744 3229 1789 ut
3261 1750 3496 1805 superno
3533 1738 3696 1808 adjuti

2114 1819 2371 1884 subsidio,
2397 1820 2560 1874 etiam
2582 1820 2648 1875 ad
2676 1821 2837 1876 finem
2875 1824 3153 1892 pervenire
3184 1827 3476 1882 valeamus.
3512 1829 3702 1898 Neque

2113 1912 2255 1967 enim
2272 1913 2525 1982 possibile
2551 1923 2633 1969 est
2652 1914 2850 1969 bonum
2878 1917 3090 1986 aliquod
3111 1935 3207 1975 nos
3239 1930 3386 1977 recte
3410 1939 3568 1992 agere
3588 1941 3696 1980 non

2113 2001 2325 2071 adjutos
2351 2018 2580 2074 superna
2607 2005 2799 2073 gratia.
2825 2006 2987 2076 Igitur
3016 2008 3149 2064 tales
3174 2010 3360 2077 simus,
3384 2014 3472 2081 qui
3499 2028 3704 2084 appeti.-

2112 2093 2301 2150 damus
2325 2110 2423 2150 nos
2450 2095 2503 2150 in
2529 2110 2679 2166 spem
2700 2111 2817 2166 qua:
2847 2098 2899 2152 in
2927 2098 3092 2153 Deum
3122 2110 3224 2168 est,
3242 2103 3391 2171 quasi
3420 2105 3472 2157 in
3501 2104 3705 2160 antcho-

2113 2200 2228 2240 ram
2253 2186 2482 2256 aliquam
2515 2196 2678 2241 tutam
2705 2197 2758 2243 et
2783 2189 3060 2259 stabilem,
3091 2199 3146 2245 et
3186 2206 3254 2246 ne
3301 2192 3368 2247 ad
3413 2193 3647 2251 laborem
3683 2197 3705 2230 ¹

2113 2275 2324 2330 virtutis
2340 2276 2721 2345 respiciamus,
2749 2276 2844 2331 sed
2870 2279 3268 2335 considerantes
3294 2283 3702 2340 retributionem

2113 2380 2233 2435 quae
2265 2365 2498 2420 laborem
2526 2367 2786 2435 sequitur,
2816 2367 3006 2423 leviter
3029 2371 3206 2426 omnia
3228 2369 3482 2428 feramus.
3515 2375 3702 2446 Siqui-

2114 2455 2235 2511 dem
2265 2457 2582 2526 negotiator,
2611 2458 2655 2512 si
2679 2457 2894 2528 quando
2921 2475 2989 2515 ex
3027 2470 3183 2530 portu
3219 2477 3464 2533 egressus
3501 2464 3552 2519 in
3583 2481 3704 2523 nte-

2115 2547 2261 2603 dium
2282 2548 2443 2604 maris
2469 2549 2716 2618 venerit,
2749 2565 2854 2605 non
2871 2551 2980 2620 jam
3007 2552 3207 2623 piratas
3227 2594 3243 2621 ,
3275 2569 3381 2610 non
3407 2556 3702 2627 naufragia,

2115 2654 2220 2695 non
2242 2640 2474 2695 marinas
2494 2640 2720 2710 belluas,
2749 2657 2856 2698 non
2882 2652 3163 2700 ventorum
3189 2645 3459 2714 incursus,
3482 2658 3535 2704 et
3560 2664 3699 2705 con-

2117 2733 2294 2788 tinuas
2313 2742 2674 2803 tempestates,
2697 2743 2751 2790 et
2771 2735 2936 2790 multa
2953 2736 3239 2792 infortunia
3265 2739 3462 2809 cogitat
3487 2741 3658 2795 solum
3681 2781 3702 2808 ,

2114 2823 2207 2879 sed
2235 2823 2395 2879 etiam
2443 2825 2588 2880 lucra
2631 2825 2735 2881 sibi
2779 2826 3072 2882 obventura
3093 2869 3108 2893 ,
3136 2843 3256 2884 cum
3285 2829 3373 2885 illa
3410 2831 3653 2903 effugerit
3684 2851 3699 2886 :

2115 2928 2318 2986 speque
2346 2913 2533 2983 fultus,
2559 2931 2746 2972 omnes
2771 2917 3053 2986 praidictas
3077 2932 3346 2973 aerumnas
3373 2921 3520 2975 facile
3547 2922 3701 2982 exci.

2113 3005 2214 3075 pit,
2245 3015 2300 3060 ut
2323 3007 2493 3062 auctis
2519 3007 2712 3076 opibus
2747 3007 2857 3062 suis
2892 3007 3106 3062 domum
3135 3008 3342 3064 redeat.
3370 3011 3436 3066 Et
3467 3011 3700 3081 agricola

2116 3111 2224 3151 non
2254 3097 2588 3168 agriculturae
2609 3105 2814 3152 tantum
2838 3097 3050 3152 labores
3077 3098 3295 3168 cogitat,
3319 3109 3374 3155 et
3399 3101 3611 3164 imbres,
3641 3113 3702 3158 ct

2116 3197 2275 3243 terra;
2314 3187 2650 3243 sterilitatem
2677 3228 2694 3255 ,
2724 3202 2788 3244 ac
2831 3187 3094 3260 rubiginis
3132 3190 3403 3247 incursum
3423 3232 3441 3259 ,
3472 3192 3700 3248 locusta~

2115 3292 2341 3349 rumque
2382 3277 2613 3347 'damna,
2639 3279 2735 3334 sed
2779 3290 2834 3335 et
2883 3295 3062 3336 aream
3089 3289 3144 3337 et
3177 3283 3480 3353 manipulos
3518 3285 3702 3342 animo

2115 3383 2299 3424 secum
2336 3368 2684 3439 describens,
2712 3369 2921 3426 fortiter
2943 3371 3044 3428 fert
3068 3373 3249 3428 omnia
3268 3415 3283 3441 ,
3315 3384 3371 3431 et
3394 3391 3504 3446 pra:
3536 3377 3700 3432 bono-

2116 3475 2236 3515 rum
2284 3462 2684 3532 exspectatione
2730 3477 2904 3534 ncque
2951 3461 3164 3519 labores
3204 3465 3371 3520 sentit
3407 3484 3421 3520 :
3455 3468 3701 3537 quamvis

2117 3555 2334 3610 incerte
2359 3571 2486 3625 spes
2521 3557 2650 3624 sint,
2673 3565 3038 3612 verumtamen
3068 3571 3165 3628 spe
3191 3558 3400 3614 meliori
3441 3561 3697 3629 pascitur,

2117 3660 2218 3700 nec
2242 3646 2514 3702 renuntiat
2546 3648 2818 3704 laboribus
2836 3687 2853 3715 ,
2879 3648 2975 3703 sed
3001 3649 3180 3704 omnia
3213 3665 3333 3720 qua:
3359 3651 3428 3705 ad
3451 3667 3513 3707 se
3536 3654 3698 3722 perti-

2116 3748 2246 3793 nent
2270 3737 2500 3793 an‘erens
2522 3778 2538 3806 ,
2567 3749 2847 3810 exspectat
2883 3749 2941 3795 ut
2967 3741 3251 3813 aliquando
3280 3741 3520 3799 laborum
3548 3747 3693 3801 acci-

2117 3829 2228 3898 piat
2253 3829 2551 3884 mercedes.
2583 3831 2647 3884 Et
2671 3830 2828 3887 miles
2845 3847 3056 3902 quoque
3082 3836 3173 3904 qui
3195 3837 3418 3890 assumit
3441 3851 3587 3891 arum
3605 3879 3622 3904 ,
3641 3849 3696 3893 et

2116 3919 2170 3973 in
2203 3919 2446 3988 praelium
2473 3921 2744 3991 egreditur
2767 3963 2783 3990 ,
2815 3937 2921 3978 non
2961 3909 3158 3995 cogitat
3202 3927 3425 3984 vulnera
3455 3938 3652 3984 tantum
3677 3971 3696 3995 ,

2116 4011 2312 4078 aedes,
2342 4021 2398 4067 ct
2421 4010 2657 4069 hostium
2695 4014 2942 4070 incursus
2960 4058 2975 4081 ,
3007 4017 3247 4087 aliasque
3274 4033 3541 4076 manas
3559 4062 3574 4085 ,
3601 4023 3694 4078 sed

2116 4105 2278 4160 etiam
2306 4105 2556 4160 victorias
2577 4146 2593 4171 ,
2623 4114 2678 4160 et
2709 4106 3007 4175 triumphos
3049 4107 3151 4162 sibi
3176 4109 3529 4181 praefingens,
3552 4114 3694 4168 omni

2115 4206 2388 4252 armatura
2406 4211 2466 4252 se
2489 4198 2661 4252 munit
2677 4239 2691 4263 ,
2724 4207 2778 4253 et
2806 4213 2927 4252 cum
2958 4199 3194 4255 incertus
3217 4201 3371 4257 valde
3395 4203 3466 4257 sit
3486 4205 3659 4260 exitus
3675 4246 3694 4270 ,

2116 4299 2172 4344 et
2199 4287 2393 4342 damna
2422 4288 2769 4353 immineant,
2792 4290 3022 4359 repulsis
3044 4291 3110 4346 iis
3135 4292 3381 4348 omnibus
3400 4308 3468 4349 ex
3495 4298 3694 4358 animo,

2116 4396 2180 4435 ac
2221 4381 2363 4436 bona
2402 4395 2499 4450 spe
2533 4381 2833 4451 preposita,
2857 4383 3008 4453 ponit
3047 4398 3262 4439 omnem
3309 4395 3612 4455 torporem,
3642 4398 3694 4442 et

2115 4473 2351 4542 acceptis
2374 4473 2541 4528 armis
2558 4482 2742 4529 contra
2765 4474 2997 4529 hostium
3017 4476 3186 4531 aciem
3210 4489 3482 4546 properat.
3514 4478 3692 4549 Igitur,

2115 4566 2325 4631 dilecti,
2352 4565 2397 4620 si
2424 4566 2744 4635 negotiator,
2771 4576 2822 4620 et
2847 4565 2999 4620 miles
3017 4608 3033 4632 ,
3059 4577 3114 4621 et
3139 4569 3392 4638 agricola,
3422 4570 3511 4624 ubi
3531 4580 3584 4626 et
3611 4571 3693 4625 in-

2115 4670 2261 4716 certa
2306 4674 2454 4730 spes,
2493 4668 2549 4714 et
2595 4659 2777 4728 plures
2821 4658 3213 4726 fmstrationes,
3258 4672 3418 4730 atque
3467 4664 3695 4733 impedi-

2116 4762 2297 4806 menta
2319 4791 2333 4816 ,
2361 4753 2498 4806 sicut
2528 4750 2752 4806 audistis
2773 4793 2787 4814 ,
2817 4751 2984 4805 multa
3013 4762 3068 4806 et
3090 4752 3267 4819 varia,
3291 4767 3397 4807 non
3428 4754 3498 4808 ita
3529 4755 3695 4809 nefor-

2115 4842 2284 4899 midat
2307 4842 2539 4904 labores,
2565 4851 2624 4896 ut
2668 4857 2698 4898 a
2736 4842 2946 4897 meliori
2988 4855 3268 4912 propterea
3297 4857 3394 4913 spe
3426 4845 3690 4901 desistat:

2115 4934 2262 5006 quali
2279 4949 2380 4988 nos
2396 4933 2551 4988 venia
2567 4933 2710 5004 digni
2730 4934 2931 4988 erimus
2955 4933 3026 4988 ita
3051 4936 3384 5004 negligentes
3414 4937 3481 4991 ad
3506 4953 3691 5007 capes-

2113 5027 2336 5084 sendam
2361 5027 2634 5090 virtutem,
2656 5035 2836 5080 etnon
2857 5040 3072 5081 omnem
3101 5027 3339 5082 laborem
3359 5040 3551 5098 sponte
3572 5029 3688 5084 sub-

2114 5131 2339 5185 euntes,
2378 5135 2501 5174 cum
2532 5128 2641 5173 tam
2681 5133 2869 5174 secura
2898 5129 3080 5173 nostra
3125 5135 3252 5189 spes
3289 5122 3394 5186 sit,
3445 5132 3694 5191 tantaque

2114 5215 2255 5272 bona
2281 5214 2437 5268 nobis
2465 5211 2729 5280 reposita,
2755 5225 2819 5264 ac
2858 5211 3076 5280 prmmia
3113 5221 3166 5266 et
3209 5211 3487 5266 mercedes
3516 5214 3693 5267 omnia

2113 5323 2233 5379 qua:
2258 5323 2289 5360 a
2314 5307 2468 5369 nobis
2491 5315 2636 5359 recte
2659 5313 2916 5374 geruntur
2937 5303 3118 5358 multis
3137 5305 3380 5374 partibus
3397 5315 3650 5374 supaent
3672 5303 3697 5355 ἲ

2116 5397 2254 5453 Audi
2279 5398 2439 5466 igitur
2453 5397 2668 5450 beatum
2703 5394 2949 5458 Paulum,
2968 5404 3090 5462 post
3117 5404 3292 5449 tantas
3315 5405 3372 5450 es
3399 5397 3540 5451 tales
3561 5395 3694 5450 affli-

2112 5494 2348 5554 ctiones,
2377 5499 2432 5544 et
2453 5489 2522 5541 ad
2552 5486 2834 5542 tribunalia
2859 5486 3619 5554 abductinnes,etcameres,
3641 5498 3694 5543 es

2181 5631 2195 5656 '
2231 5624 2805 5683 satil.etquatuorn§.
2842 5619 3686 5687 sichabenslg'minssunrr,

2118 5698 2253 5734 rma
2290 5687 2340 5734 in
2361 5687 2624 5733 murra.
2665 5691 2832 5733 tum.
2857 5695 2942 5731 ηας
2971 5685 3315 5743 Wa,
3338 5685 3410 5736 δε
3429 5696 3591 5733 ουτω
3609 5697 3685 5744 ιτς.

2118 5749 2418 5810 gnaiaxnr.
2443 5754 2488 5794 α
2510 5757 2570 5793 Ir
2590 5749 2653 5791 ad
2679 5745 2905 5793 Was.
