4078 6412
186 394 309 453 227

184 509 356 565 τεινά
383 507 480 563 τοῦ
509 506 763 581 οὐρανοῦ,
789 507 883 563 καὶ
908 507 1011 562 ὅσα
1046 507 1107 561 ἐν
1134 506 1247 584 τοῖς
1271 506 1423 579 δρεσι
1450 509 1693 583 διῃτᾶτο,
1718 509 1884 583 θηρία

186 597 349 668 λέγω
380 596 476 651 καὶ
498 595 662 661 ἔτερα
684 594 854 665 ἄλογα
886 595 1021 660 ζῶα.
1048 594 1146 649 Διά
1166 594 1325 649 τοῦτὸ
1349 612 1504 668 φησι,
1528 597 1643 651 Καὶ
1671 597 1883 667 ὑψώθη

187 685 406 742 ἐπάνω
449 684 570 739 τῶν
595 685 782 753 ὀρέων
812 684 1147 739 δεκαπέντε
1187 683 1426 754 πήχεις,
1456 685 1545 739 ῖνα
1597 684 1771 757 μάθῃς
1801 688 1884 740 ὅτι

186 772 265 828 τὰ
284 772 386 842 τῆς
408 771 739 840 ἀποφάσεως
755 769 851 823 τοῦ
874 771 1149 825 Δεσπότου
1172 771 1250 836 είς
1271 770 1431 843 ἔργον
1452 771 1702 842 ἐξῆλθεν·
1727 770 1882 840 ἐλεγε

187 861 331 933 γὰρ,
361 861 444 914 ὅτι
482 861 603 913 Ἔτι
630 856 781 913 ἑπτὰ
811 857 1045 929 ἡμέραι,
1072 858 1172 913 καὶ
1210 857 1411 929 ἐπάγω
1447 857 1883 927 κατακλυσμὸν

185 949 298 1004 ἐπὶ
326 946 444 1016 τὴν
471 946 612 1017 γῆν,
654 946 754 1001 καὶ
781 946 1085 1015 ἐξαλείψω
1119 945 1368 1001 ἅπασαν
1393 944 1510 1016 τὴν
1542 944 1879 1011 ἐξανάστα-

186 1052 327 1103 σιν,
367 1033 451 1104 ἣν
479 1034 760 1102 ἐποίησα,
795 1032 915 1089 ἀπὸ
943 1032 1269 1101 προσώπου
1304 1030 1414 1102 τῆς
1442 1032 1578 1103 τῆς,
1610 1033 1731 1087 ἀπὸ
1774 1033 1880 1088 ἀν-

185 1120 435 1191 θρώπου
459 1121 572 1189 ἕως
597 1119 881 1189 κτήνους,
908 1120 1007 1173 καί
1033 1119 1150 1174 ἀπὸ
1176 1118 1441 1188 ἑρπετῶν
1455 1120 1568 1187 ἕως
1591 1118 1881 1176 πετεινῶν

185 1209 306 1265 τοῦ
334 1208 617 1278 οὐρανοῦ.
648 1207 759 1278 Οὐχ
788 1207 876 1260 ἵνα
907 1206 1088 1261 τοίνυν
1130 1206 1317 1272 ἁπλῶς
1341 1206 1440 1278 τὴν
1486 1208 1568 1272 είς
1604 1206 1738 1279 ὕψος
1768 1208 1877 1262 τῶν

186 1296 406 1353 ὑδάτων
433 1296 680 1367 κορυφὴν
710 1295 860 1367 ἡμᾶς
890 1293 1078 1368 διδάξῃ
1097 1334 1113 1361 ,
1146 1296 1179 1366 ή
1212 1293 1334 1350 θεία
1368 1294 1559 1369 Γραφὴ
1596 1294 1771 1350 ταῦτα
1801 1295 1876 1350 δι-

185 1385 434 1455 ηγεῖται,
472 1382 584 1437 ἀλλ’
614 1383 702 1436 ἵνα
740 1380 880 1452 μετά
906 1380 1097 1435 τούτου
1148 1381 1380 1437 συνιδεῖν
1421 1381 1758 1453 δυνηθῶμεν,
1793 1382 1875 1437 ὅτι

183 1470 348 1524 οὐδὲν
371 1470 527 1534 ὅλως,
548 1468 610 1523 οὐ
642 1468 751 1523 τῶν
777 1468 1013 1538 ἀλόγων,
1043 1468 1105 1522 οὐ
1133 1468 1243 1522 τῶν
1268 1468 1496 1541 θηρίων,
1517 1470 1579 1524 ού
1608 1470 1717 1524 τῶν
1739 1485 1875 1541 κτη-

187 1557 305 1612 νῶν
341 1556 673 1628 ὑπελείφθη,
718 1556 853 1611 ἀλλά
906 1556 1082 1611 πάντα
1128 1556 1419 1629 ἐξηλείφθη
1453 1556 1591 1628 μετά
1637 1557 1731 1611 τοῦ
1766 1558 1875 1613 τῶν

183 1644 497 1717 ἀνθρώπων
520 1642 730 1713 γένους.
749 1643 967 1715 Ἐπειδὴ
1002 1643 1071 1697 δι’
1100 1644 1262 1698 αὐτὸν
1286 1644 1503 1700 ἅπαντα
1529 1645 1702 1699 ταῦτα
1729 1662 1872 1718 παρ-

185 1732 357 1805 ήχθη,
374 1731 565 1786 τούτου
595 1730 883 1804 μέλλοντος
907 1731 1288 1802 ἀφανίζεσθαι,
1311 1733 1538 1798 είκότως
1573 1735 1669 1788 καὶ
1698 1733 1875 1790 ταῦτα

186 1818 557 1875 συναπολαύει
595 1819 696 1889 τῆς
732 1818 1031 1882 ἀπωλείας.
1059 1814 1195 1873 Εἶτα
1232 1820 1422 1894 ἐπειδὴ
1457 1820 1697 1887 ἐδίδαξεν
1726 1823 1875 1895 ἡμᾶς

185 1909 274 1974 sl;
314 1909 439 1962 ὅσον
469 1906 605 1979 ὕψος
638 1905 965 1979 ἐκορυφώθη
1000 1907 1110 1963 τῶν
1139 1907 1346 1963 ὑδάτων
1370 1911 1405 1981 ἡ
1439 1909 1620 1979 φύσις,
1650 1911 1744 1965 καὶ
1788 1912 1872 1966 ὅτι

183 1994 503 2067 ὕπερανέϐη
537 1995 635 2058 τάς
667 1993 913 2066 κορυφὰς
944 1993 1053 2051 τῶν
1086 1995 1259 2068 ὀρέων
1297 1996 1517 2068 ἐτέρους
1546 1997 1680 2051 δέκα
1711 1998 1873 2053 πέντε

182 2085 410 2156 πήχεις,
453 2082 553 2154 τὴν
595 2083 797 2153 ἑαυτῆς
829 2081 1117 2153 ἀκρίϐειαν
1153 2083 1471 2156 μιμουμένη
1507 2084 1669 2139 πάλιν
1700 2086 1868 2158 φησι·

182 2171 300 2227 Καί
332 2169 595 2226 ἀπέθανε
612 2168 785 2225 πᾶσα
803 2168 964 2238 σὰρξ
992 2170 1318 2240 κινουμένη
1343 2170 1442 2224 ἐπὶ
1472 2169 1582 2240 τῆς
1606 2171 1743 2242 γῆς,
1770 2172 1873 2228 καί

178 2255 497 2319 πετεινῶν,
526 2254 626 2309 καί
665 2252 787 2308 τῶν
815 2253 1058 2322 θηρίων,
1095 2253 1195 2308 καί
1227 2252 1352 2310 πᾶν
1382 2255 1636 2323 ἑρπετὸν
1667 2257 1870 2312 κινού-

176 2359 373 2413 μενον
403 2341 502 2396 ἐπὶ
536 2339 648 2411 τῆς
674 2339 825 2412 γῆς,
858 2340 959 2395 καὶ
993 2339 1112 2408 πᾶς
1159 2340 1500 2412 ἄνθρωπος,
1534 2344 1636 2399 καὶ
1672 2344 1870 2401 πάντα

180 2430 307 2486 ὅσα
345 2425 700 2499 ἔχει’πνοὴν
724 2425 898 2498 ζωῆς,
924 2427 1022 2483 καὶ
1053 2427 1174 2496 πᾶς
1205 2429 1275 2497 ὃς
1307 2426 1388 2502 ἦν
1409 2432 1508 2486 ἐπὶ
1544 2432 1651 2502 τῆς
1683 2432 1870 2502 ξηρᾶς

177 2518 508 2574 ἀπέθανεν.
534 2517 648 2587 οὐχ
675 2514 863 2580 ἁπλῶς
895 2515 1116 2588 ᾐνίξατο
1143 2516 1397 2587 λέγουσα,
1422 2519 1533 2575 Καὶ
1559 2521 1680 2589 πᾶς
1700 2522 1770 2588 ὃς
1791 2519 1872 2593 ἦν

174 2605 285 2661 ἐπὶ
320 2602 433 2674 τῆς
457 2602 668 2673 ξηρᾶς,
699 2602 814 2657 ἀλλ’
839 2603 926 2658 ἵνα
957 2620 1016 2657 σε
1048 2603 1255 2677 διδάξῃ,
1277 2606 1359 2659 ὅτι
1389 2607 1592 2673 πάντες
1629 2609 1729 2681 μὲν
1758 2610 1867 2665 ἀπ’

179 2692 468 2757 ολώλασιν,
492 2694 521 2748 6
542 2691 597 2746 δὲ
617 2692 824 2756 δίκαιος
852 2691 1011 2764 μόνος
1034 2691 1174 2764 μετά
1192 2692 1301 2751 HTw
1320 2694 1378 2748 ἐν
1401 2697 1469 2767 τῇ
1495 2695 1713 2768 κιϐωτῷ
1734 2698 1869 2753 πάν-

177 2800 294 2838 των
311 2780 567 2852 διεσώθη.
585 2781 812 2835 Ἐκεῖνοι
828 2779 937 2852 γὰρ
953 2780 1337 2852 προλαϐόντες.
1353 2783 1497 2837 κατὰ
1508 2782 1608 2857 τὴν
1622 2784 1715 2839 τοῦ
1733 2785 1867 2841 Θεοῦ

177 2870 449 2943 διαταγὴν
480 2868 877 2932 καταλιπόντες
902 2868 1003 2939 τὴν
1032 2868 1225 2940 ξηρὰν,
1248 2869 1352 2942 τὴν
1380 2871 1612 2927 κιϐωτὸν
1646 2874 1866 2930 κατέλα-

179 2960 299 3015 ϐον.
328 2956 442 3016 Καὶ
470 2956 758 3027 ἐξήλειψε
788 2954 915 3013 πᾶν
940 2957 1008 3010 τὸ
1029 2955 1372 3028 ἀνάστημα,
1395 2957 1432 3014 ὃ
1452 2955 1532 3030 ἦν
1554 2959 1654 3014 ἐπὶ
1680 2975 1872 3031 προσ-

176 3047 348 3101 ώπου
382 3043 588 3113 πάσης
619 3044 732 3115 τῆς
764 3042 901 3115 τῆς,
943 3042 1063 3098 ἀπὸ
1095 3042 1414 3113 ἀνθρώπου
1441 3042 1553 3112 ἕως
1582 3047 1821 3115 κτήνων
1846 3087 1863 3112 .

178 3134 283 3188 καί
308 3130 593 3203 ἑρπετῶν,
626 3129 726 3186 καί
750 3129 1039 3185 πετεινῶν
1063 3129 1171 3185 τοῦ
1199 3131 1479 3200 οὐρανοῦ,
1506 3131 1607 3187 καὶ
1638 3132 1869 3202 ἐξηλεί-

177 3226 430 3297 φθηοίαν
448 3220 566 3276 ἀπὸ
591 3217 702 3288 τῆς
725 3216 859 3288 γῆς.
884 3217 1028 3288 Ὅρα
1052 3217 1173 3282 πῶς
1192 3219 1290 3272 καὶ
1318 3217 1466 3287 ἅπαξ
1496 3220 1589 3275 καὶ
1616 3220 1869 3294 δεύτερον

179 3312 279 3369 καὶ
306 3308 567 3372 πολλάκις
585 3306 684 3379 τὴν
703 3304 951 3361 πανωλεθ
961 3304 1080 3377 ρίαν
1095 3304 1334 3362 διδάσκει
1351 3306 1450 3379 τὴν
1470 3309 1865 3380 γεγενημένην,

180 3400 281 3454 καὶ
297 3400 381 3453 ὅτι
407 3396 560 3454 οὐδὲν
583 3395 693 3451 τῶν
716 3395 883 3453 ὄντων
914 3395 1191 3465 διέφυγεν,
1221 3394 1359 3449 ἀλλά
1395 3394 1598 3460 πάντες
1626 3396 1731 3451 ὑπὸ
1757 3398 1869 3453 τῶν

181 3486 394 3542 ὑδάτων
419 3483 827 3555 ἀπεπνίγησαν,
860 3483 958 3537 καὶ
987 3483 1051 3537 τὸ
1088 3481 1199 3537 τῶν
1238 3480 1542 3553 ἀνθρώπων
1569 3483 1745 3553 γένος,
1777 3487 1870 3540 καὶ

179 3575 246 3631 τὸ
279 3576 391 3629 τῶν
417 3572 649 3643 ἀλόγων.
677 3571 1219 3642 Καὶεκατελείφθη.
1254 3571 1415 3641 φησὶ,
1465 3572 1656 3642 μόνος
1704 3573 1866 3642 Νῶε,

181 3660 285 3718 καί
316 3663 372 3715 οί
394 3660 525 3730 μετ’
553 3659 742 3714 αὐτοῦ
770 3658 842 3713 ὲν
864 3657 942 3729 τῇ
969 3658 1214 3724 κιϐωτῷ.
1242 3658 1353 3713 Καὶ
1385 3657 1595 3729 ὑψώθη
1618 3660 1686 3714 τὸ
1711 3661 1868 3732 ὕδωρ

183 3748 287 3802 ἐπὶ
335 3747 449 3817 τῆς
487 3746 606 3818 τῆς
649 3745 871 3803 ἑκατὸν
910 3745 1295 3814 πεντήκοντα
1334 3746 1581 3818 ἡμέρας.
1621 3749 1744 3803 Ἐπὶ
1780 3767 1870 3805 τοι

185 3837 412 3901 σαύτας,
442 3837 628 3908 φησιν,
661 3836 877 3908 ἡμέρας
901 3847 929 3878 ι
958 3834 1140 3906 ἐμεινε
1172 3834 1580 3907 κορυφούμενον
1609 3835 1671 3890 τὸ
1701 3835 1864 3910 ὕδωρ.

196 3924 400 3980 Ἐννόει
427 3941 521 3996 μοι
546 3922 711 3980 πάλιν
730 3921 966 3981 ἐνταῦθα
988 3922 1081 3977 τοῦ
1105 3921 1313 3979 δικαίου
1341 3922 1440 3998 τὴν
1462 3923 1869 3995 μεγαλοψυχίαν

182 4011 402 4083 καὶτῆς
425 4010 679 4083 ἀνδρείας
710 4010 810 4082 τὴν
842 4009 1172 4082 ὑπερϐολήν.
1198 4009 1264 4062 Τί
1292 4010 1393 4064 οὐκ
1419 4009 1485 4066 ἂν
1512 4010 1714 4067 ἐπαθεν
1738 4014 1870 4067 ὐπο-

181 4097 415 4171 γράφων
443 4098 513 4168 τῇ
542 4094 753 4165 διανοίᾳ
785 4093 882 4155 καὶ
908 4093 1071 4166 ὁρῶν,
1093 4093 1170 4158 ὼς
1200 4094 1396 4159 εἰπεῖν,
1419 4092 1500 4165 τῷ
1530 4093 1775 4166 λογισμῷ
1800 4096 1869 4150 τὰ

184 4184 418 4255 σώματα
441 4182 511 4237 τά
549 4180 890 4255 ἀνθρώπινα,
922 4184 1018 4237 καὶ
1047 4180 1199 4255 [241]
1230 4182 1300 4240 τὰ
1344 4180 1454 4235 τῶν
1492 4182 1727 4253 κτηνῶν,
1761 4183 1871 4239 τῶν

181 4271 448 4342 καθαρῶν
479 4273 574 4325 καὶ
612 4268 727 4324 τῶν
757 4269 1086 4343 ἀκαθάρτων
1104 4309 1120 4336 ,
1148 4269 1242 4327 τὸν
1273 4268 1450 4324 κοινὸν
1480 4269 1707 4327 θάνατον
1738 4272 1872 4327 ὑπο-

189 4359 471 4432 μείναντα,
504 4357 600 4412 καὶ
637 4357 778 4429 ὁμοῦ
823 4358 1172 4430 πεφυρμένα,
1198 4358 1296 4412 καὶ
1321 4357 1580 4430 οὐδεμίαν
1607 4359 1870 4434 διαφορὰν

184 4445 530 4518 γενομένην;
570 4445 682 4499 Καὶ
724 4445 864 4517 μετά
902 4444 1096 4501 τούτου
1141 4445 1326 4512 πάλιν,
1359 4446 1579 4502 ἐπειδὰν
1599 4447 1629 4488 δ
1656 4447 1718 4502 τὸ
1749 4449 1869 4504 καθ’

186 4534 379 4589 ἐαυτὸν
409 4531 887 4604 ἀναλογιζόμενος,
921 4532 1021 4605 τὴν
1061 4533 1320 4606 μόνωσιν,
1347 4533 1447 4607 τὴν
1484 4535 1743 4607 ἐρημίαν,
1771 4536 1871 4610 τὴν

184 4622 463 4694 διαγωγὴν
487 4621 705 4694 ἐκείνην
733 4622 833 4694 τὴν
859 4622 1146 4695 ὀδυνηρὰν,
1171 4624 1268 4679 καὶ
1288 4625 1546 4698 οὐδεμίαν
1571 4626 1872 4699 οὐδαμόθεν

190 4708 569 4781 παραμυθίαν,
616 4709 719 4764 οὐκ
747 4709 858 4765 ἀπὸ
901 4710 1214 4782 συντυχίας,
1249 4713 1352 4767 οὐκ
1399 4712 1507 4768 ἀπὸ
1546 4713 1710 4781 θέας,
1755 4714 1871 4770 ἀλλ’

189 4798 314 4852 οὐδὲ
337 4799 430 4852 τὸν
448 4798 644 4871 χρόνον
663 4797 821 4863 εἰδὼς
846 4799 1111 4871 ἀκριϐῶς,
1134 4800 1299 4855 πόσον
1318 4802 1551 4874 ἤμελλεν
1578 4804 1872 4876 ἀνέχεσθαι

188 4884 291 4956 τῆς
335 4887 393 4939 ἐν
426 4885 506 4957 τῷ
544 4886 905 4958 δεσμωτηρίῳ
949 4888 1143 4959 ἐκείνῳ
1168 4888 1480 4961 διαγωγῆςς
1530 4891 1676 4956 Ἕως
1703 4891 1813 4964 γὰρ
1844 4895 1874 4948 6

189 4972 397 5037 κτύπος
418 4972 527 5027 τῶν
553 4972 760 5027 ὑδάτων
782 4974 875 5028 καὶ
899 4975 929 5028 6
951 4974 1196 5046 πάταγος
1214 4971 1303 5047 ἦν,
1324 4977 1447 5031 καθ’
1472 4978 1719 5051 ἑκάστην.
1738 4980 1874 5052 ἠμέ-

192 5076 293 5139 ραν
323 5059 641 5131 ἀκμάζοντα
669 5059 822 5133 αὐτῷ
847 5060 908 5115 τδ
950 5062 1115 5133 φόϐον
1134 5078 1137 5079 ⁷
1158 5065 1525 5136 ἐνειργάζετο.
1571 5068 1641 5121 Τί
1666 5068 1773 5141 γὰρ
1803 5064 1874 5141 ἦν

187 5149 337 5212 είκὺς
369 5148 534 5204 αὐτὸν
580 5149 823 5222 χρηστὸν
857 5149 1196 5207 ὑποπτεῦσαι
1219 5192 1235 5219 ,
1281 5152 1499 5226 ὁρῶντα
1537 5157 1630 5210 ἐπὶ
1678 5158 1874 5211 ἑκατὸν

189 5238 541 5308 πεντήκοντα
569 5237 789 5309 ἡμέρας
842 5240 937 5292 ἐπὶ
966 5239 1067 5311 τῆς
1098 5239 1428 5314 ταυτότητκ
1455 5243 1524 5297 τὰ
1563 5242 1731 5300 ὕδατα
1779 5244 1875 5317 μέ-

188 5341 377 5390 νοντα,
398 5327 494 5384 καὶ
516 5324 599 5389 είς
620 5325 755 5395 ὕψος
771 5325 1117 5399 ἐγειρόμενα,
1146 5328 1240 5382 καὶ
1261 5328 1382 5385 οὐδὲ
1404 5331 1471 5383 τὸ
1488 5331 1651 5403 τυχὸν
1682 5331 1877 5404 λήγον-

188 5428 294 5477 τα;
335 5407 476 5471 Ἀλλ’
513 5412 665 5484 ὅμως
691 5411 856 5485 ἔφερε
884 5413 1170 5483 γενναίως,
1198 5414 1353 5481 είδὼς
1381 5418 1478 5471 τοῦ
1513 5419 1786 5474 Δεσπότου
1814 5422 1877 5476 τὸ

187 5500 527 5571 εὐμήχανον,
568 5500 665 5554 καὶ
709 5502 790 5555 ὅτι
822 5501 1154 5574 δημιουργὸς
1177 5502 1253 5557 ὢν
1286 5504 1386 5575 τῆς
1413 5505 1628 5575 φύσεως
1658 5508 1876 5565 ἅπαντα

192 5588 340 5641 ποιεῖ
362 5588 461 5642 καὶ
485 5588 882 5659 μετασκευάζει
913 5588 1050 5662 πρὸς
1068 5588 1096 5642 ὃ
1125 5589 1397 5659 βούλεται,
1425 5593 1521 5647 καὶ
1543 5594 1642 5648 οὐκ
1664 5594 1877 5666 ἐδυσχέ·

193 5689 349 5746 ραινε
375 5673 515 5745 πρὸς
534 5673 636 5744 τὴν
656 5675 837 5728 ἐκεῖσε
865 5673 1163 5747 διαγωγήν.
1203 5678 1268 5730 Ἦ
1298 5676 1407 5749 γὰρ
1438 5678 1531 5733 τοῦ
1555 5679 1693 5733 θεοῦ
1734 5681 1875 5752 ῥοπὴ

248 5860 289 5934 ξ
315 5859 468 5934 ξεγὶι.
487 5865 548 5934 ξι
568 5864 923 5934 ηξιὶοαιεε-ωεε.
947 5862 1316 5934 ἐπιτοσαύταις,
1340 5866 1499 5934 φησιν,
1515 5868 1727 5931 ἡμέραις.

258 5916 299 5992 ιζ
317 5921 466 5972 Putat.
484 5916 987 5992 Sagilius-deleIlQUm
1020 5925 1227 5992 ἐπειῇν,
1262 5916 1358 5992 δ’ὁ-ι’
1382 5916 1560 5977 ἐειιέιίί
1587 5916 1872 5981 ῐῆυιέηόυηι

197 5984 251 6035 in
276 5984 466 6051 ἔπειταί
504 5984 623 6034 mihi
644 5997 791 6051 εοεαε
807 5985 1017 6051 _vldetur
1032 6001 1056 6051 _:
1079 5984 1222 6051 nihil
1251 5990 1383 6039 enim
1424 5994 1603 6051 prmler
1646 6005 1785 6042 usum
1822 5998 1875 6043 et

198 6057 386 6096 rnorem
408 6046 745 6107 Chrysos’uml
770 6046 848 6098 hic
877 6048 1143 6111 conspicio.

1383 391 1451 449 ΙΝ
1487 392 1643 452 CAP.
1687 394 1782 453 VII
1817 391 2067 454 GENES.
2109 395 2343 456 IIOMIL.
2385 399 2547 456 XXV.

3559 413 3664 470 228

1993 517 2444 598 συνεφαπτομένη
2491 516 2714 588 ἐνεύρου
2739 517 2920 598 ἀὐτοῦ
2952 517 3050 592 τὴν
3085 520 3417 594 προθυμίαν,
3453 527 3544 579 καὶ
3573 529 3665 598 ἀρ-

1986 593 2191 649 κοῦσαν
2234 599 2465 668 παρεῖχε
2496 596 2854 668 παραμυθίαν
2874 640 2888 663 ,
2919 598 3021 653 οὐκ
3077 593 3299 671 ἀφιεῖσα
3334 593 3666 660 καταπεσεῖν

1983 672 2112 754 τοὺς
2141 674 2457 754 λογισμοὺς,
2481 676 2576 754 καὶ
2604 675 2729 754 οὐδέ
2750 677 2972 744 ἀγεννές
2999 695 3051 732 τι
3080 689 3103 718 ο
3128 682 3222 733 καὶ
3243 682 3502 754 ἄνανδρον
3527 684 3665 752 λογί-

1989 750 2202 835 σασθαι.
2231 753 2450 835 Ἐπειδὴ
2479 752 2903 835 γὰρ-προλαϐὼν
2929 756 2998 810 τὰ
3022 760 3152 829 παρ’
3175 759 3370 814 ἑαυτοῦ
3397 750 3661 835 παρέσχε,

1979 830 2079 910 τῇς
2102 830 2304 901 ἀρετῆς
2327 830 2428 910 τὴν
2453 832 2761 902 ἀκρίϐειαν,
2779 835 2879 905 τῆς
2905 835 3248 908 δικαιοσύνης
3270 838 3366 910 τὴν
3389 830 3660 906 ἐπίτασιν,

1980 907 2080 987 τῆς
2112 910 2349 973 πίστεως
2382 909 2479 981 τὴν
2504 912 2828 983 ὑπερϐολὴν,
2865 914 2958 967 καὶ
2997 916 3065 968 τὰ
3090 907 3240 987 παρά
3267 907 3362 971 τοῦ
3390 921 3661 975 Δεσπότου

1979 984 2165 1072 λοιπὸν
2193 987 2343 1072 αὐτῷ
2394 988 2534 1072 μετά
2568 988 2847 1072 δαψιλείας
2868 984 3229 1072 ἐχορηγεῖτο.
3260 996 3294 1064 ἡ
3324 997 3591 1070 ὑπομονὴ,
3626 1000 3661 1072 ἠ

1980 1063 2222 1147 ἀνδρεία,
2251 1066 2316 1147 τό
2345 1066 2537 1139 πράως
2565 1067 2782 1123 ἅπαντα
2810 1063 3051 1142 φέρειν,
3076 1072 3138 1126 τὸ
3184 1063 3513 1145 ἀνασχέσθαι

1978 1144 2246 1225 οίκήσεως
2266 1145 2368 1216 τῆς
2400 1147 2459 1199 ἐν
2493 1149 2561 1218 τῇ
2591 1147 2832 1219 κιϐωτῷ,
2864 1149 2926 1203 τὸ
2960 1150 3224 1222 μηδεμίαν
3247 1144 3425 1225 λύμην
3454 1144 3661 1210 ἐκεῖθεν

1977 1223 2253 1306 δέξασθαι,
2285 1226 2344 1279 τὸ
2369 1225 2445 1306 μὴ
2475 1225 2859 1299 διαφθαρῆναι,
2888 1229 3022 1300 μηδέ
3045 1223 3490 1305 δυσχερᾶναιήτὴν
3521 1233 3660 1306 μετὰ

1976 1302 2088 1356 τῶν
2124 1302 2336 1372 ἀλόγων
2364 1303 2659 1377 διαγωγήν.

2049 1380 2114 1447 ζ’.
2142 1380 2343 1435 Τοῦτον
2365 1377 2479 1452 οὗν,
2504 1382 2824 1455 παρακαλῶ,
2842 1382 2934 1438 τὸν
2957 1384 3166 1441 δίκαιον
3182 1388 3276 1442 καὶ
3295 1389 3458 1459 ἡμεῖς
3476 1389 3659 1460 μιμώ-

1981 1460 2142 1538 μεθα,
2182 1460 2275 1514 καὶ
2305 1462 2375 1515 τά
2413 1463 2544 1532 παρ’
2585 1461 2794 1516 ἑαυτῶν
2826 1464 3221 1537 σπουδάζωμεν
3247 1467 3543 1538 εἰσφέρειν,
3572 1468 3662 1521 ἵνα

1977 1533 2164 1615 ἀξίους
2189 1539 2417 1603 ἑαυτοὺς
2443 1539 2944 1611 κατασκευάσωμεν
2962 1543 3072 1598 τῶν
3100 1533 3253 1615 παρά
3279 1533 3373 1599 τού
3404 1533 3538 1599 Θεοῦ
3558 1545 3662 1600 δω-

1979 1614 2141 1686 ρεῶν.
2164 1615 2265 1670 Διὰ
2296 1617 2454 1670 τοῦτο
2479 1617 2589 1691 γὰρ
2615 1619 2875 1691 ἀναμένει
2899 1619 2999 1685 τὰς
3031 1625 3157 1694 παρ’
3186 1614 3349 1695 ἡμῶν
3380 1623 3656 1695 ἀφορμὰς,

1979 1696 2067 1750 ἵνα
2099 1696 2303 1769 πολλὴν
2343 1698 2679 1771 ἐπιδείξηται
2723 1700 2822 1771 τὴν
2858 1699 3187 1772 φιλοτιμίαν.
3223 1703 3316 1775 Μὴ
3355 1702 3533 1756 τοίνυν
3571 1703 3658 1757 διὰ

1951 1802 1957 1809 ι
1977 1775 2248 1848 ρᾳθυμίαν
2269 1780 2665 1853 ἀποστερῶμεν
2693 1780 2921 1843 ἐαυτοὺς
2942 1780 3052 1833 τῶν
3075 1782 3205 1853 παρ’
3227 1781 3392 1836 αὐτοῦ
3417 1782 3658 1855 δωρεῶν.

1974 1855 2111 1910 ἀλλά
2143 1855 2463 1928 σπεύδωμεν
2482 1899 2498 1923 ,
2544 1860 2637 1913 καί
2671 1856 3023 1928 ἐπειγώμεθα
3054 1860 3154 1931 τῆς
3197 1860 3375 1932 ἀρχῆς
3405 1859 3661 1914 ἐπιλαϐέ-

1978 1933 2124 2011 σθαι,
2152 1934 2248 1987 καὶ
2276 1938 2377 2006 τῆς
2405 1936 2526 1990 ὁδοῦ
2553 1937 2654 2007 τῆς
2680 1936 2773 1988 ἐπὶ
2798 1937 2894 2006 τὴν
2923 1937 3124 2009 ἀρετὴν
3151 1937 3411 2009 ἅψασθαι.
3448 1940 3532 1991 ἵνα
3559 1939 3658 2009 τῆς

1974 2012 2181 2067 ἀνωθεν
2203 2013 2520 2085 συμμαχίας
2542 2013 2928 2081 ἀπολαύοντες,
2960 2015 3055 2067 καὶ
3088 2017 3224 2087 πρὸς
3253 2017 3315 2070 τὸ
3341 2017 3489 2079 τέλος
3521 2016 3659 2086 φθόι-

1976 2109 2066 2146 σαι
2098 2092 2433 2165 δυνηθῶμεν.
2473 2092 2609 2146 Οὐδὲ
2637 2093 2746 2164 γὰρ
2778 2086 2888 2145 οἶόν
2917 2094 2974 2146 τέ
3005 2111 3060 2146 τι
3088 2086 3323 2165 χρηστὸν
3350 2097 3500 2165 ἡμᾶς
3522 2111 3657 2148 ποτε

1973 2171 2319 2243 κατορθῶσαι
2347 2171 2421 2244 μὴ
2441 2174 2539 2244 τῆς
2573 2171 2780 2226 ἄνωθεν
2813 2171 2988 2242 ῥοπῆς
3016 2173 3450 2237 ἀπολαύσαντας.
3470 2173 3658 2227 Καθά-

1973 2267 2082 2321 περ
2108 2247 2203 2304 οὗν
2230 2253 2311 2316 είς
2340 2252 2589 2322 ἄγκυραν
2616 2250 2831 2320 ἀσφαλῆ
2870 2252 2966 2304 καὶ
3000 2250 3230 2323 βεϐαίαν
3258 2251 3657 2323 ἐξαρτήσαντες

1972 2330 2200 2394 ἑαυτοὺς
2224 2330 2324 2401 τῆς
2361 2331 2442 2394 είς
2465 2330 2555 2384 τὸν
2580 2329 2712 2383 Θεὸν
2743 2329 2976 2395 ἐλπίδος,
3009 2328 3184 2393 οὕτως
3212 2322 3430 2400 ὦμεννά,
3449 2322 3546 2384 καὶ
3578 2330 3654 2400 μὴ

1973 2407 2111 2480 πρὸς
2141 2413 2235 2463 τὸν
2274 2409 2438 2463 πόνον
2473 2408 2760 2479 βλέπωμεν
2802 2409 2904 2478 τῆς
2938 2407 3157 2478 ἀρετῆς,
3203 2408 3340 2462 ἀλλά
3386 2409 3485 2480 τὴν
3519 2408 3659 2480 μετά

1969 2490 2062 2543 τὸν
2095 2488 2255 2544 πόνον
2278 2489 2511 2562 ἀμοιϐὴν
2533 2487 2870 2558 λογιζόμενοι
2896 2488 3113 2557 κούφως
3143 2488 3356 2542 ἅπαντα
3378 2489 3653 2559 φέρωμεν.

1984 2569 2137 2622 Ἐπεὶ
2167 2568 2260 2621 καὶ
2285 2568 2546 2640 ἔμπορος,
2571 2566 2791 2620 ἐπειδὰν
2816 2567 2911 2621 τὸν
2940 2566 3133 2638 λιμένα
3165 2567 3414 2638 ἐκϐαίνῃ,
3443 2567 3537 2620 καὶ
3561 2565 3656 2619 τοῦ

1970 2646 2245 2717 πελάγους
2273 2649 2332 2699 ἐν
2362 2648 2512 2717 μέσῳ
2552 2646 2811 2717 γένηται,
2844 2646 2905 2698 οὐ
2949 2646 3075 2708 τοὺς
3107 2645 3375 2717 πειρατὰς
3402 2685 3416 2708 ,
3448 2645 3544 2698 καὶ
3588 2644 3658 2697 τά

1969 2728 2224 2797 ναυάγια,
2253 2727 2347 2781 καὶ
2377 2725 2447 2781 τὰ
2488 2725 2655 2797 θηρία
2684 2725 2753 2779 τὰ
2786 2724 2928 2778 κατὰ
2957 2724 3255 2787 θάλασσαν,
3285 2724 3379 2776 καὶ
3412 2723 3512 2787 τὰς
3548 2721 3657 2774 τῶν

1970 2807 2189 2878 ἀνέμων
2234 2804 2489 2875 ἐμϐολὰς,
2532 2805 2626 2858 καὶ
2673 2805 2801 2866 τοὺς
2843 2803 3176 2874 ἐπαλλήλους
3217 2803 3527 2874 χειμῶνας,
3562 2803 3656 2854 καὶ

1968 2885 2270 2956 ἀποτυχίας
2284 2885 2555 2952 λογίζεται
2573 2883 2753 2953 μόνον,
2772 2882 2906 2936 ἀλλά
2934 2882 3029 2936 καὶ
3052 2883 3119 2936 τά
3144 2883 3282 2953 μετὰ
3302 2881 3361 2934 τὸ
3376 2882 3658 2950 διαφυγεῖν

1968 2963 2143 3019 ταῦτα
2172 2962 2577 3035 προσγινόμενα
2607 2961 2770 3032 κέρδη
2792 3003 2807 3023 ,
2838 2960 2930 3013 καὶ
2961 2958 3115 3032 [242]
3137 2962 3204 3031 τῇ
3245 2959 3420 3012 ἐλπίδι
3456 2959 3655 3028 τρεφό-

1974 3059 2136 3114 μενος
2158 3041 2374 3097 ἆπαντα
2404 3041 2523 3111 μετ’
2554 3040 2808 3103 εὐκολίας
2837 3039 3194 3109 καταδέχεται
3213 3037 3282 3091 τὰ
3313 3036 3656 3108 προλαϐόντα

1973 3121 2245 3196 μοχθηρὰ,
2273 3121 2361 3175 ἵνα
2397 3120 2620 3174 πλείονα
2651 3118 3015 3191 περιϐάληται
3050 3120 3329 3189 χρήματα,
3360 3116 3455 3170 καὶ
3482 3115 3656 3178 οὕτως

1969 3202 2153 3258 οἴκαδε
2180 3200 2475 3272 ἐπανέλθῃ.
2498 3201 2609 3253 Καὶ
2648 3201 2677 3253 6
2723 3200 2962 3271 γηπόνος
3000 3198 3056 3251 δὲ
3102 3199 3161 3250 οὐ
3196 3199 3323 3261 τοὺς
3368 3196 3510 3250 κατά
3555 3197 3657 3265 τὴν

1970 3282 2248 3355 γεωργίαν
2282 3281 2514 3352 μόχθους
2544 3281 2717 3334 ἐννοεῖ
2748 3279 2930 3350 μόνον,
2954 3278 3049 3331 καὶ
3077 3276 3178 3340 τὰς
3203 3275 3529 3355 ἐπομϐρίας,
3549 3274 3657 3355 Δκαὶ¹

1969 3352 2215 3433 ⁸*ι”ῆςγῑσίς
2249 3360 2346 3432 τὴν
2378 3358 2701 3428 ἀποτυχίαν,
2733 3357 2829 3411 καὶ
2867 3357 2966 3428 τῆς
3015 3356 3275 3427 ἐρυσίϐης
3315 3354 3413 3425 τὴν
3444 3352 3653 3433 ἔφοδον,

1971 3430 2067 3494 καὶ
2097 3439 2204 3493 τῶν
2236 3430 2476 3510 ἀκρίδων
2518 3437 2616 3509 τὴν
2655 3436 2867 3508 λύμην,
2902 3435 3036 3490 ἀλλά
3076 3437 3170 3489 καὶ
3193 3435 3290 3506 τὴν
3323 3435 3437 3488 ἀλω
3465 3433 3557 3487 καὶ
3587 3430 3655 3485 τά

1970 3520 2265 3594 δράγματα
2291 3519 2627 3592 ὑπογράφων
2651 3520 2765 3580 τοῖς
2788 3516 3091 3587 λογισμοῖς,
3113 3515 3330 3594 ἅπαντα
3359 3513 3517 3594 φέρει
3539 3528 3656 3594 γεν-

1971 3590 2158 3665 ναίως,
2191 3590 2450 3670 οὐδεμίαν
2484 3597 2593 3651 τῶν
2627 3597 2806 3650 πόνων
2832 3596 3086 3666 αἴσθησιν
3116 3593 3412 3665 λαμϐάνων
3446 3590 3531 3645 διὰ
3555 3590 3656 3660 τὴν

1971 3677 2081 3732 τῶν
2120 3676 2377 3749 χρηστῶν
2410 3675 2773 3749 προσδοκίαν,
2826 3673 3006 3728 καίτοι
3059 3672 3259 3744 ἀδήλου
3302 3672 3402 3742 τῆς
3442 3670 3656 3732 ἐλπίδος

1971 3755 2161 3829 οὔσης,
2193 3755 2311 3811 ἀλλ’
2337 3758 2488 3828 ὅμως
2517 3758 2638 3819 ταῖς
2671 3754 3069 3826 χρηστοτέραις
3095 3751 3276 3805 ἐλπίσι
3301 3750 3653 3829 τρεφόμενος,

1972 3838 2074 3892 οὐκ
2098 3828 2440 3909 ἀπαγορεύει
2469 3834 2607 3906 πρὸς
2633 3836 2760 3898 τοὺς
2786 3834 3006 3897 πόνους,
3034 3831 3172 3886 ἀλλά
3204 3831 3381 3909 πάντα
3417 3829 3486 3883 τά
3525 3828 3654 3900 παρ’

1972 3915 2168 3970 ἐαυτοῦ
2203 3907 2468 3987 εἰσφέρει,
2497 3912 2784 3984 ἀναμένων
2812 3913 2921 3966 τῶν
2960 3911 3137 3964 πόνων
3162 3907 3468 3987 λαϐεῖντάς
3498 3908 3657 3979 ἀμοι-

1973 3996 2093 4060 ϐάς.
2112 3995 2227 4050 Καὶ
2258 3996 2288 4048 6
2328 3986 2670 4064 στρατιώτης
2710 3992 2768 4045 δέ
2799 3989 2961 4044 πάλιν
2988 3989 3130 4042 ὅπλα
3162 3986 3520 4062 περιτίθεται,
3561 3988 3655 4041 καὶ

1973 4077 2055 4140 είς
2085 4075 2177 4128 τὸν
2210 4073 2447 4143 πόλεμον
2496 4070 2702 4137 ἔξεισι,
2729 4070 2825 4123 καὶ
2863 4068 2964 4122 οὐκ
2996 4069 3167 4122 ἐννοεῖ
3200 4066 3360 4137 μόνον
3386 4066 3455 4119 τὰ
3485 4065 3657 4136 τραύ-

1976 4169 2126 4225 ματα
2166 4152 2261 4204 καὶ
2291 4151 2392 4213 τὰς
2433 4145 2670 4217 σφαγὰς,
2700 4145 2919 4210 καὶτὰς
2965 4145 3073 4225 τῶν
3102 4143 3653 4225 πολεμίωνέφόδους,

1974 4223 2070 4285 καὶ
2095 4230 2196 4293 τὰς
2226 4228 2392 4291 ἄλλας
2420 4225 2822 4297 ταλαιπωρίας,
2851 4225 2989 4278 ἀλλά
3015 4224 3114 4294 τὴν
3140 4224 3296 4294 νίκην
3320 4223 3412 4276 καὶ
3435 4223 3503 4276 τά
3531 4224 3656 4293 τρόα

1974 4301 2123 4365 παια’
2142 4305 2320 4378 ἐαυτῷ
2350 4304 2710 4377 ὑπογράφων,
2742 4303 2887 4359 οὕτω
2916 4304 3015 4374 τὴν
3043 4302 3153 4356 τῶν
3193 4302 3373 4356 ὃπλων
3416 4319 3654 4356 παντευ-

1972 4389 2097 4459 χίαν
2122 4384 2528 4458 περιϐάλλεται,
2552 4384 2644 4436 καὶ
2668 4383 2890 4453 ἀδηλίας
2919 4393 2942 4422 ο
2973 4381 3172 4452 πολλῆς
3205 4379 3370 4452 οὔσης
3397 4380 3490 4433 καὶ
3521 4381 3658 4434 ἀπο-

1974 4466 2381 4538 τυχίας,πάντα
2409 4462 2650 4516 τοιοῦτον
2675 4461 3038 4533 ἀπωσάμενος
3067 4459 3349 4530 λογισμὸν,
3390 4460 3485 4513 καὶ
3517 4475 3655 4530 χρη-

1976 4547 2106 4609 στάς
2136 4543 2354 4606 ἐλπίδας
2397 4539 2576 4609 ἐαυτῷ
2610 4540 2968 4612 ὑπογράφων,
3001 4540 3181 4593 πάντα
3214 4540 3371 4592 ὄκνον
3405 4538 3656 4591 ἀποτίθεη

1972 4642 2085 4689 ται,
2115 4625 2211 4678 καὶ
2254 4621 2436 4676 λαϐὼν
2465 4619 2535 4673 τά
2558 4620 2700 4675 ὅπλα
2736 4620 2872 4691 πρὸς
2905 4620 3004 4691 τὴν
3033 4618 3140 4672 τῶν
3175 4617 3448 4687 πολεμίων
3479 4617 3655 4686 παρά-

1973 4701 2127 4770 ταξιν
2179 4702 2345 4774 ὁρμᾷ.
2378 4701 2442 4756 El
2487 4698 2710 4762 τοίνυν,
2758 4699 3064 4770 ἀγαπητοὶ,
3099 4698 3194 4751 καὶ
3242 4696 3514 4766 ἔμπορος,
3562 4696 3655 4774 καί

1975 4773 2235 4854 γηπόνος,
2262 4779 2357 4835 καὶ
2389 4777 2750 4850 στρατιώτης,
2789 4776 2918 4831 ἔνθα
2946 4778 3040 4831 καὶ
3064 4775 3257 4846 ἄδηλος
3283 4774 3526 4854 ἠηέλπὶς,
3558 4773 3654 4854 καὶ

1975 4851 2268 4931 ἀποτυχίαι
2312 4857 2561 4922 πλείους,
2594 4857 2689 4910 καὶ
2728 4856 2799 4908 τά
2840 4855 3168 4925 κωλύματα,
3205 4852 3457 4931 καθάπερ
3485 4851 3652 4931 ἢκούη

1977 4957 2131 5005 σατε,
2156 4930 2333 4991 πολλά
2363 4937 2457 4991 καὶ
2482 4935 2738 5004 διάφορα,
2769 4935 2864 4987 καὶ
2890 4934 3040 5004 ὅμως
3080 4931 3256 4996 οὐδεὶς
3296 4930 3501 4984 τούτων
3544 4930 3654 4982 ἀπ-

1976 5017 2258 5090 αγορεύων
2283 5016 2419 5088 πρὸς
2439 5015 2567 5078 τοὺς
2601 5012 2797 5075 πόνους
2829 5011 3131 5090 ἀφίσταται
3159 5010 3256 5079 τῆς
3282 5007 3652 5090 χρηστοτέρας

1975 5087 2209 5160 ἐλπίδος,
2244 5087 2404 5157 ποίας
2436 5092 2503 5146 ἂν
2530 5093 2691 5163 ἡμεῖς
2721 5089 3052 5160 συγγνώμης
3073 5087 3329 5159 τύχοιμεν
3352 5087 3653 5139 ἀποκνοῦν-

1974 5193 2068 5241 τες
2099 5176 2236 5248 πρὸς
2259 5175 2361 5247 τὴν
2392 5172 2619 5245 ἀρετὴν,
2641 5174 2738 5225 καὶ
2766 5171 2890 5242 οὐχὶ
2922 5170 3101 5248 πάντα
3140 5169 3301 5222 πόνον
3323 5166 3650 5248 αὐτομάτως

1977 5246 2424 5329 καταδεχόμενοι,
2458 5251 2633 5315 οὕτως
2662 5247 3134 5329 ἀαφαλοῦςοῦσης
3292 5246 3527 5329 ἐλπίδος,
3559 5249 3654 5329 καξι

1976 5325 2262 5391 τοσούτων
2304 5330 2686 5402 ἀποκειμένων
2732 5331 2866 5401 ἡμῖν
2903 5328 3013 5382 τῶν
3060 5325 3318 5396 ἀγαθῶν,
3370 5327 3463 5380 καὶ
3517 5327 3657 5397 μετά

1977 5415 2180 5487 πολλῆς
2210 5413 2310 5484 τῆς
2356 5410 2676 5484 περιουσίας
2704 5410 2942 5483 νικώσης
2968 5409 3068 5480 τῆς
3109 5408 3346 5479 ἀμοιϐῆς
3380 5407 3557 5461 πάντα
3587 5408 3657 5462 τά

1979 5496 2109 5568 παρ’
2140 5493 2297 5569 ἡμῶν
2322 5492 2581 5562 γινόμενα
2604 5508 2619 5556 ;
2647 5490 2846 5545 Ἄκουε
2871 5490 3053 5544 τοίνυν
3077 5490 3169 5543 τοῦ
3209 5491 3478 5561 μακαρίου
3507 5489 3657 5543 Παύ-

1976 5593 2067 5628 Λου
2095 5574 2346 5643 λέγοντος
2376 5570 2517 5642 μετά
2538 5569 2806 5634 τοσαύτας
2834 5572 2929 5624 καὶ
2954 5568 3287 5642 τηλικαύτας
3309 5569 3537 5641 θλίψεις,
3561 5569 3656 5624 καὶ

1980 5657 2078 5721 τὰς
2112 5653 2439 5722 ἀπαγωγὰς,
2473 5653 2567 5707 καὶ
2594 5652 2661 5705 τά
2692 5651 3066 5722 δεσμωτήρια,
3111 5650 3357 5714 καὶτοὺς
3393 5651 3657 5715 θανάτους

2045 5800 2067 5830 ⁸
2096 5797 2241 5848 Savll.
2270 5795 2405 5846 addit
2426 5793 2605 5843 παθεῖν.

2044 5859 2245 5910 ἀδενὶι.
2270 5864 2322 5907 el
2339 5862 2550 5919 quatuor
2591 5868 2708 5904 mss.
2735 5854 2885 5910 οὕτως
2927 5853 3104 5903 ἅπασιν
3139 5852 3437 5965 ἐγχειρῶμεν.
3475 5848 3648 5919 Morel.

2061 5922 2144 5965 alii
2184 5920 2335 5965 οὕτως
2375 5921 2522 5965 ὦμεν.
2558 5918 2698 5965 etila
2740 5917 2867 5965 lezil
2905 5920 3154 5965 interpres
3239 5915 3416 5962 alinus.
3490 5915 3512 5941 θ
3554 5911 3648 5958 ΑΙιι

1984 5930 2038 5972 οι
2061 5922 2144 5970 alii
2184 5920 2335 5974 οὕτως
2358 5911 2522 5979 ’ὦμεν,
2558 5918 2698 5979 ειὶιε
2740 5917 2867 5977 legit
2905 5911 3515 5979 interpljes'Lalinus.-_fj
3554 5911 3654 5979 Alii

1983 5969 2165 6041 ἀηδίας.
2195 5969 2755 6041 intra'Sav'ilfnpagm
2791 5969 2887 6027 ἶσον
2927 5969 3165 6039 πολεμίων
3197 5976 3380 6039 εφοδον.
3422 5969 3660 6034 Αιίιπρδς

1982 6040 2067 6104 τήν
2091 6043 2185 6092 τῶν
2234 6041 2472 6103 πολεμίων
2513 6040 2708 6098 πληθύν.
