4078 6422
469 382 575 453 229

469 498 596 562 τοὺς
621 494 1047 568 καθημερινούςο
1080 499 1205 552 Οὐκ
1237 495 1375 562 ἄξια
1402 497 1474 551 τὰ
1516 496 1835 565 παθήματα
1881 494 1989 548 τοῦ
2022 493 2138 548 νῦν

471 585 677 654 καιροῦ
710 585 861 653 πρὸς
892 583 1009 652 τὴν
1034 584 1395 654 μέλλουσαν
1426 585 1615 648 δόξαν
1640 579 2139 651 ἀποκαλυφθῆναι

469 674 557 738 εἰς
595 671 771 741 ἡμᾶς.
801 670 921 726 Κᾶν
958 670 1078 728 καθ’
1111 672 1349 742 ἐκάστην
1384 672 1624 743 ήμέραν,
1668 671 1843 741 φησὶ,
1885 668 2133 729 θανάτοις

470 758 694 821 ἑαυτοὺς
726 757 993 829 ἐκδῶμεν,
1036 759 1175 831 ὅπερ
1224 760 1258 831 ή
1302 758 1463 828 φύσις
1508 760 1568 813 οὐ
1598 759 1843 828 δέχεται,
1875 758 1923 810 εἰ
1965 757 2059 810 καὶ
2102 758 2136 827 ή

470 843 664 915 γνώμη
697 845 905 913 νικῶσα
930 846 1030 916 τὴν
1067 845 1229 916 φύσιν
1256 845 1344 899 διὰ
1383 846 1481 917 τὴν
1513 844 1606 898 τοῦ
1647 844 1918 897 Δεσπὸτου
1953 843 2142 912 φιλαν-

472 931 720 1005 θρωπίαν
742 933 1123 1003 στεφανοῦται,
1150 934 1300 987 οὐδὲν
1327 934 1472 998 ἄξιον
1502 933 1843 1003 ὑπομένομεν
1872 932 1980 984 τῶν
2013 929 2144 1002 μελ·

472 1021 671 1076 λόντων
698 1022 866 1094 ἡμᾶς,
908 1025 1062 1094 φησὶ,
1086 1021 1420 1092 διαδέχεσθαι
1461 1019 1569 1075 τῶν
1614 1020 1863 1089 ἀγαθῶν,
1914 1019 2009 1073 καὶ
2045 1018 2147 1087 τῆς

473 1108 630 1179 δόξης
664 1110 765 1179 τῆς
800 1108 1101 1182 μελλούσης
1144 1109 1624 1164 ἀποκαλύπτεσθαι
1667 1112 1746 1172 είς
1797 1110 1963 1180 ήμᾶς.
2007 1109 2147 1179 Ὅρα

474 1196 638 1250 πόσον
675 1197 774 1267 τῆς
802 1197 961 1268 δόξης
986 1196 1046 1251 τὸ
1077 1196 1309 1268 μέγεθος
1330 1193 1398 1270 ἦς
1420 1196 1786 1251 ἀπολαύουσιν
1819 1197 1868 1250 οἱ
1901 1196 1996 1267 τὴν
2018 1197 2147 1266 ἀρε-

470 1283 570 1355 τὴν
610 1284 1051 1354 μεταδιώκοντες,
1086 1285 1161 1347 ὡς
1204 1286 1359 1355 νικᾷν
1397 1286 1567 1358 αὐτὴν
1600 1285 1800 1348 πάντα,
1835 1285 2044 1353 ὅσαπερ
2081 1283 2146 1339 ἄν

469 1387 555 1433 τις
580 1369 948 1435 ἐπιδείξασθαι
988 1371 1190 1445 δυνηθῇ
1216 1389 1229 1404 ’
1263 1373 1368 1427 κᾶν
1399 1374 1508 1445 γὰρ
1547 1376 1628 1439 εἰς
1658 1375 1830 1444 αὐτὴν
1857 1374 1955 1445 τήν
1983 1389 2145 1445 κορυ-

470 1458 577 1529 φὴν
607 1458 811 1530 φθάσῃ,
832 1460 929 1514 καὶ
959 1459 1103 1515 οὑτω
1129 1461 1396 1518 λείπεται.
1422 1461 1488 1515 Τί
1511 1462 1620 1533 γάρ
1646 1460 1903 1515 τοσοῦτον
1933 1460 2146 1533 ἄνθρω-

473 1562 572 1611 πος
609 1547 981 1615 ἐπιδείξασθαι
1009 1548 1253 1614 δύναται,
1288 1549 1363 1613 ὡς
1394 1550 1633 1614 ἐπαξίως
1661 1549 1891 1620 ἀθλῆσαι
1921 1549 2018 1619 τῆς
2049 1547 2145 1601 τοῦ

472 1636 742 1689 Δεσπότου
774 1635 1122 1708 φιλοτιμίαςς
1153 1640 1214 1691 Εἰ
1249 1638 1306 1690 δὲ
1340 1638 1553 1701 Παῦλος
1587 1640 1616 1691 6
1639 1625 1891 1699 τοσοῦτδς
1923 1638 2016 1691 καὶ
2051 1654 2147 1708 τη-

474 1721 718 1787 λικοῦτος
746 1723 950 1792 ἔλεγεν,
985 1726 1107 1779 Οὐκ
1133 1724 1273 1790 ἄξια
1302 1726 1374 1779 τὰ
1403 1725 1721 1795 παθήματα
1747 1725 1855 1780 τοῦ
1877 1723 1994 1781 νῦν
2021 1743 2147 1781 και-

471 1811 580 1880 ροῦ
606 1810 755 1879 πρὸς
778 1810 893 1878 τὴν
913 1812 1269 1881 μέλλουσαν
1292 1812 1480 1877 δόξαν
1507 1813 2035 1868 ἀποκαλύπτεσθαι
2060 1815 2146 1879 εἰς

476 1896 654 1969 ἡμᾶς,
686 1901 712 1952 6
744 1899 937 1967 λέγων,
973 1899 1113 1954 πάθ’
1157 1900 1387 1970 ἡμέραν
1418 1900 1803 1970 ἀποθνήσκω,
1838 1902 1932 1954 καὶ
1960 1901 2142 1966 πάλιν,

475 1985 910 2055 Περισσότερον
927 1985 1169 2040 πάντων
1181 1987 1482 2043 ἐκοπίασα
1501 2004 1515 2019 ·
1533 1988 1585 2041 τί
1608 1987 1672 2041 ἂν
1696 1987 1944 2058 εἴποιμεν
1961 1990 2141 2059 ήμεῖς,

471 2073 523 2126 οἰ
553 2073 690 2144 μηδέ
722 2074 814 2128 τὸν
857 2074 1089 2145 τυχόντα
1126 2074 1374 2145 κάματον
1416 2075 1558 2147 ὑπὲρ
1593 2076 1691 2146 τῆς
1721 2076 1923 2147 ἀρετῆς
1956 2075 2147 2130 ἀναδέ-

474 2159 666 2227 ξασθαι
701 2161 1037 2233 βουλόμενοι,
1080 2162 1195 2216 ἀλλ’
1229 2162 1317 2216 ἀεὶ
1348 2163 1448 2235 τήν
1480 2164 1665 2217 ἄνεσιν
1696 2163 2143 2234 μεταδιώκοντες,

472 2249 566 2302 καὶ
592 2248 749 2302 τοῦτο
779 2250 1262 2322 περισκοποῦντες,
1288 2252 1437 2314 ὅπως
1465 2252 1735 2322 μηδεμίαν
1767 2251 1916 2323 [245]
1952 2254 2146 2322 πεῖραν

473 2337 726 2408 λάϐωμεν
764 2336 875 2390 τῶν
904 2337 1187 2408 λυπηρῶν,
1212 2340 1309 2392 καλ⁸
1340 2339 1514 2392 ταῦτα
1545 2339 1766 2401 εἰδότες,
1799 2341 1882 2393 ὅτι
1910 2340 2008 2409 οὑχ
2034 2334 2145 2392 οἷόν

473 2443 532 2480 τε
554 2426 759 2498 ἑτέρως
779 2428 877 2497 τῆς
897 2426 1015 2479 ἐκεῖ
1037 2429 1220 2496 τυχεῖν
1248 2426 1506 2492 ἀνέσεως,
1528 2427 1602 2497 μὴ
1629 2427 1891 2498 πρότερον
1911 2426 2145 2481 ἐνταῦθα

474 2514 565 2567 τδν
595 2513 684 2568 διὰ
713 2514 812 2583 τῆς
843 2514 1122 2585 ἀθλήσεως
1153 2515 1497 2586 ποθήσαντας
1524 2514 1671 2584 βίον;
1701 2516 1766 2568 Αἰ
1798 2514 1907 2585 γὰρ
1937 2515 2145 2585 θλίψεις

474 2593 638 2655 αὗται
653 2601 903 2672 πρόξενοι
923 2601 1275 2672 γίνονταιτῆς
1290 2602 1424 2673 πρὸς
1443 2592 1685 2656 τδνΘεδν
1714 2603 2143 2674 εὐαρεστήσεως,

476 2688 568 2743 καὶ
589 2688 651 2742 τὸ
672 2688 868 2760 μικρὸν
884 2687 1119 2742 ἐνταῦθα
1139 2688 1369 2759 κάμνειν
1392 2690 1593 2761 πολλὴν
1612 2691 1745 2761 ήμῖν
1771 2692 1889 2744 ἐκεῖ
1901 2691 1999 2760 τὴν
2017 2707 2091 2743 πα
2098 2694 2149 2761 ῥυ

476 2776 674 2845 ρησίαν
701 2775 1006 2847 χαρίζεται,
1040 2776 1199 2846 μόνον
1224 2776 1318 2829 ἐὰν
1348 2775 1665 2847 βουλώμεθα
1701 2776 1845 2830 κατὰ
1876 2777 1975 2848 τὴν
2012 2794 2150 2847 συμ-

473 2864 637 2935 ϐολὴν
659 2863 850 2918 τούτου
872 2864 965 2917 τοῦ
990 2866 1089 2936 τῆς
1106 2865 1431 2935 οἰκουμένης
1453 2864 1770 2918 διδασκάλου
1797 2864 2144 2935 πορεύεσθαι.

487 2952 711 3017 Ἐννόει,
744 2952 995 3024 ἀγαπητέ
1015 2994 1031 3016 ,
1061 2953 1144 3006 δτι
1185 2951 1288 3006 κᾶν
1323 2948 1601 3027 λυπηρὰῇ
1638 2953 1705 3007 τά
1746 2954 2144 3024 συμπίπτοντα,

472 3040 609 3095 ἀλλά
637 3042 946 3113 πρόσκαιρα
967 3058 979 3071 ·
1016 3040 1085 3098 τὰ
1117 3041 1300 3112 μέντοι
1326 3042 1444 3094 ἐκεῖ
1459 3041 1805 3112 διαδεξόμενα
1832 3043 1978 3112 ἡμᾶς
2007 3044 2146 3110 ἀγα-

476 3129 578 3192 θά,
608 3129 855 3183 ἀθάνατα
885 3130 979 3183 καὶ
1014 3128 1227 3182 αἰώνια.
1266 3128 1342 3183 Τὰ
1389 3127 1498 3197 γὰρ
1551 3129 1936 3198 βλεπόμενα,
1978 3129 2143 3199 φησὶ,

475 3217 835 3285 πρόσκαιρα,
870 3217 941 3270 τὰ
970 3216 1038 3269 δὲ
1074 3215 1161 3286 μὴ
1189 3216 1575 3286 βλεπόμενα,
1614 3215 1839 3270 αἰώνια.
1879 3217 2144 3285 Ἐνέγκω⁹

478 3321 579 3375 μεν
601 3305 777 3358 τοίνυν
802 3304 1065 3375 γενναίως
1091 3305 1159 3358 τὰ
1186 3302 1519 3374 πρόσκαιρα,
1545 3304 1637 3357 καὶ
1669 3302 1743 3375 μὴ
1766 3303 2148 3374 ὰποκάμωμεν

475 3390 613 3463 πρὸς
642 3393 769 3456 τοὺς
795 3392 896 3462 τῆς
922 3391 1121 3463 ἀρετῆς
1149 3391 1363 3453 πόνους,
1397 3391 1483 3444 ἵνα
1511 3389 1620 3442 τῶν
1648 3390 1883 3444 αἰωνίων
1912 3390 2148 3444 ἀπολαύ-

476 3495 678 3549 σωμεν,
708 3478 802 3533 καὶ
848 3479 937 3533 ἀεὶ
976 3479 1245 3550 μενόντων
1289 3477 1540 3546 ἀγαθῶν·
1576 3471 1651 3530 ὧν
1683 3477 1892 3546 γένοιτο
1940 3479 2148 3543 πάντας

474 3567 622 3636 ἡμᾶς
669 3567 965 3637 ἐπιτυχεῖν,
995 3566 1180 3636 χάριτι
1230 3566 1324 3619 καὶ
1378 3564 1759 3637 φιλανθρωπίᾳ
1811 3564 1907 3618 τοῦ
1942 3566 2146 3638 Κυρίου

472 3654 633 3724 ήμῶν
665 3653 841 3723 Ἰησοῦ
872 3653 1129 3724 Χριστοῦ,
1165 3653 1285 3723 μεθ’
1314 3646 1376 3706 οῦ
1402 3653 1481 3723 τῷ
1520 3653 1717 3724 Πατρί,
1751 3653 1868 3724 ἅμα
1891 3653 1969 3724 τῷ
2006 3655 2148 3724 ἁγίῳ

474 3741 753 3813 Πνεύματι
776 3741 923 3808 δόξα,
956 3742 1177 3813 κράτος,
1203 3742 1358 3813 τιμὴ,
1394 3742 1489 3796 νῦν
1523 3743 1617 3796 καὶ
1646 3742 1753 3808 ἀεὶ,
1778 3742 1874 3796 καὶ
1915 3744 1996 3807 εἰς
2022 3744 2148 3807 τοὺς

475 3827 682 3893 αἰῶνας
714 3829 823 3882 τῶν
861 3828 1091 3884 αἰώνων.
1141 3829 1335 3899 ’Δμήν.

1100 3950 1347 4006 OMIAIA
1385 3950 1529 4019 κεῖ.

471 4038 580 4096 Καί
604 4037 878 4111 ἐμνήσθη
909 4040 943 4092 ό
963 4036 1128 4111 ΔΘεὸς
1157 4037 1265 4111 τιξῦ
1294 4036 1449 4102 Νῶε,
1471 4036 1589 4111 ’καί
1630 4036 1873 4111 πάντων
1900 4037 2020 4092 τῶν
2048 4041 2148 4111 οη-

535 4107 705 4180 ρίων,
745 4107 851 4180 καί
892 4108 1135 4180 πάντων
1160 4107 1280 4162 τῶν
1306 4107 1562 4180 κτηνῶν,
1605 4109 1702 4180 καί
1744 4108 1987 4180 πάντων
2031 4108 2149 4162 τῶν

542 4175 850 4243 πετεινῶν,
885 4180 983 4250 καί
1022 4178 1263 4250 πάντων
1298 4178 1418 4250 τῶν
1445 4178 1729 4247 ἑρπετῶν,
1757 4178 1876 4234 ὅσα
1910 4175 1989 4248 ἦν
2018 4180 2146 4250 μετ’

541 4250 730 4321 αὑτοῦ
757 4251 828 4303 ὲν
855 4248 928 4321 (ᾗ
956 4247 1199 4321 κιϐωτῷ.
1222 4248 1328 4303 Καὶ
1352 4250 1655 4321 ἐπήγαγεν
1676 4252 1708 4302 ό
1738 4250 1882 4315 Θεὸς
1910 4247 2147 4321 πνεῦμα

544 4321 643 4375 έπί
672 4320 787 4387 τὴν
822 4318 959 4389 γῆν,
986 4318 1087 4372 καί
1113 4319 1380 4373 ἐκόπασε
1408 4320 1475 4372 τὸ
1507 4318 1685 4386 ὕδωρ.

547 4430 616 4476 α’.
631 4419 859 4488 Μεγάλη
879 4418 972 4478 καὶ
993 4418 1198 4487 ἄφατος
1216 4419 1274 4470 ἐν
1289 4421 1402 4481 τοῖς
1420 4417 1731 4488 πρόσφατον
1752 4419 2146 4488 ἀναγνωσθείσι

474 4509 747 4563 δείκνυται
777 4507 812 4577 ή
844 4504 937 4558 τοῦ
966 4504 1099 4559 Θεοῦ
1131 4504 1533 4577 φιλανθρωπία,
1565 4507 1659 4560 καὶ
1680 4498 1779 4576 τῆς
1812 4507 2146 4577 ἀγαθότητος

473 4595 638 4651 αὐτοῦ
673 4596 708 4666 ή
751 4591 1045 4664 ὑπερϐολή,
1076 4593 1143 4663 ήν
1179 4593 1241 4645 οὐ
1290 4593 1449 4663 μόνον
1496 4592 1625 4664 περὶ
1654 4592 1713 4647 τὸ
1749 4593 1964 4663 λογικὸν
1990 4596 2146 4649 τοῦτο

472 4686 613 4752 ζῶον
651 4683 1039 4746 ἐπιδείκνυται,
1066 4680 1158 4735 τὸν
1206 4681 1491 4752 ἄνθρωπον
1529 4682 1688 4749 λέγω,
1716 4682 1851 4737 ἀλλά
1902 4685 2148 4756 καὶπερὶ

471 4773 570 4845 τὴν
600 4771 711 4825 τῶν
733 4770 942 4838 ἀλόγων
972 4768 1128 4834 ζώων
1152 4768 1333 4838 φύσιν.
1357 4770 1694 4841 Δημιουργὸς
1714 4770 1822 4841 γάρ
1846 4771 1954 4824 τῶν
1980 4772 2148 4825 ἀπάν-

470 4879 579 4916 των
604 4859 908 4931 τυγχάνων,
950 4858 1031 4920 εἰς
1062 4856 1237 4910 πάντα
1264 4856 1333 4910 τά
1360 4858 1451 4910 ὑπ’
1477 4857 1643 4910 αὐτοῦ
1671 4857 2147 4928 δημιουργηθέντα

470 4952 571 5020 τὴν
591 4949 798 5003 οἰκείαν
831 4946 1063 5001 ἐκτείνει
1090 4946 1420 5015 ἀγαθὸτητα,
1446 4946 1534 4998 διὰ
1574 4946 1790 5000 πάντων
1821 4948 1950 5015 ήμῖν
1979 4947 2139 4999 ἐνδει-

473 5040 758 5109 κνύμενος,
807 5037 939 5103 ὅσην
984 5037 1215 5087 ποιεῖται
1261 5033 1516 5105 πρόνοιαν
1551 5033 1647 5086 τοῦ
1692 5034 1801 5086 τῶν
1841 5034 2147 5105 ἀνθρώπων

472 5126 681 5193 γένους,
712 5125 805 5178 καὶ
821 5125 905 5177 ὅτι
929 5123 1108 5176 πάντα
1133 5122 1339 5176 ἀνωθεν
1364 5123 1460 5175 καὶ
1488 5122 1547 5187 ἐξ
1572 5123 1744 5192 ἀρχῆς
1767 5123 2148 5191 ἐπραγματεύο

476 5228 607 5266 σατο
641 5214 728 5266 διά
751 5211 850 5283 τὴν
880 5211 1153 5281 σωτηρίαν
1181 5210 1279 5280 τὴν
1311 5211 1609 5280 ἡμετέραν.
1669 5207 1784 5261 Κᾶν
1816 5208 2020 5281 κολάζῃ
2039 5212 2147 5263 τοία

474 5314 588 5364 νυν,
630 5299 734 5352 κᾶν
787 5300 1115 5374 τιμωρῆται,
1163 5299 1270 5351 ἀπὸ
1304 5298 1405 5366 τῆς
1456 5297 1626 5366 αὐτῆς
1669 5296 2003 5366 ἀγαθότητος
2052 5298 2149 5351 καὶ

476 5386 648 5440 ταῦτα
674 5389 903 5441 κάκεῖνα
934 5390 1094 5439 ποιεῖ.
1141 5386 1277 5439 Οὐδὲ
1313 5385 1423 5454 γὰρ
1456 5384 1617 5438 πάθει
1657 5384 1754 5437 καὶ
1782 5384 1919 5457 ὀργῇ
1947 5384 2047 5447 τὰς
2075 5402 2149 5438 τι·

480 5475 689 5545 μωρίας
730 5474 946 5543 ἐπάγει,
976 5474 1111 5527 ἀλλὰ
1139 5474 1240 5545 τὴν
1265 5473 1464 5527 κακίαν
1491 5472 1722 5541 ἐγκόψαι
1745 5472 1772 5512 b
1804 5470 2144 5541 βουλόμενος,

478 5560 573 5612 καὶ
600 5560 739 5614 ὥστε
777 5564 851 5633 μὴ
898 5562 1040 5616 πάνυ
1082 5563 1254 5632 αὐτὴν
1289 5560 1582 5631 προϐῆναι.
1631 5559 1784 5613 Ἐπεί
1810 5560 1903 5613 καλ⁵
1924 5558 2039 5623 νῦν,
2071 5560 2149 5623 ώς

479 5644 729 5712 ἀκούετε,
766 5649 1148 5721 κατακλυσμὸν
1171 5651 1237 5703 δι’
1276 5650 1429 5703 οὐδὲν
1458 5648 1645 5719 ἕτερον
1671 5648 1973 5718 ἐπήγαγεν,
2010 5648 2150 5702 ἀλλά

477 5734 773 5804 κηδόμενος
800 5737 910 5789 τῶν
952 5737 1089 5807 πρὸς
1129 5737 1399 5806 τοσαύτην
1432 5736 1630 5789 κακίαν
1665 5738 1890 5800 ἐαυτοὺς
1919 5737 2150 5791 ἐκδεδω-

478 5818 673 5876 κότων.
708 5823 821 5876 Καὶ
850 5823 1001 5887 ποία,
1040 5825 1200 5894 φησὶ,
1228 5824 1548 5893 κηδεμονία,
1584 5824 1644 5876 τὸ
1668 5824 1877 5887 πάντας
1908 5824 2014 5877 ὑπὸ
2035 5824 2144 5879 τῶν

478 5903 684 5963 ὗδάτων
719 5910 1102 5981 ἀναιρεθῆναις
1146 5912 1237 5981 Μὴ
1283 5910 1701 5980 ἀπερισκέπτως
1749 5912 2008 5981 φθέγγου,
2051 5915 2143 5967 ἀν-

558 6028 583 6057 ⁸
612 6026 709 6077 Alii
730 6035 811 6084 τῆς
850 6030 1061 6087 θλίψεως.
1128 6028 1155 6068 ῒι
1178 6030 1325 6078 SaVil.
1360 6030 1409 6077 in
1434 6042 1568 6091 mavg
1610 6045 1637 6079 ε
1664 6046 1755 6083 \‘ar.
1788 6036 1902 6083 lcvl.
1932 6036 2147 6097 ἓκκὸοξαι.

1299 381 1356 436 S.
1410 379 1697 437 JOANNIS
1737 375 2228 436 CHRYSOSTOMI
2257 377 2577 435 ARCHIEP.
2618 380 3162 439 CONSTANTINOP.

3825 383 3935 439 230

2248 493 2456 566 θρωπε,
2488 496 2604 549 ἀλλ’
2635 496 2937 567 εὐγνώμονι
2968 497 3177 568 διανοίᾳ
3218 496 3286 549 τὰ
3326 497 3475 569 παρά
3522 498 3621 550 τοῦ
3651 500 3931 554 Δεσπότου

2263 582 2516 653 γινόμενα
2536 584 2715 654 δέχου,
2741 585 2834 639 καὶ
2852 585 2971 639 τότε
2992 584 3196 657 γνώσῃ,
3218 584 3348 656 ὅσης
3377 585 3471 638 καὶ
3500 583 3663 639 τοῦτο
3689 586 3935 655 μάλιστα

2247 669 2589 740 κηδεμονίας.
2647 673 2722 726 Τὸ
2748 673 2857 744 γάρ
2890 674 3018 738 τοὺς
3048 675 3118 728 τά
3161 675 3433 745 ἀνήκεστα
3476 675 3931 745 ἁμαρτάνοντας,

2247 757 2338 809 καὶ
2368 758 2489 812 καθ’
2519 760 2755 831 ἑκάστην
2784 761 2993 832 ἡμέραν
3018 760 3086 814 τά
3101 761 3393 833 τραύματα
3413 762 3806 825 ἐπιτείνοντας,
3831 763 3937 817 καὶ

2244 839 2313 892 τὰ
2346 841 2475 914 ἐλκη
2511 844 2701 907 ἀνίατα
2729 845 3146 918 ἐργαζομένους,
3180 850 3243 900 ἐκ
3269 847 3369 918 τῆς
3405 848 3608 911 κακίας
3646 849 3937 903 ἀπαλλάτ-

2244 944 2379 997 τειν,
2406 931 2526 1003 οὑχί
2554 934 2878 1005 κηδεμονίας
2901 931 2969 1007 ἦν
2999 936 3098 1005 τῆς
3128 936 3425 1006 μεγίστηςς
3477 938 3590 990 Καὶ
3620 936 3788 999 αὐτὸς
3812 937 3879 990 δέ
3903 939 3935 990 6

2243 1018 2344 1087 τῆς
2389 1022 2661 1093 τιμωρίας
2705 1023 2905 1094 τρόπος
2947 1023 3009 1077 οὑ
3049 1024 3233 1095 πάσης
3256 1024 3418 1095 γέμει
3461 1024 3933 1095 φιλανθρωπίαςι

2246 1106 2320 1160 Τὸ
2352 1108 2461 1180 γάρ
2488 1111 2614 1173 τοὺς
2647 1111 2742 1164 καὶ
2769 1111 2898 1166 ἀνευ
2928 1111 3118 1165 τούτου
3160 1111 3454 1183 μέλλοντας
3485 1112 3549 1166 τὸ
3575 1112 3682 1181 τῆς
3706 1111 3931 1181 φύσεως

2245 1194 2404 1263 χρέος
2430 1196 2680 1261 ἐκτίνειν,
2716 1196 2887 1261 οὑτως
2923 1197 3146 1262 ἀλύπως
3181 1200 3240 1252 ἐν
3270 1199 3429 1271 μέρει
3452 1199 3735 1269 τιμωρίας
3771 1197 3929 1268 ιειιι

2242 1281 2341 1352 τὴν
2374 1282 2520 1355 ζωὴν
2553 1284 2870 1350 ἀποθέσθαι,
2910 1286 3005 1339 καί
3043 1287 3180 1358 μήτε
3207 1275 3458 1358 αἴσθησιν
3485 1286 3584 1340 τοῦ
3615 1287 3930 1357 γεγενημέ-

2244 1384 2334 1421 νου
2368 1368 2572 1435 λαϐεῖν,
2613 1371 2728 1424 ἀλλ’
2761 1371 3046 1437 ἀνωδύνως
3079 1374 3173 1427 καὶ
3217 1373 3480 1445 ἀναλγητί
3515 1373 3619 1443 τὴν
3650 1374 3931 1443 τιμωρίαν

2242 1454 2516 1521 δέξασθαι,
2540 1458 2715 1529 πόσης
2747 1459 2846 1513 οὐκ
2874 1459 2940 1512 ἃν
2966 1460 3050 1530 εἴη
3085 1461 3276 1531 σοφίας
3301 1461 3395 1514 καὶ
3415 1459 3762 1529 άγαθότητος
3781 1476 3796 1523 ;
3816 1461 3931 1513 Καὶ

2244 1544 2376 1597 αὐτὸ
2397 1544 2507 1615 γὰρ
2532 1546 2692 1600 πάλιν
2717 1548 2873 1611 εἴτις
2905 1547 3120 1601 εὐσεϐεῖ
3140 1547 3385 1617 λογισμῷ
3413 1546 3732 1617 καταμάθοι
3754 1546 3817 1599 τὸ
3840 1563 3929 1614 γει

2243 1647 2373 1702 γενη
2384 1632 2564 1701 μένον,
2596 1634 2679 1687 ὅτι
2707 1634 2806 1688 οὑκ
2831 1636 2913 1699 εἰς
2937 1636 3064 1699 τούς
3086 1635 3497 1706 τιμωρηθέντας
3534 1635 3703 1704 μόνον
3720 1635 3794 1687 τὰ
3821 1633 3931 1704 τῆς

2245 1720 2564 1790 εὐεργεσίας
2586 1721 2828 1790 γέγονεν,
2870 1722 3003 1776 ἀλλά
3032 1723 3126 1778 καί
3155 1725 3204 1777 οἰ
3239 1724 3319 1786 εἰς
3361 1721 3422 1775 τὸ
3459 1723 3588 1793 ἐξῆς
3632 1722 3929 1793 μέλλοντες

2244 1808 2461 1862 ἔσεσθαι
2491 1809 2584 1863 δύο
2622 1811 2689 1864 τά
2730 1810 2961 1881 μέγιστα
2998 1810 3247 1864 ἐντεῦθεν
3285 1810 3682 1882 ἐκαρπώσαντο
3716 1809 3927 1878 ἀγαθά,

2243 1897 2328 1968 [τό
2356 1916 2415 1953 τε
2447 1899 2521 1971 μή
2546 1900 2750 1954 ἁλῶναι
2775 1902 2834 1955 ἐν
2864 1903 2978 1965 τοῖς
3009 1901 3212 1965 αὐτοῖς,
3236 1899 3332 1954 καὶ
3359 1899 3422 1952 τὸ
3461 1902 3525 1954 ἐκ
3568 1900 3783 1953 τούτων
3812 1899 3930 1952 τῶν

2242 1989 2623 2059 γεγενημένων
2659 1988 3131 2061 σωφρονεστέρους
3174 1986 3549 2059 γεγενῆσθαι,]
3596 1988 3783 2057 πόσην
3821 1986 3929 2039 οὑκ

2243 2075 2472 2145 ὤφειλον
2500 2077 2579 2149 τῷ
2608 2077 2727 2149 Θεῷ
2768 2078 2929 2150 χάριν
2961 2079 3103 2150 ὑπὲρ
3137 2077 3341 2131 τούτων
3362 2076 3667 2145 ὁμολογεῖν,
3707 2076 3800 2127 ὅτι
3830 2074 3928 2127 καὶ

2243 2166 2310 2235 τῇ
2340 2165 2580 2237 τιμωρίᾳ
2603 2166 2826 2219 ἐκείνων
2855 2166 2950 2220 καὶ
2974 2164 3054 2236 τῷ
3078 2165 3190 2219 δέει
3216 2164 3313 2218 τοῦ
3340 2164 3415 2235 μὴ
3447 2163 3516 2217 τὰ
3544 2162 3689 2217 αὐτά
3722 2161 3928 2215 παθεῖν

2245 2255 2673 2326 σωφρονέστεροι
2706 2253 2992 2323 γεγόνασιν
3049 2254 3098 2306 οἰ
3140 2252 3277 2322 μετά
3305 2252 3498 2317 ταῦτα,
3548 2252 3640 2304 καὶ
3663 2250 3748 2321 τῷ
3777 2250 3929 2303 ἀπά-

2246 2360 2346 2414 σης
2374 2342 2473 2414 τῆς
2513 2341 2712 2404 κακίας
2739 2340 2834 2393 καὶ
2885 2340 3149 2411 πονηρίας
3188 2339 3288 2409 τὴν
3320 2338 3503 2409 ζύμην
3535 2336 3927 2408 ἀναιρεθῆναι,

2245 2431 2341 2484 καὶ
2366 2430 2572 2501 μηδένα
2592 2427 3020 2499 καταλειφθῆναι
3046 2425 3364 2482 διδάσκαλον
3384 2425 3566 2488 αὐτοῖς
3584 2423 3685 2494 τῆς
3710 2424 3930 2487 κακίας

2246 2519 2341 2573 καὶ
2372 2518 2472 2588 τῆς
2498 2517 2798 2588 πονηρίας;
2834 2512 2986 2580 Εἶδες
3017 2514 3134 2579 πῶς
3151 2515 3244 2569 καὶ
3267 2514 3326 2568 αἰ
3355 2512 3601 2576 κολάσεις
3624 2511 3802 2565 αὑτοῦ
3832 2516 3933 2566 καὶ

2246 2609 2303 2661 αἰ
2330 2608 2589 2679 τιμωρίαι
2635 2607 2944 2678 εὐεργεσίαι
2986 2606 3186 2678 μᾶλλόν
3232 2606 3359 2668 εἰσι,
3392 2605 3487 2658 καὶ
3515 2604 3611 2673 τήν
3650 2603 3931 2673 πρόνοιαν

2245 2696 2412 2750 αὑτοῦ
2452 2695 2683 2767 μάλιστα
2705 2696 2805 2765 τήν
2840 2696 2969 2766 περὶ
3002 2696 3101 2766 τὴν
3140 2694 3251 2748 τῶν
3282 2692 3581 2765 ἀνθρώπων
3614 2692 3787 2762 φύσιν
3817 2693 3931 2747 δει⁸

2246 2780 2485 2843 κνύουσις
2518 2780 2627 2833 Καὶ
2648 2777 2800 2841 εἴτις
2822 2779 3105 2850 βουληθείη
3122 2778 3328 2832 άνωθεν
3351 2777 3443 2829 καὶ
3469 2777 3526 2842 ἐξ
3545 2776 3715 2848 ἀρχῆς
3738 2777 3932 2830 ταῦτα

2246 2864 2753 2936 ἀπαριθμήσασθαι,
2781 2865 3001 2935 εὑρήσει
3023 2862 3129 2916 ἀπὸ
3154 2860 3246 2914 τοῦ
3269 2858 3434 2913 αὑτοῦ
3464 2857 3661 2912 σκοποῦ
3690 2859 3932 2922 ἁπάσας

2246 2948 2345 3011 τάς
2364 2948 2631 3019 τιμωρίας
2653 2948 2964 3015 ἐπάγοντας
2989 2948 3099 3008 τοῖς
3121 2947 3152 3015 ἡ
3161 2962 3231 3014 μα
3241 2944 3510 3015 ρτηκόσιν.
3536 2943 3684 2996 Ἐπεὶ
3703 2944 3817 2996 καὶ
3838 2944 3931 2995 τὸν

2258 3031 2450 3101 Ἀδὰμ,
2486 3031 2648 3101 ἡνίκα
2679 3030 2918 3101 παρέϐη,
2957 3030 3019 3082 οὐ
3054 3028 3296 3093 κολάζων
3327 3029 3506 3099 μόνον,
3530 3027 3661 3081 ἀλλὰ
3687 3028 3797 3080 καί⁵
3829 3029 3931 3081 εὑ-

2246 3115 2485 3184 εργετῶν
2513 3113 2732 3177 ἐξέϐαλε
2777 3113 2872 3166 τοῦ
2901 3111 3249 3182 παραδείσου.
3286 3111 3397 3164 Καὶ
3423 3111 3568 3173 ποία,
3595 3111 3789 3180 φησὶν,
3835 3112 3930 3164 εὐ·

2246 3196 2469 3267 εργεσία
2512 3195 2574 3249 τὸ
2605 3197 2857 3250 ἐκπεσεῖν
2899 3195 2995 3265 τῆς
3044 3194 3101 3245 ὲν
3144 3192 3222 3264 τῷ
3263 3192 3573 3266 παραδείσῳ
3597 3192 3931 3263 διαγωγῆςς

2247 3278 2338 3348 Μὴ
2365 3277 2547 3342 ἁπλῶς
2568 3280 2681 3340 τοῖς
2694 3276 3002 3345 γινομένοις
3029 3276 3284 3347 πρόσεχε,
3307 3276 3576 3345 ἀγαπητὴ
3603 3275 3740 3345 μηδὲ
3774 3293 3929 3347 παρ-

2246 3364 2425 3435 έργως
2459 3363 2529 3416 τά
2556 3362 2708 3434 παρά
2745 3361 2839 3414 τοῦ
2870 3360 3006 3414 Θεοῦ
3051 3359 3312 3430 γινόμενα
3344 3358 3746 3429 καταμάνθανε,
3781 3360 3931 3414 ἀλλὰ

2247 3449 2385 3519 πρὸς
2406 3447 2468 3500 τὸ
2494 3446 2656 3517 βάθος
2678 3445 2977 3499 κατόπτευε
3003 3444 3101 3514 τῆς
3133 3441 3333 3513 πολλῆς
3364 3441 3526 3496 αὐτοῦ
3556 3440 3931 3513 ἀγαθότητος,

2246 3532 2341 3585 καὶ⁵
2362 3530 2619 3603 εὑρήσεις
2656 3528 2872 3582 ἅπαντα
2923 3526 3012 3581 διὰ
3054 3526 3214 3579 τοῦτο
3242 3527 3371 3596 παρ’
3421 3523 3582 3578 αὐτοῦ
3626 3524 3928 3596 γινόμενα.

2248 3615 2384 3669 Εἰπέ
2410 3614 2520 3684 γάρ
2570 3630 2682 3685 μοι,
2736 3613 2785 3665 εἰ
2816 3610 2912 3664 καὶ
2939 3609 3077 3681 μετὰ
3122 3610 3222 3682 τὴν
3252 3608 3562 3680 παράϐασιν
3593 3608 3696 3660 τῶν
3726 3611 3931 3664 αὐτῶν

2245 3697 2560 3767 ἀπήλαυσεν
2589 3698 2616 3750 6
2660 3694 2853 3765 Ἀδάμ,
2907 3692 3010 3746 ποῦ
3042 3693 3141 3746 οὐκ
3199 3692 3263 3746 ἂν
3295 3690 3642 3762 ἐξεκυλίσθη;
3692 3692 3761 3745 El
3811 3695 3931 3766 γάρ

2250 3780 2389 3852 μετὰ
2420 3778 2687 3843 τοσαύτας
2721 3776 3094 3851 παραγγελίας
3114 3775 3441 3845 ἀνασχέσθαι
3467 3774 3796 3839 κατεδέξατο
3820 3778 3929 3849 τῆς

2246 3864 2462 3934 ἀπάτης
2495 3862 2587 3917 τοῦ
2614 3863 2810 3932 ὄφεως,
2842 3863 2936 3915 καὶ
2960 3859 3056 3932 τὴν
3077 3859 3364 3930 ἐπιϐουλὴν
3395 3859 3643 3924 δέξασθαι
3674 3860 3776 3912 τοῦ
3807 3860 3931 3915 δια-

2246 3946 2425 4010 ϐόλου,
2460 3948 2525 4018 ἥν
2561 3946 2629 3999 δι’
2659 3944 2826 3999 αὐτοῦ
2873 3944 3192 4015 προσήγαγε
3224 3945 3290 4012 τῇ
3334 3942 3434 4012 τῆς
3476 3941 3704 4004 ίσοθεῖας
3733 3942 3930 3998 ἐλπίδι

2252 4031 2502 4101 φυσήσας
2527 4030 2745 4095 αὐτοὺς,
2767 4028 2861 4081 καὶ⁵
2888 4030 2969 4090 εἰς
2991 4026 3090 4097 τὴν
3117 4025 3216 4095 τῆς
3250 4023 3610 4096 παραϐάσεως
3634 4024 3930 4096 ἁμαρτίαν

2249 4115 2521 4185 ἐμϐαλὼν,
2544 4116 2595 4167 εἰ
2620 4115 2713 4167 καὶ
2742 4111 2880 4183 μετά
2907 4110 3079 4165 ταῦτα
3111 4111 3204 4163 ἐπὶ
3229 4108 3331 4179 τῆς
3347 4109 3517 4178 αὐτῆς
3537 4108 3725 4178 ἔμενεν
3754 4110 3927 4175 ἀξίας

2247 4198 2343 4252 καὶ
2365 4198 2660 4266 διαγωγῆς,
2681 4198 2798 4259 πῶς
2819 4196 2920 4247 οὐκ
2944 4195 3012 4248 ἂν
3038 4192 3217 4263 πολλῴ
3250 4193 3450 4264 μᾶλλον
3475 4190 3928 4265 ἀξιοπιστότεῳν

2247 4284 2494 4353 ἡγήσατο
2521 4281 2612 4334 τὸν
2645 4279 2879 4350 πονηρὸν
2900 4279 3105 4331 ἐκεῖνον
3140 4276 3374 4347 δαίμονα
3404 4275 3500 4328 τοῦ
3527 4275 3634 4329 τῶν
3662 4274 3809 4328 ὅλων
3840 4279 3929 4347 δη-

2249 4364 2532 4435 μιουργοῦ,
2562 4364 2658 4416 καὶ
2687 4362 2910 4433 μείζονα
2935 4360 3037 4429 τῆς
3064 4360 3272 4422 οἰκείας
3299 4358 3457 4424 ἀξίας
3496 4357 3655 4411 πάλιν
3683 4359 3928 4426 ἐφαντά-

2246 4449 2385 4518 σθη;
2441 4447 2550 4500 Καὶ
2580 4445 2689 4517 γὰρ
2726 4443 2948 4513 τοιαύτη
2984 4442 3094 4495 τῶν
3143 4438 3448 4512 ἀνθρώπων
3489 4439 3522 4510 ή
3555 4437 3715 4507 φύσις
3738 4454 3755 4468 ο
3792 4440 3927 4493 ὅταν

2244 4531 2639 4603 ἁμαρτάνουσα
2671 4528 2747 4599 μὴ
2778 4524 3214 4597 ἀναχαιτίζηται,
3265 4521 3379 4576 ἀλλ’
3414 4520 3596 4584 ἁδείας
3628 4520 3925 4586 ἀπολαύει,

2248 4615 2554 4687 περαιτέρω
2583 4612 2848 4685 προϊοῦσα
2876 4610 3016 4665 κατά
3044 4605 3306 4679 κρημνῶν
3332 4605 3567 4659 ἄπεισιν.
3616 4604 3836 4687 ΙἌλλως
3869 4607 3925 4660 δὲ

2246 4686 2341 4753 καῖ
2369 4697 2633 4769 ἑτέρωθεν
2671 4696 2780 4765 ἔχω
2823 4692 3015 4758 δεῖξαι,
3043 4693 3125 4745 ὅτι
3148 4688 3559 4759 φιλανθρωπίαν
3588 4686 3689 4757 τὴν
3718 4688 3922 4742 ἑαυτοῦ

2246 4779 2687 4851 ἐπιδεικνύμενος
2716 4778 2814 4832 καὶ
2832 4777 3067 4845 ἐξελθεῖν
3089 4775 3251 4828 αὐτὸν
3274 4774 3368 4827 τοῦ
3391 4771 3722 4844 παραδείσου
3748 4790 3919 4844 προσ·

2246 4864 2423 4929 έταξε,
2467 4866 2561 4917 καὶ
2601 4862 2680 4933 τῷ
2729 4860 2825 4915 τοῦ
2872 4861 3102 4914 θανάτου
3146 4856 3406 4926 ἐπιτιμίῳ
3445 4854 3746 4909 ὑπεύθυνον
3780 4872 3920 4908 κατ-

2248 4950 2465 5020 έστησε,
2487 4951 2551 5017 τῇ
2584 4947 2684 5017 μὲν
2719 4945 2939 5015 ἐκϐολῇ,
2965 4945 3060 4996 καὶ
3100 4942 3179 5012 τῷ
3221 4941 3446 5008 πλησίον
3475 4940 3791 4993 κατοικίσαι
3827 4956 3927 4993 σω-

2248 5032 2605 5103 φρονέστερον
2632 5027 2997 5101 ἐργαζόμενος
3019 5026 3111 5079 καὶ
3137 5028 3217 5088 εἰς
3248 5024 3310 5076 τὸ
3337 5022 3464 5092 ἐξῆς
3490 5021 3924 5103 ἀσφαλέστερον,

2246 5101 2341 5166 καὶ
2367 5110 2454 5164 διὰ
2503 5109 2613 5163 τῶν
2640 5110 2819 5179 ἔργων
2845 5108 3008 5162 αὐτὸν
3047 5106 3313 5160 διδάσκων
3342 5103 3436 5155 τοῦ
3472 5101 3793 5166 ἀπατεῶνος·
3828 5104 3927 5170 τὴν

2246 5188 2558 5260 ἐπιϐουλήν.
2587 5189 2661 5242 T6
2680 5190 2736 5240 δὲ
2759 5187 2852 5240 τοῦ
2893 5188 3124 5240 θανάτου
3159 5184 3430 5252 ἐπιτίμιον
3454 5182 3615 5234 πάλιν
3644 5180 3729 5233 διά
3761 5181 3862 5233 τοῦ
3879 5199 3929 5232 ιο

2246 5272 2546 5341 ἐπήγαγεν,
2578 5269 2665 5321 ἵνα
2698 5267 2775 5338 μὴ
2798 5267 2984 5320 λοιπὸν
3014 5266 3100 5319 διὰ
3127 5264 3223 5333 τῆς
3257 5264 3544 5333 παρακοῆς
3572 5263 3639 5329 τῇ
3658 5260 3834 5341 ᾲὰμαρ
3850 5261 3927 5341 εία

2245 5337 2547 5412 ὑπεύθυνος
2599 5337 2837 5416 γεγονὼς
2879 5346 3123 5400 ἀθάνατα
3169 5342 3483 5413 ἁμαρτάνῃ.
3538 5341 3611 5393 Οὐ
3652 5339 3805 5391 δοκεῖ
3832 5337 3926 5392 οὖν

2248 5448 2329 5485 σοι
2357 5429 2529 5482 ταῦτα
2562 5429 2736 5481 πάντα
2760 5427 2857 5496 τῆς
2891 5426 3152 5497 μεγίστης
3178 5420 3316 5477 εἶναι
3347 5418 3782 5497 φιλανθρωπίας,
3830 5422 3927 5471 καὶ

2243 5511 2305 5563 τδ
2330 5507 2582 5562 ἐκϐαλεῖν
2619 5506 2715 5559 τοῦ
2766 5495 3119 5577 παραδείσου,
3162 5500 3255 5556 καὶ
3293 5500 3356 5552 τὸ
3398 5495 3827 5577 τιμωρήσασθαι
3848 5497 3929 5566 τῷ

2244 5588 2340 5642 τοῦ
2361 5588 2592 5641 θανάτου
2610 5574 2907 5655 ἐπιτιμίιέη
2932 5584 3082 5651 Ἔχω
3100 5582 3157 5634 δὲ
3181 5580 3276 5633 καὶ
3295 5578 3483 5647 ἕτερόν
3507 5594 3567 5655 τι
3581 5574 3926 5655 προσθεῖναι.

2248 5666 2404 5741 [245]
2436 5669 2595 5721 Ποῖον
2620 5666 2685 5736 δὴ
2714 5653 2872 5718 τοῦτο
2895 5680 2909 5725 ;
2935 5664 3056 5716 Ὅτι
3086 5661 3181 5741 καὶ
3200 5659 3402 5741 ταύτην
3431 5653 3579 5724 αὐτῷ
3608 5654 3707 5724 τὴν
3722 5654 3929 5740 ά-γανάσ-

2248 5737 2443 5818 κτησ-ιν
2485 5747 2795 5815 ἐπήγαγεν,
2849 5743 2950 5795 οὐκ
2975 5744 3055 5804 εἰς
3099 5739 3262 5818 αὑτδν
3309 5737 3818 5818 μόνον-περιιστῶν
3861 5737 3930 5818 τα

2252 5807 2352 5898 τῆς
2378 5807 2715 5892 εὐεργεσίας.
2740 5823 2876 5876 ἀλλά
2910 5821 3004 5876 καὶ
3037 5819 3161 5880 τοὺς
3184 5816 3309 5898 ἐξης
3342 5813 3667 5898 βορλόμεχος
3695 5807 3783 5898 διὰ
3813 5810 3934 5897 τῶν

2253 5886 2331 5973 εἰς
2362 5886 2566 5960 ἐκεῖνον
2617 5901 2998 5971 γεγενημένων
3046 5892 3503 5965 σωφρονίσασθαι.
3564 5891 3627 5943 ΕΞ
3664 5886 3795 5956 γάρ,
3833 5890 3931 5939 καί

2323 6034 2342 6057 ⁸
2372 6027 2520 6078 Savu.
2549 6028 2598 6077 iu
2620 6031 2760 6076 textu
2786 6030 2835 6073 cl
2864 6023 3058 6084 quidam
3084 6032 3181 6068 mss
3233 6016 3501 6074 Ξπᾶγοντος.
