4078 6414
239 421 350 480 229

241 543 448 590 mortes
484 527 824 601 quotidianas
866 525 1133 582 dicentem
1180 537 1194 575 :
1246 520 1368 576 Non
1408 529 1524 576 sunt
1575 516 1838 589 condigna:

246 618 511 690 passiones
543 616 804 687 prtesentis
830 611 1066 684 temporis
1093 611 1161 664 ad
1185 611 1408 680 futuram
1429 608 1643 682 gloriam
1669 607 1721 660 in
1751 621 1842 660 no—

243 711 322 766 bis
342 707 660 764 revelandain
687 705 931 773 (Rom.8.
961 699 1073 772 18).
1097 700 1317 757 Etiamsi
1343 697 1580 770 quotidie
1607 739 1620 764 ,
1650 697 1838 767 inquit,

245 799 414 854 lnorli
461 812 561 853 nos
599 809 1012 866 exponeremus,
1045 793 1098 848 id
1119 791 1260 864 quod
1303 801 1488 845 natura
1518 803 1624 844 non
1658 789 1838 858 capit,

246 890 378 945 licet
401 904 552 943 mens
577 888 796 942 vincens
826 895 1092 950 naturam,
1113 899 1205 953 per
1226 881 1603 952 benignitatem
1631 879 1839 934 Domini

241 988 534 1035 coronetur
552 1018 568 1043 ,
598 977 754 1043 nihil,
777 977 967 1046 inquit,
988 974 1250 1028 ferremus
1276 987 1370 1042 par
1391 971 1575 1039 tantis,
1597 986 1714 1040 qme
1743 985 1840 1025 nos

241 1079 562 1140 accepturos
591 1083 892 1139 speramus,
914 1066 1398 1135 bonis,glori;r.que
1425 1064 1479 1118 in
1501 1064 1653 1118 nobis
1683 1077 1841 1118 reve-

245 1161 444 1215 iaudm.
473 1160 602 1214 Vide
625 1168 822 1231 quanta
847 1159 1034 1230 gloria:
1061 1155 1427 1228 magnitudine
1456 1154 1699 1209 fruantur
1727 1155 1836 1209 vir-

246 1253 378 1308 tutis
407 1251 643 1318 asseclze,
660 1252 731 1304 ita
758 1260 814 1305 ut
839 1249 928 1304 illa
949 1249 1116 1320 gloria
1138 1257 1352 1316 superet
1374 1247 1554 1300 omnia
1573 1260 1842 1315 quzecum-

245 1359 355 1416 que
383 1344 636 1400 exhibere
664 1343 782 1414 quis
812 1343 1006 1412 poterit
1049 1357 1063 1394 :
1113 1339 1322 1394 etiamsi
1348 1338 1490 1393 enim
1529 1337 1595 1392 ad
1625 1338 1838 1392 culmen

250 1436 504 1506 attingat,
525 1443 650 1490 tunc
671 1449 882 1504 quoque
913 1432 1135 1487 inferior
1162 1431 1284 1485 erit.
1311 1429 1448 1498 Quid
1475 1429 1614 1483 enim
1641 1438 1840 1482 tantum

246 1529 506 1584 exhibere
529 1537 704 1598 potest
733 1527 894 1580 homo
914 1567 928 1591 ,
953 1526 1092 1595 quod
1123 1532 1291 1580 certet
1316 1538 1438 1577 cum
1469 1523 1678 1576 Domini
1703 1524 1840 1578 libe-

247 1621 508 1678 ralitate?
538 1620 690 1688 Quod
722 1621 766 1674 si
796 1619 991 1673 Paulus
1023 1618 1146 1671 talis
1171 1627 1224 1672 et
1253 1624 1428 1670 tantus
1453 1616 1660 1670 dicebat
1681 1657 1696 1683 ,
1724 1615 1842 1669 Non

241 1717 368 1758 sunt
389 1704 657 1774 condigna:
667 1704 940 1771 passiones
959 1703 1116 1772 hujus
1131 1703 1376 1772 temporis
1397 1701 1465 1755 ad
1479 1702 1713 1771 futuram
1725 1705 1830 1775 glo-

243 1798 385 1850 riam
408 1812 523 1866 qna:
545 1795 860 1850 revelabitur
876 1795 930 1848 in
951 1795 1098 1848 nobis
1119 1793 1474 1864 (Rom.8.18),
1495 1793 1584 1862 qui
1605 1792 1739 1846 alias
1758 1791 1832 1844 di-

240 1890 342 1951 cit,
367 1888 610 1952 Quotidie
639 1888 837 1942 morior
866 1887 939 1956 (i.
967 1885 1092 1942 Cor.
1126 1887 1210 1941 15.
1241 1886 1368 1956 5|);
1397 1893 1682 1946 etrursus,
1709 1881 1839 1936 Plus

247 1980 494 2035 onmibus
519 1979 755 2033 laboravi
774 1978 940 2050 (Ibid.
957 1995 1004 2032 υ.
1034 1976 1122 2049 10)
1142 1997 1154 2032 :
1178 1975 1310 2048 quid
1335 1991 1435 2031 nos
1452 1975 1718 2035 dicemus,
1743 1971 1839 2042 qui

247 2087 434 2142 neque
461 2072 734 2141 vulgarem
763 2071 1004 2125 laborem
1027 2083 1125 2140 pro
1157 2071 1358 2122 virtute
1380 2066 1659 2134 suscipere
1688 2065 1840 2119 volu-

250 2180 402 2229 mus,
421 2163 514 2220 sed
537 2163 823 2220 remissam
846 2162 1014 2217 vitam
1041 2169 1338 2225 sectamur,
1359 2169 1414 2214 et
1438 2159 1542 2215 hoc
1561 2173 1726 2212 unum
1750 2171 1840 2212 ca-

251 2273 470 2324 vemus,
491 2271 557 2311 ne
579 2256 709 2327 quid
731 2255 886 2310 triste
906 2253 1065 2309 nobis
1085 2251 1582 2322 accidat,quamvis
1599 2250 1840 2306 sciamus

245 2368 360 2408 non
395 2365 518 2406 csse
544 2349 802 2420 possibile
832 2348 988 2402 aliter
1013 2347 1228 2417 assequi
1259 2345 1647 2401 beatitudinem
1676 2345 1840 2399 caele-

245 2454 416 2508 stem,
458 2443 565 2499 nisi
600 2458 696 2513 per
736 2449 1035 2514 praesentes
1071 2440 1394 2496 aillictioncs
1423 2440 1489 2494 ad
1519 2453 1640 2494 eam
1684 2437 1838 2508 prius

247 2533 960 2591 auhekmusMiﬂictiones
991 2534 1134 2590 enim
1161 2533 1212 2588 id
1234 2533 1393 2588 nobis
1426 2531 1744 2592 conciliant.
1777 2539 1839 2586 ut

243 2629 363 2684 Deo
403 2632 540 2701 grati
591 2630 795 2694 simus;
827 2636 880 2683 et
913 2628 1000 2684 hic
1037 2629 1123 2684 vel
1160 2642 1353 2698 parum
1407 2627 1676 2690 laborare,
1726 2626 1839 2680 illic

248 2722 416 2778 nobis
445 2737 696 2793 magnam
723 2721 977 2776 fiduciam
1008 2721 1234 2790 praebet,
1271 2721 1568 2776 dummodo
1607 2719 1838 2776 velimus

243 2814 554 2871 secundum
579 2813 870 2869 consilium
903 2812 1052 2866 illius
1073 2812 1321 2882 magistri
1353 2811 1504 2867 orbis
1535 2811 1834 2866 ambulare.

251 2907 580 2970 Considera,
613 2907 832 2970 dilecte,
865 2906 993 2961 licet
1026 2905 1204 2959 tristia
1240 2906 1350 2961 sint
1384 2920 1505 2974 quae
1555 2905 1834 2972 accidunt,

245 3016 377 3057 esse
411 3007 589 3054 tamen
613 3007 964 3068 temporanea
989 3015 1004 3053 :
1033 2998 1172 3052 bona
1205 3011 1334 3052 vero
1359 3011 1479 3067 qua:
1506 2996 1616 3050 illic
1644 3011 1834 3053 susce-

243 3092 397 3164 pturi
427 3107 638 3157 sumus,
676 3089 1004 3144 immortalia
1033 3103 1156 3144 esse
1184 3096 1236 3143 et
1269 3096 1492 3144 aeterna.
1524 3087 1656 3154 Qua:
1695 3091 1833 3142 enim

243 3183 516 3250 videntur,
540 3183 738 3252 inquit,
761 3182 1073 3251 temporalia
1107 3190 1266 3236 sunt:
1289 3197 1406 3253 qua:
1429 3192 1607 3236 autem
1634 3198 1734 3236 non
1760 3183 1834 3235 vi-

243 3275 462 3337 dentur,
483 3281 681 3325 (eterna
713 3271 788 3342 (2.
818 3270 946 3326 Cor.
969 3271 1022 3325 4.
1049 3270 1134 3339 18)
1173 3269 1436 3326 Feramus
1462 3286 1591 3341 ergo
1622 3269 1834 3326 fortiter

244 3365 365 3418 haec
399 3362 744 3434 temporalia,
786 3377 964 3433 neque
995 3361 1329 3418 desistamus
1360 3378 1390 3416 a
1422 3363 1683 3418 virtutum
1716 3372 1834 3419 stu-

243 3455 379 3518 diis,
395 3461 452 3507 ut
472 3454 694 3510 aeternis
711 3462 766 3508 et
780 3469 996 3523 semper
1016 3454 1366 3509 manentibus
1379 3453 1537 3511 bonis
1552 3455 1798 3512 fruamur
1817 3473 1832 3513 :

243 3563 370 3618 qua:
394 3547 548 3602 nobis
577 3547 832 3602 omnibus
860 3549 1232 3602 concedantur
1252 3547 1422 3618 gratia
1447 3554 1500 3601 et
1521 3549 1833 3603 misericor-

251 3637 346 3692 dia
366 3637 581 3692 Domini
601 3638 773 3694 nostri
794 3637 922 3695 Jesu
950 3639 1177 3702 Christi,
1204 3653 1328 3692 cum
1351 3653 1459 3708 quo
1483 3637 1648 3703 l'atri,
1673 3639 1833 3694 simul

242 3737 301 3784 et
326 3727 554 3796 Spiritui
585 3736 776 3784 sancto
805 3731 876 3785 sit
905 3729 1101 3801 gloria,
1127 3729 1437 3799 imperium,
1471 3731 1664 3795 honor,
1690 3745 1835 3784 nunc

241 3834 304 3878 et
336 3836 572 3892 semper,
605 3829 662 3876 et
688 3820 744 3876 in
771 3822 970 3878 sarcula
1000 3819 1346 3876 saiculorum.
1373 3821 1564 3877 Amen.

794 3911 1074 3966 ﬂOMiLlA
1111 3911 1302 3968 XXVI.

254 4021 329 4076 Et
353 4021 644 4076 recordatus
667 4031 740 4076 est
769 4020 906 4077 Deus
935 4022 1049 4077 Noe
1069 4064 1085 4088 ,
1129 4032 1178 4076 et
1221 4023 1444 4076 omnium
1473 4024 1762 4091 bestiarum,
1795 4037 1842 4080 et

329 4113 554 4165 omnium
582 4114 949 4183 jumentorum,
989 4122 1035 4166 et
1072 4114 1294 4166 omnium
1321 4112 1619 4182 volatilium,
1646 4125 1695 4169 et
1735 4133 1842 4170 om-

329 4201 470 4253 nium
489 4201 766 4270 reptilium,
793 4217 1113 4272 quaecumque
1132 4210 1272 4254 erant
1286 4217 1400 4255 cum
1418 4201 1510 4256 illo
1535 4206 1586 4256 in
1613 4219 1752 4257 arca.
1775 4204 1840 4259 Et

329 4291 540 4345 adduxit
566 4290 704 4346 Deus
728 4293 961 4361 spiritum
991 4307 1145 4361 super
1170 4301 1371 4358 terram,
1403 4302 1448 4346 et
1485 4295 1689 4348 cessavit
1709 4311 1842 4365 aqua

334 4382 488 4454 (Gen.
511 4384 563 4439 8.
599 4383 676 4456 ι).

332 4495 384 4549 1.
425 4494 608 4564 Magna
630 4502 683 4549 et
709 4491 989 4548 ineii‘abilis
1008 4492 1103 4548 Dei
1123 4493 1442 4563 benignitas,
1463 4493 1843 4564 excellensque

252 4586 375 4656 ejus
399 4585 608 4639 benitas
627 4601 690 4638 ex
711 4585 820 4651 jam
845 4585 994 4638 lectis
1018 4585 1333 4648 ostenditur,
1347 4600 1505 4654 quam
1536 4601 1643 4640 non
1670 4586 1842 4640 solum

252 4691 385 4745 erga
431 4676 689 4730 rationale
738 4677 838 4730 hoc
890 4675 1124 4742 animal,
1152 4674 1420 4730 hominem
1459 4675 1618 4742 dico,
1649 4677 1744 4730 sed
1791 4689 1846 4732 et

255 4783 386 4837 erga
414 4767 692 4822 brutorum
739 4768 1048 4822 animalium
1082 4778 1323 4822 naturam
1368 4767 1675 4823 declaravit.
1710 4769 1841 4823 Nam

254 4867 384 4907 cum
406 4853 642 4906 omnium
668 4852 740 4905 sit
765 4851 1042 4917 Conditor,
1061 4867 1184 4922 erga
1215 4851 1414 4919 omnia,
1439 4868 1556 4922 qua:
1577 4868 1605 4906 a
1635 4869 1693 4908 se
1721 4864 1846 4908 sunt

256 4939 499 5007 condita,
531 4955 680 4995 suam
708 4941 942 4994 ostendit
982 4941 1273 4996 bonitatem
1309 4958 1322 4995 :
1351 4957 1446 5011 per
1471 4943 1650 4997 omnia
1690 4945 1844 4999 nobis

254 5042 445 5086 notum
474 5031 694 5096 faciens,
717 5041 966 5102 quantam
993 5031 1208 5087 humani
1231 5035 1443 5102 generis
1467 5049 1649 5090 curam
1673 5046 1840 5106 gerat,

253 5135 325 5174 ae
347 5136 406 5176 se
426 5123 600 5176 omnia
629 5122 754 5175 olim
783 5131 834 5176 et
862 5122 930 5176 ab
950 5122 1098 5176 initio
1121 5130 1335 5195 propter
1354 5125 1578 5179 salutem
1606 5135 1842 5180 nostram

257 5211 656 5282 fecisseJtaque
680 5212 779 5267 etsi
803 5214 1005 5281 puniat,
1025 5213 1125 5268 etsi
1151 5214 1205 5266 in
1233 5228 1329 5268 nos
1357 5215 1758 5280 animadvertat,
1779 5233 1840 5271 ex

255 5299 444 5358 eadem
470 5303 708 5358 bonitate
728 5317 822 5358 sua
844 5304 954 5358 haec
976 5313 1032 5358 et
1047 5301 1130 5358 illa
1153 5301 1296 5358 facit.
1314 5303 1428 5358 Non
1445 5305 1586 5360 enim
1607 5306 1687 5360 vel
1718 5306 1847 5362 atie-

253 5393 436 5448 ctione
463 5393 650 5448 vel-ira
672 5409 884 5464 pinnam
913 5395 1073 5449 infert
1103 5393 1231 5449 :sed
1251 5395 1503 5450 malitiam
1535 5396 1846 5453 exscindere

253 5484 392 5549 vult,
419 5500 486 5539 ne
504 5485 637 5539 ultra
659 5486 1044 5555 progrediatur.
1060 5486 1190 5552 Quia
1214 5495 1265 5540 et
1287 5502 1452 5554 nunc,
1464 5487 1602 5543 sicut
1628 5489 1841 5554 auditis,

253 5574 516 5628 diluvium
543 5575 613 5629 ob
642 5575 776 5628 nihil
800 5575 941 5631 aliud
957 5576 1358 5646 induxit,quam
1379 5586 1433 5630 ut
1453 5592 1634 5632 curam
1665 5588 1846 5648 ageret

254 5680 442 5722 eorum
461 5666 552 5736 qui
579 5666 838 5736 iniquitati
868 5682 926 5723 se
951 5667 1284 5723 dediderant.
1313 5669 1377 5722 Et
1404 5669 1592 5738 qualis,
1617 5669 1842 5738 inquies,

252 5770 384 5811 cura
406 5754 544 5820 inec,
572 5770 761 5810 omnes
784 5770 916 5825 aqua
954 5757 1239 5812 suifocari?
1261 5758 1334 5813 Ne
1363 5767 1560 5813 temere
1591 5759 1844 5828 loquaris,

253 5848 440 5916 homo,
479 5845 575 5904 sed
603 5855 754 5918 grato
785 5849 964 5904 animo
989 5849 1169 5919 accipe
1193 5866 1253 5905 ea
1277 5866 1394 5919 quae
1415 5866 1443 5905 a
1473 5851 1696 5907 Domino
1723 5861 1844 5907 sunt

1307 409 1372 467 ΙΝ
1399 406 1552 465 CAP.
1597 403 1728 465 Vill.
1759 401 2000 465 (IE‘NES.
2042 395 2256 462 nonat.
2320 397 2508 464 ΧΧΠ.

3437 402 3540 460 230

1959 514 2113 582 facta,
2135 522 2188 569 et
2214 514 2351 570 scies
2372 514 2476 571 hoc
2497 515 2658 571 etiam
2687 528 2806 570 esse
2833 514 3076 570 maxima:
3099 529 3242 572 cura:
3268 531 3540 586 argumen-

1953 616 2086 663 tum.
2115 607 2246 662 Nam
2279 623 2372 663 eos
2399 609 2488 679 qui
2521 609 2597 664 sie
2639 608 3004 664 incurabiliter
3036 616 3260 679 peccant
3281 649 3296 676 ,
3325 617 3378 664 et
3403 624 3536 678 quo-

1953 700 2079 756 tidie
2108 700 2328 755 vulnera
2357 701 2457 755 sibi
2490 700 2734 771 infligunt
2755 743 2769 768 ,
2802 708 2856 754 ct
2897 701 3078 756 ulcera
3105 701 3204 756 sibi
3232 702 3378 756 omni
3411 717 3538 756 cura

1950 793 2224 862 superiora
2253 792 2522 859 inferunt,
2553 807 2618 846 ex
2651 802 2801 848 tanto
2844 793 2986 847 maio
3035 793 3325 859 liberasse,
3362 809 3539 848 nonne

1949 899 2172 941 summae
2216 892 2331 938 erat
2371 882 2707 953 prudentiae?
2739 883 2802 937 Et
2843 883 2956 953 ipso
3003 883 3256 953 puniendi
3305 885 3498 939 modus
3523 926 3541 952 ,

1950 990 2130 1030 nonne
2171 975 2314 1028 omni
2368 975 2696 1046 benignitate
2739 975 2928 1045 plenus
2954 975 3080 1030 est?
3121 975 3229 1030 Eos
3278 977 3422 1030 enim
3451 977 3540 1046 qui

1949 1067 2187 1137 alioquin
2238 1077 2442 1122 natura:
2489 1068 2724 1122 debitum
2777 1068 3002 1123 soluturi
3045 1079 3218 1134 erant,
3248 1070 3325 1123 sic
3368 1084 3541 1138 ptenze

1951 1158 2072 1213 loco
2099 1158 2261 1212 vitam
2301 1159 2574 1229 deponere
2598 1199 2614 1223 ,
2647 1167 2704 1213 ut
2734 1175 2801 1213 ne
2838 1175 3054 1214 sensum
3097 1161 3312 1230 quidem
3356 1163 3542 1216 mortis

1953 1249 2208 1305 baberent
2235 1292 2250 1317 ,
2305 1249 2398 1305 sed
2442 1251 2641 1320 absque
2684 1251 2884 1305 doloris
2923 1252 3162 1306 cruciatu
3213 1253 3539 1322 supplicium

1948 1340 2207 1408 subirent,
2237 1351 2448 1410 quantae
2488 1357 2597 1396 non
2638 1341 2796 1396 fuerit
2827 1341 3104 1411 sapientia:
3134 1351 3188 1396 et
3231 1343 3538 1398 bonitatis?

1947 1431 2086 1499 Quin
2112 1432 2158 1486 si
2183 1433 2304 1500 quis
2332 1433 2514 1485 animo
2546 1432 2638 1502 pio
2668 1432 2933 1502 expendat
2960 1432 3156 1486 factum
3178 1473 3192 1496 ,
3219 1448 3324 1485 non
3362 1434 3534 1487 solum

1949 1536 2142 1592 nempe
2170 1524 2236 1578 iis
2265 1523 2354 1592 qui
2394 1524 2563 1592 puniti
2594 1532 2717 1576 sunt
2745 1523 2997 1578 beneficia
3025 1538 3145 1578 esse
3173 1524 3401 1590 collata,
3439 1525 3531 1578 sed

1949 1623 2003 1668 et
2043 1615 2294 1683 posmris,
2318 1615 2407 1684 qui
2452 1615 2560 1669 duo
2605 1616 2842 1669 maxima
2889 1615 3014 1670 inde
3056 1625 3408 1685 perceperunt
3445 1616 3537 1670 bo-

1949 1719 2014 1758 na
2036 1747 2050 1769 ,
2086 1703 2160 1775 (a)
2205 1704 2337 1776 [tum
2369 1705 2509 1775 quod
2539 1706 2726 1760 iisdem
2756 1708 2806 1760 in
2838 1707 2989 1760 malis
3020 1722 3124 1760 non
3157 1708 3264 1761 sint
3290 1709 3535 1776 involuti,

1948 1802 2059 1848 tum
2090 1795 2232 1865 quod
2263 1811 2328 1849 ex
2358 1795 2658 1864 hujusmodi
2688 1796 2837 1851 factis
2878 1798 3142 1852 cautiores
3184 1807 3237 1852 et
3277 1810 3537 1869 tempera-

1950 1889 2111 1942 tiores
2138 1889 2437 1962 evaserint]
2485 1900 2734 1960 quantam
2785 1894 3073 1962 gratiarum
3125 1895 3386 1948 actionem
3443 1912 3537 1965 pro

1947 1978 2053 2032 illis
2083 1980 2194 2034 Deo
2225 1995 2331 2034 non
2357 1980 2630 2036 debeant?
2654 1983 2860 2036 Etenim
2888 1985 3086 2053 posteri
3117 2000 3270 2053 pmua
3299 1987 3533 2050 illorum,

1946 2078 2000 2123 et
2030 2079 2195 2133 metu,
2230 2086 2296 2124 ne
2317 2070 2502 2124 eadem
2529 2086 2648 2140 qua:
2679 2071 2752 2124 illi
2780 2081 3107 2140 paterentur,
3137 2075 3385 2130 meliores
3415 2077 3535 2131 facti

1945 2173 2096 2216 sunt:
2121 2177 2182 2216 ac
2207 2172 2462 2231 praeterea
2485 2178 2645 2218 omne
2671 2164 2883 2218 malitia:
2907 2163 3222 2219 fermentum
3245 2167 3531 2233 sublatum,

1948 2264 2002 2308 et
2031 2255 2210 2309 nullus
2232 2256 2452 2310 relictus
2480 2254 2576 2310 fuit
2605 2256 2682 2310 eis
2717 2256 2932 2310 malitia:
2972 2267 3022 2311 et
3056 2258 3343 2325 iniquitatis
3371 2260 3534 2330 magi-

1947 2355 2075 2401 ster.
2104 2345 2266 2401 Vides
2293 2347 2562 2416 quomodo
2591 2356 2647 2402 et
2677 2362 2848 2416 preme
2895 2357 2943 2402 et
2988 2349 3242 2419 supplicia
3277 2350 3536 2405 beneficia

1947 2438 2053 2492 sint
2074 2478 2088 2503 ,
2113 2447 2166 2492 et
2198 2438 2289 2492 Dei
2318 2453 2441 2507 erga
2473 2437 2739 2492 hominem
2786 2439 3173 2507 providentiam
3219 2441 3535 2496 declarent?

1949 2529 2013 2581 Et
2041 2528 2085 2583 si
2109 2529 2228 2598 quis
2258 2528 2392 2583 velit
2419 2529 2536 2583 haec
2561 2544 2590 2582 a
2623 2529 2807 2598 primis
2833 2537 2887 2584 et
2911 2529 2977 2584 ab
3006 2532 3154 2585 initio
3184 2547 3498 2589 enumerare
3519 2579 3535 2601 ,

1948 2619 2181 2674 inveniet
2208 2633 2396 2674 omnes
2439 2633 2623 2689 poenas
2649 2619 2750 2674 hac
2783 2620 2850 2675 de
2877 2636 3032 2675 causa
3067 2626 3431 2692 peccatoribus
3458 2629 3533 2679 in-

1947 2719 2198 2765 tentatas.
2224 2709 2356 2764 Nam
2389 2718 2443 2764 et
2469 2710 2636 2764 Adam
2670 2720 2974 2779 peccantem
3006 2729 3112 2766 non
3159 2716 3383 2782 puniens
3415 2725 3532 2768 tau-

1949 2809 2084 2866 tum,
2118 2800 2212 2854 sed
2244 2809 2298 2855 et
2325 2800 2584 2856 beneficio
2621 2799 2952 2872 prosequens
2976 2805 3222 2873 paradiso
3243 2806 3415 2875 ejeeit.
3470 2809 3535 2862 Et

1945 2893 2102 2963 quale
2131 2892 2265 2948 dicis
2292 2892 2628 2960 beneficium,
2661 2894 2821 2948 etiam
2854 2894 3080 2963 paradisi
3111 2896 3212 2949 vita
3236 2897 3540 2952 excidisse?

1945 2981 2024 3038 Ne
2052 2983 2365 3052 simpliciter
2391 2983 2638 3039 attendas
2668 2983 2734 3038 ad
2761 2999 2821 3038 ea
2846 3000 2963 3053 qua:
2989 2994 3247 3053 geruntur
3267 3029 3281 3052 ,
3319 2987 3532 3053 dilecte,

1946 3088 2120 3143 neque
2149 3074 2324 3129 obiter
2349 3089 2466 3144 quae
2497 3091 2525 3127 a
2558 3075 2670 3129 Deo
2713 3074 2845 3130 fiunt
2869 3075 3149 3131 addiscas:
3183 3077 3277 3132 sed
3313 3078 3529 3148 profun-

1945 3166 2070 3220 dum
2104 3165 2247 3221 illius
2270 3165 2526 3221 bonitatis
2555 3167 2780 3234 intuere,
2803 3175 2856 3221 et
2886 3168 3122 3223 invenies
3148 3171 3322 3223 omnia
3344 3170 3531 3225 eadem

1945 3257 2015 3313 de
2045 3273 2204 3312 causa
2227 3257 2296 3312 ab
2323 3258 2440 3328 ipso
2462 3258 2599 3313 fieri.
2627 3259 2722 3314 Dic
2747 3259 2888 3314 enim
2912 3259 3064 3325 mihi,
3088 3261 3131 3315 si
3157 3261 3346 3326 Adam,
3381 3274 3529 3331 post-

1944 3367 2101 3422 quam
2131 3351 2209 3406 sic
2235 3359 2598 3421 transgressus
2619 3360 2701 3406 est
2720 3392 2733 3414 ,
2769 3351 2956 3406 iisdem
2987 3352 3165 3407 adhuc
3196 3353 3295 3407 frui
3327 3356 3531 3424 potuis-

1945 3450 2194 3512 set,quo
2241 3457 2350 3496 non
2404 3442 2889 3497 excidisset?Nam
2944 3445 2987 3498 si
3046 3445 3204 3498 tantis
3255 3447 3531 3514 promissis

1951 3533 2208 3601 acceptis,
2243 3541 2545 3601 serpentem
2591 3532 2928 3602 deccptorcm
2976 3535 3198 3600 audivit,
3224 3544 3278 3589 et
3316 3536 3529 3590 insidias

1944 3622 2180 3688 admisit,
2207 3637 2339 3692 quas
2366 3637 2461 3691 per
2487 3637 2608 3676 eum
2637 3622 2880 3677 diabolus
2925 3623 3133 3688 intulit,
3168 3639 3262 3694 spe
3289 3625 3533 3681 videlicet

1946 3711 2258 3766 obtinenda:
2301 3712 2622 3780 mqualitalis
2666 3727 2786 3766 cum
2839 3713 2948 3767 Deo
3000 3713 3222 3776 influns,
3257 3724 3417 3784 atque
3479 3717 3530 3769 in

1945 3801 2398 3872 prtevaricationis
2425 3811 2702 3872 peccatum
2730 3803 2876 3858 illum
2901 3804 3163 3872 injiciens,
3194 3804 3237 3858 si
3267 3805 3317 3857 iu
3345 3805 3532 3860 eadem

1947 3895 2204 3966 dignitate
2225 3910 2290 3958 ae
2336 3895 2459 3950 vita:
2502 3895 2711 3949 ratione
2750 3897 3069 3962 mansisset,
3109 3897 3377 3965 quomodo
3426 3912 3536 3952 non

1946 3987 2116 4042 multo
2147 3985 2250 4040 fide
2275 3985 2569 4055 digniorem
2593 3994 2827 4055 putasset
2849 3987 3134 4055 rnalignum
3167 3988 3312 4040 illum
3331 3988 3532 4042 daemo-

1947 4092 2102 4141 nem,
2135 4092 2292 4145 quam
2346 4091 2525 4130 rerum
2573 4075 2809 4130 omnium
2856 4076 3230 4141 Conditorem,
3258 4077 3430 4147 deque
3475 4093 3540 4133 se-

1946 4167 2281 4229 sublimiora,
2310 4180 2471 4235 quam
2499 4165 2728 4236 dignitas
2758 4181 2851 4220 sua
2885 4166 3110 4233 ferebat,
3133 4168 3312 4223 animo
3333 4183 3531 4224 conce-

1947 4257 2154 4326 pisset?
2209 4256 2418 4310 Etenim
2467 4256 2586 4310 talis
2641 4256 2914 4310 hominum
2973 4267 3160 4312 natura
3214 4268 3328 4326 est,
3383 4269 3437 4313 ut
3486 4262 3540 4314 si.

1947 4346 2159 4416 quando
2203 4361 2432 4417 peccans
2484 4361 2590 4402 non
2639 4347 2971 4414 refrenatur,
3014 4349 3110 4405 sed
3157 4365 3344 4406 secure
3387 4353 3528 4422 agit,

1947 4437 2170 4492 ulterius
2195 4437 2491 4507 procedens
2513 4436 2564 4491 in
2586 4452 2824 4508 praeceps
2846 4438 3064 4494 feratur.
3099 4442 3215 4495 Alia
3243 4449 3419 4496 tamen
3449 4445 3532 4498 via

1949 4542 2165 4597 possum
2193 4527 2509 4594 ostendere,
2533 4529 2671 4598 quod
2702 4529 3039 4586 clementiam
3071 4547 3179 4601 prae
3213 4546 3271 4586 se
3314 4533 3490 4589 ferens
3515 4577 3530 4600 ,

1949 4618 2210 4672 Adamum
2236 4618 2479 4688 paradiso
2499 4619 2720 4689 jusserit
2745 4621 3027 4689 excedere,
3061 4632 3115 4677 et
3142 4625 3326 4678 mortis
3361 4641 3531 4694 poenae

1949 4709 2139 4765 fecerit
2164 4711 2456 4765 obnoxium
2483 4729 2496 4765 :
2523 4719 2642 4765 nam
2673 4713 2936 4782 ejectione
2963 4722 3017 4768 et
3057 4717 3348 4786 prepinqua
3382 4718 3532 4771 habi-

1952 4799 2150 4855 tatione
2174 4800 2567 4870 castigatiorem
2590 4842 2604 4865 ,
2628 4811 2682 4855 et
2720 4803 2771 4856 in
2798 4813 3066 4870 posterum
3110 4807 3431 4860 securiorem
3463 4808 3531 4860 fa-

1952 4891 2133 4956 ciens,
2156 4906 2215 4945 re
2247 4891 2356 4960 ipsa
2388 4890 2568 4945 docuit
2595 4905 2824 4962 quantus
2846 4894 3096 4963 deceptor
3121 4896 3276 4950 fuerit
3298 4897 3529 4952 ὡυιιιοιι.

1953 4981 2140 5038 Mortis
2168 4993 2346 5037 autem
2375 4983 2695 5052 supplicium
2733 4995 2950 5053 prepter
2977 4985 3076 5039 hoc
3117 4987 3296 5041 intulit.
3322 5029 3334 5051 ,
3368 5000 3423 5041 ut
3467 5005 3550 5044 ne

1952 5072 2176 5143 posthac
2217 5087 2314 5142 per
2333 5071 2746 5128 inobedieutiam
2771 5085 2988 5143 peccato
3018 5077 3281 5131 obnoxius
3310 5078 3533 5132 effectus

1953 5171 2215 5234 perpetuo
2243 5173 2508 5234 peccaret.
2535 5163 2650 5218 Non
2681 5164 2932 5221 videntur
2958 5167 3050 5221 tibi
3077 5167 3191 5223 haec
3216 5184 3334 5224 esse
3361 5171 3535 5224 maxi-

1954 5269 2058 5312 ma:
2091 5254 2411 5321 clemcmize,
2433 5263 2488 5309 et
2512 5255 2707 5323 ejicere
2733 5271 2762 5310 a
2794 5257 3041 5326 paradiso
3077 5267 3131 5312 et
3164 5273 3319 5327 poena
3348 5263 3538 5314 mortis

1952 5346 2227 5415 plectere?
2255 5346 2478 5400 Possum
2506 5355 2682 5402 autem
2731 5357 2784 5404 et
2824 5349 2967 5402 aliud
3011 5361 3269 5418 pra-terea
3317 5352 3529 5407 afferre.

1954 5437 2248 5504 Qualenam
2283 5437 2422 5492 hoc?
2456 5437 2600 5492 lianc
2646 5438 3060 5508 indignationem
3102 5441 3176 5494 illi
3219 5441 3551 5507 inferendo,

1954 5542 2060 5581 non
2081 5527 2218 5596 apud
2247 5527 2416 5596 ipsum
2444 5527 2719 5583 dumtaxat
2747 5529 3003 5585 beneficia
3029 5532 3331 5601 collocavit,
3355 5535 3449 5589 sed
3479 5545 3546 5590 et.

1955 5627 2202 5688 posteros
2253 5619 2418 5689 ipsius
2450 5621 2696 5691 exemplo
2746 5623 3012 5692 corrigere
3059 5626 3244 5681 voluit.
3276 5626 3407 5681 Nam
3461 5630 3550 5696 εἰη

2017 5799 2090 5860 (a)
2125 5806 2233 5862 Haec
2254 5812 2362 5862 quae
2386 5801 2519 5849 uncis
2558 5801 2843 5850 clauduntur
2868 5815 2930 5850 ex
2959 5817 3056 5852 uno
3089 5810 3273 5855 tantum
3295 5810 3375 5854 Iis.
3403 5805 3527 5855 emi-3

1953 5873 2078 5921 mus,
2101 5861 2190 5910 sed
2215 5861 2438 5912 videntur
2463 5863 2519 5910 ad
2543 5865 2722 5913 seriem
2747 5864 3004 5925 quadrare.
