4078 6410
607 377 708 433 23f

607 506 887 568 postquam
937 495 1052 550 haec
1092 506 1401 566 evencrant,
1424 499 1469 552 is
1513 498 1603 567 qui
1646 513 1711 553 ex
1760 513 1827 553 eo
1866 508 2021 553 natus
2066 504 2184 561 cst,

602 587 733 641 Cain
767 588 1002 658 inquam,
1025 589 1113 660 qui
1146 604 1257 659 prae
1282 590 1451 645 oculis
1477 590 1688 646 videbat
1718 599 1919 659 patrem
1940 605 2007 645 ex
2030 605 2184 660 para-

605 677 725 732 aiso
766 679 1027 749 ejectum,
1074 680 1395 735 ineffabilem
1443 682 1589 735 illam
1629 681 1850 751 gloriam
1894 683 2182 751 amissam,

597 770 1030 827 maledictionem
1064 773 1209 827 illam
1237 775 1448 841 miram,
1482 790 1600 843 quae
1629 774 1837 829 dicebat
1868 792 1882 828 :
1911 774 2072 829 Terra
2096 792 2181 842 es,

596 873 643 915 et
672 862 731 916 in
756 871 944 917 terram
963 865 1121 921 abibis
1150 865 1302 939 (Cen.
1323 867 1512 933 3.19),
1535 868 1725 921 melior
1752 866 1920 922 factus
1951 885 2056 923 non
2078 878 2180 936 est,

595 952 690 1006 sed
730 953 1063 1024 gravioribus
1111 972 1169 1012 se
1207 958 1425 1012 involvit
1464 958 1617 1013 malis
1659 975 1673 1012 :
1715 959 1757 1014 si
1810 974 1915 1014 non
1960 960 2185 1017 vidisset

593 1056 715 1111 quae
746 1043 882 1111 patri
914 1046 1267 1117 contigerant,
1288 1048 1341 1102 in
1363 1063 1518 1117 quam
1549 1064 1656 1104 non
1689 1050 2017 1118 pervenisset
2046 1052 2185 1105 insa-

596 1131 776 1187 niam?
798 1133 866 1189 Et
888 1136 1029 1206 quod
1057 1152 1185 1192 sane
1215 1138 1567 1196 admiratione
1588 1140 1745 1195 fuerit
1774 1141 2013 1213 dignum,
2035 1144 2181 1197 illum

593 1222 753 1276 etiam
775 1225 863 1293 qui
888 1226 1009 1279 talia
1037 1229 1278 1296 peccavit
1307 1238 1360 1284 et
1385 1229 1590 1285 nefario
1621 1231 1911 1287 homicidio
1940 1233 2180 1290 dextram

594 1311 782 1379 polluit
808 1314 1033 1383 puniens
1055 1357 1071 1382 ,
1109 1317 1472 1373 misericordia
1496 1335 1711 1390 poenam
1736 1323 1973 1377 miscuit.

659 1398 714 1454 2.
758 1401 824 1456 Et
853 1412 910 1458 ut
938 1405 1219 1462 manifeste
1261 1408 1400 1465 scias
1436 1409 1632 1466 divina:
1658 1412 1946 1481 bonitatis,
1979 1431 2097 1485 quae
2126 1426 2182 1471 et

587 1489 671 1545 isti
702 1492 935 1548 exitibita
963 1504 1086 1561 est,
1131 1499 1547 1567 magnitudinem
1589 1520 1603 1556 :
1647 1512 1758 1557 tum
1797 1505 2012 1574 quidem
2054 1522 2175 1562 cum

588 1582 753 1636 Deum
774 1583 920 1653 gravi
942 1588 1261 1642 contumelia
1282 1590 1519 1645 afficeret
1539 1591 1813 1649 offerendo
1833 1595 2175 1663 sacrificium,

588 1678 643 1723 et
672 1686 920 1742 magnum
954 1690 1063 1743 prae
1092 1690 1152 1730 se
1193 1675 1415 1733 ferendo
1448 1690 1810 1752 contemptum
1859 1684 2005 1755 (non
2032 1687 2176 1742 enim

585 1760 854 1817 dividebat
882 1762 1061 1832 juste,
1113 1766 1209 1821 sed
1255 1766 1513 1824 offerebat
1541 1771 1853 1842 simpliciter
1894 1786 1948 1830 et
1975 1776 2177 1847 absque

587 1850 796 1907 delectu
818 1852 859 1923 ),
891 1853 1021 1908 nihil
1042 1855 1121 1910 vel
1149 1871 1311 1927 grave
1332 1859 1413 1913 vel
1437 1860 1718 1917 molestum
1746 1864 1998 1921 adversus
2026 1867 2175 1924 illum

582 1943 835 2012 loquutus
882 1954 965 1999 est
1008 1945 1185 2014 Deus,
1236 1951 1478 2018 quamvis
1525 1962 1798 2021 peccatum
1844 1957 2018 2028 ipsum
2067 1976 2174 2015 non

581 2040 726 2087 esset
748 2048 970 2104 parvum
1000 2045 1055 2092 et
1084 2037 1301 2108 vulgare
1319 2080 1335 2108 ,
1366 2040 1460 2096 sed
1488 2043 1642 2099 valde
1669 2061 1938 2117 magnum.
1967 2049 2098 2106 Nam
2125 2052 2172 2107 si

581 2123 619 2179 ii
648 2127 737 2196 qui
767 2141 1098 2199 congeneres
1127 2129 1375 2189 homines
1402 2133 1652 2192 honorari
1683 2140 1888 2207 volunt,
1921 2144 2088 2213 prima
2116 2155 2173 2202 et

577 2217 845 2288 prmcipua
863 2220 967 2275 illis
983 2221 1239 2289 tribuunt,
1262 2225 1456 2297 illaque
1473 2227 1668 2286 offerre
1688 2233 1918 2289 maxime
1932 2235 2167 2304 student,

578 2324 698 2376 qua:
747 2310 997 2367 omnibus
1043 2315 1363 2384 pretiosiora
1415 2318 1514 2374 sibi
1559 2320 1807 2378 videntur
1848 2341 1862 2378 :
1902 2328 2169 2396 quomodo

577 2398 849 2455 hominem
882 2401 992 2457 Deo
1027 2403 1343 2461 offerentem
1386 2422 1491 2462 non
1521 2411 1802 2479 oportebat
1831 2414 1940 2468 Deo
1968 2417 2168 2486 pretio-

577 2489 718 2543 siora
745 2500 797 2545 et
828 2493 1195 2560 prtestantiora
1224 2495 1461 2552 offerre?
1490 2498 1654 2569 Igitur
1678 2516 1797 2557 cum
1820 2512 2020 2558 tantum
2045 2521 2168 2576 pec-

574 2588 740 2644 caret,
765 2588 821 2636 et
851 2592 1052 2636 tantum
1083 2600 1190 2653 prae
1218 2601 1279 2642 se
1303 2586 1469 2643 ferret
1492 2600 1856 2662 contemptum
1886 2596 1993 2661 ille,
2026 2597 2166 2654 Deus

576 2675 751 2725 tamen
785 2687 889 2726 non
939 2675 1120 2743 petivit
1150 2692 1361 2746 paanam
1381 2720 1397 2745 ,
1444 2696 1619 2751 neque
1644 2698 1740 2753 pro
1783 2687 1932 2741 factis
1958 2690 2164 2759 suppli-

572 2760 711 2813 cium
738 2764 948 2834 exegit:
980 2766 1072 2821 sed
1097 2769 1246 2837 quasi
1274 2770 1477 2827 amicus
1497 2777 1690 2841 amico,
1718 2791 1839 2831 cum
1862 2780 2003 2834 omni
2033 2780 2163 2837 leui-

573 2859 680 2906 tate
708 2853 933 2924 loquens
961 2857 1038 2911 sic
1080 2858 1212 2913 dixit
1239 2878 1254 2915 :
1289 2860 1536 2932 Peccasti,
1560 2866 1755 2935 quiesce
1787 2867 1806 2939 (
1824 2867 1952 2924 Gen.
1982 2871 2034 2925 4.
2067 2872 2157 2944 7).

574 2943 856 3001 Peccatum
884 2948 1161 3007 dumtaxat
1189 2952 1263 3007 illi
1295 2954 1577 3024 indicavit,
1607 2967 1661 3013 et
1685 2964 1951 3017 consuluit
1985 2979 2053 3021 ne
2080 2943 2161 3020 ul-

569 3035 734 3091 terius
763 3039 1193 3109 progrederetur.
1224 3042 1414 3100 Vidisti
1458 3047 1708 3105 bonitatis
1744 3053 2158 3112 excellentiam?

565 3126 669 3183 Sed
700 3130 821 3199 quia
853 3131 940 3186 ille
962 3148 1065 3188 non
1094 3135 1265 3190 solum
1297 3136 1426 3192 nihil
1453 3154 1517 3193 ex
1547 3151 1691 3196 tanta
1718 3145 1967 3213 patientia
1996 3147 2155 3202 lucri-

567 3216 723 3285 fecit,
753 3221 846 3276 sed
877 3232 931 3278 et
957 3224 1201 3294 graviora
1233 3227 1419 3298 primis
1447 3229 1662 3300 adjecit,
1692 3245 1851 3305 atque
1879 3236 1945 3292 ad
1974 3235 2153 3293 fratris

565 3325 749 3365 necem
779 3317 1120 3385 properavit,
1152 3318 1292 3374 Deus
1320 3320 1534 3390 quidem
1564 3323 1617 3378 in
1660 3340 1783 3381 eum
1825 3328 1999 3384 adhuc
2037 3347 2152 3386 ma-

561 3416 719 3471 gnam
747 3404 1065 3461 ostendebat
1091 3408 1382 3478 leuitatem,
1414 3412 1750 3486 interrogans
1775 3419 1920 3488 prius
1946 3431 2000 3476 et
2019 3423 2152 3478 dans

565 3492 640 3547 illi
677 3493 1056 3552 satisfactionis
1087 3498 1261 3554 locum
1289 3502 1426 3557 :â€˜sed
1456 3505 1578 3573 quia
1609 3510 1804 3563 mansit
1847 3510 2146 3581 impudens,

564 3592 688 3638 tunc
709 3599 920 3654 poenam
945 3587 1120 3642 intulit
1145 3590 1191 3644 ei
1217 3592 1606 3650 emendationis
1631 3598 1820 3665 gratia,
1844 3617 1964 3671 qua:
1987 3603 2147 3659 etiam

562 3675 674 3744 ipsa
703 3678 927 3732 multum
956 3678 1187 3736 habebat
1213 3684 1594 3741 misericordia:
1624 3689 1940 3748 admixtum.

638 3766 742 3832 Qui
780 3769 831 3823 in
875 3786 967 3825 nos
1009 3784 1215 3840 peccat,
1264 3779 1502 3846 feratur,-
1539 3782 1623 3850 qui
1665 3784 1718 3837 in
1744 3783 1911 3839 Deum
1951 3799 2144 3858 peccat,

563 3861 827 3930 puniatur.
850 3892 920 3902 â€”
945 3862 1107 3919 Vides
1142 3867 1412 3935 quomodo
1440 3871 1577 3926 Deus
1596 3914 1610 3938 ,
1651 3876 1864 3943 quando
1893 3879 1942 3933 in
1972 3880 2142 3950 ipsum

560 3952 820 4023 peccavit,
842 3964 1228 4027 peccatumque
1252 3974 1358 4013 non
1381 3961 1615 4032 vulgare,
1639 3964 1841 4022 dimisit
1865 3969 1912 4024 ei
1939 3986 1952 4024 :
1978 3986 2144 4040 quan-

556 4044 626 4099 do
651 4054 828 4100 autem
858 4046 910 4100 in
952 4045 1171 4102 fratrem
1210 4050 1436 4105 armavit
1473 4051 1715 4110 dextram
1742 4098 1758 4124 ,
1801 4059 2141 4116 maledictum

555 4134 731 4190 intulit
754 4146 805 4190 et
837 4136 1174 4207 increpavit?
1202 4139 1290 4196 Sic
1317 4157 1457 4197 nunc
1481 4151 1537 4198 et
1566 4160 1665 4201 nos
1694 4146 1948 4205 faciamus
1968 4192 1983 4215 ,
2016 4152 2138 4206 imi-

555 4235 835 4298 tctnurque
863 4229 1143 4285 Dominum
1178 4242 1418 4288 nostrum
1446 4252 1459 4300 ;
1493 4245 1546 4291 et
1571 4238 1615 4292 si
1642 4240 1767 4308 quid
1810 4242 1859 4295 in
1891 4258 1987 4298 nos
2018 4259 2141 4315 pec-

553 4326 731 4371 catum
760 4317 939 4382 fuerit,
968 4320 1173 4374 veniam
1201 4321 1410 4391 demus,
1441 4333 1497 4379 et
1525 4328 1856 4384 remittamus
1883 4332 1947 4387 iis
1968 4334 2057 4403 qui
2085 4334 2136 4389 in

556 4422 654 4461 nos
694 4406 1071 4477 deliquerunt:
1102 4413 1317 4481 quando
1361 4424 1536 4469 autem
1570 4417 1620 4471 in
1655 4418 1819 4474 Deum
1862 4434 2135 4490 peccatum

557 4498 813 4565 refertur,
858 4506 984 4555 tunc
1025 4517 1212 4571 pinnas
1254 4505 1546 4576 exigamus.
1592 4508 1699 4566 Sed
1732 4515 1911 4569 nescio
1938 4517 2027 4586 qui
2055 4517 2132 4584 fit,

557 4600 612 4643 ut
636 4593 812 4644 omnia
854 4605 1008 4647 secus
1046 4592 1340 4660 faciamus,
1385 4599 1604 4655 omnino
1648 4615 1860 4672 peccata
1905 4624 2023 4678 quae
2067 4610 2133 4666 ad

554 4678 719 4734 Deum
746 4681 1049 4751 pertingunt
1069 4724 1085 4749 ,
1113 4683 1277 4738 inulta
1305 4701 1423 4741 esse
1449 4688 1672 4745 sinimus
1700 4710 1714 4747 :
1741 4694 1786 4748 si
1812 4697 1930 4767 quis
1955 4710 2133 4757 autem

552 4786 735 4839 parum
768 4772 893 4842 quid
932 4774 984 4827 in
1029 4788 1129 4829 nos
1174 4779 1506 4846 peccaverit,
1556 4781 1671 4852 ejus
1711 4801 1899 4857 graves
1946 4806 2132 4849 sumus

547 4862 749 4917 ultores
792 4873 841 4918 ct
891 4876 1268 4935 accusatores,
1323 4871 1627 4941 ignorantes
1673 4892 1770 4934 nos
1816 4896 1876 4935 ea
1923 4884 2131 4942 ratione

546 4953 944 5011 misericordem
965 4956 1243 5013 Dominum
1266 4961 1431 5032 magis
1451 4966 1789 5024 exacerbare.
1813 4971 1964 5038 Quod
1985 4976 2127 5031 enim

545 5059 660 5101 mos
680 5046 750 5101 sit
771 5046 880 5103 Deo
906 5064 1050 5119 scepe
1070 5049 1339 5110 dimittere
1359 5071 1476 5126 quae
1501 5056 1553 5114 in
1579 5075 1637 5115 se
1664 5073 1880 5131 peccata
1907 5066 2124 5139 fuerint,

544 5153 726 5196 verum
757 5156 876 5212 quae
907 5142 960 5197 in
995 5144 1290 5213 proximum
1312 5190 1328 5215 ,
1373 5165 1435 5205 ea
1465 5167 1585 5206 cum
1617 5169 1804 5225 magna
1843 5162 2127 5221 severitate

541 5232 859 5301 exquirere,
893 5235 1017 5290 audi
1062 5235 1272 5293 beatunt
1306 5239 1525 5297 Paulum
1569 5245 1835 5304 dicentem
1865 5268 1879 5305 :
1910 5252 1971 5308 Si
2012 5256 2126 5326 quis

545 5334 753 5374 uxorem
775 5322 920 5378 habet
945 5325 1222 5394 inï¬delem,
1246 5338 1292 5383 et
1318 5330 1417 5400 ipsi
1438 5345 1639 5405 gratum
1662 5337 1814 5407 fuerit
1840 5322 2084 5401 cohabitm
2099 5364 2126 5402 e

541 5408 639 5474 illi,
671 5427 772 5465 non
807 5413 1026 5469 dimittat
1067 5417 1229 5473 illaut.
1260 5419 1327 5474 Et
1366 5423 1413 5477 si
1449 5441 1548 5496 qua
1585 5428 1767 5483 mulier
1794 5432 1938 5488 habet
1962 5437 2120 5493 virum

542 5497 815 5570 inï¬delem,
848 5520 895 5560 et
922 5508 1002 5561 hic
1028 5513 1269 5566 consentit
1299 5515 1525 5573 habitare
1550 5536 1662 5574 cum
1688 5523 1798 5588 illa,
1827 5542 1926 5581 non
1953 5529 2121 5584 dimit-

543 5597 611 5639 tat
639 5590 784 5644 illum
808 5597 900 5663 (1.
924 5596 1042 5652 Cor.
1067 5602 1119 5653 7.
1148 5603 1231 5658 Î·.
1261 5607 1326 5660 lii
1346 5607 1384 5677 ).
1414 5609 1603 5666 Vidisti
1630 5625 1824 5684 quanta
1848 5618 1916 5673 ibi
1946 5621 2119 5677 indul-

542 5679 760 5743 gentia?
790 5682 1006 5741 Etiamsi
1033 5694 1244 5758 gentilis
1274 5696 1448 5764 fuerit,
1477 5679 1682 5758 etiamsi
1714 5706 1962 5776 infidelis,
1996 5728 2119 5781 pro-

544 5763 631 5821 bet
658 5780 828 5825 autem
856 5777 1296 5840 cohabitationem
1316 5829 1331 5854 ,
1372 5763 1475 5845 non
1507 5792 1750 5863 refugiat.
1786 5798 1852 5855 Et
1881 5763 2110 5860 iterum:

1324 378 1381 436 S.
1421 378 1703 436 JOANNIS
1740 374 2216 434 CHRVSOSTUMI
2254 375 2571 438 ARCIHEP.
2614 386 3145 456 CONSTANTlNOP.

3779 423 3884 477 2'59

2302 491 2420 549 Etsi
2441 503 2641 569 gentilis
2664 507 2819 575 fuerit
2843 511 3053 581 mulier,
3094 517 3192 571 etsi
3215 520 3437 589 inï¬delis
3455 568 3469 591 ,
3496 530 3705 601 vultque
3727 538 3879 592 colm-
3918 552 3923 559 â€˜

2295 584 2473 654 bitare,
2498 607 2600 646 non
2622 598 2854 667 repellat.
2883 601 2985 667 Qui
3003 606 3122 671 scis,
3146 608 3331 679 inquit,
3355 617 3556 681 mulier,
3580 584 3702 676 nam
3725 627 3883 683 vitam

2294 679 2550 736 salivatum
2575 686 2645 739 sis
2665 687 2691 740 ?
2717 699 2804 743 aut
2828 692 2916 761 qui
2941 694 3059 763 scis,
3087 698 3182 765 vir,
3213 717 3333 757 num
3362 708 3625 764 mulierem
3652 717 3883 772 salvatu-

2292 785 2381 823 rus
2406 773 2474 825 sis
2501 771 2574 845 (1.
2597 776 2713 831 Cor.
2733 780 2787 834 7.
2814 782 2904 852 16)
2919 784 2943 838 ?
2961 784 3092 842 Vide
3115 794 3384 859 quomodo
3399 812 3505 853 non
3525 804 3781 870 prohibet
3806 771 3882 864 in-

2287 1151 2461 1205 suam,
2489 1154 2701 1215 excepta
2723 1164 2881 1203 causa
2902 1155 3273 1229 fornicationis,
3301 1163 3423 1233 facit
3451 1169 3597 1227 illam
3636 1180 3885 1235 Ï€ÏÏ‰á½·-Îœá½µ

2288 1225 2518 1328 tumis.
2547 1236 2603 1328 5.
2633 1238 2703 1292 32
2727 1240 2767 1309 ).
2814 1241 3002 1313 Ingens
3030 1225 3361 1322 benignitasl
3392 1225 3616 1322 Etiamsi
3637 1225 3882 1328 abigi};

2288 1317 2466 1390 fuerit,
2501 1327 2584 1381 vel
2615 1331 2824 1398 gentilis
2847 1374 2863 1400 ,
2901 1335 2946 1391 si
2975 1346 3338 1415 consenserit,
3385 1353 3555 1410 retine
3582 1374 3598 1412 :
3624 1360 3671 1413 si
3697 1374 3880 1419 autem

2285 1414 2337 1468 in
2366 1424 2418 1471 te
2444 1423 2775 1492 peccaverit,
2802 1436 2856 1481 et
2892 1438 3164 1499 pactorum
3200 1439 3546 1503 obliviscatur
3565 1490 3580 1514 ,
3611 1430 3877 1510 aliorum-

2284 1520 2387 1575 que
2417 1513 2709 1578 prmtulerit
2732 1523 3057 1578 consortium
3079 1567 3095 1593 ,
3134 1528 3259 1586 licet
3304 1534 3395 1589 tibi
3426 1539 3570 1595 illam
3596 1545 3801 1614 ejicere
3824 1564 3876 1606 et

2284 1598 2568 1666 repellere.
2598 1603 2723 1661 lla'c
2749 1610 3073 1682 cogitantes,
3105 1621 3416 1682 studeamus
3444 1630 3603 1687 etiam
3624 1598 3877 1695 'Domino

2282 1702 2503 1761 propter
2545 1697 2679 1753 hanc
2709 1701 2761 1756 in
2807 1719 2905 1761 nos
2943 1707 3366 1771 benevolentiam
3397 1723 3597 1788 pariter
3625 1729 3875 1787 referre:

2280 1791 2335 1836 et
2359 1783 2499 1840 sicut
2525 1786 2640 1857 ipse
2665 1793 2775 1847 vult
2798 1794 3066 1856 dimittere
3091 1817 3154 1857 ea
3179 1819 3298 1875 quae
3326 1811 3377 1864 in
3397 1783 3459 1866 se
3484 1827 3698 1881 peccata
3722 1832 3871 1885 sunt,

2278 1886 2397 1942 quae
2422 1886 2597 1933 autem
2625 1880 2676 1934 in
2708 1899 2825 1953 nos,
2850 1887 3139 1956 ulciscitur,
3166 1895 3323 1968 idque
3348 1880 3537 1973 magna
3563 1912 3869 1980 severitate,

2276 1964 2466 2021 eodem
2494 1984 2623 2027 sane
2663 1976 2825 2033 modo
2867 1988 2920 2035 et
2965 1983 3064 2053 ipsi
3104 1985 3359 2048 faciamus
3386 2012 3401 2049 :
3428 2013 3779 2073 quaecumque
3816 2006 3870 2062 in

2277 2070 2378 2112 nos
2408 2070 2627 2128 peccant
2657 2068 2884 2134 proximi
2925 2076 3261 2134 remittamus
3280 2123 3294 2147 ,
3323 2100 3442 2153 qua:
3470 2100 3645 2145 autem
3676 2068 3870 2151 contra

2279 2147 2468 2216 Deum,
2499 2167 2559 2207 ea
2587 2170 2780 2226 magno
2802 2163 2985 2220 studio
3005 2181 3253 2226 curemus
3275 2174 3475 2232 ulcisci.
3509 2182 3660 2247 Quod
3686 2195 3738 2241 et
3771 2205 3871 2242 no-

2275 2238 2357 2295 bis
2403 2245 2634 2310 proderit
2663 2249 2947 2318 plurimum
2970 2298 2987 2325 ,
3018 2268 3072 2314 et
3112 2277 3207 2319 eos
3244 2268 3332 2337 qui
3377 2274 3709 2345 corriguntur
3752 2297 3868 2336 non

2275 2344 2461 2397 parum
2503 2335 2727 2404 juvabit.
2760 2342 3025 2404 Fortassis
3070 2350 3228 2411 hodie
3263 2335 3688 2436 ï¬prolixius'justo
3728 2386 3868 2441 pro-

2272 2423 2489 2479 oemium
2522 2427 2764 2487 fecimus.
2812 2436 2925 2491 Sed
2943 2442 3071 2510 quid
3112 2423 3310 2516 agamâ€œ?
3349 2451 3458 2508 Hoc
3498 2423 3686 2525 printer

2273 2514 2490 2569 tentiam
2518 2520 2646 2574 mihi
2675 2526 2924 2597 contigit,
2958 2514 3239 2591 verborum
3273 2539 3417 2597 ï¬‚uxu
3447 2559 3611 2616 rapto.

2342 2602 2518 2661 Preme
2553 2627 2585 2662 a
2619 2610 2728 2667 Deo
2770 2616 2932 2673 illata:
2968 2622 3249 2683 clementiae
3285 2602 3581 2703 conjtmclaz.
3602 2670 3672 2681 -â€”
3697 2643 3865 2709 Quo-

2267 2694 2410 2750 niam
2442 2710 2619 2756 autem
2647 2709 2823 2762 omnis
2848 2725 3027 2769 sermo
3052 2726 3237 2773 noster
3258 2721 3326 2778 de
3353 2724 3548 2783 diluvio
3571 2740 3675 2799 cst,
3707 2750 3865 2805 opus

2265 2786 2418 2842 nobis
2459 2802 2576 2847 erat
2614 2796 2823 2853 caritati
2868 2812 3059 2859 vestrae
3087 2811 3406 2881 ostendere,
3456 2832 3632 2888 pinnas
3661 2838 3690 2877 a
3733 2786 3864 2882 Deo

2267 2879 2422 2935 nobis
2452 2883 2626 2941 illatas
2653 2889 3035 2952 misericordiae
3064 2901 3232 2971 magis
3256 2919 3408 2972 esse,
3450 2925 3599 2980 quam
3626 2929 3812 2983 parum
3841 2938 3857 2973 :

2262 2969 2341 3027 sic
2383 2988 2597 3045 quoque
2641 2989 2762 3035 erat
2806 2990 2861 3039 et
2901 2969 3178 3047 diluvium.
3228 2993 3363 3052 Nam
3394 2969 3538 3058 isieut
3582 2969 3857 3079 benignus

2261 3073 2383 3132 erga
2412 3063 2548 3122 filios
2573 3078 2756 3140 pater,
2789 3077 2967 3132 omnia
3006 3081 3077 3136 ob
3118 3098 3299 3142 curam
3332 3090 3382 3143 iu
3409 3106 3576 3163 genus
3599 3063 3854 3159 Ï…ÏƒÎµÎ´-Ï‰Ï„Î¹

2261 3151 2405 3209 facit.
2439 3156 2506 3212 Ut
2529 3169 2704 3216 autem
2736 3180 2801 3219 ex
2827 3166 2891 3222 iis
2915 3209 2931 3235 ,
2974 3185 3097 3241 qua:
3125 3190 3266 3233 nunc
3294 3151 3558 3252 proposita
3584 3199 3634 3243 et
3677 3190 3856 3252 lli-die

2260 3243 2394 3300 lecta
2422 3247 2635 3306 discatis
2664 3255 3006 3327 benignitatis
3032 3263 3177 3322 illius
3196 3243 3624 3345 magnitudinem,
3652 3284 3853 3340 audia-

2257 3350 2376 3392 mus
2421 3338 2534 3409 ipsa
2580 3342 2773 3401 divinae
2816 3348 3106 3422 Scriptura:
3153 3338 3334 3417 verba.
3385 3364 3515 3421 Nam
3557 3338 3672 3440 quia
3715 3338 3849 3433 heri

2254 3426 2438 3485 docuit
2471 3449 2567 3489 nos
2604 3435 2793 3494 beatus
2816 3441 2990 3502 Moses
3013 3489 3027 3515 ,
3061 3450 3277 3520 dicens,
3324 3426 3655 3519 Exultata-est
3696 3485 3848 3538 aqua

2252 3535 2406 3591 super
2435 3533 2621 3580 terram
2647 3529 2824 3588 diebus
2849 3545 3047 3593 centum
3069 3543 3431 3619 quinquaginta
3459 3552 3479 3624 (
3494 3553 3617 3610 Gen.
3645 3557 3694 3609 7.
3720 3529 3839 3633 á¼Î¹)

2253 3608 2274 3679 (
2289 3619 2343 3664 et
2370 3627 2435 3706 eo
2462 3629 2628 3686 usque
2655 3620 2899 3681 docendo
2927 3608 3345 3706 processimus},
3374 3608 3529 3699 hodie
3545 3608 3615 3699 ait
3683 3608 3842 3706 if.â€”

2251 3705 2546 3762 recordatus
2574 3721 2646 3765 est
2673 3712 2815 3771 Deus
2836 3718 2954 3775 Noe
2975 3764 2991 3789 ,
3016 3733 3062 3778 et
3097 3730 3323 3785 omnium
3361 3737 3601 3807 ferarum,
3643 3751 3690 3795 et
3711 3758 3837 3797 0m-

2251 3792 2389 3847 nium
2418 3798 2791 3876 jumentoram,
2831 3819 2878 3865 et
2917 3816 3142 3873 omnium
3179 3823 3458 3882 volatilium
3480 3871 3495 3897 ,
3527 3842 3573 3885 et
3606 3837 3836 3894 omnium

2251 3886 2507 3954 reptilium
2529 3933 2544 3955 ,
2571 3910 2896 3966 quwcumque
2916 3918 3195 3965 erantcum
3219 3913 3309 3968 illa
3333 3917 3385 3972 in
3411 3936 3528 3975 arca
3554 3922 3700 3992 (Gen.
3723 3928 3810 4000 8).

2321 3978 2352 4000 Î·
2417 3979 2476 4000 Î¹..
2502 3981 2540 4000 ,Î‘
2594 3984 2642 4000 ..
2716 3988 2746 4000 ,Î‘

2320 3978 2372 4032 '5.
2417 3979 2547 4038 Vide
2593 3984 2677 4041 hic
2713 3988 2903 4046 iterum
2928 4035 2943 4059 ,
2985 4012 3144 4066 quam
3183 4016 3242 4058 se
3280 3978 3592 4080 attemperet
3628 3978 3834 4075 nosttim

2248 4066 2541 4126 infirmitati
2568 4074 2745 4134 divina
2773 4080 3065 4155 Scriptura.
3096 4089 3163 4144 Et
3190 4066 3481 4154 recordath
3508 4113 3600 4169 est,
3633 4105 3828 4177 inquit,

2248 4159 2404 4218 Deus.
2434 4166 2790 4239 Dilectissimi,
2817 4175 3174 4250 intelligamus
3200 4184 3313 4243 haec
3342 4200 3396 4245 ut
3418 4159 3630 4263 dignum
3654 4159 3731 4253 est
3750 4159 3831 4259 de

2246 4252 2357 4310 Deo
2384 4255 2698 4330 intelligere,
2723 4278 2786 4319 ac
2812 4281 2879 4321 ne
2905 4272 3195 4329 secundum
3223 4270 3425 4336 naturae
3453 4295 3646 4342 nostrae
3675 4289 3828 4346 infir-

2245 4347 2484 4403 mitatem
2517 4349 2631 4405 haec
2671 4367 2848 4410 crassa
2889 4359 3049 4416 verba
3093 4364 3473 4439 intelligamus.
3497 4374 3626 4432 Nam
3650 4394 3826 4449 quan-

2242 4444 2353 4492 tum
2384 4439 2449 4494 ad
2482 4441 2803 4500 ineffabilem
2835 4450 2976 4505 illam
3003 4464 3246 4513 naturam
3284 4464 3510 4533 attinet,
3550 4439 3822 4543 indignum

2243 4528 2430 4587 fuisset
2457 4532 2558 4590 huc
2582 4537 2804 4593 verbum
2836 4559 2848 4596 :
2880 4555 3133 4613 quantum
3160 4560 3336 4608 autem
3362 4555 3427 4611 ad
3453 4570 3686 4617 nostram
3718 4566 3823 4622 im-

2240 4618 2617 4693 becillitatem,
2661 4631 2901 4700 apposite
2945 4644 3027 4691 est
3086 4638 3308 4698 dictum.
3358 4645 3665 4709 Recordatas
3709 4667 3821 4727 est,

2240 4711 2442 4782 inquit,
2488 4713 2630 4771 Deus
2669 4718 2804 4774 Noe.
2854 4723 3114 4792 Quoniam
3145 4737 3377 4792 narravit
3419 4740 3573 4797 nobis
3612 4744 3665 4799 in
3705 4747 3819 4816 jam

2238 4804 2416 4874 dictis,
2458 4807 2593 4862 sicut
2635 4811 2781 4880 prius
2823 4819 3030 4874 caritati
3068 4833 3257 4880 vestra:
3296 4828 3543 4901 diximus,
3590 4804 3821 4907 quadra~

2235 4893 2379 4963 ginta
2401 4894 2587 4954 diebus
2607 4910 2662 4957 et
2682 4904 2897 4960 totidem
2921 4912 3165 4967 noctibus
3183 4913 3346 4973 fuisse
3366 4893 3685 4993 pluviam:et
3703 4893 3822 4986 die-

2237 4983 2336 5041 bus
2369 4996 2583 5046 centum
2619 4994 2994 5068 quinquaginta
3029 5004 3271 5061 eamdem
3309 5012 3568 5069 mansisse
3598 5032 3814 5087 aquam.

2234 5078 2535 5147 quindecim
2584 5084 2777 5142 cubitis
2818 5104 2981 5160 super
3007 5104 3216 5151 montes
3252 5100 3558 5171 exaltatatn,
3601 5078 3662 5162 el
3693 5125 3813 5165 cum

2235 5167 2351 5225 hazc
2380 5170 2598 5240 fierent,
2639 5174 2840 5246 justum
2866 5174 3145 5242 'resedisse
3170 5188 3221 5243 in
3249 5204 3408 5259 arca,
3440 5210 3611 5266 neque
3634 5215 3811 5257 acrem

2233 5260 2438 5330 spirare
2462 5263 2749 5333 valentem,
2779 5269 3246 5349 habitantibusque
3269 5295 3389 5338 cum
3415 5299 3481 5340 eo
3505 5260 3676 5344 brutis
3700 5292 3812 5345 uui-

2233 5353 2421 5422 versis,
2451 5355 2649 5414 idcirco
2714 5361 2920 5433 inquit,
2956 5366 3023 5421 Et
3050 5374 3343 5429 recordatus
3383 5386 3456 5432 est
3495 5378 3637 5436 Deus
3674 5382 3804 5440 Nae.

2231 5443 2367 5512 Quid
2392 5456 2492 5513 est,
2526 5447 2844 5510 Recordatas
2884 5467 2956 5513 est
2977 5459 3005 5512 2
3042 5460 3288 5518 Misertus
3325 5476 3425 5532 est,
3458 5469 3655 5540 inquit,
3677 5474 3813 5543 justi

2230 5536 2283 5589 in
2309 5550 2431 5589 arca
2458 5542 2664 5609 agentis
2692 5560 2706 5596 :
2738 5546 2988 5603 misertus
3014 5561 3097 5605 est
3137 5552 3253 5621 ejus
3295 5555 3349 5610 in
3389 5564 3531 5613 tanta
3570 5564 3806 5633 angustia

2229 5638 2285 5682 et
2312 5644 2489 5682 rerum
2517 5631 2829 5693 difficultate
2865 5641 3138 5697 constituti
3162 5683 3178 5709 ,
3222 5645 3616 5721 ignorantisqnc
3643 5631 3807 5724 quan-

2231 5716 2424 5773 (Ionam
2457 5723 2711 5780 molestia:
2736 5727 2842 5783 illae
2886 5731 3045 5786 finem
3088 5734 3350 5793 habitura:
3384 5716 3588 5799 essent.
3618 5716 3800 5801 Consi-

2227 5808 2352 5864 dcra
2380 5809 2494 5867 hic.
2522 5829 2737 5886 quasso,
2769 5823 2952 5889 quales
2981 5831 3107 5879 tunc
3137 5827 3271 5883 illius
3307 5828 3497 5887 fuerint
3532 5836 3805 5905 cogitatio-
