4078 6406
127 459 369 515 ’τούτων
416 461 744 532 γενομένων,
791 463 818 516 6
853 461 914 528 ἐξ
961 461 1124 516 αὑτοῦ
1166 463 1398 534 τεχθεὶς,
1426 465 1454 516 6
1498 464 1638 519 Κάῖν
1671 465 1835 534 λέγω,

157 546 310 618 ὀρῶν
340 549 398 601 έν
438 548 736 618 ὀφθαλμοῖς
776 545 870 602 τοῦ
910 549 1114 620 πατρὸς
1156 548 1256 620 τὴν
1295 551 1359 603 ἐκ
1386 549 1480 602 τοῦ
1510 541 1840 620 παραδείσου

159 633 418 705 ἐκϐολὴν,
449 634 550 705 τῆς
585 635 742 705 δόξης
781 635 994 706 ἐκείνης
1023 634 1125 704 τῆς
1169 633 1380 703 ἁφάτου
1411 635 1511 706 τὴν
1544 634 1835 696 ἔκπτωσιν,

157 719 266 790 τῆς
295 721 540 792 κατάρας
572 721 788 792 ἐκείνης
831 721 892 774 τὸ
935 721 1163 791 μέγεθος
1192 721 1292 792 τῆς
1319 721 1604 792 λεγούσης,
1636 721 1726 790 Γῆ
1766 721 1835 785 εί,

158 805 265 860 καὶ
288 808 376 874 είς
403 808 524 877 γῆν
545 808 880 876 άπελεύσῃ,
927 807 1046 861 οὑδὲ
1074 805 1244 871 οὑτως
1277 807 1671 878 ἐσωφρονίσθη,
1707 807 1836 862 ἀλλὰ

162 891 384 962 μείζοσι
407 895 596 956 κακοῖς
620 893 811 946 ἑαυτὸν
835 892 1182 964 περιέπειρεν
1203 909 1216 922 ·
1244 895 1292 945 εί
1325 894 1398 964 μὴ
1422 889 1527 946 εἶδε
1547 894 1614 946 τὰ
1643 895 1722 957 εἰς
1751 893 1832 946 τὸν

159 981 382 1052 πατέρα
427 979 793 1049 γεγενημένα,
843 978 944 1032 ποῦ
991 979 1092 1032 οὑκ
1128 977 1194 1032 ἂν
1229 977 1426 1049 μανίας
1468 979 1670 1049 ἡλασες
1733 978 1834 1031 Καὶ

155 1067 226 1122 τὸ
250 1067 318 1138 δὴ
347 1065 682 1138 θαυμαστὸν,
705 1067 786 1120 ὅτι
819 1067 913 1120 καὶ
940 1065 1102 1119 αὑτὸν
1131 1067 1222 1119 τὸν
1246 1065 1316 1119 τὰ
1345 1065 1570 1120 τοιαῦτα
1590 1069 1840 1138 ἡμαρτη-

157 1153 304 1208 κότα
327 1153 420 1206 καὶ
439 1152 518 1222 τῷ
545 1154 729 1221 έναγεῖ
746 1152 892 1224 φόνῳ
913 1151 1011 1224 τὴν
1037 1151 1216 1216 δεξιὰν
1246 1152 1550 1222 μολύναντα
1571 1152 1834 1226 τιμωρού-

161 1258 352 1311 μενος,
385 1239 764 1312 φιλανθρωπία
793 1239 892 1312 τὴν
909 1240 1176 1312 τιμωρίαν
1211 1241 1460 1312 ἐκέρασε.

238 1329 309 1399 β’.
331 1329 440 1382 Καὶ
467 1329 554 1381 ἵνα
583 1327 757 1399 μάθῃς
783 1329 848 1380 ὲκ
874 1327 982 1380 τῶν
1011 1329 1090 1390 είς
1116 1327 1303 1380 τοῦτον
1329 1329 1710 1397 γεγενημένων
1740 1327 1841 1396 τῆς

159 1415 502 1486 ἀγαθότητος
529 1413 624 1468 τοῦ
657 1413 790 1468 Θεοῦ
835 1413 896 1467 τὸ
931 1413 1182 1484 μέγεθος,
1217 1415 1376 1485 ἡνίκα
1407 1416 1504 1485 μὲν
1551 1416 1633 1478 είς
1673 1415 1836 1467 αὑτὸν

164 1500 384 1574 ὕϐρισε,
423 1501 516 1555 καὶ
547 1500 646 1573 τὴν
679 1499 870 1554 θυσίαν
908 1499 1116 1570 μέλλων
1163 1501 1459 1572 προσάγειν
1499 1501 1698 1572 πολλὴν
1740 1503 1840 1572 τὴν

159 1589 574 1661 καταφρόνησιν
600 1587 933 1652 ἐπεδείξατο,
953 1587 1052 1641 οὑκ
1077 1587 1253 1659 ὀρθῶς
1269 1588 1476 1653 διελὼν,
1507 1589 1618 1641 ἀλλ’
1653 1588 1840 1652 ἁπλῶς

160 1679 261 1730 καὶ
291 1677 367 1740 ὡς
398 1677 556 1748 έτυχε
585 1677 684 1748 τὴν
715 1676 1080 1748 προσαγωγὴν
1109 1676 1495 1747 ποιησάμενος,
1524 1675 1674 1730 οὐδὲν
1703 1675 1840 1746 πρὸς

159 1763 332 1818 αὑτὸν
361 1759 483 1817 εἷπε
511 1762 648 1834 βαρὺ
677 1761 799 1816 οὑδὲ
827 1762 1065 1832 ἐπαχθές
1084 1778 1098 1792 °
1131 1764 1306 1817 καίτοι
1338 1780 1403 1832 γε
1435 1763 1495 1816 τὸ
1525 1761 1838 1834 ἁμαρτηθὲν

158 1851 225 1902 οὑ
263 1851 326 1903 τὸ
350 1851 512 1920 τυχὸν
542 1847 634 1921 ἦν,
662 1849 798 1902 ἀλλὰ
825 1851 919 1903 καὶ
949 1850 1159 1921 σφόδρα
1189 1850 1351 1921 μέγα.
1400 1851 1462 1902 Εἰ
1495 1851 1602 1921 γὰρ
1631 1849 1839 1921 ἀνθρώ-

159 1953 304 2000 πους
336 1939 460 2000 τοὺς
485 1937 768 2007 ὁμογενεῖς
787 1936 838 1989 οί
863 1937 1027 2008 τιμᾷν
1055 1935 1386 2007 βουλόμενοι,
1409 1935 1517 1989 τῶν
1555 1935 1838 2006 πρωτείων

158 2023 260 2076 καὶ
289 2023 398 2076 τῶν
421 2021 714 2094 ὲξαιρέτων
747 2023 932 2086 αὐτοῖς
967 2023 1380 2096 παραχωροῦσι,
1415 2024 1642 2077 κάκεῖνα
1667 2040 1837 2094 προσ-

160 2110 324 2178 άγειν
351 2109 764 2176 σπουδάζουσιν,
785 2110 820 2165 ἃ
843 2110 1076 2182 μάλιστα
1098 2113 1314 2165 πάντων
1334 2112 1514 2176 αὑτοῖς
1537 2111 1838 2183 τιμιώτερα

151 2197 308 2252 εἶναι
349 2198 534 2251 δοκεῖ·
597 2198 880 2270 ἄνθρωπον
923 2198 978 2252 δὲ
1019 2198 1151 2252 ὄντα
1189 2201 1284 2253 καὶ
1329 2198 1448 2269 Θεῷ
1495 2199 1838 2266 προσάγοντα

159 2286 286 2350 πῶς
312 2287 416 2340 οὐκ
444 2285 614 2358 ἐχρῆν
655 2287 724 2340 τὰ
755 2285 1052 2358 τιμιώτερα
1093 2286 1187 2339 καὶ
1217 2285 1470 2357 ἐξαίρετα
1500 2285 1835 2356 προσάγειν;

159 2373 439 2427 Τοσοῦτον
470 2373 647 2428 τοίνυν
683 2373 848 2427 αὑτοῦ
877 2373 1212 2446 ἁμαρτόντος
1231 2412 1246 2437 ,
1291 2373 1384 2426 καὶ
1425 2371 1689 2441 τοσαύτην
1719 2374 1838 2424 ἐπι-

156 2460 486 2532 δειξαμένου
515 2460 613 2531 τὴν
637 2459 1058 2532 καταφρόνησιν,
1093 2460 1193 2513 οὑκ
1217 2458 1463 2530 ἀπῄτησε
1503 2458 1680 2528 δίκην,
1717 2457 1838 2510 οὑδὲ

158 2547 440 2620 τιμωρίαν
469 2547 608 2619 ὑπὲρ
625 2546 734 2601 τῶν
753 2545 1134 2616 γεγενημένων
1153 2545 1532 2616 εἰσεπράξατο,
1559 2543 1674 2598 ἀλλ’
1703 2544 1840 2596 ὡσα-

159 2637 250 2689 νεὶ
295 2634 450 2704 φίλος
501 2634 640 2704 φίλῳ
687 2634 824 2705 μετά
872 2633 1053 2705 πάσης
1093 2632 1428 2704 ἡμερότητος
1460 2631 1838 2701 διαλεγόμενος

159 2720 312 2776 οὕτω
339 2721 586 2792 διελέχθη
611 2721 788 2790 λέγων
809 2737 824 2752 ⁶
861 2721 1166 2792 Ἤμιιρτες,
1195 2721 1540 2789 ἠσύχασον.
1567 2719 1742 2774 Μόνον
1779 2719 1840 2772 τὸ

160 2807 488 2880 ἀμαρτηθὲν
505 2807 652 2880 αὑτῷ
667 2807 855 2874 ἔδειξε,
885 2812 981 2863 καὶ
1011 2807 1398 2862 συνεϐούλευσε
1424 2807 1498 2877 μὴ
1534 2805 1840 2878 περαιτέρω

161 2896 458 2968 προϐῆναι.
515 2891 668 2959 Εἶδες
715 2895 1018 2967 ὑπερϐολὴν
1061 2893 1424 2963 ἀγαθότητος;
1483 2892 1622 2946 Ἀλλ’
1655 2889 1840 2962 ἐπειδὴ

160 2984 375 3047 ἐκεῖνος
401 2983 461 3036 οὑ
490 2981 650 3052 μόνον
669 2983 770 3036 οὑκ
795 2981 1048 3054 ὲκέρδανέ
1070 2998 1122 3034 τι
1153 2983 1218 3034 ὲκ
1237 2981 1338 3052 τῆς
1369 2982 1636 3050 τοσαύτης
1659 2979 1837 3045 ἀνεξι-

160 3070 388 3134 κακίας,
438 3069 574 3124 ἀλλὰ
605 3071 700 3123 καὶ⁵
731 3071 844 3132 τοῖς
871 3067 1202 3140 προλαϐοῦσι
1247 3067 1467 3138 μείζονα
1509 3066 1840 3138 προσέθηκε,

159 3159 260 3211 καὶ
290 3157 385 3210 ἐπὶ
413 3156 515 3227 τὴν
545 3155 758 3226 σφαγὴν
784 3155 1020 3227 ἡπείχθη
1046 3154 1138 3209 τοῦ
1167 3154 1420 3224 ἀδελφοῦ,
1446 3154 1542 3208 καλ¹
1564 3152 1708 3207 οὑτω
1739 3153 1838 3224 μὲν

161 3244 374 3316 πολλὴν
418 3245 498 3306 είς
525 3243 686 3297 αὑτὸν
719 3241 1087 3296 ἐπιδείκνυται
1129 3242 1228 3314 τὴν
1270 3240 1670 3313 μακροθυμίαν,
1705 3257 1842 3295 πυν-

161 3333 469 3402 θανόμενος
499 3330 762 3402 πρότερον
801 3329 894 3383 καὶ
931 3329 1107 3392 διδοὺς
1141 3328 1291 3400 αὑτῷ
1318 3329 1480 3381 τόπον
1509 3327 1798 3396 ἀπολογίας
1822 3344 1839 3359 ·

163 3419 361 3490 ἐπειδὴ
413 3418 471 3471 δὲ
518 3417 794 3488 ἐνέμεινεν
845 3415 1233 3486 ἀναισχυντῶν,
1272 3415 1395 3468 τότε
1443 3415 1542 3486 τὴν
1574 3415 1844 3487 τιμωρίαν

163 3507 370 3576 ἐπάγει
401 3501 782 3576 σωφρονισμοῦ
811 3501 1018 3568 ἕνεκεν,
1063 3501 1260 3574 πολλὴν
1291 3503 1383 3556 καὶ
1416 3501 1586 3573 αὐτὴν
1613 3501 1844 3572 ἔχουσαν

168 3591 522 3664 μεμιγμένην
553 3590 652 3660 τὴν
685 3589 826 3660 παρ’
855 3587 1022 3642 αὑτοῦ
1057 3587 1486 3660 φιλανθρωπίαν.

249 3679 418 3750 Ὁρᾷς
449 3676 585 3742 πῶς,
627 3677 790 3748 ἡνίκα
822 3675 920 3746 μὲν
957 3675 1036 3737 εἰς
1065 3674 1226 3728 αὑτὸν
1265 3675 1502 3746 ἥμαρτε,
1535 3673 1630 3728 καὶ
1659 3674 1843 3744 ἀμαρ-

166 3767 294 3821 τίαν
329 3767 392 3820 οὑ
423 3764 522 3836 τὴν
563 3763 852 3834 τυχοῦσαν,
900 3761 1299 3832 ἀπεπέμψατο·
1346 3763 1435 3816 ὅτε
1466 3761 1524 3816 δὲ
1573 3761 1715 3814 κατὰ
1746 3759 1843 3814 τοῦ

167 3852 404 3923 ἀδελφοῦ
427 3853 526 3924 τὴν
559 3850 739 3916 δεξιὰν
767 3849 996 3913 ὥπλισε,
1022 3848 1144 3902 τότε
1169 3850 1261 3902 καὶ
1281 3849 1380 3920 τὴν
1407 3848 1722 3919 ἐπιτίμησιν
1749 3849 1846 3902 καὶ

167 3941 270 4015 τὴν
304 3941 552 4012 κατάραν
581 3937 821 4004 ἐδέξατο.
861 3929 1018 3991 Οὕτω
1037 3935 1132 3990 νῦν
1158 3936 1252 3989 καὶ
1281 3937 1440 4006 ἡμεῖς
1467 3935 1729 4005 ποιῶμεν,
1754 3936 1848 3989 καὶ

173 4025 602 4100 μιμώμεθα’τὸν
630 4024 908 4094 Δεσπότην
939 4023 1030 4076 τὸν
1072 4023 1342 4094 ἡμέτερον
1363 4037 1377 4049 ·
1425 4021 1517 4076 καὶ
1543 4021 1612 4075 τὰ
1642 4023 1741 4092 μὲν
1765 4022 1848 4084 είς

171 4116 325 4188 ἡμᾶς
367 4113 740 4186 ἁμαρτήματα
787 4110 1276 4182 παραπέμπωμεν,
1333 4107 1427 4162 καὶ
1475 4107 1846 4179 συγχωρῶμεν

169 4207 289 4268 τοῖς
322 4205 403 4267 είς
423 4202 571 4273 ἡμᾶς
601 4198 1048 4272 πλημμελοῦσινο
1075 4197 1204 4250 ὅταν
1239 4193 1294 4248 δὲ
1325 4197 1406 4258 είς
1433 4195 1526 4248 τὸν
1557 4195 1692 4248 Θεὸν
1721 4213 1848 4248 συν-

169 4291 350 4362 τείνῃ,
381 4289 504 4343 τότε
531 4287 686 4351 δίκας
720 4285 1072 4357 ἀπαιτῶμεν.
1126 4283 1266 4338 Ἀλλ’
1315 4283 1416 4336 οὐκ
1451 4279 1547 4337 οἷδ’
1569 4283 1716 4347 ὅπως
1747 4285 1850 4336 ἀπ-

171 4377 427 4441 εναντίας
479 4375 692 4429 ᾶπαντα
732 4370 1196 4444 διαπραττόμεθα,
1245 4369 1341 4424 καὶ
1398 4369 1464 4422 τὰ
1517 4369 1616 4440 μὲν
1647 4371 1726 4434 είς
1753 4369 1845 4438 τὸν

173 4467 313 4520 Θεὸν
335 4461 681 4518 διαϐαίνοντα
710 4459 1080 4532 ἁμαρτήματα
1108 4455 1228 4510 οὑδὲ
1255 4455 1392 4519 ὅλως
1409 4454 1643 4509 ἐκδικεῖν
1675 4472 1842 4508 σπου-

173 4551 436 4621 δάζομεν,
466 4547 532 4604 ἂν
561 4547 618 4602 δέ
653 4563 706 4614 τι
743 4545 851 4600 τῶν
881 4544 1152 4615 τυχόντων
1181 4543 1263 4606 είς
1303 4543 1452 4614 ἡμᾶς
1483 4541 1848 4612 ἀμαρτηθείη,

175 4638 370 4693 τούτου
407 4635 628 4706 σφοδροὶ
659 4630 923 4704 γινόμεθα
951 4629 1234 4698 ἐξετασταὶ
1263 4629 1360 4682 καὶ
1403 4629 1720 4700 κατήγοροι,
1751 4629 1853 4682 οὑκ

176 4725 382 4787 εἰδότες
407 4725 489 4776 ὅτι
525 4719 698 4794 ταύτῃ
725 4720 819 4773 καὶ
845 4716 1105 4788 μειζόνως
1139 4715 1258 4770 καθ’
1285 4715 1444 4787 ἡμῶν
1489 4715 1688 4786 μᾶλλον
1716 4732 1852 4786 παρ-

176 4811 446 4880 οξύνομεν
485 4808 578 4862 τὸν
617 4805 998 4878 φιλάνθρωπον
1041 4803 1340 4874 Δεσπότην.
1413 4801 1536 4854 Ὅτι
1579 4801 1690 4872 γὰρ
1733 4801 1854 4866 έθος

179 4896 339 4972 βίϋ]
357 4895 436 4967 τῷ
463 4895 584 4964 Θεῷ
599 4894 669 4949 τὰ
691 4894 790 4965 μὲν
819 4893 898 4956 είς
935 4890 1098 4945 αὑτὸν
1129 4888 1387 4951 πολλάκις
1409 4886 1852 4958 ἀποπέμπεσθαι,

177 4987 254 5040 τὰ
284 4985 344 5038 δὲ
373 4986 452 5048 είς
484 4985 608 5048 τοὺς
666 4980 895 5050 πλησίον
947 4978 1207 5050 γινόμενα
1255 4976 1651 5047 ἁμαρτήματα,
1681 4975 1856 5028 ταῦτα

107 5095 118 5102 -
185 5073 330 5146 μετὰ
365 5070 562 5142 πολλῆς
594 5069 832 5124 ἐκδικεῖν
861 5067 964 5138 τῆς
1009 5065 1387 5136 σφοδρότητος,
1432 5063 1597 5116 ἄκουε
1625 5060 1720 5116 τοῦ
1757 5061 1856 5132 μὲν

189 5159 465 5234 μακαρίου
499 5157 708 5212 Παύλου
729 5158 982 5225 λέγοντος
1001 5171 1016 5186 ο
1062 5153 1137 5207 ΕΖ
1163 5169 1254 5218 τις
1277 5149 1535 5221 γυναῖκα
1557 5150 1682 5218 ἔχει
1717 5149 1852 5203 ἀπι-

181 5264 362 5314 στον,
398 5247 496 5300 καί
541 5243 695 5312 αὐτὴ
735 5239 1095 5297 συνευδοκεῖ
1133 5236 1320 5292 οἰκεῖν
1349 5235 1477 5304 μετ’
1519 5235 1726 5302 αὐτοῦ,
1768 5235 1855 5304 μὴ

183 5333 409 5404 ἀφιέτω
431 5331 642 5398 αὑτήν.
683 5329 800 5384 Καὶ
832 5326 985 5399 γυνὴ
1012 5326 1068 5381 ει
1097 5342 1187 5392 τις
1211 5325 1336 5392 ἔχει
1359 5322 1548 5390 ἄνδρα
1575 5322 1856 5390 ἄπιστον,

183 5421 291 5476 καὶ
325 5418 510 5484 αὐτὸς
538 5411 898 5471 συνευδοκεῖ
921 5411 1104 5466 οῑκεῒν
1127 5411 1251 5480 μετ’
1289 5407 1498 5476 αὐτῆς,
1524 5407 1610 5477 μὴ
1643 5408 1860 5477 ἀφιέτω

183 5507 401 5564 αὐτόν.
453 5500 608 5568 Εἶδες
647 5503 790 5572 πόση
839 5502 875 5572 ἡ
917 5495 1362 5566 ωγκατὰϐασις;
1412 5493 1528 5548 Κᾶν
1562 5494 1765 5566 Ἕλλην
1799 5495 1856 5570 ᾖ,

186 5596 347 5669 φησὶ.
385 5592 488 5647 κᾶν
525 5592 775 5652 ἄπιστος,
809 5585 1169 5656 καταδέχεται
1200 5582 1264 5669 δὲ,
1302 5581 1364 5634 τὸ
1393 5581 1748 5669 συνοικέσιον,
1783 5585 1857 5654 μὴ

187 5665 532 5756 παραιτήσῃ.
573 5677 678 5733 Καὶ
701 5676 864 5730 πάλιν
885 5691 898 5704 ·
926 5673 1054 5728 Κᾶν
1079 5665 1578 5756 ἐθνικὴῖυγκάοήιι
1607 5669 1647 5738 ἦ
1679 5671 1856 5739 Υυνὴτ

185 5753 313 5828 κᾶν
334 5769 606 5833 ἄπιστος,
625 5763 914 5830 ,βούλεται
943 5759 1010 5815 δὲ
1039 5755 1368 5822 συνοικεῖν,
1395 5753 1482 5826 μὴ
1512 5755 1747 5827 ἁπώσῃ.
1795 5759 1856 5813 Τί

1306 347 1371 404 ΙΝ
1406 347 1559 408 CAP.
1603 346 1718 406 νιιι
1775 347 2015 408 GENES.
2054 351 2288 410 HOMlL.
2330 353 2500 408 XXVI

3509 355 3616 411 232

1945 465 2074 536 γὰρ,
2106 467 2292 538 φησὶν,
2320 467 2507 533 οἶδας,
2531 463 2580 524 ὦ
2621 466 2816 536 γύναι,
2858 468 2910 520 εί
2939 467 3048 521 τὸν
3081 466 3270 536 ἄνδρα
3304 470 3542 534 σώσεις,
3578 474 3615 537 ἢ

1941 553 1995 604 τί
2021 547 2222 616 οἶδας,
2253 551 2418 618 ἄνερ,
2449 553 2502 604 εί
2531 551 2646 620 τὴν
2673 552 2928 621 γυναῖκα
2955 551 3175 620 σώσεις
3191 569 3211 618 ;
3241 555 3382 626 Ὅρα
3412 554 3528 618 πῶς
3555 558 3615 608 οὑ

1942 636 2139 689 κωλύει
2167 637 2260 690 τὸν
2291 637 2627 692 ἀπιστοῦντα
2653 637 2856 710 αὑτῷῆ
2887 641 2988 710 τὴν
3017 641 3351 695 ἀπιστοῦσαν
3385 643 3612 697 καταδέ-

1941 722 2127 792 χεσθαι
2154 725 2234 787 είς
2262 723 2351 776 τὸν
2393 724 2486 777 τοῦ
2521 727 2853 780 συνοικεσίου
2887 728 3068 797 νόμον.
3128 730 3329 782 ’Ἄκουε
3362 729 3418 782 δὲ
3446 729 3614 784 πάλιν

1940 808 2101 864 αὑτοῦ
2133 811 2229 864 τοῦ
2258 811 2494 883 Χριστοῦ
2528 813 2780 882 λέγοντος
2823 818 2934 878 τοῖς
2970 817 3280 887 μαθηταῖς;
3318 816 3480 885 Λέγω
3504 816 3618 884 γὰρ

1939 897 2100 957 ιἰιιῖν,
2139 897 2229 950 ὅτι
2265 897 2385 965 πᾶς
2415 902 2447 954 ό
2489 901 2776 954 ἀπολύων
2822 900 2936 968 τὴν·
2968 903 3224 972 γυναῖκα
3251 902 3438 957 αὑτοῦ
3467 917 3617 971 πιφ-

1940 983 2116 1050 ειιτός
2166 987 2354 1054 λόγου
2400 988 2714 1054 πορνείας,
2765 987 2925 1041 ποιεῖ
2963 988 3157 1056 αὐτὴν
3199 987 3612 1058 μοιχευθῆναι.
3679 1041 3686 1047 .

1941 1069 2115 1141 Πολλὴ
2151 1073 2246 1142 τῆς
2278 1059 2746 1144 φιλανθρωπίαςὴ
2797 1075 3088 1145 ὑπερϐολή.
3141 1075 3265 1142 Κᾶν
3301 1076 3524 1138 ἄπιστος
3555 1073 3614 1148 ᾗ,

1941 1156 2120 1228 φησὶν,
2163 1157 2195 1229 ἦ
2232 1159 2439 1228 ἑθνικὴ,
2497 1160 2852 1230 καταδέχεται
2884 1160 2960 1222 δὲ,
2990 1162 3217 1230 κάτεχε·
3255 1161 3320 1214 ἂν
3361 1161 3419 1214 δὲ
3447 1163 3526 1225 εἰς
3556 1163 3615 1214 ai

1937 1243 2178 1316 ἁμάρτῃ.
2209 1246 2304 1297 καὶ
2333 1245 2440 1296 τῶν
2471 1245 2752 1314 συνθηκῶν
2787 1244 3131 1315 ἐπιλάθηται,
3158 1246 3253 1298 καὶ
3273 1247 3374 1316 τὴν
3412 1247 3616 1316 ἑτέρων

1939 1331 2219 1384 κοινωνίαν
2266 1335 2600 1404 προτιμήσῃ,
2648 1331 2824 1396 ἔξεστί
2861 1349 2943 1384 σοι
2988 1331 3238 1384 ἐκϐαλεῖν
3272 1331 3364 1383 καὶ
3394 1331 3618 1385 ἀπώσα-

1939 1416 2062 1469 σθαι
2119 1419 2302 1470 Ταῦτα
2337 1418 2677 1488 λογιζόμενοι
2719 1418 3232 1488 σπουδάζωμενηκαὶ
3263 1419 3421 1488 ἡμεῖς
3458 1419 3616 1488 άμεί-

1938 1504 2128 1558 ϐεσθαι
2173 1505 2263 1557 τὸν
2291 1507 2564 1576 Δεσπότην
2600 1505 2698 1574 τῆς
2727 1505 2806 1568 είς
2842 1506 2989 1576 ἡμᾶς
3015 1504 3248 1566 εὐνοίας,
3299 1505 3392 1557 καὶ
3421 1503 3613 1576 ὥσπερ

1938 1590 2099 1652 αὑτὸς
2129 1589 2194 1643 τὰ
2230 1591 2327 1661 μὲν
2349 1593 2428 1654 είς
2465 1590 2624 1644 αὑτὸν
2672 1589 3098 1660 ἀποπέμπεσθαι
3135 1589 3508 1659 καταδέχεται,
3548 1591 3619 1642 τὰ

1935 1675 1990 1727 δὲ
2029 1677 2268 1746 ἡμέτερα
2301 1676 2503 1729 ἐκδικεῖ
2534 1676 2628 1728 καὶ
2671 1675 2812 1745 μετᾶ
2856 1675 3055 1745 πολλῆς
3095 1675 3193 1744 τῆς
3229 1674 3613 1745 σφοδρότητος,

1936 1761 2026 1815 τὸν
2067 1763 2228 1817 αὑτὸν
2270 1763 2334 1834 δὴ
2367 1763 2567 1834 τρόπον
2601 1763 2694 1816 καὶ
2733 1763 2885 1816 αὐτοὶ
2927 1761 3167 1832 ποιῶμεν
3192 1779 3205 1791 ·
3253 1762 3346 1815 καὶ
3379 1762 3480 1814 ὅσα
3519 1760 3618 1832 μὲν

1939 1851 2019 1912 εἲς
2057 1851 2202 1918 ἡμᾶς
2240 1851 2641 1920 ἁμαρτάνουσιν
2673 1852 2720 1902 οἱ
2750 1849 2977 1920 πλησίον
3009 1848 3399 1920 συγχωρῶμεν,
3433 1849 3532 1901 ὅσα
3561 1848 3617 1902 δὲ

1937 1937 2017 1998 είς
2060 1936 2150 1988 τὸν
2187 1936 2318 1988 Θεὸν
2347 1937 2629 2000 συντείνει,
2659 1935 2830 1990 ταῦτα
2866 1935 3002 2006 μετά
3031 1935 3234 2004 πολλῆς
3259 1935 3356 2005 τῆς
3383 1934 3618 2006 σπουδῆς

1937 2021 2169 2076 έκδικῖν
2209 2023 2618 2094 σπουδάζωμεν.
2670 2023 2840 2076 Τοῦτο
2884 2023 2992 2093 γὰρ
3026 2023 3118 2075 καὶ
3163 2023 3308 2093 ἡμᾶς
3345 2019 3616 2092 ὠφελήσει

1935 2107 2004 2161 τὰ
2056 2109 2308 2178 μέγιστα,
2339 2111 2432 2164 καὶ
2477 2111 2600 2174 τοὺς
2631 2112 2730 2182 τὴν
2774 2109 3055 2182 διόρθωσιν
3096 2107 3416 2180 δεχομένους
3449 2109 3510 2160 οὑ
3547 2107 3617 2162 τὰ

1935 2196 2166 2266 τυχόντα
2211 2197 2439 2270 ὀνίνησι.
2493 2197 2646 2268 Τάχα
2703 2199 2784 2261 εἰς
2828 2197 2962 2250 πολὺ
3005 2197 3178 2267 μῆκος
3219 2197 3348 2266 ἡμῖν
3387 2195 3615 2267 ἐξετάθη

1939 2285 2174 2354 σήμερον
2221 2283 2288 2336 τὰ
2325 2284 2609 2355 προοίμια.
2665 2285 2776 2337 Καὶ
2815 2283 2867 2336 τί
2903 2282 3087 2347 πάθω;
3143 2283 3255 2353 Οὑχ
3292 2281 3434 2336 ἑκὼν
3459 2281 3619 2336 τοῦτο

1937 2369 2226 2440 ὑπέμεινα,
2260 2371 2373 2424 ἀλλ’
2407 2371 2510 2424 ὑπὸ
2545 2373 2644 2442 τῆς
2677 2368 2999 2429 ἀκολουθίας
3027 2367 3119 2421 τοῦ
3164 2368 3321 2437 λόγου
3368 2384 3616 2440 παρασυ-

1940 2473 2069 2527 ρεις.

2021 2542 2236 2614 Ἐπειδὴ
2269 2543 2324 2597 δὲ
2374 2544 2502 2614 περὶ
2551 2541 2644 2596 τοῦ
2687 2541 3074 2614 κατακλυσμοῦ
3109 2544 3216 2607 πᾶς
3255 2545 3282 2596 6
3314 2543 3469 2613 λόγος
3502 2545 3616 2598 ἐκι-

1935 2630 2073 2701 νήθη
2113 2632 2263 2701 ἡμῖν,
2299 2630 2544 2701 ἀνάγκην
2575 2628 2803 2699 ἔσχομεν
2835 2628 3001 2693 δεῖξαι
3039 2631 3102 2700 τῇ
3135 2631 3378 2702 ὑμετέρα
3405 2632 3616 2704 ἀγάπῃ,

1936 2718 2020 2770 ὅτι
2070 2719 2164 2771 καὶ
2208 2718 2263 2770 αί
2304 2717 2563 2787 τιμωρίαι
2601 2717 2656 2770 αί
2711 2717 2858 2786 παρὰ
2896 2715 2989 2769 τοῦ
3035 2716 3167 2769 Θεοῦ
3219 2716 3620 2789 φιλανθρωπίαι

1941 2805 2138 2874 μᾶλλόν
2176 2806 2312 2857 εἰσιν
2347 2802 2378 2874 ἦ
2413 2802 2700 2874 τιμωρίαι,
2727 2801 2918 2872 ὥσπερ
2957 2799 3050 2855 οὖν
3083 2803 3246 2866 αὑτὸς
3289 2803 3318 2855 ό
3350 2803 3622 2858 κατακλυ-

1941 2891 2096 2960 σμός.
2139 2887 2407 2959 Καθάπερ
2450 2888 2556 2958 γάρ
2591 2885 2772 2957 πατὴρ
2809 2887 3178 2958 φιλόστοργος,
3225 2887 3522 2958 κηδεμονία
3550 2891 3617 2959 τῇ

1939 2977 2070 3048 περὶ
2109 2975 2207 3048 τὴν
2242 2975 2516 3046 ἡμετέραν
2554 2973 2714 3042 φύσιν
2749 2973 2928 3026 πάντα
2970 2973 3381 3044 διαπράττεται.
3422 2975 3538 3028 ἰνα
3563 2975 3646 3044 δὲ,

1939 3063 2036 3117 καὶ
2081 3065 2146 3116 ἐκ
2187 3063 2304 3115 τῶν
2335 3061 2431 3114 νῦν
2471 3063 2602 3132 ἡμῖν
2645 3060 3024 3131 προκειμένων
3072 3061 3166 3114 καὶ
3207 3062 3271 3112 ἐκ
3307 3061 3415 3113 τῶν
3449 3062 3621 3132 σήμε-

1942 3166 2034 3220 ρον
2067 3146 2521 3218 ἀναγνωσθέντων
2551 3145 2760 3216 μάθητε
2789 3145 2954 3199 αὑτοῦ
2979 3147 3077 3216 τῆς
3112 3145 3522 3216 φιλανθρωπίας
3557 3145 3622 3200 τὸ

1943 3236 2190 3308 μέγεθος,
2225 3235 2546 3306 ἀκούσωμεν
2594 3232 2774 3288 αὐτῶν
2811 3232 2918 3286 τῶν
2957 3233 3056 3304 τῆς
3089 3233 3239 3296 θείας
3264 3233 3488 3304 Γραφῆς
3531 3237 3622 3305 ρηο

1943 3327 2149 3396 μάτων.
2227 3325 2445 3394 Ἐπειδὴ
2498 3323 2607 3394 γὰρ
2651 3321 2778 3393 χθὲς
2823 3323 3062 3390 ἐδίδαξεν
3095 3325 3242 3395 ἡμᾶς
3285 3327 3312 3377 6
3355 3324 3620 3396 μακάριος

1941 3415 2182 3482 Μωῢσης
2200 3411 2390 3480 λέγων,
2415 3411 2497 3464 ὅτι
2527 3408 2768 3478 ’Υψώθη
2790 3409 2853 3462 τὸ
2881 3408 3036 3478 ὕδωρ
3063 3411 3160 3462 ἐπὶ
3203 3409 3313 3479 τῆς
3336 3410 3450 3480 γῆς
3475 3411 3620 3480 ἠμέ-

1933 3517 2050 3568 ρας
2079 3499 2295 3554 ἑκατὸν
2319 3496 2698 3562 πεντήκοντα
2727 3495 2914 3566 (μέχρι
2945 3497 3055 3566 γὰρ
3081 3497 3270 3550 τούτου
3297 3499 3430 3568 ἡμῖν
3452 3498 3622 3567 ἐπλη-

1946 3585 2095 3656 ρώθη
2139 3586 2207 3639 τα
2241 3585 2340 3654 τῆς
2371 3582 2764 3652 διδασκαλίας),
2811 3583 3052 3654 σήμερόν
3099 3599 3253 3652 φησι,
3287 3583 3397 3638 Καὶ
3439 3583 3622 3652 ἐμνή-

1941 3675 2058 3740 σθη
2089 3676 2120 3726 ὁ
2156 3672 2302 3737 Θεὸς
2345 3671 2449 3724 τοῦ
2480 3669 2629 3734 Νῶε,
2679 3667 2779 3722 καί
2807 3667 3049 3722 πάντων
3085 3670 3206 3724 τῶν
3240 3671 3482 3738 θηρίων,
3521 3671 3622 3725 καὶ

1942 3759 2186 3812 πάντων
2233 3758 2351 3810 τῶν
2394 3754 2666 3824 κτηνῶν,
2720 3755 2820 3808 καὶ
2870 3755 3112 3810 πάντων
3151 3757 3268 3810 τῶν
3312 3757 3621 3820 πετεινῶν,

1943 3848 2042 3902 καὶ
2070 3847 2314 3901 πάντων
2340 3844 2458 3898 τῶν
2487 3841 2773 3914 ἑρπετῶν,
2805 3843 2923 3896 ὅσα
2952 3839 3032 3914 ἦν
3062 3845 3214 3914 μετὰ
3239 3843 3424 3898 αὐτοῦ
3446 3844 3518 3897 ἐν
3549 3841 3623 3913 τῇ

1943 3935 2188 3999 κιϐωτῷ.

2015 4029 2084 4091 γ’.
2116 4021 2224 4074 Θέα
2275 4037 2364 4092 μοι
2400 4017 2560 4072 πάλιν
2591 4019 2689 4089 τῆς
2723 4017 2870 4080 θείας
2897 4017 3121 4088 Γραφῆς
3142 4015 3240 4086 τὴν
3277 4015 3624 4083 συγκατάϐα-

1947 4127 2046 4164 σιν.
2081 4109 2188 4162 Καὶ
2221 4107 2517 4177 ἐμνήσθη,
2560 4105 2743 4174 φησὶν,
2778 4108 2810 4159 ό
2841 4107 3004 4170 Θεός.
3035 4103 3365 4173 Θεοπρεπῶς
3390 4101 3624 4172 νοῶμεν,

1944 4197 2236 4268 ἀγαπητοὶ,
2255 4196 2322 4250 τὰ
2341 4195 2629 4264 λεγόμενα,
2650 4193 2745 4245 καὶ
2769 4195 2842 4262 μὴ
2866 4195 2930 4262 τῇ
2962 4190 3216 4262 ἀσθενείᾳ
3235 4192 3331 4261 τῆς
3348 4193 3380 4260 ἡ
3389 4189 3516 4260 μετέ
3525 4207 3622 4260 ρας

1948 4285 2160 4354 φύσεως
2181 4280 2526 4352 λογιζώμεθα
2542 4279 2650 4334 τῶν
2673 4279 2870 4342 λέξεων
2882 4279 2980 4348 τὴν
3005 4277 3310 4348 παχύτητα.
3333 4277 3497 4330 Ὅσον
3517 4277 3624 4345 γὰρ

1946 4371 2084 4442 πρὸς
2103 4369 2198 4441 τὴν
2224 4369 2460 4440 ἄρρητον
2488 4366 2650 4436 φύσιν
2670 4363 2908 4434 ἐκείνην,
2935 4364 3150 4428 ἀνάξιον
3178 4361 3240 4414 τὸ
3268 4362 3420 4432 ῥῆμα
3437 4377 3450 4392 ⁸
3470 4359 3624 4433 [247]

1947 4457 2071 4512 ὅσον
2101 4455 2158 4509 δὲ
2190 4455 2324 4526 πρὸς
2366 4454 2465 4524 τὴν
2493 4452 2767 4524 ἡμετέραν
2795 4450 3101 4512 ἀσθένειαν,
3141 4447 3448 4511 ἀκολούθως
3478 4445 3625 4518 εἴρη-

1948 4561 2058 4599 ται.
2103 4540 2430 4612 Ἐμνήσθη,
2458 4541 2646 4608 φησὶν,
2681 4541 2716 4591 ὁ
2757 4537 2902 4603 Θεὸς
2933 4536 3040 4590 τοῦ
3071 4534 3222 4590 Νῶε.
3266 4535 3485 4604 Ἐπειδὴ
3521 4535 3627 4606 γὰρ

1948 4631 2247 4702 διηγήσατο
2273 4629 2406 4698 ἡμῖν
2450 4627 2508 4680 ὲν
2539 4627 2650 4688 τοῖς
2697 4624 2800 4694 ἤδη
2847 4623 3092 4696 ῥηθεῖσι,
3140 4621 3392 4692 καθάπερ
3430 4615 3633 4692 προλα-’

1949 4717 2136 4780 ϐόντες
2165 4713 2482 4784 ἐδιδάξαμεν
2515 4711 2670 4782 ὑμῶν
2701 4711 2800 4781 τὴν
2821 4710 3063 4780 ἀγάπην,
3092 4708 3173 4760 ὅτι
3199 4708 3257 4759 έν
3277 4709 3397 4769 ταῖς
3433 4721 3630 4758 τεσσαο

1955 4803 2190 4875 ράκοντα
2230 4799 2466 4871 ἡμέραις
2509 4798 2604 4850 καὶ
2643 4794 2934 4858 τοσαύταις
2977 4792 3124 4858 νυξὶν
3169 4795 3198 4846 ό
3241 4791 3394 4853 ὑετὸς
3415 4791 3624 4858 γέγονε,

1953 4891 2048 4944 καὶ
2083 4890 2140 4942 ὲν
2177 4886 2372 4940 ἑκατὸν
2411 4884 2749 4953 πεντήκοντα
2784 4881 3019 4952 ἡμέραις
3054 4879 3146 4930 ἐπὶ
3177 4878 3274 4947 τῆς
3302 4876 3624 4946 ταυτότητος

1953 4975 2189 5046 διέμεινε
2217 4973 2350 5026 δέκα
2373 4971 2532 5024 πέντε
2553 4969 2750 5038 πήχεις
2771 4967 3070 5038 ὑψούμενον
3092 4965 3278 5018 ὲπάνω
3299 4962 3406 5016 τῶν
3432 4962 3624 5033 ὀρέων,

1953 5067 2050 5120 καὶ
2075 5065 2156 5116 ὅτι
2181 5061 2384 5115 τούτων
2411 5056 2712 5129 γινομένων
2736 5057 2764 5110 6
2799 5055 3008 5120 δίκαιος
3047 5056 3105 5108 ὲν
3129 5056 3196 5123 τῇ
3225 5051 3444 5122 κιϐωτῷ
3467 5050 3624 5119 ὲτύγ-

1955 5149 2138 5222 χανεν,
2160 5147 2282 5202 οὑδὲ
2303 5146 2394 5199 τὸν
2413 5145 2550 5216 ἀέρα
2572 5144 2830 5197 ἀναπνεῖν
2847 5141 3162 5210 δυνάμενος,
3188 5139 3454 5192 συνόντων
3479 5139 3624 5208 αὐτῷ

1957 5238 2053 5292 καὶ
2079 5235 2188 5288 τῶν
2212 5233 2422 5300 ἀλόγων
2463 5231 2736 5292 ἁπάντων,
2783 5227 2872 5281 διὰ
2909 5227 3066 5280 τοῦτό
3113 5241 3264 5295 φησι,
3302 5225 3414 5280 Καὶ
3447 5225 3624 5295 ἐμνή-
3679 5300 3685 5306 1

1956 5325 2074 5390 σθη
2097 5325 2130 5376 ὁ
2158 5321 2297 5386 Θεὸς
2327 5319 2432 5373 τοῦ
2460 5317 2607 5372 Νῶε.
2642 5317 2708 5372 Τί
2735 5318 2912 5381 ἐστιν,
2965 5312 3306 5383 Ἑμνήσθη;
3349 5314 3622 5384 ᾭκτειρε,

1958 5409 2152 5480 φησὶν,
2207 5410 2234 5460 ό
2278 5406 2410 5469 Θεὸς
2445 5405 2536 5458 τὸν
2581 5403 2788 5456 δίκαιον
2840 5403 2898 5454 ἐν
2947 5403 3015 5472 τῇ
3071 5398 3289 5469 κιϐωτῷ
3334 5399 3622 5468 διάγοντα,

1957 5497 2187 5567 ἠλέησεν
2215 5493 2380 5548 αὑτὸν
2409 5493 2467 5545 ἐν
2503 5489 2738 5562 τοσαύτῃ
2772 5487 3102 5567 στενοχωρίᾳ
3127 5487 3496 5557 τυγχάνοντα,
3529 5487 3624 5541 καὶ

1957 5563 2016 5632 ἐν
2063 5563 2344 5649 ἀμηχανίᾳ
2390 5573 2726 5636 καθεστῶτα,
2772 5563 2868 5626 καὶ
2909 5573 3010 5626 οὑκ
3052 5571 3230 5624 εἰδότα
3267 5570 3427 5642 μέχρι
3481 5571 3624 5634 τίνος

1961 5668 2216 5738 στήσεται
2249 5664 2318 5717 τὰ
2337 5664 2501 5717 δεινά.
2544 5661 2746 5715 Ἐννόει
2770 5661 2880 5731 γάρ
2909 5676 2999 5730 μοι
3027 5659 3214 5724 ποίους
3237 5659 3472 5713 ἀνεκίνει
3500 5657 3624 5712 καθ’

1962 5752 2151 5810 ἑαυτὸν
2199 5751 2490 5822 λογισμοὺς
2517 5747 2656 5822 μετά
2693 5747 2792 5812 τὰς
2835 5747 3239 5820 τεσσαράκοντα
3281 5746 3491 5820 ἡμέρας
3527 5745 3623 5799 καὶ
