4078 6418
415 376 518 431 235

410 493 514 554 τὰς
549 488 959 561 τεσσαράκοντα
987 486 1211 555 νύκτας,
1259 486 1325 551 ἂς
1351 489 1384 559 ή
1412 487 1520 541 τῶν
1554 486 1761 541 ὑδάτων
1790 488 1932 559 φορὰ
1967 506 2097 542 κατ-

414 575 660 648 εφέρετο,
708 574 849 646 ὁρῶν
874 575 969 629 ἐπὶ
1015 574 1212 628 ἑκατὸν
1259 574 1602 645 πεντήκοντα
1630 574 1843 646 ἡμέρας
1871 575 1966 628 ἐπὶ
2004 574 2098 627 τοῦ

414 662 580 718 αὑτοῦ
613 664 813 735 μέτρου
833 661 904 716 τά
926 661 1095 716 ὑδατα
1124 660 1372 732 μένοντα,
1397 661 1493 714 καὶ
1517 661 1638 714 οὑδέ
1667 661 1803 725 ὅλως
1824 661 2060 733 λήγοντα
2080 677 2096 693 ο

417 750 592 804 καὶτὸ
617 751 682 821 δὴ
714 749 1117 822 χαλεπώτερον,
1143 749 1227 803 ὅτι
1253 746 1374 802 οὑδέ
1405 749 1588 812 αὑτοῖς
1616 748 1920 819 ὀφθαλμοῖς
1953 743 2098 819 εῖχεν

418 838 549 891 ἰδεῖν
572 837 643 892 τά
669 837 1038 909 γεγενημένα,
1070 836 1187 890 ἀλλ’
1226 834 1697 906 ἐγκεκλεισμένος,
1733 836 1829 888 καὶ¹
1856 835 1919 889 οὑ
1947 834 2101 889 δυνά-

419 925 580 997 μενός
606 926 769 979 ποθεν
797 927 863 995 τῇ
904 924 1024 993 ὄψει
1060 922 1354 978 ὑποϐαλεῖν
1398 922 1467 975 τὰ
1505 921 1873 992 κατειληφότα
1913 921 2095 987 δεινά,

421 1013 643 1083 μείζονα
663 1013 760 1085 τὴν
787 1012 982 1084 ὀδύνην
1007 1010 1267 1082 ὑπέμενε,
1293 1009 1387 1062 καὶ
1416 1008 1692 1079 βαρύτερα
1718 1009 1842 1064 καθ’
1863 1008 2102 1082 ἑκάστην

418 1100 783 1169 ἁνελογίζετο.
833 1099 980 1168 Ἐγὼ
1011 1098 1069 1151 δὲ
1114 1098 1205 1151 καί
1253 1094 1519 1167 θαυμάζω
1557 1095 1677 1161 πῶς
1704 1096 1809 1151 ὑπὸ
1836 1097 1935 1169 τῆς
1968 1098 2100 1152 ἀθυ-

423 1188 552 1258 μίας
576 1187 747 1258 αὐτῆς
782 1187 843 1240 οὑ
886 1184 1181 1255 κατεπόθη,
1213 1185 1292 1247 εἰς
1321 1183 1524 1237 ἔννοιαν
1550 1184 1844 1256 ἐρχόμενος
1872 1186 1967 1240 καὶ
1995 1187 2095 1256 τῆς

419 1274 696 1337 ἀπωλείας
719 1274 812 1328 τοῦ
840 1273 947 1327 τῶν
972 1272 1275 1344 ἀνθρώπων
1310 1272 1520 1341 γένους,
1554 1272 1649 1326 καὶ
1681 1273 1781 1344 τῆς
1813 1274 2101 1345 μονώσεως

417 1362 518 1432 τῆς
535 1361 760 1425 οἰκείας,
807 1360 902 1414 καὶ
939 1361 1042 1431 τῆς
1074 1358 1322 1431 χαλεπῆς
1363 1359 1581 1431 ἐκείνης
1614 1361 1911 1432 διαγωγῆς.
1961 1361 2101 1415 Ἀλλ’

419 1449 452 1518 ἡ
485 1448 633 1501 αἰτία
666 1448 883 1502 πάντων
909 1445 1058 1518 αύτῷ
1089 1447 1198 1501 τῶν
1226 1447 1448 1517 ἀγαθῶν
1472 1451 1506 1519 ή
1540 1449 1721 1513 πίστις
1752 1445 1876 1521 ἧνή
1910 1451 1991 1513 εἰς
2011 1450 2103 1504 τὸν

422 1535 576 1601 Θεὸν,
604 1535 671 1589 δι’
704 1536 770 1606 ἢν
804 1535 898 1588 καὶ
921 1535 1134 1606 ἀντεῖχε
1155 1537 1251 1589 καὶ
1283 1536 1464 1590 πάντα
1491 1537 1754 1604 γενναίως
1780 1536 1942 1610 ἔφερε
1960 1580 1976 1604 ,
2008 1538 2103 1591 καὶ

419 1622 488 1691 τῇ
530 1618 706 1673 ἐλπίδι
752 1619 1086 1690 τρεφόμενος
1125 1619 1337 1683 οὐδενὸς
1382 1617 1650 1691 ἐπῄσθετο
1679 1620 1787 1675 τῶν
1820 1620 2099 1694 λυπηρῶν.

433 1709 587 1761 Ἐπεὶ
622 1703 714 1762 οὖν
747 1710 816 1761 τά
856 1708 987 1779 παρ’
1016 1707 1209 1761 ἐαυτοῦ
1240 1706 1509 1779 παρέσχε,
1551 1708 1646 1761 καὶ
1685 1707 1782 1781 τὴν
1825 1709 2104 1782 ὑπομονὴν

425 1795 760 1862 ἐπεδείξατο,
783 1794 877 1848 καὶ
903 1794 1102 1867 δαψιλῆ
1124 1794 1221 1867 τὴν
1245 1795 1427 1849 πίστιν
1448 1796 1758 1868 εἰσήνεγκε,
1784 1796 1985 1868 πολλὴν
2006 1797 2103 1869 τὴν

422 1885 721 1957 καρτερίαν
750 1883 1191 1954 ἐπιδειξάμενος,
1225 1882 1416 1937 σκόπει
1450 1882 1545 1937 τοῦ
1586 1882 1795 1953 ἀγαθοῦ
1830 1883 1966 1938 Θεοῦ
2004 1885 2104 1958 τήν

424 1970 624 2042 πολλὴν
649 1971 776 2043 περὶ
808 1970 971 2024 αὑτὸν
995 1968 1187 2039 φιλανθ
1196 1969 1429 2041 ρωπίαν.
1462 1969 1572 2027 Kal
1592 1970 1891 2040 ἐμνήσθη,
1916 1972 2102 2042 φησὶν,

423 2062 457 2114 ό
483 2058 628 2125 Θεὸς
652 2058 759 2113 τοῦ
792 2057 943 2113 Νῶε.
975 2058 1092 2129 Οὑχ
1120 2056 1307 2122 ἀπλῶς
1336 2052 1479 2123 εἶπε,
1513 2059 1627 2112 Kal
1652 2058 1925 2130 ἐμνήσθη
1947 2074 1960 2091 ⁸
1990 2060 2105 2115 ἀλλ’

427 2147 614 2219 ἐπειδὴ
662 2145 1012 2218 προλαϐοῦσα
1057 2146 1092 2218 ή
1146 2144 1269 2200 θεία
1302 2145 1495 2218 Γραφὴ
1526 2146 1626 2219 τὴν
1672 2148 1979 2221 μαρτυρίαν
2009 2147 2105 2220 τὴν

428 2236 576 2309 παρά
603 2233 698 2288 τοῦ
743 2233 894 2290 Θεοῦ
935 2232 1103 2305 δήλην
1139 2235 1274 2304 ἡμῖν
1305 2235 1531 2306 ἐποίησε
1569 2235 1698 2306 περὶ
1729 2237 1824 2289 τοῦ
1860 2235 2103 2302 δικαίου,

423 2325 695 2403 λέγοντος,
735 2324 994 2378 Εῖσελθε
1022 2323 1110 2388 είς
1142 2321 1258 2391 τὴν
1280 2322 1552 2390 κιϐωτὸν,
1591 2322 1682 2379 ὅτι
1726 2340 1803 2379 σε
1824 2321 1991 2379 εἶδον
2016 2324 2105 2381 δί-

423 2431 598 2469 καιον
624 2415 696 2468 ὲν
733 2411 810 2481 τῇ
854 2411 1030 2481 γενεᾷ
1069 2412 1260 2481 ταύτῃ
1284 2453 1300 2479 ,
1341 2411 1431 2466 διά
1456 2413 1616 2467 τοῦτο
1646 2414 1742 2469 νῦν
1784 2433 1920 2487 φησι
1942 2433 1957 2448 θ
1992 2416 2108 2472 Kal

422 2500 696 2572 ἐμνήσθη
725 2504 758 2555 ὀ
787 2501 932 2566 Θεὸς
958 2499 1064 2554 τοῦ
1093 2498 1242 2565 Νῶε,
1284 2498 1428 2554 τοῦτ’
1460 2499 1596 2567 ἐστι,
1631 2502 1730 2572 τῆς
1763 2505 2105 2578 μαρτυρίας,

424 2590 490 2662 ῆν
521 2589 649 2659 περὶ
681 2586 847 2642 αὑτοῦ
889 2586 1202 2658 ἐποιήσατο,
1237 2587 1573 2659 ἀνεμνήσθη,
1609 2589 1703 2641 καὶ
1734 2589 1794 2643 οὐ
1837 2591 2109 2662 περιεῖδεν

424 2680 519 2732 ἐπὶ
548 2676 682 2731 πολὺ
712 2675 804 2729 τὸν
855 2675 1102 2740 δίκαιον,
1149 2674 1287 2728 ἀλλά
1323 2674 1487 2747 μέχρι
1526 2675 1785 2730 τοσούτου
1835 2680 2110 2749 μακροθυ-

426 2769 636 2840 μήσας,
664 2765 857 2836 μέχρις
893 2765 982 2817 ὅτε
1012 2764 1285 2836 ἀντισχεῖν
1328 2764 1594 2835 ἠδύνατο,
1636 2766 1756 2820 τότε
1785 2767 1970 2821 λοιπὸν
2010 2769 2110 2839 τὴν

424 2856 557 2926 παρ’
589 2852 786 2907 ἐαυτοῦ
826 2853 1084 2924 δωρεῖται
1115 2851 1296 2924 χάριν.
1330 2852 1501 2915 Εἰδὼς
1532 2852 1641 2924 γάρ
1679 2853 1837 2925 ἡμῶν
1865 2855 1967 2926 τῆς
2005 2855 2110 2927 φύ-

426 2959 564 3005 σεως
589 2941 688 3012 τὴν
710 2939 1020 3005 ἀσθένειαν,
1051 2939 1269 2993 ἐπειδὰν
1296 2940 1628 3013 συγχωρήσῃ
1659 2942 1963 3014 πειρασμόν
1990 2961 2111 2998 τινα

424 3028 821 3100 ἐπενεχθῆναι,
867 3027 1031 3099 μέχρι
1081 3025 1338 3082 τοσούτου
1378 3026 1605 3099 ἀφίησι,
1648 3028 1844 3099 μέχρις
1881 3030 1971 3083 ὅτε
2003 3026 2112 3085 οἶδε

423 3116 761 3188 δυναμένους
817 3116 1142 3185 ὑπενεγκεῖν
1165 3158 1181 3183 ,
1234 3115 1323 3170 ἴνα
1368 3115 1465 3170 καὶ
1494 3116 1628 3187 ἡμῖν
1672 3116 1773 3188 τῆς
1814 3120 2113 3191 καρτερίας

425 3204 706 3277 ἀρκοῦσαν
731 3204 832 3277 τὴν
858 3203 1094 3276 ἀμοιϐὴν
1124 3202 1439 3275 χαρίσηται,
1463 3205 1557 3258 καὶ
1577 3202 1677 3275 τὴν
1699 3205 1901 3260 οἰκείαν
1924 3207 2114 3277 φιλαν‹

424 3293 674 3365 θρωπίαν
716 3291 1085 3363 ἐπιδείξηται·
1121 3291 1379 3363 καθάπερ
1420 3292 1516 3347 καὶ
1557 3292 1773 3358 Παῦλός
1812 3311 1979 3367 φησι·
2011 3298 2114 3348 Πι-

423 3382 573 3446 στὸς
598 3380 667 3434 δὲ
687 3384 720 3436 ὀ
747 3379 916 3447 Θεὸς,
938 3379 1006 3447 ὃς
1031 3381 1144 3435 οὐκ
1160 3379 1328 3435 ἐάσει
1356 3378 1514 3450 ὑμᾶς
1538 3380 1934 3450 πειρασθῆναι
1958 3381 2113 3453 ὑπὲρ

426 3470 459 3524 ὃ
485 3468 771 3533 δύνασθε,
799 3468 959 3524 ἀλλὰ
983 3467 1226 3537 ποιήσει
1259 3468 1382 3522 σὺν
1405 3466 1487 3534 τῷ
1522 3468 1833 3540 πειρασμῷ
1866 3472 1967 3525 καὶ
1997 3473 2113 3539 τὴν

424 3558 712 3622 ἔκϐασιν,
750 3556 855 3610 τοῦ
884 3555 1184 3612 δύνασθαι
1225 3553 1382 3626 ὑμᾶς
1408 3557 1784 3627 ὑπενεγκεῖν.
1831 3558 1986 3613 Ἐπεὶ
2018 3555 2112 3614 οὖν

428 3647 525 3701 καὶ
565 3649 593 3700 ὁ
625 3646 834 3708 δίκαιος
877 3637 1035 3708 οὗτος
1074 3646 1175 3717 τὴν
1230 3645 1529 3717 καρτερίαν
1566 3646 1659 3699 καὶ
1685 3646 1783 3717 τὴν
1834 3646 2113 3719 ὑπομονὴν

429 3733 778 3799 ἐπεδείξατο,
813 3733 995 3786 πίστει
1028 3735 1093 3804 τῇ
1142 3733 1222 3795 εἰς
1258 3732 1351 3786 τὸν
1390 3731 1526 3787 Θεὸν
1565 3731 1661 3801 τὴν
1697 3733 1756 3786 ἐν
1793 3735 1860 3804 τῇ
1893 3733 2115 3806 κιϐωτῷ

428 3821 642 3891 οἴκησιν
681 3820 1084 3891 ἀνασχόμενος,
1132 3818 1285 3892 [248]
1324 3818 1434 3873 Kal
1471 3819 1784 3890 ἐμνήσθη,
1837 3822 2037 3892 φησὶν,
2081 3826 2114 3880 ὀ

433 3908 577 3975 Θεὸς
607 3908 713 3964 τοῦ
738 3907 885 3962 Νῶε.
916 3903 1050 3961 Εἶτα
1081 3908 1170 3962 ἴνα
1197 3907 1375 3980 μάθῃς
1400 3906 1561 3961 αὑτοῦ
1587 3907 1684 3978 τῆς
1706 3907 2115 3981 φιλανθρωπίας

426 3998 528 4069 τὴν
592 3997 851 4063 ἄϐυσσον,
884 3995 1228 4069 προσέθηκεν
1259 3998 1292 4068 ή
1337 3996 1458 4049 θεία
1486 3996 1526 4048 Γ
1532 3997 1708 4067 ραφήο
1731 3996 1843 4051 Kal
1870 3995 2116 4052 πάντων

428 4083 547 4139 τῶν
577 4085 816 4155 θηρίων,
852 4085 949 4139 καὶ
985 4083 1227 4138 πάντων
1273 4085 1392 4140 τῶν
1423 4084 1691 4154 κτηνῶν,
1732 4085 1830 4140 καί
1869 4085 2114 4141 πάντων

429 4170 550 4227 τῶν
600 4170 921 4237 πετεινῶν,
970 4172 1071 4225 καὶ
1107 4171 1352 4225 πάντων
1395 4170 1516 4227 τῶν
1547 4171 1814 4241 ἑρπετῶν
1838 4213 1853 4240 ,
1887 4172 2006 4227 ὅσα
2032 4169 2113 4245 ἦν

349 4256 357 4263 ’
424 4260 550 4330 μετ’
581 4259 768 4313 αὐτοῦ
805 4259 878 4312 ἐν
906 4257 982 4327 τῇ
1013 4256 1258 4324 κιϐωτῷ.

503 4346 648 4416 Ὅρα
694 4345 812 4409 πῶς
860 4344 1079 4399 ἀπάντα
1112 4345 1201 4398 διά
1229 4344 1328 4414 τὴν
1371 4346 1451 4408 εἰς
1494 4344 1586 4398 τὸν
1629 4345 1916 4417 ἄνθρωπον
1946 4347 2112 4418 τιμὴν

430 4433 741 4504 ἐργάζεται.
772 4431 1042 4505 Καθάπερ
1070 4433 1180 4504 γὰρ
1211 4433 1305 4486 ἐπὶ
1342 4433 1453 4486 τῶν
1495 4432 1853 4488 ἀπολωλότων
1884 4433 1989 4488 ὑπὸ
2016 4433 2112 4488 τοῦ

432 4520 818 4592 κατακλυσμοῦ
850 4520 947 4575 ἀνθ
959 4520 1177 4592 ρώπων,
1212 4522 1329 4592 μετ’
1353 4521 1577 4576 ἐκείνων
1604 4522 1700 4576 καὶ
1726 4521 1826 4594 τὴν
1849 4521 1960 4576 τῶν
1987 4522 2113 4576 ἀλό-

432 4626 545 4679 γων
575 4608 732 4674 ζώων
771 4608 934 4679 φύσιν
963 4608 1183 4663 ἃπασαν
1209 4608 1534 4680 διέφθειρεν,
1567 4607 1711 4664 οὑτω
1741 4610 1835 4665 καὶ
1879 4610 2116 4666 ἐνταῦθα

434 4700 645 4772 μέλλων
686 4698 785 4772 τὴν
824 4699 1035 4753 οἰκείαν
1079 4697 1492 4768 φιλανθρωπίαν
1540 4699 1947 4755 ἐπιδείκνυσθαι
1987 4701 2116 4772 περὶ

430 4781 523 4836 τὸν
558 4782 786 4848 δίκαιον,
825 4780 914 4835 διὰ
944 4781 1043 4852 τὴν
1078 4782 1158 4844 εἰς
1180 4781 1341 4835 αὑτὸν
1366 4781 1564 4853 τιμὴν,
1598 4783 1693 4836 καὶ
1723 4783 1853 4853 περὶ
1877 4783 1978 4854 τὴν
2008 4782 2117 4838 τῶν

431 4869 642 4939 ἀλόγων
674 4869 857 4938 φύσιν,
892 4869 986 4922 καὶ
1017 4869 1086 4923 τὰ
1119 4869 1288 4940 θηρία
1325 4871 1423 4925 καὶ
1450 4870 1521 4924 τά
1550 4870 1777 4925 πετεινά
1806 4871 1899 4925 καὶ
1924 4870 1994 4926 τά
2022 4873 2117 4945 ἐρ·

432 4956 575 5012 πετά
626 4957 860 5011 ἐκτείνει
902 4955 1069 5010 αὑτοῦ
1119 4956 1218 5028 τὴν
1274 4957 1608 5030 ἀγαθότητα.
1655 4959 1766 5013 Kal
1817 4959 2115 5030 ἐμνήσθη,

432 5044 616 5118 φησὶν,
658 5047 692 5099 ό
720 5044 865 5112 Θεὸς
897 5045 1003 5100 τοῦ
1038 5044 1187 5108 Νῶε,
1214 5045 1314 5099 καί
1340 5045 1584 5101 πάντων
1609 5046 1729 5101 τῶν
1753 5047 1994 5115 θηρίων,
2019 5049 2116 5104 καί

435 5132 681 5188 πάντων
703 5131 822 5187 τῶν
846 5131 1107 5203 κτηνῶν,
1142 5134 1239 5188 καὶ
1276 5132 1394 5188 τῶν
1437 5134 1722 5203 ἑρπετῶν,
1759 5135 1858 5190 καί
1897 5134 2016 5190 ὅσα
2040 5131 2120 5207 ἦν

432 5223 559 5291 μετ’
598 5221 787 5277 αὐτοῦ
837 5221 909 5274 ἐν
957 5221 1032 5290 τῇ
1076 5220 1320 5285 κιϐωτῷ.
1368 5222 1481 5276 Kal
1540 5222 1843 5293 ἐπήγαγεν
1892 5227 1926 5279 ό
1975 5225 2120 5289 Θεὸς

436 5310 675 5379 πνεῦμα
710 5310 809 5364 ἐπὶ
864 5308 981 5378 τὴν
1016 5308 1157 5379 γῆν,
1197 5309 1297 5364 καί
1343 5309 1610 5365 ἐκόπασε
1656 5310 1723 5366 τὸ
1756 5312 1932 5380 ὕδωρ.
1960 5309 2122 5385 Μνη-

439 5395 614 5462 σθεὶς,
645 5398 803 5468 φησί,
837 5396 933 5450 τοῦ
965 5396 1092 5450 Νῶε
1112 5435 1128 5462 ,
1165 5396 1260 5451 καὶ
1288 5396 1397 5450 τῶν
1433 5398 1550 5469 μετ’
1576 5397 1741 5452 αὑτοῦ
1774 5399 1945 5454 ὄντων
1966 5401 2025 5455 ἐν
2052 5402 2112 5475 τῇ

437 5483 654 5554 κιϐωτῷ
683 5484 1015 5557 προσέταξεν
1049 5485 1405 5556 ἐπισχεθῆναι
1433 5485 1541 5540 τῶν
1567 5485 1774 5542 ὑδάτων
1799 5486 1899 5559 τήν
1923 5486 2115 5559 φορὰν,

439 5570 526 5627 ἵνα
554 5570 698 5625 κατά
733 5571 930 5643 μικρὸν
955 5570 1055 5643 τὴν
1080 5572 1288 5629 οἰκείαν
1316 5572 1657 5645 ἐπιδείξηται
1678 5573 2115 5647 φιλανθρωπίαν,

437 5659 529 5712 καὶ
559 5658 745 5713 λοιπὸν
771 5658 863 5713 τὸν
894 5658 1102 5714 δίκαιον
1126 5661 1464 5716 ἀναπνεῦσαι
1495 5664 1721 5738 ποιήσῃ,
1753 5663 1850 5718 καὶ
1886 5664 1985 5734 τῆς
2013 5662 2117 5718 τῶν

435 5743 711 5817 λογισμῶν
744 5745 993 5816 ταραχῆς
1027 5747 1401 5819 ἐλευθερώσας
1436 5752 1518 5814 εἰς
1547 5750 1793 5824 γαλήνην
1830 5752 1992 5806 αὑτὸν
2022 5768 2116 5805 και

437 5834 705 5904 ταστήσῃ,
738 5833 1106 5903 χαρισάμενος
1138 5835 1236 5888 καὶ
1265 5836 1360 5891 τοῦ
1385 5838 1563 5907 φωτὸς
1582 5840 1680 5912 τὴν
1706 5839 2004 5894 ἀπόλαυσιν
2025 5839 2118 5894 καί

439 5919 533 5973 τοῦ
567 5918 729 5990 ἀέρος
762 5916 860 5988 τὴν
888 5918 1181 5990 ἀναπνοήν.
1211 5919 1323 5974 Kal
1346 5922 1650 5995 ἐπήγαγεν
1678 5927 1711 5983 ό
1746 5926 1911 5995 Θεὸς,
1944 5927 2076 6000 φησί
2099 5964 2117 5993 ,

502 6024 525 6051 ⁸
551 6019 703 6072 Savil.
728 6022 782 6072 in
814 6033 970 6086 marg.
995 6033 1026 6072 e
1048 6033 1150 6074 var.
1177 6022 1300 6074 lect.
1334 6024 1561 6089 λέγουσα.

1212 372 1270 427 S.
1311 370 1602 427 JOANNIS
1640 369 2133 428 CHRYSOSTOMI
2173 372 2496 430 ARCIIIEP.
2535 368 3086 428 CONSTANTINOP.

2203 489 2438 558 πνεῦμα
2463 487 2561 542 ἐπὶ
2588 487 2702 552 τὴν
2736 486 2875 558 γῆν,
2899 487 2994 541 καί
3016 485 3282 540 ἐκόπασε
3309 486 3374 542 τὸ
3418 486 3591 555 ὕδωρ.
3626 487 3738 543 Kal
3781 488 3893 541 ἐπι

2197 578 2631 645 εκαλὺφθησαν
2672 578 2732 629 ul
2772 574 2954 643 πηγαὶ
2996 573 3104 642 τῆς
3141 572 3418 630 ἁϐὐσσου
3453 576 3551 628 καὶ
3582 577 3641 629 οἱ
3673 577 3891 644 καταρδ

2193 661 2413 728 fama:
2462 661 2569 715 τοῦ
2618 659 2902 729 οὐρανοῦ.
2962 660 3105 731 Ὅρα
3157 659 3276 725 πῶς
3329 659 3695 732 ἀνθρωπίνως
3757 661 3895 731 ἡμῖν

2203 748 2416 802 ἅπαντα
2444 748 2777 817 διαλέγεται.
2824 748 3393 818 Ἐπεκαλύφθησαν,
3434 748 3564 820 γὰρ,
3607 747 3799 819 φησιν,
3830 750 3896 801 αι

2210 836 2388 906 πηγαὶ
2411 834 2522 905 τῆς
2545 837 2824 890 ἀϐύσσου
2845 834 2943 889 καί
2969 839 3021 890 οὶ
3046 836 3446 904 καταρράκται
3473 837 3581 892 τοῦ
3601 835 3893 905 οὐρανοῦ,

2209 924 2303 978 καί
2335 927 2682 993 συνεσχέθη
2724 927 2756 978 ὁ
2782 923 2958 988 ὑετὸς
3000 923 3108 978 τοῦ
3152 924 3447 992 οὐρανοῦ,
3485 925 3777 995 μονονουχὶ
3798 922 3895 976 λέ-

2210 1030 2375 1082 γουσα
2402 1013 2485 1067 ὅτι
2518 1012 2664 1079 ἔδοξε
2697 1011 2776 1082 τῷ
2806 1011 3072 1084 Δεσπότῃ,
3105 1012 3202 1065 καὶ
3234 1011 3398 1066 πάλιν
3426 1012 3521 1065 ἐπὶ
3555 1012 3659 1080 τῆς
3680 1009 3896 1075 οἰκείας

2199 1099 2386 1172 χώρας
2411 1099 2481 1155 τά
2512 1097 2683 1154 ὑδατα
2713 1100 2919 1171 ἔμεινε,
2941 1099 3035 1153 καί
3057 1101 3158 1152 οὑκ
3182 1098 3264 1152 ἐτι
3286 1099 3627 1169 πλεονασμὸς
3647 1099 3893 1167 ἐγένετο,

2208 1188 2345 1242 ἀλλά
2388 1187 2528 1243 κατά
2562 1186 2760 1259 μικρὸν
2789 1186 2971 1256 ἔληγε.
3015 1187 3121 1241 Kal
3161 1185 3437 1241 ἐνεδίδου
3474 1186 3541 1240 τὸ
3577 1185 3741 1254 ὕδωρ
3785 1200 3897 1238 πο·-

2186 1276 2530 1344 ’ρευόμενον
2552 1275 2669 1329 ἀπὸ
2702 1273 2813 1343 τῆς
2836 1272 2964 1345 γῆς,
2988 1274 3085 1328 καὶ
3110 1273 3445 1342 ἠλαττοῦτο
3467 1272 3534 1326 τὸ
3556 1272 3718 1340 ὕδωρ
3741 1272 3898 1341 μετὰ

2203 1361 2579 1429 πεντήκοντα
2600 1362 2696 1417 καί
2725 1360 2945 1416 ἑκατὸν
2968 1359 3189 1431 ἡμέρας
3218 1398 3233 1415 .
3262 1361 3422 1424 noto;
3446 1359 3711 1431 λογισμὸς
3736 1359 3899 1413 τοῦτο

2204 1450 2528 1505 καταλαϐεῖν
2558 1450 2622 1504 ἂν
2638 1448 2893 1520 δυνηθείη
2920 1448 3087 1515 ποτέ;
3121 1448 3323 1512 Ἔστω,
3356 1448 3385 1500 ὁ
3414 1446 3570 1510 ὑετὸς
3591 1447 3896 1518 ἐπεσχέθη,

2204 1539 2262 1593 αἱ
2292 1539 2466 1609 πηγαὶ
2490 1538 2670 1592 οὐκέτι
2699 1535 3037 1607 πλεονασμὸν
3061 1534 3418 1607 εἰργάσαντο,
3452 1535 3549 1588 καὶ
3578 1535 3639 1588 οἰ
3676 1537 3899 1606 καταρ⁴

2209 1627 2404 1696 ράκται
2436 1624 2530 1679 τοῦ
2552 1624 2784 1697 οὐρανοῦ
2828 1621 3204 1695 ἐπεσχέθησαν
3225 1638 3239 1652 ⁸
3276 1621 3338 1674 τὸ
3372 1621 3518 1693 ὕδωρ
3546 1622 3608 1675 τὸ
3636 1619 3900 1674 τοσοῦτον

2207 1713 2325 1776 πῶς
2353 1711 2545 1783 ἕληξες
2576 1713 2760 1766 Πάντα
2785 1710 3021 1774 ἄϐυσσος
3043 1705 3132 1782 ἦν.
3160 1709 3285 1772 Πῶς
3306 1704 3399 1762 οὖν
3435 1710 3468 1779 ἡ
3500 1707 3746 1778 τοσαύτη
3787 1709 3898 1761 τῶν

2208 1800 2417 1854 ὑδάτων
2462 1799 2608 1872 ῥύμη
2665 1798 2861 1871 ἀθρόον
2906 1797 3145 1853 ἐλάττων
3199 1796 3443 1869 ἐγίνετο;
3491 1795 3590 1859 Τίς
3628 1794 3695 1848 ἂν
3735 1794 3899 1849 τοῦτο

2206 1887 2533 1958 ἀνθρωπίνῳ
2562 1886 2809 1959 λογισμῷ
2837 1886 3017 1958 εὑρεῖν
3040 1883 3296 1955 δυνηθείη
3331 1882 3492 1949 ποτέ;
3525 1882 3589 1935 Τί
3618 1878 3713 1935 οὗν
3746 1880 3899 1934 ἔστιν

2206 1974 2413 2041 εἰπεῖν;
2447 1974 2522 2028 Τὸ
2552 1973 2646 2028 τοῦ
2677 1974 2812 2028 Θεοῦ
2842 1973 3174 2045 πρόσταγμα
3212 1966 3302 2044 ῆν,
3339 1969 3401 2024 τὸ
3428 1966 3801 2041 ἐργαζόμενον
3825 1968 3901 2021 τά

2208 2079 2406 2117 παντα.

2276 2150 2336 2204 δ’.
2361 2151 2453 2222 Μὴ
2468 2150 2647 2205 τοίνυν
2663 2150 2824 2221 ἡμεῖς
2840 2167 2907 2202 πε
2914 2146 3188 2221 ριεργαζώ
3195 2145 3333 2218 μεθα
3346 2146 3407 2201 τὸ
3433 2145 3564 2210 πῶς,
3579 2145 3721 2200 ἀλλά
3734 2145 3899 2199 τοῦτο

2211 2238 2371 2309 μόνον
2404 2237 2771 2308 πιστεύωμεν,
2803 2238 2886 2291 ὅτι
2920 2237 3176 2290 ἐκέλευσε
3206 2235 3302 2289 καί
3330 2233 3519 2305 ὑψώθη
3549 2235 3582 2306 ἡ
3613 2233 3897 2296 ἄϐυσσος·
3982 2228 3983 2231 ’

2209 2325 2530 2397 προσέταξε,
2579 2325 2674 2379 καὶ
2723 2323 2885 2378 πάλιν
2924 2324 3021 2395 τὴν
3064 2321 3275 2376 οἰκείαν
3313 2321 3513 2391 ἐπέσχε
3551 2318 3764 2391 φορὰν,
3801 2319 3901 2371 καὶ

2210 2410 2348 2485 πρὸς
2387 2411 2479 2467 τὸν
2519 2413 2718 2466 οἰκεῖον
2758 2411 2921 2464 τόπον
2969 2407 3421 2481 ὑπανεχώρησεν,
3460 2407 3520 2461 δν
3568 2405 3735 2469 αὑτὸς
3788 2400 3898 2458 οἵδε

2214 2502 2376 2571 μόνος
2411 2502 2441 2553 ὁ
2471 2499 2884 2573 δημιουργήσας
2929 2497 3098 2569 αὑτὴν
3137 2494 3434 2566 Δεσπότης.
3466 2492 3572 2548 Καὶ
3602 2491 3862 2546 ἐκάθισε
3882 2532 3898 2553 ,

2211 2589 2397 2660 φησὶν,
2431 2586 2740 2657 ἥκιϐωτὸς
2768 2586 2840 2640 ἐν
2861 2584 2943 2652 τῷ
2974 2583 3204 2653 ἑϐδόμῳ
3217 2580 3399 2653 μηνί,
3432 2581 3646 2650 ἑϐδόμῃ
3676 2579 3785 2633 καὶ
3817 2581 3904 2633 εἱ-

2211 2676 2349 2731 κάδι
2384 2677 2489 2730 τοῦ
2516 2673 2731 2745 μηνὸς,
2759 2672 2858 2726 ἐπὶ
2887 2671 2960 2725 τὰ
2985 2672 3092 2742 ὅρη
3119 2670 3192 2725 τὰ
3231 2667 3490 2739 Ἀραράτ.
3537 2668 3603 2721 Τὸ
3632 2665 3699 2719 δὲ
3731 2666 3907 2736 ὕδωρ

2210 2764 2544 2835 ἠλαττοῦτο
2573 2765 2683 2830 ἕως
2719 2763 2826 2817 τοῦ
2854 2760 3111 2815 δεκάτου
3131 2760 3330 2830 μηνός
3347 2776 3362 2790 ο
3392 2756 3489 2813 καὶ
3514 2755 3814 2826 ὤφθησαν
3840 2759 3905 2810 al

2212 2854 2469 2924 κεφαλαὶ
2510 2854 2631 2906 τῶν
2658 2852 2845 2920 ὀρέων
2884 2849 2955 2903 ὲν
2989 2846 3071 2914 τῷ
3102 2847 3332 2912 δεκάτῳ
3355 2843 3536 2916 μηνί,
3577 2841 3652 2912 τῇ
3681 2841 3904 2914 πρώτῃ

2210 2942 2319 2997 τοῦ
2351 2942 2567 3012 μηνός.
2612 2940 2815 2994 Σκόπει
2855 2937 2973 3000 πῶς
3005 2936 3035 2976 ι)
3068 2935 3266 3007 ἀθρόον
3296 2935 3331 3006 ἡ
3362 2931 3627 3005 μεταϐολὴ
3659 2931 3867 2999 γέγονε
3886 2973 3903 2996 ,

2212 3031 2306 3085 καὶ
2338 3030 2502 3084 πόσον
2546 3027 2734 3099 ἔληξεν
2769 3028 2802 3098 ὴ
2841 3023 2949 3079 τῶν
2981 3023 3191 3078 ὑδάτων
3224 3020 3419 3090 φύσις,
3461 3019 3536 3083 ὡς
3568 3017 3660 3072 ἐπὶ
3684 3017 3761 3071 τὰ
3794 3017 3906 3088 ὅρη

2211 3116 2310 3188 τὴν
2356 3115 2593 3170 κιϐωτὸν
2632 3112 2876 3169 καθίσαι.
2931 3109 3216 3182 Ἀνωτέρω
3259 3106 3368 3179 γὰρ
3400 3104 3548 3180 [249]
3586 3101 3831 3158 εἰποῦσα
3868 3105 3903 3175 ή

2213 3204 2426 3279 Γραφὴ,
2447 3205 2530 3258 ὅτι
2558 3203 2693 3257 δέκα
2728 3201 2890 3254 πέντε
2920 3199 3119 3271 πήχεις
3148 3196 3334 3250 ἐπάνω
3361 3193 3469 3247 τῶν
3497 3191 3663 3264 ὀρέων

2211 3278 2274 3350 τὸ
2298 3293 2462 3365 ὕδωρ,
2493 3290 2589 3345 νῦν
2620 3307 2785 3361 φησιν
2804 3328 2819 3353 ,
2847 3288 2929 3342 ὅτι
2954 3285 3209 3340 ἐκάθισεν
3238 3283 3272 3355 ἡ
3298 3281 3531 3345 κιϐωτὸς
3565 3282 3654 3334 ἐπὶ
3681 3278 3756 3333 τά
3791 3280 3900 3352 ὅρη

2212 3382 2281 3437 τά
2318 3379 2580 3452 Ἀραράτ,
2605 3377 2697 3432 καὶ⁸
2723 3375 2867 3431 κατά
2890 3373 3083 3447 μικρὸν
3115 3372 3304 3426 λοιπὸν
3342 3369 3502 3442 μέχρι
3530 3367 3623 3422 τοῦ
3661 3367 3904 3421 δεκάτου

2217 3468 2385 3542 μηνὸς
2416 3465 2735 3538 ἠλαττοῦτο,
2764 3464 2862 3518 καὶ
2886 3462 3010 3516 τότε
3037 3458 3116 3534 τῷ
3144 3460 3357 3530 δεκάτῳ
3395 3457 3523 3530 μηνί
3549 3454 3819 3526 ὤφθησαν
3846 3458 3906 3510 αἰ

2213 3556 2449 3627 κεφαλαὶ¹
2468 3555 2577 3609 τῶν
2599 3553 2794 3624 ὁρέων.
2829 3550 3031 3606 Ἐννόει
3056 3566 3146 3622 μοι
3167 3547 3261 3602 τοῦ
3282 3545 3491 3602 δικαίου
3510 3544 3608 3616 τὴν
3623 3544 3902 3611 εὐτονίαν,

2214 3648 2331 3710 πῶς
2362 3646 2651 3717 διήρκεσεν
2682 3645 2742 3696 ἐν
2769 3640 3046 3702 τοσούτοις
3072 3636 3205 3709 μησί
3238 3635 3488 3706 καθάπερ
3508 3634 3568 3688 ἐν
3596 3634 3776 3703 σκότῳ
3809 3650 3908 3687 κα-

2213 3728 2689 3798 τακεκλεισμένος.
2719 3724 2832 3778 Kal
2864 3721 3126 3793 ἐγένετο,
3160 3721 3316 3792 φησὶ,
3349 3719 3504 3789 μετὰ
3534 3717 3641 3783 τὰς
3666 3731 3904 3798 τεσσα-

2205 3812 2477 3881 ράκοντα
2513 3797 2762 3880 ἠμέρας,
2811 3805 2912 3860 καί
2948 3804 3179 3870 ἀνέῳξε
3224 3801 3354 3857 Νῶε
3394 3800 3511 3870 τὴν
3546 3797 3760 3869 θυρίδα
3790 3799 3905 3867 τῆς

2215 3894 2504 3960 κιϐωτοῦ,
2545 3891 2626 3961 ἦν
2676 3890 2966 3959 ἐποίησε,
3004 3888 3105 3943 καί
3152 3885 3475 3942 ἀπέστειλε
3512 3883 3620 3937 τὸν
3665 3882 3907 3950 κόρακα

2218 3978 2386 4042 ἰδεῖν,
2421 3980 2475 4032 ει
2508 3976 2807 4030 κεκόπακε
2837 3972 2904 4027 τὸ
2938 3972 3121 4041 ὕδωρ.
3158 3971 3303 4042 Ὅρα
3329 3969 3420 4023 τὸν
3456 3967 3660 4021 δίκαιον
3680 3966 3905 4020 οὐδέπω

2213 4059 2500 4132 τολμῶντα
2545 4054 2911 4113 κατοπτεῦσαι
2955 4055 3023 4108 δι’
3074 4052 3271 4108 ἐαυτοῦ
3292 4092 3308 4117 ,
3370 4051 3504 4106 ἀλλά
3542 4050 3641 4131 ’τὸν
3682 4048 3905 4120 κόρακα

2216 4142 2525 4207 ἀπέστειλε,
2554 4141 2619 4195 δι’
2654 4138 2864 4194 ἐκείνου
2909 4136 3103 4209 μαθεῖν
3140 4134 3486 4207 βουλόμενος,
3532 4133 3589 4186 εῐ
3618 4147 3736 4185 τινα
3786 4133 3903 4186 ἔστι

2216 4227 2582 4300 προσδοκῆσαι
2615 4224 2861 4296 χρηστὴν
2889 4220 3224 4294 μεταϐολήν⁸
3257 4218 3367 4275 Kal
3397 4216 3682 4283 ἐξελθὼν,
3708 4215 3905 4284 φησὶν.

2215 4299 2327 4369 οὑκ
2361 4309 2756 4378 ἀνέστρεψεν,
2786 4306 2898 4374 ἕως
2938 4305 3044 4360 τοῦ
3073 4301 3447 4374 ξηρανθὶᾑθαι
3486 4300 3554 4354 τὸ
3589 4299 3744 4367 ὕδωρ
3778 4300 3905 4353 ἀπὸ

2215 4395 2326 4465 τῆς
2354 4394 2487 4466 γῆς.
2517 4394 2631 4447 Οὑκ
2658 4390 2845 4463 ἐπειδὴ
2881 4388 3022 4462 μετὰ
3049 4387 3224 4442 ταῦτα
3256 4384 3579 4457 ἀνέστρεψε,
3606 4383 3686 4448 τὸ,
3717 4383 3900 4449 Ἕως,

2216 4479 2556 4553 προσέθηκεν
2585 4478 2619 4549 ἠ
2653 4475 2774 4530 θεία
2798 4475 2989 4547 Γραφή
3012 4489 3027 4505 ο
3062 4472 3181 4527 ἀλλ’
3219 4466 3615 4553 ἰδίωμαᾲτοῦτό
3651 4469 3768 4553 ἐστι
3801 4470 3904 4553 τῆς

2216 4549 2370 4628 θείας
2390 4549 2633 4635 Γραφῆς.
2682 4560 2793 4614 Καὶ
2838 4556 3109 4630 πολλαχοῦ
3152 4555 3218 4610 ἄν
3240 4571 3325 4618 τις
3379 4551 3528 4623 εὕροι
3569 4549 3776 4619 ταύτην
3808 4549 3906 4619 τὴν

2218 4648 2504 4720 συνήθειαν
2524 4687 2539 4713 ,
2566 4646 2660 4699 καὶ
2690 4645 2819 4714 ἐνῆν
2847 4640 3022 4695 πολλά
3050 4639 3276 4694 τοιαῦτα
3310 4637 3487 4709 εὑρεῖν
3514 4635 3613 4720 καὶ
3641 4648 3905 4720 παραγα-

2217 4715 2435 4803 γεῖνέἰς
2462 4730 2627 4802 μέσον
2644 4745 2657 4758 ·
2685 4728 2803 4781 ἀλλ’
2830 4727 2918 4781 ἴνα
2943 4724 3018 4797 μὴ
3049 4724 3230 4777 πάντα
3258 4718 3578 4803 παρ’,ήμῶν
3611 4715 3908 4803 μανθάνονε

2215 4798 2309 4880 ’τες
2336 4798 2700 4887 ῥᾳθυμότεροι
2734 4808 2981 4880 γίνησθε,
3016 4806 3147 4878 ὑμῖν
3181 4802 3666 4887 καταλιμπάνομεν
3693 4798 3907 4887 διερευο

2217 4884 2413 4955 νᾶσθαι
2434 4884 2534 4969 τὴν
2562 4895 2808 4969 Γραφὴν,
2848 4894 2942 4948 καὶ
2971 4892 3151 4963 εὑρεῖν
3191 4890 3325 4943 ὅπου
3363 4889 3473 4951 τοῖς
3505 4884 3763 4969 ἰδιώματι
3789 4884 3910 4969 τού-

2216 5002 2333 5048 τοις
2350 4965 2618 5053 κέχρηταί
2624 5021 2638 5036 .
2659 4979 2810 5042 Τέως
2827 4977 2884 5030 δέ
2900 4977 3050 5047 ἡμᾶς
3070 4974 3369 5042 ἀναγκαῖον
3393 4971 3570 5053 εἰπεῖν
3582 4966 3679 5053 τὴν
3700 4965 3905 5053 αἰτίαν,

2216 5068 2284 5121 δι’
2315 5069 2384 5139 ἢν
2412 5050 2521 5118 ὸῦκί
2550 5060 2852 5134 ἀνέστρεψε
2898 5060 2958 5113 τὸ
3005 5058 3216 5129 ὄρνεον.
3271 5051 3750 5139 ἰσωςῄληξάντων
3797 5050 3909 5139 τῶν

2220 5132 2430 5206 ὑδάτων
2475 5132 2787 5217 ἀκάθαρτον
2829 5143 2890 5197 ὃν
2918 5142 2979 5194 τὸ
3019 5141 3226 5213 ὖρνεον,
3255 5137 3349 5190 καὶ
3390 5134 3639 5206 σώμασιν
3679 5132 3908 5203 ἐντυχὸν

2217 5236 2331 5297 τοῖς
2364 5249 2425 5285 τε
2453 5216 2837 5300 ἀνθρωπίνοις,
2863 5228 2976 5288 τοῖς
3010 5242 3073 5278 τε
3101 5222 3211 5277 τῶν
3244 5219 3476 5288 ἀλόγων,
3507 5217 3603 5272 καί
3644 5216 3747 5289 τὴν
3770 5233 3910 5269 κατ-

2222 5313 2455 5385 ἀλληλον
2496 5311 2658 5383 εὑρὸν
2698 5309 2878 5380 ἐαυτῷ
2927 5306 3165 5379 τροφὴν,
3203 5304 3593 5375 ἐναπέμεινεψ
3627 5301 3765 5371 ὅπερ
3812 5300 3910 5354 καὶ

2221 5397 2355 5452 αὑτὸ
2379 5398 2439 5451 οὑ
2477 5396 2674 5467 μικρὸν
2708 5394 2919 5464 ἐγίνετο
2954 5392 3034 5462 τῷ
3057 5390 3253 5462 δικαίῳ
3282 5389 3582 5467 τεκμήριον
3616 5386 3718 5456 τῆς
3768 5403 3914 5458 χρη-

2223 5481 2355 5552 στῆς
2381 5465 2615 5543 ἐλπίδος.
2639 5480 2702 5531 Εί
2718 5478 2825 5548 γάρ
2846 5475 2922 5547 μὴ
2947 5475 3106 5528 τοῦτο
3126 5468 3215 5544 ἦν,
3242 5472 3378 5544 μηδέ
3398 5465 3526 5542 εὗρε
3550 5470 3754 5540 μικράν
3782 5486 3912 5522 τινα

2225 5563 2603 5637 παραμυθίαν,
2637 5561 2979 5633 ὑπέστρεψεν
3012 5559 3096 5613 ἄν.
3130 5557 3242 5612 Καὶ
3269 5556 3352 5609 ὅτι
3389 5553 3548 5608 τοῦτό
3586 5554 3733 5605 ἐστιν
3782 5553 3913 5637 ἀλη-

2225 5633 2352 5717 θὲς,
2382 5633 2635 5702 ἐντεῦθεν
2671 5645 2857 5699 λοιπὸν
2890 5643 2993 5714 τὴν
3021 5639 3265 5714 χρηστὴν
3294 5635 3623 5710 προσδοκίαν
3655 5633 3913 5705 ἐσχηκὼς

2225 5734 2253 5788 ὁ
2286 5733 2494 5796 δίκαιος
2518 5731 2799 5802 ἐκπέμπει
2832 5727 2931 5800 τὴν
2959 5723 3318 5797 περιστερὰν,
3349 5721 3536 5793 όρνεον
3560 5719 3768 5791 ήμερον
3816 5719 3914 5771 καὶ

2228 5816 2613 5890 φιλοσύνηθες,
2639 5815 2733 5869 καὶ
2762 5814 2964 5886 πολλὴν
2993 5806 3412 5882 εὐγνωμοσύνην
3438 5803 3909 5890 ἐπιδεικνύμενον,

2227 5887 2321 5960 καὶ
2354 5887 2819 5971 οὑκάνεχόμενον
2864 5896 3052 5970 ἐτερόν
3099 5913 3153 5952 τι
3205 5891 3471 5948 σιτεῖσθαι
3507 5888 3541 5961 ἢ
3577 5887 3909 5959 σπέρματασ

2296 6038 2323 6079 ιι
2353 6039 2488 6089 L'nus
2510 6034 2677 6084 σκόπει
2699 6031 2842 6090 πόση.
