4078 6412
238 382 342 441 933

244 510 345 549 "es
397 501 517 563 post
562 489 910 560 quadraginta
966 485 1081 540 dies
1125 493 1179 538 ct
1224 482 1569 554 quadraginta
1628 493 1838 547 noctes,

243 585 446 656 quibus
474 582 676 653 impetu
699 592 893 649 magno
916 575 1108 646 pluviae
1131 574 1468 644 ingruebant,
1490 587 1612 627 cum
1638 575 1841 631 videret

245 674 443 730 diebus
469 679 685 727 centum
714 665 1095 738 quinquaginta
1122 664 1174 717 in
1205 661 1392 717 eadem
1419 661 1699 717 altitudine
1731 677 1845 717 ma-

248 780 383 820 nere
408 777 603 833 aquas,
634 774 810 830 neque
836 758 1055 813 omnino
1084 755 1343 811 desistere
1371 772 1384 807 :
1416 763 1470 809 et
1506 753 1646 823 quod
1679 754 1845 809 multo

250 856 492 929 gravius,
514 867 691 925 neque
716 851 889 906 oculis
910 849 1091 905 videre
1113 847 1283 918 potuit
1308 862 1369 903 ea
1392 861 1509 917 qua:
1538 847 1671 901 facta
1699 855 1842 914 sunt,

246 946 348 1002 sed
378 945 636 1008 inclusus,
661 957 783 997 cum
815 955 920 996 non
950 948 1133 1011 posset
1159 954 1409 1009 umquam
1439 939 1609 993 oculis
1634 940 1843 1010 assequi

247 1046 454 1106 quanta
495 1043 677 1090 essent
723 1032 898 1099 mala,
944 1030 1201 1098 majorem
1239 1029 1536 1084 sustinebat
1580 1029 1843 1098 dolorem,

251 1130 608 1201 gravioraque
628 1125 868 1197 quotidie
893 1124 1282 1194 suspicabatur.
1319 1121 1432 1191 Ego
1456 1136 1584 1177 vero
1610 1120 1847 1176 admiror

249 1220 525 1293 quomodo
575 1234 685 1288 prae
736 1217 948 1272 tristitia
994 1230 1100 1270 non
1151 1214 1310 1269 fuerit
1355 1216 1677 1283 absorptus,
1722 1230 1844 1270 cum

255 1322 498 1369 mentem
526 1311 664 1365 illius
693 1309 933 1365 subirent
962 1306 1178 1361 humani
1209 1305 1419 1376 generis
1445 1305 1688 1360 interitus
1707 1345 1723 1372 ,
1752 1319 1845 1359 sua

251 1402 513 1466 solitudo,
540 1410 596 1456 et
629 1398 864 1454 diﬁiellis
888 1397 975 1451 illa
999 1397 1126 1450 vita.
1158 1396 1224 1450 At
1245 1409 1403 1450 causa
1429 1395 1692 1449 bonorum
1726 1409 1845 1448 om-

253 1495 405 1548 nium
442 1492 516 1546 illi
552 1490 648 1545 fuit
685 1505 779 1544 sua
813 1489 864 1543 in
893 1488 1057 1543 Deum
1082 1486 1235 1550 ﬁdes,
1261 1500 1356 1556 per
1378 1500 1534 1555 quam
1557 1494 1611 1540 et
1632 1485 1846 1550 restitit,

257 1595 318 1639 et
344 1583 523 1638 omnia
554 1580 760 1636 fortiter
790 1580 909 1634 tulit
938 1594 952 1630 :
982 1591 1211 1647 cumque
1238 1591 1332 1645 spe
1358 1584 1687 1646 pasceretur,
1720 1574 1849 1629 nihil

255 1676 416 1728 triste
443 1671 724 1729 sentiebat.
754 1670 1016 1737 Quoniam
1042 1667 1204 1738 igitur
1226 1666 1367 1736 quod
1390 1681 1543 1722 suum
1573 1676 1688 1721 erat
1713 1681 1851 1736 prte-

254 1765 427 1830 stitit,
480 1772 585 1817 tam
638 1760 947 1830 patientiam
997 1757 1376 1825 monstrando,
1424 1772 1583 1826 quam
1630 1757 1849 1811 multam

259 1857 422 1911 tidem
451 1851 728 1909 efferendo
750 1892 766 1917 ,
794 1864 1004 1905 necnon
1032 1849 1220 1903 miram
1251 1846 1613 1902 fortitudinem
1660 1861 1768 1917 prae
1792 1860 1853 1902 se

258 1943 516 2007 ferendo,
544 1941 666 1996 vide
694 1949 889 2011 quanta
920 1940 987 1992 sit
1023 1938 1114 1992 Dei
1142 1952 1266 2007 erga
1312 1938 1484 2007 ipsum
1528 1935 1846 2006 benignitas.

258 2034 331 2088 Et
357 2031 649 2087 recordatus
678 2040 785 2095 est,
824 2029 992 2099 inquit
1016 2069 1031 2091 ,
1060 2026 1199 2083 Deus
1228 2027 1365 2081 Noe.
1395 2026 1511 2081 Non
1539 2027 1851 2096 simpliciter

260 2134 320 2180 et
347 2125 551 2191 absque
593 2135 752 2177 causa
784 2121 954 2187 dixit,
997 2119 1065 2173 Et
1102 2120 1395 2173 recordatus
1422 2129 1494 2173 est
1531 2135 1550 2173 :
1587 2118 1682 2175 sed
1727 2121 1850 2189 quia

256 2216 412 2285 prius
431 2214 607 2269 divina
630 2213 902 2281 Scriptura
925 2211 1293 2279 declaraverat
1313 2211 1465 2266 nobis
1488 2211 1849 2265 testimonium

258 2306 330 2359 de
354 2305 501 2374 justo
530 2302 640 2369 illo,
669 2301 856 2358 dicens
880 2341 895 2365 ,
926 2299 1199 2370 Ingredere
1226 2301 1279 2354 in
1305 2316 1499 2362 arcam,
1531 2301 1649 2369 quia
1677 2309 1724 2354 te
1749 2301 1853 2354 uidi

257 2399 452 2465 iustum
475 2396 531 2450 in
555 2395 877 2467 generatione
904 2393 1001 2448 Itac
1027 2392 1177 2460 (Gen.
1201 2394 1253 2447 7.
1282 2392 1369 2463 l),
1400 2402 1685 2463 eapropter
1713 2408 1854 2449 nunc

260 2488 474 2559 inquit:
507 2485 576 2541 Et
603 2485 898 2541 recordatus
924 2494 997 2538 est
1030 2484 1166 2538 Deus
1194 2483 1308 2538 Noe
1328 2524 1344 2549 ,
1391 2485 1495 2538 hoc
1536 2491 1618 2539 est
1638 2523 1654 2546 ,
1698 2486 1853 2539 testi-

262 2580 431 2635 monii
457 2579 597 2649 quod
619 2578 688 2634 de
717 2578 808 2632 illo
832 2577 1197 2647 perhibuerat,
1224 2592 1398 2646 neque
1422 2576 1588 2630 multo
1615 2587 1854 2646 tempore

263 2675 500 2746 neglexit
539 2673 763 2744 justum,
797 2671 890 2726 sed
916 2671 1141 2737 distulit,
1186 2669 1438 2740 quamdiu
1470 2670 1557 2725 ille
1591 2670 1729 2724 ferre
1756 2686 1849 2738 po-

261 2770 389 2833 tuit,
420 2776 470 2821 et
515 2773 643 2820 tunc
680 2763 730 2819 ei
766 2777 921 2817 suum
948 2761 1267 2817 beneficium
1303 2770 1360 2817 et
1393 2762 1617 2832 gratiam
1654 2762 1855 2834 impar-

260 2858 395 2913 titus
436 2866 541 2912 est.
589 2855 720 2910 Nam
760 2854 939 2910 sciens
978 2853 1341 2909 infirmitatem
1386 2861 1585 2908 nostra:
1626 2864 1850 2919 naturze,

261 2947 529 3018 siquando
552 2946 814 3018 permittit
842 2945 1187 3000 tentationem
1211 2943 1418 3013 inferri,
1447 2961 1682 3015 eousque
1706 2949 1853 3016 sinit,

264 3052 548 3108 quousque
575 3038 676 3093 scit
718 3051 816 3091 nos
856 3051 1013 3107 posse
1051 3036 1335 3104 sustinere,
1378 3046 1435 3091 ut
1463 3045 1517 3092 et
1546 3037 1856 3093 retributio-

263 3134 392 3184 nem
419 3145 537 3200 quae
562 3138 758 3184 nostrae
781 3137 1039 3200 congruat
1064 3128 1359 3184 fortitudini
1392 3130 1607 3198 tribuat,
1631 3140 1684 3187 et
1705 3148 1854 3188 suam

267 3220 696 3276 misericordiam
754 3219 990 3275 declaret
1039 3237 1052 3273 :
1102 3220 1242 3274 sicut
1292 3230 1346 3276 et
1397 3221 1594 3276 Paulus
1642 3224 1855 3293 inquit:

268 3311 466 3366 Fidelis
491 3321 661 3366 autem
699 3311 833 3366 Deus
852 3352 867 3377 ,
900 3313 988 3381 qui
1013 3328 1114 3365 non
1151 3312 1277 3366 sinet
1306 3329 1392 3366 vos
1419 3315 1602 3367 tentari
1626 3331 1779 3383 supra
1805 3316 1860 3370 id

265 3403 405 3474 quod
432 3403 639 3474 potestis
666 3403 681 3434 ί
703 3446 718 3470 ,
750 3403 838 3457 sed
882 3404 1030 3473 faciet
1071 3419 1186 3456 cum
1227 3404 1496 3458 tentatione
1543 3417 1856 3474 proventum,

268 3504 326 3548 ut
355 3494 487 3563 ferre
513 3493 716 3563 possitis
744 3492 837 3565 (1.
866 3493 985 3548 Cor.
1014 3494 1105 3550 10.
1136 3496 1203 3550 l5
1223 3493 1262 3566 ).
1292 3495 1551 3562 Quoniam
1584 3498 1742 3568 igitur
1768 3499 1858 3569 jn-

270 3594 389 3638 stus
419 3584 508 3637 ille
554 3582 919 3639 fortitudinem
959 3593 1012 3639 et
1043 3586 1348 3654 patientiam
1396 3602 1502 3656 prae
1531 3601 1589 3643 se
1636 3591 1858 3656 ferebat,

270 3689 369 3729 sua
400 3675 453 3729 in
481 3675 647 3728 Deum
675 3675 778 3730 fide
804 3691 940 3729 arcae
967 3676 1123 3731 sedes
1149 3685 1202 3731 et
1228 3678 1382 3732 taedia
1413 3681 1705 3747 sustinens,
1734 3698 1861 3751 pro-

271 3776 392 3835 pter
432 3765 536 3819 hoc
579 3766 785 3835 inquit,
818 3765 879 3819 Et
912 3767 1204 3821 recordatus
1233 3778 1305 3822 est
1338 3767 1472 3825 Deus
1496 3769 1629 3826 Noe.
1664 3773 1863 3829 Deinde

273 3868 333 3913 ut
356 3858 533 3912 discas
558 3858 812 3930 abyssum
853 3858 1046 3913 divinae
1086 3860 1466 3916 misericordia:
1490 3905 1505 3929 ,
1538 3863 1741 3918 addidit
1778 3865 1861 3920 di-

277 3950 404 4003 vina
434 3948 705 4017 Scriptura
741 3967 755 4003 :
785 3947 854 4003 Et
894 3950 1118 4003 omnium
1156 3953 1380 4021 ferarum
1400 3993 1416 4018 ,
1449 3963 1497 4006 et
1520 3955 1743 4008 omnium
1771 3957 1864 4026 ju-

270 4049 580 4106 mentorum,
608 4048 655 4093 et
680 4041 903 4093 omnium
927 4040 1225 4107 uolatilium,
1256 4051 1303 4096 et
1331 4044 1556 4097 omnium
1584 4045 1861 4113 reptilium,

270 4147 600 4202 quaecumque
624 4143 766 4187 erant
795 4148 911 4186 cum
938 4133 1030 4187 illo
1059 4136 1111 4187 in
1135 4151 1277 4188 arca.

352 4222 538 4276 Omnia
562 4224 616 4277 in
644 4224 886 4278 honorem
917 4225 1134 4279 hominis
1165 4229 1319 4298 facta.
1345 4258 1415 4271 -ι
1438 4229 1569 4285 Vide
1599 4232 1866 4301 quomodo

273 4315 460 4371 omnia
510 4316 562 4369 in
611 4314 872 4371 honorem
917 4316 1151 4371 hominis
1198 4317 1341 4373 facit.
1388 4319 1523 4375 Nam
1567 4323 1704 4377 sicut
1743 4338 1864 4379 cum

279 4406 588 4462 hominibus
632 4408 722 4477 qui
780 4408 980 4462 diluvio
1032 4411 1341 4478 perierunt,
1387 4426 1546 4468 onme
1588 4414 1865 4471 brutorum

276 4500 588 4554 animalium
609 4515 780 4570 genus
817 4501 1069 4570 perdidit,
1114 4502 1184 4556 ita
1226 4502 1312 4558 hic
1339 4519 1487 4558 suam
1514 4520 1639 4576 erga
1664 4507 1866 4575 justum

280 4592 432 4644 illum
475 4590 894 4646 miscricordiam
935 4591 1209 4648 declarare
1238 4594 1460 4661 volens,
1510 4597 1564 4651 in
1610 4598 1866 4654 honorem

278 4682 420 4751 ejus,
465 4695 615 4735 suam
657 4682 817 4736 etiam
862 4682 1152 4737 bonitatem
1192 4699 1257 4738 ac
1297 4699 1480 4740 curam
1523 4688 1576 4742 in
1620 4688 1768 4744 bruta
1815 4699 1872 4746 et

282 4774 454 4839 feras,
498 4781 553 4830 et
591 4774 822 4828 volatilia
867 4786 917 4828 et
967 4777 1175 4845 reptilia
1220 4793 1388 4847 usque
1427 4781 1640 4835 extendi
1682 4782 1868 4838 Voluit.

289 4865 356 4919 Et
386 4866 678 4920 recordatus
702 4874 797 4933 est,
832 4867 1033 4936 inquit,
1065 4865 1200 4922 Deus
1226 4867 1361 4936 Noe,
1393 4879 1439 4924 et
1476 4874 1699 4925 omnium
1730 4879 1871 4944 {era-

283 4975 433 5023 run,
476 4969 523 5011 et
564 4959 790 5011 omnium
826 4960 1194 5029 jumentorum,
1238 4968 1284 5014 et
1321 4963 1547 5017 onmium
1592 4966 1869 5036 reptilium,

283 5065 610 5121 quacumque
639 5059 780 5103 erant
821 5065 937 5103 cum
982 5050 1073 5104 illo
1115 5052 1166 5105 in
1206 5068 1346 5107 arca.
1395 5052 1463 5107 Et
1491 5057 1706 5111 adduxit
1738 5058 1874 5115 Deus

284 5141 522 5211 spiritum
548 5158 703 5210 super
729 5151 951 5207 terram,
996 5153 1045 5197 et
1087 5146 1297 5221 cessavit
1336 5161 1488 5216 aqua.
1522 5149 1873 5222 Recordatus,

287 5233 480 5301 inquit,
511 5230 645 5298 Noe,
676 5230 733 5287 et
762 5234 1001 5289 omnium
1030 5250 1149 5305 qua:
1175 5251 1295 5290 cum
1341 5238 1433 5292 illo
1470 5249 1623 5296 erant
1652 5243 1703 5297 in
1729 5258 1873 5313 arca,

288 5322 544 5393 praecepit
570 5338 720 5393 aqua:
765 5325 1019 5395 impetum
1047 5326 1310 5395 detineri,
1360 5336 1417 5383 ut
1443 5333 1698 5402 paulatim
1724 5352 1877 5393 suam

285 5424 738 5471 commonstraret
758 5417 1173 5487 benignitatem;
1199 5429 1254 5477 et
1275 5432 1459 5493 postea
1480 5424 1681 5494 justum
1708 5431 1881 5500 respi-

286 5519 412 5559 rare
438 5515 672 5569 curaret,
705 5515 764 5561 et
800 5522 827 5559 a
860 5509 1161 5566 turbatione
1191 5512 1570 5583 cogitationum
1603 5517 1877 5575 liberatum

287 5610 343 5650 m
373 5594 664 5664 tranquillo
690 5606 829 5652 statu
855 5600 1225 5669 constitueret,
1253 5609 1510 5660 concesso
1531 5615 1585 5662 ct
1620 5608 1753 5666 lucis
1783 5626 1879 5664 usu

370 5765 387 5794 ι
418 5761 571 5810 Savll.
594 5766 648 5811 et
671 5759 866 5824 Morel,
888 5774 973 5813 nos
997 5761 1184 5824 (ἡμᾶς),
1211 5765 1283 5823 et,
1308 5774 1564 5825 possumus
1590 5766 1884 5835 (δυνάμεθα).

1240 370 1305 426 IN
1342 369 1495 427 CAP.
1540 366 1671 422 Vill.
1712 363 1959 421 GENES.
2003 362 2225 418 IIOMIL.
2272 363 2463 419 XXVI.

3432 372 3532 428 9.3.5

1953 482 2007 529 et
2034 474 2175 529 aeris
2204 474 2577 544 respiratione.
2612 476 2675 530 Et
2701 478 2914 534 adduxit
2959 481 3125 548 Deus,
3159 483 3357 555 inquit,
3386 488 3540 552 spiri-

1952 574 2060 617 tum
2087 581 2239 636 super
2277 575 2485 633 terram,
2532 574 2578 621 et
2607 569 2817 622 cessavit
2858 586 3010 639 aqua.
3037 572 3092 626 2.
3122 572 3190 627 Et
3216 575 3394 631 obtecti
3421 589 3537 631 sunt

1953 659 2114 726 fontes
2145 657 2313 728 abyssi
2356 669 2403 712 et
2445 668 2718 714 cataracta
2751 661 2883 716 creti.
2925 664 3051 719 Vide
3075 667 3345 736 quomodo
3387 684 3537 723 more

1956 745 2189 800 humano
2229 748 2463 816 loquitur
2502 750 2656 805 nobis
2683 753 2882 806 omnia.
2916 750 3109 808 Obtecti
3146 765 3298 825 sunt,
3344 757 3534 828 inquit,

1952 839 2116 908 fontes
2146 837 2314 910 abyssi
2338 849 2383 892 et
2409 849 2678 896 cataracta:
2701 844 2832 910 cwli,
2876 856 2922 898 et
2948 846 3164 901 cohibita
3192 848 3365 918 pluvia
3389 851 3500 905 caeli
3519 867 3539 905 :

1953 929 2102 996 quasi
2129 928 2368 997 diceret,
2403 930 2666 1000 placuisse
2694 934 2919 991 Domino
2946 944 3004 991 ut
3029 938 3218 993 iterum
3248 941 3301 994 in
3328 955 3423 996 sua
3449 958 3535 997 re-

1951 1017 2111 1086 gione
2137 1028 2420 1074 manerent
2450 1036 2605 1091 aqua;
2628 1062 2644 1089 ,
2677 1040 2848 1094 neque
2877 1026 3013 1082 ultra
3042 1030 3405 1095 exundarent,
3447 1033 3538 1088 sed

1952 1109 2205 1180 paulatim
2249 1111 2579 1171 desinerent.
2624 1117 2681 1173 5.
2724 1116 2792 1170 Et
2833 1119 3037 1174 cedebat
3080 1138 3214 1192 aqua
3256 1124 3442 1179 vadens
3480 1132 3542 1180 de

1954 1209 2087 1254 terra
2111 1243 2126 1268 ,
2170 1211 2217 1255 et
2259 1203 2579 1261 minuebatur
2618 1224 2752 1276 aqua
2792 1220 2903 1281 post
2942 1221 3139 1267 centum
3176 1214 3542 1287 quinquaginta

1954 1291 2081 1346 dies.
2109 1292 2240 1361 Quae
2264 1296 2399 1349 ratio
2430 1299 2624 1366 poterit
2649 1299 2751 1356 hoc
2776 1317 3023 1373 umquam
3046 1307 3538 1376 comprehendere?

1956 1384 2106 1450 Esto,
2137 1387 2286 1441 stetit
2314 1388 2508 1456 pluvia,
2539 1390 2755 1447 cohibiti
2787 1392 2960 1449 fontes
2985 1411 3091 1451 non
3116 1398 3347 1466 amplius
3374 1415 3535 1455 exun-

1957 1473 2185 1538 dabant,
2212 1484 2268 1530 et
2294 1486 2575 1534 cataracta:
2605 1482 2720 1534 caeli
2759 1482 3006 1538 cohibitae
3036 1493 3162 1540 sunt
3188 1503 3201 1539 :
3233 1480 3366 1556 aqua
3398 1498 3542 1546 tanta

1964 1566 2229 1634 quomodo
2252 1566 2450 1623 desiit?
2480 1569 2665 1624 Omnia
2696 1572 2917 1642 abyssus
2946 1585 3117 1628 erant.
3140 1575 3418 1642 Quomodo
3448 1580 3543 1649 igi-

1955 1664 2041 1711 tur
2068 1667 2244 1713 tantus
2286 1674 2543 1730 aquarum
2585 1659 2756 1715 ﬂuxus
2786 1663 2961 1719 subito
3006 1668 3182 1721 minor
3225 1668 3393 1725 factus
3419 1670 3545 1725 est?

1954 1745 2088 1813 Quis
2115 1745 2216 1800 hoc
2246 1748 2476 1804 humana
2509 1752 2716 1807 ratione
2758 1753 3000 1810 invenire
3032 1758 3222 1825 poterit
3252 1761 3545 1831 umquam?

1954 1833 2091 1902 Quid
2124 1837 2285 1906 igitur
2310 1839 2640 1895 dicendum?
2670 1841 2763 1896 Dei
2796 1853 3117 1915 praeceptum
3146 1855 3231 1902 est
3255 1849 3396 1920 quod
3425 1848 3546 1906 facit

1954 1926 2155 1981 omnia.
3080 1924 3083 1927 λ
3173 1999 3182 2007 _

2025 2018 2080 2073 4.
2123 2017 2200 2073 Ne
2244 2018 2406 2089 igitur
2445 2035 2543 2075 nos
2586 2022 2846 2078 curiosius
2885 2025 3230 2098 exploremus
3257 2032 3543 2101 quomodo,

1955 2111 2047 2165 sed
2082 2119 2283 2165 tantum
2310 2113 2633 2181 credamus;
2678 2130 2870 2186 nempe
2909 2118 3102 2189 jussit,
3132 2128 3187 2176 et
3209 2124 3439 2179 exaltata
3465 2136 3547 2181 est

1955 2202 2181 2274 abyssus
2212 2220 2225 2257 :
2259 2205 2549 2274 praecepit,
2593 2216 2647 2260 et
2675 2207 2867 2261 iterum
2900 2224 3055 2264 suum
3082 2213 3343 2268 continuit
3374 2214 3546 2286 impe-

1957 2301 2105 2359 tum,
2146 2303 2200 2349 et
2227 2294 2293 2347 ad
2326 2295 2597 2364 preprium
2641 2298 2906 2352 concessit
2954 2300 3149 2366 locum,
3198 2318 3357 2373 quem
3401 2307 3561 2369 solus

1958 2383 2071 2454 ipse
2102 2384 2358 2439 Dominus
2388 2387 2522 2453 scit,
2556 2388 2643 2457 qui
2684 2388 2941 2444 condidit.
2974 2392 3027 2445 4.
3059 2391 3127 2445 Et
3156 2396 3314 2461 sedit,
3357 2397 3546 2467 inquit,

1956 2493 2077 2530 arca
2099 2494 2267 2533 mense
2286 2479 2515 2547 septimo,
2543 2480 2776 2534 vicesima
2798 2484 3009 2553 septima
3030 2487 3213 2540 mensis
3232 2504 3384 2558 διφα-
3406 2506 3550 2544 mon-

1957 2577 2031 2623 tes
2071 2569 2272 2623 Ararat.
2318 2570 2372 2625 5.
2400 2571 2546 2642 Aqua
2574 2581 2743 2626 autem
2787 2574 3102 2630 decrescebat
3130 2592 3287 2649 usque
3313 2579 3383 2632 ad
3411 2581 3551 2635 deci-

1958 2677 2096 2713 mum
2134 2677 2353 2715 mensem
2391 2676 2412 2717 :
2451 2672 2497 2716 et
2541 2677 2886 2733 apparuerunt
2928 2669 3189 2722 cacumina
3227 2673 3470 2726 montium
3498 2674 3550 2727 in

1958 2752 2155 2807 decimo
2206 2769 2373 2809 mense
2411 2795 2424 2818 ,
2482 2757 2648 2825 prima
2700 2759 2905 2812 mensis.
2955 2759 3088 2815 Vide
3123 2777 3283 2831 quam
3332 2774 3551 2833 repente

1959 2843 2095 2899 facta
2123 2846 2362 2911 mutatio,
2386 2857 2441 2901 et
2473 2856 2667 2917 quanta
2695 2849 2851 2905 simul
2878 2867 3134 2921 aquarum
3163 2863 3350 2910 natura
3376 2855 3552 2914 desie-

1959 2939 2049 3004 rit,
2089 2947 2146 2992 ut
2172 2953 2331 3008 supra
2359 2948 2572 2995 montes
2599 2955 2725 2995 arca
2754 2942 3033 3000 resideret.
3064 2944 3193 3012 Quae
3218 2962 3374 3018 supra
3405 2948 3552 3006 dixe-

1961 3040 2044 3086 rat
2072 3030 2348 3101 Scriptura
2368 3074 2383 3097 ,
2417 3032 2720 3103 quindecim
2762 3035 2955 3091 cubitis
2983 3051 3147 3108 super
3171 3047 3380 3096 montes
3404 3042 3551 3097 exal-

1965 3130 2130 3177 tatam
2160 3121 2326 3178 fuisse
2355 3137 2546 3194 aquam
2578 3140 2593 3178 :
2627 3140 2769 3180 nunc
2795 3125 2925 3181 dicit
2954 3128 3158 3184 sedisse
3187 3144 3366 3184 arcam
3394 3144 3555 3201 super

1962 3222 2174 3270 montes
2210 3216 2436 3283 Ararat,
2468 3225 2523 3271 et
2551 3216 2801 3286 paulatim
2834 3228 3020 3287 postea
3060 3234 3252 3291 aquam
3293 3236 3459 3294 usque
3487 3224 3554 3279 ad

1964 3303 2233 3359 decimum
2285 3321 2524 3362 mensem
2580 3307 2924 3378 decrevisse,
2979 3322 3034 3366 ct
3085 3313 3296 3368 tandem
3344 3315 3556 3371 decimo

1966 3410 2150 3450 mense
2200 3396 2311 3450 visa
2365 3397 2529 3453 fuisse
2579 3401 2855 3454 cacumina
2907 3404 3187 3459 montium.
3240 3405 3555 3475 Considera,

1966 3504 2170 3558 quaeso,
2210 3489 2337 3559 justi
2368 3493 2722 3546 constantiam
2746 3533 2760 3557 ,
2795 3494 3062 3563 quomodo
3091 3496 3284 3552 durare
3326 3502 3559 3567 potuerit

1968 3588 2048 3633 tot
2074 3580 2387 3648 mensibus,
2431 3582 2521 3651 qui
2563 3585 2713 3652 quasi
2759 3584 2811 3638 in
2859 3586 3095 3642 tenebris
3140 3601 3255 3643 erat
3302 3589 3554 3646 inclusus.

1966 3671 2019 3724 6.
2052 3669 2119 3723 Et
2147 3673 2336 3741 factum
2364 3683 2455 3738 est,
2488 3674 2674 3743 inquit,
2708 3684 2817 3744 post
2843 3677 3182 3748 quadraginta
3205 3680 3332 3747 dies,
3361 3684 3559 3754 aperuit

1972 3758 2088 3813 Noe
2130 3761 2401 3830 fenestram
2424 3778 2591 3829 arcte,
2634 3781 2787 3834 quam
2814 3770 3033 3837 fecerat,
3066 3778 3113 3823 et
3141 3771 3304 3825 emisit
3333 3788 3558 3840 corvum,

1970 3859 2027 3904 ut
2053 3850 2242 3905 videret
2267 3867 2389 3905 num
2415 3864 2655 3907 cessasset
2680 3872 2832 3926 aqua.
2859 3857 2994 3912 Ecce
3014 3859 3191 3928 justus
3219 3861 3304 3915 ille
3326 3863 3560 3919 nondum

1971 3957 2066 4013 per
2095 3958 2153 3999 se
2180 3943 2341 3999 audet
2380 3947 2685 4015 reSpicere,
2726 3948 2823 4002 sed
2863 3963 3081 4005 corvum
3120 3951 3313 4022 mittit,
3359 3970 3423 4010 ac
3468 3970 3563 4027 per

1972 4036 2123 4090 illum
2154 4036 2361 4091 discere
2386 4037 2518 4103 vult,
2547 4053 2614 4092 an
2646 4039 2786 4095 bona
2816 4055 2995 4095 rerum
3026 4044 3248 4098 mutatio
3280 4045 3455 4115 aliqua
3493 4048 3563 4102 sit

1971 4127 2348 4196 exspectanda.
2377 4129 2431 4183 7.
2456 4125 2526 4182 Et
2555 4145 2802 4199 egressus,
2833 4130 3024 4201 inquit,
3053 4148 3153 4187 non
3192 4135 3376 4201 rediit,
3403 4136 3563 4191 donec

1971 4220 2244 4274 siccaretur
2267 4236 2400 4291 aqua
2423 4237 2456 4275 a
2481 4231 2635 4276 terra.
2662 4222 2871 4292 Adiecit
2898 4225 3170 4297 Scriptura
3193 4228 3410 4284 verbum
3438 4230 3558 4298 hoc,

1973 4309 2167 4376 Donec,
2195 4326 2299 4366 non
2321 4312 2461 4384 quod
2490 4321 2671 4383 postea
2696 4315 2946 4383 redierit;
2979 4317 3075 4373 sed
3100 4318 3293 4374 idioma
3321 4332 3405 4377 est
3424 4324 3566 4379 Scri-

1976 4410 2145 4472 ptura:
2173 4401 2387 4457 divinae.
2432 4403 2497 4458 Et
2525 4402 2665 4460 hanc
2690 4409 3129 4465 consuetudinem
3158 4425 3301 4482 saepe
3329 4415 3449 4485 quis
3480 4416 3562 4470 in-

1973 4492 2172 4557 veniet,
2199 4504 2526 4564 possentque
2549 4496 2714 4550 multa
2743 4497 2863 4551 talia
2892 4498 3137 4568 inveniri,
3160 4515 3224 4558 ac
3250 4502 3303 4558 in
3333 4506 3565 4562 medium

1975 4583 2153 4640 all‘erri
2185 4601 2199 4638 :
2227 4585 2319 4640 sed
2360 4601 2431 4641 ne
2467 4587 2644 4643 omnia
2674 4604 2703 4641 a
2734 4588 2891 4644 nobis
2919 4590 3186 4649 discentes
3212 4595 3568 4667 negligentio-

1977 4689 2064 4730 res
2091 4675 2351 4743 evadatis,
2386 4677 2535 4733 vobis
2565 4678 2942 4751 relinquimus,
2975 4692 3032 4737 ut
3058 4684 3386 4755 Scripturam
3413 4704 3566 4744 scru-

1977 4767 2198 4834 temini,
2231 4776 2285 4823 et
2329 4769 2613 4824 inveniatis
2655 4771 2869 4826 ubinam
2901 4776 3313 4842 pr0prietatibus
3339 4786 3393 4832 et
3432 4779 3568 4834 idio-

1979 4858 2207 4913 matibus
2234 4858 2600 4929 hujuscemodi
2641 4870 2834 4917 utatur.
2862 4862 2979 4919 Jam
3010 4873 3188 4920 autem
3225 4882 3403 4936 operae
3444 4886 3567 4939 pre-

1980 4950 2111 5004 tium
2144 4948 2331 5017 fuerit,
2377 4962 2436 5006 ut
2462 4952 2668 5007 dicatur
2695 4969 2853 5010 causa
2880 4971 3046 5027 quare
3075 4974 3179 5014 non
3210 4959 3428 5017 redierit
3456 4962 3571 5018 haec

1980 5040 2115 5096 avis.
2144 5040 2411 5102 Fortassis
2435 5044 2552 5099 avis
2578 5044 2688 5110 illa,
2715 5046 2790 5100 uti
2813 5056 2896 5102 est
2917 5048 3208 5115 immunda,
3236 5066 3359 5107 cum
3381 5053 3570 5110 desiis-

1981 5142 2103 5187 sent
2127 5147 2299 5203 aquae,
2323 5135 2510 5190 incidit
2531 5136 2582 5190 in
2605 5137 2865 5193 cadavera
2888 5137 3165 5196 hominum
3190 5150 3245 5198 et
3266 5144 3566 5215 brutorum,

1984 5222 2176 5292 quibus
2196 5264 2212 5290 ,
2250 5223 2469 5280 invento
2505 5226 2607 5281 sibi
2634 5230 2945 5299 congruenti
2975 5231 3097 5287 cibo
3118 5272 3135 5299 ,
3165 5233 3357 5291 insedit
3383 5253 3397 5291 :
3429 5240 3571 5309 quod

1984 5314 2146 5368 etiam
2178 5315 2350 5384 ipsum
2380 5330 2487 5371 non
2510 5331 2731 5387 parvum
2759 5319 2913 5375 bona:
2940 5322 3055 5392 spei
3080 5337 3449 5395 argumentum
3477 5330 3572 5388 fuit

1985 5404 2151 5474 justo.
2199 5405 2409 5476 Alioqui
2454 5408 2636 5475 enim,
2678 5410 2780 5465 nisi
2825 5413 3242 5473 consolationem
3286 5419 3574 5479 invenisset

1984 5496 2259 5566 aliquam,
2298 5511 2510 5554 reversa
2553 5501 2737 5571 utique
2772 5502 2975 5559 fuisset.
3002 5505 3178 5577 Atque
3217 5519 3275 5565 ut
3314 5510 3419 5568 hoc
3457 5530 3576 5571 esse

1986 5600 2176 5641 verum
2222 5588 2396 5656 scias,
2448 5601 2630 5660 postea
2673 5593 2850 5662 justus
2896 5596 3118 5654 meliore
3165 5614 3261 5671 spe
3298 5617 3576 5677 concepta,

1990 5678 2189 5733 emittit
2214 5678 2551 5750 columbam,
2580 5697 2730 5739 avem
2762 5687 2943 5742 mitem
2970 5698 3024 5744 et
3067 5689 3379 5751 familiarem
3405 5740 3420 5760 ,
3461 5715 3575 5766 qme

1997 5772 2183 5827 miram
2215 5787 2324 5843 prce
2353 5787 2415 5831 se
2446 5773 2548 5833 fert
2590 5781 3050 5838 mansuetudinem
3076 5825 3091 5850 ,
3135 5794 3189 5842 et
3214 5800 3331 5858 qua
3356 5781 3578 5842 nonnisi
