4078 6416
583 367 686 420 9.3-5

577 480 870 533 seminibus
900 479 1040 546 pasci
1070 477 1242 541 solita,
1267 492 1333 530 ex
1365 476 1510 545 puris
1530 484 1612 530 est
1637 473 1840 528 avibus.
1871 473 1923 526 8.
1947 470 2012 524 Et
2032 471 2155 525 emi-

577 572 672 637 sit,
703 571 902 639 inquit,
943 569 1224 623 columbam
1253 585 1283 621 a
1309 585 1394 633 se,
1435 577 1490 620 ut
1524 567 1746 630 videret,
1775 581 1895 618 num
1919 573 2158 618 cessasset

579 677 706 729 aqua
749 676 780 712 α
809 660 938 732 facie
978 667 1143 713 terrae.
1188 658 1242 714 9.
1271 658 1336 711 At
1369 657 1599 711 columba
1629 671 1727 708 non
1767 655 1962 707 inventa
1989 652 2160 719 requie

581 751 788 820 pedibus
817 751 942 817 suis,
971 751 1120 804 rediit
1150 752 1216 804 ad
1244 752 1410 820 ipsum
1439 750 1491 802 in
1517 764 1690 802 arcam
1709 787 1722 811 ,
1755 748 1871 817 quia
1898 763 2027 813 aqua
2053 753 2158 798 erat
2213 793 2225 804 ,

581 859 732 912 super
760 859 956 895 onmem
983 842 1162 913 faciem
1185 851 1351 895 terrm.
1373 841 1472 895 Par
1489 847 1590 905 est,
1609 847 1666 892 ut
1691 837 1775 890 ltic
1801 837 2157 906 disquiramus

578 933 848 1003 quomodo
874 948 996 986 cum
1023 949 1181 1004 supra
1211 933 1404 987 dixerit
1443 931 1714 999 Scriptura
1755 938 1934 982 sancta
1955 969 1968 990 ,
2000 942 2159 981 cacu-

579 1024 718 1077 mina
763 1025 1022 1078 montium
1073 1025 1235 1078 fuisse
1272 1024 1416 1087 visa,
1461 1037 1600 1076 nunc
1641 1021 1790 1088 dicit,
1833 1019 2154 1082 columbam,

578 1128 682 1165 non
710 1116 924 1167 inventa
953 1113 1154 1183 requie,
1187 1113 1250 1166 ad
1283 1114 1453 1181 ipsum
1480 1111 1535 1168 in
1561 1125 1737 1165 arcam
1766 1109 2008 1177 rediisse,
2036 1110 2158 1180 quia

575 1218 712 1273 aqua
739 1213 856 1258 erat
875 1220 1035 1275 super
1053 1219 1264 1259 omnem
1288 1204 1473 1258 faciem
1505 1211 1681 1258 terrai.
1712 1203 1999 1272 Diligenter
2019 1202 2160 1271 lcga-

577 1308 695 1346 mus
723 1294 848 1362 quid
875 1295 943 1348 sit
983 1295 1199 1358 dictum,
1249 1303 1303 1348 et
1345 1295 1576 1348 sciemus
1603 1309 1839 1348 causam.
1872 1292 1986 1347 Non
2015 1294 2157 1346 enim

575 1384 885 1451 simpliciter
916 1385 1082 1452 dixit,
1126 1383 1250 1438 Non
1288 1386 1489 1438 inventa
1525 1386 1726 1454 requie,
1767 1384 1860 1438 sed
1891 1383 2154 1452 apposuit,

577 1473 795 1528 Pedibus
836 1473 971 1540 suis,
1017 1485 1074 1529 ut
1116 1476 1307 1530 doceat
1353 1491 1488 1541 nos,
1535 1475 1742 1530 tametsi
1786 1475 2057 1530 desierant
2092 1489 2158 1528 ex

575 1577 722 1634 parte
748 1567 918 1634 aliqua
959 1583 1131 1636 aqua‘,
1177 1576 1231 1620 ct
1275 1567 1548 1620 cacumina
1593 1565 1850 1620 montium
1893 1580 2157 1635 apparue-

574 1667 729 1723 rant,
771 1658 943 1712 adhuc
977 1669 1152 1712 tamen
1182 1658 1251 1711 ob
1285 1658 1664 1711 abundantiam
1709 1671 1964 1726 aquarum
1996 1657 2156 1711 etiam

577 1747 834 1800 montium
861 1749 1138 1800 cacumina
1168 1747 1295 1801 limo
1323 1748 1477 1816 plena
1506 1747 1689 1801 fuisse.
1722 1747 1786 1799 Et
1813 1746 1930 1800 ideo
1955 1747 2158 1799 Culum-

575 1837 636 1891 ba
668 1836 900 1890 nondum
935 1845 1117 1904 stare,
1166 1852 1341 1907 neque
1385 1837 1790 1892 convenientem
1835 1837 1935 1890 sibi
1981 1837 2155 1891 cibum

574 1929 811 1982 invenire
841 1929 1024 1982 valens
1046 1971 1060 1995 ,
1103 1944 1314 1984 reversa
1344 1939 1460 1992 est,
1503 1931 1674 1983 reditu
1710 1943 1806 1982 suo
1847 1929 2046 1983 docens
2069 1930 2155 1997 ju-

571 2030 714 2072 stum
735 2059 751 2085 ,
784 2033 902 2074 esse
929 2019 1104 2074 adhuc
1142 2035 1385 2089 magnam
1425 2034 1681 2088 aquarum
1718 2019 1944 2088 c0piam.
1978 2017 2044 2070 Et
2070 2035 2157 2072 ea:-

578 2119 713 2164 tenta
735 2151 750 2176 ,
781 2109 948 2178 inquit
971 2149 983 2173 ,
1016 2126 1166 2162 manu
1193 2113 1383 2176 accepit
1413 2110 1555 2162 illam
1574 2149 1588 2172 ,
1624 2119 1670 2162 et
1705 2109 1986 2162 introduxit
2015 2108 2156 2161 illaut

569 2203 636 2254 ad
661 2219 712 2256 se
741 2202 791 2254 in
820 2217 1013 2254 arcam.
1041 2201 1231 2256 Vidisti
1259 2211 1451 2270 quanta
1476 2201 1589 2254 avis
1619 2199 1995 2266 mansuetudo,
2025 2215 2157 2268 quo-

569 2292 728 2347 modo
757 2292 974 2347 rediens
1010 2293 1212 2360 justum
1250 2293 1466 2357 docuit,
1495 2299 1553 2345 ut
1575 2291 1958 2361 aliquantisper
1983 2289 2156 2344 adhuc

571 2382 1025 2452 louganimitatcm
1053 2381 1373 2438 exhiberet?
1417 2381 1576 2448 Ideo,
1613 2381 1702 2435 l0.
1754 2379 1822 2434 Et
1858 2397 1975 2434 eum
2003 2383 2154 2435 susti-

570 2473 779 2537 nuisset,
811 2472 1002 2541 inquit,
1031 2470 1195 2525 adhuc
1220 2480 1410 2538 septem
1437 2471 1574 2536 dies,
1603 2470 1764 2525 emisit
1789 2471 2072 2524 columbam
2097 2487 2158 2524 ea:

570 2581 709 2616 arca.
739 2565 825 2616 11.
854 2562 919 2616 Ει
940 2577 1138 2616 reversa
1157 2571 1228 2615 est
1254 2561 1321 2614 ad
1344 2563 1508 2632 ipsunt
1535 2560 1766 2614 columba
1789 2563 1857 2614 ad
1879 2577 2154 2630 uesperam,

571 2666 616 2708 et
648 2655 820 2708 habuit
846 2654 1026 2726 folium
1055 2653 1200 2707 oliva:
1227 2653 1484 2707 surculum
1513 2653 1566 2705 in
1601 2668 1686 2705 ore
1713 2668 1826 2706 suo.
1876 2651 1992 2706 Non
2031 2652 2155 2706 abs-

570 2763 674 2817 que
713 2749 953 2814 ratione,
989 2762 1160 2817 neque
1204 2755 1406 2801 temere
1449 2745 1688 2814 adjunxit
1711 2785 1724 2808 ,
1756 2743 1838 2798 Ad
1865 2759 2156 2812 vesperam:

567 2839 663 2894 sed
697 2850 753 2894 ut
791 2838 1059 2893 discamus
1079 2879 1092 2901 ,
1125 2853 1243 2893 eam
1273 2845 1378 2891 tota
1409 2837 1497 2891 die
1526 2844 1727 2904 pastam
1760 2834 1957 2898 fuisse,
1988 2843 2042 2889 et
2071 2837 2155 2888 iu-

570 2938 728 2984 vento
754 2929 853 2984 sibi
881 2927 1219 2984 convenienti
1247 2927 1388 2993 cibo,
1421 2926 1487 2981 ad
1519 2941 1795 2996 vesperam
1827 2924 2071 2986 rediisse.
2101 2925 2153 2978 in

566 3037 661 3077 ore
705 3021 962 3077 ferentem
1009 3019 1282 3074 surculum
1322 3018 1498 3071 olivaz.
1550 3017 1678 3071 Tale
1721 3016 1918 3088 quippe
1959 3016 2153 3070 animal

566 3124 649 3167 est
678 3113 827 3178 mite,
858 3122 913 3166 et
959 3123 1139 3166 nostra
1183 3110 1536 3164 familiaritate
1562 3109 1836 3180 gaudens;
1876 3117 1930 3162 et
1956 3109 2154 3162 idcirco

571 3204 763 3270 rediit,
793 3211 849 3257 et
874 3204 1026 3256 oliva:
1057 3203 1270 3257 surculo
1299 3201 1523 3256 multum
1555 3200 1728 3254 solatii
1772 3200 1918 3269 justo
1956 3199 2148 3254 attulit.

567 3297 672 3350 Sed
694 3296 885 3350 dixerit
916 3295 1140 3349 fortasse
1163 3294 1387 3363 aliquis:
1415 3293 1481 3348 Et
1505 3294 1720 3347 ubinam
1746 3293 1948 3347 invenit
1973 3291 2152 3346 folium

564 3386 759 3440 nlivze?
791 3384 980 3439 Totum
1017 3384 1118 3439 hoc
1158 3383 1352 3438 factum
1394 3392 1476 3438 est
1514 3383 1915 3452 dispensatione
1953 3383 2149 3447 divina,

493 3465 496 3468 ’
560 3490 614 3534 ‹,-ι
645 3475 783 3544 quod
815 3475 1057 3528 columba
1106 3475 1404 3540 invenerit,
1435 3483 1489 3529 et
1516 3473 1657 3544 quod
1685 3488 1781 3528 ore
1810 3474 2072 3544 receperit
2102 3485 2151 3528 et

565 3568 629 3619 ad
653 3568 854 3636 justum
882 3582 1097 3620 reversa
1130 3567 1200 3620 sit
1229 3583 1241 3621 :
1275 3567 1508 3636 alioquin
1539 3575 1592 3621 ct
1617 3567 1776 3621 arbor
1804 3567 1918 3621 haec
1943 3581 2156 3636 semper

570 3657 746 3710 virens
771 3664 874 3721 est,
906 3656 1304 3724 verisimileque
1329 3666 1432 3720 est,
1467 3665 1743 3726 postquam
1772 3671 1923 3726 aqua:
1950 3673 2156 3726 regres-

566 3761 640 3800 εω
668 3753 822 3807 sunt,
859 3745 1102 3798 arborem
1131 3744 1267 3798 hanc
1301 3745 1474 3799 adhuc
1503 3744 1752 3800 habuisse
1783 3745 2029 3800 foliorum
2061 3761 2152 3800 c0-

571 3852 730 3889 tnam.
764 3835 848 3891 12.
876 3835 943 3890 Et
970 3846 1023 3889 ut
1049 3837 1374 3906 exspectavit,
1406 3835 1595 3905 inquit,
1626 3837 1792 3889 adhuc
1817 3847 2004 3906 septem
2027 3838 2154 3891 alios

566 3930 692 3993 dies,
724 3928 889 3981 emisit
909 3927 1192 3981 columbum
1221 3968 1236 3992 ,
1265 3937 1310 3981 et
1338 3945 1436 3981 non
1467 3928 1650 3998 adjecit
1681 3938 1734 3981 ut
1763 3929 1831 3982 ad
1859 3929 2005 3983 illunt
2033 3930 2151 3983 red-

567 4022 674 4072 iret.
711 4018 842 4074 Vide
865 4018 1133 4088 quomodo
1164 4019 1335 4086 iustus
1363 4019 1415 4072 in
1447 4020 1695 4074 omnibus
1728 4021 2150 4077 consolationem

568 4111 812 4164 idoneam
859 4110 1102 4179 accipiat.
1135 4109 1268 4164 Nam
1313 4119 1370 4163 ut
1413 4109 1551 4164 bona
1595 4124 1691 4180 spe
1735 4120 2004 4166 recreatus
2046 4123 2149 4179 est,

566 4217 688 4255 cum
733 4202 961 4264 rediret,
1004 4209 1058 4254 et
1099 4201 1252 4254 oliva:
1299 4200 1480 4254 folium
1534 4201 1587 4254 in
1631 4216 1724 4256 ore
1771 4202 1975 4257 ferret:
2007 4203 2154 4258 itaet

570 4306 712 4346 nunc
739 4307 859 4345 cum
887 4305 1100 4360 egressa
1133 4307 1237 4345 non
1267 4290 1435 4357 redit,
1467 4293 1752 4346 maximum
1786 4294 1858 4346 illi
1900 4293 2150 4351 indicium

570 4383 686 4446 fuit,
727 4397 844 4434 eam
887 4379 1235 4434 sufficientem
1285 4381 1552 4434 invenisse
1594 4381 2058 4449 refocillationem,
2098 4395 2154 4440 et

569 4484 730 4538 aquas
760 4470 809 4522 in
839 4470 1144 4522 universum
1173 4470 1416 4524 desiisse.
1451 4471 1515 4524 Et
1541 4473 1642 4526 boc
1671 4472 1738 4526 ita
1767 4488 1906 4538 esse,
1937 4475 2060 4529 audi
2086 4491 2151 4530 ex

571 4561 931 4630 sequentibus.
966 4562 1053 4616 15.
1086 4558 1149 4614 Et
1177 4561 1365 4629 factum
1393 4572 1494 4625 est,
1528 4562 1724 4632 inquit,
1752 4565 1805 4616 in
1837 4580 1934 4617 uno
1959 4573 2008 4618 et
2033 4583 2151 4620 sea:-

567 4654 834 4707 centesimo
859 4670 994 4706 anno
1021 4655 1136 4707 vita:
1171 4652 1284 4707 Noe
1302 4696 1318 4719 ,
1348 4655 1508 4722 printo
1548 4671 1715 4709 mense
1750 4657 1931 4726 defecit
1958 4673 2093 4727 aqua
2120 4675 2152 4712 α

569 4745 698 4814 facie
739 4754 884 4798 terra:
935 4743 998 4798 Et
1030 4745 1226 4815 aperuit
1256 4743 1368 4798 Noe
1399 4754 1580 4798 tectum
1605 4762 1738 4801 arcte
1771 4747 1902 4817 quod
1942 4753 2145 4819 fecerat,

566 4851 612 4892 et
637 4839 761 4892 vidit
785 4839 918 4908 quod
944 4839 1122 4910 defecit
1151 4855 1283 4905 aqua
1307 4854 1337 4890 a
1365 4840 1495 4910 fucie
1520 4848 1682 4893 terra}.

636 4933 690 4986 5.
731 4930 926 4985 lterum
956 4930 1039 4984 bie
1069 4946 1152 4984 tne
1179 4938 1364 5000 stupor
1391 4930 1608 4996 invadit,
1628 4939 1684 4984 ut
1709 4931 1958 4986 admirari
1991 4947 2150 5002 cogar

559 5022 687 5092 justi
729 5021 884 5091 bnjus
909 5021 1190 5087 virtutem,
1238 5032 1292 5076 ct
1334 5021 1424 5075 Dei
1464 5023 1823 5077 clcu'ientiam.
1870 5023 2149 5090 Quomodo

563 5115 727 5179 enim,
772 5127 971 5182 quaeso,
1003 5123 1122 5183 post
1168 5121 1369 5166 tantum
1417 5123 1643 5183 tempus,
1691 5124 1748 5168 ut
1773 5130 1829 5168 se
1859 5116 1968 5170 aeri
1997 5132 2146 5170 com-

567 5207 729 5272 misit,
777 5215 828 5260 et
853 5205 1038 5260 oculos
1061 5205 1126 5260 ad
1155 5208 1340 5260 Carlutn
1371 5207 1715 5277 spectandum
1748 5208 1992 5274 intendit,
2039 5215 2143 5264 nbn

566 5307 752 5364 raptus
779 5307 861 5350 est
888 5297 1056 5351 oculis
1081 5306 1136 5352 et
1161 5299 1499 5352 exczecatus?
1525 5298 1696 5352 Probe
1722 5313 1949 5368 namque
1975 5302 2142 5366 scitis,

569 5385 666 5439 hoc
697 5387 1004 5455 contingere
1033 5386 1334 5442 hominibus
1363 5387 1564 5452 solere,
1607 5391 1764 5443 etiam
1815 5391 1879 5444 ad
1929 5405 2144 5460 parvam

567 5478 669 5532 diei
715 5490 916 5546 partem
963 5479 1014 5531 in
1057 5480 1355 5534 tenebrosis
1384 5481 1792 5550 ealiginosisquc
1819 5480 1947 5536 locis
1978 5497 2141 5550 agcn-
2188 5507 2204 5515 -

568 5568 723 5633 tibus,
771 5585 890 5622 cum
921 5570 1096 5624 subito
1137 5571 1186 5625 in
1225 5571 1357 5626 lucis
1385 5570 1642 5642 fulgorem
1670 5572 1910 5641 aspicere
1936 5573 2138 5626 volunt.

562 5657 742 5712 Justus
768 5667 945 5711 autent
994 5660 1084 5714 ille
1122 5676 1262 5715 anno
1308 5662 1534 5732 integro,
1571 5673 1623 5716 et
1655 5670 1732 5716 tot
1773 5662 2043 5717 mensibus
2087 5663 2138 5717 in

567 5763 693 5805 area
715 5793 729 5819 ,
776 5749 926 5821 quasi
974 5750 1026 5805 in
1060 5751 1291 5807 tenebris
1318 5767 1502 5824 agens,
1550 5755 1710 5808 etiam
1745 5769 1884 5810 nunc
1919 5762 2140 5825 repente

1288 365 1340 419 S.
1384 361 1662 419 JO.\NN|S
1698 356 2175 415 CHRYSOSTOMI
2215 355 2533 411 ARCIIIEP.
2575 353 3110 412 CONSTANTINOP.
3714 363 3804 416 εδδ

2267 470 2378 524 viso
2419 470 2550 523 lucis
2581 469 2790 538 jubare,
2843 470 2974 524 nihil
3025 470 3127 526 tale
3157 478 3406 540 expertus
3441 481 3538 526 est.
3566 474 3652 528 Dei
3689 479 3800 531 cuitu

2260 559 2430 628 gratia
2479 568 2615 624 erat,
2665 568 2720 613 et
2766 559 3014 628 patientia
3067 559 3136 614 ab
3178 573 3244 614 eo
3284 559 3360 613 illi
3400 575 3664 628 concessa,
3708 578 3804 633 qua:

2261 653 2420 706 etiam
2469 651 2710 720 corporis
2760 665 2949 706 sensus
2999 649 3264 705 ﬁrmiores
3317 651 3626 717 reddiderat,
3655 662 3702 706 et
3726 669 3802 722 po-

2264 741 2518 795 tentiores
2557 755 2716 808 quam
2763 740 2852 810 qui
2897 740 3262 809 corporalibus
3299 741 3684 796 necessitatibus
3717 744 3804 798 viu-

2260 845 2526 886 ccreutur.
2572 833 2660 886 14.
2709 829 2774 884 In
2818 847 2987 885 mense
3028 839 3197 884 autem
3238 831 3456 885 secundo
3506 836 3710 902 arefacta
3749 845 3808 888 est

2263 933 2416 990 terra,
2447 925 2677 977 vicesimo
2704 933 2750 977 et
2776 925 2988 993 septimo
3012 924 3096 976 die
3120 925 3322 978 mensis.
3363 924 3477 978 Non
3517 925 3701 995 absque
3737 943 3802 981 ra-

2264 1014 2406 1068 tione
2456 1023 2652 1067 tantam
2691 1013 3019 1082 diligentiam
3065 1012 3284 1067 adhibet
3328 1012 3501 1067 divina
3541 1013 3807 1083 Scriptum,

2261 1105 2353 1159 scd
2395 1114 2449 1159 nt
2490 1105 2758 1159 discamus
2806 1120 2973 1174 usque
3015 1103 3082 1159 ad
3127 1105 3356 1174 primum
3385 1105 3524 1160 diem
3553 1108 3667 1160 anni
3695 1108 3808 1161 illius

2261 1198 2774 1252 consummationem
2807 1197 3026 1251 dilatam
3067 1196 3258 1262 fuisse,
3313 1212 3420 1268 quo
3461 1210 3810 1254 monstraretur

2256 1287 2385 1357 justi
2416 1289 2686 1357 patientia,
2715 1298 2769 1342 et
2799 1288 2961 1343 totius
2990 1289 3138 1344 orbis
3166 1289 3411 1358 purgatio
3447 1289 3612 1346 fieret.
3645 1292 3810 1346 Deinde

2263 1389 2540 1450 postquam
2595 1380 2745 1450 quasi
2799 1395 2830 1434 a
2876 1380 3036 1435 sorde
3074 1379 3300 1450 quadam
3343 1381 3519 1435 abluta
3559 1392 3635 1437 est
3668 1385 3810 1438 omnis

2260 1479 2523 1536 creatura,
2559 1481 2606 1526 et
2641 1471 2882 1541 deposuit
2911 1487 3122 1526 omnem
3157 1472 3440 1540 maculam,
3471 1490 3620 1544 quam
3646 1492 3701 1530 ex
3729 1475 3804 1529 llll-

2261 1577 2416 1614 mana
2445 1570 2785 1616 contraxerat
2811 1563 3029 1627 malitia,
3061 1562 3332 1635 faciesque
3371 1565 3420 1619 ei
3463 1581 3586 1634 pura
3630 1566 3803 1620 reddita

2259 1663 2340 1708 est
2387 1671 2399 1706 :
2449 1662 2574 1708 tunc
2610 1654 2838 1724 denique
2871 1655 3101 1724 przecipit
3131 1666 3188 1708 ut
3212 1655 3387 1723 justus
3417 1671 3481 1710 ex
3512 1670 3625 1710 arca
3663 1668 3808 1720 exeat,

2268 1747 2506 1816 liberque
2532 1761 2559 1799 a
2590 1748 2736 1816 gravi
2768 1747 2856 1801 illo
2886 1761 3102 1802 carcere
3126 1747 3248 1811 fiat,
3279 1756 3334 1801 et
3359 1747 3528 1816 inquit
3555 1763 3568 1800 :
3599 1747 3678 1803 15.
3695 1747 3809 1801 Dixit

2260 1837 2508 1892 Dominus
2548 1837 2684 1893 Deus
2722 1837 2791 1891 ad
2821 1837 2936 1892 Noe
2967 1853 2986 1892 :
3010 1837 3097 1894 16.
3125 1837 3378 1908 Egredere
3404 1847 3479 1904 tu,
3504 1849 3550 1892 et
3577 1855 3692 1892 uxor
3713 1849 3808 1899 tua,

2259 1940 2305 1983 et
2333 1930 2428 1998 ﬁlii
2453 1931 2544 1992 tui,
2595 1939 2642 1984 et
2686 1947 2866 1985 uxores
2913 1931 3138 2000 ﬁliorum
3179 1938 3382 1984 tuorum
3414 1939 3572 1984 tecum
3613 1946 3630 1984 :
3672 1931 3747 1985 l7.
3774 1939 3810 1985 et

2259 2036 2430 2074 omnes
2456 2020 2625 2074 bestia:
2666 2037 2988 2091 quwcuntque
3029 2029 3143 2074 sunt
3169 2030 3352 2085 tecum,
3387 2031 3434 2075 et
3461 2022 3618 2075 omnis
3653 2037 3756 2074 caro
3785 2037 3810 2074 a

2259 2110 2545 2164 volatilibus
2572 2127 2728 2180 usque
2746 2111 2814 2163 ad
2845 2127 3047 2179 pecora,
3075 2120 3120 2164 et
3167 2127 3314 2165 omne
3355 2113 3534 2181 reptile
3570 2114 3692 2182 quod
3720 2129 3808 2166 mo-

2259 2211 2400 2252 uetur
2425 2217 2576 2270 super
2603 2211 2787 2254 terram
2813 2200 2940 2254 educ
2968 2210 3128 2254 tecum
3150 2241 3164 2265 ,
3206 2210 3253 2254 et
3295 2203 3502 2255 crescite
3526 2211 3570 2255 et
3597 2201 3807 2271 multipli-

2259 2291 2444 2344 camini
2485 2307 2640 2362 super
2683 2301 2888 2344 terram.
2951 2291 3204 2360 Expende
3247 2291 3334 2346 bic
3377 2292 3474 2347 Dei
3523 2292 3807 2357 bonitatem,

2259 2381 2528 2450 quomodo
2550 2397 2643 2451 per
2669 2381 2846 2436 omnia
2869 2382 3074 2452 justum
3100 2382 3426 2438 consolatur.
3457 2382 3587 2438 Nam
3606 2384 3713 2454 quia
3732 2383 3810 2436 int-

2262 2471 2463 2540 peravit
2493 2471 2590 2536 illi,
2632 2483 2692 2527 ut
2730 2473 2900 2528 exiret
2931 2487 2996 2528 ex
3041 2487 3163 2527 arca
3211 2473 3348 2543 ipse,
3386 2483 3446 2530 et
3471 2488 3618 2540 uxor,
3642 2482 3691 2529 et
3715 2472 3807 2539 lilii,

2260 2572 2314 2618 et
2349 2578 2542 2618 uxores
2585 2563 2834 2628 ﬁliorum,
2880 2572 2936 2619 et
2979 2563 3165 2620 bestia:
3195 2579 3384 2620 omnes
3414 2582 3431 2620 :
3459 2575 3516 2620 ut
3544 2581 3607 2620 ne
3630 2574 3676 2620 et
3696 2564 3808 2619 istud

2262 2652 2436 2723 ipsum
2485 2667 2772 2708 nia-rorem
2799 2653 3032 2724 aliquem
3060 2655 3109 2708 ei
3137 2653 3372 2719 afferret,
3421 2664 3477 2711 et
3517 2655 3714 2710 anxium
3736 2669 3809 2708 re-

2259 2744 2526 2813 linqueret
2553 2745 2876 2813 cogitantem
2906 2745 3174 2814 quomodo
3200 2746 3254 2800 in
3284 2746 3571 2802 solitudine
3593 2755 3719 2800 esset
3741 2744 3810 2799 iu-

2259 2843 2430 2900 turus,
2471 2843 2672 2889 tantam
2720 2843 2877 2891 terra:
2932 2834 3264 2891 latitudinem
3311 2839 3464 2893 solus
3514 2837 3808 2901 inhabitans,

2259 2926 2405 2979 nullo
2437 2925 2548 2994 jam
2590 2925 2696 2979 alio
2724 2925 2941 2980 vivente
2974 2943 2989 2980 :
3021 2926 3142 2982 ideo
3168 2935 3454 2997 postquam
3485 2928 3612 2983 dixit
3637 2945 3650 2981 :
3676 2927 3811 2996 Egre-

2257 3016 2385 3071 dere
2429 3031 2494 3070 ex
2538 3030 2684 3080 arca,
2717 3023 2772 3070 et
2813 3015 2947 3071 educ
2975 3016 3155 3071 omnia
3181 3026 3377 3084 tecum,
3407 3019 3554 3074 addit
3585 3036 3598 3073 :
3625 3018 3807 3072 Crescite

2257 3119 2303 3162 et
2331 3109 2737 3179 multiplicamini
2763 3126 2918 3178 super
2947 3111 3154 3164 terram.

2331 3198 2446 3253 Noe
2487 3202 2782 3271 fermentum
2825 3199 3021 3252 mundi.
3072 3229 3144 3240 —
3193 3199 3326 3256 Vide
3369 3201 3635 3270 quomodo
3666 3200 3811 3270 justus

2259 3291 2345 3346 ille
2387 3290 2565 3345 denuo
2603 3306 2894 3360 supernam
2947 3291 3142 3360 accipit
3185 3291 3632 3358 benedicﬁonem,
3681 3305 3810 3361 quam

2257 3395 2382 3439 ante
2432 3384 2912 3453 transgressionem
2961 3393 3241 3453 acceperat
3283 3384 3480 3441 Adam.
3525 3385 3647 3440 Nam
3701 3383 3812 3436 sicut

2257 3475 2469 3545 quando
2524 3476 2610 3530 ille
2654 3475 2915 3530 formatus
2961 3485 3065 3542 est,
3119 3476 3322 3529 audivit
3359 3461 3479 3529 z'Et
3506 3474 3734 3530 benediait
3753 3472 3812 3525 eis

2261 3566 2419 3633 Dens,
2453 3567 2622 3621 dicens
2657 3582 2676 3622 :
2715 3566 2934 3622 Crescite
2980 3575 3024 3620 et
3062 3566 3495 3637 multiplicamini,
3542 3577 3586 3620 et
3619 3565 3809 3619 domina-

2260 3661 2384 3714 mini
2426 3669 2573 3714 terra!
2619 3659 2772 3729 (Gen.
2806 3661 2856 3714 1.
2890 3657 2984 3730 28)
3022 3678 3034 3713 :
3069 3660 3141 3713 ita
3183 3668 3238 3714 et
3281 3659 3408 3715 huic
3441 3675 3578 3714 nunc
3611 3659 3811 3714 dicitur:

2260 3752 2473 3805 Crescite
2512 3762 2556 3805 et
2598 3751 3002 3820 multiplicamini
3049 3767 3202 3821 super
3245 3761 3452 3805 terram.
3481 3751 3676 3820 Quippe
3701 3747 3814 3802 sient

2260 3847 2346 3900 ille
2394 3846 2542 3915 origo
2589 3854 2643 3900 et
2693 3843 2841 3900 radix
2889 3843 2984 3898 fuit
3025 3844 3269 3899 omnium
3302 3844 3391 3914 qui
3424 3847 3530 3898 nati
3561 3851 3676 3898 sunt
3713 3847 3814 3894 ante

2257 3936 2509 3990 diluvium
2557 3951 2570 3990 :
2615 3936 2684 3988 ita
2723 3946 2774 3988 et
2814 3935 2989 4004 justus
3027 3935 3114 3988 hic
3160 3934 3487 3988 fermentum
3536 3930 3809 4003 quoddam.

2257 4029 2425 4096 origo,
2455 4036 2509 4082 et
2539 4026 2690 4081 radix
2713 4036 2794 4081 est
2823 4025 3060 4081 omnium
3097 4027 3186 4096 qui
3217 4035 3334 4094 post
3369 4025 3621 4079 diluvium
3651 4021 3812 4076 fuere:

2257 4128 2312 4171 ct
2349 4117 2473 4170 hinc
2518 4126 2696 4186 postea
2763 4116 3011 4170 lnnnanre
3085 4117 3485 4170 constitution's
3532 4113 3810 4184 principium

2257 4206 2452 4260 factum
2514 4215 2616 4260 est.
2675 4206 2929 4260 Creatura
2979 4219 3191 4275 quoque
3229 4205 3407 4260 omnis
3451 4218 3602 4259 suum
3643 4196 3814 4268 accepit

2256 4306 2524 4360 ornatum,
2553 4304 2694 4350 terra
2724 4296 2790 4349 ad
2829 4286 3081 4350 ferendos
3121 4295 3323 4350 fructus
3350 4294 3545 4350 idonea
3574 4293 3703 4348 facta
3729 4297 3810 4350 est,

2256 4389 2468 4458 aliaque
2497 4388 2675 4442 omnia
2705 4404 2824 4457 quze
2849 4396 3068 4458 propter
3089 4387 3322 4442 hominis
3342 4387 3690 4443 ministerium
3715 4389 3816 4438 sunt

2255 4481 2490 4534 condita.
2519 4479 2606 4534 l8.
2635 4479 2700 4533 Et
2729 4496 2956 4550 egressus
2982 4491 3054 4534 est
3085 4480 3217 4546 Noe,
3243 4480 3433 4550 inquit,
3454 4490 3502 4535 et
3529 4495 3652 4535 uxor
3676 4477 3811 4534 illius.

2256 4580 2301 4624 et
2328 4571 2424 4638 filii
2443 4571 2601 4635 illius,
2644 4579 2690 4624 et
2733 4587 2914 4624 uxores
2945 4571 3168 4640 ﬁliorum
3210 4570 3350 4624 illius
3385 4587 3502 4625 cum
3532 4585 3623 4635 eo;
3666 4567 3744 4623 l9.
3776 4573 3814 4618 et

2260 4677 2432 4715 onmes
2480 4661 2681 4727 bestiae,
2731 4670 2777 4714 et
2831 4661 3261 4730 omnia-pecora,
3319 4671 3366 4714 et
3419 4678 3564 4716 omne
3617 4657 3814 4718 uolatile,

2254 4761 2300 4804 et
2340 4767 2484 4804 omne
2513 4751 2688 4820 reptile
2715 4750 2847 4820 quod
2880 4759 3102 4805 movetur
3132 4767 3284 4820 super
3304 4759 3490 4804 terram
3506 4751 3658 4821 juxta
3683 4758 3814 4820 genus

2255 4859 2405 4897 suunt
2447 4843 2674 4896 exierunt
2703 4858 2766 4896 ea:
2793 4859 2933 4896 arca.
2993 4843 3278 4912 Postquam
3309 4845 3510 4913 accepit
3537 4839 3813 4897 mandatum

2254 4949 2282 4987 a
2341 4934 2564 4988 Domino
2614 4944 2668 4988 et
2718 4933 3144 4988 benedictionem
3183 4934 3482 4998 dicentem,
3518 4932 3730 4989 Crescite
3773 4935 3812 4982 et

2254 5025 2694 5094 multiplicamini,
2761 5025 2892 5078 exiit
2937 5039 3002 5079 ex
3058 5039 3181 5078 arca
3225 5039 3346 5079 cum
3399 5025 3518 5078 aliis
3570 5021 3812 5077 omnibus.

2255 5114 2324 5168 Et
2373 5114 2595 5184 posthac
2647 5117 2698 5168 in
2748 5124 2854 5169 tota
2880 5124 3048 5207 .terra
3096 5116 3243 5169 solus
3281 5115 3492 5170 vivebat
3534 5114 3704 5182 justus
3743 5109 3816 5162 ille

2253 5221 2375 5262 cum
2429 5221 2616 5274 uxore,
2668 5216 2720 5262 et
2767 5205 2907 5276 filiis,
2953 5218 3006 5262 et
3045 5207 3298 5262 uxoribus
3342 5208 3571 5262 illorum.
3605 5205 3715 5259 Mox
3739 5217 3817 5255 au-

2253 5310 2359 5356 tem
2409 5309 2464 5354 ut
2504 5315 2750 5370 egressus
2793 5310 2896 5363 est,
2948 5315 3103 5354 suum
3152 5299 3428 5354 declarans
3476 5307 3680 5369 gratum
3713 5292 3812 5348 ani-

2254 5405 2396 5444 mum
2427 5431 2442 5455 ,
2495 5399 2600 5443 tam
2655 5406 2750 5460 pro
2790 5391 2854 5444 iis
2885 5406 3005 5459 qua:
3052 5390 3451 5459 praeterieram.
3503 5405 3660 5460 quam
3711 5398 3812 5453 qua

2251 5478 2423 5534 futura
2472 5489 2644 5544 erant,
2682 5482 2881 5550 gratias
2911 5482 3136 5535 Domino
3183 5481 3392 5550 agebat.
3426 5479 3619 5534 Verum
3649 5477 3690 5531 si
3712 5476 3812 5545 pla-

2249 5581 2355 5636 cet,
2399 5587 2466 5626 ne
2514 5585 2691 5626 sermo
2736 5572 2803 5624 sit
2844 5571 3070 5640 longior,
3122 5584 3454 5625 reservemus
3486 5571 3542 5622 in
3571 5569 3705 5622 diem
3733 5581 3813 5631 po-

2249 5672 2452 5717 sterum
2508 5677 2628 5732 quae
2683 5662 2748 5716 ad
2803 5674 3010 5731 gratum
3065 5662 3195 5730 justi
3249 5661 3482 5715 animqu
3529 5658 3812 5729 pertinent,

2254 5755 2471 5811 missum
2533 5753 2618 5809 llic
2668 5755 2921 5810 facientes
2977 5769 3278 5809 sermonem
3335 5772 3347 5807 :
3396 5763 3449 5809 ct
3493 5751 3812 5806 obsecrantes
