4078 6422
222 435 336 499 εδδ

223 561 333 616 ὠν
360 561 474 633 γὰρ
503 560 759 635 καθαρῶν
780 563 1060 634 τυγχάνειν.
1097 564 1209 617 Καὶ
1241 565 1565 621 ἀπέστειλε
1594 567 1710 635 τὴν
1742 582 1904 636 περι-

220 650 487 716 στερὰν,
529 650 662 720 φησί
683 689 701 716 ,
735 650 872 718 παρ’
925 651 1113 705 αὐτοῦ
1138 690 1154 715 ,
1191 650 1374 718 ἰδεῖν,
1413 654 1467 706 εἰ
1513 654 1810 707 κεκόπακε
1841 653 1907 707 τὸ

221 735 388 803 ὕδωρ
426 736 547 790 ἀπὸ
594 735 922 804 προσώπου
970 735 1081 805 τῆς
1108 735 1238 808 γῆς.
1272 740 1383 793 Kal
1425 739 1513 809 μὴ
1567 741 1834 809 εὑροῦσα
1869 741 1907 810 ἠ

220 822 551 890 περιστερὰ
576 822 929 877 ἀνάπαυσιν
955 823 1079 889 τοῖς
1109 825 1296 878 ποσὶν
1324 822 1536 894 αὐτῆς,
1565 820 1911 895 ὑπέστρεψε

220 909 381 977 πρὸς
402 911 593 963 αὐτὸν
618 912 706 976 είς
734 909 848 978 τὴν
878 910 1148 978 κιϐωτὸν,
1182 911 1273 965 ὅτι
1296 912 1453 981 ὕδωρ
1481 909 1562 984 ἦν
1580 914 1676 968 ἐπὶ
1702 910 1826 969 πᾶν
1845 913 1911 967 τό

222 1000 559 1065 πρόσωπον
603 996 714 1067 τῆς
768 999 899 1069 γῆς.
961 998 1147 1065 Ἀξιον
1165 1000 1401 1055 ἐνταῦθα
1456 1002 1910 1074 διερευνήσασθαι

221 1087 348 1149 πῶς
377 1087 634 1157 ἀνωτέρω
657 1087 887 1141 εἰποῦσα
911 1089 943 1159 ἡ
965 1087 1099 1155 ἁγία
1122 1088 1336 1161 Γραφὴ,
1364 1090 1522 1144 ὅτιαί
1545 1090 1780 1160 κεφαλαὶ
1802 1089 1911 1143 τῶν

218 1173 401 1245 ὀρέων
446 1172 741 1246 ὤφθησαν,
786 1175 882 1228 νῦν
929 1193 1126 1248 φησιν,
1157 1176 1239 1230 ὅτι
1273 1178 1372 1249 οὐχ
1401 1177 1639 1249 εὑροῦσα
1669 1179 1704 1248 ἡ
1749 1195 1909 1249 περι-

223 1265 399 1337 στερά
423 1265 732 1321 ἀνάπαυσιν
760 1267 1069 1339 ὑπέστρεψε
1086 1267 1223 1339 πρὸς
1247 1267 1410 1322 αὐτὸν
1433 1269 1514 1332 εἰς
1533 1267 1631 1339 τὴν
1651 1268 1907 1333 κιϐωτὸν,

219 1354 396 1408 ὅτιτὸ
429 1354 574 1426 ὕδωρ
620 1351 689 1427 ἦν
728 1355 821 1409 ἐπὶ
868 1358 978 1410 πᾶν
1015 1357 1077 1410 τὸ
1122 1357 1413 1428 πρόσωπον
1450 1357 1549 1429 τῆς
1596 1357 1717 1426 γῆς.
1753 1356 1909 1410 Μετὰ

220 1442 515 1513 ἀκριϐείας
558 1442 883 1513 άναγνῶμεν
918 1444 978 1497 τὸ
1020 1445 1343 1516 εἰρημένον,
1387 1446 1483 1498 καί
1520 1444 1779 1515 εἰσόμεθα
1810 1444 1911 1516 τὴν

219 1529 431 1584 αἰτίαν.
457 1529 531 1583 Οὐ
566 1529 676 1603 γάρ
698 1525 853 1585 εἶπεν
877 1530 1082 1597 ἁπλῶς,
1103 1533 1223 1602 οὐχ
1249 1533 1516 1601 εὑροῦσα
1535 1532 1905 1599 ἀνάπαυσιν,

218 1616 388 1683 ἀλλὰ,
421 1617 550 1684 Τοῖς
583 1618 770 1672 ποσὶν
797 1616 1008 1687 αὐτῆς,
1032 1619 1396 1691 προσέθηκεν,
1422 1621 1507 1674 ἵνα
1528 1619 1716 1693 διδάξῃ
1738 1621 1907 1691 ἡμᾶς,

218 1704 308 1756 δτι
341 1706 392 1757 εἰ
443 1704 538 1758 καὶ
577 1704 770 1776 ἔληξεν
801 1708 868 1760 ἐκ
903 1707 1105 1777 μέρους
1148 1707 1220 1761 τὰ
1257 1707 1424 1761 ὕδατα
1470 1708 1568 1761 καὶ
1592 1711 1648 1763 αἱ
1675 1707 1911 1778 κεφαλαὶ

219 1792 336 1844 τῶν
370 1793 543 1862 ὀρέων
578 1791 865 1865 ὤφθησαν,
904 1794 1019 1847 ἀλλ’
1059 1795 1140 1848 ἔτι
1165 1794 1274 1848 ἀπὸ
1297 1796 1396 1866 τῆς
1442 1795 1763 1867 πλησμονῆς
1800 1795 1909 1850 τῶν

223 1877 438 1931 ὑδάτων
479 1879 575 1931 καί
599 1879 764 1933 αὐταὶ
804 1879 914 1934 τῶν
952 1882 1125 1951 ὀρέων
1162 1884 1220 1937 αἱ
1266 1881 1499 1952 κεφαλαί
1529 1881 1906 1954 βορϐορώδεις,

219 1962 257 2033 ἦ
310 1963 691 2036 τελματώδους
745 1966 891 2031 ἰλύος
932 1963 1074 2038 ἦσαν
1136 1969 1589 2042 πεπληρωμέναι.
1646 1970 1740 2023 Διὸ
1786 1970 1909 2024 οὐδὲ

222 2051 422 2122 στῆναί
444 2070 547 2106 που
585 2053 853 2124 ἰσχύσασα
884 2058 917 2125 ἡ
953 2057 1254 2129 περιστερά
1273 2097 1289 2122 ,
1320 2057 1442 2110 οὐδὲ
1467 2057 1673 2129 τροφὴν
1707 2058 1909 2113 κατάλ-

218 2136 387 2208 ληλον
418 2141 600 2211 εὑρεῖν
636 2140 946 2214 δυναμένη,
986 2144 1330 2215 ὑπέστρεψε,
1377 2143 1468 2198 διὰ
1506 2146 1605 2214 τῆς
1647 2146 1907 2199 ἐπανόδου

217 2226 555 2284 διδάσκουσα
581 2231 674 2284 τὸν
708 2231 936 2298 δίκαιον,
966 2233 1042 2297 ὡς
1070 2232 1153 2286 ἔτι
1186 2232 1355 2305 πολλὴ
1382 2233 1492 2286 τῶν
1523 2234 1735 2287 ὑδάτων
1761 2237 1908 2289 ἐστὶν

220 2316 258 2385 ἡ
286 2318 450 2388 φορά.
474 2318 584 2371 Καὶ
603 2313 898 2385 ἐκτείνας,
928 2321 1082 2391 φησί,
1108 2321 1224 2390 τὴν
1251 2321 1421 2391 χεῖρα
1439 2321 1659 2375 ἐλαϐεν
1688 2323 1906 2391 αὐτὴν,

218 2405 326 2456 καὶ
359 2402 685 2474 εισήγαγεν
707 2406 902 2475 αὐτὴν
930 2408 1080 2475 πρὸς
1103 2408 1311 2464 ἑαυτὸν
1367 2411 1451 2475 εἰς
1479 2408 1595 2477 τὴν
1634 2413 1898 2465 κιϐωτόν.

220 2486 383 2554 Εἶδες
426 2492 567 2562 πόση
605 2492 701 2546 τοῦ
745 2493 934 2566 ὀρνέου
990 2497 1022 2567 ἠ
1070 2496 1481 2569 εὐγνωμοσύνη,
1525 2497 1642 2560 πῶς
1680 2499 1907 2551 ἐπανελ-

219 2576 396 2631 θοῦσα
417 2579 506 2634 διὰ
534 2580 636 2650 τῆς
675 2583 973 2653 παρουσίας
1016 2583 1265 2638 ἐδίδασκε
1303 2584 1395 2637 τὸν
1422 2584 1630 2638 δίκαιον
1661 2584 1743 2638 ἔτι
1782 2586 1905 2639 τινὰ

218 2662 379 2737 [95οἸ
433 2667 637 2739 μικρὰν
687 2669 1072 2741 μακροθυμίαν
1134 2671 1471 2738 ἐνδείξασθαι
1506 2684 1569 2736 ﬂ;
1626 2672 1737 2736 Διὸ,
1793 2674 1903 2727 Kal

212 2751 513 2821 ἐπισχὼν,
555 2756 741 2834 φησὶν,
781 2758 869 2812 ἔτι
915 2757 1068 2833 ἑπτὰ
1099 2758 1328 2827 ἡμέρας
1371 2758 1764 2825 ἐξαπέστειλε
1790 2760 1907 2830 τὴν

214 2844 583 2911 περιστερὰν
602 2844 671 2899 ἐκ
698 2844 805 2915 τῆς
828 2847 1098 2902 κιϐωτοῦ.
1128 2846 1237 2902 Καὶ
1261 2847 1599 2917 ἀνέστρεψε
1619 2849 1769 2918 πρὸς
1801 2852 1906 2904 αὑ-

213 2930 328 2984 τὸν
368 2932 407 3000 ἠ
448 2937 768 3005 περιστερὰ
814 2936 965 3006 πρὸς
1021 2935 1307 3006 ἑσπέραν,
1344 2937 1443 2991 καί
1491 2934 1617 3007 εἶχε
1662 2940 1906 3006 φύλλον

212 3017 431 3086 ἐλαίας
453 3019 684 3090 κάρφος
716 3023 788 3076 ὲν
826 3023 907 3090 τῷ
939 3025 1190 3093 στόματι
1217 3025 1425 3095 αὐτῆς.
1462 3026 1573 3097 Οὐχ
1605 3027 1791 3091 ἁπλῶς
1819 3029 1905 3080 ἐν·

212 3106 398 3161 ταῦθα
416 3109 538 3163 οὐδὲ
568 3111 691 3182 εἰκῇ
723 3113 901 3165 κεῖται
931 3113 1012 3179 τὸ,
1042 3112 1196 3182 Πρὸς
1218 3114 1508 3183 ἑσπέραν,
1539 3113 1655 3168 ἀλλ’
1684 3115 1772 3168 ἵνα
1800 3117 1904 3185 μά-

216 3193 409 3266 θωμεν
436 3197 518 3251 ὅτι
550 3196 640 3251 διὰ
674 3198 856 3270 πάσης
885 3200 984 3271 τῆς
1016 3201 1230 3271 ἡμέρας
1261 3201 1643 3273 διατραφεῖσα,
1695 3204 1789 3257 καί
1813 3204 1902 3256 εὑ-

210 3283 394 3352 ροῦσά
445 3301 568 3338 τινα
631 3286 965 3358 κατάλληλον
1023 3288 1254 3349 δίαιταν.
1309 3289 1453 3343 κατὰ
1505 3291 1604 3361 τὴν
1663 3292 1906 3363 ἑσπέραν

210 3368 519 3439 ἐπανῆλθεν
552 3372 644 3424 ἐπὶ
691 3371 787 3425 τοῦ
840 3374 1106 3444 στόματος
1157 3375 1395 3446 φέρουσα
1444 3376 1655 3447 κάρφος
1695 3378 1900 3443 ἐλαίας.

210 3455 475 3511 Τοιοῦτον
518 3458 633 3530 γὰρ
663 3459 723 3513 τὸ
754 3459 915 3526 ζῶον,
960 3462 1188 3532 ἥμερον,
1220 3464 1314 3516 καὶ
1353 3464 1441 3516 ἀεὶ
1483 3465 1584 3535 τὴν
1617 3463 1904 3535 συνήθειαν

208 3542 514 3615 ὲπιζητοῦν
537 3562 551 3576 ο
580 3546 674 3601 διά
718 3565 803 3601 τοι
849 3548 1007 3602 τοῦτο
1055 3552 1150 3603 καὶ
1184 3550 1512 3623 ὑπέστρεψε,
1547 3552 1640 3605 καὶ
1689 3552 1777 3606 διὰ
1807 3554 1902 3608 τοῦ

210 3633 464 3704 κάρφους
492 3637 591 3706 τῆς
612 3635 796 3699 ἐλαίας
844 3636 1050 3708 πολλὴν
1081 3638 1436 3710 παραμυθίαν
1468 3640 1695 3711 ἐκόμισε
1722 3640 1801 3711 τῷ
1826 3642 1904 3695 δι-

210 3720 378 3793 καίφ.
418 3720 559 3775 Ἀλλ’
588 3723 717 3787 ἴσως
739 3724 801 3779 ἄν
834 3743 915 3788 τις
938 3724 1113 3779 εἴποι⁹
1142 3727 1236 3780 καί
1262 3727 1423 3780 πόθεν
1456 3723 1583 3800 εὗρε
1617 3729 1677 3781 τὺ
1705 3729 1902 3798 φύλλον

206 3809 315 3879 τῆς
344 3807 571 3877 ἐλαίας;
605 3811 680 3864 Τὸ
719 3811 819 3882 μὲν
849 3814 958 3867 πᾶν
1001 3814 1210 3879 ἐγίνετο
1256 3814 1357 3884 τῆς
1400 3815 1494 3869 τοῦ
1520 3815 1656 3869 Θεοῦ
1689 3818 1903 3886 ,οἰκονο-

210 3896 371 3967 μίας,
400 3899 495 3951 καί⁷
515 3898 576 3951 τὺ
600 3899 917 3970 εὑρεθῆναι,
950 3902 1044 3955 καὶ
1066 3901 1127 3954 τὸ
1152 3902 1250 3972 τὴν
1272 3903 1601 3974 περιστερὰν
1630 3904 1903 3960 λαϐοῦσαν

206 3986 307 4037 ἐπὶ
338 3984 435 4038 τοῦ
474 3986 742 4058 στόματος
785 3988 1105 4043 ἐπανελθεῖν
1150 3990 1311 4043 πάλιν
1357 3991 1489 4062 πρὸς
1520 3992 1611 4045 τὸν
1650 3993 1858 4048 δίκαιον
1883 4013 1897 4027 ο

205 4071 392 4136 ἄλλως
418 4073 477 4126 δὲ
505 4075 601 4127 καί
646 4075 708 4127 τὸ
735 4074 950 4146 δένδρον
995 4075 1244 4138 ἀειθαλὲς
1277 4077 1414 4142 ἐστι,
1447 4078 1543 4131 καὶ
1591 4080 1756 4144 εἰκὸς,
1791 4082 1900 4135 τῶν

207 4161 426 4214 ὑδάτων
451 4161 954 4232 ὑπονοστησάντων,
988 4165 1067 4217 ἔτι
1097 4164 1157 4216 τὸ
1180 4163 1395 4233 δένδρον
1423 4166 1521 4235 τὴν
1552 4165 1658 4219 τῶν
1688 4166 1899 4235 φύλλων

202 4249 355 4319 ἔχειν
401 4249 597 4321 κόμην.
639 4248 754 4304 Καὶ
792 4250 1083 4321 ἐπισχὼν,
1139 4251 1323 4321 φησὶν,
1360 4252 1446 4305 ἔτι
1477 4252 1628 4306 ἑπτὰ
1674 4255 1900 4324 ἡμέρας

201 4336 422 4404 ἑτέρας
462 4336 854 4400 ἐξαπέστειλε
910 4337 1022 4405 τὴν
1068 4336 1455 4406 περιστερὰν,
1499 4339 1596 4393 καί
1637 4343 1710 4394 οὐ
1757 4357 1899 4411 προ-

200 4424 379 4479 έθετο
402 4424 511 4478 τοῦ
539 4425 901 4494 ἐπιστρέψαι
929 4424 1079 4493 πρὸς
1111 4425 1298 4479 αὑτὸν
1324 4425 1430 4480 ἐτι.
1463 4426 1607 4496 Ὅρα
1645 4427 1732 4480 διὰ
1764 4429 1898 4483 πάν-

200 4530 319 4567 των
342 4513 434 4567 τὸν
457 4513 664 4566 δίκαιον
696 4514 886 4585 ἱκανὴν
916 4513 1269 4585 παραμυθίαν
1292 4512 1657 4584 λαμϐάνοντα.
1684 4517 1895 4590 ’Ὠσπερ

200 4603 321 4672 γὰρ
351 4600 754 4671 ἐπανελθούσης
792 4601 980 4672 αὐτῆς,
1024 4602 1118 4655 καὶ
1148 4602 1242 4654 ἐπὶ
1274 4602 1367 4656 τοῦ
1400 4603 1668 4672 στόματος
1700 4605 1896 4675 φερού-

202 4706 313 4760 σης
343 4687 406 4741 τὸ
450 4688 647 4758 φύλλον
676 4689 778 4758 τῆς
807 4688 1010 4752 ἐλαίας,
1057 4690 1300 4760 χρηστὰς
1345 4685 1456 4760 εἶχε
1505 4691 1606 4755 τὰς
1647 4692 1890 4760 ἐλπίδας,

196 4778 352 4832 οὓτω
378 4779 472 4832 καὶ
488 4777 583 4833 νῦν
597 4778 658 4832 τὸ
684 4778 1005 4843 ἐξελθοῦσαν
1030 4779 1104 4850 μὴ
1130 4779 1469 4851 ὑποστρέψαι
1489 4781 1672 4846 πάλιν,
1694 4782 1892 4854 δεῖγμα

200 4860 469 4931 μέγιστον
500 4861 650 4932 αὐτῷ
679 4864 908 4932 παρεῖχε
935 4862 1030 4916 τοῦ
1058 4863 1257 4933 πολλὴν
1282 4864 1451 4934 αὐτὴν
1474 4865 1764 4936 εὑρηκέναι
1793 4869 1892 4940 τὴν

196 4950 414 5013 ἄνεσιν,
449 4951 544 5002 καὶ
579 4948 731 5020 λῆξιν
772 4950 1098 5022 γεγενῆσθαι
1122 4951 1230 5005 τῶν
1260 4951 1466 5005 ὑδάτων
1493 4954 1751 5026 παντελῆ.
1781 4958 1891 5011 Kal

194 5038 289 5091 ὅτι
313 5035 470 5089 τοῦτό
501 5038 648 5092 ἐστιν
676 5037 896 5107 ἀληθὲς,
923 5039 1152 5092 ἄκουσον
1181 5039 1287 5093 τῶν
1313 5037 1458 5111 ἑξῆς.
1490 5042 1600 5095 Kal
1626 5044 1885 5112 ἐγένετο,

194 5123 365 5193 φησί,
400 5123 481 5189 τῷ
522 5125 614 5179 ἐνὶ
656 5124 755 5179 καὶ
785 5125 1196 5193 ἐξακοσιοστῷ
1243 5128 1362 5182 ἔτει
1402 5129 1474 5199 ἐν
1518 5129 1598 5198 τῇ
1639 5129 1750 5201 ζωῇ
1780 5135 1887 5190 τοῦ

193 5209 356 5275 Νῶε,
380 5210 488 5266 τοῦ
517 5209 752 5279 πρώτου
774 5210 993 5280 μηνὸς,
1023 5213 1265 5276 ἐξέλιπε
1290 5214 1354 5267 τὸ
1380 5214 1536 5284 ὕδωρ
1565 5217 1683 5271 ἀπὸ
1705 5235 1891 5287 προσ-

192 5298 371 5350 ώπου
391 5295 505 5365 τῆς
526 5296 662 5366 τῆς.
691 5298 804 5351 Kal
846 5298 1205 5369 ἀπεκάλυψε
1223 5300 1352 5355 Νῶε
1378 5302 1493 5371 τὴν
1532 5304 1758 5375 στέγην
1779 5308 1890 5377 τῆς

192 5383 478 5450 κιϐωτοῦ,
509 5383 591 5452 ἢν
618 5385 892 5453 ἐποίησε,
926 5386 1028 5441 καὶ
1059 5383 1219 5441 εἶδεν
1247 5387 1336 5443 ὅτι
1358 5388 1602 5455 ἐξέλιπε
1638 5391 1704 5445 τὸ
1731 5393 1888 5463 ὕδωρ

191 5467 323 5524 ἀπὸ
354 5467 680 5535 προσώπου
706 5467 816 5538 τῆς
854 5468 979 5540 τῆς.

270 5561 337 5609 ε’.
369 5554 537 5609 Πάλιν
566 5555 799 5611 ἐνταῦθα
830 5557 1009 5611 ἔπεισί
1048 5575 1140 5629 μοι
1171 5558 1470 5631 θαυμάζειν
1506 5563 1600 5616 καὶ
1642 5564 1884 5635 ἐκπλήτ-

195 5643 393 5698 τεσθαι
440 5641 656 5696 καὶτοῦ
705 5645 914 5699 δικαίου
948 5646 1047 5717 τὴν
1074 5648 1296 5719 ἀρετὴν,
1332 5651 1424 5702 καὶ
1469 5650 1563 5704 τοῦ
1609 5651 1743 5706 Θεοῦ
1788 5656 1886 5723 τὴν

191 5730 638 5802 φιλανθρωπίαν.
695 5731 823 5796 Πῶς
886 5732 1016 5805 γὰρ,
1081 5736 1205 5789 εἰπέ
1264 5754 1376 5807 μοι,
1436 5739 1576 5809 μετὰ
1634 5742 1885 5796 τοσοῦτον

192 5818 394 5891 χρόνον
446 5817 773 5891 προσϐαλὼν
802 5820 883 5890 τῷ
936 5822 1080 5895 ἀέρι,
1127 5825 1351 5887 καὶτὰς
1403 5825 1555 5895 ὄψεις
1598 5827 1883 5893 ἀνατείνας

196 5905 425 5986 εἰξῗτὴν
475 5905 569 5959 τοῦ
621 5908 852 5977 οὐρανοῦ
884 5908 1012 5962 θέαν
1052 5911 1152 5963 οὐκ
1199 5912 1561 5983 ἀπετυφλώθη
1613 5916 1709 5968 καὶ
1741 5918 1879 5986 ἐπη-

198 5984 350 6055 ρώθη
385 5987 482 6050 τὰς
522 5986 707 6056 ὄψεις
753 5990 895 6041 Ἰστε
948 5990 1076 6060 γὰρ,
1112 5993 1246 6059 ἴστε,
1302 5993 1383 6046 ὅτι
1442 5993 1676 6063 μάλιστα
1725 5984 1881 6050 τοῦτο

265 6072 293 6101 δ
314 6071 412 6121 Alii
435 6073 769 6124 ἐπιδείξασθαι.

614 6153 884 6215 Ρλτιιοι.
933 6157 1047 6217 Gn.
1099 6156 1252 6220 ΗΠ.

1401 448 1469 506 ΙΝ
1501 448 1657 509 CAP.
1698 448 1811 506 Vlll
1849 447 2096 508 GENES.
2140 453 2370 511 UOMIL.
2416 454 2604 512 XXVI;

3586 452 3693 513 2:6

2018 569 2251 642 πάσχειν
2281 572 2402 637 ἔθος
2438 577 2553 637 τοῖς
2582 571 2891 643 ἀνθρώποις
2919 569 2970 636 δ,
3010 571 3114 625 κᾶν
3154 568 3289 644 πρὸς
3329 581 3502 643 βραχὺ
3535 574 3699 646 μέρος

2016 656 2117 726 τῆς
2164 657 2380 729 ἡμέρας
2441 660 2500 711 ἐν
2546 658 2838 718 σκοτεινοῖς
2888 655 3075 718 τόποις
3125 655 3218 708 καὶ
3276 652 3698 728 ζοφωδεστέροις

2015 739 2296 807 διάγοντες
2326 739 2463 810 πρὸς
2505 738 2602 810 τὴν
2640 738 2735 792 τοῦ
2770 737 2947 808 φωτὸς
2999 737 3194 809 ἀθρόον
3227 738 3401 807 αὐγὴν
3451 740 3696 796 ἀτενίσαι

2020 823 2375 895 βουληθῶσιν.
2421 823 2560 876 Ἀλλ’
2598 824 2628 876 ό
2654 823 2862 886 δίκαιος
2894 816 3047 885 οὗτος
3073 824 3130 875 ἐν
3154 822 3391 894 ἐνιαυτῷ
3415 822 3696 896 ὁλοκλήρῳ

2016 908 2112 960 καί
2145 909 2204 960 ἐν
2232 906 2509 970 τοσούτοις
2556 906 2713 978 μησὶ,
2762 906 3014 976 καθάπερ
3054 906 3112 958 ἐν
3154 907 3350 978 σκότῳ,
3389 907 3592 976 διάγων
3634 911 3697 962 ἐν

2017 992 2082 1062 τῇ
2124 989 2366 1061 κιϐωτῷ,
2398 991 2495 1043 καὶ
2535 991 2630 1043 νῦν
2658 990 2853 1062 ἀθρόον
2894 989 3035 1060 πρὸς
3070 990 3170 1059 τὴν
3196 989 3291 1043 τοῦ
3320 990 3496 1059 φωτὸς
3518 991 3695 1061 αὐγὴν

2017 1071 2239 1135 ἐπιδὼν,
2265 1072 2418 1126 οὐδὲν
2438 1073 2675 1127 τοιοῦτον
2711 1073 2970 1143 ἔπασχεν.
3018 1072 3085 1125 Ἦ
3114 1071 3224 1144 γὰρ
3250 1072 3342 1126 τοῦ
3373 1072 3508 1126 Θεοῦ
3534 1076 3696 1146 χάρις

2018 1150 2087 1226 ἦν
2129 1157 2267 1227 μετά
2306 1156 2407 1226 τῆς
2438 1155 2878 1227 παρασχεθείσης
2906 1154 3056 1225 αὐτῷ
3089 1156 3387 1225 ὑπομονῆς,
3415 1156 3450 1226 ἡ
3482 1157 3576 1209 καὶ
3599 1158 3696 1211 τοῦ

2020 1239 2277 1309 σώματος
2326 1241 2424 1303 τὰς
2479 1239 2761 1310 αἰσθήσεις
2815 1237 3043 1309 ἰσχυράς
3091 1237 3555 1309 ἀπεργαζομένη,
3602 1244 3698 1294 καὶ

2016 1322 2296 1394 ἀνωτέρας
2314 1322 2423 1376 τῶν
2447 1321 2775 1392 σωματικῶν
2800 1320 3053 1389 ἀναγκῶν
3077 1320 3282 1384 ταύτας
3315 1320 3564 1376 ποιοῦσα.
3599 1322 3699 1374 Ἐν

2016 1405 2085 1458 δὲ
2116 1404 2197 1471 τῷ
2219 1406 2474 1474 δευτέρῳ
2489 1405 2636 1475 μηνὶ
2658 1403 2958 1474 ἐξηράνθη
2994 1404 3029 1471 ἡ
3063 1402 3161 1473 τῆ,
3189 1402 3408 1473 ἐϐδόμῃ
3465 1404 3565 1458 καὶ
3611 1407 3697 1458 εἰσ

2017 1487 2153 1542 κάδι
2186 1488 2294 1543 τοῦ
2329 1489 2543 1558 μηνός.
2579 1488 2692 1558 Οὐχ
2728 1487 2915 1551 ἁπλῶς
2952 1488 3050 1558 τὴν
3101 1486 3371 1556 τοσαύτην
3407 1487 3698 1558 ἀκρίϐειαν

2019 1573 2252 1624 ποιεῖται
2292 1573 2325 1641 ἡ
2360 1571 2482 1625 θεία
2524 1571 2738 1642 Γραφὴ,
2788 1570 2904 1625 ἀλλ’
2931 1570 3020 1624 ἵνα
3072 1569 3352 1641 μάθωμεν,
3400 1570 3483 1622 ὅτι
3531 1571 3696 1642 μέχρι

2020 1654 2148 1724 μιᾶς
2176 1654 2389 1726 ἡμέρας
2416 1654 2511 1707 τοῦ
2538 1652 2787 1708 ἐνιαυτοῦ
2809 1652 3022 1706 ἐκείνου
3043 1654 3078 1722 ἡ
3105 1651 3500 1722 συμπλήρωσις
3530 1652 3697 1720 γεγέ-

2016 1757 2197 1809 νηται,
2233 1739 2353 1794 καθ’
2378 1740 2436 1794 ὃν
2463 1738 2559 1793 τοῦ
2597 1739 2807 1794 δικαίου
2841 1737 3054 1809 ἐδείχθη
3089 1738 3123 1806 ἡ
3161 1737 3429 1808 ὑπομονὴ,
3458 1736 3553 1791 καὶ
3598 1738 3699 1807 τῆς

2015 1824 2340 1895 οἰκουμένης
2377 1825 2594 1895 ἁπάσης
2629 1824 2690 1878 τὸ
2711 1822 3009 1894 καθάρσιον
3051 1822 3291 1891 γέγονεν.
3334 1819 3467 1876 Εἶτα
3510 1821 3698 1891 ἐπειδὴ

2017 1908 2267 1981 καθάπερ
2289 1910 2412 1962 τινὰ
2429 1909 2599 1979 ῥύπον
2633 1907 2982 1961 ἀπεπλύνατο
3011 1909 3044 1977 ἡ
3072 1907 3247 1971 κτίσις
3264 1905 3475 1969 ἅπασα,
3501 1905 3697 1958 ἀποθεη

2018 1993 2156 2063 μένη
2171 1992 2270 2064 τὴν
2291 1994 2510 2047 ἅπασαν
2527 1992 2739 2063 κηλῖδα,
2767 1990 2917 2063 [251]
2936 1990 3001 2059 ἣν
3016 1992 3049 2060 ἡ
3066 1990 3173 2042 τῶν
3198 1987 3294 2042 ἀνθ
3301 1990 3500 2058 ρώπων
3530 1988 3698 2042 κακία

2015 2076 2072 2127 ἐν
2089 2077 2225 2146 αὐτῇ
2250 2074 2641 2137 κατεσκεύασε,
2667 2074 2761 2128 καὶ
2789 2074 3010 2144 φαιδρὸν
3032 2072 3208 2141 αὐτῆς
3232 2074 3425 2139 γέγονε
3447 2071 3508 2124 τὸ
3528 2073 3697 2137 πρόσ-

2014 2177 2183 2224 ωπον,
2211 2159 2331 2212 τότε
2345 2158 2530 2213 λοιπὸν
2556 2158 2885 2230 προστάττει
2913 2157 3003 2209 τὸν
3019 2156 3228 2209 δίκαιον
3250 2154 3489 2218 ἐξελθεῖν
3513 2157 3578 2207 ἐκ
3597 2156 3697 2224 τῆς

2016 2242 2274 2309 κιϐωτοῦ,
2309 2244 2403 2296 καὶ
2451 2242 2727 2312 ἐλευθεροῖ
2753 2240 2915 2294 αὑτὸν
2947 2238 3037 2294 τοῦ
3092 2238 3330 2310 χαλεποῦ
3362 2239 3573 2292 ἐκείνου
3605 2238 3692 2290 δε-

2016 2326 2352 2397 σμωτηρίου,
2380 2324 2474 2381 καί
2512 2343 2678 2396 φησιν
2699 2339 2714 2355 ·
2757 2319 2902 2378 Εἷπε
2934 2324 3147 2390 Κύριος
3171 2324 3204 2375 ὁ
3231 2321 3376 2387 Θεὸς
3414 2319 3495 2386 τῷ
3527 2319 3655 2375 Νῶε
3676 2338 3691 2351 '

2017 2408 2270 2472 Ἔξελθε
2304 2407 2409 2472 σὺ,
2440 2407 2537 2462 καὶ
2570 2410 2625 2460 ol
2650 2406 2770 2460 υἱοί
2794 2420 2934 2470 σου,
2966 2405 3065 2458 καί
3089 2406 3128 2473 ἡ
3158 2402 3310 2475 γυνή
3335 2421 3474 2467 σου,
3506 2403 3603 2457 καὶ
3638 2407 3696 2457 al
3749 2476 3755 2481 _

2012 2492 2294 2560 γυναῖκες
2324 2490 2444 2545 τῶν
2471 2490 2618 2544 υἱῶν
2646 2504 2764 2543 σου
2791 2488 2942 2559 μετὰ
2971 2488 3117 2542 σοῦ·
3152 2488 3252 2541 καὶ
3282 2485 3479 2542 πάντα
3500 2490 3571 2541 τὰ
3592 2490 3698 2553 θη-

2006 2577 2109 2643 ρία
2135 2575 2253 2629 ὅσα
2273 2576 2403 2629 ἐστὶ
2427 2574 2577 2644 μετὰ
2602 2574 2741 2639 σοῦ,
2770 2574 2867 2626 καί
2890 2571 3059 2627 πᾶσα
3082 2571 3241 2640 σὰρξ
3262 2571 3380 2626 ἀπὸ
3408 2568 3699 2625 πετεινῶν

2010 2658 2122 2729 ἕως
2152 2661 2409 2729 κτηνῶν,
2452 2660 2553 2715 καί
2593 2659 2718 2715 πᾶν
2755 2658 3008 2728 ἑρπετὸν
3051 2658 3413 2724 κινούμενον
3447 2656 3546 2710 ἐπὶ
3587 2656 3698 2723 τῆς

2012 2746 2130 2818 τῆς
2158 2746 2416 2817 ἐξάγαγε
2436 2745 2590 2814 μετὰ
2615 2742 2900 2807 σεαυτοῦ,
2925 2742 3024 2796 καὶ
3050 2741 3391 2805 αὑξάνεσθε
3420 2741 3519 2793 καὶ
3545 2746 3697 2807 πλη-

2011 2831 2267 2885 θύνεσθε
2292 2830 2391 2883 ἐπί
2413 2827 2524 2898 τῆς
2544 2827 2673 2898 γῆς.
2705 2827 2904 2880 Σκόπει
2927 2824 3062 2879 Θεοῦ
3096 2825 3428 2895 ἀγαθότητα,
3463 2825 3580 2889 πῶς
3606 2826 3690 2880 διὲι

2014 2916 2231 2970 πάντων
2278 2912 2687 2985 παραμυθεῖται
2728 2910 2821 2964 τὸν
2853 2911 3081 2965 δίκαιον.
3126 2909 3344 2980 Ἐπειδὴ
3379 2910 3487 2981 γὰρ
3525 2927 3695 2980 προσ.

2010 2998 2204 3062 έταξεν
2250 2997 2411 3051 αὐτὸν
2460 2996 2695 3062 ἐξελθεῖν
2724 2996 2787 3049 ἐκ
2816 2996 2917 3065 τῆς
2951 2992 3207 3059 κιϐωτοῦ,
3236 2992 3332 3046 καὶ
3369 2995 3495 3056 τοὺς
3520 2993 3691 3056 υἱοὺς,

2010 3083 2100 3136 καὶ
2128 3082 2227 3152 τὴν
2247 3083 2507 3151 γυναῖκα,
2531 3079 2627 3133 καὶ
2656 3078 2756 3141 τὰς
2786 3080 3052 3146 γυναῖκας
3081 3075 3188 3128 τῶν
3218 3074 3348 3128 υἱῶν
3382 3074 3574 3137 αὐτοῦ.
3600 3077 3694 3128 καὶ

2009 3165 2079 3220 τὰ
2106 3164 2271 3239 θηρία
2298 3166 2499 3228 πάντα,
2534 3163 2623 3218 ἵνα
2674 3163 2748 3234 μὴ
2805 3162 2899 3216 καὶ
2927 3161 3057 3216 αὐτὸ
3082 3160 3241 3214 τοῦτο
3287 3159 3448 3214 πάλιν
3494 3158 3694 3228 πολλὴν

2012 3249 2166 3320 αὐτῷ
2217 3249 2602 3321 κατασκεδάσῃ
2639 3247 2736 3318 τὴν
2767 3246 3030 3317 ἀθυμίαν,
3068 3246 3163 3299 xal
3207 3244 3499 3314 ἐναγώνιον
3530 3242 3693 3297 αὐτὸν

2010 3333 2328 3403 καταστήσῃ
2359 3330 2727 3402 λογιζόμενον,
2752 3329 2828 3392 ὼς
2847 3331 2905 3381 ἐν
2929 3330 3135 3399 ἐρημίᾳ
3157 3328 3332 3392 ἔσται,
3361 3330 3420 3381 ἐν
3452 3325 3692 3395 τοσούτῳ

2009 3415 2202 3468 πλάτει
2229 3416 2329 3485 τῆς
2365 3416 2470 3485 γῆς
2517 3415 2679 3484 μόνος
2716 3411 2905 3477 οἰκῶν,
2940 3411 3153 3473 οὐδενὸς
3184 3411 3334 3473 ὄντος
3364 3410 3551 3480 ἐτέρου
3576 3428 3589 3441 ο
3615 3410 3690 3461 εἰ-

2011 3498 2150 3562 πὼν,
2182 3497 2365 3563 ἔξελθε
2395 3499 2461 3552 ἐκ
2481 3497 2579 3568 τῆς
2621 3494 2883 3559 κιϐωτοῦ,
2911 3495 3005 3547 καὶ
3039 3494 3276 3562 ἐξάγαγε
3308 3492 3522 3545 ἅπαντα
3553 3493 3692 3562 μετὰ

2010 3581 2261 3645 σεαυτοῦ,
2293 3580 2620 3653 προσέθηκε,
2658 3577 2767 3633 Kal
2793 3576 3133 3642 αὑξάνεσθε
3162 3576 3261 3629 καί
3308 3576 3691 3644 πληθύνεσυε

2006 3666 2106 3718 ἐπὶ
2138 3663 2250 3734 τῆς
2276 3662 2410 3733 γῆς.

2081 3749 2227 3821 Ὅρα
2254 3748 2373 3813 πῶς
2395 3747 2556 3802 πάλιν
2580 3746 2785 3802 ἄνωθεν
2809 3748 2838 3800 δ
2867 3746 3074 3809 δίκαιος
3097 3739 3251 3807 οὗτος
3284 3745 3501 3813 ἐκείνην
3529 3744 3685 3814 δέχε-

2009 3851 2099 3887 ται
2128 3835 2225 3905 τὴν
2247 3832 2516 3901 εὐλογίαν,
2552 3832 2616 3901 ἥν
2655 3830 2763 3902 πρὸ
2791 3830 2890 3900 τῆς
2918 3828 3285 3900 παραϐάσεως
3306 3828 3336 3880 ό
3371 3827 3543 3896 Ἀδὰμ
3570 3826 3695 3879 ἐδέ-.

2009 3914 2154 3980 ξατο.
2187 3916 2400 3986 Ὥσπερ
2422 3915 2532 3985 γὰρ
2566 3915 2727 3984 ἡνίκα
2755 3915 2959 3975 ἐκεῖνος
2987 3910 3416 3982 ἐδημιουργήθη,
3446 3911 3645 3980 ῆκουσε
3668 3926 3683 3940 ο

2007 4000 2116 4053 Kal
2139 4001 2481 4069 εὐλόγησεν
2499 3997 2722 4063 αὐτοὺς
2739 3999 2771 4050 d
2799 3996 2943 4062 Θεὸς
2963 3994 3176 4065 λέγων,
3207 3993 3557 4057 Αῠξάνεσθε
3588 3994 3685 4046 καὶ

2006 4083 2410 4150 πληθύνεσθε,
2434 4081 2533 4133 καὶ
2566 4080 3078 4146 κατακυριεύσατε
3106 4076 3217 4145 τῆς
3250 4076 3364 4147 γῆς
3387 4093 3400 4107 ·
3426 4075 3569 4131 οὑτω
3590 4080 3687 4129 καὶ

2004 4160 2157 4227 οὗτος
2192 4162 2309 4226 νῦν,
2338 4162 2688 4226 Αὐξὰνεσθε
2731 4160 2829 4214 καί
2873 4160 3257 4228 πληθύνεσθε
3286 4158 3386 4212 ἐπὶ
3416 4157 3528 4226 τῆς
3545 4159 3680 4227 γῆς.

2006 4245 2219 4316 Ὥσπερ
2238 4244 2346 4315 γὰρ
2364 4246 2571 4307 ἐκεῖνος
2591 4243 2735 4315 ἁρχὴ
2759 4242 2854 4296 καὶ
2883 4242 3007 4313 ῥίζα
3026 4241 3215 4310 γέγονε
3234 4241 3451 4294 πάντων
3463 4242 3570 4293 τῶν
3588 4259 3682 4310 γε-

2003 4328 2239 4397 γονότων
2262 4327 2371 4399 πρὸ
2391 4327 2486 4380 τοῦ
2507 4325 2917 4395 κατακλυσμοῦ,
2943 4324 3086 4379 οὕτω
3117 4327 3210 4379 καί
3236 4328 3264 4378 ὁ
3289 4324 3497 4388 δίκαιος
3526 4319 3682 4390 οὗτος

2005 4410 2156 4480 ζύμη
2196 4427 2281 4474 τις
2324 4410 2419 4463 καὶ
2454 4410 2599 4481 ἀρχὴ
2636 4409 2731 4462 καὶ
2768 4408 2895 4480 ῥίζα
2918 4408 3127 4477 γίνεται
3160 4408 3376 4462 πάντων
3407 4407 3514 4461 τῶν
3543 4411 3684 4479 μετά

2003 4494 2093 4549 τὸν
2123 4492 2530 4564 κατακλυσμόν.
2558 4493 2670 4546 Kal
2712 4491 2966 4547 ἐντεῦθεν
3004 4490 3189 4545 λοιπὸν
3216 4490 3286 4544 τὰ
3309 4490 3411 4559 τῆς
3440 4489 3550 4543 τῶν
3583 4493 3679 4544 ἁν-

2002 4578 2237 4648 θρώπων
2259 4578 2570 4640 συστάσεως
2597 4576 2770 4648 ἀρχὴν
2789 4576 3077 4647 λαμϐάνει,
3106 4576 3201 4631 καί
3230 4578 3264 4647 ἡ
3288 4576 3462 4639 κτίσις
3492 4576 3678 4630 ἅπασα

1998 4659 2090 4717 τὸν
2127 4663 2324 4716 οἰκεῖον
2352 4660 2730 4731 ἀπολαμϐάνει
2753 4660 2979 4731 κόσμον,
3018 4661 3053 4731 ἥ
3094 4678 3153 4714 τε
3183 4659 3256 4729 γῆ
3297 4658 3436 4731 πρὸς
3469 4674 3676 4730 καρποε

2000 4745 2194 4816 φορίαν
2221 4743 2622 4814 διεγειρομένη,
2652 4746 2747 4797 καὶ
2775 4742 2843 4796 τὰ
2862 4743 2997 4798 ἄλλα
3020 4742 3197 4796 πάντα
3226 4743 3327 4795 ὅσα
3352 4741 3439 4793 διὰ
3460 4742 3560 4810 τὴν
3580 4740 3675 4792 τοῦ

1999 4828 2287 4901 ἀνθρώπου
2320 4827 2625 4898 ὑπηρεσίαν
2664 4826 3090 4897 ἐδημιουργήθη.
3123 4824 3232 4879 Kal
3266 4824 3488 4893 ἐξῆλθε
3521 4823 3670 4879 Νῶε.

1998 4912 2157 4984 φησί,
2203 4911 2301 4965 καί
2349 4911 2388 4978 ἡ
2437 4908 2591 4980 γυνὴ
2621 4909 2829 4974 αὐτοῦ,
2865 4910 2963 4963 καί
3010 4911 3064 4962 οι
3093 4908 3211 4962 υίοί
3240 4907 3446 4967 αὑτοῦ,
3489 4907 3585 4960 καὶ
3613 4910 3673 4959 αἱ

1995 4994 2277 5066 γυναῖκες
2309 4990 2426 5046 τῶν
2457 4992 2606 5046 υἱῶν
2632 4992 2819 5047 αὐτοῦ
2835 4995 2961 5062 μετ’
2992 4992 3178 5046 αὑτοῦ
3203 5008 3217 5022 ο
3255 4992 3351 5044 καὶ
3383 4988 3579 5043 πάντα
3603 4994 3673 5044 τὰ

1995 5079 2189 5145 θηρία,
2224 5075 2321 5128 καί
2353 5073 2552 5127 πάντα
2591 5073 2665 5127 τὰ
2702 5072 2916 5142 κτήνη,
2949 5074 3048 5127 καί
3091 5073 3216 5127 πᾶν
3242 5070 3536 5133 πετεινὸν,
3570 5073 3669 5123 καὶ

1994 5161 2119 5218 πᾶν
2144 5156 2395 5227 ἑρπετὸν
2421 5157 2778 5225 κινούμενον
2797 5157 2894 5210 ἐπὶ
2925 5156 3037 5224 τῆς
3064 5154 3179 5225 γῆς
3202 5155 3352 5208 κατὰ
3371 5152 3543 5223 γένος
3563 5157 3671 5207 αὑ-

1993 5246 2114 5299 τῶν
2133 5239 2399 5309 ἐξῆλθον
2422 5239 2493 5292 ἐκ
2532 5237 2645 5307 τῆς
2678 5238 2946 5293 κιϐωτοῦ.
2975 5237 3133 5294 Κατὰ
3161 5236 3222 5289 τὸ
3250 5235 3347 5289 τοῦ
3375 5236 3664 5298 Δεσπότου,

1997 5328 2153 5399 φησί,
2191 5325 2521 5396 πρόσταγμα
2552 5322 2843 5392 δεξάμενος
2870 5322 3239 5393 τὴνιεύλογίαν
3257 5321 3356 5392 τὴν
3380 5320 3668 5389 λέγουσαν.

1992 5406 2343 5473 Αὺεάνεσθε
2380 5405 2480 5458 καί
2528 5405 2929 5472 πληθύνεσθε,
2963 5403 3185 5471 ἐξῆλθεν
3219 5406 3283 5457 ἐκ
3308 5403 3405 5472 τῆς
3433 5401 3668 5454 κιϐωτοῦ

1996 5488 2136 5558 μετὰ
2159 5486 2268 5538 τῶν
2295 5484 2469 5539 ἄλλων
2495 5483 2770 5537 ἁπάντων.
2803 5483 2913 5536 Kal
2931 5479 3000 5554 ἦν
3023 5482 3208 5536 λοιπὸν
3236 5485 3295 5535 ἐν
3320 5482 3470 5553 πάσῃ
3498 5483 3565 5552 τῇ
3596 5485 3667 5550 γῇ

1992 5575 2021 5626 ό
2054 5572 2262 5633 δίκαιος
2311 5569 2472 5639 μόνος
2511 5567 2714 5636 διάγων
2760 5566 2900 5637 μετὰ
2950 5567 3048 5636 τῆς
3095 5567 3372 5635 γυνανκὸς,
3415 5570 3511 5621 καί
3560 5567 3668 5621 τῶν

1992 5655 2244 5715 παιδίων,
2276 5653 2370 5708 καὶ
2389 5651 2497 5705 τῶν
2523 5650 2729 5705 τούτων
2747 5649 3041 5719 γυναικῶν.
3065 5650 3174 5703 Καὶ
3202 5650 3405 5713 εὐθέως
3436 5650 3667 5715 ἐξελθὼν

1991 5736 2092 5808 τὴν
2130 5733 2337 5786 οἰκείαν
2386 5729 2808 5801 εὐγνωμοσύνην
2866 5728 3253 5791 ἐπιδείκνυται,
3293 5729 3389 5782 καὶ
3422 5729 3564 5797 ὑπέρ
3606 5744 3666 5783 τε

1989 5816 2099 5868 τῶν
2137 5809 2611 5885 παρεληλυθότων,
2653 5809 2794 5880 ὑπέρ
2825 5826 2885 5862 τε
2911 5809 3021 5861 τῶν
3054 5808 3356 5880 μελλόντων
3375 5809 3474 5872 τὰς
3498 5809 3660 5885 εὐχα-

1998 5883 2499 5968 ριστίαςτάναφέρει
2519 5890 2595 5961 τῷ
2617 5889 2811 5944 ἑαυτοῦ
2835 5891 3102 5961 Δεσπότῃ.
3147 5889 3287 5942 Ἀλλ’
3309 5890 3356 5941 εἰ
3383 5888 3550 5950 δοκεῖ,
3575 5883 3662 5967 ἵνα

1997 5977 2070 6048 μὴ
2103 5973 2312 6045 μακρὸν
2343 5972 2584 6043 ποιῶμεν
2612 5972 2702 6025 τὸν
2735 5969 2912 6040 λόγον,
2946 5973 3023 6034 εἰς
3062 5970 3158 6040 τὴν
3193 5969 3318 6037 ἑξῆς
3355 5979 3657 6038 ταμιευσω-

2049 6079 2077 6120 δ
2105 6082 2201 6133 Alii
2236 6082 2345 6139 τοὺς
2363 6082 2644 6141 ἀνθρώπους.

3123 6152 3195 6213 15
