4078 6426
402 392 508 445 257

390 517 532 589 μεθα
551 518 618 572 τὰ
646 520 784 572 κατά
806 517 902 590 τὴν
924 517 1340 592 εὐγνωμοσύνην
1359 522 1452 576 τοῦ
1479 523 1711 594 δικαίου,
1741 527 1905 599 μέχρι
1928 525 2051 580 τού-

388 621 479 658 του
504 606 802 675 στήσαντες
834 606 924 659 τὸν
953 605 1130 676 λόγον,
1158 610 1252 661 καὶ
1274 611 1752 680 παρακαλέσαντες
1775 613 1927 682 ὐμῶν
1954 613 2051 684 τὴν

386 689 607 762 ἀγάπην
639 692 901 762 διηνεκῶς
938 693 1127 746 τοῦτον
1156 695 1246 748 τὸν
1270 698 1536 767 μακάριον
1571 699 1628 750 ἐν
1665 699 1870 770 διανοίᾳ
1896 717 2054 770 περι-

385 777 658 848 στρέφειν,
696 779 789 833 xal
818 781 921 850 τῆς
952 781 1152 852 ἀρετῆς
1183 781 1346 836 αὐτοῦ
1376 785 1512 852 μετά
1538 784 1816 854 ἀκριϐείας
1840 786 1938 856 τὴν
1965 787 2052 839 εὐ-

386 865 624 936 μορφίαν
670 867 1128 938 καταμανθάνειν,
1171 870 1264 922 καὶ
1296 869 1540 939 ζηλωτὰς
1579 871 1743 924 αὐτοῦ
1784 871 2050 940 γίνεσθαι.

386 951 583 1004 Σκόπει
608 952 717 1024 γάρ
750 971 840 1024 μοι
865 954 1030 1018 πόσος
1066 954 1231 1007 αὐτοῦ
1270 955 1371 1024 τῆς
1406 957 1606 1028 ἀρετῆς
1630 958 1658 1010 ό
1687 957 1935 1019 πλοῦτος,
1974 959 2048 1012 ὅτι

387 1039 630 1110 σήμερον
659 1041 716 1093 ὲν
742 1041 1031 1104 τοσαύταις
1065 1041 1298 1113 ἡμέραις
1323 1042 1391 1094 τὰ
1431 1044 1553 1095 κατ’
1583 1043 1744 1096 αὐτὸν
1765 1044 2057 1115 διηγούμε-

389 1141 492 1188 νοι,
521 1126 736 1180 οὐδέπω
764 1128 858 1181 καὶ
879 1129 974 1182 νῦν
998 1128 1149 1191 τέλος
1175 1127 1324 1200 [252]
1363 1129 1631 1183 ἐπιθεῖναι
1662 1131 1959 1201 ἰσχύσαμεν
1985 1136 2052 1203 τῇ

387 1211 508 1264 κατ’
531 1213 695 1267 αὐτὸν
719 1214 992 1268 ὑποθέσει.
1017 1215 1124 1266 Καὶ
1158 1215 1210 1267 τί
1233 1214 1378 1283 λέγω
1397 1215 1550 1280 τέλος
1576 1216 1836 1271 ἐπιθεῖναι
1859 1235 1877 1284 ;
1913 1219 2054 1272 Ὅσα

386 1295 455 1350 ἀν
501 1298 768 1369 εἴπωμεν,
815 1301 874 1352 οὐ
909 1300 1182 1370 δυνάμεθα
1231 1301 1513 1370 ἐφικέσθαι
1540 1318 1554 1333 ·
1589 1303 1728 1357 ἀλλὰ
1766 1307 1870 1358 κᾶν
1895 1308 2055 1374 ἡμεῖς

386 1383 556 1436 πολλά
606 1384 922 1455 δυνηθῶμεν
953 1388 1148 1452 εἰπεῖν,
1195 1388 1302 1441 κᾶν
1329 1388 1380 1441 οί
1415 1389 1534 1458 μεθ’
1563 1392 1732 1460 ἡμᾶς,
1763 1392 1884 1444 οὐδὲ
1913 1392 2056 1444 οὑτω

385 1470 522 1540 πρὸς
546 1471 606 1524 τὸ
628 1473 776 1536 τέλος
797 1473 999 1542 φθάσαι
1019 1475 1362 1544 δυνησόμεθα
1377 1493 1394 1509 ο
1415 1476 1670 1530 τοσοῦτόν
1691 1479 1839 1531 ἐστιν
1861 1480 2052 1549 ἀρετή.

396 1557 520 1612 Ἐὰν
547 1559 656 1630 7&9
689 1559 1064 1632 βουληθῶμεν,
1114 1562 1334 1616 ἃπασαν
1374 1563 1534 1633 ἡμῶν
1574 1563 1672 1633 τὴν
1703 1565 1864 1631 φύσιν
1902 1561 2057 1628 οὗτος

385 1643 676 1698 παιδεῦσαι
701 1647 992 1718 δυνήσεται
1015 1659 1063 1712 ⁸,
1099 1649 1356 1722 καὶπρὸς
1388 1650 1477 1702 τὸν
1517 1650 1616 1720 τῆς
1655 1651 1852 1721 ἀρετῆς
1893 1651 2056 1721 ζῆλον

384 1728 696 1798 ἐναγαγεῖν.
733 1733 905 1786 Ὅταν
947 1734 1056 1804 γάρ
1107 1735 1203 1787 καὶ
1266 1737 1468 1806 μεταξύ
1497 1735 1766 1790 τοσούτων
1805 1739 2056 1809 πονηρῶν

385 1815 864 1889 ἀναστρεφόμενος
884 1813 1038 1884 οὗτος
1064 1822 1092 1874 ό
1114 1821 1337 1887 δίκαιος,
1360 1823 1453 1876 καὶ
1484 1823 1689 1894 μηδένα
1715 1824 1853 1894 ἔχων
1875 1827 2056 1897 εὑρεῖν

383 1899 704 1973 ὁμότροπον,
760 1906 896 1977 πρὸς
942 1906 1193 1960 τοσοῦτον
1235 1908 1431 1979 μέτρον
1469 1909 1664 1981 εὑρέθη
1694 1911 1910 1979 φθάνων
1954 1914 2055 1984 τῆς

387 1985 605 2056 ἀρετῆς,
636 1988 720 2050 τίς
749 1989 881 2058 ἡμῖν
913 1988 1066 2043 ἔσται
1098 1990 1362 2059 ἀπολογία
1391 1995 1501 2055 τοῖς
1527 1993 1663 2063 μηδὲ
1691 1993 1928 2048 τοσαῦτα
1955 2013 2057 2048 κω-

386 2071 599 2142 λύματα
627 2073 830 2144 έχουσι,
872 2076 965 2128 καὶ
992 2076 1300 2147 ῥᾳθυμοῦσι
1335 2078 1471 2149 πρὸς
1503 2079 1600 2150 τὴν
1629 2078 1833 2151 ταύτης
1857 2082 2056 2154 κατόρ-

385 2159 550 2212 θωσιν
573 2177 588 2223 ;
613 2161 704 2232 Μὴ
728 2163 835 2232 γάρ
861 2180 953 2233 μοι
985 2163 1084 2234 τὴν
1116 2166 1176 2217 ἐν
1221 2167 1334 2228 τοῖς
1368 2167 1742 2230 πεντακοσίοις
1761 2167 1906 2221 ἔτεσι
1933 2169 2052 2224 δια-

385 2245 566 2317 γωγὴν
595 2247 719 2315 λέγε
745 2248 923 2318 μόνον,
975 2250 1058 2302 ότι
1108 2250 1538 2320 κωμῳδούμενος
1583 2253 1679 2306 καὶ
1729 2253 2057 2325 χλευαζόμε-

384 2351 474 2398 νος
497 2335 720 2389 διετέλει
756 2337 860 2389 ὑπὸ
899 2337 1006 2390 τῶν
1056 2338 1157 2409 τὴν
1204 2340 1404 2391 κακίαν
1436 2340 1752 2409 μετιόντων,
1783 2342 1918 2395 ἀλλά
1960 2343 2054 2396 καὶ

383 2421 483 2488 τὴν
531 2423 589 2473 ἐν
630 2425 694 2492 τῇ
736 2423 953 2493 κιϐωτῷ
985 2423 1284 2495 διατριϐήν.
1330 2424 1388 2478 'O
1421 2426 1528 2498 7&9
1567 2427 1811 2492 ἐνιαυτὸς
1851 2430 2055 2493 ἐκεῖνος

382 2505 708 2576 ἀντίρῤοπος
737 2503 874 2558 εἷναί
907 2525 996 2576 μοι
1029 2507 1178 2561 δοκεῖ
1219 2508 1315 2561 τοῦ
1361 2510 1560 2573 παντὸς
1589 2512 1782 2582 χρόνου
1807 2529 1820 2543 ο
1862 2513 2055 2566 τοσαύ-

383 2610 483 2664 την
509 2596 626 2646 ἐκεῖ
651 2594 751 2664 τὴν
779 2593 958 2664 θλίψιν
995 2596 1286 2666 ὑπομένειν
1314 2597 1343 2648 ὁ
1366 2597 1571 2662 δίκαιος
1607 2599 1970 2667 ἠναγκάζετο,
1996 2602 2054 2655 ἐν

385 2682 716 2753 στενοχωρίᾳ
753 2681 972 2755 τοιαύτῃ
1016 2682 1321 2752 τυγχάνων,
1368 2684 1462 2735 καὶ
1514 2684 1647 2755 μηδέ
1678 2689 1936 2740 ἀναπνεῖν
1966 2687 2055 2740 δυ-

384 2767 638 2838 νάμενος,
667 2772 761 2821 καὶ
788 2770 885 2840 τῆς
913 2769 1055 2839 μετά
1077 2771 1186 2822 τῶν
1218 2769 1424 2842 θηρίων
1453 2773 1672 2824 καὶτῶν
1695 2773 1902 2842 ἀλόγων
1937 2775 2054 2828 δια-

383 2856 572 2925 γωγῆς
603 2857 946 2927 ἀνεχόμενος,
1000 2857 1092 2910 καὶ
1123 2858 1210 2910 διά
1253 2859 1470 2911 πάντων
1515 2859 1727 2924 δεικνὺς
1761 2861 1924 2916 αὐτοῦ
1955 2865 2056 2933 τῆς

382 2940 609 3013 γνώμης
641 2943 701 2995 τὸ
723 2943 967 3014 στερρὸν,
993 2943 1089 2996 xal
1108 2944 1169 2997 τὸ
1186 2945 1399 3008 ἀκλινὲς
1428 2946 1527 3016 τῆς
1547 2949 1937 3018 προαιρέσεως,
1961 2950 2056 3003 xal

381 3027 481 3100 τὴν
513 3030 694 3082 πίστιν
723 3032 788 3101 ἡν
819 3031 946 3100 περὶ
977 3030 1068 3083 τὸν
1117 3031 1250 3085 Θεὸν
1281 3033 1648 3098 ἐπεδείκνυτο,
1694 3034 1760 3088 δι’
1791 3035 1856 3106 ἡν
1878 3039 2055 3092 πάντα

383 3115 576 3188 πράως
597 3117 693 3170 καὶ
716 3117 933 3185 κούφως
955 3116 1140 3187 ἔφερε.
1161 3118 1258 3172 Δία
1290 3135 1374 3172 τοι
1406 3119 1583 3183 τοῦτο,
1610 3121 1797 3192 ἐπειδὴ
1825 3123 1895 3176 τά
1922 3126 2053 3196 παρ’

383 3202 548 3256 αὐτοῦ
566 3203 743 3256 πάντα
761 3205 1067 3274 είσήνεγκε,
1083 3205 1178 3258 καὶ
1195 3204 1302 3259 τῶν
1319 3206 1468 3276 παρὰ
1482 3207 1576 3260 τοῦ
1598 3207 1734 3260 Θεοῦ
1754 3209 1889 3279 μετὰ
1900 3208 2057 3277 δαψι-

385 3289 540 3354 λείας
571 3292 907 3360 ἀπὴλαυσεν.
931 3293 993 3345 Εἰ
1031 3292 1137 3363 7&9
1163 3293 1256 3346 καὶ
1300 3294 1665 3366 στενοχωρίαν
1721 3295 1920 3368 πολλὴν
1953 3297 2055 3349 ὑπ-

384 3378 580 3449 έμενεν
604 3381 663 3432 ἐν
695 3383 760 3451 τῇ
779 3379 1022 3450 διαγωγῇ
1051 3381 1150 3450 τῆς
1176 3379 1432 3447 κιϐωτοῦ,
1456 3381 1572 3434 ἀλλ’
1607 3382 1754 3450 ὅμως
1779 3384 1839 3436 τὸ
1855 3384 2056 3437 κλυδώ·

382 3483 494 3520 νιον
522 3466 585 3519 τὸ
605 3467 833 3538 φοϐερὸν
865 3469 957 3520 καὶ
1005 3468 1104 3538 τὴν
1150 3468 1526 3538 πανωλεθρίαν
1552 3469 1771 3540 ἐκείνην
1808 3472 2052 3540 διέφυγε.

383 3555 495 3608 Kal
525 3553 614 3607 διά
645 3552 801 3606 τοῦτο
861 3553 1000 3623 μετά
1035 3554 1137 3624 τὴν
1170 3555 1534 3624 στενοχωρίαν
1566 3557 1782 3629 ἐκείνην
1809 3559 1904 3612 καὶ
1958 3559 2056 3628 τήν

383 3641 654 3712 ἀφόρητον
673 3641 916 3710 εἱρκτὴν,
936 3642 1029 3694 καὶ⁷
1067 3642 1252 3705 ἀδείας
1273 3643 1369 3695 καὶ
1399 3643 1637 3708 ἀνέσεως
1668 3646 1936 3718 ἀπήλαυε,
1963 3650 2057 3701 καί

383 3729 484 3798 τῆς
517 3729 670 3797 παρά
698 3727 794 3781 τοῦ
821 3728 955 3780 Θεοῦ
988 3729 1237 3796 εὐλογίας
1260 3729 1500 3799 ἠξιοῦτο,
1540 3731 1635 3785 καὶ
1659 3732 1822 3786 πάλιν
1850 3734 1948 3804 τὴν
1975 3738 2056 3788 ol-

384 3817 540 3870 κείαν
561 3815 976 3886 εὐγνωμοσύνην
1007 3815 1093 3870 διὰ
1113 3816 1220 3871 τῶν
1245 3816 1420 3887 ἔργων
1441 3818 1697 3888 ἐπλήρου·
1731 3821 1824 3872 καὶ
1849 3837 2056 3876 παντα-

383 3904 482 3974 χοῦ
502 3903 753 3973 εὑρήσεις
767 3900 864 3966 τάς
884 3901 1058 3972 ἀρχάς
1079 3904 1208 3974 παρ’
1234 3902 1400 3957 αὐτοῦ
1423 3905 1912 3976 είσφερομένας.’Ὠ
1922 3925 2058 3978 σπερ

381 3991 439 4044 δὲ
463 3989 560 4060 τὴν
583 3988 806 4060 πρώτην
841 3987 1059 4044 ἅπασαν
1087 3989 1306 4060 ἡλικίαν
1329 3990 1429 4063 τὴν
1465 3991 1666 4063 ἀρετὴν
1699 3994 2054 4063 μεταδιώξαςθ

383 4076 477 4131 καὶ
508 4077 606 4148 τῆς
634 4076 832 4133 κακίας
861 4077 1085 4130 ἐκείνων
1113 4077 1269 4140 ἐκτὸς
1291 4077 1614 4147 γεγονὼς,οὐ
1645 4082 2057 4153 συναπὴλαυσεν

383 4168 564 4229 αὐτοῖς
589 4166 691 4235 τῆς
715 4166 1008 4236 τιμωρίας,
1051 4166 1188 4220 ἀλλά
1216 4168 1436 4221 πάντων
1464 4167 1811 4241 ὑποϐρυχίων
1835 4173 2056 4242 γινομέ-

382 4265 489 4301 νων
518 4249 677 4311 αὐτὸς
715 4249 874 4318 μόνος
902 4247 1208 4313 διεσώζετοο
1247 4249 1389 4302 οὕτω
1428 4251 1590 4304 πάλιν
1617 4252 1805 4323 ἐπειδὴ
1858 4255 2056 4326 πολλὴν

379 4335 482 4404 τὴν
509 4333 689 4386 πίστιν
719 4335 1025 4405 εἰσήνεγκε,
1080 4335 1174 4388 καὶ
1207 4336 1324 4406 μετ’
1355 4337 1706 4409 εὐχαριστίας
1737 4340 1837 4410 τῆς
1881 4343 1940 4395 ἐν
1986 4345 2056 4414 τῇ

383 4420 599 4490 κιϐωτῷ
629 4422 895 4491 οἰκήσεως
924 4422 1198 4492 ἠνέσχετο,
1254 4422 1414 4476 πάλιν
1461 4424 1528 4478 τὰ
1580 4426 1729 4496 παρά
1786 4429 1878 4482 τοῦ
1921 4429 2054 4484 Θεοῦ

380 4504 712 4576 ἠκολούθησε
738 4507 876 4576 μετά
927 4506 1128 4576 πολλῆς
1153 4509 1250 4578 τῆς
1273 4509 1602 4579 φιλοτιμίας,
1635 4513 1727 4564 καὶ
1755 4510 2057 4586 ἐξενεχθεὶς

379 4590 482 4661 τῆς
513 4590 766 4657 κιϐωτοῦ,
800 4593 894 4646 καὶ
929 4593 1010 4656 είς
1038 4593 1135 4664 τὴν
1170 4595 1440 4666 προτέραν
1471 4595 1747 4669 διαγωγὴν
1777 4599 2058 4655 ἀποκατα-

381 4677 620 4742 σταθεὶς,
657 4677 854 4742 εὐθέως
907 4679 1157 4747 εὐλογίας
1186 4680 1452 4748 ἀξιοῦται,
1514 4684 1609 4736 καὶ
1644 4685 1806 4740 πάλιν
1838 4687 1937 4760 τὴν
1974 4692 2054 4744 οξ-

377 4766 535 4819 κείαν
563 4763 984 4835 εὐγνωμοσύνην
1021 4766 1449 4837 ἐπιδειξάμενος,
1489 4770 1580 4823 καὶ
1599 4771 1699 4841 τὴν
1729 4772 1866 4826 κατά
1893 4773 2052 4830 δύνα-

381 4870 474 4922 μιν
503 4851 849 4922 εὐχαριστίαν
877 4851 1262 4923 ποιησάμενος,
1291 4857 1384 4908 καὶ
1417 4855 1560 4910 οὕτω
1591 4858 1851 4928 μειζόνων
1876 4861 2056 4927 ἀξιοῦ-

375 4957 465 4994 ται
493 4941 642 5011 παρὰ
670 4940 765 4992 τοῦ
790 4938 1170 5012 φιλανθρώπου
1191 4941 1348 4995 Θεοῦ.
1384 4943 1493 4996 Kal
1514 4945 1622 5015 7&9
1655 4944 1774 5011 ἔθος
1800 4947 1958 5002 τοῦτο
1976 4950 2055 5021 τῷ

375 5029 518 5100 Θεῷ,
548 5029 766 5084 ἐπειδάν
807 5029 980 5100 μικρά
1036 5031 1132 5083 καὶ
1158 5031 1349 5102 εὐτελῆ
1383 5032 1514 5103 παρ’
1544 5033 1703 5104 ἡμῶν
1750 5038 2052 5109 εἰσενεχθῇ,

375 5119 526 5188 ὅμως
556 5117 599 5171 δ’
626 5113 720 5171 οῦν
746 5118 1050 5190 είσενεχθῇ,
1102 5119 1300 5190 πολλὴν
1320 5122 1450 5190 ἡμῖν
1471 5121 1570 5192 τὴν
1605 5125 1733 5193 παρ’
1764 5124 1929 5178 αὐτοῦ
1953 5126 2056 5178 δω-

378 5200 590 5272 ρεῖσθαι
623 5201 955 5271 φιλοτιμίαν.
981 5202 1091 5256 Kal
1111 5203 1197 5256 ἵνα
1225 5204 1402 5274 μάθῃς
1453 5205 1551 5258 καὶ
1581 5205 1679 5276 τῆς
1711 5207 2057 5279 ἀνθρωπίνης

379 5288 649 5352 εὐτελείας
679 5288 777 5359 τὴν
813 5289 1139 5370 ὑπερϐολὴκ,
1165 5290 1376 5344 καὶτοῦ
1414 5291 1684 5345 Δεσπότου
1718 5309 1811 5346 σου
1832 5295 1930 5364 τὴν
1964 5311 2056 5363 φι-

379 5373 650 5443 λοτιμίαν,
685 5375 878 5430 σκόπει
913 5394 1005 5448 μοι
1033 5378 1290 5431 ἐνταῦθα.
1317 5377 1433 5430 Κᾶν
1469 5378 1578 5449 7&9
1616 5378 1967 5450 βουληθῶμέν
2000 5399 2054 5435 τι

381 5459 728 5528 εἰσενεγκεῖν,
746 5463 800 5516 τί
830 5463 1084 5517 τοσοῦτον
1109 5464 1471 5535 δυνησόμεθα,
1497 5465 1530 5536 ἢ
1552 5466 1675 5519 ὅσον
1709 5467 1806 5538 τὴν
1825 5468 1914 5521 διὰ
1947 5469 2056 5523 τῶν

379 5547 551 5616 λόγων
582 5549 930 5619 εὐχαριστίαν
953 5551 1323 5617 ἐπιδείξασθαι
1349 5567 1364 5615 ;
1398 5551 1478 5605 Ta
1504 5552 1604 5622 μέν
1627 5569 1709 5606 τοι
1733 5557 1862 5625 παρ’
1891 5555 2054 5609 αὐτοῦ

377 5631 470 5688 διά
503 5635 609 5688 τῶν
639 5635 818 5705 ἔργων
854 5638 933 5700 εἰς
967 5638 1113 5708 ἡμᾶς
1141 5638 1532 5709 ἐκπληροῦται.
1563 5639 1674 5694 Ποῦ
1722 5637 1815 5696 οὖν
1845 5641 1911 5696 ἂν
1944 5642 2056 5697 ἴσον

447 5829 471 5855 ⁸
500 5823 638 5877 Mulli
665 5840 776 5875 In“.
800 5828 924 5875 οὕτω
943 5826 1194 5876 παιδεῦσαι
1217 5829 1525 5892 δυνησόμεθα.

1143 401 1200 457 S.
1245 402 1526 460 JOANNIS
1562 407 2050 466 CHRYSOSTOMI
2099 410 2421 468 ARCIIIEP.
2462 412 3008 470 CONSTA‘NTINOP.

3725 409 3839 468 οδε

2161 531 2369 599 γένοιτο
2391 532 2528 604 ἔργα
2564 532 2658 585 καὶ
2687 531 2865 600 λόγοις
2910 528 3186 600 Ἀνενδεὴς
3215 527 3322 600 7&9
3357 528 3433 584 ὢν
3455 528 3603 601 [9.55]
3631 529 3782 598 ἡμῶν
3807 531 3842 582 ὁ

2162 615 2460 686 Δεσπότης,
2494 615 2704 677 οὐδενὸς
2719 615 2889 667 δεῖται
2915 613 3021 666 τῶν
3050 614 3176 684 παρ’
3200 612 3378 683 ἡμῶν,
3414 616 3464 666 εί
3496 614 3570 684 μὴ
3598 613 3707 666 τῶν
3737 616 3840 685 ῥη-

2165 697 2352 766 μάτων
2390 698 2570 767 μόνονο
2613 697 2707 750 καὶ
2736 696 2905 768 αὐτὴν
2935 696 2991 750 δὲ
3019 695 3117 767 τὴν
3146 694 3234 748 διὰ
3258 696 3366 749 τῶν
3401 696 3575 765 λόγων
3617 696 3842 768 εὐχαρι-

2163 779 2318 831 στίαν
2346 779 2599 842 ἀπαιτεῖ,
2629 780 2727 848 οὐχ
2760 778 2834 842 ὡς
2859 778 3064 849 ταύτης
3123 778 3340 850 χρῄζων
3370 779 3553 841 αὐτὸς,
3587 778 3702 832 ἀλλ’
3749 778 3840 832 ἴνα.

2161 863 2310 932 ἡμᾶς
2347 861 2611 935 παιδεύσῃ
2639 862 2988 932 εὐγνώμονας
3016 857 3175 926 εἶναι,
3209 862 3304 914 καὶ
3337 861 3720 929 ἐπιγινώσκειν
3745 859 3844 915 τὸν

2161 945 2269 998 τῶν
2315 945 2538 1014 ἀγαθῶν
2576 945 2829 1016 χορηγόν.
2884 945 2982 998 Διά
3022 944 3179 998 τοῦτο
3224 949 3317 997 καὶ
3363 944 3574 1008 Παῦλος
3610 945 3843 1016 γράφων

2162 1028 2366 1096 ἔλεγεν,
2397 1026 2758 1097 Εὑχὰριστοι
2788 1028 3041 1097 γίνεσθε.
3065 1027 3230 1080 Οὐδὲν
3259 1027 3369 1098 γὰρ
3393 1027 3567 1091 οὕτως
3590 1027 3845 1097 ἐπιζητεῖ

2163 1110 2290 1179 παρ’
2317 1109 2473 1180 ἡμῶν
2504 1113 2532 1163 ό
2574 1111 2870 1181 Δεσπότης,
2925 1110 3001 1174 ὡς
3053 1109 3213 1162 τοῦτο
3246 1110 3308 1162 τὸ
3352 1109 3701 1181 κατόρθωμα.
3746 1112 3841 1181 Μὴ

2161 1192 2338 1246 τοίνυν
2377 1191 2690 1264 ἀγνώμονες
2721 1193 3017 1264 γινώμεθα,
3057 1193 3190 1264 μηδὲ
3217 1193 3284 1246 δι’
3319 1193 3496 1264 ἔργων
3521 1194 3847 1263 εὐεργετού-

2166 1292 2315 1344 μενοι
2349 1276 2526 1340 αὐτοῖ,
2565 1277 2812 1348 ὀκνῶμεν
2854 1276 2952 1346 τὴν
3001 1276 3088 1330 διὰ
3131 1275 3239 1329 τῶν
3268 1276 3442 1344 λόγων
3487 1277 3846 1347 εὐχαριστίαν

2163 1355 2454 1428 ἀναφέρειν
2504 1357 2582 1428 τῷ
2615 1359 2878 1431 Δεσπότῃ·
2935 1357 3096 1410 πάλιν
3129 1357 3238 1429 γάρ
3275 1359 3356 1422 είς
3385 1361 3534 1428 ἡμᾶς
3564 1358 3626 1412 τὸ
3652 1359 3849 1427 κέρδος

2165 1439 2529 1511 περιίσταται.
2596 1441 2720 1494 Ἐὰν
2756 1442 2865 1512 γὰρ
2899 1441 2990 1494 ἐπὶ
3039 1443 3149 1504 τοῖς
3204 1441 3473 1510 φθάσασιν
3524 1442 3846 1511 εὐχάριστοι

2164 1525 2462 1596 γινώμεθα,
2491 1528 2734 1598 καὶπρὸς
2755 1529 2816 1581 τὸ
2834 1528 2941 1581 τῶν
2971 1528 3232 1598 μειζόνων
3261 1530 3444 1598 τυχεῖν
3470 1529 3687 1590 ἑαυτοῖς
3715 1528 3850 1581 πολ-

2163 1612 2261 1682 λὴν
2284 1615 2779 1686 προευτρεπίζομεν
2799 1617 2896 1686 τὴν
2919 1615 3251 1686 παρρησίαν.
3280 1615 3472 1678 Μόνον,
3509 1615 3844 1680 παρακαλῶ,

2164 1701 2283 1754 καθ’
2317 1701 2553 1773 ἑκάστην
2603 1704 2820 1776 ἡμέραν
2852 1705 2942 1756 καὶ
2969 1703 3138 1775 ὥραν,
3177 1705 3226 1756 εί
3259 1697 3369 1756 οἷόν
3396 1721 3477 1765 τε,
3508 1702 3848 1770 ἀναλογιζώ-

2168 1787 2305 1858 μεθα
2342 1789 2462 1841 καθ’
2490 1791 2715 1852 ἑαυτοὺς
2747 1791 2820 1860 μὴ
2849 1790 2948 1853 τὰς
2973 1790 3157 1853 κοινάς
3213 1791 3372 1861 μόνον
3405 1790 3748 1861 εὐεργεσίας,
3777 1789 3847 1852 ἃς

2163 1875 2312 1946 πάσῃ
2339 1878 2404 1946 τῇ
2432 1876 2590 1943 φύσει
2621 1879 2652 1930 ό
2674 1877 2783 1929 τῶν
2815 1877 2948 1930 ὅλων
2979 1877 3304 1950 δημιουργὸς
3335 1878 3677 1948 κεχάρισται,
3705 1877 3845 1931 ἀλλά

2163 1962 2258 2016 καὶ
2283 1963 2378 2025 τὰς
2403 1962 2508 2034 ἰδία
2543 1964 2633 2017 καὶ
2661 1963 2781 2017 καθ’
2801 1963 3030 2018 ἕκαστον
3058 1967 3188 2034 ἡμῖν
3216 1964 3615 2035 παρεχομένας.

2234 2066 2345 2120 Kal
2369 2067 2421 2119 τί
2445 2066 2588 2134 λέγω
2611 2066 2708 2131 τὰς
2737 2067 2841 2137 res;
2873 2068 2964 2120 καὶ
2993 2068 3114 2120 καθ’
3145 2067 3374 2120 ἕκαστον
3421 2066 3841 2138 παρεχομέναις

2164 2158 2273 2209 Kal
2301 2154 2440 2224 ὑπὲρ
2461 2148 2534 2206 ὧν
2565 2154 2884 2223 ἀγνοοῦντες
2923 2154 3376 2225 εὐεργετούμεθα,
3411 2154 3506 2207 καὶ
3541 2155 3682 2225 ὑπὲρ
3713 2156 3844 2209 τού-

2163 2261 2270 2297 των
2297 2242 2728 2314 εὐχαριστῶμεν.
2774 2241 2992 2312 Ἐπειδὴ
3044 2243 3152 2314 γὰρ
3184 2243 3400 2311 κήδεται
3432 2241 3529 2310 τῆς
3561 2243 3848 2314 ἡμετέρας

2166 2331 2456 2401 σωτηρίας,
2517 2329 2686 2382 πολλά
2713 2329 2806 2383 καὶ
2840 2328 2913 2399 μή
2961 2329 3165 2392 εἰδότας
3194 2331 3343 2399 ἡμᾶς
3389 2330 3686 2400 εὐεργετεῖ,
3749 2334 3847 2385 καὶ

2165 2417 2422 2480 πολλάκις
2449 2416 2540 2470 καλ⁵
2565 2415 2823 2470 κινδύνων
2849 2417 3164 2487 ἐξαρπάζει,
3189 2418 3283 2469 καὶ
3308 2416 3496 2487 ἐτέρας
3519 2417 3847 2486 εὐεργεσίας

2165 2509 2244 2567 εἰς
2273 2507 2418 2575 ἡμᾶς
2441 2504 2807 2558 κατατίθεται.
2833 2504 2988 2574 Πηγὴ
3006 2504 3114 2576 γάρ
3140 2505 3255 2557 ἐστι
3287 2505 3719 2573 φιλανθρωπίας,
3747 2507 3846 2559 καὶ

2163 2592 2413 2645 οὐδέποτε
2445 2590 2676 2646 παύεται
2713 2591 2783 2644 τὰ
2811 2591 3018 2644 ἐκεῖθεν
3046 2591 3264 2661 νάματα
3300 2594 3365 2662 τῇ
3397 2591 3506 2644 τῶν
3535 2592 3846 2663 ἀνθρώπων

2166 2681 2324 2750 φύσει
2358 2679 2688 2751 προχέουσα.
2728 2681 2825 2732 Ἂν
2875 2679 3058 2732 τοίνυν
3103 2679 3275 2731 ταῦτα
3333 2677 3692 2748 λογιζώμεθα,
3749 2680 3850 2734 καὶ

2166 2765 2556 2838 σπουδάζωμεν
2581 2766 2676 2820 καὶ
2709 2765 2850 2837 ὑπὲρ
2869 2766 2980 2818 τῶν
3013 2765 3334 2834 φθασάντων
3365 2765 3464 2828 τάς
3490 2766 3851 2836 εὐχαριστίας

2163 2856 2457 2926 ἀναφέρειν
2507 2853 2588 2926 τῷ
2612 2855 2877 2926 Δεσπότῃ,
2925 2855 3022 2908 xal
3049 2853 3191 2925 ὑπὲρ
3225 2854 3335 2907 τῶν
3390 2855 3516 2924 ἑξῆς
3564 2854 3851 2920 τοιούτους

2163 2945 2389 3008 ἐαυτούς
2417 2942 2872 3010 κατασκευάζειν,
2906 2941 3048 2995 ὥστε
3077 2942 3150 3012 μή
3195 2941 3448 3006 ἀναξίους
3469 2942 3698 3012 φανῆναι
3731 2945 3849 2996 τῶν

2163 3031 2296 3101 παρ’
2323 3029 2488 3083 αὐτοῦ
2517 3029 2868 3101 εὐεργεσιῶν,
2898 3027 3238 3098 δυνησόμεθα
3283 3028 3379 3082 καὶ
3411 3027 3681 3082 πολιτείαν
3711 3027 3850 3100 ἀρί⁴

2168 3135 2301 3188 στην
2340 3115 2731 3181 ἐπιδείξασθαι,
2781 3117 2878 3169 καὶ
2911 3116 3010 3186 τῆς
3043 3115 3242 3178 κακίας
3270 3115 3368 3186 τὴν
3417 3118 3606 3186 πεῖραν
3647 3116 3851 3184 διαφυ-

2166 3208 2304 3274 γεῖν.
2344 3206 2410 3258 Ἦ
2455 3204 2566 3275 γάρ
2602 3205 2790 3274 μνήμη
2825 3202 2932 3256 τῶν
2959 3203 3285 3273 εὐεργεσιῶν
3318 3203 3474 3274 ἱκανὴ
3520 3203 3851 3267 διδάσκαλος

2166 3295 2296 3364 ἡμῖν
2327 3292 2479 3345 ἔσται
2504 3291 2606 3360 τῆς
2634 3293 2752 3344 κατ’
2783 3289 2984 3361 ἀρετὴν
3006 3289 3299 3354 πολιτείας,
3328 3291 3428 3344 οὐκ
3451 3291 3672 3360 ἀφιεῖσά
3705 3308 3849 3346 ποτε

2164 3382 2245 3446 είς
2268 3380 2540 3452 ρᾳθυμίαν
2587 3379 2926 3449 ἐμπεσόντας
2951 3377 3044 3430 καὶ
3076 3378 3264 3449 λήθην,
3303 3377 3440 3447 πρὸς
3490 3377 3585 3448 τὴν
3636 3378 3849 3434 κακίαν

2164 3467 2551 3539 αὐτομολῆσαι.
2587 3467 2651 3518 Ἥ
2678 3466 2788 3536 7&9
2819 3466 3064 3535 νὴφουσα
3095 3466 3190 3519 καὶ
3237 3468 3569 3536 ἐγρηγορυῖα
3593 3465 3743 3537 ψυχὴ
3781 3467 3849 3521 οὐ

2162 3558 2285 3610 τότε
2317 3557 2477 3627 μόνον
2503 3555 2722 3608 ἐπειδάν
2773 3553 2914 3607 κατὰ
2947 3553 3074 3624 ῥοῦν
3125 3553 3358 3624 φέρηται
3391 3553 3460 3606 τά
3511 3553 3848 3624 πράγματα,

2165 3642 2584 3714 εὐγνωμοσύνην
2606 3640 2988 3703 ἐπιδείκνυται,
3020 3639 3155 3694 ἀλλὰ
3187 3639 3287 3693 κᾶν
3315 3640 3534 3694 ἐναντία
3576 3657 3658 3701 τις
3689 3658 3851 3712 πραο

2165 3728 2389 3798 γμάτων
2436 3727 2758 3798 περίστασις
2790 3724 3267 3797 παρακολουθήσῃ,
3302 3724 3398 3776 καὶ
3416 3723 3536 3776 τότε
3566 3723 3662 3794 τὴν
3714 3724 3850 3794 ῖσην

2165 3815 2516 3888 εὐχαριστίαν
2553 3813 2838 3885 ἀναφέρει,
2872 3812 3026 3864 οὐδὲν
3077 3811 3188 3864 ἀπὸ
3216 3812 3314 3881 τῆς
3346 3810 3456 3863 τῶν
3500 3810 3850 3880 πραγμάτων

2168 3903 2468 3974 μεταϐολῆς
2495 3901 2853 3972 χαυνουμένη,
2887 3898 3022 3952 ἀλλά
3053 3898 3222 3970 ταύτῃ
3256 3897 3453 3969 μᾶλλον
3482 3897 3849 3970 νευρουμένη,

2165 3991 2259 4045 καὶ
2282 3989 2380 4060 τὴν
2411 3990 2613 4058 ἄφατον
2644 3987 2735 4042 τοῦ
2768 3985 2902 4040 Θεοῦ
2927 3986 3250 4056 κηδεμονίαν
3273 3985 3616 4056 λογιζομένη,
3645 3986 3740 4039 καὶ
3766 3987 3848 4052 ὡς

2166 4077 2397 4148 εὔπορος
2425 4075 2501 4129 ὢν
2553 4077 2648 4129 καὶ
2705 4075 3012 4143 εὐμήχανος
3060 4073 3282 4128 δύναται
3324 4074 3416 4126 καὶ
3470 4073 3536 4126 δι’
3581 4073 3851 4126 ἐναντίων

2167 4164 2507 4237 πραγμάτων
2531 4203 2546 4227 ,
2607 4164 2655 4216 εί
2686 4164 2778 4216 καὶ
2811 4164 2971 4233 ἡμεῖς
3011 4162 3109 4232 τὴν
3159 4162 3363 4234 ἀκριϐῆ
3417 4161 3711 4231 κατάληψιν
3765 4165 3848 4234 μὴ

2169 4251 2441 4323 ἰσχύωμεν
2473 4251 2724 4313 συνιδεῖν,
2748 4249 2844 4320 τὴν
2869 4250 3063 4303 ἑαυτοῦ
3087 4249 3414 4320 κηδεμονίαν
3442 4247 3846 4313 ἐπιδείξασθαι.

2237 4346 2312 4404 ς’.
2349 4337 2505 4392 υῦτω
2545 4337 2726 4392 τοίνυν
2759 4339 2974 4392 ἅπαντα
3011 4337 3081 4390 τά
3111 4337 3234 4390 καθ’
3273 4339 3420 4408 ἡμᾶς
3452 4335 3848 4408 παραχωροῦψ

2162 4443 2274 4490 τες,
2293 4428 2439 4491 ὅπως
2456 4427 2519 4480 ἂν
2537 4427 2767 4497 φέρηται
2793 4425 2860 4478 τὰ
2889 4425 3208 4496 πράγματα,
3231 4427 3391 4496 ἡμεῖς
3418 4425 3475 4477 ἓν
3498 4425 3654 4496 μόνον
3679 4423 3849 4494 ἔργον

2166 4512 2400 4584 ἔχωμεν,
2427 4513 2487 4566 τὸ
2513 4512 2777 4583 διηνεκῶς
2810 4511 2959 4582 αὐτῷ
3009 4512 3348 4583 εὐχαριστεῖν
3393 4511 3532 4582 ὑπὲρ
3560 4511 3844 4565 ἁπάντων.

2165 4604 2264 4656 Διά
2287 4602 2396 4674 γὰρ
2431 4601 2588 4654 τοῦτο
2615 4599 2821 4669 λογικοί
2847 4617 2992 4663 τινες
3032 4601 3358 4670 γεγόναμεν,
3389 4600 3485 4652 καὶ
3509 4599 3681 4668 ταύτῃ
3725 4597 3847 4651 τῶν

2163 4693 2373 4760 ἀλόγων
2400 4690 2783 4761 διεστήκαμεν,
2825 4689 2912 4743 ἵνα
2941 4690 3040 4752 τὰς
3063 4688 3334 4758 εὐφημίας
3359 4688 3454 4740 καὶ
3483 4689 3607 4750 τοὺς
3634 4686 3847 4755 ῦμνους

2164 4780 2259 4835 καλ⁸
2280 4779 2550 4849 διηνεκεῖς
2577 4777 2886 4846 δοξολογίας
2937 4777 3299 4847 ἀναφέρωμεν
3349 4775 3426 4846 τῷ
3455 4775 3564 4827 τῶν
3585 4775 3720 4826 δλων
3743 4773 3847 4847 δη-

2168 4864 2434 4937 μιουργῷ.
2463 4865 2562 4918 Διά
2585 4863 2742 4916 τοῦτο
2765 4865 2860 4918 καὶ
2882 4864 3058 4935 ψυχὴν
3085 4867 3216 4934 ἡμῖν
3235 4862 3650 4924 ἐνέπνευσε,καὶ
3669 4861 3846 4929 γλῶσς-

2167 4970 2263 5006 εαν
2290 4951 2601 5023 ἐχαρίσατο,
2644 4952 2731 5004 ἵνα
2750 4951 2858 5004 τῶν
2884 4951 3014 5022 παρ’
3040 4950 3204 5004 αὐτοῦ
3243 4953 3320 5013 είς
3341 4951 3488 5020 ἡμᾶς
3510 4949 3847 5020 εὐεργεσιῶν

2163 5042 2242 5103 εἰς
2270 5041 2522 5110 αἴσθησιν
2549 5040 2852 5111 ἐρχόμενοι,
2892 5039 2985 5092 καὶ
3016 5038 3114 5107 τὴν
3138 5037 3451 5090 δεσποτείαν
3473 5036 3845 5102 ἐπιγινώσκωο

2167 5145 2288 5199 μεν,
2308 5129 2401 5182 καὶ
2419 5127 2520 5196 τὴν
2547 5125 2967 5198 εὐγνωμοσύνην
2996 5123 3145 5196 [254]
3171 5121 3588 5194 ἐπιδειξώμεθα,
3629 5123 3724 5175 καὶ
3742 5121 3844 5192 τὴν

2165 5216 2307 5270 κατά
2342 5214 2570 5285 δύναμιν
2599 5214 2947 5286 εὐχαριστίαν
2973 5213 3332 5283 ἀναφέρωμεν
3359 5210 3438 5281 τῷ
3466 5209 3732 5279 Δεσπότῃ.
3777 5209 3844 5262 Ei

2164 5305 2272 5375 γὰρ
2320 5303 2596 5374 ἄνθρωποι
2656 5305 2703 5355 οί
2731 5302 2831 5371 τῆς
2858 5301 3028 5372 αὐτῆς
3058 5303 3189 5372 ἡμῖν
3208 5299 3422 5369 φύσεως
3435 5295 3844 5361 κοινωνοῦντες,

2169 5392 2370 5464 μικράν
2399 5407 2520 5444 τινα
2551 5390 2811 5451 πολλάκις
2851 5388 2947 5442 καὶ
2975 5388 3164 5458 εὐτελῆ
3211 5387 3292 5449 είς
3320 5387 3467 5456 ἡμᾶς
3517 5384 3844 5455 εὐεργεσίαν

2165 5477 2541 5548 καταθέμενοι.
2567 5475 2859 5528 ἀπαιτοῦσι
2889 5474 2988 5545 τὴν
3020 5475 3159 5545 ὑπὲρ
3183 5467 3257 5527 ὧν
3305 5472 3653 5542 πεπόνθαμεν
3676 5471 3843 5540 εὐχα-

2167 5564 2409 5637 ριστίαν,
2443 5564 2504 5617 οὐ
2533 5563 2622 5616 διὰ
2662 5563 2761 5634 τὴν
2790 5562 3066 5633 ἡμετέραν
3097 5556 3534 5629 εὐγνωμοσύνην,
3593 5555 3707 5609 ἀλλ’
3745 5555 3843 5608 ἵνα

2163 5653 2260 5706 καὶ
2283 5652 2436 5706 αὐτοὶ
2460 5650 2708 5704 ἐντεῦθεν
2739 5649 3105 5722 λαμπρότεροι
3136 5647 3450 5717 φαίνωνται·
3481 5641 3660 5714 πολλῷ
3696 5642 3843 5713 μᾶλ-

2163 5741 2254 5794 λον
2283 5740 2375 5793 ἐπὶ
2399 5739 2494 5793 τοῦ
2521 5737 2905 5810 φιλανθρώπου
2925 5736 3060 5790 Θεοῦ
3099 5735 3256 5789 τοῦτο
3295 5732 3467 5786 πλείω
3493 5732 3664 5784 ποιεῖν
3687 5730 3840 5800 ἡμᾶς

2165 5827 2292 5900 χρὴ,
2324 5826 2418 5880 τοῦ
2443 5827 2529 5880 διά
2553 5825 2650 5897 τὴν
2675 5825 2954 5896 ἡμετέραν
2993 5825 3256 5892 ὠφέλειαν
3297 5821 3457 5894 μόνον
3511 5819 3666 5874 τοῦτο
3689 5818 3837 5886 γίνε-
