4078 6412
267 444 381 503 9.37

239 573 479 620 vestram
529 563 832 633 caritatem,
890 574 949 622 ut
993 567 1246 622 continuo
1294 566 1506 621 beatum
1553 566 1716 619 istum
1766 563 1823 617 in

242 654 512 710 memoria
564 665 741 709 vestra
783 657 1015 725 geratis,
1066 665 1121 711 et
1160 657 1318 711 illius
1356 656 1567 710 virtutis
1599 653 1832 724 pulchri-

241 746 488 800 tudinem
532 744 670 800 bene
717 746 968 812 discatis,
1004 761 1111 816 quo
1147 762 1271 801 eum
1312 747 1613 801 imitemini.
1640 744 1828 799 Anim-

238 835 467 891 adverte
506 836 649 891 enim
670 876 689 904 ,
722 837 981 904 obsecro,
1014 846 1249 907 quantus
1279 837 1493 891 virtutis
1544 835 1684 890 illius
1715 834 1832 889 the.

236 941 456 992 saurns,
505 929 630 998 quia
668 944 791 984 cum
844 944 939 1000 per
988 937 1067 983 tot
1106 928 1223 983 dies
1261 927 1334 983 de
1370 927 1462 982 illo
1513 925 1831 981 dissenseri-

236 1032 387 1083 rnus,
433 1016 665 1072 nondum
708 1017 870 1073 ﬁnem
916 1018 1199 1088 imponere
1236 1015 1532 1072 narrationi
1559 1014 1829 1084 potuimus

237 1123 432 1165 eorum
459 1123 578 1178 quae
614 1108 684 1162 ad
730 1108 876 1163 illum
904 1108 1152 1164 attinent.
1179 1107 1317 1175 Quid
1358 1106 1479 1163 dico
1515 1105 1677 1161 ﬁnem
1722 1105 1829 1160 ini-

239 1197 495 1267 ponere?
534 1207 957 1269 quantacumque
1000 1197 1325 1263 dixerimus,
1374 1210 1481 1251 non
1537 1194 1830 1264 poterimus

236 1286 313 1343 ad
332 1287 541 1342 culmen
561 1287 863 1357 pertingere
893 1306 908 1342 :
937 1287 1031 1343 sed
1060 1287 1302 1357 quamvis
1321 1294 1376 1342 et
1403 1299 1501 1340 nos
1528 1294 1584 1339 et
1603 1282 1825 1354 posteri,

236 1379 415 1433 multa
442 1378 510 1433 de
536 1378 628 1433 illo
656 1378 835 1434 dicere
861 1379 1154 1442 valeamus,
1209 1393 1315 1432 non
1361 1386 1537 1430 tamen
1574 1374 1641 1428 ad
1670 1373 1830 1430 ﬁnem

240 1469 531 1540 pervenire
557 1470 850 1538 poterimus
881 1487 895 1524 :
928 1477 1070 1523 tanta
1112 1483 1200 1524 res
1239 1476 1325 1523 est
1370 1467 1558 1522 virtus.
1603 1465 1660 1520 Si
1689 1465 1829 1520 enim

239 1558 572 1614 voluerimus
592 1599 610 1623 ,
665 1560 856 1629 poterit
883 1559 967 1614 hic
991 1560 1293 1614 universam
1320 1567 1554 1613 nostram
1591 1564 1829 1611 naturam

241 1648 525 1703 instituere
553 1648 594 1713 ί,
620 1657 675 1705 et
699 1647 767 1703 ad
792 1648 1000 1704 virtutis
1027 1647 1374 1703 imitationem
1400 1645 1668 1700 inducere.
1698 1642 1829 1699 Nam

239 1738 292 1793 si
315 1738 409 1794 ille
434 1739 571 1793 inter
597 1747 676 1794 tot
704 1738 980 1809 improbos
1015 1750 1235 1793 versans
1256 1776 1274 1804 ,
1302 1750 1474 1806 neque
1507 1734 1710 1790 habens
1749 1733 1831 1787 fa-

245 1831 516 1886 miliarem
542 1829 796 1902 aliquem,
844 1831 899 1886 in
923 1839 1131 1885 tantum
1158 1828 1371 1885 virtutis
1399 1826 1661 1897 iastigium
1706 1840 1831 1896 per-

237 1927 460 1980 venisse
488 1926 731 1980 inventus
755 1933 838 1979 est
869 1941 882 1977 :
914 1939 1034 1993 quae
1059 1932 1242 1979 nostra
1266 1922 1370 1977 erit
1395 1920 1687 1983 excusatio,
1708 1932 1830 1972 cum

244 2030 352 2070 nec
376 2014 497 2069 talia
526 2015 679 2070 nobis
704 2015 812 2068 sint
839 2013 1238 2083 impedimenta,
1263 2019 1319 2067 et
1343 2018 1522 2064 tamen
1557 2008 1830 2078 negligen-

241 2119 334 2163 tes
372 2108 539 2163 simus
593 2109 661 2163 ad
711 2107 849 2161 bona
905 2104 1106 2174 opera?
1140 2103 1275 2159 Nolo
1325 2102 1469 2157 enim
1513 2099 1659 2155 dicas
1702 2097 1834 2153 mihi

241 2199 421 2253 solam
448 2199 588 2253 illam
631 2199 1041 2268 quingentorum
1079 2209 1340 2250 annorum
1383 2193 1568 2256 vitam,
1620 2190 1834 2260 quando

241 2289 674 2344 subsannabatur
743 2296 798 2343 et
862 2286 1215 2353 irridebatur,
1297 2285 1710 2353 versabaturque
1777 2283 1832 2338 in

240 2380 431 2435 medio
478 2379 857 2451 ﬁagitiosorum
905 2395 920 2434 :
966 2376 1063 2433 sed
1111 2384 1169 2432 et
1205 2390 1400 2430 annum
1452 2373 1622 2439 illum,
1673 2387 1833 2442 quem

252 2482 430 2527 totum
476 2471 528 2525 in
579 2484 703 2525 arca
747 2468 1020 2539 transegit,
1062 2466 1151 2537 qui
1178 2479 1306 2521 sane
1329 2461 1683 2519 eonferendus
1706 2461 1833 2516 mihi

251 2564 470 2619 videtur
517 2562 613 2617 toti
661 2560 887 2630 tempori
926 2556 1187 2629 superiori
1217 2572 1234 2610 :
1265 2564 1465 2611 tantam
1499 2552 1570 2609 ibi
1597 2550 1838 2606 alllictio-

243 2672 379 2712 nem
428 2655 567 2711 ferre
601 2655 895 2723 cogebatur
925 2651 1102 2721 justus
1145 2648 1265 2715 ille,
1312 2648 1365 2702 in
1405 2645 1570 2701 tantis
1615 2658 1836 2700 versans

244 2745 530 2817 angustiis,
580 2758 754 2814 neque
790 2742 1053 2811 respirare
1078 2739 1283 2803 valens,
1312 2747 1369 2792 et
1396 2737 1625 2791 ferarum
1655 2733 1837 2788 bruto-

241 2851 479 2906 rumque
505 2834 801 2890 convictum
832 2832 1012 2887 ferens
1037 2848 1055 2886 :
1081 2830 1172 2902 qui
1191 2828 1319 2885 etin
1342 2825 1590 2882 omnibus
1601 2831 1836 2878 mentem

244 2942 407 2982 suam
450 2923 674 2979 solidam
712 2922 1041 2984 declarabat,
1087 2928 1145 2974 et
1188 2917 1511 2973 voluntatem
1555 2911 1695 2968 ﬁecti
1740 2925 1836 2967 ne-

240 3021 443 3085 sciam,
492 3027 551 3073 et
589 3016 748 3072 ﬁdem
798 3029 924 3084 erga
952 3013 1142 3077 Deum,
1170 3024 1267 3081 per
1290 3022 1451 3081 quam
1479 3004 1633 3061 facile
1669 3014 1720 3059 et
1750 3003 1832 3058 le-

244 3111 391 3165 viter
430 3108 608 3163 omnia
643 3105 958 3162 sustinebat.
994 3104 1169 3173 Atque
1196 3099 1416 3166 ideirco,
1446 3096 1694 3169 quoniam
1719 3110 1840 3167 qua:

241 3214 348 3254 sua
377 3206 529 3254 erant
554 3197 731 3251 omnia
756 3194 1035 3260 alierebat,
1080 3206 1269 3248 eorum
1311 3188 1471 3245 etiam
1508 3203 1628 3258 qua:
1672 3202 1703 3241 a
1732 3186 1839 3240 Deo

248 3297 431 3355 erant,
453 3286 666 3343 abunde
692 3287 891 3357 potitus
907 3292 1009 3340 est.
1027 3282 1283 3352 Quamvis
1309 3278 1454 3335 enim
1481 3278 1701 3334 multam
1729 3274 1839 3332 fer-

245 3392 341 3437 ret
370 3382 421 3436 in
445 3395 569 3436 arca
596 3378 914 3450 angustiam,
957 3384 1191 3430 attamen
1221 3371 1513 3427 terribilem
1554 3376 1840 3437 tempesta-
1870 3388 1889 3405 ο

244 3486 363 3530 tem
390 3484 444 3530 et
472 3485 810 3528 communem
836 3469 1072 3524 onmium
1098 3463 1516 3521 internecionem
1534 3459 1837 3530 eﬁ‘ugiebat.

247 3566 325 3623 Et
369 3573 650 3635 propterea
690 3568 812 3632 post
846 3558 1143 3629 angustiam
1190 3555 1335 3610 illam
1375 3563 1430 3608 et
1456 3550 1840 3607 intolerabilem

245 3671 547 3721 carcerem,
592 3652 930 3710 securitatem
975 3658 1030 3706 et
1071 3649 1303 3718 quietem
1355 3644 1578 3713 adeptus
1614 3651 1696 3696 est
1736 3657 1840 3695 una

242 3765 377 3805 eum
406 3748 584 3804 divina
609 3743 1017 3808 benedictione;
1050 3742 1349 3810 iterumque
1379 3748 1588 3807 gratum
1607 3735 1840 3789 animum

246 3842 508 3910 operibus
544 3839 817 3903 iudicavit,
858 3844 915 3892 et
960 3834 1158 3903 ubique
1212 3831 1450 3886 invenies
1491 3829 1636 3883 illum
1673 3825 1843 3895 prima

245 3934 567 3991 contulisse.
605 3931 739 3987 Nam
786 3929 926 3984 sicut
968 3928 1020 3981 in
1061 3926 1230 3997 prima
1256 3933 1413 3977 aetate
1440 3935 1652 3975 omnem
1680 3919 1845 3973 virtu-

250 4037 367 4081 tem
395 4033 624 4079 sectatus
653 4030 754 4085 est,
800 4029 853 4075 et
880 4034 911 4072 a
937 4017 1080 4072 vitiis
1118 4031 1176 4071 se
1204 4012 1472 4074 alienavit,
1518 4008 1709 4080 quibus
1747 4009 1837 4079 qui

250 4130 389 4174 tunc
431 4116 693 4178 vivebant,
746 4110 926 4167 infecti
953 4116 1107 4164 erant
1138 4122 1153 4161 :
1186 4103 1328 4160 unde
1365 4115 1539 4171 neque
1568 4112 1842 4169 pmnarum

251 4210 526 4281 particeps
573 4206 690 4273 fuit,
732 4213 933 4260 etcum
977 4199 1071 4254 alii
1117 4210 1305 4252 omnes
1352 4194 1841 4261 submergerentur,

256 4305 378 4371 ipse
425 4300 569 4354 solus
613 4305 853 4353 servatus
896 4302 1018 4349 est:
1053 4292 1123 4345 ita
1154 4300 1338 4343 rursus
1363 4285 1486 4355 quia
1526 4282 1683 4335 ﬁdem
1713 4294 1844 4350 quo-

252 4408 369 4460 que
416 4390 627 4454 habuit,
674 4397 729 4443 et
769 4400 890 4440 (mm
915 4382 1202 4453 gratiarum
1231 4377 1441 4432 actione
1469 4387 1617 4428 suam
1644 4372 1697 4424 in
1723 4382 1844 4423 arca

255 4482 645 4540 habitationem
688 4477 844 4542 tulit,
882 4475 1072 4530 iterum
1111 4468 1287 4525 divina
1328 4466 1466 4521 dona
1513 4461 1727 4533 coliiose
1773 4460 1845 4514 illi

254 4589 520 4631 cumcessa
549 4579 708 4635 sunt,
749 4574 804 4625 et
838 4582 959 4622 cum
999 4576 1251 4635 egressus
1289 4574 1354 4613 ex
1381 4571 1525 4621 area,
1570 4557 1703 4609 etin
1740 4552 1847 4622 pri-

257 4666 459 4721 stinum
485 4672 679 4718 statum
704 4659 978 4714 restitutus
1005 4663 1181 4717 esset,
1209 4651 1386 4706 statim
1411 4645 1835 4704 benedictionem

256 4760 621 4824 consequutus
650 4759 753 4816 est,
787 4758 843 4803 et
888 4747 1078 4801 iterum
1117 4743 1324 4798 solitam
1350 4755 1459 4810 pra:
1486 4753 1546 4793 se
1576 4736 1693 4791 tulit
1711 4734 1847 4805 grati

259 4844 428 4900 animi
447 4842 783 4915 probitatem,
812 4838 1109 4905 emissaque
1136 4834 1424 4904 gratiarum
1450 4829 1658 4882 actione
1686 4826 1847 4880 etiam

262 4949 396 4992 tunc
423 4914 711 5003 majoribus
740 4928 1012 4985 beneﬁciis
1036 4941 1065 4979 a
1109 4924 1221 4978 Deo
1258 4918 1554 4976 cumulatus
1592 4924 1694 4972 est.
1736 4914 1850 4969 Mos

263 5028 415 5085 cnim
456 5027 550 5082 Dei
589 5034 693 5089 est,
736 5031 798 5077 ut
842 5022 886 5077 si
916 5034 1013 5073 nos
1043 5016 1219 5073 tenuia
1246 5012 1487 5084 quaedam
1516 5018 1571 5067 et
1594 5009 1716 5063 vilia
1745 5007 1846 5065 ob-

263 5118 577 5179 tulerimus.
609 5115 705 5172 sed
747 5123 924 5169 tamen
950 5110 1320 5172 obtulerimus,
1348 5105 1510 5160 multa
1537 5101 1851 5158 liberalitate

266 5227 371 5267 nos
396 5216 718 5266 remuneret.
763 5206 831 5263 Et
854 5212 912 5258 ut
940 5203 1115 5258 discas
1141 5207 1336 5270 quanta
1376 5196 1447 5250 sit
1498 5195 1726 5247 humana
1770 5201 1851 5245 te-

264 5303 469 5369 nuitas,
516 5309 711 5372 quanta
759 5297 851 5353 Dei
892 5290 1302 5365 magniﬁcentia,
1348 5288 1438 5344 hic
1475 5294 1705 5341 mentem
1753 5282 1851 5337 ad.

268 5397 420 5452 bibe.
469 5394 581 5450 Nos
604 5392 746 5449 enim
771 5391 816 5446 si
846 5386 972 5457 quid
998 5384 1323 5439 voluerimus
1346 5379 1559 5445 offerre,
1585 5375 1712 5448 quid
1740 5391 1854 5428 am-

268 5489 414 5558 plius
437 5486 634 5542 offerre
663 5494 968 5553 possumus,
1012 5491 1168 5547 quam
1207 5482 1461 5544 quantum
1516 5469 1694 5524 verbis
1733 5483 1856 5539 gra-

266 5581 377 5634 tias
423 5573 744 5633 referimus?
774 5572 847 5625 F.a
885 5583 1016 5625 sane
1063 5581 1183 5635 qua:
1235 5564 1349 5633 ipse
1393 5560 1644 5625 exhibet,
1692 5571 1855 5627 opere

264 5670 428 5729 nobis
467 5674 707 5735 praestat.
747 5664 916 5731 Quam
964 5658 1184 5729 imparia
1226 5662 1407 5709 autem
1443 5660 1568 5707 sunt
1607 5647 1767 5704 verba
1798 5653 1856 5702 et

337 5828 353 5859 ι
394 5824 518 5872 Multi
553 5828 681 5878 Mss...
705 5814 898 5870 sienim
930 5811 1236 5878 uoluerimus,
1280 5806 1543 5872 poterimus
1584 5802 1853 5855 universam

265 5896 499 5944 naturam
520 5888 731 5934 nostram
760 5878 832 5931 sic
849 5877 1110 5927 instituere.

1264 447 1332 503 1N
1372 447 1521 503 car.
1565 444 1693 500 vin.
1738 444 1985 502 esses.
2027 417 2252 506 n'omL.
2295 451 2482 508 xxvr.

1935 565 2138 634 opera?
2173 577 2229 622 et
2259 568 2509 623 Dominus
2536 569 2796 624 nullarum
2820 585 2997 627 rerum
3028 572 3238 644 indigus
3262 584 3367 639 est,
3395 577 3511 629 nul-

1937 656 2092 726 laque
2139 673 2319 715 rerum
2358 669 2657 714 nostrarum
2704 671 2843 731 eget,
2895 672 3246 734 prmterquam
3287 664 3509 720 verbis:

1932 761 2090 817 atque
2117 747 2254 803 hanc
2273 749 2439 819 ipsam
2467 751 2641 806 verbis
2667 753 2922 820 prolatam
2947 754 3232 824 gratiarum
3249 756 3511 811 actionem

1933 837 2114 905 exigit,
2162 852 2269 893 non
2309 839 2451 907 quod
2505 855 2567 896 ea
2613 840 2728 911 ipse
2768 857 2902 912 opus
2947 843 3158 904 habeat,
3189 844 3283 899 sed
3315 855 3372 899 ut
3415 861 3512 899 nos

1932 926 2120 982 doceat
2158 940 2335 998 gratos
2377 945 2520 994 esse,
2561 940 2615 986 et
2642 947 2932 1002 agnoscere
2958 943 3223 991 tantorum
3252 935 3514 990 bonorum

1931 1020 2405 1099 suppeditatorem.
2457 1023 2521 1077 Et
2569 1024 2712 1079 illam
2740 1025 2810 1080 ob
2837 1040 3052 1081 causam
3082 1026 3275 1082 Paulus
3302 1042 3515 1098 quoque

1936 1111 2173 1167 scribens
2200 1112 2409 1169 dicebat
2438 1135 2455 1169 :
2483 1113 2631 1170 Grati
2654 1126 2809 1172 estote
2853 1116 3077 1188 (Colon.
3110 1119 3163 1176 ὅ.
3193 1118 3324 1187 15).
3368 1117 3516 1173 Nihil

1932 1202 2075 1256 enim
2120 1203 2197 1258 sic
2223 1204 2443 1274 requirit
2473 1220 2506 1260 a
2542 1206 2696 1263 nobis
2735 1207 3006 1273 Dominus,
3046 1215 3107 1263 ut
3142 1208 3282 1264 istud
3320 1208 3515 1279 ipsum.

1934 1293 2164 1348 Proinde
2206 1311 2274 1351 ne
2316 1297 2487 1354 simus
2515 1296 2727 1369 ingrati,
2775 1314 2947 1368 neque
2970 1298 3096 1354 dum
3126 1314 3184 1354 re
3211 1299 3323 1369 ipsa
3354 1299 3519 1355 bene-

1932 1382 2050 1438 ﬁcia
2098 1385 2434 1454 experimur,
2505 1402 2791 1458 gravemnr
2828 1388 3021 1445 offerre
3060 1388 3286 1444 Domino
3334 1389 3516 1445 verbis

1935 1475 2131 1531 nostris
2154 1476 2441 1545 gratiarum
2491 1478 2752 1534 actionem
2786 1496 2799 1532 :
2830 1479 3021 1534 iterum
3045 1478 3186 1534 enim
3213 1481 3418 1534 lucrum
3459 1479 3512 1532 in

1934 1578 2034 1619 nos
2058 1564 2335 1621 redundat.
2360 1565 2513 1635 Quod
2537 1567 2583 1622 si
2608 1567 2677 1622 de
2698 1569 2881 1637 primis
2904 1568 3039 1639 grati
3066 1567 3343 1633 fuerimus,
3382 1583 3517 1634 pra:-

1934 1662 2173 1726 terquam
2211 1655 2354 1726 quod
2393 1655 2593 1726 majora
2635 1657 3009 1724 nanciscimur,
3074 1656 3234 1711 etiam
3265 1655 3515 1711 ﬁduciam

1934 1744 2089 1800 nobis
2127 1760 2372 1815 magnam
2415 1759 2807 1816 comparamus.
2841 1746 3014 1803 Unum
3065 1746 3204 1814 hoc,
3254 1747 3515 1813 obsecro,

1933 1833 2155 1904 singulis
2194 1834 2382 1892 diebus
2410 1843 2470 1892 et
2495 1834 2662 1902 boris,
2716 1837 2761 1891 si
2799 1835 2909 1890 ﬁeri
2949 1844 3144 1906 potest,
3176 1847 3521 1906 supputemus

1935 1923 2234 1989 nobiscum,
2283 1940 2391 1980 non
2432 1926 2731 1983 communia
2759 1933 2964 1980 tantum
2993 1926 3246 1981 beneﬁcia
3275 1941 3395 1996 qua:
3426 1927 3518 1979 toti

1934 2026 2137 2071 naturae
2180 2019 2416 2073 omnium
2453 2017 2639 2087 Opifex
2681 2017 2939 2084 contulit,
2982 2016 3078 2072 sed
3122 2023 3178 2073 et
3215 2018 3420 2087 privata
3465 2026 3519 2071 et

1935 2106 2259 2176 quotidiana.

2005 2194 2261 2266 Beneﬁcia
2300 2196 2434 2252 Deus
2473 2197 2615 2252 nobis
2641 2197 2857 2269 confert,
2885 2198 3035 2252 etiam
3060 2197 3262 2253 nesciis.
3288 2226 3361 2238 —
3377 2196 3515 2265 Quid

1935 2288 2057 2343 dico
2102 2290 2300 2357 privata
2331 2298 2386 2344 et
2414 2290 2760 2360 quotidiana?
2791 2290 2963 2343 Etiam
2987 2304 3051 2343 ea
3074 2303 3193 2359 quae
3227 2288 3520 2359 ignoranti-

1938 2377 2036 2432 bus
2059 2378 2213 2433 nobis
2236 2377 2464 2445 confert,
2492 2393 2693 2449 proque
2729 2378 2811 2433 his
2837 2379 3035 2449 gratias
3076 2392 3315 2448 agamus.
3339 2378 3520 2445 Quan-

1937 2467 2222 2538 doquidem
2248 2469 2391 2524 enim
2419 2484 2513 2538 pro
2540 2469 2710 2524 salute
2735 2478 2915 2524 nostra
2940 2468 3197 2523 sollicitus
3220 2475 3323 2533 est,
3356 2465 3519 2521 multa

1939 2560 2097 2615 etiam
2128 2559 2180 2614 in
2218 2574 2316 2615 nos
2346 2560 2555 2615 nescios
2599 2559 2854 2615 beneﬁcia
2890 2558 3129 2622 confert,
3172 2573 3316 2628 saepe
3358 2560 3520 2611 etiam

1939 2666 1970 2706 e
1998 2651 2249 2720 periculis
2273 2650 2452 2721 eripit,
2480 2660 2640 2722 atque
2675 2651 2776 2705 alia
2812 2649 3067 2705 beneﬁcia
3095 2659 3328 2720 praestat.
3380 2647 3523 2704 Fons

1939 2745 2081 2798 enim
2109 2753 2191 2799 est
2229 2743 2550 2809 clementiae,
2581 2758 2676 2798 sua
2705 2742 2900 2797 ﬂuenta
2926 2756 3138 2811 semper
3164 2740 3398 2796 humano
3424 2756 3520 2811 ge-

1940 2835 2057 2891 neri
2096 2835 2441 2906 profundens.
2472 2835 2634 2905 Igitur
2672 2836 2719 2890 si
2760 2834 2875 2890 haec
2915 2836 3229 2905 cogitemus,
3271 2847 3521 2901 operam-

1939 2943 2043 2999 que
2069 2927 2257 2984 demus
2282 2937 2343 2983 ut
2370 2936 2426 2983 et
2453 2943 2548 2998 pro
2575 2927 2763 2998 primis
2812 2926 2923 2982 suis
2953 2927 3109 2983 donis
3143 2926 3340 2996 gratias
3379 2924 3483 2979 om:

1941 3036 2120 3075 ramus
2168 3020 2413 3087 Domino,
2466 3028 2522 3074 et
2552 3034 2648 3089 pro
2677 3018 2865 3073 futuris
2892 3016 2971 3073 sic
2999 3032 3096 3071 nos
3125 3030 3484 3085 praeparemus
3504 3056 3520 3078 ,

1943 3120 2001 3167 ut
2027 3127 2133 3167 non
2161 3110 2433 3168 videamur
2472 3110 2670 3181 indigni
2695 3110 2811 3181 ejus
2834 3108 3123 3174 beneﬁciis,
3151 3109 3330 3164 Statim
3356 3107 3518 3162 vitam

1942 3203 2204 3273 egregiam
2255 3202 2549 3269 instituere,
2602 3209 2658 3256 et
2701 3201 2919 3256 malitiae
2962 3200 3251 3271 periculum
3288 3198 3522 3269 ell‘ngere

1944 3293 2254 3363 poterimus.
2288 3292 2668 3348 Beneﬁciorum
2697 3292 2840 3347 enim
2873 3290 3130 3346 memoria
3153 3288 3339 3344 idonea
3370 3288 3525 3343 nobis

1944 3394 2029 3440 est
2053 3385 2303 3456 magistra
2333 3384 2399 3438 ad
2424 3384 2586 3439 vitam
2633 3384 2827 3438 virtute
2861 3381 3158 3452 praeditam,
3211 3396 3317 3436 non
3341 3381 3525 3436 sinens

1941 3490 2043 3532 nos
2069 3475 2120 3531 in
2139 3486 2405 3548 torporem
2431 3475 2857 3544 oblivionemque
2877 3472 3133 3539 incidere,
3158 3481 3214 3529 et
3239 3472 3304 3527 ad
3325 3471 3522 3527 malum

1943 3568 2230 3624 declinare.
2276 3567 2424 3623 Mens
2448 3567 2590 3623 enim
2617 3564 2796 3621 sobria
2822 3572 2880 3620 et
2912 3564 3156 3634 vigilans,
3205 3578 3310 3616 non
3339 3562 3515 3617 solum

1943 3674 2063 3715 cum
2084 3659 2306 3715 feliciter
2329 3673 2417 3714 res
2450 3656 2764 3724 succedunt,
2794 3655 2887 3711 sed
2915 3657 3075 3710 etiam
3095 3653 3307 3724 quando
3331 3661 3525 3723 praeter

1944 3750 2259 3805 sententiam
2312 3759 2549 3803 nostram
2593 3748 2816 3802 adversa
2861 3746 3147 3809 eveniunt,
3199 3759 3305 3799 non
3352 3742 3528 3798 minus

1945 3841 2141 3911 gratias
2169 3841 2297 3912 agit,
2334 3840 2607 3910 nihiloque
2641 3853 2705 3893 ex
2739 3853 2916 3892 rerum
2946 3833 3313 3891 vicissitudine
3334 3832 3525 3888 remis.

1945 3932 2055 3985 sior
2098 3931 2157 3986 ﬁt
2195 3947 2212 3984 :
2254 3929 2349 3985 sed
2394 3930 2562 3999 magis
2603 3928 2920 3992 roboratur,
2971 3935 3028 3980 et
3065 3922 3383 3979 ineffabilem
3426 3922 3523 3976 Dei

1947 4021 2327 4092 providentiam
2346 4019 2668 4083 considerat,
2689 4018 2778 4088 qui
2807 4031 2927 4071 cum
2954 4016 3022 4069 sit
3043 4014 3194 4069 dives
3209 4023 3266 4070 et
3288 4014 3523 4084 sapiens,

1945 4113 2105 4166 etiam
2138 4126 2231 4180 per
2252 4125 2340 4166 res
2363 4108 2648 4173 adversas,
2700 4105 2942 4176 quamvis
2962 4104 3063 4158 hoc
3093 4103 3388 4181 intelligere
3418 4115 3523 4155 non

1948 4203 2234 4275 possimus,
2279 4218 2430 4257 suam
2460 4200 2733 4255 declarare
2761 4206 2936 4267 potest
2963 4195 3365 4266 providentiam.

2018 4296 2072 4350 6.
2115 4292 2331 4348 Muralis
2371 4290 2675 4347 exhortatio.
2730 4319 2801 4330 —-
2843 4287 3006 4358 Igitur
3028 4287 3106 4341 sic
3128 4294 3185 4340 et
3213 4300 3310 4339 nos
3347 4284 3525 4339 onniia

1950 4396 2131 4445 nostra
2172 4386 2464 4448 iaciamus,
2514 4393 2573 4437 ut
2631 4381 3084 4452 qualitercumque
3122 4377 3348 4441 cadant,
3412 4375 3529 4428 uni-

1948 4495 2069 4535 cum
2090 4487 2330 4534 nostrum
2354 4488 2487 4546 opus
2512 4474 2582 4529 sit
2606 4472 2858 4528 continuo
2885 4486 2980 4541 pro
3011 4471 3112 4525 illis
3132 4469 3324 4540 gratias
3346 4482 3525 4538 agere.

1950 4570 2175 4639 Propter
2201 4568 2303 4623 hoc
2348 4568 2490 4622 enim
2521 4564 2809 4620 rationales
2834 4562 2958 4618 facti
2987 4577 3192 4628 sumus,
3217 4568 3275 4616 ct
3302 4576 3328 4611 a
3361 4560 3530 4613 brutis

1949 4660 2262 4723 differimus,
2307 4667 2366 4713 ut
2405 4657 2679 4712 laudemus
2703 4695 2719 4722 ,
2753 4653 3085 4709 celebremus
3106 4694 3121 4714 ,
3145 4656 3148 4660 λ
3171 4650 3526 4719 gloriﬁcemus

1946 4752 2143 4821 jugiter
2174 4749 2455 4804 Dominum
2484 4747 2721 4801 omnium
2751 4745 3101 4800 conditorem.
3140 4742 3434 4810 Eapropter
3475 4746 3530 4792 et

1952 4842 2182 4896 animam
2227 4839 2381 4893 nobis
2413 4836 2709 4907 inspiravit,
2753 4845 2810 4889 et
2849 4833 3078 4904 linguam
3127 4831 3292 4895 dedit,
3333 4840 3390 4884 ut
3412 4829 3527 4898 ejus

1954 4934 2005 4986 in
2038 4947 2137 4986 nos
2168 4928 2422 4984 beneﬁcia
2449 4942 2610 4981 sensu
2633 4923 3007 4996 percipientes,
3036 4921 3327 4976 dominium
3362 4934 3528 4987 agno-

1953 5038 2187 5086 scamus,
2213 5031 2268 5076 et
2309 5034 2405 5075 nos
2443 5028 2626 5088 gratos
2668 5014 3041 5076 cxhibeamus,
3087 5025 3151 5065 ac
3197 5024 3292 5080 pro
3331 5009 3530 5062 viribus

1957 5114 2180 5171 Domino
2214 5112 2412 5182 gratias
2456 5120 2695 5178 agamus.
2740 5103 2871 5158 Nam
2922 5103 2965 5156 si
3013 5101 3282 5165 homines,
3339 5098 3530 5168 quibus

1954 5208 2139 5263 eadem
2166 5213 2247 5258 est
2275 5211 2460 5257 natura
2489 5199 2784 5257 nobiscum,
2830 5210 2950 5248 cum
2993 5206 3214 5260 parvum
3247 5188 3532 5259 aliquando

1954 5316 2018 5356 ac
2045 5299 2150 5355 vile
2174 5296 2328 5352 nobis
2360 5290 2672 5348 beneﬁcium
2699 5284 3057 5357 prmstiterint,
3082 5282 3296 5352 exigunt
3319 5295 3349 5333 a
3380 5279 3533 5334 nobis

1954 5391 2246 5461 gratiarum
2275 5384 2559 5446 actionem,
2600 5392 2704 5432 non
2751 5373 2895 5446 quod
2923 5382 3158 5426 nostrum
3198 5378 3386 5425 curent
3411 5383 3526 5437 gra‘
3609 5375 3611 5378 ‘

1960 5456 2069 5537 ium
2115 5478 2387 5539 animum,
2427 5470 2524 5527 sed
2576 5478 2635 5523 ut
2688 5466 2790 5536 ipsi
2836 5462 2957 5518 inde
2997 5459 3318 5515 celebriores
3354 5456 3486 5512 ﬁant
3511 5473 3532 5511 ε

1957 5582 2154 5644 quanto
2192 5567 2359 5638 magis
2402 5563 2453 5619 id
2489 5560 2641 5616 nobis
2670 5554 2965 5613 faciendum
3007 5552 3061 5606 in
3108 5552 3171 5605 iis
3207 5566 3324 5621 qua:
3362 5565 3392 5603 a
3422 5549 3535 5604 Deo

1957 5641 2293 5733 accepimus,
2343 5657 2432 5728 qui
2486 5654 2588 5708 hoc
2629 5650 2801 5706 solum
2850 5645 2922 5700 ob
2972 5653 3207 5698 nostram
3255 5641 3531 5695 utilitatem

1959 5730 2285 5817 vult-ﬁcri!
2315 5746 2448 5803 Nam
2493 5742 2631 5798 sicut
2677 5753 2795 5794 cum
2840 5735 2974 5806 grati
3003 5749 3184 5787 sumus
3209 5730 3538 5794 hominibus,

1957 5848 2049 5919 qui
2088 5842 2241 5907 nobis
2281 5836 2695 5899 benefacerunt,
2763 5827 2883 5909 illos
2926 5824 3180 5881 clariores
3222 5819 3522 5880 reddimus;
