4078 6436
571 485 689 547 139

585 596 654 649 ita
700 600 757 650 et
798 590 852 648 si
890 591 947 646 iu
980 586 1278 658 “benignum
1326 585 1491 639 Deum
1532 580 1788 636 fuerimus
1825 575 1999 647 grati,
2057 584 2157 627 nos

586 688 730 754 ipsos
768 681 1087 738 illustriores
1133 677 1397 740 facimus;
1437 672 1685 743 quoniam
1736 683 1841 723 non
1890 673 1947 720 ut
1982 671 2161 754 nostra

587 752 945 831 celebratione
982 784 1127 840 Opus
1170 767 1393 832 habens,
1443 763 1547 818 hoc
1591 759 1704 815 fieri
1746 757 1861 813 vult
1898 773 1914 810 :
1957 752 2051 810 sed
2102 761 2163 808 ut

587 864 839 936 quidquid
889 863 942 918 id
981 861 1123 916 'iucri
1176 866 1278 923 est,
1311 858 1499 911 iterum
1538 852 1603 907 ad
1633 864 1737 907 nos
1777 849 1979 913 redeat,
2001 853 2056 901 et
2076 844 2160 900 di-

583 970 719 1027 gnos
746 953 1004 1009 faciamus
1032 967 1127 1006 nos
1156 950 1303 1019 ipsos
1343 944 1633 1015 majoribus
1668 940 1949 998 subsidiis.‘
1966 939 2163 1005 Quam-

588 1048 669 1101 vis
708 1057 884 1101 autem
932 1059 1038 1100 non
1082 1042 1346 1112 possimus
1386 1038 1439 1092 id
1473 1036 1668 1101 facere,
1714 1042 1774 1088 ut
1796 1032 2016 1102 dignum
2041 1037 2158 1084 est:

587 1140 675 1209 qui
721 1138 858 1192 enim
899 1135 1002 1193 hoc
1038 1133 1163 1189 ﬁeri
1184 1138 1396 1203 posset,
1444 1143 1565 1183 cum
1611 1135 1720 1181 tam
1751 1124 1919 1195 fragili
1959 1130 2163 1178 natura:

583 1230 781 1299 alligati
832 1224 1037 1283 simus?
1092 1232 1148 1279 et
1190 1221 1317 1292 quid
1364 1219 1484 1276 dico
1537 1220 1821 1273 humanam
1877 1210 2162 1269 naturam?

583 1321 763 1388 Neque
821 1320 949 1388 ipsa:
995 1318 1321 1384 incorporea:
1355 1320 1421 1368 et
1465 1309 1760 1365 invisibiles
1798 1306 2054 1368 virtutes,
2106 1309 2164 1358 et

583 1409 904 1480 principatus
930 1416 985 1461 et
1013 1413 1300 1476 potestates
1316 1444 1331 1470 ,
1356 1398 1749 1464 et‘Cherubim,
1775 1403 1830 1451 et
1855 1393 2155 1464 Seraphim,

582 1510 640 1554 ut
689 1499 905 1570 dignum
953 1508 1066 1564 est,
1132 1496 1407 1551 celebrare
1471 1492 1621 1547 illum
1670 1496 1913 1560 possunt,
1952 1484 2160 1540 etiamsi

582 1604 680 1660 pro
704 1590 902 1646 viribus
928 1588 1148 1660 gloriam
1179 1587 1252 1641 illi
1281 1583 1506 1640 oﬂ'eraut
1540 1598 1556 1638 :
1595 1578 1940 1636 nihilominus
1960 1576 2160 1647 justum

585 1682 743 1739 fuerit
788 1697 886 1752 pro
935 1680 1137 1735 viribus
1183 1679 1470 1748 gratiarum
1511 1673 1774 1729 actionem
1827 1668 2057 1733 offerre,
2104 1675 2160 1720 et

587 1773 951 1829 indesinenter
999 1770 1273 1826 celebrare
1323 1765 1604 1821 Dominum
1655 1772 1915 1826 nostrum,
1970 1768 2025 1814 et
2071 1772 2165 1827 per

586 1864 800 1920 landum
829 1875 1009 1927 voces,
1056 1869 1111 1916 et
1147 1876 1242 1930 per
1259 1860 1420 1914 vitam
1457 1855 1737 1927 optimam.
1782 1851 1885 1907 ista
1913 1849 2054 1904 enim
2081 1856 2165 1901 est

591 1953 883 2009 clarissima
914 1950 1005 2006 Dei
1025 1948 1335 2012 celebratio,
1362 1943 1576 2017 quando
1604 1941 2033 2013 per'inuumeras
2052 1937 2158 1992 liu-

585 2058 715 2112 guas
738 2043 962 2114 gloriam
1009 2040 1107 2111 ipsi
1146 2037 1436 2093 offerimus.
1485 2034 1617 2091 Nam
1663 2033 1753 2103 qui
1794 2032 1987 2086 virtute
2027 2045 2165 2099 pne-

587 2137 730 2190 ditus
770 2140 874 2199 est,
921 2133 973 2187 id
1011 2130 1177 2187 efficit
1214 2137 1275 2184 ut
1313 2142 1522 2189 omnes,
1570 2126 1659 2197 qui
1705 2124 1977 2179 intuentur
2017 2135 2161 2186 eum,

591 2228 868 2283 Dominum
917 2225 1034 2295 ejus
1083 2222 1300 2277 laudent
1328 2237 1343 2275 :
1373 2230 1427 2276 et
1471 2217 1759 2275 celebratio
1804 2216 1917 2269 lure
1958 2212 2028 2278 ei,
2059 2212 2161 2280 ‘qui

586 2318 921 2373 occasionem
981 2313 1237 2384 pnebuit,
1303 2325 1549 2381 magnam
1597 2318 1651 2362 et
1693 2303 2012 2360 ineffabilem
2071 2301 2163 2355 Dei

587 2407 1010 2464 benevolentiam
1054 2402 1321 2458 conciliat.
1375 2399 1513 2468 Quid
1566 2398 1722 2468 igitur
1765 2395 1918 2450 nobis
1959 2391 2166 2449 beatius

591 2500 753 2563 foret,
801 2500 845 2552 si
896 2512 1000 2551 non
1048 2495 1219 2550 solum
1264 2491 1459 2548 nostris
1502 2490 1693 2560 linguis
1749 2488 1945 2542 bonum
1996 2485 2162 2539 Deum

588 2589 754 2660 gloria
803 2588 1173 2652 afficeremus,
1240 2582 1335 2639 sed
1386 2592 1440 2637 et
1481 2582 1752 2651 proximos
1789 2591 2034 2649 quoque,
2108 2585 2168 2629 ut

590 2690 772 2735 nostro
811 2678 1027 2733 nomine
1068 2691 1193 2733 eum
1234 2674 1585 2739 celebrarent,
1618 2669 1999 2727 iueitaremus?
2022 2669 2164 2723 Tau-

590 2786 700 2829 tum
738 2774 881 2829 enim
926 2770 1139 2826 virtutis
1186 2770 1350 2825 robur
1394 2780 1493 2833 est,
1539 2775 1602 2822 ut
1652 2765 1946 2821 innumeris
1972 2762 2167 2834 linguis

588 2863 934 2919 Conditorem
983 2860 1203 2917 laudare
1245 2870 1425 2931 queat.
1488 2857 1631 2913 Nihil
1668 2857 1850 2928 utique
1887 2856 2009 2909 vitae
2058 2855 2166 2908 vir-

588 2957 714 3011 tutis
748 2954 999 3010 studiosae
1046 2953 1343 3021 comparari
1394 2957 1590 3019 potest,
1641 2947 1855 3003 dilecte.
1902 2945 2055 3002 Unde
2110 2953 2166 2999 et

589 3047 845 3103 Dominus
867 3045 1077 3101 diccbat
1107 3062 1121 3099 :
1151 3042 1335 3098 Luccat
1365 3042 1454 3097 tua:
1480 3049 1640 3095 vestra
1667 3054 1839 3093 coram
1861 3037 2163 3101 hominibus,

591 3149 645 3193 ut
683 3139 881 3193 videant
915 3152 1070 3205 opera
1113 3145 1275 3188 vestra
1323 3132 1482 3196 bona,
1526 3141 1573 3185 et
1621 3128 1904 3202 gloriﬁth
1956 3126 2166 3181 Patrem

589 3236 804 3284 vestrum
850 3227 938 3299 qui
965 3235 1038 3279 est
1078 3225 1131 3278 in
1166 3224 1303 3279 catis
1331 3221 1541 3294 (Matth.
1568 3221 1621 3277 5.
1656 3221 1770 3291 16).
1804 3218 1991 3274 Vidisti
2033 3231 2166 3288 quo-

593 3318 755 3372 modo
805 3318 981 3372 lumen
1025 3331 1145 3371 cum
1188 3318 1530 3385 apparuerit,
1579 3311 1827 3382 dispellat
1874 3309 2168 3367 tenebras?

591 3410 664 3464 ita
688 3417 742 3464 ct
768 3409 954 3473 virtus,
994 3408 1040 3464 si
1090 3406 1377 3477 conspicua
1420 3404 1601 3471 fuerit,
1650 3413 1704 3460 et
1745 3403 2000 3457 malitiam
2024 3400 2168 3471 fugat

588 3513 643 3558 et
684 3501 881 3557 erroris
929 3500 1175 3556 tenebras
1228 3499 1432 3569 abigit,
1478 3506 1821 3566 mentemque
1869 3494 2161 3550 videntium

590 3591 789 3649 excitat
823 3591 891 3646 ad
931 3592 1093 3647 Deum
1139 3588 1540 3646 celebrandum.
1577 3587 1837 3655 Quocirca
1865 3596 2168 3656 satagamus

595 3696 650 3737 ut
690 3683 769 3737 sic
801 3680 1012 3736 luceant
1047 3696 1208 3749 opera
1252 3688 1456 3746 nostra,
1509 3694 1615 3749 quo
1659 3685 1716 3734 et
1761 3677 2018 3732 Dominus
2069 3690 2170 3732 no-

594 3784 704 3829 ster
728 3771 1049 3828 celebretur.
1082 3772 1207 3827 Haec
1259 3782 1435 3827 autem
1479 3771 1617 3827 dixit
1652 3770 1915 3837 Christus,
1965 3785 2069 3824 non
2111 3778 2171 3825 ut

594 3865 660 3919 ad
705 3864 1114 3919 ostentationem
1158 3862 1355 3933 aliquid
1397 3862 1690 3930 faciamus;
1739 3862 1878 3917 absit
1917 3880 1931 3916 :
1973 3861 2070 3918 sed
2115 3869 2171 3915 ut

593 3956 891 4027 diligenter,
918 3964 971 4010 et
999 3964 1058 4009 ut
1103 3954 1201 4024 ipsi
1248 3954 1521 4025 probatur,
1569 3954 1729 4009 vitam
1778 3968 2018 4025 agamus,
2061 3967 2169 4007 non

595 4045 936 4119 blasphemiae
961 4046 1188 4117 cuipiam
1234 4046 1406 4102 locum
1436 4046 1808 4113 concedentes,
1858 4045 1952 4102 sed
1975 4046 2023 4100 id
2050 4045 2165 4102 effl-

593 4141 836 4208 cientes,
884 4148 944 4194 ut
1005 4139 1160 4194 bonis
1224 4139 1479 4208 operibus
1535 4141 1587 4193 in
1640 4138 1851 4194 laudem
1907 4138 1998 4193 Dei
2047 4153 2171 4208 pro—

597 4240 842 4290 rmnnaut
883 4245 1072 4285 omnes
1106 4231 1197 4300 qui
1245 4245 1344 4285 nos
1389 4230 1590 4284 vident.
1643 4230 1793 4285 Tunc
1826 4230 2002 4295 enim,
2047 4240 2173 4286 tunc

592 4322 765 4391 ipsius
789 4318 940 4373 nobis
964 4322 1186 4388 gratiam
1216 4320 1470 4389 majorem
1497 4319 1926 4385 conciliabimus,
1965 4330 2020 4376 et
2060 4335 2173 4390 pa:-

595 4423 720 4462 nam
747 4408 998 4478 effugere,
1020 4407 1266 4479 bonaque
1303 4408 1588 4463 ineffabilia
1611 4409 1830 4480 adipisci
1858 4410 2170 4478 poterimus,

597 4497 766 4566 gratia
808 4508 859 4551 et
902 4497 1266 4552 misericordia
1314 4498 1522 4553 Domini
1578 4500 1742 4554 nostri
1782 4499 1910 4555 Jesu
1946 4499 2173 4568 Christi,

599 4603 719 4642 cum
757 4603 865 4657 quo
907 4588 1050 4643 Patri
1096 4589 1252 4643 simul
1292 4597 1348 4644 et
1388 4589 1607 4658 Spiritui
1644 4602 1831 4645 sancto
1874 4593 1944 4647 sit
1983 4592 2172 4661 gloria,

601 4679 918 4749 imperium,
970 4680 1161 4746 honor,
1219 4695 1360 4735 nunc
1407 4689 1463 4735 ct
1502 4695 1736 4751 semper,
1781 4692 1837 4738 et
1885 4683 1939 4737 in
1985 4683 2177 4738 sazcula

597 4772 934 4826 saeculorum.
984 4772 1175 4826 Amen.

1120 4860 1395 4918 llOMlLIA
1435 4859 1647 4918 XXVII.

600 4956 669 5011 Et
696 4955 964 5024 wdi/icavit
998 4953 1113 5008 Noe
1149 4954 1311 5007 altare
1343 4951 1593 5021 Domino,
1638 4962 1686 5008 et
1713 4950 1904 5025 accepit
1931 4955 1994 5009 de
2014 4955 2180 5009 omni-

672 5049 765 5102 bus
812 5046 1072 5118 pecoribus
1119 5046 1321 5101 mundis
1343 5086 1359 5111 ,
1425 5054 1473 5100 et
1521 5048 1585 5101 de
1624 5046 1874 5102 omnibus
1899 5047 2182 5103 volucribus

669 5140 873 5195 mundis
894 5179 910 5205 ,
951 5147 995 5192 et
1041 5136 1219 5192 obtulit
1264 5137 1609 5191 holocaustum
1648 5154 1798 5207 super
1835 5139 1996 5193 altare
2024 5137 2177 5211 (Gen.

672 5233 726 5286 s.
757 5229 886 5298 ρο).

679 5322 733 5376 Ι.
762 5319 1129 5390 Beneﬁciorum
1154 5316 1253 5373 Dei
1278 5319 1539 5373 memoria.
1565 5348 1638 5359 —
1678 5319 1901 5374 Vidistis
1932 5319 2045 5374 heri
2071 5319 2183 5376 cle-

608 5410 805 5468 mentis
832 5410 1035 5464 Domiui
1065 5409 1354 5463 bonitatem
1379 5450 1394 5475 ,
1440 5408 1714 5480 quomodo
1742 5426 1806 5465 ex
1834 5424 1957 5465 arca
1979 5410 2182 5479 justum

612 5505 813 5568 eduxit,
839 5500 908 5556 ab
932 5501 1049 5571 ejus
1079 5499 1402 5556 habitatione
1425 5500 1704 5565 liberavit,
1734 5516 1800 5557 ex
1839 5500 1931 5556 illo
1958 5502 2093 5555 tristi
2124 5515 2187 5556 ae

613 5592 840 5645 inolesto
858 5604 1074 5645 carcere
1099 5589 1312 5659 eripuit,
1357 5598 1412 5644 et
1442 5590 1747 5658 patientiam
1772 5590 1911 5645 illius
1939 5605 2186 5645 remune-

609 5681 772 5748 ravit,
819 5676 1052 5732 dicens:
1090 5678 1306 5734 Crescite
1338 5688 1386 5734 et
1431 5678 1859 5747 multiplicamini.
1913 5680 2189 5735 Discamus

616 5771 775 5829 hodie
807 5780 967 5834 quam
1006 5765 1327 5835 benevolus,
1358 5777 1413 5824 et
1438 5784 1595 5838 quam
1621 5778 1783 5840 grata:
1811 5770 2003 5826 anima:
2030 5769 2190 5828 fuerit

620 5852 753 5929 Noe,
813 5853 940 5912 inde
966 5855 1077 5926 ipse
1103 5859 1272 5915 multo
1306 5860 1604 5918 uberiorem
1646 5862 1738 5920 Dei
1779 5877 1902 5935 erga
1936 5875 1995 5920 se
2025 5864 2190 5922 bene--

1282 474 1350 531 Β.
1388 468 1664 528 JOANNIS
1697 458 2171 523 CHRYSOSTOMI
2209 459 2526 521 ARCHIEP.
2552 464 3079 525 CONSTANTINOP.

3739 475 3850 534 2L0

2259 572 2552 632 volentiam
2595 578 2698 633 sibi
2744 580 3123 634 conciliaverit.
3175 577 3305 634 Nam
3355 580 3495 637 solet
3529 582 3679 640 Deus
3723 603 3849 644 cum

2264 664 2494 735 aliquem
2522 666 2664 722 videt
2706 668 2794 736 qui
2831 679 3015 737 gratus
3062 669 3131 723 sit
3173 668 3242 723 de
3289 670 3597 738 prioribus,
3646 674 3851 746 largius

2264 764 2319 813 et
2345 759 2661 814 cumulatius
2688 774 2783 814 sua
2806 759 2944 815 dona
2987 760 3040 815 in
3076 760 3226 815 illum
3267 760 3611 831 profundere.
3644 765 3849 823 Demus

2266 846 2423 916 igitur
2460 855 2515 903 et
2559 863 2657 903 nos
2684 863 2900 918 operam
2927 891 2942 914 ,
2971 858 3030 904 ut
3055 850 3344 920 gratiarum
3384 852 3623 909 actiones
3644 869 3747 924 pro
3771 859 3850 911 vi-

2254 936 2348 990 rﬂi
2375 936 2601 992 Domino
2628 936 2912 993 oﬂ’eramus
2947 953 3046 1009 pro
3088 940 3241 995 donis
3270 956 3389 1010 quae
3432 942 3501 996 ab
3529 958 3597 999 eo
3635 946 3850 1014 pridem

2264 1026 2417 1081 nobis
2446 1029 2680 1096 prtestita
2725 1040 2871 1095 sunt,
2898 1039 2956 1083 nt
2978 1041 3031 1084 et
3053 1031 3252 1101 majora
3279 1032 3401 1087 inde
3424 1048 3848 1106 consequamur,

2262 1124 2319 1170 et
2360 1132 2648 1186 numquam
2689 1118 3064 1173 obliviscantur
3091 1120 3186 1175 Dei
3233 1121 3489 1178 beneficia
3521 1124 3576 1178 in
3607 1140 3712 1181 nos
3738 1128 3852 1182 col-

2264 1206 2391 1272 lata,
2422 1207 2516 1263 sed
2542 1223 2755 1278 semper
2778 1224 2839 1263 ea
2867 1210 2917 1263 in
2949 1219 3127 1266 mente
3153 1222 3332 1267 nostra
3357 1229 3656 1284 versemus,
3688 1225 3751 1272 ut
3780 1219 3848 1273 ad

2261 1296 2566 1350 continuam
2591 1297 2877 1368 gratiarum
2900 1300 3166 1355 actionem
3196 1317 3381 1356 eorum
3412 1306 3668 1360 memoria
3700 1322 3855 1363 com—

2252 1387 2559 1457 pellantur,
2603 1391 2808 1443 tametsi
2846 1399 2924 1444 tot
2949 1392 3074 1456 sint,
3111 1401 3168 1446 ut
3195 1407 3350 1449 mens
3375 1407 3555 1450 nostra
3595 1413 3702 1452 non
3736 1400 3854 1454 suf-

2266 1478 2403 1532 ficiat
2420 1478 2487 1532 ad
2509 1481 3067 1548 comprehendendum
3083 1495 3136 1537 et
3153 1486 3576 1541 euumerandum
3598 1503 3854 1558 magnam

2265 1583 2383 1635 qua:
2430 1568 2582 1621 nobis
2615 1569 2834 1641 contigit
2860 1585 2925 1625 es
2958 1574 3073 1642 ejus
3102 1573 3416 1630 liberalitate
3440 1577 3670 1645 copiam.
3706 1579 3856 1647 Quo-

2260 1657 2424 1712 modo
2450 1658 2591 1713 enim
2622 1659 2738 1729 quis
2779 1659 3012 1731 cogitare
3039 1673 3221 1732 posset
3243 1679 3306 1719 ea
3335 1679 3456 1735 qua:
3498 1666 3552 1720 in
3592 1683 3694 1721 nos
3738 1669 3852 1738 jam

2265 1755 2389 1801 sunt
2428 1747 2618 1802 collata
2643 1788 2658 1812 ,
2702 1764 2821 1819 qur
2857 1752 2982 1805 item
3020 1752 3282 1821 promissa
3308 1796 3324 1820 ,
3365 1769 3485 1823 qua:
3520 1764 3574 1810 et
3607 1758 3856 1826 quotidie

2266 1836 2609 1893 conferuntur
2639 1854 2654 1893 :
2681 1839 2821 1909 quod
2845 1855 2908 1893 ex
2939 1840 3105 1895 nihilo
3142 1842 3453 1911 produxerit
3489 1855 3547 1900 ut
3581 1862 3852 1912 essemus,

2259 1928 2405 1997 quod
2433 1942 2627 1998 corpus
2651 1938 2705 1985 et
2724 1931 2956 1985 animam
2994 1931 3229 1998 dederit,
3264 1934 3417 2003 quod
3435 1936 3729 1991 rationales
3756 1955 3855 1993 nos

2260 2017 2590 2084 formaverit,
2617 2019 2757 2090 quod
2782 2035 2961 2077 aerem
2990 2023 3689 2091 respiratiunieoncesserit.
3708 2030 3854 2099 quod

2267 2115 2563 2163 creaturam
2590 2124 2803 2164 omnem
2831 2119 3048 2181 proliter
3069 2113 3359 2168 humanum
3387 2131 3557 2185 genus
3582 2120 3853 2187 produxe-

2267 2199 2372 2264 rit,
2405 2200 2546 2268 quod
2589 2201 2701 2269 ipse
2726 2202 2938 2271 quidem
2968 2203 3035 2257 ab
3054 2203 3212 2259 initio
3239 2207 3470 2262 voluerit
3492 2208 3771 2264 hominem
3803 2213 3855 2264 in

2262 2292 2516 2360 paradiso
2543 2294 2704 2348 vitam
2746 2309 2907 2364 agere
2944 2295 3079 2351 citra
3106 2312 3318 2353 omnem
3348 2299 3586 2355 dolorem
3616 2311 3673 2355 et
3702 2303 3855 2356 labo-

2258 2397 2414 2448 rem,
2448 2392 2505 2438 et
2539 2384 2669 2439 nihil
2694 2387 2871 2441 minus
2896 2386 3178 2443 habentem
3207 2391 3411 2459 angelis
3438 2402 3493 2446 et
3521 2392 3857 2463 incorporeis

2272 2476 2379 2531 illis
2406 2477 2712 2545 virtutibus,
2739 2481 3085 2537 cxsistentem
3115 2482 3165 2535 in
3190 2498 3436 2552 corpore,
3462 2484 3559 2539 sed
3585 2495 3639 2539 et
3665 2500 3857 2556 corpo-

2256 2567 2467 2621 ralibus
2492 2569 2893 2626 necessitatibus
2913 2586 3016 2626 non
3043 2571 3330 2627 obnoxium
3349 2572 3608 2629 ?-Deinde
3634 2577 3854 2644 quando

2268 2660 2339 2714 oh
2369 2660 2738 2731 negligentiam
2775 2662 3091 2732 deceptione
3130 2663 3391 2719 diabolica
3425 2680 3518 2733 per
3543 2680 3853 2736 serpentem

2268 2750 2426 2805 allata
2450 2753 2817 2821 snpplantatns
2843 2753 2973 2819 fuit,
3003 2768 3176 2824 neque
3203 2755 3282 2810 sic
3308 2755 3511 2811 destitit
3538 2760 3856 2827 prawarica-

2271 2841 2372 2896 tori
2421 2841 2733 2898 benefacere
2764 2861 2777 2897 :
2803 2843 2896 2898 sed
2939 2853 2994 2898 et
3036 2860 3131 2913 per
3174 2845 3264 2899 illa
3299 2845 3441 2914 ipsa,
3488 2860 3586 2914 per
3609 2863 3735 2917 qua:
3760 2863 3855 2918 pu-

2270 2933 2438 2989 nierat
2462 2973 2479 3001 ,
2511 2934 2648 2989 sicut
2674 2935 2787 2991 heri
2811 2936 3065 3001 diximus,
3094 2936 3452 2993 excellentem
3482 2953 3636 2992 suam
3664 2939 3857 2993 huma—

2269 3024 2487 3080 nitatem
2515 3024 2802 3081 deelaravit
2821 3069 2835 3091 ,
2867 3036 3027 3098 atque
3058 3029 3248 3083 multas
3272 3027 3403 3084 aiias
3433 3029 3855 3100 innumerasque

2266 3116 2650 3173 beneficiorum
2673 3120 2881 3188 species
2923 3121 2976 3174 in
3008 3120 3154 3175 illum
3200 3121 3501 3177 collocavit.
3556 3122 3621 3176 Et
3668 3131 3853 3191 postea

2269 3209 2594 3278 procedente
2618 3217 2723 3265 tem
2731 3225 2856 3280 pore
2879 3221 2931 3265 et
2946 3220 3221 3268 crescente
3238 3227 3452 3283 genere,
3480 3227 3542 3267 ac
3565 3214 3618 3267 in
3635 3229 3855 3269 omnem

2270 3300 2526 3355 malitiam
2557 3310 2829 3372 vergente,
2870 3303 2994 3373 quia
3017 3303 3228 3358 videbat
3249 3303 3557 3359 incurabilia
3583 3319 3703 3359 esse
3732 3305 3857 3359 vul-

2200 3384 2219 3403 ⁹
2271 3409 2420 3462 nera,
2448 3394 2695 3463 nequitia:
2722 3404 3033 3464 operatores
3057 3438 3071 3462 ,
3119 3395 3273 3465 quasi
3318 3394 3638 3451 fermentum
3668 3397 3852 3467 quod-

2269 3485 2393 3540 dam
2436 3486 2634 3540 malum
2671 3484 2905 3551 delevit,
2935 3485 3125 3541 relicto
3161 3486 3306 3556 justo
3347 3486 3439 3541 illo
3483 3486 3571 3555 qui
3617 3486 3774 3541 radix
3805 3496 3857 3541 et

2270 3580 2420 3650 origo
2452 3581 2602 3635 ﬁeret
2624 3581 2833 3651 generis
2861 3578 3099 3634 humani.
3128 3578 3196 3634 Et
3214 3579 3334 3633 vide
3354 3580 3567 3644 iterum,
3594 3588 3854 3650 quantam

2271 3688 2395 3746 erga
2417 3673 2619 3743 justum
2651 3674 2796 3727 illum
2825 3671 3064 3727 declaret
3087 3672 3480 3728 liberalitatem.
3522 3671 3710 3727 Totum
3746 3671 3854 3725 hu-

2272 3779 2487 3819 manum
2513 3778 2682 3834 genus
2705 3764 2775 3818 ab
2805 3778 2870 3817 eo
2894 3773 2949 3818 et
2993 3762 3114 3818 filiis
3142 3763 3258 3832 ejus
3308 3764 3654 3827 instauravit,
3697 3771 3758 3815 et
3803 3763 3853 3816 in

2274 3864 2475 3910 tantam
2518 3855 2913 3910 multitudinem
2947 3869 3258 3910 excrescere
3281 3855 3527 3919 curavit,
3571 3853 3859 3924 paulatim-

2272 3962 2376 4017 que
2395 3946 2568 4018 justos
2596 3947 2819 4016 eligens,
2850 3946 3177 4017 patriarchas
3203 3945 3345 4010 dico,
3373 3954 3725 4014 praeceptores
3754 3945 3858 3999 de-

2274 4038 2352 4095 dit
2385 4037 2591 4108 reliquo
2632 4037 2906 4092 hominum
2938 4037 3162 4108 generi,
3190 4037 3277 4106 qui
3307 4051 3403 4091 sua
3435 4036 3627 4089 virtute
3660 4051 3860 4090 omnes

2274 4147 2374 4187 nos
2401 4133 2680 4188 instituere
2708 4174 2722 4197 ,
2745 4143 2833 4197 et,
2880 4133 3029 4202 quasi
3056 4130 3286 4197 medici,
3316 4140 3634 4201 aegrotantes
3659 4145 3861 4184 curare

2279 4227 2503 4296 possint.
2545 4226 2611 4280 Et
2636 4224 2795 4279 modo
2823 4239 2917 4280 eos
2947 4225 2998 4279 in
3027 4223 3363 4279 Palaestinam
3385 4265 3398 4289 ,
3428 4221 3589 4277 modo
3608 4221 3658 4275 in
3680 4219 3859 4292 Egy-

2277 4324 2424 4385 ptum
2447 4313 2691 4382 deducit,
2731 4313 2890 4369 simul
2911 4322 2965 4368 et
3002 4327 3277 4368 servorum
3303 4326 3518 4366 suorum
3546 4307 3859 4380 patientiam

2278 4420 2535 4460 exercens
2562 4445 2577 4470 ,
2622 4414 2677 4459 et
2724 4419 2873 4460 suam
2907 4404 3158 4458 virtutem
3196 4402 3477 4458 clariorem
3522 4410 3858 4465 ntonstrans,

2280 4495 2580 4564 mansitque
2614 4508 2826 4563 semper
2854 4493 3044 4548 eodem
3074 4492 3235 4548 modo
3263 4493 3506 4546 humana:
3549 4490 3732 4544 salutis
3762 4490 3862 4544 cu-

2280 4599 2392 4639 ram
2420 4598 2608 4655 gerens
2637 4600 2654 4638 :
2685 4583 2927 4640 exhibuit
2963 4585 3251 4655 prophetas
3272 4625 3286 4649 ,
3321 4592 3377 4638 et
3412 4598 3508 4652 per
3550 4582 3668 4637 illos
3703 4582 3862 4653 signa

2281 4685 2337 4731 ct
2360 4675 2596 4745 prodigia
2622 4674 2810 4731 edidit.
2857 4674 3050 4744 Atque,
3080 4684 3138 4729 ut
3168 4674 3381 4730 brevius
3415 4674 3586 4729 dicam
3620 4691 3633 4727 :
3664 4689 3860 4743 quent-

2281 4765 2567 4819 admodmn
2597 4765 2739 4819 enim
2760 4767 2921 4820 maris
2951 4764 3142 4820 fluctus
3160 4805 3176 4829 ,
3205 4766 3450 4835 quamvis
3477 4765 3777 4820 sexcenties
3813 4766 3862 4819 id

2283 4868 2560 4920 conemur,
2583 4870 2898 4911 enumerare
2921 4870 3205 4926 numquam
3223 4856 3513 4924 poterimus
3543 4876 3555 4910 :
3588 4855 3658 4910 ita
3686 4869 3866 4926 neque

2284 4944 2663 5000 beneficiorum
2697 4946 2825 5014 Dei,
2854 4960 2973 5016 qua:
2997 4946 3049 5000 in
3078 4957 3312 5002 nostram
3342 4946 3565 5001 contulit
3593 4957 3860 5011 naturam,

2284 5037 2617 5092 varietatem.
2645 5037 2881 5092 Tandem
2910 5036 2998 5092 ubi
3023 5037 3154 5092 vidit
3182 5047 3301 5107 post
3328 5046 3526 5092 tantam
3556 5052 3707 5092 suam
3737 5051 3867 5105 pro-

2284 5128 2573 5184 videntiam
2612 5129 2787 5186 adhuc
2815 5128 2979 5184 multa
3005 5137 3061 5184 et
3098 5128 3351 5184 ineliabili
3389 5128 3750 5183 misericordia
3784 5128 3867 5181 iu-

2287 5224 2470 5294 digere
2525 5222 2813 5276 lmmanum
2860 5235 3066 5291 genus,
3113 5229 3168 5276 et
3204 5219 3336 5274 nihil
3380 5220 3500 5289 plus
3545 5218 3735 5274 fecisse
3779 5217 3866 5273 vel

2287 5313 2639 5386 patriarchas,
2670 5313 2755 5368 vel
2783 5312 3089 5383 prophetas,
3120 5311 3202 5366 vel
3233 5311 3381 5381 signa
3397 5311 3749 5376 admirabilia,
3783 5311 3867 5365 vel

2290 5420 2511 5476 ptenas,
2556 5405 2637 5460 vel
2681 5403 3073 5459 admonitiones
3105 5402 3221 5457 illas
3261 5402 3692 5472 frequentissime
3717 5402 3862 5456 adhi-

2291 5500 2428 5555 bitas
2451 5537 2468 5563 ,
2502 5506 2556 5552 et
2577 5496 2908 5567 captivitates
2936 5494 3053 5549 illas
3080 5494 3181 5549 sibi
3223 5494 3446 5548 invicem
3474 5492 3825 5548 succedentes
3857 5507 3872 5544 :

2292 5592 2444 5661 quasi
2469 5590 2752 5645 miseratus
2777 5601 2944 5658 genus
2969 5596 3205 5642 nostrum
3228 5626 3242 5650 ,
3273 5586 3418 5640 misit
3454 5584 3521 5639 ad
3552 5598 3651 5639 nos
3675 5584 3869 5637 anima

2291 5696 2412 5738 rum
2460 5689 2848 5749 corporumque
2895 5676 3159 5731 medicum
3181 5718 3199 5743 ,
3249 5676 3577 5746 unigenitum
3607 5689 3760 5729 suum
3790 5671 3881 5728 Fi-

2294 5773 2423 5827 lium
2443 5811 2460 5836 ,
2501 5786 2565 5824 ex
2595 5769 2862 5840 paternis,
2902 5775 2962 5822 ut
3000 5766 3069 5820 ita
3096 5765 3266 5820 dicam
3296 5805 3313 5830 ,
3361 5765 3567 5819 sinibus
3593 5760 3845 5816 excitans
3866 5773 3893 5826 ,ς

2297 5863 2464 5919 voluit
2484 5864 2728 5935 Suscepta
2756 5860 2894 5917 servi
2927 5856 3097 5914 forma
3123 5873 3156 5913 e
3182 5856 3400 5928 Virgine
3427 5856 3594 5924 nasci,
3633 5866 3687 5914 et
3701 5850 3835 5909 nobi
3867 5880 3893 5891 ο
