4078 6424
180 351 301 409 939

181 476 320 533 σθω
350 477 699 551 βουλομένου.
738 482 950 556 Ὠσπερ
983 484 1093 557 γάρ
1119 483 1215 538 ἐπὶ
1248 485 1358 539 τῶν
1386 486 1692 559 ἀνθρώπων
1721 489 1755 559 ἡ
1784 506 1869 558 γι-

179 561 393 633 νομένη
442 565 764 635 εὐχαριστία
811 568 892 631 είς
940 568 1067 631 τούς
1123 569 1576 642 εὐεργετηκότας,
1630 571 1871 636 ἐκείνους

179 642 607 717 λαμπροτέρους
643 649 954 719 ἐργάζεται,
984 651 1157 716 οὕτως
1203 653 1296 706 ἐπὶ
1336 653 1433 706 τοῦ
1483 652 1868 724 φιλανθρώπου

176 732 335 786 Θεοῦ
351 734 479 788 ὅταν
510 734 669 789 τοῦτο
697 737 959 808 ποιῶμεν,
1008 739 1233 803 ἑαυτοὺς
1260 739 1675 812 λαμπροτέρους
1699 742 1871 813 άπερ-

179 815 494 899 γαζδμεθαο
518 819 705 890 ἐπειδὴ
726 820 848 891 οὐχὶ
874 821 975 892 τῆς
997 824 1125 893 παρ’
1142 824 1297 895 ἡμῶν
1322 824 1572 896 δεόμενος
1593 826 1869 899 εὐφημίας

176 897 353 951 τοῦτο
387 899 634 969 βούλεται
657 903 921 970 γίνεσθαι,
956 904 1071 957 ἀλλ’
1102 906 1190 963 ἶνα
1218 906 1380 962 πάλιν
1411 911 1491 972 είς
1536 910 1684 980 ἡμᾶς
1715 897 1871 979 περι-

180 985 292 1054 στῇ
327 984 391 1036 τὸ
419 985 630 1057 κέρδος,
657 988 753 1040 καὶ
783 988 1029 1057 μείζονος
1056 992 1373 1062 συμμαχίας
1427 993 1652 1056 ἑαυτοὺς
1684 992 1869 1059 ἀξίους

181 1071 644 1142 καταστήσωμεν.
674 1074 737 1126 Εἰ
762 1075 872 1146 γάρ
891 1075 986 1129 καὶ
1011 1076 1084 1148 μή
1105 1077 1383 1148 δυνάμεθα
1408 1081 1530 1132 κατ’
1555 1079 1714 1145 ἀξίαν
1739 1079 1868 1132 ποτὲ

179 1150 352 1206 τοῦτο
377 1154 621 1224 ποιῆσαι·
655 1156 773 1219 πῶς
810 1158 942 1230 γάρ,
966 1160 1202 1231 τοσαύτῃ
1219 1160 1474 1233 ἀσθενείᾳ
1504 1161 1720 1232 φύσεως
1741 1179 1867 1215 συν-

174 1235 500 1306 δεδεμένοις
534 1238 629 1291 καὶ
649 1238 701 1293 τί
720 1238 864 1308 λέγω
888 1241 986 1313 τὴν
1014 1242 1364 1316 ἀνθρωπίνην
1385 1242 1546 1314 φύσιν
1571 1262 1587 1312 ;
1614 1243 1728 1298 ἀλλ’
1747 1244 1869 1298 οὐδὲ

175 1319 352 1373 αὐταὶ
370 1322 428 1375 αί
446 1321 723 1393 ἀσώματοι
744 1324 839 1378 καὶ
860 1325 1081 1397 ἀόρατοι
1103 1326 1379 1397 δυνάμεις,
1394 1329 1489 1381 καὶ
1511 1329 1567 1381 αί
1586 1327 1752 1401 ἀρχαὶ
1772 1328 1869 1381 καὶ

177 1406 243 1456 αἰ
268 1404 532 1469 ἐξουσίαι,
556 1408 652 1460 καὶ
680 1408 750 1462 τὰ
776 1409 1075 1482 Χερουϐὶμ,
1105 1410 1199 1464 καὶ⁵
1220 1412 1288 1464 τά
1308 1412 1588 1483 Σεραφεὶμ
1614 1412 1713 1483 τὴν
1746 1411 1867 1466 κατ’

176 1487 351 1554 ἀξίαν
380 1489 687 1559 δοξολογίαν
710 1493 1004 1566 ἀναφέρειν
1049 1495 1497 1567 εὐχαριστοῦντες
1528 1496 1864 1566 δυνήσονται·

177 1573 306 1625 ἀλλ’
341 1574 493 1643 ὅμως
511 1574 609 1645 τὴν
635 1575 776 1628 κατά
803 1575 1032 1647 δύναμιν
1064 1579 1376 1646 ἀνενεγκεῖν
1402 1579 1755 1650 εὐχαριστίαν
1791 1578 1870 1633 δί-

175 1672 344 1709 καιον
372 1655 437 1710 ἂν
462 1657 570 1728 εἴη,
589 1662 684 1712 καὶ
712 1658 975 1729 διηνεκῶς
1003 1660 1247 1727 δοξάζειν
1265 1662 1358 1715 τὸν
1384 1662 1653 1735 ἡμέτερον
1672 1664 1871 1716 Δεσπό·

172 1754 287 1807 την
331 1740 426 1793 καὶ
446 1740 536 1793 διά
555 1741 658 1811 τῆς
681 1741 791 1795 τῶν
820 1742 994 1812 λόγων
1036 1744 1328 1815 εὐφημίας,
1363 1746 1456 1799 καὶ
1475 1745 1564 1798 διὰ
1600 1745 1701 1816 τῆς
1748 1748 1869 1819 ἀρί-

175 1835 326 1890 στης
375 1822 671 1887 πολιτείας.
729 1823 878 1896 Αὕτη
927 1824 1037 1897 γὰρ
1091 1827 1325 1898 μάλιστα
1378 1828 1473 1881 καὶ
1509 1828 1867 1901 λαμπροτέρα

171 1905 458 1989 γένοιτοὴ
491 1908 755 1979 εὐφημία,
790 1910 919 1963 ὅταν
947 1910 1036 1989 διά
1070 1910 1279 1983 μυρίων
1308 1911 1566 1981 γλωσσῶν
1591 1912 1688 1985 τὴν
1717 1914 1866 1983 δοξο-

170 1986 378 2056 λογίαν
402 1990 783 2061 ἀναφέρωμεν.
831 1991 888 2046 '0
932 1986 1043 2064 γάρ
1080 1994 1334 2063 ἐνάρετος
1363 1994 1594 2048 ἕκαστον
1633 1996 1742 2049 τῶν
1785 1998 1865 2061 είς

170 2071 352 2125 αὐτὸν
379 2071 630 2144 ὁρώντων
682 2075 1089 2145 παρασκευάζει
1119 2076 1210 2129 τὸν
1239 2076 1404 2130 αὐτοῦ
1435 2077 1711 2148 Δεσπότην
1774 2079 1867 2133 ἀνι-

170 2162 405 2230 υμνεῖνο
437 2161 532 2215 καὶ
562 2162 594 2234 ή
630 2163 758 2234 παρ’
788 2164 1013 2219 ἐκείνων
1064 2163 1340 2232 δοξολογία
1378 2165 1578 2236 πολλὴν
1610 2168 1704 2220 καὶ
1723 2167 1864 2235 ἄφα-

167 2262 275 2297 τον
301 2242 384 2314 τῷ
423 2244 520 2317 τὴν
562 2246 741 2299 αἰτίαν
785 2247 1077 2319 παρέχοντι
1128 2249 1410 2318 χαρίζεται
1457 2250 1557 2319 τὴν
1586 2249 1738 2321 παρὰ
1769 2252 1863 2305 τοῦ

171 2327 463 2381 Δεσπότου
496 2326 727 2385 εὔνοιαν.
767 2330 833 2382 Τί
859 2327 953 2385 οὖν
981 2331 1049 2385 ἂν
1092 2331 1247 2402 ἡμῶν
1277 2334 1740 2405 μακαριστότερον
1767 2334 1865 2403 γέ-

166 2427 347 2477 νοιτο,
378 2414 427 2465 εἰ
446 2412 732 2483 μέλλοιμεν
761 2414 835 2486 μὴ
867 2416 1028 2485 μόνον
1057 2417 1212 2469 αὐτοὶ
1234 2416 1322 2470 διὰ
1346 2418 1446 2487 τῆς
1468 2417 1673 2482 οἰκείας
1695 2417 1865 2487 γλώτο

166 2511 282 2565 της
323 2493 572 2561 δοξάζειν
618 2495 711 2550 τὸν
763 2497 969 2567 ἀγαθὸν
994 2499 1148 2565 Θεὸν,
1175 2499 1310 2553 ἀλλά
1353 2501 1448 2553 καὶ
1483 2500 1691 2566 πάντας
1737 2505 1865 2569 τοὺς

162 2579 471 2645 ὁμογενεῖς
523 2576 813 2649 διεγείρειν
852 2582 934 2643 εἰς
988 2579 1087 2652 τὴν
1140 2582 1281 2653 ὑπὲρ
1316 2583 1476 2653 ἡμῶν
1513 2584 1861 2654 δοξολογίαν;

162 2658 435 2730 Τοσαύτη
459 2659 569 2731 γάρ
588 2662 689 2731 τῆς
716 2662 921 2734 ἀρετῆς
949 2664 982 2733 ἡ
1021 2665 1174 2734 ίσχὺς
1198 2704 1212 2729 ,
1261 2665 1338 2729 ὡς
1388 2667 1603 2738 μυρίοις
1634 2668 1862 2740 στόμασι

162 2742 445 2795 δύνασθαι
468 2742 562 2796 τὸν
580 2742 910 2816 δημιουργὸν
936 2746 1228 2816 ⁸ἀνυμνεῖν.
1260 2748 1427 2802 Οὐδὲν
1478 2749 1588 2820 γάρ
1636 2752 1864 2822 ἀρίστης

166 2826 465 2891 πολιτείας
498 2829 612 2881 ἴσον
640 2828 881 2896 γένοιτο,
925 2829 1196 2899 άγαπητέ.
1248 2831 1349 2885 Διά
1396 2832 1555 2886 τοῦτο
1583 2835 1675 2887 καὶ
1694 2838 1723 2888 ὁ
1753 2835 1865 2888 Κύ-

167 2926 301 2979 ριος
345 2909 526 2979 ἔλεγε·
574 2910 879 2980 Δαμψὰτω
930 2911 998 2965 τὸ
1039 2910 1165 2982 φῶς
1192 2913 1360 2981 ὑμῶν
1385 2916 1726 2985 ἔμπροσθεν
1745 2917 1865 2973 τῶν

162 2989 532 3071 ἀνθρώπων,
577 2991 738 3058 ὅπως
779 2992 992 3047 ἴδωσιν
1030 2993 1200 3063 ὑμῶν
1242 2996 1317 3050 τὰ
1378 3000 1537 3053 καλὰ
1565 3001 1730 3071 ἔργα,
1764 3003 1864 3057 καί

163 3070 491 3136 δοξάσωσι
514 3074 621 3128 τὸν
662 3075 895 3143 Πατέρα
922 3074 1089 3144 ὑμῶν
1143 3076 1255 3132 τὸν
1280 3078 1350 3133 ἐν
1399 3080 1525 3146 τοῖς
1561 3070 1859 3152 οὐρανοῖς.

164 3152 338 3219 Εἶδες
367 3156 486 3219 πῶς
524 3156 772 3228 καθάπερ
802 3158 862 3211 τὸ
886 3158 1000 3227 φῶς
1027 3159 1193 3228 φανὲν
1240 3161 1533 3217 ἀπελαύνει
1562 3165 1623 3218 τὸ
1651 3166 1860 3234 σκότος,

162 3240 328 3293 οὕτω
355 3240 450 3293 καὶ
485 3242 517 3310 ἡ
538 3240 708 3312 ἀρετὴ
721 3241 953 3310 ὀφθεῖσα
973 3244 1067 3296 καὶ
1088 3242 1188 3315 τὴν
1212 3245 1410 3299 κακίαν
1440 3247 1750 3316 φυγαδεύει,
1769 3253 1863 3306 καὶ

162 3325 281 3394 τῆς
315 3323 527 3395 πλάνης
558 3325 621 3379 τὸ
642 3325 833 3391 σκότος
858 3325 1178 3380 ἀπελάσασα
1205 3329 1345 3398 πρὸς
1370 3329 1676 3400 δοξολογίαν
1726 3339 1865 3389 κινεῖ

162 3409 290 3464 τῶν
322 3408 575 3480 ὁρώντων
611 3408 711 3480 τήν
755 3409 1030 3474 διάνοιαν;
1062 3409 1215 3463 Οὕτω
1267 3412 1444 3465 τοίνυν
1479 3414 1863 3489 σπουδάζωμεν

163 3490 341 3562 ήμῶν
369 3490 608 3563 λάμπειν
634 3491 705 3545 τά
731 3491 890 3562 ἔργα,
927 3492 1005 3557 ὡς
1036 3492 1128 3546 τὸν
1149 3494 1414 3565 ἡμέτερον
1433 3492 1748 3560 δοξάζεσθαι
1768 3504 1863 3554 Δε-

168 3578 414 3646 σπότην.
447 3575 632 3629 Ταῦτα
655 3575 711 3628 δέ
739 3575 927 3645 έλεγεν
973 3578 1002 3630 ὁ
1035 3578 1297 3649 Χριστὸς,
1338 3580 1437 3650 οὐχ
1473 3581 1558 3634 ἵνα
1577 3583 1711 3654 πρὸς
1747 3586 1864 3639 ἐπί-

168 3659 353 3727 δειξίν
381 3677 435 3713 τι
465 3659 815 3731 πράττωμεν·
853 3660 928 3731 μὴ
976 3660 1205 3729 γένοιτο”
1234 3662 1348 3715 ἀλλ’
1388 3665 1475 3717 ἵνα
1532 3667 1671 3737 μετά
1702 3670 1861 3741 ἀκρι-

164 3744 336 3807 ϐείας
363 3742 619 3798 καὶκατὰ
642 3742 703 3795 τὸ
728 3741 878 3813 αὐτῷ
896 3742 1085 3796 δοκοῦν
1110 3743 1516 3815 πολιτευόμενοι
1531 3749 1668 3821 μήτε
1696 3750 1860 3820 βλασ-

170 3826 374 3898 φημίᾳ
440 3827 547 3880 τινὶ
597 3825 782 3897 χώραν
814 3826 1166 3898 παρέχωμεν,
1222 3829 1316 3883 καὶ
1343 3830 1432 3885 διὰ
1460 3831 1561 3903 τῆς
1599 3833 1706 3887 τῶν
1727 3836 1863 3902 ἀγα-

167 3913 291 3965 θῶν
313 3911 495 3983 ἔργων
528 3908 783 3982 πράξεως
819 3912 1328 3983 παρασκευάζωμεν
1354 3914 1480 3978 τούς
1500 3916 1743 3989 ὁρῶντας
1779 3918 1864 3971 δο.

167 3996 369 4062 ξάζειν
393 3994 485 4047 τὸν
529 3994 637 4047 τῶν
666 3994 803 4048 ὅλων
824 3993 977 4047 Θεόν.
1002 3993 1137 4047 Τότε
1161 3995 1293 4068 γὰρ,
1321 3998 1445 4050 τότε
1475 4000 1567 4051 καὶ
1596 4001 1695 4071 την
1730 4000 1861 4070 παρ’

163 4077 347 4134 αὐτοῦ
384 4075 597 4131 εὔνοιαν
623 4073 888 4148 μειζόνως
919 4076 1360 4147 ἐπισπασόμεθα.
1396 4079 1490 4131 καὶ⁸
1522 4078 1620 4151 τὴν
1642 4081 1862 4137 κόλασιν

161 4163 467 4232 διαφυγεῖν
491 4158 853 4232 δυνησόμεθα,
877 4158 1101 4213 καὶτῶν
1127 4161 1457 4231 ἀπορρήτων
1479 4163 1700 4231 ἀγαθῶν
1738 4165 1862 4217 ἐπι-

163 4234 385 4321 τυχεῖν,
414 4245 598 4319 χάριτι
628 4246 723 4298 καὶ
756 4242 1137 4321 φιλανθρωπία
1162 4244 1256 4297 τοῦ
1284 4245 1488 4317 Κυρίου
1511 4248 1543 4317 ἠ
1553 4247 1670 4318 μῶν
1684 4245 1860 4318 Ἰησοῦ

163 4330 334 4404 1255]
374 4327 635 4401 Χριστοῦ,
697 4326 816 4398 μεθ’
845 4320 907 4380 οὗ
940 4325 1020 4396 τῷ
1069 4325 1247 4396 Πατρὶ
1283 4325 1400 4397 ἅμα
1459 4329 1556 4382 καὶ
1591 4329 1672 4399 τῷ
1723 4331 1863 4401 ἁγίῳ

166 4414 466 4485 [πνεύματι
498 4411 645 4477 δόξα,
676 4411 897 4482 κράτος,
917 4410 1073 4481 τιμὴ,
1100 4408 1195 4463 νῦν
1228 4410 1326 4463 καὶ
1369 4410 1476 4477 ἀεὶ,
1505 4413 1601 4467 καὶ
1634 4414 1711 4478 είς
1734 4416 1862 4478 τοὺς

164 4499 384 4562 αἰῶνας
402 4495 512 4552 τῶν
534 4493 763 4550 αίώνων.
805 4495 998 4565 Ἀμήν.

779 4658 1025 4712 OMIAIA
1059 4659 1178 4712 KZ'

166 4805 287 4863 Καὶ
310 4800 666 4872 ᾠκοδόμησε
698 4797 828 4854 Νῶε
878 4797 1316 4867 θυσιαστήριον
1365 4795 1446 4863 τῷ
1482 4801 1697 4868 Κυρίῳ,
1761 4804 1859 4858 καὶ

241 4889 471 4945 ἐλαϐεν
493 4884 612 4941 ἀπὸ
638 4883 881 4938 πάντων
906 4881 1027 4936 τῶν
1054 4881 1291 4950 κτηνῶν
1311 4881 1431 4936 τῶν
1455 4885 1748 4953 καθαρῶν,
1763 4888 1862 4942 καὶ

240 4972 368 5030 ἀπὸ
388 4970 631 5025 πάντων
654 4965 773 5022 τῶν
794 4964 1082 5021 πετεινῶν
1096 4963 1391 5033 καθαρῶν,
1408 4966 1506 5019 καὶ
1530 4966 1863 5039 ἀνήνεγκεν

242 5052 679 5123 ὀλοκὰρπωσιν
714 5051 804 5116 εις
841 5048 908 5103 τὸ
939 5047 1391 5116 θυσιαστήριον.

242 5167 322 5217 α’.
338 5158 524 5212 Εῖδετε
553 5156 681 5228 χθὲς
707 5152 806 5209 τοῦ
838 5151 1219 5225 φιλανθρώπου
1247 5153 1519 5207 Δεσπότου
1549 5155 1647 5227 τὴν
1669 5157 1865 5226 ἀγαθό-

158 5261 341 5317 τητα,
374 5243 522 5305 ὅπως
540 5240 633 5293 τὸν
678 5237 886 5293 δίκαιον
914 5236 1181 5307 ἐξήγαγεν
1209 5239 1274 5290 ἐκ
1292 5237 1392 5307 τῆς
1429 5239 1684 5307 κιϐωτοῦ,
1721 5242 1863 5297 ὲλευ.

162 5330 433 5408 θερώσας
468 5329 563 5382 καὶ
588 5328 689 5398 τῆς
710 5327 831 5379 ἐκεῖ
850 5322 1151 5408 διαγωγῆς,
1176 5323 1271 5408 καὶ
1299 5323 1615 5408 ἀπαλλάξας
1637 5327 1732 5381 τοῦ
1758 5348 1859 5399 χα-

161 5405 348 5472 λεποῦ
383 5412 593 5466 ἐκείνου
613 5411 706 5464 καὶ
732 5408 883 5473 ξένου
908 5405 1304 5477 δεσμωτηρίου,
1336 5407 1430 5459 καὶ
1450 5408 1550 5479 τῆς
1583 5409 1861 5484 ὑπομονῆς

159 5501 332 5574 αὐτῷ
352 5501 452 5564 τὰς
470 5497 707 5570 ἀμοιϐάς
741 5494 1079 5549 ἀποδέδωκεν
1127 5492 1318 5574 είπώνέ
1348 5493 1694 5559 Αὐξάνεσθε
1759 5501 1859 5554 καί

159 5573 589 5656 πληθύνεσθε.
618 5581 897 5650 Μάθωμεν
938 5578 1179 5649 σήμερον
1229 5573 1322 5629 τοῦ
1365 5576 1489 5656 me
1524 5577 1621 5650 τὴν
1652 5579 1860 5649 εὐγνω-

166 5652 447 5747 Maiam“
470 5668 565 5721 καὶ
592 5664 695 5735 τὴν
722 5663 1040 5747 εὐχάριστον
1059 5657 1342 5747 ψυχὴν-δι’
1355 5652 1426 5747 ᾖς
1446 5659 1607 5747 πάλιν
1639 5661 1860 5747 πλείονα

159 5742 268 5814 ,αἱ
296 5750 480 5820 πολλῷ
510 5747 735 5822 μείζονα
756 5743 1115 5810 ἐξεκαλέσατο
1133 5743 1225 5797 τοῦ
1245 5742 1382 5797 Θεοῦ
1412 5745 1511 5813 τὴν
1541 5746 1668 5816 περὶ
1696 5745 1859 5801 αὐτὸν

156 5839 412 5900 εὔνοιαν.
438 5833 550 5892 Καὶ
571 5833 679 5903 γὰρ
709 5828 948 5893 τοιοῦτος
975 5829 1005 5882 ὁ
1041 5827 1192 5891 Θεός·
1221 5825 1437 5882 ἐπειδάν
1478 5827 1561 5896 {an
1607 5828 1698 5883 ἐπὶ
1742 5832 1855 5891 τοῖς

1331 370 1398 426 ΙΝ
1430 370 1584 427 CAP.
1632 369 1744 425 VIII
1781 368 2020 426 GENES.
2058 370 2288 429 HOMIL.
2332 371 2539 429 XXVII.

3537 376 3649 432 ειο

1977 488 2249 556 φθάσασιν
2276 489 2624 561 εὐγνώμονας
2649 490 3065 562 γεγενημένους,
3098 490 3531 562 ἐπιδαψιλεύεται
3547 496 3647 556 τάς

1976 573 2107 642 παρ’
2138 571 2332 625 ἐαυτοῦ
2353 572 2580 644 δωρεάς.
2601 572 2995 644 Σπουδάζωμεν
3024 572 3202 628 τοίνυν
3219 574 3312 628 καὶ
3337 576 3499 646 ἡμεῖς
3550 576 3650 645 τήν

1976 656 2118 709 κατὰ
2147 654 2377 726 δύναμιν
2402 656 2753 727 εὐχαριστίαν
2787 656 3078 728 ἀναφέρειν
3115 656 3192 728 τῷ
3221 658 3466 731 Δεσπότῃ
3507 658 3648 728 ὑπὲρ

1976 736 2085 791 τῶν
2106 736 2467 809 ὑπαρξάντων
2485 740 2616 810 ἡμῖν
2654 740 2785 811 παρ’
2804 737 2971 793 αὐτοῦ
3002 740 3242 809 ἀγαθῶν,
3270 740 3357 794 ἵνα
3395 741 3489 794 καὶ
3524 757 3645 810 μει-

1977 820 2146 885 ζόνων
2168 820 2510 891 ἀξιωθῶμεν,
2557 822 2653 876 καὶ
2706 821 2976 893 μηδέποτε
3008 823 3492 894 ἐπιλανθανώμεθα
3538 822 3646 877 τῶν

1976 902 2129 975 παρὰ
2150 902 2243 956 τοῦ
2270 902 2406 956 Θεοῦ
2440 903 2771 974 εὐεργεσιῶν
2794 906 2876 968 είς
2904 906 3050 977 ἡμᾶς
3076 906 3476 975 γεγενημένων,
3511 905 3649 959 ἀλλὰ

1975 985 2064 1036 ἀεὶ
2090 984 2265 1038 ταῦτα
2299 984 2619 1056 στρέφωμεν
2645 986 2738 1040 ἐπὶ
2753 986 2853 1057 τῆς
2877 987 3113 1052 διανοίας
3126 988 3225 1058 τῆς
3247 987 3543 1057 ἡμετέρας,
3562 987 3649 1039 ἵνα

1977 1071 2082 1124 ὑπὸ
2114 1071 2215 1139 τῆς
2238 1071 2467 1143 μνήμης
2486 1071 2881 1144 συνωθούμενοι
2915 1073 3136 1145 διηνεκῆ
3174 1075 3270 1145 τὴν
3302 1072 3648 1144 εὐχαριστίαν

1979 1152 2278 1224 ποιώμεθα,
2318 1157 2367 1207 εἰ
2394 1155 2488 1209 καὶ
2515 1154 2770 1208 τοσαῦται
2792 1156 2853 1209 τὸ
2877 1155 3080 1226 πλῆθός
3107 1158 3264 1218 εἰσιν,
3296 1156 3373 1219 ώς
3403 1154 3535 1226 μηδὲ
3552 1155 3651 1225 ἀρ-

1976 1243 2094 1295 κεῖν
2130 1242 2221 1295 τὸν
2257 1242 2513 1313 λογισμὸν
2531 1242 2621 1297 τὸν
2645 1242 2916 1314 ἡμέτερον
2954 1241 3423 1314 ἐξαριθμήσασθαι
3448 1236 3649 1313 τὴνέίς
3688 1266 3698 1289 δ

1977 1330 2125 1399 ἡμᾶς
2156 1328 2469 1399 φιλοτιμίαν
2498 1329 2665 1382 αὐτοῦ
2691 1329 3084 1400 γεγενημένην.
3120 1329 3185 1381 Τί
3214 1328 3321 1400 γάρ
3358 1328 3424 1382 ἄν
3456 1345 3538 1391 τις
3570 1327 3652 1381 λο-

1976 1411 2188 1479 γίσαιτο
2217 1412 2283 1464 τά
2303 1412 2404 1482 ἤδη
2435 1412 2514 1475 είς
2544 1414 2694 1483 ήμάς
2740 1412 3102 1483 γεγενημένα,
3151 1411 3220 1465 τά
3244 1409 3646 1480 ἐπηγγελμένα,

1974 1491 2043 1544 τὰ
2078 1491 2199 1545 καθ’
2232 1493 2469 1566 ἑκάστην
2493 1493 2704 1565 ἡμέραν
2733 1494 3011 1563 γινόμεναο
3042 1495 3122 1548 ὅτι
3153 1495 3216 1546 ἐκ
3262 1492 3356 1545 τοῦ
3391 1493 3466 1564 μὴ
3498 1492 3650 1557 ὄντος

1976 1575 2057 1637 εἰς
2074 1575 2134 1626 τδ
2154 1570 2293 1628 εἶναι
2320 1576 2660 1647 παρήγαγεν,
2690 1577 2772 1630 ὅτι
2796 1576 2889 1630 καὶ
2922 1576 3081 1647 σῶμα
3134 1577 3230 1630 καὶ
3262 1575 3438 1647 ψυχὴν
3472 1578 3652 1647 ἐχαρί-

1979 1658 2234 1721 σατο,ὃτι
2260 1657 2511 1727 λογικοὺς
2564 1660 2712 1729 ἡμᾶς
2759 1658 3213 1730 ἐδημιούργησεν,
3260 1660 3342 1711 ὅτι
3396 1657 3486 1712 τὸν
3511 1659 3648 1729 ἀέρα

1975 1739 2163 1793 τοῦτον
2197 1741 2457 1794 ἀναπνεῖν
2504 1740 2817 1811 ἐχαρίσατο,
2851 1742 2933 1794 ὅτι
2970 1742 3068 1811 τὴν
3103 1741 3279 1793 κτίσιν
3314 1740 3532 1794 ἅπασαν
3564 1740 3653 1794 διὰ

1974 1823 2074 1893 τὴν
2098 1822 2447 1895 ἀνθρωπίνην
2500 1824 2665 1893 φύσιν
2689 1824 3032 1895 παρήγαγεν,
3056 1823 3137 1877 ὅτι
3169 1821 3333 1886 αὐτὸς
3374 1822 3472 1893 μὲν
3495 1822 3653 1875 ἐϐουο

1973 1905 2111 1978 λήθη
2133 1908 2197 1961 ἐκ
2223 1907 2525 1979 προοιμίων
2542 1910 2639 1976 τῆς
2654 1906 2749 1961 τοῦ
2779 1909 3105 1977 παραδείσου
3124 1907 3332 1978 διαίτης
3358 1904 3650 1960 ἀπολαύειν

1973 1989 2064 2043 τὸν
2097 1989 2401 2062 ἄνθρωπον,
2450 1990 2548 2043 καὶ
2606 1989 2874 2044 ἀνώδυνον
2915 1990 3027 2060 βίον
3075 1990 3238 2061 ἔχειν,
3295 1992 3388 2044 καὶ
3447 1987 3648 2060 μόχθου

1974 2076 2174 2140 παντὸς
2207 2075 2646 2148 ἀπηλλαγμένον,
2686 2077 2780 2130 καὶ
2804 2077 2971 2148 μηδὲν
2995 2077 3213 2131 έλαττον
3243 2076 3388 2146 ἔχειν
3414 2076 3522 2130 τῶν
3551 2078 3651 2148 ἀγ-

1973 2159 2145 2228 γέλων
2165 2160 2259 2213 καὶ
2285 2159 2393 2213 τῶν
2424 2160 2734 2229 ἀσωμάτων
2772 2162 2997 2214 ἐκείνων
3049 2160 3327 2233 δυνάμεων
3349 2162 3407 2214 ἐν
3438 2161 3649 2231 σώματι

1972 2243 2329 2313 τυγχάνοντα,
2364 2241 2501 2295 άλλά
2538 2244 2631 2296 καὶ¹
2669 2243 2937 2316 ἀνώτερον
2992 2240 3128 2297 εἶναι
3157 2243 3265 2297 τῶν
3323 2243 3650 2313 σωματικῶν

1971 2326 2264 2393 ἀναγκῶν;
2301 2319 2432 2377 Εἶτα
2461 2325 2649 2397 ἐπειδὴ
2676 2326 2764 2379 διὰ
2789 2326 3063 2397 ρᾳθυμίαν
3086 2326 3303 2397 ὑπήχθη
3348 2327 3414 2395 τῇ
3464 2326 3649 2398 ἀπάτῃ

1971 2404 2065 2458 τοῦ
2093 2404 2339 2459 διαϐόλου
2368 2406 2434 2475 τῇ
2461 2402 2552 2457 διά
2581 2405 2676 2459 τοῦ
2720 2406 2898 2475 δφεως
2932 2405 3321 2478 προσαχθείσῃ,
3350 2404 3470 2458 οὐδὲ
3506 2402 3650 2457 οὕτω

1971 2487 2177 2542 διέλιπε
2209 2489 2301 2541 τὸν
2322 2489 2702 2559 ἡμαρτηκότα,
2736 2488 2828 2541 τὸν
2864 2488 3289 2559 παραϐεϐηκότα
3324 2488 3647 2559 εὐεργετῶν,

1971 2576 2109 2630 ἀλλὰ
2132 2576 2226 2629 καὶ
2254 2574 2319 2628 δι’
2338 2568 2413 2628 ὧν
2443 2576 2845 2647 ἐτιμωρήσατο,
2906 2575 3161 2646 καθάπερ
3214 2575 3309 2628 καὶ⁸
3355 2574 3483 2644 χθὲς
3532 2574 3649 2627 ἐλέ-

1971 2680 2160 2735 ¹γομεν,
2210 2663 2309 2735 τῆς
2344 2662 2555 2726 οίκείας
2605 2661 3017 2734 φιλανθρωπίας
3044 2663 3143 2733 τὴν
3201 2660 3505 2733 ὑπερϐολὴν
3555 2661 3650 2713 ἐπ-

1970 2751 2230 2817 εδείξατο,
2277 2750 2374 2804 καὶ
2406 2748 2576 2803 πολλά
2609 2750 2774 2821 ἕτερα
2806 2749 2899 2803 καὶ
2925 2748 3275 2820 ἀναρίθμητα
3316 2747 3651 2818 εὐεργεσιῶν

1972 2840 2091 2910 εἴδη
2117 2841 2198 2903 εἰς
2225 2838 2390 2893 αὐτὸν
2423 2837 2703 2891 κατέθετο.
2741 2837 2850 2891 Καὶ
2902 2835 3210 2891 λοιπὸν.τοῦ
3267 2836 3459 2906 χρόνου
3512 2825 3661 2905 προε

1968 2928 2142 2989 ’ἰόντος
2160 2967 2175 2991 ,
2218 2927 2313 2979 κα)⁵
2359 2924 2454 2979 τοῦ
2506 2925 2698 2994 γένους
2718 2923 3082 2995 αὐξανομένου
3112 2962 3129 2987 ,
3182 2923 3275 2976 καὶ
3321 2925 3401 2987 είς
3448 2922 3648 2975 κακίαν

1970 3012 2377 3075 ἀποκλίναντος,
2431 3012 2617 3082 ἐπειδὴ
2660 3011 2806 3082 ἐώρα
2836 3011 3030 3066 ἀνίατα
3073 3010 3331 3082 γινόμενα
3376 3009 3445 3062 τά
3474 3007 3644 3080 τραύ-

1974 3119 2141 3173 ματα,
2162 3099 2416 3172 καθάπερ
2450 3099 2630 3171 ζύμην
2676 3098 2799 3152 τινά
2846 3097 3121 3170 πονηράν,
3144 3099 3272 3160 τοὺς
3310 3096 3407 3167 τῆς
3445 3096 3645 3160 κακίας

1971 3190 2209 3260 ἐργάτας
2229 3189 2493 3257 ἠφάνισε,
2583 3184 2901 3241 καταλιπὼν
2975 3185 3067 3240 τὸν
3137 3185 3342 3239 δίκαιον
3416 3186 3641 3250 τοῦτον,

1973 3276 2129 3347 ῥίζαν
2163 3276 2258 3329 καὶ⁵
2300 3275 2473 3346 ἀρχὴν
2506 3273 2759 3345 γενέσθαι
2798 3273 2891 3327 τοῦ
2933 3273 3042 3326 τῶν
3086 3272 3388 3344 ἀνθρώπων
3428 3272 3641 3340 γένους.

1881 3394 1903 3415 ο
1970 3363 2080 3417 Καὶ
2124 3363 2284 3417 πάλιν
2317 3362 2510 3415 σκόπει
2559 3361 2731 3431 πόσην
2766 3361 2898 3432 περὶ⁵
2936 3360 3097 3414 αὑτὸν
3144 3359 3508 3413 ἐπιδείκνυται
3542 3360 3642 3430 τὴν

1970 3451 2300 3522 φιλοτιμίαν.
2336 3448 2468 3502 Ἀπὸ
2488 3449 2583 3502 τοῦ
2602 3448 2810 3502 δικαίου
2834 3446 3024 3501 τούτου
3047 3448 3143 3501 καὶ
3170 3447 3277 3501 τῶν
3297 3445 3485 3500 τούτου
3508 3445 3642 3499 υἱῶν

1972 3539 2190 3593 ἃπασαν
2237 3538 2337 3608 τὴν
2368 3537 2478 3590 τῶν
2522 3534 2828 3608 ἀνθρώπων
2870 3534 3031 3604 φύσιν
3070 3537 3150 3599 είς
3196 3533 3448 3587 τοσοῦτον
3490 3532 3642 3605 [256]

1972 3626 2174 3698 πλῆθος
2219 3625 2512 3679 ἐπιδιδόναι
2546 3624 2945 3696 παρεσκεύασε,
2979 3625 3073 3678 καὶ
3115 3625 3258 3678 κατά
3290 3623 3483 3694 μικρὸν
3516 3622 3645 3685 τοῦς

1969 3713 2207 3777 δικαίους
2242 3712 2622 3782 ἐκλεξάμενος,
2654 3712 2779 3774 τοὺς
2811 3712 3159 3784 πατριάρχας
3189 3711 3352 3779 λέγω,
3391 3709 3645 3763 διδασκά-

1970 3802 2094 3865 λους
2129 3800 2397 3872 ἐπέστησε
2439 3800 2516 3871 τῷ
2544 3799 2716 3870 λοιπῷ
2752 3799 2860 3853 τῶν
2890 3798 3193 3871 ἀνθρώπων
3222 3798 3392 3867 γένει,
3428 3796 3515 3851 διά
3548 3798 3646 3868 τῆς

1968 3889 2175 3953 οἰκείας
2224 3888 2427 3960 ἀρετῆς
2479 3888 2724 3950 ἅπαντας
2787 3889 3077 3955 ἐναγαγεῖν
3134 3885 3488 3956 δυναμένους,
3549 3886 3645 3938 καὶ

1970 3976 2223 4047 καθάπερ
2260 3976 2498 4046 ἰατροὺς,
2518 3976 2647 4038 τοὺς
2678 3974 3038 4044 νενοσηκότας
3068 3971 3394 4044 θεραπεύειν
3411 3971 3647 4042 δυναμέ-

1969 4081 2112 4126 νους.
2144 4062 2282 4116 Ποτὲ
2314 4062 2413 4131 μέν
2449 4062 2528 4124 είς
2561 4063 2661 4131 τὴν
2693 4060 3077 4129 Παλαιστίνην,
3110 4060 3242 4113 ποτὲ
3276 4060 3333 4112 δὲ
3366 4060 3445 4121 είς
3480 4060 3646 4126 Λίγυ-

1969 4168 2102 4204 πτον
2134 4150 2383 4217 κατάγει,
2417 4147 2553 4218 ὁμοῦ
2582 4148 2677 4201 καὶ
2699 4146 2808 4200 τῶν
2848 4145 3024 4200 αὑτοῦ
3045 4146 3263 4200 δούλων
3286 4145 3644 4216 ὲγγυμνάζων

1969 4239 2067 4308 τὴν
2097 4236 2396 4308 ὑπομονήν,
2433 4236 2529 4288 καὶ
2549 4234 2647 4306 τὴν
2674 4235 2880 4288 οίικείαν
2918 4233 3147 4305 δύναμιν
3181 4235 3643 4305 περιφανεστέραν

1968 4322 2215 4386 δεικνύς·
2253 4321 2347 4376 καὶ
2397 4320 2663 4393 διηνεκῶς
2712 4319 2857 4374 οὕτω
2900 4321 3164 4375 διετέλεσε
3214 4320 3513 4392 φροντίζων
3542 4320 3641 4389 τῆς

1968 4409 2078 4465 τῶν
2131 4408 2434 4477 ἀνθρώπων
2482 4407 2776 4478 σωτηρίας,
2825 4410 3107 4479 προφήτας
3156 4408 3491 4471 ἀναδεικνὺς,
3550 4407 3639 4459 καὶ

1968 4500 2172 4570 σημεῖα
2196 4496 2290 4550 καὶ
2317 4494 2575 4566 θαύματα
2596 4495 2663 4547 δι’
2684 4493 2864 4548 αὐτῶν
2883 4495 3245 4550 ἐπιτελεῖσθαι
3274 4496 3460 4550 ποιῶν.
3490 4492 3636 4560 Εἶτα,

1968 4587 2059 4640 ἵνα
2085 4582 2367 4655 συντεμὼν
2396 4583 2537 4637 εἴπω
2560 4597 2575 4610 ⁸
2606 4582 2859 4654 καθάπερ
2887 4584 2995 4656 γὰρ
3027 4583 3127 4654 τῆς
3158 4584 3430 4655 θαλάττης
3457 4584 3527 4637 τὰ
3555 4584 3649 4638 κύ-

1972 4691 2138 4744 ματα.
2167 4672 2274 4725 κᾶν
2305 4670 2565 4743 μυριάκις
2602 4670 2938 4742 βιασώμεθα,
2970 4673 3073 4725 οὐκ
3103 4672 3170 4726 άν
3195 4689 3327 4725 ποτε
3356 4671 3643 4742 δυνηθείη-

1971 4778 2072 4831 μεν
2097 4758 2531 4831 ἐξαριθμεῖσθαι,
2566 4758 2739 4822 οὕτως
2773 4759 2895 4813 οὐδὲ
2919 4758 2982 4812 τὸ
3022 4759 3265 4812 ποικίλον
3276 4758 3396 4812 ’τῶν
3421 4760 3639 4828 εὐεργε-

1971 4849 2102 4901 σιῶν
2128 4847 2222 4900 τοῦ
2250 4845 2409 4912 Θεοῦ,
2430 4839 2507 4898 ὧν
2534 4846 2661 4917 περὶ
2692 4845 2790 4915 τήν
2818 4845 3089 4917 ἡμετέραν
3114 4846 3276 4915 φύσιν
3307 4845 3638 4910 ἐπεδείξατο.

1969 4935 2042 4989 Τὸ
2067 4934 2125 4988 δὲ
2155 4933 2482 4997 τελευταῖον,
2528 4931 2718 5001 ἐπειδὴ
2750 4929 2858 4984 εἶδε
2905 4932 3043 5001 μετά
3090 4931 3355 5004 τοσαύτην
3385 4933 3641 5004 πρόνοιαν

1968 5021 2049 5075 ἔτι
2076 5020 2281 5091 πολλῆς
2312 5020 2406 5073 καὶ
2439 5020 2645 5087 άφάτου
2673 5018 3083 5089 φιλανθρωπίας
3109 5019 3372 5091 δεομένην
3402 5019 3509 5091 τὴν.
3532 5019 3642 5074 τῶν

1968 5108 2271 5180 ἀνθρώπων
2304 5105 2485 5174 φύσιν,
2516 5105 2608 5159 καὶ
2638 5105 2789 5159 οὐδὲν
2828 5106 2988 5161 πλέον
3030 5107 3376 5176 ἰσχύσαντας,
3409 5107 3470 5160 οὐ
3514 5108 3642 5170 τοὺς

1969 5196 2333 5267 πατριάρχας,
2376 5194 2437 5246 οὐ
2467 5193 2592 5255 τοὺς
2632 5194 2936 5264 προφήτας,
2970 5194 3032 5247 οὐ
3064 5194 3135 5247 τά
3175 5193 3429 5265 θαύματα
3459 5197 3636 5249 ἐκεῖνα

1965 5283 2036 5336 τά
2067 5281 2365 5353 παράδοξα,
2414 5280 2476 5334 οὐ
2514 5279 2615 5343 τάς
2650 5280 2919 5351 τιμωρίας
2962 5282 3055 5355 καὶ
3092 5282 3191 5345 τάς
3230 5281 3510 5347 νουθεσίας
3540 5283 3641 5347 τὰς

1967 5370 2089 5425 καθ’
2112 5369 2340 5423 ἕκαστον
2368 5367 2732 5438 ἐπαγομένας,
2764 5368 2859 5420 καὶ
2884 5368 2982 5431 τὰς
3024 5368 3400 5439 αἰχμαλωσίας
3424 5371 3640 5435 ἐκείνας

1965 5458 2064 5523 τὰς
2095 5456 2449 5528 ἐπαλλήλους,
2474 5455 2663 5525 ῶσπερ
2682 5455 2955 5528 οἰκτείρας
2985 5456 3046 5509 τὸ
3074 5457 3229 5525 γένος
3260 5458 3321 5511 τὸ
3349 5458 3637 5531 ἡμέτερον,

1966 5546 2075 5599 τῶν
2104 5544 2294 5617 ψυχῶν
2335 5544 2430 5598 καὶ
2472 5542 2581 5595 τῶν
2611 5543 2877 5613 σωμάτων
2923 5543 3125 5615 ἰατρὸν,
3164 5544 3255 5598 τὸν
3296 5545 3424 5599 Υίὸν
3474 5546 3637 5601 αὐτοῦ

1966 5634 2058 5687 τὸν
2099 5631 2363 5704 μονογενῆ
2416 5631 2481 5684 ἐκ
2524 5629 2631 5683 τῶν
2672 5629 2888 5684 κόλπων
2934 5631 3266 5702 ἀναστήσας,
3319 5631 3392 5696 ὡς
3440 5633 3637 5697 εἰπεῖν,

1966 5719 2074 5774 τῶν
2102 5716 2401 5789 πατρικῶν,
2426 5715 2611 5771 δούλου
2638 5717 2852 5788 μορφὴν
2873 5716 3207 5773 ἀναλαϐόντα
3229 5720 3639 5790 παρεσκεύασεν

1969 5811 2033 5864 ἐκ
2060 5804 2329 5879 παρθένου
2366 5805 2639 5877 τεχθῆναι,
2674 5807 2763 5859 καὶ
2802 5802 2898 5863 σὺν
2932 5806 3061 5878 ﬁij
3087 5805 3509 5879 ἀναστραφῆναι,
3540 5804 3634 5861 καὶ
