4078 6420
478 337 580 394 2M

479 450 662 505 πάντα
703 451 988 521 ὑπομεῖναι
1017 447 1088 504 τά
1116 448 1379 525 ἡμέτερα,
1412 448 1504 504 ἵνα
1533 449 1636 519 τὴν
1680 449 1959 521 ἡμετέραν
1988 448 2149 518 φύσιν

478 537 634 591 κάτω
666 552 767 591 που
797 535 1053 607 κειμένην
1079 535 1186 588 ὑπὸ
1210 535 1305 589 τοῦ
1331 534 1441 590 τῶν
1472 536 1885 606 ἁμαρτημάτων
1916 534 2151 606 πλήθους

466 625 774 692 ,ἀναγαγεῖν
814 623 1014 696 δυνηθῇ
1065 624 1172 677 ἀπὸ
1204 624 1303 695 τῆς
1350 625 1456 695 γῆς
1500 626 1581 689 είς
1615 625 1706 678 τὸν
1750 623 1999 695 οὐρανόν.
2040 623 2151 677 Καὶ

476 710 636 764 τοῦτο
662 711 1096 782 ἐκπληττόμενος
1123 714 1151 765 6
1176 713 1277 782 τῆς
1300 711 1528 785 βροντῆς
1553 712 1687 776 υίὸς,
1708 713 1803 767 καὶ
1829 712 2029 767 ἐννοῶν
2049 712 2150 784 τῆς

475 798 700 868 ἀγάπης
726 796 822 850 τοῦ
847 797 981 851 Θεοῦ
1003 799 1102 868 τὴν
1132 799 1458 870 ὑπερϐολὴν,
1479 800 1545 869 ἢν
1573 799 1699 869 περὶ
1716 798 1778 852 τὸ
1805 798 1915 852 τῶν
1938 798 2149 871 ἀνθρώ-

476 900 594 937 πων
620 885 777 951 γένος
799 886 1129 951 ἐπεδείξατο,
1151 887 1283 942 ἐθόα
1311 887 1404 941 καὶ
1428 886 1614 955 ἔλεγεν
1630 903 1644 917 ·
1682 886 1844 940 οὕτω
1871 884 1983 956 γὰρ
2005 886 2150 956 ἠγά-

476 986 678 1038 πησεν
696 975 730 1027 ό
758 972 904 1040 Θεὸς
923 973 1031 1027 τὸν
1053 975 1300 1043 κόσμον.
1332 975 1471 1046 Ὅρα
1496 973 1665 1028 πόσου
1691 972 1968 1045 θαύματος
1989 974 2148 1043 γέμει

477 1059 511 1127 ἡ
539 1058 685 1125 λέξις
704 1074 722 1091 ο
756 1060 940 1127 οὕτω,
973 1063 1124 1131 φησὶ,
1153 1062 1214 1113 τὸ
1239 1060 1469 1131 μέγεθος
1503 1060 1978 1131 ἀναλογιζόμενος,
2012 1061 2149 1130 ὅπερ

477 1145 712 1215 ἤμελλεν
742 1147 888 1218 ἐρεῖν
908 1165 922 1178 ⁸
955 1147 1044 1201 διὰ
1067 1147 1224 1202 τοῦτο
1247 1146 1419 1212 οὕτως
1446 1148 1669 1221 ἡρξατο.
1711 1150 1846 1202 Είπέ
1871 1144 1967 1202 οὖν
1993 1149 2146 1219 ἡμῖν,

472 1226 522 1287 ὦ
550 1235 787 1305 μακάριε
829 1235 1043 1306 Ἰωάννη
1064 1252 1078 1266 ·
1113 1236 1297 1298 Οὕτω,
1333 1236 1487 1303 πῶς;
1527 1237 1649 1290 είπέ
1687 1237 1749 1291 τὸ
1778 1238 1995 1309 μέτρον,
2027 1237 2147 1291 είπέ

460 1320 536 1372 τὸ
585 1320 832 1390 μέγεθος,
878 1321 1085 1386 δίδαξον
1129 1324 1276 1393 ἡμᾶς
1320 1324 1422 1393 τὴν
1451 1323 1779 1396 ὑπερϐολήν.
1816 1324 1984 1379 Οὕτω
2035 1324 2147 1395 τὰρ

472 1406 792 1475 ἠγάπησεν
815 1411 849 1462 ό
878 1408 1023 1475 Θεὸς
1052 1410 1162 1463 τὸν
1193 1411 1446 1480 κόσμον,
1475 1409 1634 1465 ὥστε
1653 1410 1761 1465 τὸν
1794 1412 1933 1466 Υίὸν
1959 1411 2147 1466 αὐτοῦ

470 1493 582 1545 τὸν
599 1495 903 1565 μονογενῆ
932 1496 1212 1564 δέδωκεν,
1245 1499 1347 1552 ἵνα
1385 1495 1507 1564 πᾶς
1534 1500 1568 1552 ό
1596 1499 1898 1553 πιστεύων
1922 1501 2010 1565 είς
2037 1501 2145 1553 αὐ-

472 1578 581 1633 τὸν
602 1581 689 1650 μὴ
719 1583 1037 1649 ἀπόληται,
1067 1583 1207 1638 ἀλλ’
1238 1583 1352 1654 ἔχῃ
1389 1583 1544 1652 ζωὴν
1575 1584 1834 1640 αἰώνιον.

550 1663 702 1732 Εἶδες
719 1668 818 1741 τὴν
844 1671 1022 1724 αἰτίαν
1054 1673 1153 1742 τῆς
1180 1671 1276 1724 τοῦ
1311 1671 1445 1725 Υίοῦ
1490 1673 1793 1742 παρουσίας
1821 1674 2027 1745 ταύτην
2052 1671 2146 1729 οὖ·-

476 1771 598 1820 σαν,
631 1754 770 1808 ὥστε
805 1758 931 1821 τοὺς
973 1757 1266 1831 μέλλοντας
1315 1759 1646 1814 ἀπόλλυσθαι
1677 1761 1948 1833 σωτηρίας
1977 1763 2147 1833 ἀφορ-

477 1842 585 1913 μὴν
613 1842 790 1914 εὑρεῖν
833 1842 922 1897 διὰ
943 1844 1044 1916 τῆς
1071 1848 1152 1910 εἰς
1182 1847 1346 1900 αὐτὸν
1377 1847 1645 1916 πίστεως;
1686 1849 1753 1902 Τί
1780 1850 1846 1903 ἀν
1874 1867 1958 1914 τις
2000 1848 2145 1919 λογι.

476 1945 632 1983 σαιτο
679 1931 761 1995 είς
811 1930 1018 1986 ἔννοιαν
1066 1932 1236 1986 ἐλθὼν
1286 1934 1388 2005 τῆς
1432 1934 1740 2006 φιλοτιμίας
1782 1937 1997 2008 ἐκείνης
2046 1938 2147 2009 τῆς

475 2013 730 2089 μεγάλης
750 2017 846 2072 καὶ
885 2018 1224 2089 θαυμαστῆς,
1258 2022 1352 2074 καὶ
1382 2022 1561 2075 πάντα
1599 2023 1835 2094 νικώσης
1869 2022 2047 2091 λόγον,
2078 2024 2146 2096 ἡν

471 2105 764 2177 ἐχαρίσατο
796 2111 864 2181 τῇ
893 2109 1050 2178 φύσει
1082 2111 1151 2181 τᾷ
1189 2111 1431 2184 ἡμετέρᾳ
1458 2111 1545 2165 διὰ
1577 2112 1673 2183 τῆς
1711 2113 1804 2166 τοῦ
1832 2113 2145 2184 βαπτίσμα-

469 2210 564 2258 τος
603 2194 843 2268 δωρεᾶς,
900 2200 1115 2254 πάντων
1165 2200 1297 2271 ἡμῖν
1343 2199 1453 2253 τῶν
1506 2200 1991 2273 πλημμελημάτων
2045 2203 2145 2275 τὴν

469 2280 794 2354 ἀπαλλαγὴν
813 2284 1195 2357 δωρησάμενος
1215 2304 1231 2355 ;
1267 2287 1428 2341 Ἀλλά
1446 2287 1499 2341 τί
1526 2289 1696 2353 είπω,
1720 2289 1859 2344 Οὔτε
1882 2292 1917 2361 ἡ
1937 2291 2144 2344 διάνοια

472 2368 713 2442 ἐξαρκεῖ,
739 2372 862 2426 οὐδὲ
882 2372 912 2425 6
932 2373 1089 2441 λόγος
1108 2373 1346 2444 ἐξισχύει
1375 2375 1445 2430 τὰ
1468 2374 1632 2430 λοιπά
1651 2375 2139 2450 ἐξαριθμήσασθαι.

472 2455 615 2511 Ὅσα
644 2458 758 2529 γὰρ
780 2458 847 2512 ἀν
871 2459 1031 2526 είπω,
1060 2459 1298 2514 τοσαῦτά
1324 2464 1441 2517 ἐστι
1471 2461 1542 2515 τά
1570 2461 1843 2527 λείποντα,
1876 2464 1952 2528 ὡς
1990 2469 2144 2537 νικᾷν

471 2543 581 2598 τῶν
605 2544 708 2616 ἡδη
741 2545 1012 2617 ῥηθέντων
1042 2547 1141 2619 τὴν
1170 2549 1494 2621 ὑπερϐολήν.
1532 2550 1596 2604 Τί
1622 2547 1717 2605 οὖν
1757 2553 1823 2606 ἀν
1848 2570 1932 2617 τις
1957 2555 2146 2625 ἐννοὴ-

474 2647 587 2684 σειε
618 2633 716 2703 τῆς
753 2636 1039 2703 μετανοίας
1069 2636 1168 2707 τὴν
1193 2637 1331 2700 όδὸν,
1363 2639 1429 2708 ἢν
1457 2637 1750 2710 ἐχαρίσατο
1772 2639 1863 2694 διὰ
1884 2640 1982 2713 τὴν
2007 2643 2146 2711 ἀφα-

470 2733 564 2772 τον
594 2721 765 2775 αὐτοῦ
812 2723 1223 2795 φιλανθρωπίαν
1260 2725 1339 2796 τῷ
1377 2729 1630 2801 ἡμετέρῳ
1671 2729 1839 2797 γένει,
1871 2733 1964 2784 καὶ
2006 2734 2146 2802 μετὰ

444 2800 572 2877 ’τὴν
594 2806 690 2888 τοῦ
711 2807 1082 2881 βαπτίσματος
1098 2813 1306 2883 δωρεάν
1325 2813 1423 2877 τὰς
1447 2800 1664 2879 ἐντολάς
1684 2816 1784 2880 τὰς
1802 2800 2140 2888 θαυμαστάς,

469 2891 540 2946 δι’
580 2887 677 2961 ὧν,
729 2898 780 2950 εἰ
819 2896 1231 2971 βουληθείημεν,
1263 2901 1605 2973 δυνησόμεθα
1650 2903 1751 2976 τὴν
1798 2908 1931 2978 παρ’
1973 2908 2140 2962 αὐτοῦ

472 2980 649 3053 ροπὴν
678 2985 1088 3041 ἐπισπάσασθαι
1104 3005 1119 3053 ;

543 3068 611 3139 β’.
640 3069 793 3145 [257]
817 3070 990 3138 Εἶδες,
1020 3076 1289 3146 ἀγαπητὴ
1329 3076 1564 3132 ἄϐυσσον
1605 3079 1971 3150 εὐεργεσιῶη
2006 3079 2146 3147 εἶδες

470 3154 645 3216 πόσας
671 3159 1207 3231 ἀπαριθμησάμενοι,
1247 3162 1458 3217 οὐδέπω
1494 3165 1616 3218 οὐδὲ
1658 3166 1723 3219 τὸ
1751 3166 2042 3224 πολλοστὸν
2069 3174 2147 3224 εί-

469 3245 595 3297 πεῖν
616 3243 990 3318 ἡδυνὴθημεη
1017 3249 1141 3314 Πῶς
1156 3249 1264 3322 γὰρ
1284 3249 1596 3324 ἀνθρωπίνη
1619 3252 1835 3322 γλῶττα
1857 3255 2146 3324 δυνήσεται

467 3334 540 3385 τὰ
566 3332 718 3414 παρά
742 3333 837 3387 τοῦ
867 3334 1004 3389 Θεοῦ
1031 3337 1112 3400 είς
1154 3339 1304 3409 ἡμᾶς
1331 3340 1673 3411 γεγενημένα
1700 3340 1844 3414 λόγῳ
1874 3344 2100 3399 διελθεῖν
2127 3363 2142 3407 ς

470 3410 691 3473 Τούτων
732 3421 915 3475 τοίνυν
943 3424 1213 3478 τοσούτων
1259 3426 1354 3479 καὶ
1385 3426 1719 3496 τηλικούτων
1757 3410 1950 3497 όντων,
1983 3434 2145 3488 πάλιν

469 3505 652 3592 πολλῷ
680 3508 902 3577 μείζους
944 3510 1037 3563 καὶ
1074 3511 1511 3583 άπορῤητότεραί
1540 3517 1678 3569 εἰσιν
1721 3517 1780 3570 αἱ
1812 3519 2143 3592 εὐεργεσίαι,

470 3591 539 3656 ἀς
564 3596 704 3662 μετὰ
730 3597 832 3666 τήν
855 3597 1106 3652 ἐντεῦθεν
1140 3599 1471 3668 μετάστασιν
1505 3604 1562 3655 ἐν
1590 3602 1670 3672 τῷ
1702 3591 1948 3675 μέλλοντι
1988 3611 2143 3663 aitva

473 3684 840 3754 ἐπηγγείλατο
879 3687 991 3750 τοῖς
1020 3685 1118 3756 τὴν
1152 3687 1271 3740 ὁδὸν
1306 3688 1409 3758 τῆς
1453 3690 1654 3761 ἀρετῆς
1687 3692 1987 3763 βαδίζουσι.
2035 3700 2146 3752 Καὶ

476 3768 562 3822 ἵνα
598 3766 666 3824 δι’
693 3768 890 3837 ὀλίγων
933 3772 1193 3840 ῥημάτων
1219 3771 1315 3824 τοῦ
1346 3773 1611 3842 μεγέθους
1638 3776 1818 3829 αὐτῶν
1839 3779 1939 3850 τὴν
1978 3783 2146 3853 ὑπερ-

472 3853 636 3927 ὃολὴν
691 3858 826 3927 ἡμῖν
880 3858 1229 3932 παραστήσῃ,
1284 3861 1450 3929 φησιν
1497 3862 1526 3913 ό
1583 3864 1853 3934 μακάριος
1904 3868 2141 3933 Παῦλος·

477 3943 548 3999 Ἃ
586 3943 893 4013 ὀφθαλμὸς
912 3946 1024 4001 οὐκ
1042 3940 1183 4010 εἶδε,
1217 3948 1314 4000 καὶ
1347 3943 1459 4013 οὖς
1489 3950 1601 4003 οὐκ
1628 3949 1878 4018 ἢκουσε,
1912 3956 2011 4009 καί
2045 3957 2145 4012 ἐπὶ

470 4029 725 4099 καρδίαν
749 4029 1064 4100 ἀνθρώπου
1101 4034 1213 4088 οὐκ
1236 4034 1444 4105 ἀνέθη,
1484 4033 1525 4090 ἀ
1551 4037 1882 4107 ἡτοίμασεν
1919 4044 1953 4095 ό
2000 4043 2145 4110 Θεὸς

471 4117 598 4184 τοῖς
622 4118 938 4189 ἀγαπῶσιν
963 4122 1169 4177 αὐτόν.
1207 4117 1365 4187 Εἶδες
1388 4122 1606 4195 δωρεῶν
1633 4124 1972 4198 ὕπερόολὴνς
2006 4126 2146 4194 εἶδες

471 4206 655 4260 πᾶσαν
701 4205 911 4262 ἔννοιαν
959 4207 1307 4279 ἀνθρωπίνην
1353 4210 1787 4282 ὐπερδαινούσας
1834 4215 2002 4270 αὐτοῦ
2045 4217 2144 4282 τάς

471 4291 790 4363 εὐεργεσίας
809 4310 822 4325 ·
868 4293 1000 4348 Ἐπί
1033 4293 1286 4363 καρδίαν
1312 4296 1641 4367 γάρ,φησὶν,
1686 4299 2002 4368 ἀνθρώπου
2031 4306 2145 4360 οὐκ

470 4377 680 4446 ἀνέϐη.
726 4378 850 4433 Ἐὰν
875 4378 1055 4432 τοίνυν
1101 4378 1422 4451 βουλώμεθα
1457 4382 1662 4447 ταύτας
1709 4386 2142 4457 ἀναλογίζεσθαι,

474 4468 571 4521 καὶ
596 4465 696 4536 τὴν
723 4465 866 4522 κατά
909 4466 1141 4538 δύναμιν
1170 4467 1269 4538 τὴν
1296 4469 1572 4540 ἡμετέραν
1609 4471 1959 4545 εὐχαριστίαν
1983 4479 2145 4551 ποιῆ-

476 4570 590 4619 σαι,
612 4553 955 4626 δυνησόμεθα
995 4555 1092 4627 τὴν
1126 4556 1291 4609 αὐτοῦ
1329 4555 1542 4612 εὔνοιαν
1572 4559 1667 4613 ἐπὶ
1707 4561 1867 4616 πλέον
1903 4567 2143 4621 ἐπισπάο

475 4642 695 4706 σασθαι,
738 4641 997 4713 καὶπρὸς
1041 4642 1141 4714 τήν
1189 4643 1389 4717 ἀρετὴν
1427 4645 1630 4716 μᾶλλον
1671 4646 2035 4723 δηγερθῆναι.
2078 4656 2143 4711 Ἦ

471 4731 584 4804 γὰρ
608 4730 720 4788 τῶν
766 4730 1096 4800 εὐεργεσιῶν
1135 4733 1324 4805 μνήμη
1359 4734 1518 4807 ίκανὴ
1558 4739 1969 4809 προτρέψασθαι
2007 4745 2143 4817 πρὸς

469 4822 601 4886 τοὺς
653 4821 754 4891 τῆς
803 4822 1002 4893 ἀρετῆς
1042 4822 1258 4889 πόνους,
1316 4822 1410 4876 καὶ
1459 4827 1875 4895 παρασκευάσαι
1926 4832 2145 4888 πάντων

473 4909 748 4979 ὑπεριδεῖν
773 4909 880 4962 τῶν
910 4910 1214 4981 παρόντων,
1247 4911 1502 4982 καὶπρὸς
1532 4912 1624 4966 τὸν
1646 4915 1884 4971 τοσαῦτα
1916 4919 2138 4990 εὐεργεο

469 4999 677 5071 τηκόνεα
704 5000 1011 5071 κεχηνέναι,
1043 5000 1137 5054 καὶ
1167 5000 1259 5053 τὸν
1284 5000 1412 5071 περὶ
1438 5001 1597 5055 αὐτὸν
1626 5003 1789 5057 πόθον
1826 5008 2139 5077 ἀκμάζοντα

470 5087 595 5143 καθ’
625 5088 864 5158 ἑκάστην
895 5087 1108 5158 ἡμέραν
1144 5087 1568 5143 ἐπιδείκνυσθαι.
1605 5091 1885 5147 Ἐντεῦθεν
1916 5094 2024 5168 γὰρ
2048 5099 2143 5152 καὶ

469 5178 503 5229 ό
529 5176 735 5239 δίκαιος
758 5170 914 5238 οὗτος
944 5174 1214 5245 τοσαύτης
1243 5176 1529 5245 ἀπήλαυσε
1559 5177 1660 5247 τῆς
1693 5178 1899 5236 ἀνωθεν
1929 5184 2143 5249 εὐνοίας

470 5265 569 5319 καὶ
595 5264 695 5334 τῆς
721 5262 910 5335 τιμῆς,
943 5262 1131 5333 ἐπειδὴ
1171 5262 1369 5332 πολλὴν
1397 5263 1539 5334 ὑπὲρ
1563 5265 1672 5319 τῶν
1698 5265 2016 5334 φθασάντων
2047 5273 2142 5344 τὴν

474 5350 894 5420 εὐγνωμοσύνην
917 5347 1248 5414 ἐπεδείξατο.
1293 5349 1431 5401 Ἀλλ’
1463 5351 1551 5403 ἵνα
1581 5353 1916 5426 σαφέστερος
1942 5362 2077 5430 ἡμῖν
2113 5365 2142 5417 ὁ

471 5437 627 5506 λόγος
642 5438 887 5509 γένηται,
904 5438 1071 5509 αὐτὴν
1088 5437 1188 5507 τὴν
1217 5438 1389 5508 ἀρχὴν
1414 5437 1523 5493 τῶν
1540 5441 1776 5511 σήμερον
1798 5445 2143 5519 ἀνεγνωσμέ-

472 5540 582 5576 νων
620 5527 913 5593 ἀναγκαῖον
968 5525 1247 5596 προθεῖναι
1294 5524 1388 5577 ἐπὶ
1427 5525 1526 5595 τῆς
1581 5526 1853 5599 ὑμετέρας
1895 5534 2136 5606 ἀγάπης.

486 5611 704 5683 Ἐπειδὴ
734 5612 845 5685 γὰρ
864 5612 1085 5683 ἐξῆλθεν
1108 5612 1172 5665 ἐκ
1191 5612 1290 5681 τῆς
1314 5611 1549 5665 κιόωτοῦ
1570 5616 1711 5667 κατὰ
1730 5616 1792 5669 τὸ
1818 5620 2140 5693 πρόσταγμα

471 5699 571 5754 τοῦ
601 5700 895 5764 Δεσπότου,
921 5700 1059 5771 μετά
1081 5700 1191 5753 τῶν
1221 5699 1374 5765 υἱῶν,
1396 5699 1492 5753 καὶ
1516 5701 1614 5771 τῆς
1641 5703 1832 5757 ἐαυτοῦ
1862 5709 2137 5777 γυναικὸς,

476 5791 570 5843 καὶ
596 5788 870 5857 γυναικῶν
896 5788 1005 5841 τῶν
1030 5787 1257 5849 παίδων,
1294 5788 1389 5841 καὶ
1427 5787 1644 5841 πάντων
1671 5790 1779 5845 τῶν
1809 5792 2012 5863 θηρίων
2043 5800 2138 5852 καὶ

477 5877 585 5933 τῶν
632 5874 914 5944 πετεινῶν,
953 5876 1043 5929 καί
1086 5872 1303 5940 ἐδέξατο
1342 5874 1492 5943 παρά
1541 5875 1635 5928 τοῦ
1678 5876 1813 5933 Θεοῦ
1852 5881 1988 5950 μετά
2040 5885 2139 5954 τῆς

1268 334 1327 390 S.
1361 332 1644 390 JOAN-NES
1681 330 2143 391 CHRYSOSTOM

2248 329 2531 387 .RCHIEP.
2574 281 3111 385 ΘΟΝΒΤΔΝΤΙΝΟΡ.

3819 331 3927 386 ΞΩ

2256 446 2436 514 ἐξόδου
2464 447 2560 500 καὶ
2593 445 2693 516 τὴν
2711 443 2957 512 εὐλογίαν
2983 440 3197 512 ἐκείνην
3222 440 3323 514 τὴν
3354 440 3554 515 πολλὴν
3582 443 3731 518 αύτῷ
3749 462 3930 518 παρα-

2256 532 2455 602 μυθίαν
2511 532 2863 600 κομίζουσαν.
2913 530 3015 600 τὴν
3072 527 3357 597 λέγουσαν,
3420 529 3778 596 Αὑξάνεσθσ
3829 532 3930 586 καὶ

2251 619 2658 686 πληθύνεσθε,
2719 615 3048 670 διδάσκουσα
3101 615 3253 685 ἡμᾶς
3309 617 3345 686 ἡ
3403 615 3524 669 θεία
3577 617 3776 687 Γραφὴ
3837 618 3930 672 τοῦ

2249 703 2460 757 δικαίου
2517 703 2619 775 τὴν
2677 700 3100 772 εὐγνωμοσύνην
3121 739 3136 763 ,
3184 700 3351 770 φησί’
3424 702 3533 755 Καὶ
3577 702 3933 773 ᾠκοδόμησε

2248 794 2377 849 Νῶε
2412 793 2849 860 θυσιαστήριον
2868 788 2949 856 τῷ
2976 789 3190 858 Κυρίῳ,
3224 789 3325 844 καί
3357 789 3577 845 ἐλαϐεν
3620 792 3742 846 ἀπὸ
3775 791 3925 846 πάνυ

2247 898 2366 935 των
2394 879 2515 934 τῶν
2544 877 2781 948 κτηνῶν
2806 876 2929 932 τῶν
2951 874 3244 946 καθαρῶν,
3277 877 3375 930 καί
3400 876 3520 931 ἀπὸ
3539 876 3790 931 πάντων
3815 877 3933 931 τῶν

2247 969 2535 1024 πετεινῶν
2578 968 2699 1023 τῶν
2732 964 3028 1036 καθαρῶν,
3070 966 3169 1021 καί
3207 965 3545 1035 ἀνήνεγκεν
3575 966 3930 1034 6.10sz-

2246 1072 2353 1110 σιν
2389 1055 2488 1110 ἐπὶ
2540 1054 2610 1108 τὸ
2665 1054 3117 1122 θυσιαστήριον.
3173 1052 3373 1107 Σκόπει
3429 1051 3568 1123 μετά
3617 1052 3930 1124 apud“,

2246 1143 2517 1214 ἀγαπητὴ
2550 1144 2615 1197 ἐκ
2655 1142 2766 1195 τῶν
2796 1142 2894 1196 νῦν
2933 1141 3196 1213 ῥημάτων
3225 1140 3409 1197 πάλιν.
3441 1139 3559 1204 πῶς
3590 1142 3649 1194 ἐν
3694 1141 3844 1211 αὐτῇ
3867 1143 3929 1212 τῇ

2249 1231 2411 1301 φύσει
2438 1233 2468 1285 6
2498 1231 2607 1286 τῶν
2631 1231 2891 1285 ἁπάντων
2919 1229 3253 1301 δημιουργὸς
3282 1227 3577 1282 ἐναπέθετο
3608 1228 3713 1300 τὴν
3731 1228 3931 1297 γνῶσιν

2247 1322 2378 1391 ἡμῖν
2407 1319 2610 1391 ἀκριϐῆ
2634 1319 2733 1390 τῆς
2764 1316 2990 1390 ἀρετῆς.
3023 1315 3195 1371 Πόθεν
3220 1316 3350 1385 γάρ,
3378 1314 3499 1368 είπέ
3522 1331 3637 1387 μοι,
3666 1314 3840 1368 τοῦτο
3861 1314 3934 1386 τῷ

2246 1407 2440 1478 δικαίῳ
2475 1404 2748 1477 ἐπῆλθεν;
2781 1404 2970 1468 Οὐδεὶς
3005 1398 3075 1476 ἦν
3098 1404 3305 1475 ἐτερος,
3341 1402 3478 1474 πρὸς
3513 1401 3572 1455 δν
3601 1401 3736 1455 ίδεῖν
3766 1398 3930 1472 εἶχεν.

2258 1495 2420 1549 Ἀλλὰ
2441 1494 2695 1564 καθάπερ
2710 1497 2768 1548 ἐν
2795 1495 2936 1566 ἀρχῇ
2953 1493 2983 1546 6
3007 1493 3113 1546 ὑπὸ
3127 1492 3221 1545 τοῦ
3239 1490 3667 1563 πρωτοπλάστου
3696 1491 3931 1561 τεχθεὶς,

2249 1581 2414 1635 Ἅϐελ
2436 1581 2600 1650 λέγω,
2632 1581 2845 1635 οἴκοθεν
2876 1579 3194 1651 κινούμενος
3218 1578 3317 1651 τὴν
3348 1579 3721 1649 προσαγωγὴν
3749 1579 3935 1648 ἐποιή-

2247 1685 2379 1723 σατο
2431 1669 2566 1740 μετὰ
2622 1668 2823 1739 πολλῆς
2866 1667 2968 1739 τῆς
2996 1666 3330 1739 ’ἀκριϐείαςο
3372 1665 3515 1720 οὓτω
3542 1665 3607 1736 δὴ
3638 1666 3742 1720 καὶ
3785 1664 3930 1718 vivi

2244 1756 2453 1821 δίκαιος
2481 1749 2636 1820 οὗτος
2665 1756 2724 1823 ἐξ
2744 1754 2950 1818 οίκείας
2972 1753 3200 1826 γνώμης
3228 1755 3323 1808 καὶ
3346 1753 3727 1825 προαιρέσεως
3751 1753 3933 1822 ὐγιοῦς

2247 1846 2389 1899 κατά
2419 1847 2519 1915 τὴν
2551 1844 2903 1916 ἀνθρωπίνην
2934 1843 3186 1915 δύναμιν,
3212 1842 3288 1907 ὡς
3315 1844 3553 1913 ἐνόμισε,
3577 1841 3667 1896 διὰ
3697 1842 3815 1895 τῶν
3849 1842 3934 1895 θυι

2248 1933 2379 1989 σιῶν
2425 1934 2524 1998 τὰς
2570 1932 2919 2005 εὐχαριστίας
2962 1933 3225 2004 ἀναφέρει
3250 1931 3331 2002 τῷ
3376 1932 3642 2004 Δεσπότῃ.
3679 1931 3801 1984 Καὶ
3838 1929 3932 1999 ὄρει

2245 2022 2405 2076 αὐτὸν
2438 2021 2578 2093 μετά
2603 2021 2802 2092 πολλῆς
2831 2018 3153 2090 φιλοσοφίας
3193 2018 3410 2072 ἅπαντα
3439 2016 3930 2087 διαπραττόμενον.

2246 2109 2383 2164 Οὔτε
2410 2110 2522 2183 γὰρ
2544 2109 2836 2181 οἰκοδομῆς
2859 2107 3007 2181 αὐτῷ
3042 2106 3231 2177 ἐδέησε
3255 2106 3538 2177 λαμπρᾶς,
3564 2105 3626 2159 οὐ
3650 2104 3816 2169 ναοῦ,
3840 2105 3931 2157 οὐκ

2243 2199 2393 2252 οίκου
2435 2197 2583 2262 τινὸς
2624 2195 2961 2268 θαυμαστοῦ,
2992 2196 3098 2249 οὐκ
3142 2193 3302 2249 άλλου
3352 2191 3597 2255 οὐδενός’
3637 2190 3762 2262 ᾔδει
3809 2191 3928 2259 γάρ,

2242 2286 2360 2357 ᾔδει
2396 2286 2603 2355 σαφῶς,
2644 2286 2726 2339 ὅτι
2777 2284 3002 2356 γνώμην
3046 2282 3295 2354 ἐπιζητεῖ
3328 2283 3489 2353 μόνον
3528 2282 3559 2335 6
3604 2279 3928 2348 Δεσπότης’

2244 2372 2394 2445 [258]
2433 2373 2529 2427 καὶ
2561 2372 2979 2444 ἐσχεδιασμένον
3017 2370 3380 2440 οἰκοδομήσας
3411 2369 3472 2422 τὸ
3521 2367 3929 2438 θυσιαστήριον,

2245 2462 2339 2514 καὶ
2366 2460 2545 2512 λαϐὼν
2570 2459 2681 2512 ἀπὸ
2710 2458 2820 2513 τῶν
2854 2457 3069 2528 κτηνῶν
3097 2455 3209 2510 τῶν
3237 2455 3520 2527 καθαρῶν,
3552 2454 3650 2508 καὶ
3678 2453 3796 2508 ἀπὸ
3829 2451 3930 2505 τῶν

2244 2546 2505 2601 πετεινῶν
2544 2546 2655 2599 τῶν
2703 2544 2983 2616 καθαρῶν,
3034 2544 3133 2608 τὰς
3178 2541 3587 2614 ὁλοκαρπώσεις
3637 2542 3928 2611 ἀνήνεγκει

2243 2636 2357 2700 καὶ,
2387 2635 2510 2688 ὅσον
2544 2630 2660 2704 εἶχε
2690 2633 2997 2702 δυνάμεως,
3028 2631 3126 2701 τῆς
3175 2630 3385 2693 οἰκείας
3416 2629 3802 2703 προαιρέσεως
3839 2625 3930 2696 τὴν

2243 2722 2666 2794 εὐγνωμοσύνην
2691 2720 3004 2787 ἐπεδείξατο
3017 2736 3033 2752 ο
3061 2720 3129 2790 ἡν
3150 2716 3552 2789 ἀποδεξάμενος
3573 2718 3604 2770 ὁ
3624 2714 3927 2786 φιλάνθρω-

2244 2825 2345 2872 πος
2386 2807 2519 2873 Θεὸς
2547 2809 2641 2863 καὶ
2686 2809 2783 2879 τὴν
2828 2804 3057 2876 γνώμην
3100 2804 3468 2873 ἐστεφάνωσε,
3519 2801 3619 2857 καὶ
3664 2803 3772 2873 τὴν
3805 2797 3928 2870 παρ’

2244 2895 2439 2951 ἐαυτοῦ
2462 2895 2626 2951 πάλιν
2643 2894 2952 2965 φιλοτιμίαν
2967 2893 3359 2948 ἐπιδείκνυται.
3379 2891 3517 2962 Φησὶ
3532 2893 3641 2960 γὰρ
3662 2892 3698 2961 ἡ
3716 2890 3760 2942 Γ
3764 2889 3923 2961 ραφή·

2246 2987 2355 3040 Καὶ
2384 2984 2716 3055 ώσφράνθη
2764 2982 2983 3051 Κύριος
3011 2979 3215 3051 ὀσμὴν
3253 2980 3526 3046 εὐωδίας.
3563 2979 3710 3051 Ὀρα
3744 2977 3864 3039 πῶς
3892 2976 3922 3044 ἡ

2244 3072 2435 3145 γνώμη
2469 3072 2565 3125 τοῦ
2613 3070 2982 3142 προσάγοντος
3010 3068 3105 3121 τὸν
3147 3068 3373 3131 καπνὸν,
3418 3067 3511 3120 καὶ
3536 3066 3638 3137 τὴν
3676 3065 3919 3123 κνίσσαν.

2244 3160 2341 3214 καὶ
2369 3161 2552 3213 πᾶσαν
2589 3158 2688 3228 τὴν
2710 3155 2963 3231 ἐντεῦθεν
3006 3155 3335 3226 τικτομένην
3370 3154 3560 3225 ἀηδίαν
3589 3152 3801 3222 πολλῆς
3830 3151 3924 3219 τῆς

2244 3246 2467 3310 εὐωδίας
2493 3245 2774 3316 ἐνέπλησε.
2807 3243 2908 3297 Διά
2933 3242 3091 3296 τοῦτο
3123 3242 3216 3295 καὶ
3235 3240 3448 3305 Παῦλος
3471 3241 3625 3309 ἔλεγε
3655 3240 3886 3310 γράφων
3906 3252 3920 3266 ⁸

2202 3375 2221 3393 .
2248 3337 2367 3387 Ὀτι
2398 3330 2657 3402 Χριστοῦ
2683 3329 2901 3385 εὐωδία
2938 3329 3130 3399 ἐσμὲν
3165 3329 3233 3383 ἐν
3272 3328 3397 3395 τοῖς
3429 3326 3789 3396 σωζομένοις
3828 3325 3920 3378 καί

2243 3423 2315 3476 ὲν
2345 3421 2469 3488 τοῖς
2524 3416 2991 3487 ἀπολλυμένοις,
3029 3413 3117 3485 οἷς
3167 3416 3286 3487 μὲν
3330 3415 3492 3486 ὀσμὴ
3529 3412 3801 3471 θανάτοιν
3840 3414 3922 3477 είς

2246 3508 2525 3571 θάνατον,
2578 3502 2670 3573 οἷς
2727 3504 2797 3559 δὲ
2835 3505 2996 3575 ὀσμὴ
3050 3502 3195 3572 ζωῆς
3248 3505 3330 3570 είς
3403 3500 3573 3571 ζωήν.
3608 3514 3637 3542 ι
3686 3500 3921 3569 Ὀσμὴν

2245 3596 2517 3661 εὐωδίας.

2316 3683 2407 3754 Μὴ
2439 3684 2505 3754 τῇ
2540 3680 2815 3754 παχύτητι
2851 3681 2948 3752 τῆς
3005 3678 3205 3744 λέξεως
3259 3674 3621 3748 προσπταίης,
3668 3670 3817 3725 ἀλλά
3856 3673 3917 3742 τῇ

2248 3770 2446 3824 σαυτοῦ
2480 3770 2737 3842 ἀσθενείᾳ
2759 3768 2869 3822 τῶν
2903 3767 3164 3840 ῥημάτων
3195 3764 3294 3837 τὴν
3326 3761 3733 3833 συγκατάσασιν
3776 3758 3916 3827 λογι-

2247 3858 2500 3928 σάμενος.
2532 3857 2642 3911 νόει
2666 3855 2935 3921 ἐντεῦθεν,
2960 3855 3041 3908 ὅτι
3074 3852 3238 3924 δεκτὴ
3265 3852 3487 3922 γέγονεν
3519 3852 3553 3921 ἡ
3579 3845 3917 3920 προσαγωγὴ

2244 3950 2338 4006 τοῦ
2380 3949 2613 4005 δικαίου.
2647 3947 2763 4003 Ἵνα
2801 3946 2908 4020 γάρ
2947 3947 3043 4000 καὶ⁵
3087 3945 3154 3999 δι’
3203 3942 3382 3997 αὐτῶν
3417 3940 3529 3995 τῶν
3576 3939 3917 4009 πραγμάτων

2244 4039 2443 4095 ειδέναι
2486 4036 2698 4108 ἔχωμεν
2742 4034 2804 4088 τὸ
2840 4033 3084 4097 ἀνενδεὲς
3130 4031 3225 4086 τοῦ
3256 4027 3547 4092 Δεσπὸτου,
3592 4025 3682 4080 καὶ
3711 4025 3807 4078 ὅτι
3854 4022 3916 4076 δι’

2243 4126 2397 4183 οὐδὲν
2426 4125 2610 4197 ἕτερον
2636 4122 2809 4177 ταῦτα
2840 4120 3089 4190 γίνεσθαι
3134 4116 3533 4189 συνεχώρησεν,
3715 4111 3814 4164 ἵνα
3832 4111 3918 4197 εἰς

2245 4192 2661 4279 εὐγνωμοσύνην
2739 4205 2922 4275 ἀγάγῃ
2976 4205 3102 4268 τοὺς
3179 4198 3534 4273 ἀνθρώπους·
3592 4194 3679 4250 διὰ
3756 4192 3918 4247 τοῦτο

2244 4295 2471 4367 ἀφίησιν
2500 4294 2670 4357 αὐτὰς
2697 4291 2776 4359 τῷ
2801 4293 2936 4361 πυρὶ
2967 4286 3488 4352 καταναλίσκεσθαι,
3512 4284 3603 4339 ἵνα
3637 4282 3730 4367 καὶ
3763 4280 3919 4367 αὐτοὶ

2244 4384 2296 4437 οἱ
2329 4365 2699 4454 προσάγοντες
2733 4377 2977 4450 μάθωσιν
3011 4378 3077 4430 ἐκ
3101 4376 3211 4431 τῶν
3235 4373 3557 4444 γινομένων,
3584 4369 3659 4431 ὡς
3682 4366 3782 4420 διὰ
3824 4365 3917 4454 τὴν

2244 4451 2425 4524 αὐτῶν
2460 4467 2729 4538 ὠφέλειαν
2756 4466 2974 4521 ἅπαντα
3001 4464 3230 4534 γίνεται.
3261 4462 3417 4527 Τίνος
3460 4460 3517 4513 δὲ
3556 4457 3767 4519 ἕνεκεν,
3792 4451 3915 4509 ειπέ

2248 4575 2359 4629 μοι,
2393 4558 2488 4610 καὶ
2507 4556 2644 4619 ὅλως
2684 4555 2958 4624 συγχωρεί
2990 4551 3164 4606 ταῦτα
3189 4548 3464 4620 γίνεσθαι;
3490 4544 3599 4598 Καὶ⁵
3618 4540 3780 4594 τοῦτο
3816 4541 3917 4629 πά.-

2246 4625 2330 4699 λιν
2354 4642 2803 4712 σνδγκαταῦαίνων
2831 4643 2898 4712 τῇ
2942 4638 3198 4710 ἀσθενείᾳ
3228 4639 3297 4709 τῇ
3330 4632 3678 4706 άνθρωπίνη’
3720 4625 3917 4694 ἐπειδὴ

2244 4733 2355 4805 γὰρ
2394 4730 2620 4803 ἔμελλον
2671 4728 2815 4785 κατά
2861 4727 3054 4799 μικρὸν
3100 4728 3150 4779 οί
3195 4725 3471 4796 ἄνθρωποι
3513 4723 3593 4783 είς
3640 4715 3916 4790 ρᾳθυμίαν

2245 4818 2626 4880 ἀποκλίνοντες
2649 4815 2743 4869 καὶ
2765 4814 2921 4877 θεοὺς
2949 4816 3161 4876 ἑαυτοῖς
3189 4809 3563 4881 ἐπιφημίζειν,
3592 4806 3685 4858 καὶ
3703 4805 3914 4863 τούτοπ

2247 4907 2345 4972 τὰς
2398 4905 2590 4967 θυσίας
2635 4901 2938 4964 ἐπιτελεῖν,
2993 4899 3279 4971 προλαϐὼν
3334 4896 3687 4966 καταδέχεται
3732 4890 3914 4959 ἐαυτῷ

2243 4995 2416 5050 ταῦτα
2455 4989 2849 5062 προσάγεσθαι,
2883 4989 2969 5040 ἵνα
3008 4987 3151 5042 οὕτω
3188 4985 3318 5056 γοῦν
3348 4985 3634 5053 ἀποστήσῃ
3674 4980 3776 5049 τῆς
3803 4978 3916 5030 ὀλε-

2247 5080 2401 5152 θρίας
2456 5078 2663 5149 πλάνης
2709 5076 2834 5138 τοὺς
2888 5074 3178 5146 μέλλοντας
3231 5068 3619 5139 ὑποσύρεσθαι.
3666 5067 3779 5121 Καὶ
3834 5066 3915 5152 δτι

2244 5150 2333 5221 διὰ
2363 5163 2769 5233 ωγκατάόασιν
2794 5162 2972 5215 πάντα
3000 5160 3174 5214 ταῦτα
3193 5157 3325 5228 παρ’
3351 5154 3514 5212 αὐτοῦ
3538 5150 3913 5223 συνεχωρήθη,

2248 5256 2439 5310 σκόπει
2466 5252 2561 5305 τοῦ
2589 5253 2780 5324 χρόνου
2809 5250 3088 5321 προϊόντος
3126 5250 3206 5301 ὅτι
3235 5248 3333 5300 καὶ
3362 5243 3663 5318 περιτομὴν
3685 5239 3915 5308 νομοθε-

2244 5342 2454 5398 τεῖσθαι
2508 5337 2852 5402 κατεδέξατο,
2906 5338 3005 5409 οὐχ
3042 5336 3115 5400 ὡς
3154 5336 3288 5409 πρὸς
3336 5333 3435 5405 τὴν
3459 5332 3558 5401 τῆς
3588 5328 3768 5401 ψυχῆς
3810 5343 3917 5379 ou)-

2244 5430 2439 5503 τηρίαν
2480 5426 2793 5480 συντελέσαι
2822 5442 2873 5477 τι
2906 5424 3108 5495 ταύτης
3127 5424 3450 5493 δυναμένης,
3474 5420 3589 5475 ἀλλ’
3611 5419 3698 5471 ἵνα
3722 5416 3917 5485 ὥσπερ

2248 5515 2467 5589 σημεῖόν
2486 5530 2538 5566 τι
2570 5514 2661 5566 καὶ
2686 5511 2955 5583 σφραγῖδα
2986 5513 3346 5582 περιφέρωσι,
3372 5511 3569 5578 δεῖγμα
3590 5506 3687 5575 τῆς
3706 5504 3916 5563 οἰκείας

2243 5601 2680 5673 εὐγνωμοσύνης,
2710 5602 2759 5653 οἱ
2779 5599 2888 5653 τῶν
2926 5598 3196 5652 Ἰουδαίων
3224 5597 3430 5663 παῖδες,
3452 5597 3544 5651 καὶ
3580 5595 3653 5664 μὴ
3691 5592 3791 5663 ἐξῇ
3817 5590 3917 5646 air

2244 5695 2354 5756 τοῖς
2392 5687 2862 5760 συναναφύρεσθαι
2889 5689 3007 5751 ταῖς
3040 5686 3148 5738 τῶν
3179 5685 3348 5738 ἐθνῶν
3379 5684 3703 5756 ἐπιμιξίαις.

2309 5835 2336 5864 ⁸
2354 5832 2523 5881 Morel.
2552 5836 2607 5894 et
2632 5830 2783 5882 Savil.
2808 5831 2888 5882 hic
2906 5836 3141 5894 repetunt
3171 5831 3251 5879 καὶ
3278 5830 3527 5894 ὢσφριὶνθη
3550 5830 3719 5892 Κύριος
3742 5830 3769 5878 6
3790 5827 3920 5882 θεὸς

2250 5897 2403 5956 ὀσμὴν
2425 5893 2641 5949 εὐωδίας.
