4078 6426
435 358 528 414 ω

429 487 552 527 cum
603 469 948 533 conversari,
993 475 1046 523 et
1072 465 1251 522 omnia
1299 476 1478 521 nostra
1522 466 1698 531 ferre,
1752 474 1809 520 ut
1843 480 2010 535 genus

431 571 669 618 nostrum
696 561 928 630 peccatis
956 573 1269 629 oppressum
1294 557 1481 626 jacens
1499 573 1529 611 a
1561 557 1716 611 terris
1743 558 1794 610 in
1823 557 2010 610 caelum

430 653 727 707 subvehere
755 652 938 720 possit.
967 649 1035 704 Et
1061 649 1164 704 hoc
1191 648 1574 717 obstupescens
1605 647 1821 701 tonitrui
1848 647 2006 710 ﬁlius,

425 743 882 810 tonsidernnsque
909 739 1207 794 dilectionis
1226 737 1419 793 divina:
1437 737 1826 802 excellentiam,
1850 751 2008 806 quant

426 845 552 900 erga
579 845 747 900 genus
777 837 1014 884 nostrum
1044 827 1366 892 declaravit,
1391 827 1653 882 clamabat
1679 835 1736 882 et
1759 825 2008 881 dicebat:

427 924 520 975 Sic
544 923 675 975 enim
717 921 860 975 Deus
905 921 1082 975 dilexit
1127 919 1374 974 mundum
1417 919 1827 991 (Ioan.‘5.16).
1877 919 2010 975 Vide

424 1023 626 1081 quanto
649 1011 910 1066 miraculo
940 1011 1094 1080 plena
1124 1010 1239 1066 haec
1263 1009 1426 1066 dictio
1455 1029 1468 1065 :
1498 1011 1588 1065 Sic
1607 1053 1622 1076 ,
1651 1011 1721 1065 ait
1745 1052 1759 1075 ,
1788 1012 1864 1066 rei
1896 1027 2012 1066 ma-

423 1103 756 1174 gnitudinem
783 1103 1112 1172 expendens,
1141 1117 1297 1173 quam
1321 1102 1558 1157 dicturus
1577 1111 1691 1157 erat
1724 1120 1737 1156 :
1766 1112 2009 1172 propter-

423 1208 485 1247 ea
525 1193 590 1247 ad
637 1192 776 1247 hunc
814 1193 1031 1247 modum
1092 1207 1320 1248 exorsus
1356 1200 1484 1248 est:
1527 1192 1618 1248 Sic
1665 1193 1859 1248 dilexit.
1913 1193 2009 1248 Dic

425 1283 585 1353 igitur
605 1283 786 1348 nobis,
817 1283 972 1337 beate
997 1282 1232 1338 Joannes
1249 1323 1266 1348 ,
1291 1282 1558 1352 quomodo
1585 1281 1719 1337 Sic?
1743 1283 1829 1337 die
1855 1298 2008 1336 men-

422 1388 603 1428 suram
627 1415 642 1442 ,
686 1374 772 1429 dic
811 1373 1229 1444 magnitudinem
1253 1417 1269 1439 ,
1317 1373 1451 1427 doce
1482 1388 1580 1427 nos
1607 1373 2003 1427 excellentiam.

424 1466 516 1519 Sic
541 1467 672 1518 enim
699 1465 872 1518 dilexit
901 1464 1038 1518 Deus
1073 1465 1358 1529 mundum,
1401 1473 1455 1518 ut
1491 1462 1684 1517 Filium
1713 1480 1858 1517 suum
1887 1464 2005 1516 uni-

421 1557 642 1626 genitum
672 1557 834 1623 daret,
864 1566 919 1610 ut
945 1557 1106 1610 omnis
1125 1555 1212 1626 qui
1231 1556 1387 1610 credit
1411 1555 1464 1609 in
1493 1555 1660 1619 illum,
1692 1572 1794 1608 non
1812 1565 2002 1625 pereat,

420 1647 510 1698 sed
533 1645 712 1698 habent
738 1647 892 1699 vitam
917 1657 1180 1699 wternam.

493 1737 660 1791 Causa
683 1738 923 1791 adventus
949 1736 1154 1792 Christi.
1179 1767 1253 1778 —
1276 1736 1460 1791 Vidisti
1489 1752 1702 1792 causam
1744 1738 2004 1792 adventus

420 1828 540 1882 Filii
584 1831 719 1882 hanc
746 1843 886 1894 esse,
919 1837 978 1883 ut
1020 1843 1116 1898 per
1144 1827 1302 1884 ﬁdem
1330 1830 1382 1883 in
1407 1829 1554 1882 illum
1587 1829 1620 1883 ii
1657 1829 1746 1899 qui
1779 1830 1999 1898 perituri

417 1932 591 1986 erant,
624 1921 812 1975 salutis
833 1922 1168 1976 occasionem
1199 1921 1542 1975 invenirent?
1569 1921 1849 1988 Quomodo
1875 1921 1994 1991 quis

416 2023 596 2068 mente
634 2013 938 2082 conceperit
979 2027 1226 2082 magnam
1262 2021 1316 2066 et
1342 2011 1708 2068 admirabilem
1737 2013 1919 2078 illam,
1947 2022 2000 2067 et

417 2118 540 2173 qua:
585 2118 797 2158 omnem
841 2104 1100 2158 rationem
1138 2104 1335 2169 vincit,
1391 2103 1798 2171 liberalitatem,
1843 2118 2002 2174 quam

416 2203 623 2249 staturae
649 2204 844 2250 nostra:
865 2210 960 2264 per
974 2194 1169 2250 donum
1194 2195 1438 2265 baptismi
1457 2197 1740 2258 concessit,
1760 2197 1996 2249 omnium

418 2298 760 2356 peccatorum
806 2297 1110 2342 nostrorum
1153 2287 1274 2342 data
1317 2287 1674 2342 remissione?
1727 2287 1830 2342 Sed
1876 2287 2002 2358 quid

413 2376 632 2431 dicam?
659 2392 829 2447 neque
859 2393 1008 2431 mens
1037 2377 1270 2443 sufﬁcit,
1316 2393 1489 2448 neque
1515 2393 1692 2432 sermo
1717 2379 1855 2433 valet
1893 2394 2003 2432 cae-

417 2477 528 2521 tera
555 2481 891 2524 enumerare.
920 2467 1050 2522 Nam
1071 2469 1408 2538 quantumvis
1433 2467 1638 2536 dixero,
1663 2470 1831 2523 multo
1853 2471 2001 2539 plura

413 2560 572 2616 dictis
618 2570 896 2630 praetereo.
946 2560 1064 2616 lam
1105 2562 1224 2630 quis
1267 2562 1595 2632 pmnitentiaa
1636 2562 1773 2615 viam
1803 2563 2004 2632 cogita-

415 2652 571 2716 verit,
625 2666 784 2721 quam
833 2651 1064 2705 humano
1109 2652 1290 2721 generi
1341 2659 1522 2705 nostro
1565 2650 1634 2704 ob
1680 2650 2000 2706 ineffabilem

417 2742 836 2797 misericordiam
869 2758 1020 2797 suam
1050 2742 1341 2806 concessit,
1371 2751 1426 2794 et
1456 2751 1577 2810 post
1606 2741 1851 2810 baptismi
1881 2757 2003 2812 gra-

415 2835 544 2888 tiam
564 2876 578 2898 ,
618 2834 881 2888 mirabilia
925 2834 1013 2888 illa
1057 2833 1301 2887 mandata
1332 2875 1347 2898 ,
1377 2847 1470 2901 per
1497 2848 1651 2901 quae,
1681 2833 1724 2886 si
1752 2833 1998 2901 velimus,

419 2925 711 2994 poterimus
739 2926 853 2994 ejus
879 2923 1034 2978 nobis
1049 2924 1269 2995 gratiam
1294 2921 1618 2977 conciliare?

487 3015 543 3071 2.
574 3015 761 3072 Vidisti
787 3057 804 3084 ,
853 3016 1045 3071 dilecte
1065 3055 1079 3080 ,
1125 3017 1375 3085 abyssum
1407 3015 1548 3069 illius
1571 3015 1951 3070 beneﬁciorum
1977 3016 2001 3069 i

416 3107 594 3162 vidisti
623 3117 818 3176 quanta
844 3107 1334 3162 enumeraverimus
1360 3148 1373 3171 ,
1403 3105 1496 3161 sed
1526 3106 1760 3161 nondum
1783 3121 2000 3176 parvam

415 3213 604 3254 corum
633 3207 831 3268 partem
856 3199 1036 3253 dicere
1067 3198 1334 3267 potuimus
1358 3197 1382 3250 ?
1425 3197 1701 3262 Quomodo
1729 3198 1870 3252 enim
1900 3197 1998 3250 hu-

415 3305 574 3345 mana
605 3291 780 3360 lingua
807 3307 923 3361 qua:
944 3305 971 3343 a
998 3291 1105 3345 Deo
1135 3291 1288 3345 nobis
1315 3290 1506 3344 collata
1532 3298 1656 3344 sunt
1683 3298 2004 3359 pertractare

416 3383 637 3451 posset?
682 3386 751 3438 At
776 3383 896 3437 licet
927 3383 1010 3437 illa
1041 3390 1183 3436 tanta
1205 3397 1270 3436 ac
1296 3381 1418 3436 talia
1449 3382 1576 3448 sint,
1605 3382 1772 3435 multo
1801 3382 1999 3450 majora

416 3485 473 3530 et
513 3475 856 3530 ineﬁ‘abiliora
888 3484 1013 3528 sunt
1041 3475 1296 3529 beneﬁcia
1323 3516 1337 3540 ,
1370 3489 1489 3543 quze
1517 3475 1566 3527 in
1598 3472 1776 3527 futuro
1805 3473 2002 3527 szrculo

418 3581 517 3636 per
541 3568 788 3622 virtutum
819 3568 956 3621 viam
983 3565 1348 3622 incedentibus
1369 3608 1384 3631 ,
1415 3575 1470 3620 et
1501 3566 1623 3619 hinc
1651 3565 2000 3633 migrantibus

414 3658 662 3712 daturum
689 3673 747 3712 se
770 3659 1036 3728 promisit.
1077 3658 1311 3726 Quorum
1340 3656 1756 3726 magnitudinem
1789 3665 1846 3708 ut
1873 3670 2005 3725 pau-

414 3751 497 3804 cis
519 3751 694 3805 verbis
721 3751 872 3805 nobis
901 3751 1300 3805 commendaret
1327 3749 1514 3804 beatus
1543 3748 1735 3803 Paulus
1757 3790 1773 3815 ,
1803 3749 1999 3818 inquit:

419 3842 550 3905 Qui:
575 3842 749 3894 oculus
778 3857 876 3894 non
912 3840 1068 3907 vidit,
1115 3850 1161 3894 et
1187 3841 1327 3894 auris
1349 3858 1449 3894 non
1475 3841 1665 3894 audivit
1689 3881 1704 3907 ,
1752 3850 1798 3893 et
1837 3844 1890 3894 in
1918 3857 2004 3894 cor

417 3933 638 3985 hontinis
663 3948 762 3985 non
788 3933 1150 3995 ascenderunt,
1193 3947 1304 4001 qua:
1334 3933 1636 4001 praeparavit
1666 3930 1800 3984 Deus
1829 3932 1891 3984 iis
1915 3933 2004 4002 qui

417 4025 637 4095 diligunt
672 4041 726 4078 se
762 4026 841 4094 (l.
875 4023 990 4078 Cor.
1019 4023 1073 4078 2.
1097 4025 1174 4094 9).
1233 4023 1418 4078 Vidisti
1463 4023 1600 4077 dona
1645 4022 2001 4078 excellentia?

418 4117 594 4171 vidisti
625 4116 882 4170 beneﬁcia
913 4116 1052 4170 illius
1073 4131 1286 4169 omnem
1317 4113 1602 4168 humanam
1627 4115 1999 4184 cogitationem

418 4207 896 4262 transcendentia?
926 4206 1062 4261 Dicit
1080 4206 1242 4269 enim,
1274 4204 1338 4258 In
1363 4221 1450 4258 cor
1468 4205 1685 4259 hominis
1711 4221 1811 4258 non
1834 4221 2000 4259 ascen-

416 4299 618 4351 derunt.
649 4297 703 4352 Si
732 4298 890 4368 igitur
917 4298 1160 4351 volumus
1188 4297 1272 4351 illa
1302 4297 1480 4350 animo
1505 4296 1802 4360 revolvere,
1830 4305 1883 4350 et
1906 4311 2002 4367 pro

417 4390 620 4444 viribus
663 4390 859 4444 nostris
905 4391 1101 4459 gratias
1139 4383 1330 4459 agere,
1381 4387 1672 4458 poterimus
1697 4388 1864 4442 multo
1893 4403 2003 4442 ma-

413 4483 588 4549 jurem
618 4480 762 4533 illius
787 4481 1008 4549 gratiam
1041 4479 1194 4534 nobis
1219 4478 1502 4534 conciliare
1522 4519 1538 4544 ν
1565 4487 1620 4533 et
1644 4478 1710 4532 ad
1751 4479 1998 4534 virtutem

416 4573 588 4641 ntagis
631 4572 811 4627 idonei
858 4571 992 4630 ﬁeri.
1044 4570 1296 4626 Memoria
1325 4571 1466 4624 enim
1497 4569 1876 4624 beneﬁciorum
1909 4568 2002 4625 Dei

416 4663 689 4718 sufﬁciens
712 4670 816 4729 est,
841 4677 958 4733 quae
977 4661 1040 4716 ad
1062 4663 1312 4715 virtutum
1329 4661 1534 4716 labores
1555 4675 1651 4715 nos
1667 4660 2001 4728 adhortelur,

416 4762 475 4808 et
501 4764 759 4823 praeparet
779 4762 838 4806 ut
864 4752 1142 4822 praesentia
1169 4752 1346 4805 omnia
1371 4751 1726 4820 despiciamus
1750 4793 1764 4816 ,
1793 4760 1846 4806 et
1870 4761 1927 4805 ut
1954 4751 2002 4806 ei

416 4845 508 4915 qui
559 4854 701 4898 tanta
749 4843 801 4897 in
856 4857 953 4897 nos
999 4843 1251 4897 beneﬁcia
1304 4843 1558 4907 contulit,
1613 4841 2000 4906 adhaereamus,

416 4953 654 4994 amorem
683 4937 734 4991 in
767 4937 910 4990 illum
948 4936 1166 5006 singulis
1192 4935 1380 4989 diebus
1417 4943 1630 4988 auctum
1666 4933 2000 4988 exhibentes.

417 5028 554 5084 llinc
582 5027 778 5082 etenim
813 5026 997 5080 beatus
1023 5026 1123 5079 iste
1153 5032 1349 5078 tantam
1385 5024 1476 5078 Dei
1504 5023 1726 5092 gratiam
1753 5031 1808 5077 et
1829 5022 2000 5076 hono-

419 5135 534 5174 rem
563 5119 664 5172 sibi
691 5117 1022 5180 conciliavit,
1060 5117 1180 5185 quia
1208 5114 1275 5169 de
1306 5114 1570 5184 prioribus
1597 5114 1796 5184 gratias
1827 5111 2003 5166 reddi-

417 5209 516 5263 dit.
564 5207 668 5263 Sed
714 5215 770 5260 ut
797 5207 1131 5260 manifestior
1165 5206 1314 5260 nobis
1343 5205 1430 5260 ille
1463 5219 1643 5259 sermo
1673 5205 1796 5269 ﬁat,
1826 5217 2001 5271 operae

419 5299 648 5369 pretium
670 5306 752 5352 est
775 5338 791 5361 ,
823 5307 878 5351 ut
903 5297 1111 5350 initium
1139 5313 1323 5350 eorum
1351 5312 1469 5366 qua:
1500 5296 1658 5349 hodie
1688 5295 1824 5349 lecta
1852 5302 1998 5359 sunt,

418 5390 625 5444 caritati
678 5399 869 5443 vestra:
913 5402 1227 5456 proponam.
1283 5387 1415 5441 Nam
1468 5394 1745 5456 postquam
1774 5400 1839 5439 ex
1878 5398 2000 5438 arca

418 5483 583 5538 exivit
617 5481 909 5537 secundum
953 5481 1259 5535 mandatum
1289 5480 1492 5534 Domini
1521 5521 1536 5544 ,
1584 5493 1706 5533 cum
1753 5477 1877 5531 ﬁliis
1899 5517 1914 5542 ,
1946 5485 2001 5531 et

416 5590 514 5631 sua
543 5590 738 5640 uxore,
771 5583 825 5628 et
851 5572 1104 5628 uxoribus
1133 5573 1361 5626 ﬁliorum
1400 5587 1641 5638 suorum,
1673 5579 1728 5625 et
1753 5569 2000 5624 omnibus

417 5666 548 5720 teris
573 5674 626 5718 et
653 5664 956 5720 volatilibus
979 5705 994 5729 ,
1040 5673 1092 5719 et
1140 5671 1260 5733 post
1302 5677 1576 5733 egressum
1604 5661 1807 5731 accepit
1833 5674 1863 5712 a
1888 5659 2000 5714 Deo

417 5751 849 5810 benedictionem
895 5753 1036 5808 illam
1077 5763 1278 5807 tantum
1322 5753 1421 5807 sibi
1466 5752 1772 5807 aﬁ‘erentem
1797 5753 1998 5809 solatib

1445 351 1515 408 IN
1551 351 1703 410 CAP.
1745 352 1878 409 Vill.
1919 351 2162 410 GENES.
2203 354 2433 412 HOMIL.
2461 354 2676 410 XXVII.

3597 362 3702 418 252

2124 465 2206 521 his
2227 467 2404 522 verbis
2429 467 2674 525 :Crescite
2693 479 2740 526 et
2760 471 3182 542 multiplicamini,
3201 474 3400 531 docens
3427 491 3528 531 nos
3549 477 3694 533 Scri-

2120 567 2272 624 ptura
2315 556 2446 626 justi
2483 567 2688 627 gratum
2717 561 2987 626 animum,
3027 563 3153 618 dicit
3188 563 3319 620 εἶθ.
3351 566 3698 634 Etcdiﬁcavit

2129 645 2244 699 Noe
2268 647 2431 700 altare
2459 646 2710 715 Domino,
2751 659 2797 704 et
2833 653 3023 719 accepit
3063 655 3125 707 de
3165 655 3394 710 omnibus
3441 659 3698 725 pecoribus

2121 735 2342 800 mundis,
2365 744 2411 788 et
2439 737 2502 790 de
2520 737 2747 792 erunibus
2775 741 3058 796 volatilibus
3077 747 3298 810 mundis,
3327 755 3372 799 et
3399 747 3576 801 attulit
3599 749 3691 800 ho-

2124 824 2398 879 locaustum
2437 843 2589 898 super
2615 829 2796 884 altore.
2855 831 3144 902 Diligenter
3179 837 3459 891 considera
3484 880 3500 905 ,
3527 841 3696 894 caris-

2117 917 2292 984 sime,
2337 932 2403 972 ex
2444 921 2794 989 praesentibus
2823 924 3036 990 verbis,
3089 926 3357 995 quomodo
3403 927 3457 983 in
3507 938 3692 984 natura

2118 1017 2296 1062 nostra
2321 1011 2560 1064 omnium
2577 1010 2834 1068 Conditor
2857 1014 3047 1070 insevit
3071 1027 3269 1071 certam
3293 1019 3508 1074 virtutis
3532 1021 3698 1075 sitient-

2118 1096 2264 1151 tiam.
2295 1098 2444 1153 Unde
2473 1102 2612 1155 enim
2641 1145 2653 1168 ,
2695 1102 2780 1158 die
2799 1145 2812 1170 ,
2841 1118 2958 1172 oro,
2986 1105 3132 1176 justo
3155 1107 3229 1162 illi
3260 1108 3360 1162 hoc
3386 1110 3439 1164 in
3462 1121 3693 1167 mentem

2115 1186 2390 1242 venisset?
2430 1189 2613 1245 Nullus
2652 1203 2766 1248 erat
2795 1193 2929 1250 alius
2957 1211 3113 1266 quem
3143 1198 3364 1253 videret.
3410 1201 3514 1257 Sed
3555 1200 3696 1258 sicut

2116 1273 2169 1328 in
2200 1277 2461 1346 principio
2489 1281 2620 1336 Abel
2667 1283 2754 1338 ille
2786 1285 2938 1352 primi
2980 1287 3208 1342 hominis
3252 1289 3422 1354 ﬁlius,
3457 1307 3485 1345 a
3517 1293 3694 1363 seipso

2114 1369 2470 1423 commonitus
2492 1410 2509 1435 ,
2555 1386 2740 1440 magna
2769 1373 3038 1445 diligentia
3068 1376 3390 1434 oblationem
3419 1381 3644 1449 perfecit
3676 1400 3689 1436 :

2115 1458 2192 1512 sic
2221 1461 2402 1529 utique
2431 1477 2571 1516 nunc
2597 1473 2650 1518 et
2683 1464 2860 1534 juStus
2891 1467 2977 1522 ille
3000 1508 3018 1534 ,
3046 1484 3139 1524 sua
3168 1471 3441 1524 voluntate
3466 1479 3520 1525 et
3546 1471 3690 1526 arbi-

2114 1548 2218 1602 trio
2243 1564 2374 1604 sano
2397 1591 2412 1616 ,
2461 1563 2712 1622 quantmn
2759 1555 3004 1613 humanis
3035 1560 3232 1614 viribus
3275 1564 3446 1628 potuit
3468 1603 3483 1627 ,
3531 1574 3692 1633 utque

2115 1638 2412 1694 faciendum
2458 1646 2691 1712 putavit,
2727 1646 2951 1702 Domino
2981 1663 3074 1717 per
3103 1650 3360 1706 sacriﬁcia
3402 1653 3690 1720 gratiarum

2112 1729 2374 1784 actionem
2405 1733 2604 1788 retulit.
2627 1734 2693 1789 Et
2722 1736 2842 1791 vide
2868 1747 3064 1807 quanta
3094 1739 3354 1809 sapientia
3382 1744 3690 1811 exsequimr

2112 1822 2310 1875 omnia.
2342 1822 2523 1893 Neque
2545 1826 2686 1881 enim
2719 1827 2998 1898 splendido
3022 1844 3158 1898 opus
3189 1831 3412 1885 habebat
3442 1832 3689 1897 tediﬁcio,

2111 1925 2284 1980 neque
2341 1915 2572 1983 templo,
2631 1931 2808 1987 neque
2861 1918 3021 1973 domo
3071 1919 3316 1989 quapiam
3367 1921 3690 1984 admirabili,

2110 2015 2284 2070 neque
2305 2003 2412 2057 alio
2437 2006 2625 2073 quovis
2657 2024 2670 2059 :
2703 2007 2906 2062 sciebat
2933 2009 3073 2064 enim
3099 2051 3114 2076 ,
3142 2011 3344 2065 sciebat
3373 2013 3553 2082 utique
3579 2013 3687 2066 Do-

2108 2094 2310 2148 minum
2352 2106 2586 2152 mentem
2620 2098 2786 2154 solam
2830 2100 3137 2171 requirere;
3185 2110 3242 2158 et
3285 2113 3558 2158 exstructo
3603 2114 3687 2158 tu-

2107 2185 2388 2241 multuaria
2430 2202 2592 2256 opera
2634 2189 2824 2258 altari,
2866 2207 2986 2246 cum
3030 2194 3324 2263 accepisset
3350 2195 3594 2266 quaedam
3623 2214 3685 2251 es

2108 2278 2423 2334 animalibus
2451 2281 2661 2337 mundis
2686 2323 2700 2346 ,
2747 2292 2801 2340 et
2838 2300 2902 2339 ex
2947 2285 3132 2340 avibus
3157 2287 3405 2355 mundis,
3435 2287 3675 2342 holocau-

2108 2377 2248 2423 stum
2286 2370 2513 2438 obtulit,
2561 2381 2874 2444 gratamque
2922 2389 3071 2430 suam
3119 2376 3447 2432 voluntatem
3493 2387 3688 2448 quanta

2108 2461 2278 2530 potuit
2321 2463 2568 2519 facultate
2608 2466 2882 2522 ostendit:
2923 2483 3080 2537 quam
3131 2468 3434 2539 approbatis
3481 2469 3688 2524 miseri-

2107 2565 2228 2606 cors
2250 2553 2390 2608 Deus
2418 2564 2472 2608 et
2499 2556 2824 2612 voluntatem
2859 2559 3135 2612 coronavit
3157 2600 3172 2624 ,
3219 2569 3272 2614 et
3315 2561 3508 2615 iterum
3537 2575 3688 2614 suam

2108 2643 2476 2701 liberalitatem
2505 2662 2632 2718 erga
2661 2649 2810 2703 illum
2839 2649 3147 2706 declaravit.
3200 2652 3336 2705 Dicit
3371 2653 3511 2706 enim
3543 2652 3689 2706 Scri-

2110 2748 2261 2806 ptura
2295 2755 2310 2792 :
2349 2738 2439 2793 ει.
2470 2739 2539 2793 Et
2575 2740 2814 2795 odoratus
2843 2751 2914 2795 est
2942 2741 3188 2796 Dominus
3215 2742 3419 2796 adorent
3448 2747 3687 2813 fragran-

2107 2829 2209 2882 titc.
2267 2828 2397 2884 Vide
2445 2830 2710 2899 quomodo
2757 2833 2964 2886 animus
3013 2833 3286 2888 offerentis
3342 2834 3583 2897 fumum,
3633 2844 3686 2888 et

2109 2921 2349 2976 nidorem
2375 2963 2390 2988 ,
2429 2931 2483 2977 et
2507 2939 2720 2978 omnem
2748 2939 2866 2994 quze
2897 2927 3019 2978 inde
3049 2927 3286 2980 nascitur
3310 2926 3682 2980 insuavitatem

2108 3012 2270 3066 multa
2299 3011 2586 3082 fragrantia
2615 3015 2870 3085 implevit.
2916 3015 3118 3071 Idcirco
3146 3027 3201 3072 et
3225 3017 3420 3072 Paulus
3446 3018 3688 3072 scribens

2105 3102 2316 3158 dicebat
2345 3120 2359 3157 :
2387 3103 2562 3158 Bonus
2589 3107 2715 3159 odor
2741 3106 2926 3161 Christi
2958 3123 3134 3162 sumus
3157 3150 3172 3175 ,
3204 3109 3257 3162 in
3282 3110 3342 3161 iis
3368 3110 3451 3177 qui
3478 3109 3684 3162 salvan-

2109 3205 2224 3263 tur,
2263 3207 2309 3250 et
2350 3197 2403 3250 in
2433 3198 2495 3250 iis
2523 3199 2609 3266 qui
2639 3209 2890 3266 pereunt:
2927 3210 2972 3254 et
3015 3189 3076 3255 iis
3118 3202 3318 3268 quidem
3356 3201 3483 3254 odor
3513 3202 3687 3254 mortis

2107 3289 2158 3342 in
2186 3299 2416 3354 mortem,
2446 3290 2549 3343 illis
2571 3300 2740 3343 autem
2767 3291 2891 3344 odor
2917 3293 3028 3345 vitte
3051 3294 3102 3345 in
3129 3293 3298 3345 vitam.
3327 3292 3546 3346 Odorem
3575 3296 3682 3362 fru-

2105 3382 2352 3450 grantiw‘
2383 3381 2459 3453 (2.
2491 3380 2610 3434 Cor.
2642 3381 2698 3435 2.
2727 3381 2842 3451 l5.)

2177 3473 2280 3527 Cur
2308 3472 2443 3527 Deus
2471 3475 2724 3542 sacriﬁcia
2752 3476 2985 3546 exegerit.
3014 3475 3334 3531 Circumcisio
3365 3477 3492 3530 nihil
3535 3478 3688 3547 perﬁ-

2106 3582 2216 3620 cere
2242 3575 2402 3636 potest
2428 3566 2495 3619 ad
2519 3568 2750 3621 salutem.
2785 3597 2858 3607 —
2907 3567 2984 3622 Ne
3013 3569 3300 3623 offenderis
3340 3569 3505 3623 verbo
3545 3584 3688 3624 cras-

2107 3659 2248 3714 siore
2277 3672 2294 3711 :
2322 3658 2415 3714 sed
2449 3659 2605 3730 hujus
2631 3661 2775 3714 verbi
2822 3669 3225 3731 attemperatam
3275 3663 3532 3716 rationem
3585 3673 3684 3714 tua.-

2109 3751 2400 3808 inﬁrmitati
2429 3753 2741 3809 adscribeus
2764 3754 2994 3824 intellige
3023 3755 3164 3822 hinc,
3217 3767 3486 3826 acceptam
3529 3755 3686 3808 fuisse

2110 3846 2222 3902 Deo
2247 3847 2570 3902 oblationem
2616 3848 2766 3917 justi.
2821 3848 2890 3903 Ut
2913 3849 3052 3904 enim
3092 3864 3188 3919 per
3213 3863 3302 3903 res
3323 3849 3465 3919 ipsas
3492 3847 3689 3902 sciatur

2073 4005 2077 4008 .
2108 3937 2393 3992 Dominum
2425 3940 2617 3992 nullius
2647 3939 2904 4009 indigere,
2933 3949 2986 3993 et
3007 3948 3220 4009 propter
3241 3937 3372 3992 nihil
3402 3937 3543 3992 aliud
3574 3937 3688 3991 hasc

2109 4029 2222 4083 ﬁeri
2253 4030 2556 4095 permisisse
2582 4071 2596 4094 ,
2624 4045 2779 4098 quam
2802 4038 2858 4084 ut
2879 4029 3120 4084 homines
3140 4029 3204 4084 ad
3221 4040 3428 4100 gratum
3451 4029 3686 4083 animum

2106 4119 2442 4174 adduceret:
2478 4128 2758 4189 propterea
2807 4121 3075 4176 concessit
3115 4127 3173 4174 ut
3229 4120 3349 4190 igne
3394 4133 3684 4174 consume-

2109 4221 2313 4277 rentur,
2336 4221 2394 4267 ut
2422 4228 2486 4267 ex
2519 4212 2584 4266 iis
2632 4228 2755 4282 qua:
2797 4211 2928 4266 ﬁunt
2954 4253 2969 4276 ,
2998 4212 3206 4266 discant
3235 4211 3269 4265 ii
3296 4211 3386 4281 qui
3429 4211 3681 4277 offerunt,

2106 4308 2283 4361 omnia
2315 4319 2528 4377 propter
2551 4323 2734 4362 eorum
2764 4308 3044 4362 utilitatem
3080 4308 3216 4362 ﬁeri.
3243 4307 3420 4376 Quare
3463 4319 3639 4362 autem
3666 4351 3681 4375 ,

2107 4399 2213 4465 dic,
2242 4413 2446 4469 quaeso,
2479 4398 2594 4453 haec
2644 4398 2759 4453 ﬁeri
2799 4397 3018 4453 omnino
3064 4399 3368 4468 permittit?
3395 4398 3461 4452 Et
3500 4397 3552 4450 iu
3584 4397 3685 4452 hoc

2110 4500 2308 4545 nostrae
2337 4490 2660 4545 inﬁrmitatis
2683 4490 2908 4545 habetur
2931 4490 3086 4545 ratio.
3111 4488 3242 4556 Quia
3275 4489 3420 4545 enim
3441 4488 3686 4543 homines

2107 4584 2357 4655 paulatim
2385 4599 2413 4636 a
2438 4598 2565 4638 vero
2593 4583 2684 4637 Dei
2711 4582 2854 4636 cultu
2882 4581 3137 4638 defecturi
3165 4589 3340 4646 erant,
3358 4588 3415 4635 et
3433 4581 3531 4636 sibi
3553 4580 3683 4634 deos

2106 4677 2429 4746 coeptaturi,
2457 4677 2649 4746 quibus
2673 4675 2932 4730 sacriﬁcia
2954 4675 3314 4740 immolarent,
3347 4673 3494 4742 prius
3517 4673 3684 4726 Voluit

2106 4776 2165 4822 ut
2189 4767 2288 4822 sibi
2321 4767 2460 4822 dona
2483 4765 2826 4832 oﬁ‘errentur,
2849 4779 2958 4834 quo
2985 4764 3070 4819 vel
3093 4765 3170 4818 sic
3191 4763 3482 4832 depelleret
3502 4779 3532 4816 a
3563 4777 3682 4831 per-

2107 4859 2310 4913 nicioso
2333 4872 2514 4913 errore
2543 4871 2636 4910 eos
2660 4856 2852 4926 quibus
2877 4853 3000 4908 inde
3030 4852 3319 4922 periculum
3346 4851 3676 4906 imminebat.

2107 4951 2173 5004 Et
2218 4959 2277 5004 ut
2329 4949 2590 5016 intelligas
2648 4945 2763 5000 tunc
2800 4946 2981 4999 omnia
3027 4958 3280 4998 concessa
3308 4942 3470 4998 fuisse
3493 4943 3561 4999 ob
3581 4959 3680 4998 no-

2104 5054 2271 5099 stram
2303 5041 2696 5105 inﬁrmitatem,
2738 5039 2951 5093 attende
2993 5037 3260 5108 quomodo
3309 5045 3495 5106 postea
3541 5048 3682 5092 tem-

2109 5152 2236 5206 pore
2265 5133 2601 5204 procedente,
2634 5131 2861 5186 voluerit
2915 5129 3372 5184 circumcisiouem
3419 5145 3517 5198 pro
3568 5132 3682 5196 lege

2106 5221 2286 5290 statui,
2316 5241 2418 5277 non
2447 5223 2588 5292 quod
2633 5222 2697 5275 ad
2745 5223 2936 5275 animae
2985 5221 3210 5273 salutem
3263 5219 3519 5288 perﬁcere
3567 5220 3681 5276 luce

2104 5315 2487 5388 possitaliquid
2517 5347 2532 5373 ,
2576 5310 2670 5366 sed
2710 5319 2768 5364 ut
2788 5315 2894 5368 hoc
2963 5311 3103 5383 grati
3173 5309 3334 5363 animi
3376 5311 3674 5378 indicium,

2105 5411 2254 5484 quasi
2284 5411 2491 5480 signum
2524 5415 2577 5461 et
2605 5404 2832 5473 sigillum
2859 5401 3262 5455 ciretunterreut
3288 5399 3457 5455 Judaei
3483 5443 3497 5468 ,
3527 5411 3581 5456 et
3608 5417 3677 5457 ne

2096 5503 2279 5558 liceret
2303 5501 2382 5556 eis
2409 5492 2745 5553 commisceri
2775 5493 3010 5563 gentium
3035 5491 3432 5561 congressibus.

2148 5686 2165 5718 ι
2200 5681 2362 5733 Morel.
2389 5690 2440 5731 et
2461 5681 2601 5731 savii.
2628 5682 2707 5730 hic
2728 5688 2978 5743 repetunt,
3015 5685 3062 5732 et
3082 5681 3309 5736 odoratus
3332 5689 3402 5737 est
3425 5683 3660 5737 Dominus

2082 5747 2278 5797 odorem
2298 5744 2597 5809 frugrwttitc,
2621 5757 2732 5807 qua:
2755 5745 2804 5793 in
2828 5751 2934 5792 Mss.
2959 5744 3152 5795 desunt.
