4078 6420
566 326 674 386 alii

626 434 676 486 ὅ.
709 431 839 484 llinc
866 431 1049 483 beatus
1079 426 1275 483 Paulus
1305 427 1512 496 signum
1560 425 1661 480 hoc
1689 433 1880 491 vocat,
1903 427 2088 480 dicens
2118 443 2131 477 :

557 521 620 574 Et
641 523 839 591 signum
867 517 1001 572 dedit
1030 517 1444 581 circumcisionis,
1472 516 1692 585 sigillum
1723 515 1897 586 (Rom.
1926 515 1978 568 ι.
2001 515 2056 568 11
2090 515 2130 583 ).

556 614 682 666 Mm
712 610 851 680 quod
878 610 944 663 ad
987 608 1247 679 justitiam
1303 606 1434 661 nihil
1491 605 1774 668 conducat,
1811 619 1938 660 ecce
1965 613 2020 659 et
2047 603 2132 658 hic

552 702 720 768 justus
743 740 760 764 ,
790 699 1022 754 nondum
1073 707 1268 752 statuta
1313 696 1739 759 circumcisione,
1770 694 1837 748 ad
1891 694 2132 749 eamdem

555 793 795 859 pervenit
842 792 1113 846 virtutem.
1167 790 1234 844 Et
1277 789 1404 859 quid
1461 787 1626 841 dico?
1672 786 1789 856 Ipse
1839 785 2132 855 patriarcha

553 885 842 948 Abraham,
872 884 1174 953 priusquam
1206 879 1670 936 circumcisionem
1699 878 1997 947 acciperet,
2029 878 2132 932 tide

552 977 660 1030 sola
685 975 1006 1044 justiticatus
1044 983 1145 1027 est.
1181 971 1312 1025 Nam
1343 978 1466 1024 ante
1516 968 1977 1023 circumcisionem
2007 1008 2022 1032 ,
2053 969 2132 1020 in-

551 1067 684 1136 quit,
717 1066 942 1120 Credidit
971 1065 1225 1118 Abraham
1263 1062 1369 1116 Deo
1398 1104 1412 1124 ,
1447 1071 1493 1114 et
1519 1068 1804 1129 reputatum
1833 1068 1905 1112 est
1947 1058 2026 1112 illi
2063 1058 2131 1111 ad

551 1159 793 1222 iustitiam
821 1156 994 1226 (Rom.
1026 1157 1079 1210 4.
1113 1156 1192 1223 5).
1223 1153 1360 1220 Quid
1415 1153 1576 1220 igitur
1605 1149 1850 1219 superbis
1879 1191 1893 1214 ,
1923 1147 2127 1214 Iudae,

552 1250 602 1300 in
635 1245 1077 1302 circumcisione?
1105 1245 1260 1298 Disce
1289 1252 1412 1296 ante
1443 1243 1579 1295 hanc
1607 1241 1769 1294 fuisse
1789 1243 1962 1307 justos
1986 1239 2128 1292 mul-

550 1348 651 1392 tos.
679 1337 886 1390 Etenim
913 1334 1043 1388 Abel
1059 1333 1156 1387 fide
1177 1333 1500 1387 oblationem
1519 1331 1664 1396 fecit,
1683 1327 2128 1399 quemadmodum

555 1437 608 1480 et
635 1425 828 1479 Paulus
854 1424 985 1478 dicit
1018 1439 1031 1474 :
1064 1421 1196 1476 Fide
1236 1422 1513 1475 uberiorem
1542 1420 1757 1474 hostiam
1802 1419 1979 1472 obtulit
2007 1417 2130 1472 Abel

555 1515 684 1581 Deo,
710 1533 860 1584 quam
885 1513 1011 1570 Cain
1047 1515 1066 1585 (
1092 1513 1250 1569 Hebr.
1279 1515 1368 1570 11.
1396 1514 1432 1568 4
1459 1511 1514 1583 ):
1543 1522 1598 1566 ct
1631 1510 1814 1565 Enoch
1845 1509 2129 1564 translatus

545 1615 646 1672 est,
669 1617 722 1661 et
759 1606 872 1660 Noe
914 1605 984 1659 ob
1009 1605 1226 1658 multam
1255 1604 1513 1672 justitiam
1560 1608 1928 1670 tempestatem
1983 1601 2126 1654 illam

489 1695 498 1701 ’
545 1697 914 1763 gravissimam
971 1695 1155 1764 ell'ngit
1184 1711 1199 1760 ;
1229 1702 1284 1748 et
1333 1692 1600 1748 Abraham
1659 1699 1781 1744 ante
1826 1685 2008 1750 hanc,
2057 1690 2128 1742 ob

551 1802 701 1841 suam
734 1787 785 1840 in
811 1787 976 1840 Deum
1023 1785 1180 1840 fidem
1225 1785 1528 1840 celebratus
1568 1783 1688 1838 fuit.
1723 1782 1812 1835 Sic
1859 1783 1928 1834 ab
1976 1781 2127 1833 initio

548 1893 649 1944 per
679 1876 835 1932 fidem
868 1879 1156 1930 humanum
1181 1890 1347 1945 genus
1375 1875 1598 1928 salutem
1633 1881 1975 1942 assequutum
2020 1881 2121 1924 est.

545 1971 685 2024 Sane
723 1977 1004 2039 propterea
1037 1969 1274 2038 permisit
1304 1968 1563 2035 benignus
1593 1965 1845 2018 Dominus
1865 1964 2121 2018 sacriﬁcia

540 2061 636 2112 sibi
663 2059 863 2125 offerri,
890 2069 945 2113 ut
973 2059 1224 2128 quoniam
1251 2067 1438 2114 natura
1469 2067 1648 2112 nostra
1679 2055 2039 2124 imperfectius
2067 2071 2124 2110 se

541 2150 806 2214 habebat,
834 2151 994 2205 simul
1040 2159 1096 2206 et
1143 2165 1293 2204 suam
1323 2159 1529 2220 gratam
1576 2149 1902 2202 voluntatem
1948 2147 2124 2202 decla-

545 2255 684 2303 rare,
717 2249 773 2296 et
801 2240 1063 2295 idolorum
1100 2241 1461 2311 perniciosum
1496 2239 1699 2294 cultum
1732 2238 1966 2308 effugere
1996 2254 2122 2306 pos-

539 2332 626 2385 sit.
661 2332 793 2387 Nam
819 2333 883 2396 si,
912 2348 1033 2387 cum
1061 2341 1264 2386 tantum
1291 2331 1444 2386 nobis
1476 2330 1749 2384 indulserit
1782 2330 1939 2392 Deus,
1971 2329 2120 2384 nmlti

537 2433 714 2478 tamen
755 2438 782 2476 a
817 2423 966 2477 ruina
1010 2424 1111 2477 sibi
1152 2437 1256 2476 non
1288 2433 1586 2477 caverunt:
1627 2422 1670 2474 si
1703 2420 1804 2474 hoc
1837 2436 1942 2472 non
1988 2419 2120 2472 fuis-

535 2523 617 2567 set
643 2515 834 2568 laetum
863 2556 879 2579 ,
924 2531 1028 2584 quo
1065 2524 1217 2582 pacto
1253 2514 1373 2583 quis
1399 2513 1649 2567 damnum
1677 2513 1780 2568 hoc
1805 2512 2120 2582 effugisset?

537 2601 603 2655 Et
641 2604 879 2657 odoratus
912 2614 984 2657 est
1019 2604 1271 2658 Dominus
1301 2603 1438 2658 Deus
1477 2605 1678 2658 odorem
1707 2603 2020 2673 ﬂagrantiae.
2051 2602 2120 2656 At

534 2711 640 2750 non
671 2697 740 2749 ita
778 2706 858 2750 est
886 2697 952 2749 tle
983 2697 1201 2766 ingratis
1225 2696 1424 2751 Judaeis
1452 2713 1466 2748 :
1495 2694 1591 2750 sed
1629 2694 1934 2764 quomodo?
1980 2693 2116 2748 Audi

533 2785 844 2856 prophetam
886 2786 1150 2840 dicentem
1195 2805 1209 2838 :
1251 2785 1556 2856 Thymiama
1599 2785 1652 2837 in
1696 2783 2118 2837 abominationem

530 2877 654 2928 mihi
681 2885 752 2929 est
780 2876 930 2946 (lsai.
969 2877 1016 2929 1.
1048 2876 1134 2946 15)
1168 2893 1182 2929 :
1217 2875 1365 2944 quasi
1396 2873 1643 2929 ostendat
1670 2873 1956 2928 voluntatis
1985 2873 2116 2928 olfe-

531 2965 754 3018 rentium
779 2967 1049 3020 malitiam.
1083 2965 1540 3032 Quemadmodum
1573 2965 1713 3018 enim
1747 2963 1977 3032 hicjusti
2008 2965 2116 3017 vir-

529 3066 613 3110 tus
650 3057 853 3110 fumum
882 3066 938 3112 et
979 3057 1220 3110 nidorem
1265 3056 1387 3109 fecit
1412 3055 1630 3110 odorem
1665 3055 1968 3123 fragrantia:
1995 3071 2010 3108 :
2037 3055 2114 3107 sic

527 3149 665 3217 apud
699 3149 817 3202 illos
848 3147 1182 3203 oll‘erentium
1220 3149 1451 3217 nequitia
1483 3147 1620 3202 bene
1651 3147 1799 3200 olens
1826 3146 2110 3216 thymiama

532 3238 584 3290 in
633 3237 1041 3293 abominabilem
1094 3237 1316 3292 odorem
1367 3237 1649 3292 convertit.
1711 3237 1871 3306 Igitur
1919 3238 2112 3305 ubique

521 3329 850 3394 studeamus,
877 3347 1076 3400 quarso,
1104 3341 1336 3386 mentem
1363 3330 1553 3385 all‘erre
1582 3330 1964 3400 incorruptam.
1987 3331 2111 3386 llaec

521 3420 664 3474 enim
694 3437 849 3476 causa
882 3432 964 3476 est
999 3423 1239 3476 omnium
1284 3421 1566 3476 bonorum.
1615 3421 1794 3475 Bonus
1822 3422 1962 3475 enim
2001 3423 2108 3476 Do-

523 3514 698 3567 minus
743 3528 847 3567 non
894 3515 1172 3570 consuevit
1214 3514 1493 3568 attendere
1535 3513 1602 3568 ad
1643 3528 1705 3566 ea
1749 3528 1865 3582 quze
1894 3528 1924 3565 a
1956 3513 2108 3568 nobis

520 3606 674 3668 tinnt,
690 3603 782 3659 sed
799 3605 865 3659 ad
887 3605 1147 3659 internam
1167 3614 1417 3669 mentem,
1436 3620 1464 3656 a
1482 3619 1603 3673 qua,
1624 3613 1681 3657 ut
1697 3603 1810 3657 haec
1832 3603 2104 3668 faciamus,

521 3697 864 3765 impellimur,
894 3705 948 3750 et
975 3696 1039 3749 ad
1070 3697 1204 3750 hanc
1232 3705 1478 3765 spectans
1508 3696 1592 3750 vel
1621 3695 1880 3765 approbat
1899 3711 1959 3748 ca
1987 3709 2106 3764 quae

518 3803 544 3838 a
578 3787 730 3842 nobis
760 3787 886 3840 llunt
914 3827 929 3850 ,
971 3789 1051 3842 vel
1081 3795 1380 3841 aversatur.
1439 3787 1621 3856 Itaque
1662 3788 1774 3841 sive
1804 3801 2102 3855 precemur,

517 3880 628 3934 sive
668 3879 1012 3949 jejunemus,
1057 3880 1172 3934 sive
1213 3880 1608 3951 eleemosynam
1640 3878 1895 3933 faciamus
1939 3877 2104 3948 (ipsae

515 3971 656 4025 enim
707 3979 832 4024 sunt
884 3971 1185 4041 spirituales
1234 3980 1428 4024 nostrae
1479 3970 1752 4039 hostire),
1801 3970 1913 4023 sive
1961 3967 2101 4022 aliud

515 4064 785 4132 spirituale
813 4063 1078 4134 quoddam
1099 4079 1232 4134 opus
1260 4062 1534 4128 faciamus,
1565 4063 1665 4118 hoc
1687 4061 1939 4116 faciamus
1963 4060 2099 4116 bona

517 4164 694 4210 mente
739 4155 937 4210 incitati
970 4173 984 4209 :
1014 4163 1071 4209 ut
1115 4163 1170 4209 et
1222 4155 1496 4210 laboribus
1539 4155 1752 4224 dignam
1807 4153 2102 4208 referamus

513 4259 787 4300 coronam.
812 4245 969 4300 Esset
997 4249 1138 4300 enim
1169 4246 1571 4314 perabsurdum,
1594 4247 1827 4300 laborem
1855 4262 1952 4300 nos
1975 4261 2095 4300 sus—

513 4337 707 4402 linere,
742 4345 798 4391 et
835 4337 1081 4392 mercede
1121 4337 1351 4392 fraudari
1373 4379 1388 4398 ,
1435 4340 1478 4392 si
1507 4339 1718 4408 quidem
1751 4354 1855 4392 non
1903 4354 2097 4393 secun-

512 4427 638 4480 dum
683 4428 830 4497 leges
871 4427 938 4481 ab
984 4428 1077 4482 illo
1123 4429 1275 4483 nobis
1302 4429 1454 4484 datas
1486 4431 1732 4483 virtutem
1763 4444 2095 4484 exercemus.

514 4516 655 4572 Fieri
695 4527 870 4571 autem
905 4527 1078 4587 potest
1098 4518 1166 4573 ob
1195 4535 1438 4590 magnam
1464 4520 1559 4574 Dei
1591 4520 1969 4590 benignitatem
1996 4561 2012 4587 ,
2041 4531 2098 4575 ut

511 4625 673 4679 opere
721 4610 956 4665 nondum
1002 4613 1311 4681 completo,
1362 4628 1614 4668 coronam
1660 4615 1778 4683 quis
1806 4615 2032 4683 accipiat
2065 4631 2095 4670 a

509 4703 622 4758 sola
654 4704 738 4774 pia
768 4713 965 4759 mente.
1014 4705 1076 4757 Et
1105 4712 1160 4757 ut
1188 4703 1288 4758 hoc
1314 4704 1489 4760 discas
1513 4747 1528 4767 ,
1557 4705 1777 4759 adverte
1801 4745 1816 4770 ,
1847 4705 2093 4772 obsecro,

509 4795 610 4850 hoc
654 4795 704 4849 in
748 4794 1108 4866 eleemosyna.
1154 4794 1287 4849 Nam
1332 4796 1374 4850 si
1419 4795 1632 4866 quando
1656 4795 1805 4850 vides
1829 4795 2093 4864 jacentem

508 4890 560 4942 in
587 4888 700 4942 foro
721 4928 736 4952 ,
763 4897 818 4942 et
845 4898 1081 4943 extrema
1115 4889 1289 4958 inOpia
1319 4889 1619 4956 detentum,
1645 4900 1698 4944 et
1724 4890 1996 4957 condoles,
2029 4907 2094 4946 ac

509 4990 684 5036 mente
713 4983 763 5036 in
794 4981 981 5036 caelum
1021 4981 1229 5037 sublata
1271 4983 1468 5052 gratias
1510 4996 1623 5052 agis
1668 4983 1891 5036 Domino
1915 5024 1928 5045 ,
1979 4992 2091 5036 tum

509 5083 726 5144 propter
755 5087 812 5126 ea
842 5088 959 5142 qua:
991 5073 1083 5126 tibi
1109 5088 1365 5127 concessa
1399 5082 1559 5135 sunt,
1593 5082 1702 5126 tum
1756 5083 1972 5142 propter
2013 5074 2094 5127 in-

505 5165 621 5231 opis
649 5164 958 5232 patientiam
983 5182 994 5216 :
1023 5164 1230 5218 etiamsi
1257 5178 1360 5216 non
1385 5165 1557 5232 possis
1583 5165 1797 5232 explere
1823 5173 1876 5217 et
1903 5164 2092 5217 sedare

507 5253 643 5309 illius
675 5254 889 5318 famem,
918 5267 1138 5325 propter
1169 5256 1364 5310 bonum
1395 5257 1724 5325 propositum
1752 5271 2093 5310 consumma-

508 5351 613 5396 tam
655 5344 881 5412 rccipies
924 5345 1246 5400 mercedem.
1304 5345 1374 5399 Et
1414 5361 1476 5400 ea
1516 5345 1583 5400 de
1630 5361 1788 5400 causa
1835 5347 2092 5400 Dominus

505 5449 714 5502 quoque
741 5434 950 5488 dicebat
984 5454 997 5488 :
1031 5437 1090 5490 Si
1135 5438 1246 5504 quis
1277 5449 1449 5506 potum
1486 5439 1678 5492 dederit
1705 5439 1915 5492 calicem
1949 5455 2093 5506 aqua:

507 5524 710 5594 frigida:
739 5533 932 5577 tantum
956 5526 1010 5578 in
1051 5529 1251 5580 nomine
1284 5529 1556 5599 discipuli,
1598 5545 1742 5582 amen
1778 5531 1891 5583 dico
1930 5531 2088 5589 vobis,

505 5631 610 5670 non
639 5617 812 5680 perdet
844 5615 1115 5668 mercedem
1143 5634 1285 5670 suam
1313 5619 1521 5688 (Matth.
1546 5620 1630 5673 10.
1657 5621 1768 5684 62).
1803 5621 1936 5674 Num
1966 5621 2090 5688 quid

515 5708 707 5780 poculo
736 5722 888 5774 aqua:
917 5709 1112 5779 frigida:
1145 5714 1394 5767 tenuius?
1430 5714 1533 5769 Sed
1565 5714 1774 5769 animus
1803 5715 1919 5785 pius
1943 5728 2080 5770 mer-

1328 327 1386 382 S.
1428 323 1710 382 JOANNIS
1749 319 2216 376 CHRYSOSTOMI
2257 324 2570 380 ARCHIEP.
2613 326 3142 384 CONSTAN'I'INOP.
3693 332 3776 388 ‘ll‘i

2235 437 2421 491 cedem
2454 439 2576 494 inde
2614 440 2714 495 sibi
2753 441 3021 496 conciliat.
3078 442 3186 497 Hoc
3215 451 3269 498 et
3309 443 3360 498 in
3387 448 3620 516 opposito
3645 450 3769 508 inve-

2235 529 2459 583 niemus.
2488 530 2676 600 Opera:
2701 533 2928 600 pretium
2953 534 3094 588 enim
3121 542 3238 600 est,
3270 543 3328 588 ut
3352 535 3419 590 de
3445 537 3508 591 iis
3531 537 3774 606 loquamur

2231 622 2438 676 caritati
2485 633 2712 688 vestra),
2763 640 2870 694 quo
2909 625 3060 679 vobis
3097 625 3211 680 haec
3241 637 3484 683 accurate
3516 631 3773 688 scientibus

2233 712 2509 778 probitatis
2550 723 2784 769 tutamen
2813 717 3153 785 comparetis.
3183 717 3318 772 Audi
3346 720 3486 774 enim
3516 722 3632 790 quid
3653 724 3776 779 dicat

2227 801 2470 858 Christus
2509 822 2522 858 :
2556 805 2658 870 Qui
2699 808 2902 876 respicit
2946 809 3206 863 mulierem
3252 811 3322 862 ad
3358 813 3773 881 concupiscendum

2227 910 2338 946 eam
2364 935 2377 951 .
2398 921 2409 930 -
2418 898 2532 964 jam
2563 898 2838 951 machatus
2875 909 2946 950 est
2977 915 3087 952 eam
3125 901 3180 954 in
3215 901 3367 954 corde
3391 919 3480 956 suo
3511 903 3702 972 (Matth.
3725 907 3767 959 5.

2225 982 2340 1050 28).
2372 983 2530 1038 Vides
2557 994 2611 1040 et
2655 986 2739 1040 hic
2777 988 2968 1041 iterum
2997 991 3187 1043 malam
3231 1000 3462 1046 mentem
3492 995 3632 1062 sequi
3657 1010 3768 1048 con-

2225 1072 2620 1131 demnationem
2646 1118 2662 1141 ,
2695 1086 2750 1132 et
2773 1079 2842 1132 ob
2866 1080 3312 1136 inconsideratum
3342 1083 3579 1137 intuitum
3604 1126 3616 1143 ,
3644 1089 3770 1154 quasi

2225 1166 2545 1234 completum
2573 1178 2719 1222 esset
2744 1169 2991 1224 adulterii
3013 1186 3167 1240 opus,
3203 1187 3410 1241 pinnam
3442 1175 3654 1230 inferri?
3682 1178 3768 1231 lla-

2225 1271 2329 1325 que
2357 1273 2478 1311 cum
2522 1258 2635 1312 lucc
2679 1261 2953 1325 sciamus,
3007 1263 3240 1333 undique
3287 1277 3517 1320 mentem
3566 1278 3770 1323 nostram

2225 1346 2362 1401 bene
2393 1350 2694 1403 muniamus
2715 1391 2730 1414 ,
2767 1358 2824 1404 ut
2861 1366 2956 1418 per
2981 1367 3098 1405 eam
3131 1351 3260 1407 fiant
3291 1364 3506 1424 accepta
3534 1371 3642 1426 quzc
3666 1356 3770 1411 faci-

2225 1450 2363 1489 mus.
2415 1436 2543 1490 Nam
2587 1439 2632 1492 si
2683 1439 2882 1494 fumum
2912 1450 2965 1494 et
3002 1441 3243 1497 nidorem
3289 1445 3445 1498 vertit
3489 1445 3537 1498 in
3579 1445 3770 1501 odorem

2225 1524 2544 1595 fragrantiae,
2573 1529 2696 1598 quid
2725 1545 2830 1584 non
2858 1547 2888 1582 e
2913 1533 3174 1600 spirituali
3200 1544 3384 1588 nostro
3415 1535 3602 1590 faceret
3623 1539 3766 1594 cultu.

2221 1621 2277 1668 et
2304 1627 2554 1684 quantam
2594 1634 2698 1672 non
2745 1621 2968 1688 gratiam
3016 1623 3220 1677 caelitus
3259 1624 3414 1678 nobis
3459 1629 3772 1694 procuraret?

2224 1704 2288 1757 Et
2304 1706 2545 1760 odoratus
2571 1719 2664 1774 est,
2696 1711 2882 1779 inquit,
2918 1711 3164 1766 Dominus
3183 1711 3321 1766 Deus
3343 1716 3546 1768 adorent
3567 1719 3770 1786 fragran-

2221 1796 2322 1848 tiw.
2374 1797 2558 1852 Vidisti
2595 1815 2713 1868 qua:
2740 1800 2926 1856 fecerit
2947 1802 3124 1870 justus
3151 1845 3168 1868 ,
3211 1806 3480 1874 quomodo
3503 1848 3517 1868 ,
3546 1817 3768 1876 quantum

2219 1886 2285 1940 ad
2331 1896 2608 1943 externum
2657 1883 3018 1960 spectaculum
3069 1895 3330 1963 pertinet,
3381 1911 3493 1949 rem
3540 1912 3764 1964 parvam;

2217 1985 2473 2044 quantum
2501 1989 2678 2033 autem
2724 1981 2790 2034 ad
2833 1983 3102 2048 animum,
3143 1987 3530 2056 permagnam?
3570 1988 3768 2042 Attende

2220 2071 2397 2121 autem
2423 2069 2676 2140 deinceps
2705 2072 3016 2126 immensam
3043 2074 3324 2130 clementis
3353 2077 3559 2131 Domini
3589 2077 3767 2132 boaita-

2219 2163 2344 2210 tem.
2397 2156 2460 2209 Et
2489 2159 2618 2213 dixit
2649 2158 2893 2214 Dominus
2934 2161 3068 2216 Dens
3097 2166 3150 2218 in
3189 2176 3351 2218 mente
3373 2183 3470 2220 sua
3506 2183 3523 2220 :
3560 2168 3642 2223 21.
3668 2168 3766 2222 Νοη

2215 2247 2454 2317 adjiciam
2495 2250 2627 2303 ultra
2671 2260 2725 2303 ut
2770 2253 3070 2306 maledicam
3110 2264 3257 2308 terra:
3298 2267 3502 2325 propter
3530 2275 3669 2327 opera
3692 2259 3765 2312 ho-

2214 2338 2439 2404 minam,
2488 2340 2605 2408 quia
2646 2342 2886 2395 incumbit
2923 2360 3061 2397 mens
3096 2345 3313 2398 hominis
3344 2347 3532 2401 intente
3567 2351 3615 2400 in
3650 2350 3763 2400 mala

2213 2444 2365 2497 opera
2393 2447 2423 2481 a
2447 2431 2726 2501 juvenlute.
2773 2431 2895 2486 Non
2931 2435 3086 2504 igitur
3124 2436 3398 2506 adjiciam,
3445 2448 3496 2491 ut
3524 2441 3764 2505 percutiam

2213 2535 2408 2572 omnem
2433 2537 2632 2574 carnem
2661 2525 2903 2578 viventem
2927 2567 2939 2584 ,
2971 2529 3101 2579 sicut
3130 2527 3230 2594 [cci
3249 2568 3265 2593 ,
3307 2527 3399 2580 22.
3433 2530 3650 2583 omnibus
3670 2530 3760 2582 ἀίει

2211 2609 2304 2664 bus
2329 2619 2490 2666 εει-τω.

2287 2780 2340 2835 4.
2369 2778 2609 2850 Magnum
2633 2781 2996 2838 beneficentia:
3023 2783 3259 2852 pondus;
3292 2789 3479 2856 ingens
3505 2787 3766 2842 clementia:

2213 2871 2564 2942 magnitudo;
2598 2874 2879 2929 ineffabilis
2933 2876 3226 2930 tolerantia:
3275 2879 3660 2946 exsuperantia.
3713 2876 3767 2929 Et

2215 2961 2342 3014 dixit
2367 2961 2614 3017 Dominus
2644 2963 2780 3018 Deus
2807 2965 2858 3018 in
2886 2976 3048 3019 mente
3074 2983 3185 3018 sua.
3223 2966 3375 3031 lllttd,
3407 2967 3473 3020 In
3503 2979 3651 3022 mente
3668 2983 3764 3030 sua,

2214 3052 2404 3108 iterum
2433 3055 2667 3110 humano
2689 3074 2837 3111 more
2867 3058 3014 3124 dicit,
3046 3069 3100 3114 et
3121 3059 3268 3128 quasi
3297 3070 3537 3115 naturam
3561 3069 3765 3114 nostram

2217 3149 2524 3216 respiciens.
2584 3149 2707 3203 Non
2756 3151 2996 3218 adjiciam
3033 3153 3167 3205 ultra
3209 3163 3264 3204 ut
3312 3154 3604 3208 maledicam
3644 3163 3766 3206 terra:

2213 3249 2417 3307 prapter
2451 3257 2604 3309 opera
2635 3240 2913 3294 hominum.
2974 3243 3039 3297 Et
3065 3243 3301 3310 homini,
3339 3246 3433 3314 qui
3461 3246 3651 3314 primus
3674 3243 3766 3298 lor-

2204 3337 2382 3384 matus
2410 3341 2492 3385 est
2516 3372 2530 3396 ,
2580 3332 2791 3386 diei-bat
2814 3373 2828 3394 ,
2861 3348 2983 3386 cum
3013 3333 3085 3387 illi
3114 3334 3456 3390 malediceret
3485 3354 3496 3388 :
3529 3336 3702 3404 Spiuas
3726 3344 3764 3387 et

2211 3423 2420 3477 tribulos
2465 3425 2763 3495 germinabit
2810 3426 2898 3478 tibi
2929 3424 3148 3497 (Cenes.
3179 3427 3231 3481 3.
3271 3428 3357 3482 18.
3395 3439 3444 3482 et
3471 3430 3524 3484 4.
3553 3428 3682 3500 12);
3719 3435 3763 3479 et

2207 3513 2375 3566 (Zaino
2395 3516 2658 3570 similiter.
2689 3517 2820 3583 Quia
2843 3527 3017 3571 autem
3033 3533 3173 3572 nunc
3197 3533 3534 3575 communem
3551 3520 3757 3574 omnium

2209 3605 2478 3660 invexerat
2522 3605 2790 3661 interitum
2817 3649 2834 3673 ,
2884 3619 2940 3661 ιιι
2967 3610 3385 3665 consolationem
3432 3612 3522 3666 det
3556 3612 3686 3681 justo
3718 3619 3762 3662 et

2209 3695 2453 3749 fiduciam
2483 3697 2530 3751 ci
2556 3696 2753 3762 addat,
2807 3714 2874 3752 ne
2913 3697 3052 3754 forte
3094 3699 3290 3768 Cogitet
3335 3701 3476 3768 apud
3523 3716 3611 3763 se,
3653 3699 3761 3766 Qum

2207 3787 2401 3838 utilitas
2426 3785 2564 3841 data:
2594 3787 3030 3842 benedictionis?
3059 3798 3111 3842 et
3135 3789 3276 3859 quod
3307 3791 3534 3856 dixerit,
3573 3789 3762 3845 Crescite

2209 3884 2254 3926 et
2277 3875 2685 3945 nmltiplicamini
2717 3877 2869 3944 (Gen.
2905 3880 2956 3933 1.
2985 3878 3080 3950 28)
3103 3921 3117 3943 ,
3164 3880 3208 3933 si
3239 3881 3430 3935 iterum
3451 3921 3467 3947 ,
3498 3883 3579 3936 ubi
3608 3878 3758 3935 multi-

2205 3965 2378 4033 plicati
2407 3966 2665 4023 fuerimus
2685 4010 2700 4032 ,
2733 3970 3063 4038 pereundum
3091 3972 3160 4025 sit
3191 3972 3387 4026 nobis?
3431 3974 3558 4027 Nam
3581 3974 3692 4026 olim
3715 3981 3756 4023 c!

2201 4056 2408 4111 Adamo
2437 4059 2643 4113 dixerat
2672 4077 2685 4113 :
2721 4059 2938 4114 Crescite
2964 4071 3010 4114 et
3038 4062 3444 4131 multiplicamini
3472 4081 3490 4118 :
3521 4073 3574 4118 et
3598 4075 3762 4132 supero

2201 4152 2345 4206 venit
2375 4161 2550 4206 tamen
2595 4152 2874 4207 diluvium.
2931 4153 3000 4208 Ut
3029 4169 3158 4224 ergo
3198 4171 3264 4210 ne
3293 4157 3575 4224 cogitando
3596 4169 3751 4208 sccunt

2201 4243 2324 4296 talia
2367 4243 2420 4297 in
2471 4253 2725 4313 perpetuo
2769 4258 2968 4313 angore
2999 4255 3180 4313 esset,
3240 4245 3361 4301 vide
3409 4247 3755 4315 benignitatem

2203 4335 2432 4388 Domini.
2460 4333 2582 4387 Non
2612 4335 2852 4404 adjiciam
2872 4377 2886 4399 ,
2916 4335 3122 4405 inquit,
3155 4337 3290 4391 ultra
3317 4339 3612 4392 maledicere
3635 4348 3758 4390 terra:

2199 4437 2406 4496 prapter
2445 4442 2599 4496 Opera
2626 4426 2906 4480 hominum.
2939 4427 3070 4482 Vide
3097 4429 3364 4496 quomodo
3389 4430 3682 4491 declaravit,
3709 4442 3758 4480 se

2201 4530 2420 4590 propter
2469 4521 2658 4574 horum
2709 4522 2961 4575 malitiam
3011 4521 3440 4576 maledictionem
3493 4532 3641 4577 terra:
3686 4521 3756 4573 iu-

2197 4613 2426 4666 vexisse.
2459 4611 2657 4666 Dcindc
2678 4622 2736 4666 ut
2765 4628 2830 4666 ne
2870 4620 3114 4680 putemus
3143 4614 3311 4681 ipsum
3341 4613 3458 4668 ideo
3489 4614 3618 4668 hanc
3647 4628 3756 4680 pro-

2197 4703 2506 4758 missionem
2553 4701 2742 4757 fecisse
2765 4743 2781 4767 ,
2832 4705 2955 4772 quia
2987 4703 3088 4772 ipsi
3124 4703 3234 4772 jam
3269 4705 3318 4758 in
3351 4707 3539 4760 melius
3563 4719 3619 4759 se
3646 4719 3758 4757 con-

2198 4803 2488 4860 verterant,
2513 4794 2683 4862 inquit
2711 4812 2723 4847 :
2755 4794 2886 4858 Quia
2927 4795 3164 4848 incumbit
3191 4812 3327 4848 mens
3349 4796 3563 4850 hominis
3593 4797 3758 4848 intente

2195 4887 2248 4941 in
2271 4889 2404 4940 mala
2436 4904 2591 4958 opera
2617 4904 2648 4940 a
2663 4889 2943 4957 juventute.
2993 4889 3129 4941 Rara
3176 4888 3511 4958 benignitatis
3551 4886 3752 4956 species.

2200 4981 2352 5046 Quia,
2387 4980 2576 5049 inquit,
2605 4981 2842 5034 incumbit
2870 4998 3007 5036 mens
3038 4983 3255 5036 hominis
3285 4984 3547 5053 diligenter
3566 4983 3616 5034 in
3639 4979 3758 5033 mala

2195 5089 2349 5142 Opera
2373 5089 2403 5124 a
2421 5073 2684 5142 juventute
2703 5115 2718 5139 ,
2751 5083 2965 5141 propter
2995 5074 3115 5136 hoc,
3149 5074 3269 5128 Non
3298 5078 3434 5129 ultra
3455 5075 3683 5144 adjiciam
3713 5081 3755 5121 ut

2196 5163 2499 5216 maledicam
2539 5172 2704 5217 terrm.
2739 5165 2847 5234 Ego
2876 5166 3014 5219 enim
3033 5206 3049 5229 ,
3079 5166 3286 5235 inquit,
3316 5182 3432 5236 qum
3459 5165 3524 5219 ad
3548 5181 3627 5220 me
3651 5179 3757 5234 pcr-

2198 5255 2402 5317 tinent,
2436 5253 2603 5308 semel
2641 5265 2800 5324 atque
2843 5256 3032 5309 iterum
3063 5256 3318 5312 exhibui:
3350 5258 3468 5326 quia
3492 5265 3658 5310 autem
3685 5254 3754 5304 vi-

2195 5342 2297 5396 deo
2335 5343 2593 5398 malitiam
2627 5343 2694 5396 ita
2736 5345 3040 5399 increscere
3065 5387 3078 5408 ,
3109 5347 3363 5416 promitto
3391 5361 3473 5401 me
3501 5361 3601 5400 non
3632 5345 3751 5397 ultra

2197 5435 2600 5489 maledicturum
2633 5444 2810 5490 teme.
2843 5437 3042 5492 Deinde
3068 5437 3357 5492 ostendens
3393 5453 3500 5492 sua:
3531 5433 3748 5503 benigni-

2199 5528 2319 5580 tatis
2349 5526 2766 5596 magnitudincm
2789 5571 2804 5593 ,
2841 5530 3113 5600 subjunxit
3142 5548 3153 5584 :
3189 5530 3308 5585 Non
3339 5532 3575 5602 adjiciam
3611 5527 3750 5599 igitur

2198 5617 2334 5670 ultra
2363 5626 2416 5669 ut
2448 5617 2724 5685 percutiam
2749 5635 2947 5673 omnem
2979 5637 3178 5674 carnem
3207 5622 3446 5675 viventem
3466 5661 3481 5684 ,
3506 5620 3628 5674 sicut
3647 5615 3752 5684 {ccio

2203 5709 2429 5764 omnibus
2460 5707 2653 5762 diebus.
2709 5709 2838 5765 \‘idc
2863 5750 2877 5775 ,
2903 5710 3146 5775 obsecro,
3184 5721 3427 5782 quantam
3456 5703 3752 5764 consolatio.
