4078 6420
118 373 223 431 263

1266 358 1334 415 ΙΝ
1371 357 1525 414 CAP.
1570 352 1679 411 VIII
1706 351 1955 410 GENES.
1988 351 2222 410 IIOMIL.
2255 354 2463 411 XXVII.

3489 359 3599 420 2H

186 495 268 553 τ’.
307 484 411 541 Διὰ
445 483 607 541 τοῦτο
637 483 732 538 καὶ
770 483 800 537 δ
848 479 1114 553 μακάριος
1159 475 1372 539 Παῦλος
1401 476 1626 546 σημεῖον
1665 470 1800 524 αὐτὸ
1903 469 2092 541 τηρίου
2132 471 2555 543 εὐτελίστερονς
2602 473 2739 527 Ἀλλ’
2773 474 2808 546 ή
2849 473 3043 547 γνώμη
3083 473 3174 529 τὸν
3227 474 3417 547 μισθὸν
3446 477 3604 549 αὐτῷ

114 578 280 630 καλεῖ
295 572 495 644 λέγων·
516 572 628 628 Καὶ
642 568 897 641 σημεῖον
914 568 1102 621 ἔδωκε
1120 560 1463 633 περιτομῆς,
1480 559 1801 631 σφραγῖδα.

114 664 255 718 Ὅτι
287 665 400 735 γὰρ
433 662 572 731 πρὸς
615 659 717 731 τὴν
763 654 1110 724 δικαιοσύνην
1153 652 1306 706 οὐδὲν
1353 651 1492 719 αὐτὴ
1541 648 1806 714 συντελεῖ,

113 753 238 807 ἰδοὺ
272 752 370 807 καὶ
397 744 551 814 οὗτος
572 752 601 804 ὁ
621 748 830 811 δίκαιος
860 743 1087 816 μηδέπω
1112 743 1212 813 τῆς
1251 739 1556 813 περιτομῆς
1581 738 1808 809 νομοθε-

110 840 395 911 τηθείσης
427 838 565 909 πρὸς
596 834 864 903 τοσαύτην
892 831 1126 902 ἔφθασεν
1159 830 1384 900 ἀρετήν.
1415 829 1523 881 Kal
1550 826 1601 881 τί
1628 826 1808 893 λέγω;

111 927 308 991 Αὐτὸς
348 928 377 980 ὁ
425 924 773 997 πατριάρχης
815 920 1087 992 Ἀϐραὰμ,
1130 918 1259 989 πρὶν
1306 918 1337 987 ἢ
1376 916 1477 984 τὴν
1508 913 1812 986 περιτομὴν

115 1017 413 1084 ἰέξασθαι,
445 1015 553 1069 ἀπὸ
586 1013 687 1083 τῆς
719 1010 955 1073 πίστεως
992 1007 1159 1078 μόνης
1203 1003 1517 1074 ἐδικαιώθη.
1558 1003 1674 1073 Πρδ
1704 1002 1815 1072 γὰρ

113 1108 228 1178 τῆς
267 1103 592 1177 περιτομῆς,
632 1100 786 1171 φησὶ,
812 1100 907 1152 καὶ
947 1097 1306 1152 Ἐπίστευσε
1342 1093 1411 1146 δὲ
1453 1092 1709 1160 Ἀϐραὰμ
1739 1088 1819 1160 τῷ

116 1194 283 1260 Θεῷ,
318 1192 419 1247 καὶ
454 1189 740 1259 ἐλογίσθη
776 1184 937 1252 αὐτῷ
974 1187 1063 1249 είς
1091 1182 1505 1249 δικαιοσύνην.
1541 1179 1606 1232 Τί
1636 1178 1816 1232 τοίνυν

119 1285 282 1355 μέγα
311 1281 550 1353 φρονεῖς,
584 1272 630 1331 ὦ
681 1276 922 1332 ’ῐουδαῖε.
968 1274 1060 1328 ἐπὶ
1094 1275 1158 1344 τῇ
1198 1272 1503 1343 περιτομῆς
1537 1267 1816 1330 Μάνθανε,

117 1376 212 1427 ὅτι
264 1372 375 1444 πρὸ
430 1368 635 1437 ταύτης
682 1365 866 1421 πολλοὶ
922 1362 1119 1417 δίκαιοι
1165 1360 1439 1429 γεγόνασι.
1489 1358 1600 1411 Kal
1629 1355 1738 1425 γὰρ
1792 1357 1821 1409 ὁ

122 1460 312 1514 Ἅϐελ
343 1462 409 1513 ἐκ
437 1459 670 1518 πίστεως
694 1454 792 1526 τὴν
825 1450 1189 1526 προσαγωγὴν
1223 1448 1539 1519 ἐποιήσατο,
1563 1444 1815 1513 καθάπερ

122 1551 232 1603 καὶ
283 1547 499 1610 Παῦλός
546 1561 745 1615 φησιν*
804 1544 1013 1597 Πίστει
1066 1538 1322 1592 πλείονα
1380 1535 1602 1589 θυσίαν
1652 1532 1821 1585 Ἅϐελ

123 1637 302 1703 παρὰ
324 1635 478 1689 Κάϊν
508 1630 888 1701 προσήνεγκε
912 1627 993 1694 τῷ
1020 1626 1142 1692 Θεῷ
1165 1642 1178 1656 ο
1211 1624 1305 1678 καὶ
1338 1621 1511 1691 Ἑνὼχ
1536 1616 1821 1691 μετετέθη,

124 1727 235 1779 καὶ
264 1726 293 1777 δ
320 1723 448 1777 Νῶε
491 1720 636 1776 κατὰ
661 1718 760 1790 τὴν
797 1716 997 1786 πολλὴν
1047 1712 1396 1780 δικαιοσύνην
1427 1708 1490 1763 τὸ
1536 1706 1827 1762 κλυδώνιον

126 1815 326 1867 ἐκεῖνο
359 1811 418 1865 τὸ
457 1809 693 1881 χαλεπὸν
728 1802 879 1879 [259]
916 1803 1168 1872 διέφυγε*
1218 1801 1312 1854 καὶ
1353 1801 1383 1853 ό
1422 1796 1675 1866 Ἀϐραὰμ
1718 1792 1827 1881 πρὸ

126 1900 354 1970 ταύτης
391 1879 500 1951 ὰπδ
531 1896 632 1966 τῆς
656 1896 733 1957 είς
756 1893 850 1947 τὸν
882 1891 1013 1944 Θεὸν
1045 1888 1281 1951 πίστεως
1313 1881 1684 1955 ἀνεκηρύχθη.
1725 1879 1830 1933 Οὑ-

129 2006 252 2052 τως
282 1967 491 2041 άνωθεν
523 1982 621 2038 καὶ
660 1981 720 2046 ἐξ
753 1979 931 2052 ἀρχῆς
965 1977 1073 2032 ἀπὸ
1114 1976 1348 2038 πίστεως
1384 1973 1447 2027 τὺ
1479 1972 1588 2026 τῶν
1620 1967 1831 2041 ἀνθρώ-

132 2093 267 2130 πων
304 2072 464 2143 γένος
515 2070 615 2142 τῆς
667 2067 942 2138 σωτηρίας
975 2065 1230 2133 ἐπέτυχε.
1273 2062 1373 2116 Διά
1416 2077 1500 2113 τοι
1528 2059 1688 2111 τοῦτο
1735 2055 1831 2109 καὶ

131 2164 249 2228 τὰς
276 2142 472 2224 θυσίας
509 2155 888 2228 συνεχώρησεν
916 2155 944 2207 ό
978 2152 1357 2223 φιλάνθρωπος
1381 2147 1657 2216 Δεσπότης
1682 2142 1833 2214 αὐτῷ

134 2249 547 2325 προσάγεσθαι,
581 2247 666 2300 ἵνα
704 2242 892 2313 ἐπειδὴ
921 2240 998 2294 ἔτι
1030 2239 1382 2310 ὰτελέστερον
1411 2236 1640 2290 διέκειτο
1669 2235 1702 2304 ἡ
1733 2232 1835 2303 φύ-

138 2321 231 2406 σις
268 2343 304 2412 ἠ
337 2336 605 2410 ἡμετέρα,
635 2332 770 2404 ὁμοῦ
799 2333 892 2387 καὶ
923 2329 1021 2402 τὴν
1054 2326 1260 2382 οἰκείαν
1290 2322 1712 2395 εὐγνωμοσύνην
1736 2321 1835 2393 ἔχῃ

137 2410 584 2487 ἐπιδείκνυσθαι,
609 2422 704 2477 καὶ
730 2421 830 2492 τῆς
860 2417 997 2492 πρὸς
1018 2415 1086 2470 τὰ
1116 2414 1310 2469 εἴδωλα
1337 2411 1636 2485 θεραπείας
1657 2410 1833 2481 πάντη

135 2514 396 2587 διαφύγῃ
447 2511 545 2583 τὴν
581 2509 779 2581 λύμην.
820 2507 886 2562 EI
924 2505 1055 2577 γὰρ,
1097 2504 1189 2557 καὶ
1226 2500 1497 2572 τοσαύτης
1535 2498 1839 2570 γενομένης

141 2585 643 2674 συγκαταϐάσεως,
678 2598 831 2666 ὅμως
877 2595 926 2647 οί
965 2591 1151 2646 πολλοὶ
1193 2591 1253 2644 οὐ
1303 2589 1558 2659 διέφυγον
1605 2586 1699 2641 τόν
1730 2585 1839 2639 δλι-

144 2693 304 2756 σθον,
332 2691 384 2743 εί
424 2689 501 2760 μὴ
541 2685 699 2740 τοῦτο
741 2684 956 2755 γέγονε,
988 2681 1109 2744 πῶς
1151 2680 1218 2734 ἄν
1251 2696 1338 2744 τις
1366 2678 1465 2749 τὴν
1512 2676 1722 2730 ἐκεῖθεν
1754 2675 1837 2728 δι-

142 2785 325 2853 έφυγε
363 2777 595 2850 βλάϐην;
636 2773 747 2831 Καί
770 2770 1095 2842 ὠσφράνθη
1128 2768 1349 2838 Κύριος
1386 2770 1419 2821 ό
1452 2765 1596 2832 Θεὸς
1638 2763 1841 2834 ὀσμὴν

139 2850 430 2934 εὐωδίας.
473 2865 613 2922 Ἀλλ’
650 2864 750 2918 οὐκ
776 2863 868 2915 ἐπὶ
912 2860 1021 2913 τῶν
1062 2857 1393 2928 ἀγνωμόνων
1444 2853 1713 2907 Ἰουδαίων
1751 2850 1842 2905 οὐ-

143 2979 265 3026 τως
287 2975 305 2992 ο
335 2957 472 3013 ἀλλὰ
495 2956 579 3021 τί;
611 2955 809 3008 ’Ἄκουε
828 2951 923 3006 τοῦ
951 2951 1231 3022 προφήτου
1262 2947 1533 3015 λέγοντος,
1569 2942 1843 3011 Θυμίαμα

142 3053 243 3116 είς
293 3042 617 3115 ,βδέλυγμά
665 3060 766 3112 μοι
825 3039 978 3103 ἐστὶ,
1023 3036 1305 3109 μονονουχὶ
1353 3031 1690 3094 δεικνύοντος
1744 3032 1843 3100 τῆς

144 3135 534 3211 προαιρέσεως
579 3131 688 3184 τῶν
727 3126 1114 3201 προσαγόντων
1145 3127 1246 3195 τὴν
1300 3119 1623 3192 μοχθηρίαν.
1658 3117 1843 3171 Καθάο

145 3206 272 3297 περ
303 3206 415 3293 γὰρ
456 3217 691 3274 ἐνταῦθα
718 3219 752 3288 ἡ
799 3216 894 3269 τοῦ
923 3214 1133 3270 δικαίου
1181 3212 1353 3282 ἀρετὴ
1382 3208 1472 3262 τὸν
1515 3206 1720 3261 καπνὸν
1749 3206 1843 3258 καὶ

143 3291 260 3386 τὴν
301 3291 525 3365 κνίσσαν
562 3306 737 3377 ὀσμὴν
775 3302 1000 3365 εὐωδίας
1038 3298 1352 3371 εἰργάσατο,
1381 3295 1553 3359 οὕτως
1590 3294 1675 3347 ἐπ’
1699 3291 1842 3346 ὲκεί-

145 3381 269 3458 νων
299 3402 333 3471 ἡ
361 3398 469 3453 τῶν
500 3395 886 3469 προσαγόντων
920 3389 1155 3462 πονηρία
1184 3387 1246 3440 τὺ
1277 3385 1529 3456 θυμίαμα
1555 3383 1616 3436 τὸ
1647 3381 1843 3444 εὐῶδες

146 3492 239 3554 εἰς
284 3467 565 3558 βδέλυγμα
616 3479 985 3552 όσφρανθῆναι
1035 3489 1062 3519 ι
1109 3472 1513 3547 παρεσκεύασε.
1564 3467 1842 3539 Πανταχοῦ

145 3557 346 3634 τοίνυν
393 3572 803 3642 σπουδάζωμεν,
842 3564 1168 3638 παρακαλῶ,
1198 3563 1425 3634 γνώμην
1470 3559 1598 3629 ὑγιῆ
1643 3557 1846 3611 ἐπιδεί-

150 3664 420 3721 κνυσθαι.
462 3660 612 3732 Λύτη
649 3658 759 3731 γὰρ
787 3655 939 3711 αἰτία
967 3655 1176 3724 γίνεται
1211 3650 1429 3705 πάντων
1461 3647 1570 3701 τῶν
1606 3643 1845 3715 ἀγαθῶν.

163 3756 231 3807 '0
263 3752 377 3823 γὰρ
408 3748 613 3819 ἀγαθὸς
642 3745 920 3817 Δεσπότης
955 3744 1014 3796 οὐ
1048 3743 1164 3805 τοῖς
1194 3740 1323 3811 παρ’
1349 3737 1527 3823 ὴμῶνῌ
1545 3733 1853 3805 γινομένοις

151 3819 460 3914 προσέχειν
485 3837 673 3891 εἴωθεν
698 3835 774 3899 ὡς
794 3837 862 3905 τῇ
893 3831 1105 3886 ἔνδοθεν
1125 3828 1354 3899 διανοίᾳ,
1377 3825 1471 3894 ἀφ’
1496 3819 1564 3897 ἦς
1592 3822 1852 3896 ὁρμώμε-

151 3910 245 3985 νοι
293 3910 472 3983 ταῦτα
499 3921 967 3997 διαπραττόμεθα,
1010 3919 1107 3974 καὶ
1140 3916 1280 3989 πρὸς
1327 3915 1544 3984 ἐκείνην
1577 3912 1787 3984 βλέπων
1818 3910 1851 3981 ἢ

155 4018 461 4092 προσίεται
495 4014 565 4069 τὰ
595 4015 685 4083 ὑφ’
714 4010 873 4086 ἡμῶν
911 4010 1195 4080 γινόμενα,
1223 4006 1257 4077 ἢ
1284 4003 1714 4076 ἀποστρέφεται.
1733 4001 1852 4054 Κάν

152 4091 221 4164 τε
256 4104 356 4162 οὖν
402 4102 711 4177 εὐχώμεθα,
746 4103 848 4158 κάν
887 4118 945 4155 τε
977 4097 1348 4171 νηστεύωμεν,
1396 4094 1496 4148 κᾶν
1524 4110 1584 4146 τε
1628 4091 1856 4162 ἐλεημο-

158 4197 345 4268 σύνην
382 4192 744 4266 ἐργαζώμεθα
768 4186 950 4260 (αὗται
987 4187 1097 4258 γὰρ
1126 4186 1282 4256 ἡμῶν
1311 4185 1448 4238 εἰσιν
1477 4183 1533 4235 αἱ
1559 4195 1857 4249 πνευματι-

156 4287 268 4340 καὶ
306 4282 534 4350 θυσίαι),
563 4280 664 4335 κάν
695 4296 754 4332 τε
792 4277 980 4349 ἐτερόν
1008 4293 1060 4329 τι
1090 4270 1455 4344 πνευματικὸν
1489 4268 1648 4341 ἔργον
1677 4270 1860 4320 ἐπιτε-

155 4375 381 4446 λῶμεν,
411 4371 521 4426 ἀπὸ
565 4369 791 4440 γνώμης
830 4364 1015 4435 ὑγιοῦς
1048 4360 1357 4434 ὁρμώμενοι
1394 4358 1553 4413 τοῦτο
1595 4357 1858 4425 διαπρατ-

158 4462 422 4532 τώμεθα,
460 4460 546 4512 ἵνα
576 4458 671 4511 καὶ
706 4455 816 4510 τῶν
854 4452 1115 4525 καμάτων
1144 4449 1291 4514 ἄξιον
1322 4448 1413 4500 τὸν
1459 4445 1722 4513 στέφανον
1769 4458 1862 4495 κο-

166 4530 493 4623 μισώμεθα.
523 4546 634 4599 Kal
675 4544 784 4614 γὰρ
833 4540 896 4597 ἂν
947 4541 1031 4611 είη
1064 4538 1173 4593 τῶν
1222 4534 1587 4590 ἀτοπωτάτων
1636 4532 1725 4585 τὸν
1763 4530 1862 4600 μὲν

164 4617 345 4693 πόνον
374 4635 525 4706 ἡμᾶς
562 4631 874 4704 ὑπομένειν,
918 4628 1018 4699 τῆς
1049 4628 1106 4681 δὲ
1148 4623 1386 4696 ἀμοιϐῆς
1420 4617 1860 4691 ἀποστερεῖσθαι,

165 4729 310 4780 ὅταν
340 4723 417 4795 μὴ
451 4721 595 4776 κατά
628 4720 753 4783 τούς
783 4720 874 4772 ὑπ’
909 4715 1073 4772 αὑτοῦ
1102 4713 1353 4776 δοθέντας
1386 4712 1582 4782 νόμους
1608 4709 1707 4779 τὴν
1737 4708 1866 4777 ἀρε-

167 4814 283 4884 τὴν
320 4791 617 4884 μετίωμεν.
653 4807 813 4861 Ἐστι
836 4805 966 4877 γὰρ,
998 4804 1112 4857 ἐστι
1142 4800 1231 4855 διὰ
1252 4800 1351 4870 τὴν
1385 4798 1591 4867 ἄφατον
1614 4794 1708 4850 τοῦ
1730 4791 1866 4846 Θεοῦ

174 4880 602 4970 φιλανθρωπίαν
640 4897 735 4950 καὶ
763 4895 824 4948 τὸ
861 4893 1021 4963 ἔργον
1053 4889 1127 4961 μὴ
1162 4886 1598 4947 ἐπιτελέσαντας,
1632 4880 1742 4935 ἀπὸ
1771 4880 1869 4949 τῆς

173 4969 419 5059 γνώμης
453 4986 609 5058 μόνον
646 4985 736 5038 τὸν
789 4982 1048 5050 στέφανον
1082 4974 1413 5048 κομίσασθαι
1436 4991 1449 5003 ·
1498 4972 1593 5026 καὶ
1640 4970 1727 5022 ἴνα
1764 4969 1870 5038 μά-

175 5056 321 5149 θῃς..
350 5056 544 5129 σκόπει
579 5090 668 5144 μοι
711 5071 871 5125 τοῦτο
907 5069 1000 5121 ἐπὶ
1041 5066 1142 5136 τῆς
1176 5061 1574 5135 ἐλεημοσύνηςσ
1609 5059 1736 5111 ὅταν
1762 5056 1870 5124 γὰρ

178 5141 309 5237 ἴδῃς
334 5162 425 5218 τδν
452 5161 545 5217 ἐπὶ
574 5141 675 5232 τῆς
709 5157 914 5228 ἀγορᾶς
960 5151 1292 5237 ἐρριμμένον
1334 5148 1437 5237 καὶ.
1464 5146 1671 5237 ἐσχάτῃ
1713 5141 1874 5237 πενίᾳ

179 5228 578 5318 κατεχόμενον,
610 5228 706 5296 καὶ
747 5239 1040 5310 συναλγῇς,
1084 5234 1267 5297 τείνας
1299 5249 1361 5286 τε
1388 5231 1486 5302 τὴν
1527 5230 1765 5284 διάνοιαν
1794 5228 1875 5290 είς

177 5337 285 5390 τὸν
325 5313 556 5404 οὐρανὸν
607 5327 1008 5400 εὐχαριστήσῃς
1051 5321 1128 5393 τῷ
1161 5321 1406 5390 Δεσπότῃ
1449 5318 1552 5404 καὶ,
1592 5315 1732 5387 ὑπὲρ
1764 5313 1874 5367 τῶν

181 5422 343 5477 κατὰ
377 5400 591 5485 σαυτὸν,
622 5418 718 5471 καὶ
741 5415 881 5486 ὑπὲρ
920 5411 1020 5482 τῆς
1051 5408 1326 5479 ὑπομονῆς
1351 5404 1445 5460 τοῦ
1490 5403 1739 5475 πένητος,
1773 5400 1877 5454 κᾶν

182 5513 279 5584 μὴ
304 5508 489 5562 δύναιο
512 5504 816 5577 ἐπαρκέσαι
845 5501 940 5554 καὶ
961 5499 1121 5553 λῦσαι
1149 5496 1242 5549 τὸν
1280 5494 1459 5566 λιμὸν,
1487 5493 1595 5546 ἀπὸ
1622 5490 1721 5562 τῆς
1744 5487 1879 5559 γνώ.

185 5575 314 5670 Ini;
365 5575 776 5665 ἀπηρτισμένον
816 5586 1009 5650 ἔλαϐες
1053 5584 1146 5638 τὸν
1192 5582 1405 5653 μισθόν.
1437 5580 1537 5633 Διὰ
1591 5577 1693 5648 γὰρ
1726 5575 1881 5629 τοῦτο

179 5666 298 5741 καὶ
334 5684 367 5736 ὁ
394 5681 669 5743 Δεσπότης
697 5677 881 5745 ἔλεγεν
905 5691 919 5705 ·
955 5676 1055 5738 ’⁸ος
1080 5672 1188 5726 ἐὰν
1210 5669 1432 5736 ποτίσῃ
1459 5666 1744 5734 ποτήριον
1768 5666 1884 5732 ψυ-

178 5769 356 5847 χροῦ
384 5769 579 5839 μόνον
616 5768 704 5832 εὶς
742 5766 932 5832 ὄνομα
978 5758 1269 5831 μαθητοῦ,
1311 5757 1474 5826 ἀμὴν
1502 5753 1660 5823 λέγω
1717 5751 1879 5821 ὑμῖν,

174 5840 271 5929 «οἶδ
299 5856 391 5929 μή
418 5853 697 5922 ἀπολέσῃ
734 5851 839 5907 τὸν
863 5851 1084 5923 μισθὸν
1111 5847 1315 5903 αὐτοῦ.
1344 5846 1435 5916 Μὴ
1471 5860 1522 5896 τι
1545 5840 1754 5914 ψυχροῦ
1782 5858 1876 5894 που

262 5985 288 6015 ⁸
318 5981 422 6037 Alii
448 5979 662 6044 ὀφθῆναι.

1908 555 2262 629 προεξένησε.
2303 559 2378 612 Τὸ
2421 559 2555 612 αὐτὸ
2598 560 2695 613 καὶ
2724 560 2820 615 ἐπὶ
2860 562 2955 616 τοῦ
2995 561 3237 615 ἐναντίου
3269 563 3597 634 εὑρήσομεν.

1921 642 2060 696 Ἀλλ’
2090 645 2392 712 ἀναγκαῖον
2437 644 2571 714 γοῦν
2615 645 2791 700 ταῦτα
2844 650 3017 702 κινεῖν
3046 649 3140 704 ἐπὶ
3188 649 3289 720 τῆς
3330 648 3601 721 ὑμετέρας

1908 730 2153 803 ἀγάπης.
2189 732 2278 787 ἵνα
2320 732 2529 786 τούτων
2561 733 2662 804 τὴν
2704 734 2995 806 ἀκρίϐειαν
3028 735 3228 800 εἰδότες
3259 736 3461 808 πολλὴν
3502 739 3602 808 τῆς

1911 819 2333 891 εὐγνωμοσύνης
2383 821 2617 891 ποιῆσθε
2666 823 2767 895 τὴν
2816 824 3140 894 ἀσφάλειαν.
3177 827 3376 880 Ἄκουε
3412 826 3523 899 γὰρ
3549 826 3602 880 τί

1913 925 2078 978 φησιν
2107 909 2136 961 ὁ
2164 909 2402 973 Χριστός
2423 926 2437 941 ·
2483 909 2539 962 '0
2570 910 2881 980 ἐμϐλέψας
2913 912 3172 982 γυναῖκα
3203 913 3355 982 πρὸς
3386 912 3451 966 τὸ
3473 914 3604 967 ἐπι-

1913 994 2182 1064 θυμῆσαι
2207 994 2421 1064 αὐτῆς,
2451 994 2570 1065 ἤδη
2623 998 2987 1067 ἐμοίχευσεν
3010 998 3206 1066 αὐτὴν
3238 1000 3309 1054 ἐν
3349 1000 3424 1068 τῇ
3463 1017 3606 1069 καρ-

1913 1084 2014 1151 δίᾳ
2043 1084 2252 1138 αὐτοῦ.
2297 1085 2461 1155 Ὁρᾷς
2483 1085 2579 1139 καὶ
2611 1086 2847 1140 ἐνταῦθα
2877 1086 3039 1141 πάλιν
3068 1087 3178 1141 ἀπὸ
3199 1089 3298 1158 τῆς
3322 1088 3607 1159 μοχθηρᾶς

1916 1171 2144 1243 γνώμης
2169 1173 2264 1226 καὶ
2283 1172 2382 1244 τὴν
2406 1174 2730 1246 κατάκρισιν
2749 1174 3045 1246 ἑπομένην,
3070 1177 3166 1230 καὶ
3185 1175 3272 1229 διὰ
3292 1175 3391 1246 τὴν
3411 1176 3606 1245 ἀπερί-

1920 1276 2152 1313 σκεπτον
2167 1259 2313 1330 δψιν,
2338 1260 2489 1333 [2601
2511 1261 2586 1326 ώς
2610 1263 2690 1325 εἰς
2712 1261 2871 1333 ἔργον
2885 1265 2985 1333 τῆς
3013 1262 3259 1333 μοιχείας
3282 1261 3609 1332 ἐξελθούσης

1919 1348 2090 1419 αὐτῷ,
2106 1348 2205 1420 τὴν
2231 1348 2455 1402 κόλασιν
2482 1351 2902 1422 ἐπηρτημένην;
2931 1351 3116 1403 Ταῦτα
3154 1351 3335 1404 τοίνυν
3359 1350 3608 1404 ἐννοοῦν-

1920 1454 2032 1500 τες,
2055 1437 2331 1508 πανταχοῦ
2345 1438 2451 1509 τὴν
2468 1436 2693 1509 γνώμην
2712 1441 2745 1509 ἠ
2755 1438 2870 1509 μῶν
2887 1437 3337 1508 ἀσφαλισώμεθα,
3357 1439 3444 1492 ἵνα
3467 1437 3607 1509 αῦτη

1923 1524 1991 1577 τὰ
2022 1525 2154 1595 παρ’
2184 1522 2342 1595 ἡμῶν
2381 1524 2642 1594 γινόμενα
2676 1524 3071 1595 παρασκευάσῃ
3121 1523 3492 1595 εὐπρόσδεκτα
3520 1523 3610 1591 γί-

1924 1610 2133 1665 νεσθαι.
2167 1612 2231 1664 EI
2258 1610 2369 1683 γὰρ
2395 1612 2489 1666 τὸν
2518 1612 2722 1666 καπνὸν
2750 1615 2846 1666 καὶ
2874 1611 2971 1683 τὴν
3015 1611 3242 1665 κνίσσαν
3269 1610 3445 1681 ὀσμὴν
3480 1610 3613 1663 εὐωο

1925 1698 2042 1763 δίας
2069 1699 2319 1769 ἐποίησε,
2344 1701 2396 1753 τί
2412 1700 2511 1753 οὐκ
2534 1699 2599 1753 ἂν
2617 1700 2918 1771 ἐργάσηται
2940 1699 3038 1762 τὰς
3061 1697 3433 1769 πνευματικὰς
3455 1697 3614 1769 ἡμῶν

1927 1786 2133 1850 ταύτας
2160 1786 2439 1857 λατρείας,
2464 1788 2557 1841 καὶ
2579 1787 2754 1857 πόσης
2783 1776 2929 1857 ἡμᾶς
2955 1787 3017 1839 οὐ
3056 1785 3450 1857 παρασκευάσῃ
3481 1785 3616 1838 ἀπο-

1927 1873 2125 1929 λαῦσαι
2148 1875 2248 1946 τῆς
2283 1874 2489 1928 ἄνωθεν
2520 1874 2768 1940 εὐνοίας;
2798 1875 2906 1927 Καὶ
2935 1873 3283 1943 ὠσφράνθη,
3321 1873 3473 1944 φησὶ,
3502 1871 3615 1926 Κύ-

1922 1980 2056 2032 ριος
2088 1965 2121 2017 ό
2150 1960 2296 2027 Θεὸς
2316 1961 2520 2031 ὀσμὴν
2540 1960 2812 2026 εὐωδίας.
2841 1959 2997 2024 Εἶδες
3014 1960 3081 2013 τὰ
3116 1960 3265 2031 παρὰ
3286 1959 3380 2012 τοῦ
3405 1959 3617 2013 δικαίου

1929 2067 2128 2120 γεγενη
2136 2050 2291 2122 μένα,
2317 2051 2454 2116 πῶς,
2481 2049 2607 2102 ὅσον
2624 2048 2724 2119 μέν
2754 2049 2890 2119 πρὸς
2910 2049 3009 2120 τὴν
3028 2048 3149 2119 δψιν
3167 2047 3276 2102 τῶν
3291 2047 3615 2116 γεγονότων,

1933 2137 2124 2209 εὐτελῆ
2152 2137 2431 2208 τυγχάνει,
2476 2136 2585 2190 ἀπὸ
2612 2136 2671 2190 δὲ
2688 2136 2800 2206 ,τῆς
2831 2135 3019 2205 ὑγιοῦς
3057 2134 3221 2189 αὐτοῦ
3260 2133 3485 2206 γνώμης
3519 2133 3617 2187 καὶ

1932 2223 2077 2278 πάνυ
2115 2223 2331 2294 μεγάλα
2362 2223 2675 2287 δείκνυται;
2704 2222 2904 2275 Σκόπει
2953 2239 3043 2292 μοι
3069 2221 3257 2275 λοιπὸν
3298 2219 3392 2274 τοῦ
3431 2219 3618 2288 φιλαν-

1933 2310 2154 2384 θρώπου
2212 2310 2489 2365 Δεσπότου
2524 2308 2625 2381 τὴν
2673 2308 2899 2381 ἄπειρον
2944 2308 3279 2378 ἀγαθότητα.
3331 2307 3441 2361 Καὶ
3487 2303 3620 2361 εἶπε

1934 2399 2151 2467 Κύριος
2205 2401 2238 2453 ὁ
2275 2397 2421 2465 Θεὸς
2460 2396 2828 2465 διανοηθείς·
2879 2397 2962 2449 Οὐ
3014 2395 3342 2464 προσθήσω
3371 2396 3456 2450 ἐτι
3511 2395 3621 2449 τοῦ

1936 2484 2393 2553 καταράσασθαι
2431 2484 2546 2551 τὴν
2566 2483 2687 2554 γῆν
2717 2482 2816 2536 διὰ
2842 2483 2915 2537 τὰ
2951 2482 3097 2552 ἔργα
3123 2481 3240 2536 τῶν
3271 2481 3621 2551 ἀνθρώπων,

1935 2573 2028 2628 ὅτι
2059 2573 2321 2643 ἔγκειται
2346 2573 2384 2640 ή
2420 2570 2656 2625 διάνοια
2691 2570 2800 2624 τοῦ
2836 2570 3155 2638 ἀνθρώπου
3185 2567 3480 2638 ἐπιμελῶς
3522 2565 3625 2623 ἐπὶ

1935 2662 2010 2716 τὰ
2039 2662 2275 2731 πονηρὰ
2299 2662 2367 2715 ἐκ
2399 2661 2705 2728 νεότητος.
2751 2660 2834 2714 Οὐ
2868 2657 3197 2727 προσθήσω
3220 2653 3336 2712 οὖν
3364 2656 3626 2723 πατάξαι

1937 2749 2148 2804 πᾶσαν
2189 2749 2390 2817 σάρκα
2433 2747 2629 2809 ζῶσαν
2693 2746 2887 2812 καθὼς
2936 2746 3215 2814 ἐποίησα,
3275 2745 3364 2799 ἔτι
3418 2742 3627 2814 πάσας

1938 2835 2045 2903 τὰς
2069 2835 2296 2906 ἡμέρας
2324 2833 2434 2904 τῆς
2466 2833 2601 2905 γῆς.

2009 2927 2069 2979 δ’.
2104 2925 2281 2989 Πολὺς
2319 2923 2421 2995 τῆς
2453 2922 2777 2995 εὐεργεσίας
2803 2923 2832 2975 ό
2863 2920 3054 2989 δγκος,
3082 2920 3178 2974 καὶ
3214 2918 3349 2973 πολύ
3377 2919 3479 2990 τῆς
3504 2917 3630 2988 φιλ·

1940 3011 2258 3084 ανθρωπίας
2304 3010 2367 3064 τὸ
2401 3008 2651 3081 μέγεθος,
2700 3009 2798 3063 καὶ
2829 3007 3037 3078 άφατος
3063 3007 3163 3078 τῆς
3190 3006 3546 3071 ἀνεξικακίας
3587 3007 3623 3076 ή
3692 3054 3695 3055 ,

1940 3098 2237 3171 ὑπερϐολή.
2273 3097 2387 3151 Καὶ
2436 3093 2568 3151 εἷπε
2604 3097 2819 3164 Κύριος
2869 3098 2903 3150 ὀ
2950 3096 3094 3161 Θεὸς
3126 3094 3487 3163 διανοηθείς.
3529 3093 3626 3161 Τὸ,

1942 3187 2308 3255 Διανοηθείς,
2347 3184 2512 3239 πάλιν
2544 3183 2924 3255 ἀνθρωπίνως,
2957 3183 3052 3237 καὶ
3080 3183 3155 3246 ὡς
3198 3183 3335 3254 πρὸς
3358 3184 3458 3253 τὴν
3487 3184 3628 3254 ήμε-
3702 3242 3713 3253 ε

1941 3277 2001 3331 τέ
2009 3295 2107 3349 ραν
2133 3276 2316 3346 φύσιν.
2341 3277 2424 3329 Οὐ
2451 3273 2781 3343 προσθήσω
2800 3271 2887 3325 ἔτι
2909 3271 3014 3325 τοῦ
3039 3270 3493 3339 καταράσασθαι
3514 3268 3633 3338 τὴν

1943 3364 2061 3434 γῆν
2083 3363 2179 3416 διὰ
2203 3362 2273 3416 τὰ
2293 3361 2438 3430 ἔργα
2463 3358 2582 3415 τῶν
2604 3359 2951 3426 ἀνθρώπων.
2977 3359 3087 3411 Kal
3113 3358 3221 3428 γὰρ
3244 3358 3338 3410 ἐπὶ
3357 3357 3452 3411 τοῦ
3479 3373 3634 3428 πρω-

1942 3451 2244 3505 τοπλάστου
2274 3449 2626 3520 κατηράσατο
2655 3448 2845 3511 εἰπὼν,
2887 3445 3171 3512 Ἀκάνθας
3196 3445 3294 3498 καὶ
3321 3445 3632 3513 τριϐόλους

1945 3537 2248 3594 ἀνατελεῖ·
2285 3537 2380 3591 καὶ
2426 3538 2518 3589 ἐπὶ
2553 3535 2649 3589 τοῦ
2702 3535 2839 3589 Κάῖν
2882 3534 3045 3589 πάλιν
3090 3533 3310 3604 ὁμοίως.
3355 3533 3507 3586 Ἐπεὶ
3539 3527 3634 3585 οῦν

1948 3629 2043 3681 καὶ
2072 3626 2168 3680 νῦν
2195 3625 2295 3698 τὴν
2328 3622 2599 3695 τοσαύτην
2646 3621 3027 3693 πανωλεθρίαν
3059 3622 3365 3692 ἐπήγαγεν,
3410 3621 3496 3674 ἵνα
3523 3636 3631 3674 πα-

1951 3713 2340 3789 ραμυθήσηται
2384 3712 2477 3766 τὴν
2521 3711 2749 3776 δίκαιον,
2803 3709 2899 3764 καὶ
2937 3709 3159 3781 θαρρεῖν
3212 3711 3634 3782 παρασκευάσῃ,

1950 3807 2046 3860 καὶ
2083 3806 2158 3877 μὴ
2201 3803 2371 3877 μέλλῃ
2398 3800 2710 3870 λογίζεσθαι
2751 3798 2872 3854 καθ’
2899 3798 3111 3863 ἑαυτὸν,
3139 3797 3195 3851 τί
3222 3797 3284 3851 τὸ
3319 3796 3510 3868 κέρδος
3533 3797 3637 3866 τῆς

1950 3894 2328 3967 γεγενημένης
2355 3891 2635 3960 εὐλογίας;
2670 3889 2764 3942 καὶ
2804 3888 2899 3941 τοῦ
2932 3884 3494 3950 είπεῖν,Αὺξὰνεσθε
3534 3886 3634 3940 καὶ

1951 3985 2357 4053 πληθύνεσθε,
2389 3984 2437 4035 εί
2473 3980 2760 4051 μέλλοιμεν
2790 3976 2950 4030 πάλιν
2981 3976 3061 4038 εἰς
3086 3974 3290 4043 πλῆθος
3313 3973 3638 4038 ἐπιδιδόντες

1952 4070 2324 4136 ἀπόλλυσθαι;
2372 4068 2486 4121 Καὶ
2526 4066 2634 4136 γὰρ
2664 4064 2758 4117 καὶ
2790 4063 2891 4135 ἤδη
2945 4058 3099 4115 εἶπεν
3153 4060 3247 4113 ἐπὶ
3293 4058 3386 4113 τοῦ
3441 4061 3635 4132 Ἀδὰμ,

1945 4157 2295 4222 Λύξάνεσθε
2350 4154 2450 4208 καὶ
2491 4152 2902 4219 πληθύνεσθε,
2950 4149 3044 4201 καὶ
3080 4149 3326 4219 ἐπήγαγε
3360 4148 3640 4202 κατακλυ-

1957 4247 2114 4318 σμόν.
2150 4246 2268 4297 ’Ὶνα
2301 4239 2394 4297 οὐν
2429 4241 2504 4313 μὴ
2550 4238 2723 4292 ταῦτα
2769 4236 3118 4307 λογιζόμενος
3159 4236 3253 4288 καὶ
3299 4236 3547 4308 στρέφων
3578 4235 3641 4292 ἐν

1955 4339 2020 4408 τῇ
2048 4332 2255 4403 διανοίᾳ
2282 4327 2542 4402 διηνεκῶς
2568 4327 2669 4395 τὴν
2693 4324 2931 4393 ἀγωνίαν
2953 4323 3072 4398 ἔχῃ,
3103 4323 3204 4394 ὅρα
3233 4322 3642 4395 φιλανθρωπίαν

1957 4423 2251 4477 Δεσπότου.
2302 4421 2384 4473 Οῠ
2419 4413 2766 4484 προσθήσω,
2814 4414 2999 4487 φησὶν,
3045 4408 3135 4467 ἐτι
3188 4410 3643 4479 καταράσασθαι

1958 4512 2074 4580 τὴν
2102 4509 2220 4581 γῆν
2253 4507 2351 4562 διὰ
2371 4505 2444 4560 τὰ
2474 4506 2616 4574 ἔργα
2657 4503 2778 4556 τῶν
2817 4500 3167 4572 ἀνθρώπων.
3197 4500 3342 4571 Ὅρα
3391 4498 3509 4562 πῶς
3546 4501 3646 4552 ἐπ-

1961 4598 2295 4669 εσημήνατο,
2332 4593 2415 4659 δτι
2449 4591 2536 4643 διὰ
2570 4589 2668 4660 τὴν
2699 4587 2904 4641 τούτων
2930 4586 3234 4669 μοχθηρίαν
3259 4587 3358 4655 τὴν
3396 4584 3646 4655 κατάραν

1962 4665 2212 4756 ἐπήγαγε
2237 4683 2303 4753 τῇ
2336 4682 2429 4751 γῇ.
2462 4675 2597 4731 Εἶτα
2624 4677 2715 4729 ἵνα
2753 4676 2827 4746 μὴ
2863 4665 3195 4745 νομίσωμεν,
3230 4672 3310 4725 ὅτι
3338 4670 3525 4743 ἐπειδὴ
3552 4671 3646 4724 ἐπὶ

1962 4774 2024 4827 τὸ
2054 4771 2264 4844 βέλτιον
2295 4765 2674 4840 μετεϐάλοντο,
2704 4763 2792 4815 διὰ
2827 4761 2984 4814 τοῦτο
3018 4760 3182 4822 αὐτὸς
3209 4757 3413 4827 ταύτην
3456 4759 3645 4828 ἐποιή-

1970 4843 2099 4916 σατο
2133 4858 2231 4929 τὴν
2262 4856 2578 4926 ὑπόσχεσιν,
2629 4851 2822 4921 φησίν·
2858 4849 2980 4900 ’Ότι
3024 4845 3283 4915 ἔγκειται
3325 4845 3363 4913 ἡ
3414 4843 3647 4898 διάνοια

1966 4947 2073 5003 τοῦ
2096 4928 2412 5014 ἀνθρώπου
2435 4934 2731 5007 ἐπιμελῶς
2755 4933 2854 4989 ἐπὶ
2882 4933 2955 4988 τὰ
2976 4932 3213 4999 πονηρὰ
3248 4931 3318 4984 ἐκ
3339 4928 3644 4998 νεότητος.

1966 5036 2129 5089 Ξένον
2163 5027 2575 5104 φιλανθρωπίας
2602 5019 2762 5085 εἶδος.
2810 5019 3054 5087 Ἐπειδὴ
3082 5018 3356 5087 ἔγκειται,
3396 5018 3580 5087 φησὶν,
3605 5016 3644 5083 ἠ

1967 5103 2202 5178 διάνοια
2230 5119 2336 5174 τοῦ
2366 5114 2679 5183 ἀνθρώπου
2727 5107 3024 5178 ἐπιμελῶς
3059 5105 3159 5160 ἐπὶ
3211 5106 3286 5159 τὰ
3315 5103 3549 5173 πονηρὰ
3578 5104 3648 5157 ἐκ

1971 5213 2278 5277 νεότητος,
2307 5204 2396 5260 διὰ
2423 5201 2600 5265 τοῦτο,
2632 5197 2846 5253 Οὐκέτι
2875 5193 3205 5264 προσθήσω
3242 5191 3349 5246 τοῦ
3397 5189 3650 5259 καταρά-

1971 5303 2196 5357 σασθαι
2222 5298 2340 5365 τὴν
2370 5291 2509 5364 γῆν.
2557 5287 2699 5358 Ἐγὼ
2741 5286 2839 5357 μὲν
2871 5284 3000 5354 γὰρ,
3045 5282 3200 5352 φησὶ,
3230 5279 3300 5335 τὰ
3327 5279 3653 5365 παρ’,ἐμαυῗ

1970 5389 2067 5442 τοῦ
2097 5386 2191 5441 καὶ
2218 5361 2493 5449 ἅπαξ-καὶ
2523 5376 2778 5447 δεύτερον
2821 5370 3184 5441 ἐπεδειξάμην
3203 5385 3217 5401 ·
3253 5367 3439 5439 ἐπειδὴ
3463 5367 3521 5420 δέ
3541 5361 3653 5438 ὁρῶ

1972 5477 2074 5547 τὴν
2113 5472 2309 5527 κακίαν
2359 5463 2757 5547 αὐξανομένην,
2791 5457 3198 5527 ἐπαγγέλλομαι
3247 5453 3445 5526 μηκέτι
3486 5469 3655 5506 κατα.

1977 5539 2247 5635 ράσασθαι
2275 5556 2372 5628 τὴν
2410 5553 2534 5625 γῆν.
2588 5546 2718 5604 Εἶτα
2765 5547 2981 5609 δεικνὺς
3009 5543 3174 5598 αὐτοῦ
3208 5543 3306 5613 τῆς
3343 5539 3653 5612 φιλανθρω-

1977 5625 2108 5715 πίας
2148 5650 2211 5702 τὸ
2244 5625 2494 5717 μέγεθος,
2553 5639 2833 5710 ἐπήγαγεν
2859 5653 2872 5666 ·
2914 5637 2997 5688 Οὐ
3029 5631 3359 5701 προσθήσω
3401 5625 3517 5685 οὖν
3567 5628 3656 5681 ἔτι

1978 5714 2466 5802 πατάξαινπιῑσαν
2483 5728 2683 5797 σάρκα
2703 5724 2919 5790 ζῶσαν,
2938 5721 3131 5788 καθὼς
3149 5719 3429 5787 ἐποίησα,
3453 5714 3656 5779 πάσας

1987 5830 2092 5893 τὰς
2116 5801 2359 5895 ἡμέρας.
2388 5820 2531 5892 Ὅρα
2565 5834 2654 5888 μοι
2691 5815 2808 5877 πῶς
2838 5813 2925 5867 διὰ
2956 5811 3171 5866 πάντων
3206 5807 3469 5895 μεγίστην
3502 5801 3656 5895 χαρί-

1988 5914 2136 5980 ζεται
2164 5911 2239 5982 τῷ
2276 5907 2468 5980 δικαίῳ
2508 5905 2603 5976 τὴν
2640 5901 3016 5975 παραμυθίαν⁸
3050 5894 3247 5968 μᾶλλον
3277 5891 3331 5944 δέ
3371 5888 3429 5941 οὗ
3461 5886 3540 5955 τῷ
3572 5887 3656 5940 δι-
