4078 6478
409 398 520 454 265

410 613 532 671 pter
555 616 709 657 suam
736 602 1028 659 bonitatem
1055 603 1217 659 etiam
1244 605 1496 659 universo
1520 604 1795 659 hominum
1816 606 1999 675 generi

404 701 531 763 post
557 693 705 747 illum
731 691 933 747 fttturo.
957 693 1085 748 Nam
1102 693 1242 764 quod
1264 694 1412 760 dicit,
1443 693 1567 749 Non
1587 696 1827 766 adjiciam
1847 697 2004 764 igitur

403 793 466 837 ut
489 783 770 852 percutiam
793 799 992 837 onmem
1025 798 1227 838 carnem
1265 786 1504 839 viventem
1524 827 1537 851 ,
1569 794 1624 840 et
1649 786 1790 856 quod
1823 787 1991 851 addit,

401 875 555 931 Sicut
584 875 702 946 feci,
738 875 864 930 item
894 875 1045 941 illud,
1084 875 1329 930 Omnibus
1352 877 1545 943 diebus,
1577 877 1816 932 declarat
1843 878 1998 932 nobis

399 979 512 1020 non
542 967 675 1020 ultra
705 967 811 1021 tale
828 965 1083 1021 diluvium
1110 974 1392 1022 venturum
1414 982 1557 1034 esse,
1591 983 1767 1038 neque
1794 977 1993 1021 tantam

398 1057 694 1126 perniciem
714 1071 965 1127 umquam
980 1065 1148 1112 totum
1165 1059 1348 1112 orbem
1368 1058 1669 1113 invasuram
1683 1073 1804 1114 esse
1846 1059 1997 1114 Dein-

395 1145 472 1201 de
483 1146 641 1201 etiam
659 1146 856 1202 iudicat
870 1148 1231 1203 beneficentia:
1242 1162 1352 1203 sua:
1369 1151 1771 1220 perpetuitatem
1789 1168 1802 1203 :
1822 1150 1993 1205 Omni-

394 1238 512 1302 bus,
531 1238 717 1310 inquit,
737 1240 932 1308 diebus,
961 1241 1063 1296 hoc
1078 1251 1193 1296 est:
1217 1241 1272 1296 lu
1294 1256 1451 1298 omne
1467 1245 1718 1298 saxulum
1737 1245 1992 1315 promitto

393 1346 490 1385 tne
518 1345 623 1386 non
654 1332 993 1387 inducturum
1022 1333 1324 1402 hujusmodi
1355 1334 1790 1405 indignationem,
1813 1352 1986 1406 neque

391 1421 658 1477 facturum
706 1433 904 1478 tantam
951 1424 1318 1480 confusionem
1365 1440 1464 1481 nec
1509 1425 1562 1481 in
1611 1436 1984 1497 tempeSIatunt

390 1512 629 1579 ratione,
660 1528 761 1569 nec
786 1515 838 1568 in
882 1515 1266 1570 elementorum
1310 1518 1438 1571 situ.
1478 1516 1603 1572 ideo
1641 1518 1852 1574 subdit:
1883 1520 1984 1574 Se-

387 1604 577 1659 rnentis
620 1615 667 1659 et
714 1607 909 1673 messis,
941 1608 1103 1678 frigus
1149 1617 1198 1661 ct
1240 1618 1410 1674 testas,
1440 1618 1590 1664 testas
1627 1619 1675 1663 et
1702 1625 1786 1664 ver
1814 1611 1896 1664 die
1923 1628 1983 1664 ac

385 1706 540 1749 nocte
565 1712 666 1750 non
693 1697 1021 1766 requiescent.
1054 1696 1368 1766 lmmobilis,
1397 1699 1587 1769 inquit,
1617 1704 1720 1755 erit
1747 1700 1862 1756 ha:c
1886 1716 1980 1755 or-

381 1788 599 1843 diuatio
640 1806 660 1844 :
708 1799 846 1844 terra
891 1806 1182 1862 numquam
1225 1791 1435 1847 desinet
1471 1794 1815 1864 suppeditare
1858 1810 1981 1863 qme

384 1879 666 1934 hominum
691 1881 877 1950 generi
906 1882 1229 1947 necessaria,
1257 1898 1431 1953 neque
1464 1884 1695 1939 cessabit
1735 1884 1978 1955 proferre

380 1970 631 2026 laborum
673 1981 727 2028 et
770 1973 1108 2043 agricultura:
1138 1975 1378 2044 prtemia,
1408 1992 1580 2042 neque
1623 1977 1748 2030 anni
1795 1986 2015 2053 partes

378 2062 508 2117 aliis
554 2064 993 2119 conversionibus
1039 2065 1432 2119 mutabuntur:
1475 2065 1569 2120 sed
1612 2074 1668 2121 et
1718 2066 1883 2137 frigus
1921 2076 1976 2121 et

377 2153 555 2219 calor,
587 2164 641 2209 et
682 2164 842 2210 testas
883 2164 939 2210 et
983 2170 1079 2210 ver
1130 2156 1181 2210 in
1230 2172 1549 2227 unoquoque
1598 2158 1723 2212 anni
1771 2158 1974 2213 circqu

375 2254 562 2301 erunt.
590 2245 722 2301 Nam
766 2249 890 2318 quia
938 2263 1033 2318 per
1079 2248 1270 2304 diluvii
1316 2260 1524 2319 tempus
1576 2249 1675 2304 fuit
1727 2249 1971 2307 confusio

372 2339 626 2407 quatdam
669 2340 834 2395 totius
876 2340 1030 2396 istius
1061 2342 1285 2407 ordinis,
1314 2350 1369 2397 et
1402 2342 1581 2411 justus
1619 2342 1708 2398 ille
1747 2343 1799 2397 in
1846 2358 1968 2398 arca

370 2447 430 2485 et
445 2439 500 2484 at
520 2441 630 2486 toto
657 2430 752 2486 illo
774 2440 1015 2501 tempore
1035 2434 1185 2504 quasi
1214 2435 1463 2489 continua
1489 2442 1665 2499 nocte,
1685 2433 1809 2489 ideo
1828 2450 1969 2489 nunc

372 2523 551 2593 inquit
579 2541 593 2578 :
624 2522 807 2594 Neque
836 2539 965 2591 nox,
984 2541 1160 2596 neque
1188 2525 1305 2582 dies
1333 2541 1490 2582 suum
1519 2527 1823 2597 relinquent
1846 2544 1967 2583 cur-

370 2628 521 2681 sum,
541 2613 635 2669 sed
664 2630 834 2685 usque
851 2613 916 2669 ad
944 2616 1124 2671 saeculi
1147 2618 1661 2673 consummationem
1686 2618 1965 2673 immotum

370 2703 593 2759 illorum
623 2706 958 2774 permanebit
982 2706 1362 2762 ministerium.
1384 2707 1571 2764 Vidisti
1593 2708 1808 2779 dignam
1837 2723 1969 2764 con-

367 2796 717 2864 solationem,
749 2813 867 2867 qua:
907 2799 1080 2868 potuit
1099 2798 1228 2869 justi
1254 2799 1490 2854 animum
1515 2801 1759 2871 erigere?
1788 2800 1964 2856 vidisti

365 2887 585 2957 qualem
622 2890 1034 2947 retributionem
1079 2893 1343 2962 acceperit
1377 2891 1505 2963 justi
1546 2893 1820 2961 probitas?
1856 2892 1963 2949 Sed

362 2989 431 3035 et
457 2995 518 3034 ex
548 2982 897 3051 sequentibus
921 2982 1114 3038 iterum
1154 2982 1277 3038 audi
1321 2982 1640 3038 ineffabilem
1671 2983 1962 3038 liberalita-

363 3081 501 3126 tem.
522 3071 574 3127 l.
596 3072 745 3143 (Cap.
763 3071 817 3143 9)
839 3072 905 3127 Et
929 3073 1201 3136 benedixit,
1218 3073 1407 3145 inquit,
1427 3072 1564 3128 Deus
1591 3073 1725 3139 Noe,
1756 3084 1802 3128 et
1826 3074 1962 3142 ﬁlios

360 3163 527 3217 illius.
571 3162 637 3217 Et
676 3164 805 3218 dixit
842 3165 912 3219 eis
948 3181 967 3218 :
1005 3165 1059 3219 2.
1091 3164 1308 3221 Crescite
1351 3175 1398 3221 et
1442 3166 1884 3236 multiplicamini,
1913 3177 1961 3221 et

359 3253 572 3323 implete
598 3264 802 3317 terram,
841 3265 887 3309 et
921 3256 1253 3309 dominamini
1286 3258 1352 3310 ei.
1392 3255 1463 3310 Et
1497 3266 1685 3311 tremor
1716 3258 1962 3328 timorque

368 3345 527 3397 vestri
550 3344 643 3397 erit
660 3361 813 3414 super
839 3362 1009 3398 omnes
1037 3346 1219 3400 bestias
1242 3355 1407 3412 term,
1430 3356 1476 3401 et
1499 3363 1652 3417 super
1676 3364 1849 3402 omnes
1872 3365 1959 3402 vo-

368 3433 541 3486 lucres
565 3434 696 3499 catli,
716 3445 761 3486 et
789 3452 941 3505 super
961 3437 1136 3489 omnia
1151 3451 1266 3507 qua:
1292 3446 1552 3491 moventur
1573 3454 1727 3507 super
1749 3446 1956 3504 terram,

360 3535 417 3580 et
450 3542 601 3594 super
644 3543 819 3581 omnes
843 3529 1006 3596 pisces
1050 3529 1205 3581 maris
1233 3543 1253 3582 .·
1277 3529 1331 3581 in
1357 3545 1537 3582 ntanus
1571 3540 1761 3583 vestras
1785 3530 1958 3583 omnia

358 3616 504 3671 dedi.
533 3618 586 3673 3.
617 3617 686 3670 Et
711 3635 858 3673 omne
891 3619 1087 3689 reptile,
1116 3619 1253 3688 quod
1281 3629 1353 3675 est
1392 3621 1578 3687 vivens,
1608 3620 1745 3674 vobis
1782 3621 1875 3675 erit
1904 3622 1958 3676 in

357 3710 552 3765 cibum.
587 3711 749 3779 Quasi
767 3712 907 3766 olera
946 3712 1216 3767 herbarum
1240 3712 1359 3766 dedi
1377 3714 1513 3768 vobis
1539 3713 1728 3767 omnia.
1757 3714 1812 3768 4.
1856 3713 1955 3769 Ve-

300 3860 309 3867 .
358 3810 648 3857 nontamen
691 3819 896 3857 carnem
945 3794 1009 3856 in.
1041 3805 1287 3874 sanguine
1327 3805 1511 3859 anima:
1557 3822 1621 3859 ne
1661 3806 1952 3860 comedetis.

358 3893 591 3964 Dignum
620 3904 704 3950 est
753 3904 810 3949 ut
853 3893 941 3950 hic
986 3895 1315 3951 admiremur
1341 3896 1691 3952 excellentem
1746 3897 1955 3953 Domini

358 3985 680 4040 bonitatem.
710 3984 847 4040 Vide
867 3986 1009 4041 enim
1032 3987 1121 4041 hic
1139 3986 1409 4057 quomodo
1428 3986 1606 4057 justus
1645 3987 1736 4043 ille
1763 3989 1952 4042 iterum

354 4076 607 4131 eamdem
624 4075 1051 4132 benedictionem
1067 4077 1432 4147 consequitur,
1445 4093 1602 4147 quam
1620 4078 1745 4132 olim
1761 4078 1951 4145 Adam,

356 4176 421 4222 ct
459 4176 698 4237 ereptum
737 4177 1018 4239 recuperat
1060 4168 1412 4239 principatum
1458 4169 1657 4225 virtute
1697 4183 1814 4235 sua,
1846 4169 1954 4224 imo

357 4258 618 4314 ineffabili
640 4259 851 4314 Domini
870 4260 1176 4315 clementia.
1199 4259 1330 4314 Nam
1354 4260 1492 4314 sicut
1512 4259 1580 4315 de
1603 4259 1696 4315 illo
1720 4260 1951 4328 diccbat,

356 4350 583 4405 Crescite
607 4360 655 4404 et
688 4350 1116 4420 multiplicamini,
1153 4361 1200 4406 et
1228 4351 1561 4406 dominamini
1585 4361 1754 4418 terrae,
1784 4361 1832 4405 et
1854 4353 1954 4404 im-

355 4454 535 4514 perate
559 4444 781 4514 piscibus
810 4444 1054 4509 maris,'et
1088 4444 1369 4515 reptilibus,
1402 4453 1448 4497 et
1469 4444 1777 4505 volatilibus.
1800 4453 1847 4498 et
1872 4448 1953 4515 [e-

354 4534 434 4589 ris
465 4534 620 4605 (Gen.
650 4535 702 4589 1.
730 4533 822 4604 28)
856 4553 870 4587 :
912 4536 991 4591 sic
1015 4550 1158 4591 nunc
1185 4535 1392 4606 inquit:
1427 4533 1493 4588 Et
1519 4544 1706 4588 tremor
1730 4544 1777 4587 et
1805 4536 1956 4587 timor

352 4627 511 4679 vestri
535 4625 629 4678 erit
652 4642 806 4695 super
828 4642 1000 4681 omnes
1019 4626 1202 4680 bestias
1224 4635 1390 4689 terrm,
1418 4637 1469 4680 et
1493 4641 1647 4694 super
1670 4640 1843 4678 omnes
1868 4641 1955 4678 vo—

352 4717 541 4772 Iucrrs.
574 4716 642 4770 Et
666 4732 814 4770 omne
836 4718 1017 4787 reptile
1044 4717 1182 4787 quod
1204 4726 1276 4771 est
1308 4719 1496 4784 vivens,
1519 4716 1656 4770 vobis
1677 4717 1772 4768 erit
1805 4717 1857 4768 in
1876 4716 1952 4768 ci-

351 4814 497 4865 bum.
547 4809 706 4879 Quasi
744 4809 884 4865 olera
914 4810 1182 4865 herbarum
1208 4809 1324 4864 άειῆ
1351 4810 1488 4863 vobis
1510 4810 1698 4863 omnia.
1739 4807 1954 4862 Verum-

350 4914 527 4956 tamen
550 4919 754 4957 carnent
773 4903 827 4956 in
846 4903 1092 4974 sanguine
1114 4906 1301 4956 anima:
1322 4918 1384 4956 ne
1406 4902 1702 4956 comedetis.
1723 4900 1955 4956 Attende

350 4996 601 5051 eamdem
633 4996 894 5067 regulam,
925 4996 1083 5051 aliter
1110 4993 1426 5050 servandam
1469 5005 1646 5048 tamen
1686 5008 1804 5047 eam
1832 5008 1952 5063 quae

354 5088 535 5161 primo
559 5089 761 5145 homini
795 5089 918 5144 data
941 5088 1060 5144 fuit.
1076 5089 1226 5144 Sicut
1248 5088 1392 5144 enim
1423 5098 1568 5150 tunc,
1599 5096 1875 5157 postquam
1903 5086 1953 5142 ei

355 5182 614 5237 traditum
642 5192 726 5237 est
754 5181 1049 5236 dominium
1080 5180 1135 5235 in
1165 5180 1367 5246 omnia,
1396 5186 1456 5234 ut
1494 5179 1595 5234 frui
1626 5187 1806 5249 posset
1833 5194 1952 5233 om-

351 5272 514 5328 nibus
556 5289 677 5343 quae
712 5281 869 5328 erant
910 5274 966 5328 in
1014 5273 1281 5343 paradiso,
1327 5273 1596 5327 abstinuere
1640 5280 1844 5325 tantum
1888 5271 1956 5326 ab

351 5369 518 5422 unico
539 5369 682 5439 ligno
701 5368 882 5437 jussus
905 5378 1022 5423 est:
1047 5368 1119 5421 ita
1149 5375 1205 5420 et
1236 5366 1319 5420 hic
1349 5374 1468 5434 post
1498 5365 1951 5429 benedictionem,

350 5469 416 5515 et
445 5469 722 5531 postquam
751 5459 1005 5519 terribilis
1038 5459 1210 5513 factus
1238 5468 1321 5512 est
1351 5458 1557 5524 bestiis,
1586 5467 1639 5511 et
1667 5456 1768 5510 sub
1795 5472 1953 5510 manu

347 5552 477 5620 eius
517 5552 702 5622 posita:
747 5561 871 5607 sunt
899 5565 1025 5607 aves
1049 5560 1102 5606 et
1129 5550 1383 5615 volatilia,
1418 5551 1588 5620 inquit
1619 5568 1631 5603 :
1668 5548 1830 5603 Omne
1870 5564 1954 5603 re-

351 5643 482 5719 ptile
509 5646 675 5700 vivens
699 5646 836 5700 vobis
863 5647 955 5699 erit
975 5646 1028 5699 in
1052 5645 1217 5698 cibum
1239 5653 1327 5696 :ut
1354 5643 1493 5697 olera
1518 5643 1789 5696 herbarum
1815 5642 1953 5695 vobis

348 5737 476 5792 dedi
504 5738 696 5792 omnia.
737 5737 874 5792 Hinc
898 5737 1105 5791 initiuut
1133 5735 1350 5790 ductqu
1375 5744 1456 5790 est
1481 5734 1807 5791 edcndarum
1839 5744 1956 5788 car-

349 5831 507 5894 nium
541 5848 552 5884 :
585 5845 689 5885 non
723 5838 778 5883 ut
805 5829 950 5899 ipsos
973 5828 1039 5883 ad
1070 5828 1269 5883 ventris
1300 5826 1591 5897 ingluviem
1617 5838 1766 5899 paret
1793 5834 1846 5880 rt
1876 5827 1953 5880 iu-

1432 397 1500 453 IN
1537 396 1689 455 CAP.
1730 397 1819 453 lx.
1858 397 2101 457 GENES.
2143 402 2372 461 HOMIL.
2413 406 2630 465 XXVII.

409 526 535 565 nrnt
561 512 717 567 all'ert
741 510 930 583 justo:
960 511 1068 567 imo
1087 525 1193 568 non
1217 512 1366 584 justo
1389 521 1594 569 tantum
1616 556 1632 581 ,
1659 513 1755 570 sed
1792 527 1848 570 ct
1878 531 2001 586 pro-

3527 391 3531 396 “
3586 418 3693 476 sto

2111 526 2301 585 struat,
2331 521 2425 575 sed
2447 522 2568 592 quia
2600 538 2664 579 ex
2707 524 2836 595 ipsis
2862 524 3106 583 homines
3139 539 3293 585 erant
3317 531 3690 600 sacriﬁcaturi,

2106 617 2160 664 et
2190 609 2302 663 Deo
2329 614 2527 678 gratias
2551 615 2740 682 acturi,
2775 624 2831 669 ut
2861 631 2927 671 ne
2967 617 3274 675 viderentur
3296 623 3445 690 quasi
3491 639 3520 677 a
3562 642 3692 677 eon-

2104 701 2329 754 secratis
2351 704 2622 758 abstinere
2652 720 2668 758 :
2712 705 2913 761 ideirco
2936 708 3127 763 edendi
3166 710 3464 767 facultatem
3493 729 3687 771 conm-

2104 787 2185 842 dit
2218 800 2277 843 et
2312 790 2536 845 multam
2563 792 2656 848 dat
2681 794 2862 849 utendi
2905 796 3190 852 licentiam.
3223 800 3382 866 Quasi
3409 804 3548 855 olera
3578 807 3694 858 Iter-

2103 877 2281 932 barum
2327 877 2468 935 vobis
2511 882 2629 936 dedi
2682 885 2852 938 omnia
2906 884 3060 957 (Gen.
3112 887 3167 941 2.
3217 889 3328 960 i7).
3375 890 3505 945 Dein
3552 893 3692 948 sicut

2101 970 2273 1024 Adam
2301 972 2509 1026 cmteris
2537 972 2721 1029 fruens
2746 975 2922 1046 lignis,
2952 977 3134 1047 jussus
3163 989 3246 1033 est
3280 981 3348 1036 ab
3392 997 3498 1036 uno
3527 985 3689 1037 absti.

2100 1073 2230 1114 nere
2262 1077 2277 1114 :
2309 1060 2379 1114 ita
2426 1060 2514 1117 hic
2553 1062 2752 1119 dictum
2795 1076 2898 1131 est,
2927 1081 3050 1122 cunt
3101 1069 3174 1123 illi
3203 1072 3379 1125 omnia
3423 1073 3490 1127 ad
3535 1089 3687 1128 csum

2098 1149 2265 1205 libere
2287 1152 2545 1208 sumenda
2576 1156 2834 1224 permissa
2863 1168 3078 1213 essent:
3105 1160 3158 1213 4.
3204 1160 3551 1219 Verumtamen
3574 1181 3691 1218 car-

2095 1256 2208 1293 nem
2236 1243 2290 1295 in
2316 1245 2562 1315 sanguine
2583 1247 2769 1301 anima:
2790 1264 2853 1301 ne
2871 1251 3164 1305 comedatis.
3206 1252 3344 1319 Quid
3373 1263 3455 1309 est
3482 1270 3607 1312 caro
3630 1258 3683 1312 in

2092 1332 2351 1402 sanguine
2391 1335 2622 1389 animas?
2669 1337 2782 1393 Hoc
2821 1350 2924 1406 est,
2954 1342 3295 1397 Sull-icatum.
3344 1345 3492 1402 Bruti
3535 1348 3680 1401 cuitu

2090 1426 2267 1479 anima
2297 1427 2512 1496 sanguis
2533 1437 2634 1482 est.

2162 1515 2215 1569 5.
2256 1514 2389 1581 Quia
2415 1517 2576 1585 igitur
2594 1518 2850 1574 sacrificia
2893 1522 3178 1589 perfecturi
3206 1534 3359 1577 erant
3387 1541 3450 1579 ex
3488 1527 3679 1590 brutis,

2090 1602 2192 1658 hoc
2222 1603 2334 1659 fere
2359 1607 2521 1660 modo
2552 1607 2706 1662 docet
2736 1609 2874 1674 illos,
2902 1610 3119 1666 dicens:
3150 1613 3285 1676 Quia
3312 1616 3528 1684 sanguis
3549 1619 3676 1670 tnihi

2085 1706 2394 1766 segregatus
2430 1708 2535 1764 est,
2564 1699 2717 1754 vobis
2740 1715 2886 1754 caro.
2930 1702 3041 1756 lloe
3067 1711 3247 1758 autem
3290 1704 3414 1759 ideo
3442 1704 3587 1771 facit,
3617 1719 3676 1761 ut

2086 1787 2272 1855 primis
2301 1788 2407 1842 illis
2450 1790 2778 1859 temporibus
2818 1792 3134 1861 comprimat
3164 1793 3376 1848 illorum
3421 1796 3678 1864 impetum

2082 1887 2133 1932 et
2164 1879 2576 1948 propensionem
2603 1882 2669 1934 ad
2718 1880 3024 1937 homicidia.
3073 1884 3137 1938 Et
3171 1885 3314 1953 quod
3358 1884 3460 1940 hoc
3485 1887 3556 1941 sit
3579 1903 3674 1943 vo-

2082 1985 2224 2036 rum,
2257 1986 2451 2041 nempe
2488 1973 2630 2042 quod
2663 1975 2785 2028 hinc
2814 1989 2910 2029 eos
2950 1977 3116 2046 magis
3159 1977 3275 2045 pios
3313 1977 3538 2034 reddere
3578 1996 3677 2034 vo-

2080 2061 2258 2126 luerit,
2284 2063 2408 2117 audi
2438 2079 2559 2133 qua:
2596 2074 2916 2134 sequuntur.
2957 2066 3011 2120 5.
3062 2065 3263 2120 Etenim
3311 2080 3525 2123 vestrum
3552 2087 3677 2125 sau-

2077 2154 2296 2223 guinem,
2348 2153 2547 2224 inquit,
2592 2155 2879 2209 animarum
2916 2167 3215 2222 vestrarum,
3248 2161 3510 2229 exquiram
3553 2179 3667 2216 eum

2077 2244 2141 2297 de
2163 2259 2317 2298 manu
2359 2246 2582 2299 onmium
2609 2246 2897 2300 bestiarum.
2932 2245 3003 2300 Et
3029 2248 3093 2300 de
3117 2264 3273 2302 manu
3316 2250 3535 2305 hominis
3563 2254 3671 2322 {ra-

2076 2334 2168 2387 tris
2207 2335 2465 2405 etquiram
2505 2336 2727 2389 animam
2756 2336 2992 2392 hominis.
3040 2337 3178 2405 Quid
3218 2340 3384 2409 ergo?
3424 2342 3671 2398 animant:

2077 2425 2312 2480 hominis
2350 2427 2569 2497 sanguis
2598 2429 2719 2482 est?
2756 2427 2875 2482 Non
2916 2428 3020 2483 hoc
3047 2430 3199 2497 dicit,
3227 2430 3399 2484 absit:
3430 2432 3522 2486 sed
3565 2432 3667 2487 ltu-

2075 2530 2232 2570 ntana
2268 2517 2654 2572 consuetudine
2685 2533 2814 2573 usus
2837 2528 2939 2586 est,
2969 2534 3036 2574 ac
3057 2520 3102 2574 si
3129 2521 3248 2590 quis
3286 2521 3431 2576 dicat
3470 2524 3663 2580 alicui:

2071 2606 2394 2677 Sanguinem
2441 2618 2591 2662 tuum
2636 2619 2789 2679 porto
2833 2609 2887 2664 in
2930 2611 3175 2667 manibus
3220 2612 3399 2667 meis:
3432 2615 3659 2679 hocest,

2074 2711 2393 2770 potestatem
2422 2701 2596 2757 habeo
2638 2702 2991 2759 interficiendi
3025 2713 3098 2759 te.
3141 2704 3272 2760 Nam
3300 2707 3443 2775 quod
3485 2708 3665 2761 anima

2072 2794 2306 2850 hominis
2346 2809 2452 2850 non
2493 2795 2565 2851 sit
2604 2798 2842 2865 sanguis,
2882 2799 3006 2850 audi
3047 2798 3318 2852 Christum
3358 2798 3663 2855 dicentem:

2073 2885 2156 2941 Ne
2180 2887 2447 2940 timueritis
2468 2885 2531 2939 ab
2557 2887 2628 2939 eis
2650 2888 2737 2956 qui
2763 2888 3000 2941 occidunt
3025 2905 3230 2957 corpus,
3244 2891 3467 2942 animum
3495 2903 3663 2945 autem

2068 2980 2297 3033 occidere
2334 2994 2437 3033 non
2469 2989 2679 3049 possunt
2720 2978 2934 3048 (Matth.
2969 2980 3055 3035 10.
3088 2980 3202 3052 28).
3234 2982 3302 3035 Et
3330 2981 3451 3037 vide
3488 2997 3656 3053 quan-

2069 3079 2175 3125 tam
2220 3070 2621 3126 distinctionem
2671 3069 2878 3126 fecerit.
2929 3073 2985 3126 6.
3034 3072 3136 3139 Qui
3180 3070 3433 3139 eﬁ'udcrit,
3466 3074 3657 3144 inquit,

2065 3162 2364 3233 sanguinem
2390 3161 2626 3225 hominis,
2663 3178 2755 3233 pro
2796 3164 3042 3233 sanguine
3085 3164 3194 3232 eius
3239 3167 3448 3237 sanguis
3498 3166 3660 3235 ipsius

2064 3251 2353 3320 e/fundetur
2376 3269 2397 3307 :
2420 3254 2541 3324 quia
2564 3254 2616 3307 in
2648 3255 2867 3325 imagine
2891 3254 2985 3309 Dei
3013 3257 3112 3327 feci
3140 3257 3413 3310 hominem.
3447 3257 3660 3327 Cogita,

2064 3345 2310 3411 obsecro,
2343 3353 2602 3414 quantum
2633 3356 2891 3400 terrorem
2923 3345 3024 3401 hoc
3050 3346 3214 3400 verbo
3249 3347 3494 3405 incussit.
3522 3347 3656 3402 Etsi

2064 3438 2205 3507 quod
2226 3438 2467 3508 ejusdem
2489 3447 2693 3492 natura:
2714 3439 2802 3504 sit,
2824 3440 3014 3508 inquit,
3039 3456 3142 3493 non
3173 3449 3223 3494 te
3249 3451 3456 3506 avocat,
3482 3456 3654 3510 neque

2064 3545 2093 3583 a
2119 3537 2225 3583 tam
2254 3542 2506 3598 perverso
2521 3537 2715 3582 conatu
2742 3529 2951 3598 repellit
2976 3539 3178 3583 natura:
3196 3532 3536 3585 communio:
3560 3531 3655 3584 scd

2061 3619 2107 3674 si
2136 3620 2604 3675 commiseratione
2643 3619 2876 3674 fraterna
2902 3619 3122 3689 depulsa
3150 3630 3292 3675 totus
3313 3622 3365 3675 in
3393 3621 3495 3676 hoc
3521 3621 3653 3675 faci-

2063 3727 2164 3767 nus
2194 3713 2519 3782 prorumpis,
2533 3712 2706 3783 cogita
2725 3728 2849 3767 eum
2868 3711 2934 3766 ad
2957 3712 3238 3782 imaginem
3256 3713 3348 3767 Dei
3372 3712 3654 3766 formatum

2062 3817 2202 3869 esse,
2231 3812 2286 3858 et
2313 3803 2524 3873 quantis
2559 3819 2681 3858 eum
2714 3802 2854 3859 Deus
2879 3802 3125 3874 dignatus
3164 3803 3237 3858 sit
3266 3805 3656 3874 pruTOgativis,

2061 3905 2116 3950 et
2141 3894 2285 3965 quod
2328 3896 2474 3951 omni
2517 3905 2762 3950 creatura
2812 3896 3096 3965 ιιινιῐεΐθοιιιε
3137 3896 3228 3961 sit,
3261 3910 3323 3950 ac
3364 3898 3578 3964 quiesce
3625 3913 3655 3950 a

2063 3986 2201 4039 mala
2230 3987 2523 4040 voluntate.
2568 3986 2705 4053 Quid
2733 4000 2861 4055 ergo
2890 3986 2933 4040 si
2992 3986 3304 4039 innumeras
3329 3986 3445 4054 quis
3476 3998 3651 4055 patra-

2061 4078 2197 4131 verit
2221 4077 2421 4142 caedes,
2452 4086 2507 4131 et
2548 4086 2756 4130 tantum
2786 4077 3062 4145 sanguinis
3091 4075 3358 4141 effuderit,
3386 4078 3657 4146 quontodo

2060 4168 2274 4236 dignam
2298 4165 2445 4221 dabit
2472 4180 2684 4235 poenam
2718 4164 2889 4221 effuso
2917 4167 3034 4219 solo
3060 4180 3159 4219 suo
3201 4165 3498 4234 sanguine?
3538 4166 3655 4221 Non

2059 4258 2162 4313 hoc
2203 4257 2516 4323 considera,
2566 4256 2758 4323 homo,
2808 4256 2902 4311 sed
2951 4256 3186 4327 intelligo
3226 4271 3349 4311 eum
3397 4257 3501 4311 tale
3546 4272 3658 4311 non

2062 4349 2230 4404 multo
2267 4359 2390 4420 post
2422 4358 2765 4418 accepturum
2806 4362 3003 4417 corpus
3050 4347 3482 4417 incorruptibile,
3514 4348 3654 4417 quod

2061 4442 2255 4513 poterit
2272 4443 2578 4497 continuam
2600 4451 2655 4496 et
2673 4451 2925 4497 aeternam
2950 4454 3162 4510 poenam
3189 4440 3353 4496 ferre.
3372 4440 3502 4495 lllnd
3527 4441 3654 4494 item

2060 4534 2354 4606 perpende,
2400 4549 2560 4606 quam
2601 4533 2884 4603 diligenter
2928 4542 3255 4604 praeceptum
3285 4534 3398 4589 sit.-
3421 4533 3554 4589 Nam
3586 4533 3657 4590 de

2060 4627 2301 4693 homine,
2330 4626 2534 4695 inquit,
2581 4624 2659 4681 Ne
2699 4624 2943 4680 effundas
2984 4625 3340 4695 sanguinem:
3379 4624 3449 4679 de
3490 4625 3658 4680 brutis

2060 4730 2239 4776 autem
2279 4734 2386 4776 non
2415 4719 2572 4786 dixit,
2605 4718 2682 4774 Ne
2712 4717 2977 4784 efl'undas,
3007 4718 3124 4783 sed,
3167 4717 3519 4772 Verumtamen
3541 4733 3655 4770 car-

2061 4829 2178 4868 nem
2202 4812 2257 4866 in
2283 4811 2531 4883 sanguine
2556 4811 2744 4864 anima:
2789 4825 2852 4862 ne
2896 4808 3192 4863 comedetis.
3239 4807 3354 4862 Illic
3396 4807 3547 4872 dicit,
3576 4806 3654 4863 Nc

2061 4903 2341 4970 eﬂ‘undas;
2377 4904 2482 4968 hic,
2519 4902 2598 4957 Ne
2628 4900 2901 4956 comedas.

2132 4998 2238 5053 Cur
2267 5012 2383 5052 esus
2405 4995 2669 5064 sanguinis
2694 4993 2894 5047 vetitus.
2916 5018 2987 5031 —-
3003 4989 3166 5044 Vides
3191 5003 3351 5057 quam
3382 4987 3512 5041 nihil
3534 5001 3652 5042 mo-

2059 5088 2252 5145 lestum
2286 5087 2518 5142 habeant
2545 5084 2662 5153 eius
2694 5082 2882 5154 leges?
2920 5080 3193 5152 quomodo
3236 5079 3367 5134 levia
3395 5088 3451 5133 et
3481 5079 3652 5133 facilia

2061 5179 2347 5235 mandata?
2388 5175 2658 5249 quomodo
2696 5175 2827 5229 nihil
2856 5188 3018 5244 grave
3046 5186 3218 5242 neque
3258 5185 3542 5225 onerosum
3572 5185 3652 5225 re

2060 5272 2223 5343 quirit
2242 5286 2272 5325 a
2294 5279 2476 5326 nostra
2508 5265 2735 5321 natura?
2767 5264 2956 5319 Dicunt
2984 5264 3125 5319 enim
3153 5262 3332 5331 aliqui,
3370 5262 3649 5316 brutorutn

2060 5365 2396 5435 sanguinem,
2428 5375 2666 5433 gravem,
2714 5365 3044 5418 terrestrem,
3086 5367 3137 5410 et
3170 5356 3461 5409 multarum
3491 5357 3649 5425 :rgri-

2062 5456 2303 5510 tudinum
2353 5467 2569 5509 causam
2621 5469 2633 5503 :
2685 5460 2742 5505 at
2782 5464 2879 5503 nos
2916 5465 3021 5502 non
3076 5457 3294 5516 propter
3348 5447 3658 5516 put-dictum

2060 5561 2365 5601 sermonem
2410 5542 2579 5613 magis
2620 5541 2686 5596 ad
2733 5539 3127 5612 philos«tphiam
3165 5539 3649 5601 accommodatum,

2061 5639 2153 5695 sed
2186 5646 2403 5708 propter
2422 5634 2630 5690 Domini
2654 5631 2962 5687 mandatum
2990 5629 3041 5683 id
3064 5630 3352 5684 observare
3369 5629 3651 5685 debemus.

2064 5729 2265 5785 Deinde
2297 5738 2352 5784 ut
2376 5728 2645 5782 discamus
2672 5739 2839 5795 quare
2862 5733 2969 5776 tam
3000 5720 3283 5791 diligenter
3323 5720 3426 5775 hoc
3455 5735 3660 5789 prreco-

2066 5833 2211 5893 ptum
2250 5820 2454 5885 statuit,
2488 5832 2680 5889 nempe
2724 5825 2781 5872 ut
2805 5813 3084 5871 cohiberet
3127 5813 3403 5867 hominum
3434 5810 3648 5879 sangui-
