4078 6426
493 353 591 410 247

490 467 698 520 narium
725 463 980 526 animum,
1003 459 1167 514 dicit:
1195 459 1247 512 7.
1291 456 1390 510 Vos
1415 463 1579 508 autem
1619 453 1840 514 crescite,
1870 461 1915 505 et
1941 451 2071 504 mul-

491 554 812 624 tiplicamini,
843 562 889 605 et
930 551 1134 618 implete
1177 557 1380 609 terram,
1417 554 1464 598 et
1495 543 1826 596 dominamini
1855 541 1900 595 ei
1924 555 1941 592 :
1971 554 2077 592 non

495 660 714 706 temere,
743 654 796 698 ct
837 643 1038 712 absque
1065 654 1224 695 causa
1261 637 1415 700 dixit,
1453 634 1549 688 Vos
1578 643 1743 686 autent
1762 673 1776 696 ,
1807 631 1898 684 sed
1929 629 2079 700 quasi

493 735 714 799 diceret,
739 733 842 787 Vos
863 733 950 802 qui
977 731 1150 801 pauci,
1174 737 1229 784 et
1253 742 1417 797 parvo
1449 738 1671 778 numero
1694 722 1844 782 estis,
1864 735 2078 774 omnem

498 833 695 880 terram
737 825 986 893 implete,
1017 833 1070 875 et
1109 818 1455 874 dominamini
1483 817 1531 869 ei
1563 833 1576 868 :
1629 816 1728 868 hoc
1770 821 1871 877 est,
1905 812 2081 866 domi-

495 915 638 967 nium
670 915 880 978 habete,
912 923 965 966 et
1012 920 1348 980 potestatem,
1377 917 1428 962 et
1459 907 1708 959 fructum.
1738 904 1889 963 Vide.
1921 903 2080 958 obse-

497 1021 611 1067 cro,
639 1006 730 1058 Dei
775 1005 1170 1074 benignitatem,
1205 1001 1470 1070 quomodo
1499 999 1645 1067 prius
1686 1011 1873 1066 magna
1919 996 2083 1049 bene-

505 1098 624 1152 ficia
649 1097 832 1162 donat,
857 1108 909 1150 et
937 1107 1062 1150 tunc
1090 1097 1299 1148 unicum
1329 1101 1382 1146 et
1411 1093 1524 1145 leve
1550 1090 1854 1144 mandatum
1883 1088 1992 1142 dat.
2020 1087 2088 1141 Et

497 1188 636 1240 sicut
662 1189 890 1254 Adamo,
919 1197 1192 1256 postquam
1221 1184 1488 1239 concessit
1518 1193 1574 1235 ut
1601 1182 1866 1235 habitaret
1897 1181 1948 1233 in
1995 1195 2088 1249 pa-

509 1278 721 1344 radiso,
755 1289 808 1332 et
851 1289 927 1332 tot
955 1294 1017 1332 ac
1063 1278 1222 1331 tantis
1249 1276 1533 1340 frueretur,
1559 1273 1770 1326 tandem
1818 1273 2085 1340 prmcepit,

507 1381 558 1422 ul
601 1372 665 1423 ah
706 1372 862 1424 unico
909 1372 1050 1440 ligno
1097 1371 1430 1424 abstineret:
1465 1367 1536 1421 ita
1576 1375 1630 1421 et
1683 1366 1767 1418 hic
1811 1375 2088 1432 postquam

506 1462 747 1530 promisit
774 1477 878 1515 non
907 1463 1043 1516 ultra
1066 1462 1222 1516 talem
1253 1475 1311 1514 se
1335 1460 1601 1512 illaturum
1627 1455 1926 1526 generalem
1958 1464 2092 1507 stra-

504 1571 649 1623 gem,
683 1571 856 1624 neque
887 1557 956 1608 ita
1001 1571 1059 1608 se
1089 1555 1500 1623 indignaturum,
1533 1551 1626 1605 sed
1657 1565 1826 1620 usque
1863 1549 1928 1603 ad
1959 1564 2084 1603 eon-

504 1644 916 1697 summationem
975 1642 1160 1696 mundi
1227 1643 1444 1695 immota
1514 1655 1858 1706 permansura
1913 1641 2090 1692 omnia

505 1734 804 1796 elementa,
841 1734 911 1787 ita
944 1743 1003 1787 ut
1045 1749 1270 1803 qumque
1298 1749 1453 1787 suum
1500 1749 1714 1787 cursum
1760 1742 1814 1787 et
1851 1733 2090 1787 ordinem

507 1824 795 1893 impleant;
824 1833 878 1878 et
907 1834 1185 1894 postquam
1218 1823 1317 1892 ipsi
1347 1823 1770 1878 benedictionem
1813 1833 1935 1877 sunt
1965 1838 2094 1876 con-

509 1916 742 1982 sequuti,
771 1915 1058 1983 donatique
1100 1915 1319 1984 pristina
1350 1930 1512 1983 super
1552 1914 1704 1968 bruta
1736 1916 1911 1969 omnia
1941 1924 2096 1984 pote-

507 2013 666 2068 state,
698 2019 762 2058 ac
799 2005 1036 2057 caruiqu
1079 2020 1171 2058 esu
1199 2020 1386 2059 secure
1433 2006 1715 2074 permisso,
1748 2014 1871 2058 tunc
1900 2005 2093 2074 inquit,

524 2093 874 2148 Verumtamen
899 2110 1101 2148 carnem
1129 2095 1182 2148 in
1229 2097 1476 2164 sanguine
1503 2101 1687 2149 animo:
1711 2113 1773 2150 ne
1799 2097 2098 2150 comedetis.

512 2184 698 2237 Vidisti
725 2185 991 2253 quomodo
1037 2187 1183 2254 prius
1217 2187 1540 2254 benignitate
1567 2204 1630 2242 ac
1675 2187 1924 2244 ineffabili
1957 2189 2096 2243 libe-

513 2275 723 2328 ralitate
776 2277 959 2340 utitur,
1015 2287 1069 2331 et
1121 2285 1246 2332 tunc
1295 2279 1509 2334 demum
1566 2280 1837 2349 prmcipit?
1888 2279 2098 2332 tametsi

515 2381 800 2434 numquam
849 2367 987 2421 istud
1028 2369 1166 2422 inter
1198 2369 1441 2423 homines
1473 2369 1585 2422 ﬁeri
1625 2369 1819 2424 soleat.
1848 2368 2102 2422 llomines

513 2458 656 2508 enim
686 2459 912 2525 primum
940 2460 1122 2513 volunt
1151 2475 1235 2521 ea,
1254 2475 1374 2528 qua:
1405 2460 1740 2528 praecipiunt,
1767 2471 1930 2526 opere
1957 2473 2104 2511 com-

518 2548 675 2616 pleri,
707 2563 925 2618 eosque,
948 2551 1036 2619 qui
1069 2550 1314 2604 mamlata
1343 2551 1614 2619 excipiunt
1641 2560 1694 2604 et
1717 2559 2100 2619 exsequuntur,

519 2655 765 2709 magnam
791 2641 1046 2697 exhibere
1075 2643 1524 2709 benevolentiam,
1552 2659 1617 2697 ac
1643 2652 1767 2696 tunc
1794 2644 1974 2712 utique
2013 2659 2105 2696 co-

519 2731 690 2798 gilant
716 2730 784 2785 de
814 2733 1219 2787 remunerandis
1262 2733 1327 2787 iis
1353 2733 1444 2802 qui
1489 2734 1708 2787 multam
1746 2732 2104 2788 obedientiam

521 2834 630 2886 pne
671 2833 731 2874 se
761 2819 998 2875 tulerint.
1027 2821 1222 2876 Contra
1255 2837 1382 2876 vero
1408 2824 1705 2877 communis
1731 2824 1964 2877 omnium
1998 2823 2104 2877 Do-

521 2911 699 2963 minus
731 2928 745 2963 :
779 2911 925 2979 prius
953 2914 1095 2966 enim
1143 2912 1424 2977 benefacit,
1455 2923 1509 2966 et
1538 2913 1874 2968 multitudine
1903 2913 2102 2968 benefl-

522 3003 731 3056 ciorum
765 3014 1001 3058 nostram
1044 3015 1287 3059 naturam
1318 3005 1382 3058 ad
1407 3021 1465 3059 se
1503 3005 1687 3068 allicit,
1716 3014 1770 3059 et
1797 3014 1977 3074 postea
2005 3005 2108 3059 im-

520 3105 670 3163 perat
705 3093 875 3148 fat-ilia
903 3105 1062 3164 atque
1091 3096 1246 3158 levia,
1282 3105 1338 3150 ut
1367 3097 1617 3151 facilitate
1656 3097 2028 3152 mandatorum
2057 3106 2112 3152 et

521 3185 791 3239 beneﬁciis
811 3187 1073 3253 prioribus
1084 3188 1318 3250 excitati,
1338 3187 1403 3241 ad
1419 3203 1481 3242 ea
1500 3187 1761 3256 implenda
1777 3188 2107 3242 inducamur.

595 3273 805 3327 Muralis
825 3275 1145 3345 epilogus.——
1160 3276 1236 3330 Ne
1264 3276 1423 3345 igitur
1449 3277 1772 3347 negligentes
1815 3279 2002 3340 simus,
2033 3277 2115 3330 di-

518 3365 664 3430 lecti,
697 3381 866 3434 neque
910 3368 1042 3435 pigri
1091 3367 1155 3422 ad
1199 3367 1445 3422 mandata
1500 3369 1765 3436 implenda
1800 3387 1813 3423 :
1855 3367 2112 3423 beneﬁcia

519 3458 694 3523 priora
711 3457 1022 3526 cogitantes,
1046 3467 1100 3512 et
1119 3457 1489 3512 mandatorum
1515 3457 1842 3523 facilitatem,
1867 3459 2114 3528 przemin-

519 3562 742 3616 rumque
775 3558 892 3615 post
921 3546 1136 3618 impleta
1165 3549 1414 3602 mandata
1443 3550 1758 3619 promissam
1788 3550 2107 3619 magnitudi-

522 3654 643 3692 nem
677 3655 692 3691 :
725 3637 818 3692 sed
858 3638 1155 3708 vigilemus,
1208 3650 1262 3694 et
1308 3639 1623 3696 festinemus
1667 3641 1730 3695 ad
1776 3642 2113 3711 exsequenda

524 3727 773 3781 mandata
799 3742 830 3780 a
863 3729 970 3782 Deo
1001 3728 1154 3782 nobis
1185 3731 1374 3784 tradita
1406 3749 1420 3784 :
1446 3739 1501 3784 et
1528 3746 1596 3785 ne
1623 3731 1951 3786 dimittamus
1981 3734 2113 3798 vias,

528 3832 665 3886 quas
709 3817 776 3872 ad
805 3818 1179 3887 perﬁciendam
1220 3821 1516 3873 animarum
1546 3831 1847 3874 nostrarum
1889 3823 2114 3876 salutem

527 3909 988 3979 pr:escripsit,sed
1019 3920 1258 3979 tempore
1293 3911 1416 3966 vitae
1453 3922 1648 3967 nostra:
1675 3913 1815 3982 quod
1856 3915 2119 3984 reliquum

523 4011 639 4067 est,
667 4001 799 4057 bene
838 4009 1070 4067 utamur,
1101 4013 1156 4058 et
1185 4013 1398 4072 peccata
1435 4003 1732 4070 abluamus,
1773 4014 1826 4060 et
1872 4021 2117 4075 magnam

524 4094 680 4148 nobis
708 4094 953 4150 ﬁduciam
1013 4095 1156 4164 prius
1207 4097 1562 4166 acquiramus,
1595 4097 1931 4168 maximeque
1978 4113 2120 4153 nunc

521 4202 645 4241 cum
676 4187 847 4242 adhuc
870 4187 1080 4244 residua
1109 4196 1191 4242 est
1216 4187 1640 4257 Quadragesimae
1672 4205 1811 4258 pars.

600 4279 655 4333 6.
691 4278 948 4333 Modicum
979 4289 1175 4347 tempus
1199 4280 1378 4349 stt/[icit
1415 4281 1482 4332 ad
1531 4283 1892 4350 paenitendum.
1925 4282 2118 4335 Metilio

533 4370 594 4435 ﬁt
632 4368 696 4420 de
725 4369 1054 4438 confessione.
1083 4397 1152 4408 —
1191 4369 1372 4438 Neque
1401 4370 1542 4422 enim
1573 4385 1767 4439 parvus
1804 4381 1887 4426 est
1911 4371 2117 4427 dierum

540 4472 795 4510 numerus
835 4460 922 4528 qui
969 4467 1177 4524 restat,
1217 4461 1260 4512 si
1313 4459 1643 4514 voluerimus
1695 4475 1982 4532 parumper
2030 4478 2117 4517 re—

535 4547 810 4616 sipiseere.
865 4548 976 4602 lloc
1009 4556 1186 4602 autem
1233 4548 1385 4614 dixi,
1437 4565 1540 4602 non
1594 4550 1733 4618 quod
1757 4551 1927 4605 solum
1971 4560 2118 4606 tanto

533 4648 773 4708 tempore
819 4654 953 4708 Opus
993 4639 1187 4694 habeat
1227 4648 1562 4708 peccatorum
1595 4649 1896 4695 nostrorum
1940 4658 2118 4698 corre-

528 4732 658 4797 ctio,
691 4731 783 4786 sed
815 4735 935 4802 quia
956 4731 1236 4785 Dominum
1259 4731 1516 4786 habemus
1541 4732 1858 4788 clementem
1883 4742 1940 4788 et
1964 4735 2117 4789 beni-

530 4839 690 4892 gnttm
722 4825 810 4893 qui
841 4839 945 4878 non
990 4823 1188 4892 indiget
1221 4824 1388 4877 multo
1419 4832 1695 4892 tempore;
1724 4825 1767 4880 si
1807 4827 1965 4880 modo
1995 4842 2115 4880 cum

531 4931 726 4988 magno
755 4916 961 4972 fervore
989 4926 1043 4971 et
1072 4916 1338 4986 vigilantia
1365 4916 1430 4970 ad
1461 4917 1631 4986 ipsum
1658 4917 1994 4984 accedamus,
2025 4934 2114 4973 re-

530 5009 688 5077 jectis
725 5008 1070 5062 sweularibns
1096 5008 1238 5062 curis
1263 5007 1510 5060 omnibus
1535 5048 1549 5071 ,
1581 5016 1633 5061 et
1662 5022 1894 5076 superno
1918 5008 2116 5063 auxilio

534 5099 664 5152 nixi.
694 5096 824 5150 Nam
868 5105 923 5151 et
965 5095 1210 5150 Ninivita:
1237 5105 1380 5149 tanta
1414 5104 1750 5164 peccatorum
1779 5097 2117 5152 multitudine

531 5191 796 5259 aggravati
823 5231 840 5256 ,
888 5190 1008 5258 quia
1037 5203 1281 5258 magnam
1309 5196 1363 5242 et
1386 5203 1566 5243 veram
1601 5189 1966 5257 paenitentiam
1988 5205 2114 5259 ege-

535 5291 660 5333 runt
708 5279 875 5342 (Jan.
910 5281 962 5332 5.
991 5280 1093 5349 10)
1126 5322 1139 5345 ,
1174 5296 1278 5335 non
1322 5295 1457 5349 opus
1501 5280 1800 5334 habuerunt
1855 5281 2115 5348 ampliore

536 5386 694 5438 quam
717 5371 871 5423 trium
890 5371 1093 5426 dierum
1124 5383 1362 5442 tempore
1386 5371 1450 5427 ad
1483 5373 1872 5441 provocandam
1902 5373 1996 5426 Dei
2024 5372 2118 5427 bo-

537 5460 774 5524 nitatem,
807 5469 862 5513 et
885 5461 1088 5515 irritam
1114 5463 1459 5526 reddendam,
1485 5478 1604 5533 qua:
1629 5462 1908 5518 adversum
1934 5477 1993 5516 se
2014 5462 2116 5516 lata

540 5558 655 5602 erat
677 5589 694 5612 ,
725 5551 1064 5605 sententiam.
1098 5553 1161 5606 Et
1189 5554 1312 5624 quid
1345 5553 1467 5607 dico
1500 5595 1514 5619 ,
1552 5553 1800 5607 Niniviue
1826 5555 1849 5606 ?
1878 5553 2036 5607 Latro
2066 5553 2117 5608 in

544 5654 701 5692 cruce
728 5655 903 5706 neque
933 5658 1038 5695 uno
1059 5644 1144 5696 die
1169 5660 1300 5714 opus
1323 5645 1524 5700 habuit.
1572 5645 1638 5700 Et
1663 5647 1787 5716 quid
1828 5646 1949 5701 dico
1981 5687 1996 5711 ,
2028 5646 2119 5701 die

547 5744 658 5785 uno
671 5730 693 5778 ’ἰ
712 5723 897 5793 Neque
913 5727 1056 5785 brevi
1073 5732 1225 5792 hora.
1250 5735 1426 5794 Tanta
1473 5749 1553 5794 est
1583 5739 1672 5794 Dei
1703 5755 1824 5810 erga
1848 5753 1944 5794 nos
1971 5737 2122 5795 beni-

1230 344 1286 400 S.
1330 342 1606 398 JOANNIS
1643 335 2116 396 CIIRYSOSTDMI
2159 330 2472 389 ARCHIEP.
2515 327 3051 388 CONSTANTINOP.

3646 324 3748 382 με

2178 447 2381 516 gnitasl
2410 446 2540 500 Nam
2560 447 2647 500 ubi
2673 445 2862 500 viderit
2885 443 3168 498 voluntatis
3194 450 3389 497 nostrae
3406 442 3614 496 ﬁrmum
3636 459 3743 513 pre-

2184 539 2412 608 positum
2442 577 2460 603 ,
2507 547 2559 590 et
2587 537 2809 591 ferventi
2833 549 2930 588 nos
2953 533 3220 588 desiderio
3247 531 3312 585 ad
3353 547 3412 588 se
3460 533 3709 588 accedere
3731 573 3750 597 .

2187 643 2296 681 non
2331 628 2540 690 tardat,
2585 642 2755 696 neque
2793 626 2973 680 differt
3000 644 3011 677 :
3037 624 3129 678 sed
3172 624 3432 678 accelerat
3463 666 3479 690 ,
3508 639 3756 694 suamque

2185 722 2392 772 solitam
2424 719 2794 772 liberalitatem
2823 716 3104 779 exhibens,
3134 716 3296 771 dicit:
3330 715 3508 769 Adhuc
3538 717 3754 784 loquente

2189 820 2233 863 te
2254 809 2419 862 dicam
2451 824 2468 861 :
2494 807 2621 862 Ecce
2649 809 2828 860 adsum
2847 806 2998 878 (Isui.
3021 805 3109 861 58.
3142 805 3220 874 9).

2259 897 2442 970 Itaque
2467 899 2809 952 exauditurus
2832 908 2913 952 est
2937 906 2990 951 et
3011 911 3128 962 nos,
3152 897 3194 950 si
3214 896 3538 953 voluerimus
3560 898 3612 950 in
3639 910 3756 966 pau-

2187 992 2265 1047 cis
2287 991 2475 1046 diebus
2507 991 2620 1044 isﬁs
2663 990 2822 1044 studii
2853 989 3121 1058 specimen
3152 989 3414 1058 quoddam
3443 987 3668 1050 afferre,
3711 1001 3760 1042 et

2185 1083 2371 1150 jejunii
2395 1083 2632 1137 subsidio
2656 1097 2760 1136 neu
2781 1082 2947 1145 ahuti,
2963 1093 3120 1150 atque
3134 1095 3354 1134 excussa
3377 1079 3621 1134 socordia
3637 1095 3758 1134 con—

2192 1173 2352 1226 tinuis
2371 1172 2615 1240 precibus
2634 1173 2841 1239 placare
2861 1171 3141 1224 Dominum
3158 1211 3174 1234 ,
3201 1169 3428 1223 fervidus
3449 1170 3756 1238 profundere

2192 1261 2474 1332 lacrymas,
2491 1261 2679 1316 delicta
2705 1271 2880 1315 nostra
2904 1261 3088 1315 sedqu
3113 1260 3372 1326 conﬁteri,
3394 1261 3543 1329 quasi
3567 1260 3762 1314 medico

2195 1369 2490 1421 proponere
2518 1363 2695 1406 nostra
2729 1353 2964 1414 vulnera,
2989 1359 3042 1404 et
3064 1351 3360 1404 animarum
3389 1351 3565 1405 ulcera
3591 1351 3760 1405 decla-

2196 1461 2314 1499 rare
2343 1487 2356 1508 ,
2385 1461 2484 1499 nec
2511 1446 2744 1514 abjicere
2773 1459 2930 1515 quam
2951 1444 3036 1497 ille
3063 1443 3153 1497 dat
3179 1443 3518 1507 medicinam,
3546 1458 3643 1497 nec
3667 1457 3761 1497 non

2195 1545 2248 1590 et
2275 1537 2376 1590 alia
2415 1552 2533 1606 qua:
2572 1551 2600 1589 a
2641 1536 2792 1590 nobis
2822 1536 3106 1604 exiguntur
3134 1533 3324 1587 afferre
3355 1551 3369 1589 :
3403 1535 3764 1588 eontritionem

2196 1626 2393 1689 cordis,
2415 1628 2878 1694 compunctionem
2905 1642 3104 1691 veram,
3134 1627 3330 1694 largam
3354 1626 3764 1695 eleemosynam;

2197 1719 2506 1774 affectiones
2532 1736 2649 1789 qua:
2682 1728 2913 1773 mentem
2945 1727 3176 1772 nostram
3216 1718 3573 1772 interturbant
3612 1718 3764 1772 refre-

2199 1826 2346 1876 nare,
2374 1820 2425 1866 ct
2451 1827 2516 1865 ex
2546 1812 2718 1864 anima
2747 1810 3056 1874 eliminare;
3087 1811 3154 1864 ita
3187 1817 3246 1864 ut
3274 1825 3448 1880 neque
3475 1810 3765 1864 divitiarum

2199 1903 2487 1972 cupiditate
2515 1919 2909 1973 expugnemur,
2938 1919 3109 1971 neque
3148 1902 3368 1972 injurias
3406 1904 3581 1957 illatas
3606 1903 3764 1956 vindi-

2200 2010 2322 2048 care
2348 1994 2624 2061 cupiamus
2649 2036 2661 2056 ,
2689 2009 2860 2064 neque
2890 1992 3152 2047 hostiliter
3182 1995 3232 2046 in
3274 1994 3575 2062 proximum
3614 1994 3772 2048 allecti

2201 2087 2388 2141 simus.
2416 2085 2559 2140 Nihil
2583 2086 2748 2150 enim,
2779 2085 2908 2139 nihil
2933 2087 3112 2155 utique
3137 2087 3372 2138 omnium
3403 2085 3544 2140 Dens
3575 2086 3643 2140 ita
3674 2084 3774 2139 odit

2200 2186 2254 2232 et
2275 2187 2566 2244 aversatur,
2593 2186 2653 2232 ut
2679 2177 2946 2231 hominem
2969 2177 3183 2231 ultionis
3202 2176 3438 2242 avidum,
3462 2178 3588 2233 etin
3610 2177 3776 2231 animo

2202 2282 2300 2320 suo
2329 2278 2609 2335 perpetuas
2636 2265 2893 2321 adversus
2930 2267 3228 2335 proximum
3268 2277 3573 2323 servantem
3613 2269 3774 2322 inimi-

2202 2357 2375 2411 citias.
2401 2356 2633 2411 Tantum
2660 2357 2802 2412 enim
2828 2358 2943 2426 ejus
2969 2357 3169 2426 peccati
3199 2356 3451 2411 damnum
3481 2368 3585 2423 est,
3613 2368 3668 2414 ut
3691 2360 3778 2412 mi-

2205 2448 2551 2503 sericordiam
2597 2450 2688 2504 Dei
2731 2459 2986 2511 revocet,
3031 2465 3131 2504 nec
3175 2451 3348 2505 locum
3394 2450 3594 2506 habere
3631 2453 3774 2506 sinat.

2205 2538 2358 2607 Quod
2387 2549 2446 2594 ut
2471 2541 2672 2606 sciatis,
2698 2542 3056 2611 evangelicam
3086 2541 3239 2596 vobis
3267 2542 3572 2610 parabolam
3599 2544 3776 2610 refero,

2205 2630 2475 2699 quomodo
2507 2630 2597 2686 ille
2626 2631 2810 2686 decem
2851 2632 3072 2686 millium
3105 2632 3422 2687 talentorum
3451 2634 3679 2699 debitor,
3708 2650 3780 2689 re-

2209 2721 2516 2778 missionem
2534 2724 2770 2777 omnium
2787 2740 2815 2776 a
2829 2721 3044 2778 domino
3065 2733 3423 2794 consequutus
3443 2726 3535 2787 sit,
3553 2727 3776 2796 procidit,

2209 2822 2264 2867 et
2292 2814 2485 2868 oravit.
2530 2813 2879 2868 Misericordia
2918 2814 3060 2868 enim
3101 2825 3294 2879 motus,
3332 2816 3538 2884 inquit,
3567 2817 3782 2870 dominus

2211 2905 2319 2974 ejus
2340 2945 2356 2970 ,
2389 2907 2537 2958 etiam
2563 2903 2778 2958 debitum
2806 2905 2852 2958 ei
2880 2906 3068 2960 remisit
3098 2904 3307 2974 (Matth.
3344 2907 3427 2959 18.
3461 2907 3578 2976 27).
3611 2908 3781 2962 Vidisti

2213 2996 2628 3050 misericordiam
2651 2996 2892 3051 domini?
2918 2997 3011 3052 Ille
3039 2998 3282 3066 procidit,
3306 3009 3358 3052 et
3388 3001 3592 3069 rigavit.
3621 3013 3672 3054 ut
3692 3001 3783 3055 len-

2211 3087 2327 3155 gius
2357 3087 2457 3142 sibi
2484 3096 2690 3156 tempus
2718 3089 3087 3156 praefiniretur.
3122 3088 3426 3142 Patientiam
3452 3092 3583 3145 habe
3606 3093 3658 3146 in
3684 3108 3781 3156 me,

2216 3177 2414 3246 inquit,
2447 3187 2492 3231 et
2517 3179 2685 3232 omnia
2711 3178 2800 3232 tibi
2822 3180 3050 3234 reddam.
3082 3179 3185 3236 Sed
3215 3179 3386 3234 bonus
3410 3182 3677 3247 dominus,
3706 3183 3784 3236 mi-

2215 3269 2444 3323 sericors
2466 3310 2481 3333 ,
2511 3269 2785 3339 nostrique
2813 3285 2994 3324 curam
3021 3284 3183 3340 agens
3203 3313 3216 3334 ,
3246 3271 3468 3340 supplici
3501 3273 3750 3342 pr0pitius
3769 3313 3784 3337 ,

2217 3378 2320 3416 non
2364 3363 2532 3417 solum
2573 3373 2826 3433 quantum
2858 3365 3032 3432 petiit,
3065 3363 3158 3419 sed
3187 3374 3440 3435 quantum
3476 3382 3547 3420 ne
3574 3367 3786 3436 cogitare

2217 3454 2431 3522 quidem
2474 3469 2634 3509 ausus
2664 3454 2796 3521 fuit,
2828 3455 2992 3510 dedit.
3025 3455 3073 3510 ls
3103 3456 3247 3511 enim
3289 3456 3404 3526 ejus
3447 3471 3566 3512 mos
3600 3467 3710 3520 est,
3739 3466 3786 3510 ut

2219 3545 2431 3608 vincat,
2467 3554 2522 3600 et
2561 3546 2855 3616 prmveniat
2895 3546 3176 3616 petitiones
3216 3557 3445 3601 nostras.
3494 3547 3589 3602 Illo
3628 3549 3786 3617 itaque

2220 3644 2406 3689 orante
2433 3644 2493 3690 ut
2516 3637 2853 3691 severitatem
2883 3637 3126 3692 dominus
3157 3638 3480 3701 remitteret,
3507 3649 3565 3694 et
3590 3640 3787 3710 promit-

2222 3733 2365 3780 tente
2391 3726 2686 3780 soluturum
2717 3743 2775 3782 se
2799 3729 2997 3792 omnia,
3033 3727 3279 3784 dominus
3308 3730 3542 3785 bonitate
3568 3745 3660 3786 sua
3689 3729 3790 3784 vin-

2221 3830 2348 3870 cens
2370 3825 2546 3870 nostra
2573 3817 2786 3883 delicta,
2818 3819 3180 3875 misericordia
3207 3830 3399 3885 motus,
3429 3821 3633 3876 dimisit
3659 3835 3788 3885 eum,

2221 3905 2566 3977 debitumque
2596 3917 2761 3962 totum
2787 3910 2835 3964 ei
2863 3910 3084 3964 remisit.
3117 3910 3302 3966 Vidisti
3330 3911 3454 3979 quid
3482 3928 3669 3966 servus
3686 3927 3790 3965 ora-

2223 3999 2377 4064 verit,
2401 4007 2454 4052 et
2474 4009 2724 4068 quantum
2745 4000 2794 4055 ei
2816 3999 3063 4054 dominus
3081 4000 3377 4056 dimiserit?
3400 4003 3523 4056 Vide
3544 4019 3578 4058 e
3599 4003 3790 4057 diverso

2223 4098 2278 4145 et
2318 4091 2458 4145 servi
2501 4092 2833 4146 insolentiam
2865 4107 3029 4147 zeum
3073 4092 3294 4148 deberet
3331 4095 3471 4148 enim
3496 4092 3788 4150 secundum

2224 4191 2425 4239 tantam
2451 4183 2830 4252 benignitatem
2853 4195 2905 4239 et
2932 4184 3247 4239 ineffabilem
3279 4185 3676 4241 beneﬁcentiam
3701 4185 3789 4240 sibi

2223 4276 2532 4340 exhibitam,
2564 4287 2616 4330 et
2643 4277 2754 4346 ipse
2779 4293 2903 4346 erga
2932 4279 3227 4347 proximum
3257 4279 3393 4335 bene
3418 4279 3640 4335 affectus
3661 4295 3787 4342 esse,

2223 4370 2492 4424 contrario
2523 4385 2740 4438 prorsus
2765 4370 2924 4425 modo
2950 4386 3008 4425 se
3032 4373 3214 4440 gessit.
3241 4370 3486 4442 Egressus
3508 4374 3650 4426 enim
3673 4413 3687 4435 ,
3716 4372 3788 4425 in-

2223 4463 2336 4532 quit
2360 4504 2375 4527 ,
2404 4463 2489 4516 ille
2517 4462 2536 4532 (
2563 4461 2640 4515 Ib.
2666 4479 2712 4516 υ.
2741 4463 2810 4517 28
2831 4461 2867 4533 ),
2897 4463 2986 4531 qui
3017 4461 3199 4517 decem
3237 4463 3456 4517 millium
3488 4462 3790 4518 talentorum

2225 4553 2592 4608 remissionem
2623 4563 2938 4622 assequutus
2979 4561 3112 4607 erat.
3140 4552 3362 4618 Audite,
3392 4553 3615 4608 obsecro
3639 4593 3653 4616 ,
3678 4551 3790 4606 dili-

2223 4655 2410 4711 genter
2436 4661 2448 4696 :
2477 4659 2596 4712 qua!
2621 4643 2694 4696 illi
2722 4643 3050 4706 acciderunt,
3073 4642 3335 4698 sufﬁciunt
3357 4643 3421 4698 ad
3443 4642 3792 4713 corripiendas

2225 4735 2430 4789 animas
2461 4745 2668 4788 nostras
2687 4775 2702 4799 ,
2731 4747 2786 4788 et
2814 4734 2879 4787 ad
2915 4733 3338 4803 persuadendum
3369 4743 3425 4788 ut
3451 4735 3661 4788 tollatur
3685 4748 3792 4802 gra-

2223 4829 2303 4880 vis
2339 4826 2425 4880 ille
2468 4826 2689 4879 morbus
2730 4840 2760 4878 e
2799 4835 2977 4880 mente
3016 4835 3216 4880 nostra.
3247 4825 3347 4879 Hic
3375 4826 3565 4896 igitur,
3594 4825 3790 4894 inquit,

2221 4933 2451 4990 egressus
2486 4919 2671 4972 invenit
2710 4934 2867 4970 unum
2895 4934 2920 4970 e
2948 4919 3197 4972 conservis
3240 4919 3343 4972 suis
3365 4959 3381 4984 ,
3413 4919 3499 4987 qui
3533 4917 3728 4970 debebat
3753 4915 3794 4968 ei

2223 5019 2420 5062 centu-ia
2454 5009 2708 5064 denarios.
2743 5006 2876 5062 Vide
2903 5017 3157 5078 quantum
3189 5009 3426 5063 interest.
3468 5009 3562 5064 llic
3587 5021 3792 5064 conser-

2227 5117 2319 5154 ves
2353 5098 2584 5153 debebat
2619 5108 2833 5153 centum
2865 5097 3112 5154 denarios
3132 5141 3145 5164 ,
3177 5098 3283 5154 illic
3308 5100 3555 5154 dominus
3579 5107 3691 5152 erat
3713 5094 3790 5166 qui

2227 5190 2497 5258 repetebat
2525 5189 2707 5244 decem
2736 5190 2899 5244 millia
2928 5190 3244 5244 talentorum
3272 5207 3284 5242 :
3314 5190 3654 5244 nihilominus
3682 5187 3793 5258 quia

2227 5281 2356 5334 vidit
2382 5280 2768 5349 supplicantem
2791 5290 2843 5333 et
2867 5291 3128 5347 orantem,
3156 5281 3372 5335 dimisit.
3400 5283 3468 5335 At
3493 5287 3588 5335 iste
3610 5278 3795 5346 Appre-

2229 5373 2438 5424 liensum
2466 5387 2662 5424 seruum
2685 5370 2966 5437 sn/Iowbat
2985 5413 2997 5433 ,
3029 5371 3199 5425 dicens
3227 5387 3244 5424 :
3273 5370 3447 5426 Redde
3474 5372 3592 5424 mihi
3615 5371 3658 5423 si
3685 5367 3796 5440 quid

2227 5462 2392 5516 debes.
2421 5462 2555 5530 Quid
2599 5463 2786 5532 igitur?
2821 5460 3132 5526 Procidens,
3163 5463 3363 5532 inquit,
3403 5477 3661 5517 conm-vus
3696 5460 3796 5530 ejus

2228 5552 2390 5622 (Ibid.
2421 5569 2468 5607 υ.
2497 5552 2614 5622 29).
2641 5551 2773 5606 Vide
2797 5553 3064 5622 quomodo
3091 5553 3312 5608 subinde
3339 5555 3654 5624 evangelista
3681 5565 3794 5604 ver-

2229 5649 2375 5714 bum,
2407 5645 2706 5710 Conservns,
2732 5655 2923 5708 versat,
2953 5663 3058 5701 non
3095 5655 3312 5711 temere,
3342 5648 3436 5702 sed
3466 5655 3521 5701 ut
3545 5647 3796 5710 discamus

2232 5738 2348 5792 illos
2384 5753 2540 5807 pares
2565 5737 2784 5793 omnino
2815 5734 2977 5792 fuisse
3034 5737 3404 5795 Verumtamen
3445 5749 3724 5794 conservus
3752 5732 3794 5788 ei
