4078 6422
283 403 397 460 247

290 518 395 574 καί
428 519 835 586 πληθύνεσθε,
863 522 961 578 καί
982 525 1342 594 πληρώσατε
1368 528 1484 597 τὴν
1511 528 1649 599 γῆν,
1674 525 1773 580 καί
1800 538 1968 578 καταο

288 609 650 675 κυριεύσατε
678 610 870 681 αὐτῆς
893 630 907 645 ο
938 614 1035 685 οὐχ
1068 615 1253 681 ἁπλῶς
1282 612 1455 681 εἶπεν,
1494 618 1680 686 Ὑμεῖς
1706 618 1794 683 δὲ,
1835 616 1971 671 ἀλλά

294 698 582 770 μονονουχὶ
602 698 798 767 λέγων,
835 702 992 771 ὑμεῖς
1019 705 1068 757 οἱ
1109 705 1300 774 ὀλίγοι,
1326 709 1375 760 οί
1405 708 1758 780 εὐαρίθμητοι
1791 711 1968 764 πᾶσαν

294 784 394 855 τήν
427 787 532 854 γῆν
581 786 930 858 πληρώσατε,
983 791 1076 846 καὶ
1105 794 1570 866 κατακυριεύσατε
1600 797 1791 867 αὐτῆς,
1823 796 1968 851 τοῦτ’

294 871 436 962 ἐστι,
469 872 781 962 τὴνάρχὴν
808 875 980 947 ἔχετε,
1010 879 1105 932 κα)⁸
1152 881 1250 953 τὴν
1283 882 1548 949 ἐξουσίαν,
1584 884 1678 937 καὶ
1707 884 1804 955 τὴν
1830 884 1967 962 ἀπό-

289 960 502 1017 λαυσιν.
536 961 679 1034 Ὅρα
703 981 791 1033 μοι
817 965 952 1018 Θεοῦ
974 966 1401 1039 φιλανθρωπίαν,
1433 970 1551 1035 πῶς
1581 960 1854 1042 πρότερον
1881 989 1971 1042 με-

289 1051 465 1118 γάλας
498 1051 596 1115 τάς
622 1053 940 1124 εὐεργεσίας
977 1057 1345 1129 δωρούμενος,
1378 1059 1499 1113 τότε
1542 1060 1637 1113 καὶ
1680 1059 1844 1131 νόμον
1874 1062 1969 1114 καὶ⁵

290 1138 511 1208 ἐντολὴν
543 1140 743 1194 δίδωσι.
789 1144 898 1197 Kal
936 1145 1183 1216 καθάπερ
1226 1147 1318 1200 ἐπὶ
1348 1146 1442 1201 τοῦ
1486 1147 1690 1218 Ἀδάμ,
1738 1148 1874 1218 μετά
1904 1148 1968 1201 τὸ

289 1227 679 1298 ἐγκατοικῆσαι
713 1242 739 1270 ⁸
766 1231 824 1283 ἐν
847 1232 924 1302 τῷ
956 1233 1282 1304 παραδείσῳ,
1307 1236 1402 1288 καὶ
1429 1234 1527 1305 τὴν
1550 1234 1816 1304 τοσαύτην
1836 1236 1964 1289 ἀπό-

286 1314 481 1368 λαυσιν
504 1315 830 1388 χαρίσασθαι
859 1359 875 1383 ,
919 1321 1043 1375 τότε
1075 1322 1176 1391 τὴν
1208 1323 1417 1395 ἀποχὴν
1443 1321 1537 1376 τοῦ
1577 1322 1733 1390 ξύλου
1764 1325 1963 1378 ἐνετεί-

287 1403 422 1457 λατο
439 1421 452 1434 ·
477 1403 617 1457 οὕτω
642 1406 734 1459 καὶ
765 1408 997 1463 ἐνταῦθα
1028 1411 1165 1480 μετὰ
1189 1411 1249 1464 τὸ
1275 1411 1604 1483 ὑποσχέσθαι
1637 1413 1835 1483 μηκέτι
1853 1430 1964 1466 τοι·

287 1492 463 1563 αύτην
489 1495 712 1562 ἐπάξειν
740 1498 1134 1569 πανωλεθρίαν,
1158 1500 1293 1571 μηδέ
1312 1500 1685 1572 ἀγανάκτησιν
1711 1502 1966 1571 τοιαύτην

285 1580 676 1648 ἐπιδείξασθαι,
714 1582 848 1637 ἀλλά
897 1584 1132 1656 ἀκίνητα
1183 1586 1344 1657 μέχρι
1391 1589 1490 1658 τῆς
1537 1587 1840 1651 συντελείας
1870 1589 1964 1659 ἐᾷν

288 1667 511 1723 ἅπαντα
533 1669 603 1723 τά
630 1674 868 1741 στοιχεῖα
888 1670 1184 1741 διαμένειν,
1217 1674 1447 1727 ἕκαστον
1488 1675 1578 1729 τὸν
1623 1664 1821 1729 οἰκεῖον
1845 1676 1966 1747 δρό-

291 1772 396 1826 μον
428 1756 524 1810 καὶ
544 1756 641 1827 τὴν
672 1758 879 1812 οἰκείαν
911 1757 1067 1824 τάξιν
1087 1760 1508 1832 ἀποπληροῦντα
1530 1801 1545 1825 ,
1596 1764 1691 1817 καὶ
1717 1762 1965 1833 εὐλογίας

285 1845 487 1908 αὐτοὺς
508 1844 762 1910 ἀξιῶσαι.
801 1847 894 1900 καὶ
921 1847 1019 1918 τὴν
1053 1847 1286 1919 ἀρχαίαν
1321 1848 1571 1915 ἐξουσίαν
1617 1851 1962 1922 δωρήσασθαι

283 1929 388 1999 τὴν
413 1930 555 1984 κατά
576 1930 686 1983 τῶν
716 1931 924 1998 ἀλόγων
946 1934 1226 2000 ἁπάντων,
1252 1936 1345 1988 καὶ
1369 1938 1470 2006 τῆς
1496 1938 1844 2006 κρεωφαγίας
1863 1938 1962 2009 τὴν

283 2016 474 2071 ἄδειαν
526 2022 847 2089 παρασχεῖν,
901 2021 1022 2073 τότε
1055 2022 1211 2091 φησὶ,
1245 2022 1420 2088 Πλὴν
1447 2022 1625 2090 κρέας
1654 2024 1725 2077 ἐν
1760 2026 1961 2093 αἵματι

282 2103 497 2173 ψυχῆς
514 2107 586 2158 οὺ
612 2104 894 2175 φάγεσθε.
931 2103 1083 2170 Εἶδες
1118 2108 1235 2171 πῶς
1268 2109 1533 2180 πρότερον
1562 2111 1840 2179 εὐεργετεί
1866 2112 1960 2166 καὶ

280 2192 389 2257 τὴν
410 2192 720 2264 φιλοτιμίαν
745 2194 949 2263 ἄφατον
967 2195 1369 2259 ἐπιδείκνυται,
1387 2198 1481 2251 καὶ
1507 2199 1629 2251 τότε
1658 2200 1956 2265 ἐπιτάττει;

283 2280 464 2334 καίτοι
494 2296 558 2348 γε
582 2281 669 2334 ἐπ’
694 2282 997 2353 ἀνθρώπων
1032 2284 1132 2337 οὐκ
1172 2283 1237 2338 ἀν
1269 2300 1398 2337 ποτε
1443 2283 1600 2338 τοῦτο
1644 2286 1872 2353 γένοιτο.
1899 2289 1961 2341 UE

280 2366 399 2438 γὰρ
425 2368 702 2439 ἄνθρωποι
732 2370 997 2441 πρότερον
1024 2370 1306 2440 βούλονται
1340 2372 1407 2426 τὰ
1443 2374 1575 2443 παρ’
1608 2374 1815 2427 ἑαυτῶν
1843 2377 1963 2429 ἐπι-

279 2454 591 2524 ταττόμενα
637 2458 717 2520 είς
756 2456 915 2528 ἔργον
943 2457 1193 2527 ἐκϐῆναι,
1232 2459 1328 2513 καὶ
1359 2459 1558 2531 πολλὴν
1590 2460 1960 2525 ἐπιδείξασθαι

280 2540 386 2610 τὴν
431 2540 643 2597 εὖνοιαν
695 2544 821 2606 τοὺς
866 2542 938 2597 τά
964 2545 1313 2616 ἐπιτάγματα
1370 2546 1714 2616 δεχομένους,
1748 2548 1841 2602 καὶ
1863 2548 1962 2619 τὴν

280 2627 488 2682 τούτων
504 2630 851 2701 ἐκπλήρωσιν
878 2632 1256 2702 ποιουμένους,
1286 2634 1382 2686 καὶ
1412 2635 1533 2688 τότε
1566 2633 1676 2705 ἀρα
1702 2636 1962 2705 ἀμείϐεσ-

282 2716 378 2769 θαι
411 2716 535 2781 τοὺς
556 2716 757 2788 πολλὴν
786 2718 883 2790 τὴν
924 2720 1167 2791 ὑπακοὴν
1216 2720 1678 2791 ἐπιδειξαμένους.
1724 2724 1849 2777 Ἐπὶ
1902 2724 1959 2777 δέ

278 2801 379 2856 τοῦ
438 2806 621 2859 κοινοῦ
679 2807 897 2861 πάντων
956 2808 1226 2861 Δεσπότου
1266 2808 1328 2861 τὸ
1367 2809 1608 2863 ἐναντίον
1629 2828 1643 2842 ·
1698 2811 1960 2883 πρότερον

278 2889 563 2960 εὐεργετεῖ
582 2891 676 2945 καλ⁵
706 2892 785 2964 τῷ
814 2893 1009 2966 πλήθει
1050 2895 1157 2949 τῶν
1189 2895 1517 2965 εὐεργεσιῶν
1549 2897 1834 2965 ἐφέλκεται
1862 2898 1960 2971 τὴν

278 2978 557 3048 ἡμετέραν
598 2978 780 3046 φύσιν,
816 2980 912 3034 καὶ
944 2982 1063 3035 τότε
1098 2982 1275 3051 κοῦφα
1303 2983 1399 3036 καὶ
1455 2982 1612 3053 ῥᾴδια
1661 2983 1957 3045 ἐπιτάττει,

278 3064 373 3118 ἵνα
408 3065 501 3118 καὶ
527 3067 593 3136 τῇ
622 3064 842 3138 εὐκολίᾳ
872 3067 983 3120 τῶν
1023 3068 1413 3138 ἐπιταγμάτων
1448 3069 1541 3122 καὶ
1562 3071 1685 3132 ταῖς
1711 3069 1958 3141 παραλα-

279 3150 507 3214 ϐούσαις
538 3153 879 3224 εὐεργεσίαις
928 3154 1379 3226 διεγηγερμένοι,
1428 3155 1567 3228 πρὸς
1609 3157 1710 3229 τὴν
1754 3159 1958 3212 τούτων

278 3238 625 3309 ἐπειχθῶμεν
655 3240 1025 3311 ἐκπλήρωσιν.

349 3326 444 3397 Μὴ
468 3326 645 3380 τοίνυν
675 3327 1009 3400 ρᾳθυμῶμεν
1033 3368 1049 3394 ,
1100 3330 1396 3399 ἀγαπητοὶ,
1432 3331 1569 3401 μηδὲ
1611 3332 1957 3404 ὀκνηρότεραι

275 3412 563 3485 γινώμεθα
594 3414 722 3483 περὶ
744 3414 844 3487 τὴν
877 3416 1125 3488 ὑπακοὴν
1148 3416 1259 3469 τῶν
1292 3418 1714 3488 ἐπιταχθέντων,
1739 3421 1834 3474 καὶ
1859 3419 1958 3484 τὰς

277 3500 704 3572 παραλαϐούσας
754 3502 1075 3573 εὐεργεσίας
1106 3502 1470 3574 λογιζόμενοι,
1513 3507 1608 3559 καὶ
1631 3506 1739 3559 τῶν
1768 3509 1958 3562 ἐπιτα-

275 3588 506 3658 γμάτων
524 3586 622 3659 τὴν
641 3588 910 3653 εὐκολίαν,
936 3590 1031 3643 καὶ
1062 3589 1169 3643 τῶν
1192 3591 1539 3660 ἐπαγγελιῶν
1563 3593 1671 3646 τῶν
1700 3595 1839 3665 μετὰ
1858 3594 1956 3666 τὴν

278 3675 629 3746 ἐκπλήρωσιν
659 3677 791 3747 ἡμῖν
817 3678 1264 3748 τεταμιευμένων
1296 3678 1357 3732 τὸ
1390 3679 1621 3750 μέγεθος
1642 3698 1659 3714 ο
1693 3681 1830 3736 ἀλλά
1861 3684 1957 3754 νή-

276 3779 470 3833 φωμεν
501 3763 594 3817 καὶ
623 3764 749 3835 περὶ
776 3763 873 3833 τὴν
905 3764 1170 3834 ἐργασίαν
1199 3765 1518 3837 σπεύδωμεν
1545 3767 1657 3821 τῶν
1688 3768 1839 3839 παρὰ
1860 3770 1955 3823 τοῦ

274 3846 413 3901 Θεοῦ
440 3848 739 3919 δεδομένων
765 3850 899 3921 ἡμῖν
927 3849 1190 3916 ἐντολῶν,
1223 3850 1320 3905 καὶ
1353 3851 1453 3915 τάς
1480 3852 1650 3918 ὀδοὺς,
1678 3852 1744 3918 ἀς
1768 3854 1956 3925 ἐχαρί-

275 3951 411 3987 σατο
440 3938 505 4005 τῇ
539 3934 786 4006 ἡμετέρᾳ
810 3936 970 4005 φύσει
1001 3937 1137 4008 πρὸς
1165 3937 1265 4007 τὴν
1289 3939 1397 3991 τῶν
1426 3937 1613 4008 ψυχῶν
1644 3940 1801 4009 ἡμῶν
1832 3957 1958 3993 συν⁴

271 4019 538 4085 τελούσας
587 4022 881 4091 σωτηρίαν,
933 4022 1007 4093 μή
1035 4023 1513 4094 ἀποπεμψώμεθα,
1540 4024 1677 4078 ἀλλά
1713 4025 1790 4096 τῷ
1821 4027 1954 4080 ὐπο-

271 4108 581 4179 λειπομένῳ
606 4108 706 4179 τῆς
742 4108 888 4179 ζωῆς
913 4108 1070 4180 ἡμῶν
1094 4109 1271 4181 χρόνῳ
1302 4112 1382 4173 είς
1428 4110 1546 4165 δέον
1594 4112 1949 4183 χρησάμενοι,

273 4196 377 4250 καὶ
422 4197 491 4249 τά
526 4195 889 4268 ἡμαρτημένα
921 4195 1339 4266 ἀπονιψώμεθα,
1388 4196 1483 4249 καὶ
1508 4197 1710 4268 πολλὴν
1742 4199 1955 4263 ἐαυτοῖς

275 4281 430 4355 [264]
454 4282 552 4354 τὴν
579 4282 890 4355 παρρησίαν
936 4282 1394 4355 προαποθώμεθα,
1447 4284 1542 4337 καὶ
1574 4285 1809 4355 μάλιστα
1836 4286 1952 4353 νῦν,

272 4371 353 4435 ώς
383 4370 461 4423 ἐτι
489 4370 749 4444 ἐνέστηκε
772 4369 832 4425 τὸ
864 4370 1183 4442 λειπόμενον
1203 4371 1304 4442 τῆς
1332 4370 1491 4440 ἁγίας
1514 4378 1954 4447 τεσσαρακοστῆς

351 4545 427 4610 ς’.
465 4545 598 4598 Οὐδὲ
637 4545 746 4618 γάρ
776 4546 956 4615 ὀλίγος
994 4546 1143 4600 ἐστὶν
1176 4547 1205 4599 6
1244 4545 1352 4599 τῶν
1381 4544 1605 4616 ἡμερῶν
1648 4545 1880 4617 ἀριθμὸς
1925 4550 1954 4602 ὀ

274 4632 719 4703 ὑπολειπόμενος,
750 4634 797 4686 εί
828 4632 1222 4704 βουληθείημεν
1248 4632 1441 4703 μικρὸν
1466 4631 1758 4701 ἀνανῆψαι.
1784 4634 1954 4687 Τοῦτο

271 4720 331 4774 δέ
361 4715 534 4785 εἷπον,
575 4721 675 4774 οὐκ
703 4721 891 4792 ἐπειδὴ
918 4720 1176 4774 τοσούτου
1203 4719 1400 4790 χρόνου
1440 4720 1599 4790 μόνον
1640 4720 1809 4773 δεῖται
1845 4721 1953 4774 τῶν

272 4807 681 4880 ἡμαρτημένων
712 4810 842 4880 ἡμῖν
869 4811 903 4879 ἡ
941 4809 1264 4880 διόρθωσις,
1301 4807 1416 4862 ἀλλ’
1455 4807 1642 4879 ἐπειδὴ
1676 4809 1953 4881 Δεσπότην

272 4894 474 4965 ἔχομεν
498 4894 876 4967 φιλάνθρωπον
918 4896 1012 4950 καὶ
1039 4896 1247 4967 ἥμερον
1275 4933 1291 4959 ,
1326 4894 1421 4948 καὶ
1459 4894 1522 4948 οὐ
1559 4894 1731 4948 δεῖται
1760 4896 1951 4967 χρόνου

273 4981 473 5036 πολλοῦ
497 5000 512 5015 ο
540 4984 701 5055 μόνον
722 4982 819 5037 ἐάν
846 4983 987 5055 μετά
1024 4982 1226 5052 πολλῆς
1253 4982 1354 5051 τῆς
1376 4981 1709 5054 θερμότητος
1736 4983 1830 5036 καιὶ
1852 4982 1948 5053 τῆς

273 5069 491 5141 νὴψεως
538 5070 689 5142 αὐτῷ
745 5070 1077 5143 προσίωμεν,
1120 5070 1528 5138 ἀποστήσαντες
1575 5070 1802 5132 ἑαυτοὺς
1844 5068 1951 5123 τῶν

274 5157 624 5229 βεϐιωμένων
677 5159 954 5225 ἁπάντων,
1007 5159 1103 5212 καὶ
1148 5155 1602 5229 προσηλώσαντες
1648 5158 1713 5227 τῇ
1747 5156 1951 5211 ἀνωθεν

274 5247 439 5316 ῥοπῇ.
469 5247 577 5298 Kal
603 5247 713 5317 7&9
754 5247 807 5300 οί
844 5247 1126 5300 Νινευῖται
1158 5243 1398 5314 τοσούτῳ
1438 5241 1633 5313 πλήθει
1665 5243 1952 5314 ἁμαρτιῶν

274 5331 661 5404 βεϐαρημένοι,
683 5333 877 5406 ἐπειδὴ
893 5334 1061 5405 πολλῇ
1080 5332 1174 5387 καὶ
1190 5331 1408 5402 ἀκριϐεῖ
1424 5333 1491 5401 τῇ
1515 5330 1771 5401 μετανοίᾳ
1794 5331 1953 5401 ἐχρή.

276 5435 459 5481 σαντο,
490 5421 590 5473 οὐκ
641 5421 943 5492 ἐδεήθησαν
980 5418 1203 5490 πλέονῆ
1241 5416 1409 5489 τριῶν
1455 5415 1683 5487 ἡμερῶν
1724 5415 1861 5487 πρὸς
1891 5417 1952 5469 τὸ

272 5505 685 5561 ἐκκαλέσασθαι
724 5507 818 5563 τοῦ
849 5506 986 5562 Θεοῦ
1023 5507 1122 5579 τὴν
1173 5504 1509 5577 ἀγαθότητα,
1560 5503 1655 5556 καὶ
1694 5502 1792 5574 τὴν
1830 5506 1954 5557 κατ’

268 5593 455 5649 αὐτῶν
483 5595 853 5667 ἐξενεχθεῖσαν
874 5596 1147 5664 ἀπόφασιν
1189 5594 1391 5664 άκυρον
1428 5593 1726 5662 ἀποφῆναι.
1756 5591 1867 5645 Kal
1896 5595 1949 5645 τί

267 5680 437 5749 λέγω,
464 5684 514 5736 οἱ
543 5683 820 5737 Νινευῖται
846 5700 861 5749 ;
908 5683 970 5737 '0
995 5681 1199 5754 λῃστὴς
1230 5682 1259 5734 6
1286 5680 1382 5733 ἐπὶ
1432 5677 1527 5733 τοῦ
1565 5677 1800 5749 σταυροῦ
1829 5679 1950 5733 οὐδέ

272 5767 408 5837 μιᾶς
437 5769 650 5841 ἡμέρας
674 5768 889 5841 ἐδεήθη.
933 5769 1043 5822 Kal
1077 5768 1131 5822 τί
1163 5767 1311 5837 λέγω
1353 5766 1480 5837 μιᾶς
1520 5763 1771 5835 ῆμέρας;
1816 5765 1949 5819 Οὐδέ

272 5854 537 5924 βραχείας
579 5856 749 5926 ῶρας.
791 5855 1040 5926 Τοσαύτη
1076 5856 1222 5909 ἐστὶν
1250 5856 1284 5925 ἡ
1334 5853 1463 5924 περὶ
1497 5852 1646 5922 ἡμᾶς
1685 5851 1778 5903 τοῦ
1811 5850 1945 5905 Θεοῦ

268 5941 677 6014 φιλανθρωπία.
724 5943 975 5999 Ἐπειδὰν
1000 5944 1107 6015 γὰρ
1135 5944 1226 6023 ἴδη
1245 5943 1336 5995 τὸν
1368 5941 1519 5994 τόνον
1550 5939 1648 6009 τῆς
1675 5939 1947 6009 ἡμετέραις

340 6036 365 6062 ⁸
389 6029 538 6081 Su‘il.
568 6032 693 6094 conj.
717 6029 1057 6093 ἐγκατοικίσαι.

1397 409 1463 469 IN
1501 411 1651 468 CAP.
1720 406 1789 462 IX
1851 405 2096 463 CENES.
2141 406 2374 466 IIOMIL.
2415 406 2630 466 XXVII.

3643 412 3752 473 268

2078 523 2322 595 γνώμης,
2350 525 2445 578 καὶ
2470 523 2621 594 πόθῳ
2653 521 2827 587 ζέοντι
2872 523 3194 594 προσιόντας
3246 526 3279 595 ἡ
3288 526 3417 597 μᾶς,
3446 524 3507 579 οὐ
3545 528 3753 599 μέλλει,

2073 608 2193 663 οὐδέ
2226 611 2586 665 ἀναϐάλλεται
2612 626 2624 643 ·
2655 609 2791 664 ἀλλά
2824 613 3043 681 ταχεῖαν
3075 613 3303 684 παρέχει
3341 614 3440 680 τὴν
3467 615 3597 686 παρ’
3623 616 3753 668 ἐαυ-

2071 695 2167 749 τοῦ
2193 696 2503 768 φιλοτιμίαν
2527 737 2543 762 ,
2573 697 2667 751 καὶ
2696 696 2880 767 λέγει·
2913 699 3035 751 Ἔτι
3076 698 3415 766 λαλοῦντός
3446 717 3563 755 σου
3602 701 3717 769 ἐρῶ
3741 720 3754 733 ο

2086 781 2234 837 Ἰδοὺ
2255 783 2511 854 πάρειμι.
3624 831 3628 835 ι

2146 870 2242 923 Ἂν
2280 871 2460 925 τοίνυν
2492 869 2842 943 βουληθῶμεν
2881 871 2910 912 ι)
2943 873 3038 926 καὶ
3085 875 3246 943 ἡμεῖς
3279 874 3337 926 ἐν
3390 875 3509 937 ταῖς
3540 874 3754 943 ὀλίγαις

2069 957 2307 1028 ἡμέραις
2331 957 2556 1022 ταύταις
2586 960 2819 1030 σπουδήν
2840 976 2960 1013 τινα
2982 958 3373 1026 ἐπιδείξασθαι,
3402 962 3495 1014 καὶ
3515 963 3582 1032 τῇ
3606 979 3720 1031 συμ
3737 994 3749 1003 -

2075 1043 2244 1116 μαχίᾳ
2269 1047 2336 1116 τῇ
2376 1046 2483 1099 ἀπὸ
2504 1044 2605 1117 τῆς
2629 1047 2882 1118 νηστείας
2911 1050 2991 1112 είς
3023 1049 3142 1102 δέον
3166 1048 3494 1120 χρήσασθαι,
3524 1051 3617 1103 καὶ
3652 1050 3752 1121 τὴν

2071 1129 2343 1201 ρᾳθυμίαν
2389 1131 2867 1203 ἀποτιναξάμενοι,
2914 1133 3081 1205 εὐχὰς
3131 1135 3372 1198 ἐκτενεῖς
3421 1137 3750 1207 ποιήσασθαι

2069 1217 2207 1286 πρὸς
2228 1219 2321 1272 τὸν
2349 1221 2646 1292 Δεσπότην,
2676 1221 2885 1292 δάκρυα
2912 1222 3091 1293 θερμά
3124 1223 3399 1294 προχέειν,
3423 1228 3751 1297 κατηγορεῖν

2071 1306 2311 1376 συνεχῶς
2328 1306 2436 1360 τῶν
2460 1308 2597 1378 ἡμῖν
2630 1308 3205 1379 πεπλημμελημένων,
3235 1313 3544 1381 προτιθέναι
3578 1313 3753 1367 καθάο

2069 1408 2175 1464 περ
2210 1394 2379 1466 ἱατρῷ
2432 1395 2499 1449 τά
2528 1396 2770 1468 ἡμέτερα
2820 1396 3129 1467 τραύματα,
3176 1398 3270 1452 καὶ
3314 1398 3382 1453 τά
3428 1402 3529 1471 τῆς
3569 1402 3750 1473 ψυχῆς

2067 1478 2198 1550 ἕλκη
2230 1480 2524 1546 δεικνύναι,
2562 1484 2659 1537 καὶ
2687 1485 2786 1553 τὴν
2820 1487 2947 1555 παρ’
2974 1484 3139 1538 αὐτοῦ
3171 1485 3415 1558 ἰατρείαν
3442 1488 3743 1559 ἐπιζητεῖν,

2067 1567 2163 1620 καὶ
2188 1568 2258 1622 τά
2290 1569 2426 1623 ἄλλα
2451 1571 2519 1623 τὰ
2554 1572 2681 1642 παρ’
2734 1571 2946 1624 ἑαυτῶν
2971 1573 3268 1644 εἰσφέρειν,
3304 1576 3596 1647 συντριϐὴν
3621 1578 3744 1630 δια-

2065 1654 2236 1719 νοίας,
2263 1656 2554 1721 κατάνυξιν
2574 1657 2798 1728 ἀκριϐῆ,
2829 1658 3202 1729 ἐλεημοσύνην
3230 1658 3454 1732 δαψιλῆ,
3486 1660 3554 1717 τά
3585 1663 3746 1717 λοιπά

2066 1742 2215 1813 πάθη
2260 1743 2329 1796 τὰ
2376 1744 2806 1817 διαταράττοντα
2844 1746 2998 1816 ἡμῶν
3041 1746 3134 1800 τδν
3160 1747 3423 1820 λογισμὸν
3470 1750 3742 1820 χαλινοῦν,

2065 1829 2159 1882 καὶ
2216 1829 2480 1901 ἐξορίζειν
2531 1835 2633 1903 τῆς
2656 1833 2936 1904 ἡμετέρας
2962 1833 3160 1905 ψυχῆς,
3199 1836 3292 1888 καὶ
3346 1837 3484 1908 μήτε
3517 1838 3621 1891 ὑπὸ
3644 1838 3748 1908 τῆς

2062 1915 2172 1969 τῶν
2204 1918 2501 1988 χρημάτων
2525 1919 2823 1989 ἐπιθυμίας
2844 1920 3272 1992 πολιορκεῖσθαι,
3306 1925 3442 1994 μήτε
3477 1943 3744 1997 μνησικα-

2064 2005 2179 2056 κεῖν
2202 2004 2337 2074 πρὸς
2357 2006 2484 2068 τούς
2514 2006 2763 2077 πλησίον,
2823 2008 2918 2060 καὶ
2959 2006 3243 2079 ἐχθρωδῶς
3275 2010 3580 2066 διακεῖσθαι
3608 2014 3747 2083 πρὸς

2061 2090 2187 2154 τοὺς
2235 2093 2535 2161 ὁμογενεῖς.
2573 2093 2738 2146 Οὐδὲν
2766 2094 2897 2164 γὰρ,
2935 2094 3085 2148 οὐδὲν
3138 2094 3311 2160 οὕτως
3348 2099 3377 2149 6
3428 2099 3563 2163 Θεὸς
3598 2101 3747 2170 μισεῖ

2061 2176 2156 2229 καὶ
2186 2177 2607 2249 ἀποστρέφεται,
2630 2179 2706 2241 ώς
2735 2179 2828 2232 τὸν
2864 2180 3305 2250 μνησικακοῦντα
3335 2184 3619 2255 ἄνθρωπον
3648 2187 3743 2240 καὶ

2059 2263 2159 2334 τὴν
2191 2263 2389 2334 ἔχθραν
2413 2265 2511 2336 τὴν
2542 2266 2677 2336 πρὸς
2700 2266 2793 2319 τὸν
2821 2267 3049 2338 πλησίον
3092 2269 3185 2320 ἐπὶ
3226 2272 3324 2340 τῆς
3359 2272 3535 2343 ψυχῆς
3561 2272 3741 2344 διηνε-

2060 2350 2172 2413 κῶς
2203 2351 2559 2419 φυλιῖττοντα.
2594 2353 2842 2425 Τοσαύτη
2881 2355 2991 2426 γὰρ
3035 2356 3242 2427 ταύτης
3276 2360 3392 2412 ἐστὶ
3425 2365 3525 2431 τῆς
3563 2362 3742 2434 ἀμαρ-

2059 2436 2178 2501 τίας
2208 2440 2241 2509 ἡ
2266 2438 2432 2509 λύμη,
2459 2440 2540 2492 ὅτι
2574 2440 2667 2492 καὶ
2715 2439 3125 2511 φιλανθρωπίαν
3174 2442 3309 2520 Θεοῦ
3351 2446 3737 2503 ἀνεκαλέσατο.

2059 2525 2170 2577 Kal
2200 2526 2287 2579 ἵνα
2316 2525 2546 2596 μάθητε,
2576 2526 2888 2598 ὑπομνῆσαι
2912 2528 3056 2599 ὑμᾶς
3084 2530 3347 2602 βούλομαι
3372 2534 3472 2603 τῆς
3500 2536 3744 2607 παραϐοο

2058 2611 2158 2683 λῆς
2184 2615 2283 2684 τῆς
2317 2613 2373 2666 ἐν
2399 2609 2477 2681 τῷ
2498 2612 2817 2685 Εὐαγγελίῳ
2849 2616 3129 2687 κειμένης,
3166 2618 3313 2682 ὅπως
3344 2622 3545 2684 ἐκεῖνος
3576 2624 3604 2674 6
3631 2622 3744 2676 τῶν

2062 2699 2274 2770 μυρίων
2299 2699 2580 2755 ταλάντων
2612 2702 2711 2772 τὴν
2748 2702 3091 2775 συγχώρησιν
3131 2704 3424 2773 δεξάμενος
3453 2708 3604 2778 παρὰ
3644 2710 3742 2763 τοῦ

2058 2785 2346 2848 δεσπότου,
2398 2787 2586 2858 ἐπειδὴ
2612 2787 2937 2858 προσέπεσε,
2971 2789 3062 2843 καὶ
3092 2791 3285 2861 ἐδεήθη
3308 2832 3322 2853 ,
3350 2793 3444 2845 καὶ
3476 2795 3737 2849 ἱκέτευσε.

2057 2875 2539 2942 Σπλαγχνισθεὶς
2566 2874 2696 2943 γὰρ,
2724 2877 2913 2943 φηοῆν,
2933 2877 2968 2929 ὁ
2990 2878 3197 2943 κύριος
3214 2879 3402 2933 αὐτοῦ
3425 2880 3743 2936 ἀπέλυσεν

2056 2957 2262 3019 αὐτὸν,
2321 2958 2421 3012 καί
2476 2959 2541 3012 τὸ
2593 2959 2835 3013 δάνειον
2885 2963 3318 3031 συνεχώρησεν
3357 2965 3537 3031 αὐτῷ.
3586 2964 3740 3025 Εἶδες

2055 3039 2459 3110 εὐσπλαγχνίαν
2488 3040 2747 3096 δεσπότου
2772 3059 2787 3108 ;
2824 3042 3056 3107 Ἐκεῖνος
3083 3046 3454 3114 προσέπιπτεν
3483 3050 3745 3105 ἱκετεύων

2055 3126 2396 3198 προθεσμίαν
2450 3128 2596 3198 αὐτῷ
2653 3129 2893 3202 δοθῆναι.
2944 3133 3431 3201 Μακροθύμησον
3480 3136 3592 3208 7&9
3641 3137 3740 3190 ἐπ’

2053 3212 2206 3281 ἐμοὶ,
2260 3214 2415 3284 φησι,
2468 3215 2566 3269 καὶ
2608 3216 2806 3271 πάντα
2841 3233 2942 3271 σοι
2965 3217 3277 3273 ἀποδώσω.
3315 3220 3503 3275 ’Λλλ’ὀ
3536 3222 3739 3289 ἀγαθὸς

2052 3297 2339 3370 δεσπότης,
2362 3302 2390 3354 6
2423 3300 2677 3371 κηδεμὼν
2702 3303 2798 3356 καὶ
2823 3303 3225 3376 φιλάνθρωπος,
3257 3305 3631 3377 ἐπικαμφθεὶς
3658 3308 3738 3378 τῷ

2057 3385 2232 3456 ίκέτη,
2266 3388 2363 3457 οὐχ
2409 3389 2532 3441 ὅσον
2569 3389 2760 3459 ᾔτησε,
2796 3389 3057 3443 τοσοῦτον
3105 3390 3380 3461 παρέσχεν
3406 3434 3421 3457 ,
3467 3393 3585 3446 ἀλλ’
3612 3394 3739 3448 ὅσον

2051 3473 2175 3526 οὐδὲ
2213 3474 2485 3544 ἐνενόησε.
2521 3475 2779 3528 Τοιοῦτον
2805 3476 2914 3547 γὰρ
2944 3476 3094 3546 αὐτῷ
3127 3475 3282 3550 [265]
3323 3478 3442 3542 ἔθος
3469 3481 3557 3532 ἀεὶ
3579 3483 3738 3553 νικᾷν

2055 3561 2148 3613 καὶ
2183 3561 2516 3632 προφθάνειν
2534 3561 2635 3628 τὰς
2657 3564 2935 3635 ἡμετέρας
2972 3565 3237 3636 αίτὴσεις.
3288 3566 3527 3620 Ἑκείνου
3555 3567 3739 3619 τοίνυν

2053 3647 2331 3721 ἐνδοθῆναι
2391 3650 2905 3720 παρακαλέσαντος,
2960 3653 3053 3705 καὶ
3105 3654 3475 3724 ὑποσχομένου
3554 3656 3741 3707 πᾶσαν

2054 3735 2387 3806 ποιήσασθαι
2417 3736 2515 3808 τὴν
2544 3736 2775 3802 ἔκτισιν,
2808 3740 2836 3791 6
2869 3739 3167 3811 ἀγαθότητι
3197 3740 3361 3793 νικῶν
3395 3742 3464 3794 τά
3491 3742 3736 3812 ἡμέτερα

2054 3823 2538 3895 πλημμελήματα,
2572 3825 2992 3895 σπλαγχνισθεὶς
3026 3827 3211 3880 λοιπὸν
3243 3828 3513 3881 ἀπέλυσεν
3548 3829 3735 3893 αὐτὸν,

2056 3911 2148 3963 καὶ
2178 3909 2240 3962 τὸ
2267 3909 2475 3963 δάνειον
2505 3911 2715 3981 ἀφῆκεν
2743 3910 2912 3981 αὐτῷ.
2937 3909 3089 3977 Εἶδες
3118 3912 3176 3966 τί
3214 3914 3312 3983 μέν
3343 3915 3371 3966 6
3395 3914 3579 3978 δοῦ).ος
3601 3917 3737 3986 ᾐτή-

2056 4015 2207 4061 σατο,
2240 3998 2365 4051 ὅσον
2393 3998 2448 4050 δὲ
2475 3999 2505 4050 ὁ
2540 3998 2808 4067 δεσπότης
2831 4001 3157 4069 ἐχαρίσατο;
3192 4000 3331 4070 Ὅρα
3364 4002 3526 4054 πάλιν
3567 4003 3736 4057 αὐτοῦ

2052 4083 2241 4136 τούτου
2276 4082 2372 4153 τὴν
2396 4084 2676 4140 ἀπόνοιαν.
2703 4084 2833 4137 Δέον
2860 4086 2968 4155 γὰρ
3002 4085 3147 4139 κατὰ
3194 4085 3291 4157 τὴν
3316 4088 3582 4158 τοσαύτην
3613 4090 3734 4157 φιλ-

2053 4169 2370 4241 ανθρωπίαν
2396 4170 2489 4223 καὶ
2522 4171 2621 4240 τήν
2649 4171 2856 4239 ἄφατον
2878 4172 3200 4241 εὐεργεσίαν
3222 4174 3321 4246 τὴν
3353 4178 3434 4239 είς
3457 4178 3619 4232 αὐτὸν
3640 4197 3735 4247 γε-

2052 4257 2359 4329 γενημένην
2388 4257 2843 4328 συμπαθέστατον
2877 4260 3039 4313 αὐτὸν
3078 4263 3415 4333 καταστῆναι
3450 4266 3578 4334 περὶ
3605 4267 3732 4332 τοὺς

2052 4346 2351 4415 ὁμογενεῖς,
2379 4346 2407 4398 6
2430 4345 2486 4398 δὲ
2506 4345 2566 4398 τὸ
2588 4346 2829 4400 ἐναντίον
2858 4347 3246 4405 ἐπιδείκνυται.
3275 4351 3573 4415 Ἐξελθὼν
3599 4353 3731 4425 γὰρ,

2052 4432 2236 4500 φησιν,
2268 4426 2444 4497 οὗτος
2462 4432 2644 4496 αὐτὸς,
2672 4436 2699 4487 ό
2722 4433 2830 4486 τῶν
2854 4434 3062 4505 μυρίων
3093 4435 3369 4491 ταλάντων
3395 4438 3496 4508 τῆν
3522 4442 3735 4510 συγχώ-

2057 4535 2213 4591 ρησιν
2244 4517 2552 4588 δεξάμενος.
2599 4519 2874 4586 Ἀκούετε,
2900 4521 3226 4591 παρακαλῶ,
3264 4524 3398 4594 μετὰ
3422 4526 3733 4596 ἀκριϐείαςο

2052 4606 2120 4659 τά
2147 4605 2254 4676 γάρ
2282 4607 2456 4676 τούτῳ
2484 4606 2763 4676 συμϐάντα
2789 4608 2951 4662 ίκανά
2976 4608 3293 4663 καθικέσθαι
3330 4611 3429 4679 τῆς
3458 4614 3735 4684 ἡμετέρας

2053 4692 2251 4762 ψυχῆς.
2284 4692 2377 4745 xal
2400 4695 2584 4746 πεῖσαι
2608 4694 2669 4747 τὸ
2695 4694 2927 4764 χαλεπὸν
2956 4695 3116 4749 τοῦτο
3135 4696 3346 4765 νόσημα
3363 4697 3601 4766 ἐξορίσαι
3631 4700 3733 4768 τῆς

2053 4773 2292 4836 διανοίας
2320 4774 2419 4844 τῆς
2448 4775 2743 4845 ἡμετέρας.
2802 4773 2993 4841 Οὗτος
3032 4777 3212 4830 τοίνυν
3250 4777 3515 4841 ἐξελθὼν
3555 4775 3734 4848 εὗρεν

2051 4859 2162 4913 ἕνα
2188 4858 2306 4912 τῶν
2341 4859 2701 4914 συνδούλων
2721 4862 2930 4925 αὐτοῦ,
2960 4861 3028 4927 ὃς
3054 4862 3309 4930 ὠφειλεν
3328 4861 3489 4927 αὑτῷ
3512 4864 3734 4921 ἑκατὸν

2052 4944 2324 5013 δηνάρια.
2345 4946 2545 4999 Σκόπει
2586 4946 2753 5000 πόσον
2768 4946 2829 5001 τὸ
2858 4948 3041 5018 μέσον.
3064 4941 3197 5001 Ὧδε
3221 4948 3504 5012 σύνδουλος
3527 4951 3555 5003 ό
3582 4950 3733 5018 ὀφεί-

2051 5033 2157 5086 λων
2183 5034 2378 5086 ἐκατδν
2399 5033 2649 5103 δηνάρια,
2670 5036 2787 5088 ἐκεῖ
2807 5034 3072 5107 δεσπότης
3097 5037 3125 5088 ὀ
3153 5036 3423 5103 ἀπαιτῶν,
3450 5039 3543 5090 καὶ
3560 5038 3733 5110 μύρια

2050 5115 2119 5191 ἦν
2145 5119 2415 5173 τάλαντα*
2450 5120 2545 5173 καὶ
2573 5121 2723 5190 ὅμως
2754 5121 2941 5193 ἐπειδὴ
2980 5118 3118 5175 εῖδεν
3144 5122 3453 5177 ἱκετεύοντα
3499 5126 3594 5177 καὶ
3624 5141 3732 5179 πα-

2055 5204 2415 5275 ρακαλοῦντα,
2441 5205 2826 5277 συνεχώρησεν
2845 5224 2859 5238 ο
2891 5203 3046 5272 οὗτος
3083 5208 3139 5261 δὲ
3186 5209 3506 5277 Κρατήσας
3541 5210 3734 5265 αὑτὸν

2049 5292 2278 5363 ἐπνιγε,
2322 5291 2550 5361 λόγων*
2599 5293 2841 5361 Ἀπόδος
2883 5313 2986 5364 μοι
3026 5296 3084 5349 ει
3109 5312 3164 5350 τι
3196 5296 3476 5365 ὀφείλεις.
3514 5297 3582 5351 Τί
3601 5293 3730 5364 οῦν;

2050 5379 2284 5444 Πδσὼν,
2306 5380 2490 5450 φησὶν,
2513 5382 2547 5433 ό
2570 5380 2917 5448 σύνδουλος
2944 5382 3154 5437 αὐτοῦ.
3185 5384 3326 5457 Ὅρα
3351 5383 3467 5448 πῶς
3489 5385 3733 5458 συνεχῶς

2053 5463 2280 5534 στρέφει
2306 5463 2368 5516 τὸ
2395 5463 2548 5536 ῥῆμα
2577 5462 2782 5517 τοῦτοό
2818 5464 3213 5537 εὐαγγελιστῆς
3238 5506 3253 5528 ,
3300 5467 3363 5520 '0
3383 5468 3730 5537 σύνδουλος

2050 5549 2261 5612 αὐτοῦ,
2291 5549 2389 5620 οὐχ
2419 5549 2625 5614 ἁπλῶς,
2656 5550 2771 5603 ἀλλ’
2799 5551 2886 5604 ἵνα
2914 5551 3195 5623 μάθωμεν,
3236 5553 3320 5607 ὅτι
3348 5553 3502 5607 οὐδὲν
3526 5555 3728 5626 μεταῷ

2051 5634 2313 5696 αὐτῶντὸ
2344 5636 2528 5706 μέσον.
2560 5638 2672 5690 Kal
2724 5638 2876 5708 ὅμως
2913 5639 3014 5711 τῆν
3057 5639 3228 5711 αὐτὴν
3280 5640 3561 5713 ἱκετηρίαν
3592 5643 3728 5716 πρὸς

2115 5723 2308 5795 bU_nu_s_
2335 5723 2499 5795 θρόει
2539 5737 2567 5773 a
2612 5724 2794 5795 ειενῆίο
2844 5734 3147 5795 memoratus
3184 5725 3357 5776 οὐκοῦν
3405 5730 3727 5795 βουληθῶμεν,

2050 5799 2162 5851 qua:
2190 5785 2342 5851 lqctip
2387 5785 2506 5851 Nec}
2546 5785 2746 5851 omninp
2768 5799 2865 5836 non
2915 5789 3127 5851 placeat,
3170 5785 3725 5851 alta‘qmen'seulém'iam

2052 5845 2269 5910 alioquin
2311 5845 2649 5910 imgqrfcclam
2687 5849 2882 5910 plenam
2918 5845 3209 5899 'exhihebit.
3264 5846 3449 5910 Verum
3505 5864 3601 5910 non
3634 5852 3726 5910 rin-

2050 5907 2221 5956 solens
2257 5914 2342 5973 ρει
2383 5905 2753 5973 Βῐιιιγεοειοηίο,
2781 5922 2892 5959 cum
2927 5911 3247 5973 longissimas,
3277 5909 3430 5973 neciil
3476 5909 3723 5971 periodus,

2049 5968 2347 6017 sententiam
2369 5981 2466 6015 non
2493 5970 2755 6033 perﬁcere,
2791 5973 2889 6023 alio
2934 5968 3166 6024 vidéliccl.
3183 5972 3270 6036 ,οδ
3312 5968 3500 6033 copiam
3519 5977 3724 6019 senten-

2051 6028 2226 6077 tiarum
2249 6029 2502 6078 abduclus.

2051 6036 2226 6077 Harum
2249 6036 2502 6078 abduclus.
