4078 6436
467 427 576 490 ἱω

466 548 632 603 αὐτὸν
650 551 955 620 ἐποιήσατο,
974 549 1042 620 ἢν
1065 550 1160 603 καὶ
1185 542 1338 614 οὗτος
1369 551 1504 622 πρὸς
1527 551 1619 605 τόν
1643 551 2132 623 δεσπότην,λέγων·

466 638 946 705 Μακροθύμησον
965 637 1056 691 ἐπ’
1087 637 1241 706 ἐμοὶ,
1270 638 1366 690 καί
1393 637 1591 691 πάντα
1609 653 1709 692 σοι
1726 637 2038 693 ἀποδώσω.
2079 637 2141 691 '0

463 723 551 785 δὲ,
582 725 764 794 φησὶν,
786 725 1066 779 ἀπελθὼν
1101 726 1322 779 ἔϐαλεν
1357 728 1546 780 αὑτὸν
1568 729 1656 793 εὶς
1686 726 1800 794 τὴν
1833 725 2138 796 φυλακὴν,

471 814 572 877 έως
591 807 664 867 οὗ
683 812 889 880 ἀποδῷ
911 812 1033 868 πᾶν
1048 815 1114 867 τὸ
1143 814 1538 884 ὀφειλόμενον
1556 813 1736 880 αὐτῷ.
1761 816 1824 867 Ὢ
1844 814 1941 883 τῆς
1962 815 2140 882 ἀγνω-

467 899 704 972 μοσύνης
734 900 1046 972 ὑπερϐολήί
1084 900 1305 956 ἔναυλον
1334 901 1471 972 ἔχων
1503 901 1600 973 τὴν
1630 903 1850 972 μνήμην
1887 903 1985 972 τῆς
2020 919 2142 955 τοσ-

463 986 633 1054 αύτης
659 986 956 1057 γενομένης
981 987 1310 1056 φιλοτιμίας,
1345 987 1464 1040 οὐδὲ
1507 989 1677 1050 οὕτως
1712 987 1968 1057 ἠνέσχετο
2002 1005 2136 1058 συμ-

463 1071 633 1135 παθές
662 1090 712 1125 τι
739 1072 1086 1142 λογίσασθαι·
1119 1074 1253 1127 ἀλλά
1292 1075 1554 1146 πρότερον
1577 1076 1676 1146 μὲν
1711 1075 1922 1144 ἐπνιγε,
1953 1073 2048 1128 νῦν
2079 1074 2139 1128 δὲ

463 1160 557 1212 καὶ
585 1161 664 1222 είς
691 1160 1062 1231 δεσμωτήριον
1087 1161 1359 1214 ἐνέϐαλεν.

532 1247 597 1312 ζ’.
617 1247 752 1300 Ἀλλ’
769 1249 869 1318 ὅρα
893 1249 944 1300 τί
966 1248 1191 1316 γίνεται.
1211 1249 1462 1314 Ἰδόντες
1476 1249 1564 1312 δὲ,
1582 1250 1766 1320 φησιν,
1790 1252 1845 1303 oi
1874 1249 2134 1304 σύνδου-

462 1337 560 1388 λοι
587 1334 774 1388 αὐτοῦ
806 1333 1231 1403 ἐλυπήθησαν·
1279 1336 1378 1390 καὶ
1427 1336 1712 1403 ἐλθόντες
1754 1335 2137 1406 διεσάφησαν

462 1419 540 1486 τῷ
588 1423 770 1488 κυρίῳ
813 1421 1012 1476 αὐτῶν
1057 1423 1255 1476 πάντα
1278 1423 1350 1477 τὰ
1385 1424 1691 1493 γινόμενα.
1732 1425 1844 1478 Οὐκ
1871 1424 2078 1488 ἐκεῖνος
2107 1426 2137 1477 ὁ

461 1507 761 1573 πεπονθὼς,
785 1510 938 1580 (πῶς
959 1510 1088 1580 γὰρ,
1107 1511 1507 1581 καθειργμένος
1529 1515 1587 1565 ἐν
1602 1511 1680 1582 τῷ
1700 1511 2058 1583 δεσμωτηρίῳ
2079 1528 2092 1576 ς
2117 1513 2133 1574 )

457 1595 572 1649 ἀλλ’
594 1597 644 1648 οί
677 1596 970 1660 σύνδουλοι,
1011 1598 1060 1649 οἱ
1097 1598 1262 1668 μηδὲν
1292 1598 1630 1668 ἡδικημένοι,
1661 1598 1735 1662 ὡς
1765 1599 2132 1668 ἀδικηθέντες,

457 1681 628 1746 οὓτως
661 1684 980 1754 ἠνιάθησαν,
1012 1686 1105 1737 καὶ
1133 1685 1377 1748 ἐλθόντες
1405 1686 1620 1739 ἅπαντα
1649 1688 1946 1757 ἐμήνυσαν.
1992 1687 2133 1739 Ἀλλ’

457 1771 559 1840 ὅρα
578 1769 672 1822 τοῦ
699 1771 958 1824 δεσπότου
980 1771 1164 1825 λοιπὸν
1179 1773 1276 1844 τὴν
1293 1774 1680 1841 ἀγανάκτησιν.
1711 1773 1854 1828 Τότε
1874 1789 2136 1842 προσκα·

454 1857 791 1926 ,ιεσάμενος
828 1859 1033 1924 αὑτὸν,
1067 1861 1219 1930 φησὶ,
1243 1858 1432 1930 λέγει·
1466 1859 1656 1914 Δοῦλε
1679 1860 1927 1928 πονηρέ.
1979 1861 2134 1934 Ἀλη-

457 1943 563 2006 θῶς
599 1943 847 1997 ἐντεῦθέν
883 1948 1030 1998 ἐστιν
1067 1946 1193 1999 ίδεῖν
1227 1947 1349 2010 ὅσος
1381 1947 1478 2017 τῆς
1533 1948 1898 2018 μνησικακίας
1947 1951 1974 2002 ὁ
2013 1949 2131 2002 όλε-

455 2031 602 2101 θρος.
645 2031 835 2084 Ἦνίκα
884 2034 992 2103 γὰρ
1022 2034 1089 2087 τὰ
1132 2032 1304 2104 μύρια
1355 2035 1591 2088 τάλαντα
1645 2034 1979 2104 ἐμεθὸδευεν,
2031 2037 2132 2089 οὐκ

455 2120 710 2173 ἐκάλεσεν
739 2120 898 2173 αὐτὸν
933 2121 1184 2193 πονηρὸν,
1211 2121 1345 2176 ἀλλά
1375 2122 1491 2185 νῦν,
1529 2123 1616 2176 ὅτε
1643 2123 1770 2194 περὶ
1793 2123 1882 2176 τὸν
1909 2124 2132 2176 σύνδου-

453 2206 543 2258 λον
571 2207 790 2274 γέγονεν
815 2207 1047 2277 ἀπηνής.
1082 2211 1314 2276 Πονηρὲ
1337 2208 1544 2268 δοῦλε.
1576 2211 1730 2280 φησι,
1782 2210 1991 2265 πᾶσαν
2019 2210 2133 2279 τὴν

445 2293 710 2362 ὀφειλὴν
732 2294 973 2361 ἐκείνην
1008 2294 1213 2362 (ὶφῆκά
1253 2311 1373 2360 σοι,
1418 2297 1548 2350 ἐπεὶ
1579 2297 1998 2365 παρεκάλεσάς
2032 2316 2128 2367 με.

454 2380 600 2450 Ὀρα
630 2379 747 2442 πῶς
797 2377 1067 2432 δείκνυσιν
1099 2379 1263 2432 αὐτοῦ
1309 2383 1406 2451 τῆς
1441 2383 1641 2445 κακίας
1674 2382 1770 2452 τὴν
1799 2383 2128 2455 ὑπερϐολήν.

453 2467 545 2536 Μὴ
576 2464 685 2536 γάρ
715 2464 876 2518 πλέον
917 2483 968 2518 τι
998 2465 1296 2531 ἐπεδείξω;
1354 2467 1537 2537 φησίν.
1571 2470 1705 2539 Οὐχὶ
1741 2473 1958 2540 ῥήματα
2000 2470 2132 2540 ψιλά

453 2553 718 2624 ἐποιήσω,
749 2553 844 2607 καὶ
875 2553 1163 2623 δεξάμενός
1200 2572 1293 2607 σου
1318 2556 1417 2625 τὴν
1443 2556 1671 2617 ἱκεσίαν,
1707 2561 1884 2612 πᾶσαν
1918 2559 2132 2629 ἐκείνην

452 2639 552 2708 τὴν
585 2640 828 2712 μεγάλην
862 2642 955 2693 καὶ
992 2641 1303 2714 ἀπόρρητον
1330 2643 1549 2716 ὀφειλὴν
1595 2645 1980 2716 συνεχώρησα;
2008 2649 2131 2701 Οὐκ

453 2727 574 2781 ἔδει
597 2729 695 2782 καί
719 2726 794 2782 σε
830 2727 1082 2794 ἐλεῆσαι
1118 2728 1221 2783 τόν
1247 2731 1598 2784 σύνδουλόν
1626 2749 1765 2795 σου,
1795 2733 1875 2798 ὡς
1894 2735 1990 2787 καί
2018 2733 2133 2803 ἐγώ

451 2831 528 2868 σε
569 2814 837 2884 ἠλέησα;
884 2815 1049 2878 Ποίας
1077 2816 1143 2870 ἂν
1171 2819 1287 2887 εἴης
1326 2817 1475 2890 [266]
1507 2819 1655 2882 ἄξιος
1701 2820 2048 2891 συγγνώμης,
2083 2823 2131 2875 εί

451 2901 562 2973 ἐγὼ
595 2903 692 2974 μὲν
739 2905 767 2958 ὁ
800 2903 1065 2974 δεσπότης
1095 2921 1188 2956 σου
1235 2905 1488 2959 τοσοῦτον
1539 2906 1702 2975 ὄγκον
1749 2907 2129 2978 ὀφειλημάτων

449 2990 539 3044 διά
566 2991 634 3043 τά
665 2989 793 3060 ψιλὰ
819 2990 1002 3044 ἐκεῖνα
1030 2993 1252 3063 ῥήματα
1282 2991 1656 3064 συνεχώρησα.
1703 2995 1768 3047 σὺ
1799 2994 1855 3047 δὲ
1885 2995 1976 3048 τὸν
2007 2996 2130 3049 σύν-

450 3078 634 3132 δοῦλόν
659 3096 750 3131 σου
776 3079 867 3132 τὸν
890 3081 1125 3150 ὁμογενὴ
1165 3079 1266 3133 οὐκ
1286 3079 1548 3152 ἡλέησας,
1579 3081 1700 3134 οὐδὲ
1745 3083 2126 3154 ἐπεκάμφθης,

450 3168 570 3222 οὐδέ
596 3170 676 3232 εἰς
707 3169 929 3239 μνήμην
967 3167 1137 3221 ἐλθὼν
1167 3169 1276 3221 τῶν
1305 3167 1661 3238 ὑπαρξάντων
1707 3185 1788 3222 σοι
1819 3172 1947 3241 παρ’
1973 3171 2128 3240 ἐμοῦ,

451 3254 711 3318 ἐπεδείξω
735 3254 858 3308 τινὰ
887 3255 1014 3326 περὶ
1039 3255 1201 3308 αὐτὸν
1226 3256 1590 3327 συμπάθειαν,
1616 3255 1732 3308 ἀλλ’
1755 3258 1980 3331 ἀνελεὴς
2009 3259 2130 3328 ἐγέ-

451 3361 543 3396 νου
564 3343 656 3396 καὶ
678 3342 847 3414 ώμδς,
878 3343 971 3396 καὶ
998 3342 1215 3414 ἐλεῆσαι
1237 3343 1328 3396 τὸν
1359 3343 1640 3398 σύνδουλόν
1669 3361 1764 3399 σου
1795 3347 1894 3400 οὐκ
1929 3347 2126 3418 ἠθέλη-

452 3448 586 3496 σας;
613 3429 712 3484 Διά
745 3431 901 3483 τοῦτο
949 3431 1185 3484 ἐνταῦθα
1229 3430 1449 3502 μαθήσῃ
1478 3433 1564 3486 διὰ
1620 3437 1722 3506 τῆς
1753 3434 1948 3507 πείρας
1988 3436 2129 3492 ὅσων

451 3518 639 3572 κακῶν
668 3518 846 3588 ἐαυτῷ
881 3519 1052 3582 αἴτιος
1088 3520 1378 3590 κατέστης.
1407 3520 1515 3575 Καὶ
1545 3522 1844 3590 ὀργισθείς
1865 3525 1899 3578 ό
1926 3523 2129 3592 κύριος

450 3606 638 3660 αὐτοῦ
695 3606 1040 3674 παρέδωκεν
1102 3607 1291 3660 αὐτὸν
1336 3606 1460 3673 τοῖς
1498 3608 1924 3676 βασανισταῖς.
1983 3609 2126 3682 Ὅρα

452 3693 550 3744 καὶ
602 3691 697 3743 νῦν
731 3691 892 3744 αὐτὸν
926 3691 1277 3761 ὀργιζόμενον
1328 3692 1416 3746 διὰ
1453 3695 1551 3763 τὴν
1579 3695 1658 3757 είς
1715 3695 1803 3748 τὸν
1843 3696 2128 3751 σύνδουλόν

451 3778 869 3850 ἀπανθρωπίαν,
925 3779 1014 3831 καὶ
1047 3781 1160 3842 τοῖς
1204 3779 1553 3849 βασανισταῖς
1607 3782 1998 3852 παραδιδόντα·
2037 3788 2130 3839 καὶ

451 3866 588 3935 ὅπερ
618 3865 882 3936 πρότερον
908 3866 1007 3918 οὐκ
1039 3865 1294 3938 ἐποίησεν
1318 3909 1332 3930 ,
1364 3868 1526 3937 ἡνίκα
1549 3868 1823 3934 τοσούτοις
1845 3875 1956 3936 τοῖς
1981 3873 2127 3942 ὀφει-

450 3953 690 4024 λήμασιν
729 3952 1025 4015 ὑπεύθυνος
1089 3949 1197 4025 ἦν,
1265 3953 1361 4008 νῦν
1409 3956 1619 4010 κελεύει
1670 3957 1936 4026 γίνεσθαι.
1977 3965 2130 4026 Παρ-

447 4040 634 4096 ἐόωκε
663 4042 771 4114 γὰρ
810 4041 996 4096 αὐτὸν
1029 4043 1154 4109 τοῖς
1182 4043 1590 4112 βασανισταῖς
1612 4083 1627 4109 ,
1665 4045 1776 4112 ἕως
1813 4043 1886 4102 οὗ
1926 4048 2130 4115 ἀποδῷ

451 4127 577 4184 πᾶν
633 4129 696 4182 τό
763 4129 1192 4200 ὀφειλόμενον·
1247 4131 1352 4194 ἕως
1410 4125 1512 4195 οὗ,
1581 4133 1764 4202 φησὶ,
1829 4133 1898 4187 τὰ
1957 4135 2128 4205 μύρια

456 4217 688 4270 τάλαντα
714 4259 730 4283 ,
790 4211 864 4270 ὧν
914 4218 1012 4289 τὴν
1079 4220 1426 4292 συγχώρησιν
1477 4222 1581 4291 ’ήδη
1648 4223 1831 4277 λαϐὼν
1880 4225 2128 4296 ἀπῆλθε,

450 4303 626 4356 ταῦτα
673 4304 1006 4375 καταϐάλλῃ.
1067 4307 1312 4378 Μεγίστη
1368 4309 1462 4363 καὶ
1512 4310 1718 4378 ἀφατος
1769 4313 1801 4382 ἡ
1841 4313 1934 4366 τοῦ
1993 4314 2124 4368 Θεοῦ

454 4391 871 4461 φιλανθρωπία·
908 4394 1069 4463 ἡνίκα
1122 4395 1218 4465 μὲν
1247 4395 1355 4468 γὰρ
1401 4397 1564 4461 αὐτὸς
1611 4400 1929 4469 ἐμεθόδευεν
1977 4405 2126 4456 ἐπει-

453 4478 518 4562 ὂὴ
560 4479 661 4549 τὴν
721 4478 930 4532 ίκεσίαν
977 4482 1306 4551 ἐποιήσατο,
1363 4484 1779 4556 συνεχώρησεν·
1836 4489 2022 4562 ἐπειδὴ
2070 4491 2128 4544 δὲ

453 4560 594 4618 εἶδεν
647 4564 810 4618 αὐτὸν
859 4566 990 4638 περὶ
1043 4568 1134 4620 τὸν
1177 4568 1461 4623 σύνδουλον
1511 4571 1662 4642 ὠμὸν
1706 4575 1799 4627 καὶ
1847 4560 2129 4646 ἀπάνθρω-

454 4666 556 4706 πον
606 4651 902 4721 γεγονότα,
954 4653 1071 4707 τότε
1130 4653 1315 4708 λοιπὸν
1370 4656 1466 4728 τὴν
1521 4658 1729 4712 οίκείαν
1776 4662 2128 4716 ἀνακαλεῖται

453 4739 790 4810 φιλοτιμίαν,
817 4739 1030 4805 δεικνὺς
1063 4741 1213 4814 αὐτῷ
1257 4743 1346 4798 διά
1384 4744 1492 4800 τῶν
1534 4748 1883 4819 πραγμάτων
1923 4751 2125 4817 αὐτῶν,

453 4829 530 4892 ώς
569 4829 630 4883 οὐ
683 4828 934 4882 τοσοῦτον
982 4831 1191 4884 ἐκεῖνον
1243 4832 1532 4902 ἠδίκησεν,
1577 4836 1702 4889 ὅσον
1749 4837 1960 4892 ἑαυτόν.
2020 4840 2130 4894 Καὶ

453 4916 706 4988 καθάπερ
735 4917 939 4980 ἐκεῖνος
963 4919 1044 4981 είς
1077 4917 1323 4990 φυλακὴν
1352 4919 1566 4987 ἔϐαλεν,
1597 4923 1704 4986 ἓως
1731 4916 1793 4977 οὗ
1840 4925 2027 4996 ἀποδῷ
2068 4927 2130 4982 τὸ

453 5003 822 5075 ἐφειλόμενον,
858 5002 1000 5057 οὕτω
1047 5007 1142 5086 καὶ
1193 5007 1356 5073 αὐτὸς
1398 5012 1514 5074 τοῖς
1551 5011 1903 5081 βασανισταῖς
1953 5033 2130 5086 παρα-

453 5089 700 5156 δέδωκεν,
730 5087 836 5154 Eu);
868 5084 929 5144 οὗ
960 5082 1182 5148 ἅπασαν
1221 5096 1432 5168 καταθῇ
1463 5098 1559 5168 τὴν
1587 5100 1828 5172 ὁφειλὴν.
1860 5082 2044 5156 Ταῦτα
2072 5104 2130 5157 δὲ

455 5177 516 5229 οὐ
549 5179 680 5248 περί
720 5180 1000 5234 ταλάντων
1040 5184 1134 5236 καὶ¹
1166 5184 1295 5254 περὶ
1339 5185 1609 5257 δηναρίων
1644 5189 1831 5253 ἁπλῶς
1882 5191 2127 5261 εἴρηκεν,

455 5261 594 5315 ἀλλά
627 5266 755 5335 περὶ
785 5267 1063 5338 ἁμαρτίας
1091 5270 1120 5322 ὁ
1157 5269 1315 5339 λόγος
1357 5273 1451 5325 καὶ
1497 5275 1762 5342 μεγέθους
1807 5277 2133 5348 πλημμελη-

460 5348 666 5436 μάτων,
695 5351 783 5404 ἵνα
814 5353 1074 5425 μάθωμεν
1109 5357 1192 5410 ὃτι
1235 5359 1396 5429 ἡμεῖς
1429 5361 1528 5428 μὲν
1559 5363 1768 5433 μυρίων
1805 5364 2132 5436 πλημμελη-

459 5435 648 5504 μάτων
689 5439 846 5504 δίκας
889 5442 1191 5510 ὀφείλοντες
1221 5445 1301 5515 τῷ
1342 5447 1618 5521 Δεσπότῃ,
1657 5450 1744 5504 διὰ
1785 5451 1884 5521 τὴν
1925 5435 2132 5519 ἄφατον

455 5523 619 5610 αὐτοῦ
655 5526 1063 5598 φιλανθρωπίαν
1104 5533 1452 5606 συγχώρησιν
1487 5539 1615 5606 παρ’
1642 5539 1807 5592 αὐτοῦ
1840 5540 2129 5610 δεχόμεθα.

469 5609 595 5665 Ἐἀν
632 5614 689 5664 ὸέ
733 5616 862 5683 περὶ
898 5624 1024 5681 τους
1058 5621 1380 5689 ὁμοδούλους
1408 5625 1502 5677 καὶ
1532 5625 1661 5689 τοὺς
1697 5609 2001 5696 ὁμογενεῖς,
2037 5629 2134 5681 καὶ

454 5697 582 5760 τούς
633 5698 734 5766 τῆς
776 5699 947 5769 αὐτῆς
993 5703 1124 5772 ἡμῖν
1173 5705 1388 5774 φύσεως
1423 5710 1814 5774 κοινωνοῦντας
1843 5713 1986 5781 ώμοὶ
2037 5715 2134 5768 καὶ

454 5783 815 5854 ἀπάνθρωποι
843 5786 1148 5857 γενώμεθα,
1179 5792 1272 5843 καὶ
1297 5792 1365 5846 τὰ
1387 5795 1466 5856 είς
1491 5795 1636 5864 ἡμᾶς
1665 5796 2132 5869 πλημμελούμενα

459 5872 534 5943 μή
568 5871 932 5942 διαλύσωμεν,
979 5875 1093 5927 ἀλλ’
1121 5877 1261 5947 ὑπὲρ
1305 5879 1412 5931 τῶν
1459 5881 1688 5936 εὐτελῶν
1717 5884 1922 5937 τούτων
1967 5904 2131 5956 πονη-

459 5958 752 6028 ρευώμεθα
795 5961 939 6031 (ὅσον
984 5963 1091 6030 γὰρ
1142 5965 1335 6018 ἑκατὸν
1372 5965 1602 6034 δηνάρια
1643 5972 1778 6040 πρὸς
1816 5970 1983 6040 μύρια
2030 5974 2128 6026 τά-

1271 437 1328 490 S.
1369 434 1656 492 JOANNIS
1692 433 2131 491 CIIRYSOSTOR

2228 435 2544 494 ΑιιιιιιιΕΡ.
2585 435 3136 493 CONSTANTINOP.
3779 443 3858 499 250

2240 552 2425 616 λαντα,
2451 551 2707 604 τοσοῦτον
2735 552 2796 604 τὸ
2840 551 3002 622 μέσον
3041 541 3148 605 τῶν
3191 552 3474 622 ἡμετέρων
3519 554 3649 625 πρὸς
3681 557 3758 610 τὸν
3791 561 3858 610 Δε-

2241 638 2447 709 σπότην
2475 637 2986 709 πλημμελημάτων,
3027 637 3260 691 καὶτῶν
3307 639 3387 702 είς
3432 641 3579 710 ἡμᾶς
3616 643 3859 712 γινομένων

2244 723 2395 795 παρά
2420 725 2530 778 τῶν
2557 725 2883 796 ὁμογενῶν),
2927 727 3044 778 τότε
3093 726 3189 778 καὶ
3235 725 3332 796 τήν
3375 728 3733 798 ἀγανάκτησιν
3769 731 3860 785 ἐπι-

2237 812 2559 884 σπασόμεθα
2591 811 2684 866 τοῦ
2725 814 3021 878 Δεσπότου,
3049 814 3144 866 καὶ
3167 805 3253 866 ’ὧν
3287 814 3551 885 πρότερον
3577 817 3667 886 τὴν
3698 820 3860 888 dumb.

2239 916 2396 970 ρησιν
2457 899 2775 970 ἐδεξάμεθα,
2833 901 3038 953 τούτων
3099 899 3260 954 πάλιν
3315 899 3414 970 τὴν
3468 901 3727 972 ὀφείλησιν
3755 907 3858 974 μετὰ

2236 985 2484 1056 βασάνων
2531 988 2880 1042 ἀπαιτεῖσθαι
2938 988 3292 1059 κελευόμεθα.
3321 987 3442 1043 Ἵνα
3497 989 3604 1061 γὰρ
3649 991 3857 1062 μάθωμεν

2233 1073 2480 1146 ἀκριϐῶς
2505 1075 2586 1128 ὅτι
2630 1075 2768 1146 πρὸς
2807 1074 3076 1145 ὠφέλειαν
3106 1075 3212 1129 τῶν
3261 1075 3448 1146 ψυχῶν
3481 1075 3589 1130 τῶν
3627 1079 3858 1150 ἡμετέρων

2231 1161 2330 1232 τὴν
2366 1159 2682 1232 παραϐολὴν
2718 1160 2924 1234 ταύτην
2965 1163 3291 1236 παρήγαγεν
3332 1164 3361 1215 ὁ
3392 1162 3692 1234 Δεσπότης,
3728 1164 3855 1219 ἄκουε

2230 1249 2322 1302 τοῦ
2352 1248 2726 1320 ἐπαγομένου·
2758 1250 2920 1303 οὕτω
2950 1250 3048 1302 καί
3078 1254 3110 1304 ό
3139 1249 3342 1318 Πατὴρ
3378 1248 3548 1320 ὑμῶν
3574 1254 3605 1304 ό
3631 1249 3856 1319 οὐράνιος

2231 1337 2471 1403 ποιήσει
2516 1337 2693 1408 ὑμῖν,
2742 1337 2928 1408 φησιν,
2977 1336 3086 1390 ἐὰν
3130 1336 3217 1405 μὴ
3268 1334 3464 1405 ἀφῆτε
3517 1336 3756 1404 ἕκαστος
3795 1337 3854 1403 τῷ

2229 1423 2472 1494 ἀδελφῷ
2499 1425 2688 1482 αὐτοῦ
2714 1425 2832 1479 ἀπὸ
2865 1424 2985 1478 τῶν
3016 1421 3278 1491 καρδιῶν
3304 1422 3476 1493 ὑμῶν
3503 1422 3575 1476 τὰ
3598 1425 3855 1490 παραπτώ-

2223 1528 2383 1580 ματα
2401 1512 2619 1566 αὐτῶν.
2644 1513 2804 1581 Μέγα
2832 1512 2931 1582 τῆς
2957 1510 3273 1580 παραϐολῆς
3299 1512 3360 1564 τὸ
3385 1509 3595 1579 κέρδος,
3626 1510 3765 1580 μόνον
3786 1512 3854 1565 ἐὰν

2232 1599 2519 1668 προσέχειν
2537 1598 2870 1668 βουλώμεθα.
2891 1598 2956 1650 Τί
2973 1597 3081 1668 γάρ
3103 1595 3356 1650 τοσοῦτον
3376 1598 3592 1667 ἀφεῖναι
3610 1597 3852 1668 δυνάμεθα,

2228 1683 2351 1737 ὅσον
2385 1685 2609 1753 ἀφίεται
2637 1685 2769 1755 ἡμῖν
2805 1684 2959 1755 παρὰ
2984 1683 3077 1737 τοῦ
3103 1683 3376 1736 Δεσπότου
3400 1700 3416 1748 ;
3451 1685 3561 1737 Καὶ
3589 1684 3735 1754 ἡμεῖς
3760 1682 3850 1754 μὲν,

2227 1771 2324 1825 ἐὰν
2366 1773 2528 1826 τοῦτο
2581 1771 2953 1843 βουληθῶμεν,
2995 1770 3306 1842 ὁμοδούλοις
3347 1771 3612 1842 ἀφίεμεν·
3642 1771 3774 1824 αὐτοὶ
3810 1770 3852 1821 δέ

2228 1862 2378 1934 παρά
2408 1862 2502 1914 τοῦ
2535 1861 2805 1914 Δεσπότου
2835 1861 2933 1932 τὴν
2967 1859 3313 1932 συγχώρησιν
3346 1859 3634 1930 δεχόμεθα.
3661 1858 3755 1912 Καὶ
3777 1859 3850 1928 ὅρα

2227 1949 2323 2001 καὶ
2357 1949 2456 2017 τὴν
2482 1947 2768 2020 ἀκρίϐειαν
2798 1947 2906 2000 τῶν
2932 1946 3259 2016 εἰρημένων.
3284 1947 3360 1999 Οὐ
3389 1945 3498 2016 γὰρ
3519 1943 3664 1998 εἶπεν
3689 1945 3848 2005 ἁπλῶς.

2227 2034 2322 2088 ἐάν
2359 2036 2433 2105 μὴ
2486 2036 2664 2104 ἀφῆτε
2717 2035 2828 2096 τοῖς
2877 2032 3184 2105 ἀνθρώποις
3231 2033 3301 2086 τά
3343 2032 3717 2102 ἡμαρτημένα,
3750 2030 3852 2083 ἀλλὰ

2222 2123 2309 2188 τί;
2345 2123 2480 2176 Ἐὰν
2510 2123 2597 2191 μὴ
2628 2121 2822 2190 ἀφῆτε
2853 2121 3114 2186 ἕκαστος
3142 2118 3224 2185 τῷ
3252 2119 3502 2188 ἀδελφῷ
3534 2119 3706 2173 αὐτοῦ
3733 2117 3848 2189 [εθη

2225 2210 2353 2264 ἀπὸ
2392 2209 2512 2263 τῶν
2552 2207 2812 2276 καρδιῶν
2854 2207 3022 2275 ὑμῶν
3068 2208 3140 2261 τὰ
3190 2207 3630 2275 παραπτώματα
3675 2203 3846 2259 αὐτῶν.

2227 2297 2425 2351 Σκόπει
2457 2296 2579 2360 πῶς
2628 2295 2877 2367 βούλεται
2907 2295 3079 2366 αὐτὴν
3120 2295 3281 2366 ἡμῶν
3323 2295 3427 2365 τὴν
3460 2293 3672 2364 καρδίαν
3704 2293 3753 2344 ἐν
3775 2307 3848 2358 70-

2226 2385 2360 2456 λήνῃ
2413 2385 2507 2438 καὶ
2560 2383 2763 2456 ήσυχίᾳ
2796 2382 3110 2453 τυγχάνειν,
3161 2383 3258 2436 καὶ
3299 2381 3396 2435 τόν
3443 2381 3689 2451 λογισμὸν
3727 2377 3849 2448 ἡμῶν

2226 2471 2520 2542 ἀτάραχον,
2560 2471 2656 2524 καὶ
2689 2470 2891 2533 παντὸς
2918 2468 3262 2540 ἀπηλλάχθαι
3303 2467 3534 2533 πάθους,
3579 2467 3664 2520 καὶ
3691 2463 3846 2530 πολλὴν

2225 2558 2320 2630 τὴν
2353 2558 2489 2628 πρὸς
2522 2559 2650 2620 τοὺς
2681 2557 2906 2626 πλησίον
2935 2557 3082 2627 ἡμᾶς
3123 2555 3532 2608 ἐπιδείκνυσθαι
3559 2553 3648 2624 τὴν
3673 2550 3847 2621 φιλάγα-

2227 2645 2497 2715 θωσύνην.
2547 2645 2659 2698 Καὶ
2705 2642 2940 2714 ἀλλαχοῦ
2974 2643 3032 2696 δὲ
3079 2643 3240 2696 πάλιν
3281 2642 3434 2694 ἐστιν
3465 2641 3622 2694 αὐτοῦ
3664 2637 3844 2694 ἀκοῦσαι

2224 2734 2502 2802 λέγοντος·
2546 2733 2684 2786 Ἐὰν
2713 2732 2821 2802 γὰρ
2850 2729 3043 2799 ἀφῆτε
3080 2729 3205 2796 τοῖς
3239 2728 3574 2797 ἀνθρώποις
3613 2733 3677 2780 τὰ
3707 2741 3847 2794 παρο-

2225 2819 2504 2888 πτώματα
2549 2818 2770 2883 αὐτῶν,
2824 2819 3050 2888 ἀφήσει
3089 2818 3186 2872 καί
3226 2817 3374 2886 ὑμῖν
3413 2819 3448 2871 ό
3495 2816 3684 2884 Πατὴρ
3717 2811 3846 2883 ὑμῶν

2225 2908 2260 2959 ό
2285 2905 2584 2974 οὐράνιος.
2630 2906 2722 2976 Μὴ
2770 2906 2950 2958 τοίνυν
2981 2904 3294 2975 νομίσωμεν
3337 2905 3528 2974 ἕτερον
3570 2901 3844 2973 εὐεργετεῐν,

2223 2994 2354 3047 ὅταν
2381 2994 2538 3046 τοῦτο
2571 2993 2832 3063 ποιῶμεν,
2855 2993 2889 3065 ἡ
2918 2992 3162 3063 μεγάλην
3187 2990 3311 3045 τινὰ
3332 2993 3416 3056 είς
3448 2993 3644 3044 ἐκεῖνον
3671 2985 3844 3041 κατατί-

2226 3081 2412 3134 θεσθαι
2446 3082 2623 3152 χάριν.
2655 3082 2818 3134 Αὐτοὶ
2849 3082 2959 3151 γάρ
2989 3081 3156 3151 ἐσμεν
3183 3081 3232 3133 0l
3264 3080 3367 3150 τῆς
3403 3079 3705 3149 εὐεργεσίας
3743 3075 3844 3128 ἀπο-

2223 3168 2498 3232 λαύοντες,
2543 3168 2637 3221 καὶ
2680 3168 2816 3221 πολὺ
2845 3169 2907 3221 τὸ
2940 3167 3131 3238 κέρδος
3167 3168 3386 3230 ἑαυτοῖς
3428 3165 3664 3220 ἐντεῦθεν
3691 3159 3842 3231 προξε-

2222 3257 2468 3320 νοῦντες·
2503 3254 2692 3327 ὥσπερ
2721 3255 2814 3310 ἐὰν
2853 3255 2927 3327 μὴ
2961 3255 3120 3308 τοῦτο
3149 3254 3420 3326 ποιῶμεν,
3460 3254 3616 3309 πάλιν
3653 3250 3842 3307 ἐκείνους

2227 3346 2326 3417 μὲν
2354 3345 2464 3398 οὐδ’
2493 3345 2630 3408 ὅλως
2661 3344 2916 3415 ἀδικῆσαί
2946 3362 3000 3397 τι
3048 3343 3414 3414 δυνησόμεθα,
3446 3344 3646 3404 ἑαυτοῖς
3687 3339 3734 3392 δέ
3770 3338 3842 3403 τὴν

2223 3434 2493 3505 ἀφόρητον
2539 3433 2639 3503 τῆς
2680 3431 2906 3502 γεέννης
2949 3431 3170 3486 κόλασιν
3226 3430 3728 3503 προευτρεπίζομεν.
3758 3425 3838 3478 Διὸ.

2223 3519 2555 3590 παρακαλῶ.
2611 3519 2784 3572 ταῦτα
2837 3517 3177 3587 λογιζόμενοι
3239 3516 3516 3587 μηδέποτε
3571 3509 3842 3585 ἀνεχώμεθι

2219 3611 2334 3670 τοῖς
2374 3607 2733 3678 λελυπηκόσιν
2763 3604 2992 3678 ἡμᾶς,ἢ
3026 3605 3229 3676 ἑτέρως
3259 3621 3377 3668 πως
3425 3605 3699 3675 ἀδικήσασι
3738 3615 3842 3670 μνη·

2224 3697 2492 3756 σικακείν,
2520 3695 2553 3765 ἢ
2581 3693 2866 3765 ἐχθρωδῶς
2905 3693 3040 3764 πρὸς
3068 3692 3266 3756 αὐτοὺς
3305 3691 3638 3746 διακεῖσθαι·
3667 3687 3762 3742 ἀλλ’
3781 3688 3843 3736 ὲν-

2223 3780 2442 3842 νοῦντες
2469 3781 2600 3851 ὅσης
2631 3783 2763 3850 ήμίν
2805 3779 3125 3850 εὐεργεσίας
3166 3777 3421 3849 πρόξενοι
3462 3778 3552 3832 καὶ
3588 3771 3841 3848 παρρησίας

2224 3867 2376 3939 παρά
2397 3867 2474 3938 τῷ
2501 3869 2744 3938 Δεσπότῃ
2773 3867 3033 3934 γίνονται,
3063 3867 3159 3920 καὶ
3200 3867 3304 3937 πρὸ
3330 3869 3551 3920 πάντων
3577 3867 3651 3919 ὁτι
3674 3860 3841 3924 δαπάνη

2222 3956 2481 4027 τυγχάνει
2511 3954 2621 4008 τῶν
2645 3955 2931 4024 ἡμετέρων
2964 3954 3382 4024 ἁμαρτημάτων
3415 3956 3448 4024 ἡ
3493 3953 3621 4025 πρὸς
3644 3951 3750 4011 τοὺς
3776 3946 3840 3996 λυ-

2224 4049 2504 4115 πήσαντας
2549 4042 2886 4112 καταλλαγὴ,
2921 4041 3240 4111 σπεύδωμεν
3273 4043 3368 4095 καὶ
3404 4037 3748 4111 ἐπειγώμεθα,
3773 4030 3840 4084 καὶ

2220 4131 2281 4184 τὸ
2305 4135 2368 4184 ἐκ
2396 4130 2586 4183 τούτου
2615 4130 2806 4199 κέρδος
2834 4128 3142 4192 ἐννοοῦντες
3182 4129 3458 4201 τοσαύτην
3501 4119 3839 4193 ἐπιδειξώμεθα

2227 4219 2358 4290 περὶ
2398 4219 2524 4282 τοὺς
2569 4218 2903 4288 ἠδικηκότας
2961 4216 3278 4288 θεραπείαν,
3317 4217 3516 4270 ὡσανεὶ
3563 4215 3686 4286 πρὸς
3724 4211 3840 4278 5:329-

2221 4307 2388 4375 γέτας
2430 4304 2663 4376 ἀληθῶς.
2708 4303 2835 4358 Ἐὰν
2865 4303 2976 4376 γὰρ
3007 4305 3290 4375 νήφωμεν,
3327 4306 3428 4374 οὐχ
3470 4304 3633 4365 οὕτως
3664 4301 3707 4352 οἱ
3740 4311 3840 4364 γνη-

2224 4395 2355 4457 σίως
2389 4394 2516 4464 περὶ
2556 4395 2702 4463 ἡμᾶς
2755 4393 3084 4463 διακείμενοι
3135 4395 3228 4446 καὶ
3276 4394 3441 4446 παντὶ
3493 4391 3670 4462 τρόπῳ
3711 4385 3838 4452 θέρε·

2222 4481 2410 4534 πεύειν
2442 4480 2828 4544 σπουδάζοντες
2873 4480 3148 4549 ὠφελῆσαι
3179 4481 3326 4550 ἡμᾶς
3369 4480 3696 4550 δυνήσονται,
3727 4471 3786 4530 ὡς
3815 4465 3839 4533 ἦ

2224 4568 2355 4640 περὶ⁸
2411 4567 2633 4629 τούτους
2677 4567 2963 4638 θεραπεία,
3015 4567 3200 4634 ἀξίους
3232 4569 3383 4637 ἡμᾶς
3413 4569 3512 4639 τῆς
3553 4563 3738 4619 ἀνωθεν
3771 4555 3838 4608 εὐ-

2223 4657 2374 4718 νοίας
2412 4654 2861 4727 ἀπεργαζομένη,
2898 4656 2990 4710 καὶ
3033 4655 3126 4708 τοῦ
3158 4657 3380 4726 φορτίου
3420 4654 3528 4709 τῶν
3573 4641 3842 4724 ἡμαρτημέ-

2224 4759 2331 4797 νων
2358 4745 2492 4812 ἡμῖν
2526 4742 2880 4811 ἐπικουφίζου
2889 4760 2978 4795 σα.

2295 4844 2366 4909 η’.
2403 4839 2687 4907 Ἐννόησον
2729 4841 2838 4906 γάρ
2879 4855 2990 4908 μοι,
3032 4836 3303 4908 ἁγαπητὲ,
3337 4837 3460 4890 ὅσον
3489 4835 3583 4905 τῆς
3607 4827 3778 4898 ἀρετῆς
3798 4820 3843 4872 τὸ

2229 4925 2456 4996 μέγεθος
2483 4926 2687 4994 ταύτης
2715 4924 2825 4979 ἀπὸ
2852 4926 2960 4978 τῶν
2990 4924 3262 4986 ἐπάθλων,
3297 4917 3371 4976 ὧν
3398 4918 3740 4991 ἐπηγγείλατο
3760 4910 3843 4966 τοῖς

2224 5015 2429 5086 ταύτην
2464 5015 2886 5086 κατωρθωκόσιν
2918 5018 2947 5069 ὁ
2985 5015 3095 5072 τῶν
3141 5016 3278 5069 ὅλων
3333 5015 3484 5076 Θεός.
3535 5007 3706 5066 Εἰπὼν
3743 5000 3840 5100 Ϊᾶξίν

2238 5101 2520 5173 Ἀταπᾶτε
2565 5104 2708 5170 τοὺς
2745 5103 2999 5174 ἐχθροὺς
3037 5102 3223 5174 ὑμῶν,
3251 5100 3551 5170 εὐλογεῖτε
3582 5095 3712 5158 τοὺς
3739 5089 3844 5182 διώ·

2226 5207 2442 5258 κοντας
2463 5190 2640 5261 ὑμᾶς,
2662 5191 2916 5261 εὔχεσθε
2938 5193 3090 5260 ὑπὲρ
3110 5191 3230 5244 τῶν
3249 5187 3676 5258 ἐπηρεαζόντων
3695 5183 3842 5261 ιἰμαςς

2225 5257 2661 5351 ἐπειδὴῗμέγάλα
2685 5257 2853 5350 τά
2888 5257 3240 5350 ἐπιτάγματα
3269 5257 3485 5346 καὶτῆς
3518 5274 3678 5341 ἄκρας
3716 5257 3846 5354 ἁπτός

2231 5385 2368 5439 μενα
2415 5368 2664 5439 κορυφῆς
2684 5407 2700 5431 ,
2744 5369 2908 5438 φησίν
2931 5384 2944 5399 ·
2981 5369 3176 5432 Ὅπως
3227 5367 3484 5435 γένησθε
3539 5360 3733 5439 ὅμοιοι*
3762 5359 3842 5399 του

2228 5437 2460 5523 harpag
2487 5437 2656 5525 υμῶν
2693 5457 2796 5509 τοῦ
2844 5456 2916 5508 ἐν
2947 5455 3072 5521 τοῖς
3108 5453 3406 5521 οὐρανοῖς,
3451 5450 3539 5502 ὅτι
3580 5445 3678 5497 τὸν
3705 5437 3847 5525 ﬁrm":

2228 5515 2415 5596 αὑτοῦ
2437 5515 2770 5597 ’ἀνατέλλει
2806 5543 2903 5595 ἐπὶ
2955 5515 3260 5609 πονηροὺς
3297 5515 3396 5593 καὶ
3457 5515 3845 5622 ἀταθθᾷζξωὶ

2221 5629 2431 5699 βρέχει
2475 5630 2574 5683 ἐπὶ
2609 5629 2880 5697 δικαίους
2921 5630 3018 5683 καὶ
3056 5629 3324 5693 ἀδίκους.
3363 5621 3512 5686 Εἶδες
3551 5616 3680 5672 κατὰ
3721 5612 3846 5699 δύνεις

2232 5689 2706 5788 μψινιάνθρωπίνην
2739 5689 3174 5789 τίνισπαρόμοιος
3205 5689 3410 5783 γίνεται
3453 5713 3481 5764 ὁ
3516 5707 3586 5782 μὴ
3623 5689 3845 5799 μένον

2230 5781 2569 5873 ἀμυνόμενος
2599 5781 2724 5867 τούς
2761 5781 3161 5875 λελυπηκότας,
3199 5781 3335 5857 ἀλλά
3367 5800 3458 5853 καὶ
3499 5781 3844 5882 πρῗσεύχεῗθω

2236 5888 2377 5959 ὑπὲρ
2409 5890 2588 5942 αὐτῶν
2635 5889 2980 5956 σπουδάζων;
3015 5891 3106 5962 Μὴ
3139 5891 3313 5942 τοίνυν
3342 5879 3844 5962 ἀποστερῶμεν-,έινμ

2234 5975 2359 6038 τοὺς
2397 5974 2486 6029 διά
2536 5975 2803 6046 ρᾳθυμίαν
2850 5976 3106 6031 τοιούτων
3143 5975 3358 6046 δωρεῶν
3388 5965 3605 6024 καὶτῶν
3640 5954 3842 6013 ἐπάθλων
