4078 6422
230 449 345 511 249

231 566 573 638 supplicabat
595 564 783 620 eodem
810 563 1003 627 modo,
1034 578 1141 633 quo
1167 561 1258 617 ille
1282 571 1434 616 antea
1461 561 1678 615 domino
1697 601 1712 626 ,
1743 557 1826 614 di-

233 673 376 715 cens
399 698 412 711 .
449 656 754 711 Patientiam
775 653 901 709 Itabc
919 654 971 707 in
992 670 1091 716 me,
1113 662 1158 706 et
1178 653 1347 707 omnia
1371 652 1458 705 tibi
1482 650 1711 705 reddam.
1734 648 1836 704 Ille

236 761 434 817 autem,
463 748 652 817 inquit,
676 763 926 818 egressus.
956 744 1169 813 coniecit
1195 744 1343 797 illum
1367 743 1421 797 in
1445 758 1717 807 carcerem,
1743 741 1837 794 do-

239 857 339 894 nec
358 856 504 893 omne
525 838 741 892 debitum
764 837 858 890 sibi
880 846 1161 890 numeraret
1178 833 1387 905 (Matth.
1409 834 1495 888 18.
1517 833 1633 903 50).
1657 833 1701 887 0
1722 832 1837 886 aui-

242 947 394 985 mum
416 944 627 984 smnme
657 928 954 996 ingratum!
982 926 1157 981 adhuc
1183 925 1384 980 recenti
1410 925 1663 978 memoria
1690 932 1839 977 tene-

242 1022 362 1088 bat,
394 1031 589 1091 quanta
618 1019 868 1075 dominus
892 1018 1209 1073 liberalitate
1230 1032 1414 1071 secum
1439 1025 1639 1086 egerat,
1664 1028 1837 1083 neque

240 1114 327 1169 sic
355 1112 528 1181 aliqua
558 1111 1026 1166 commiseratione
1065 1119 1242 1164 motus
1270 1117 1353 1162 est
1383 1125 1396 1161 :
1429 1105 1522 1161 sed
1555 1106 1699 1168 prius
1722 1104 1840 1175 qui-

240 1205 373 1261 dem
400 1202 715 1268 sutl‘ocabat,
744 1217 888 1257 nunc
910 1215 1042 1256 vero
1067 1201 1119 1256 in
1145 1214 1417 1255 carcerem
1442 1197 1693 1267 conjecit.

322 1297 377 1352 7.
406 1294 672 1351 Caeterum
711 1294 829 1348 vide
857 1292 981 1362 quid
1020 1300 1272 1362 sequatur
1302 1307 1315 1344 :
1352 1289 1419 1344 Ut
1448 1289 1677 1344 viderunt
1697 1329 1713 1350 ,
1751 1288 1838 1342 in.

245 1388 389 1459 quit,
415 1386 640 1442 conservi
662 1386 822 1452 illius,
853 1384 1134 1439 contristati
1170 1392 1288 1437 sunt
1312 1398 1331 1438 :
1354 1391 1403 1437 et
1430 1396 1487 1435 ut
1513 1390 1750 1436 utmeruut
1774 1381 1842 1435 ad

246 1478 514 1533 dominum
538 1494 704 1541 suum,
737 1493 841 1530 rem
867 1492 1063 1530 omnem
1093 1474 1417 1529 declararunt
1443 1471 1613 1544 (Ibid.
1644 1490 1692 1528 υ.
1722 1471 1837 1539 3i).

244 1570 370 1625 Non
398 1569 488 1625 ille
509 1568 724 1640 quidem
755 1568 842 1636 qui
870 1568 941 1622 ita
968 1567 1106 1622 male
1132 1566 1351 1622 affectus
1375 1573 1524 1633 erat,
1554 1563 1844 1638 (quomodo

246 1662 398 1718 enim
425 1661 706 1730 potuisset.
738 1659 791 1714 in
818 1674 1089 1715 carcerem
1117 1658 1388 1728 conjectus
1403 1658 1453 1726 ?)
1477 1659 1570 1713 sed
1596 1658 1684 1711 alii
1708 1672 1843 1712 con-

252 1754 424 1817 servi,
446 1760 503 1808 et
525 1752 615 1823 qui
644 1751 787 1806 nnila
818 1751 1006 1821 injuria
1031 1750 1226 1816 all‘ecti,
1249 1750 1400 1820 quasi
1428 1750 1617 1818 injuria
1643 1748 1844 1814 sﬂecti,

251 1844 330 1898 ita
357 1843 531 1900 mmsti
563 1852 712 1897 erant
734 1883 749 1910 ,
778 1842 1159 1912 dominumque
1186 1842 1446 1898 adeuntes
1467 1881 1483 1908 ,
1518 1856 1629 1896 rem
1660 1856 1846 1895 naria-

252 1944 469 1991 verunt.
502 1932 619 1989 Jam
649 1933 770 1988 vide
795 1932 996 1989 domini
1036 1932 1471 2003 indignationem.
1502 1931 1644 1986 Tunc
1671 1949 1845 1986 arcer-

250 2026 355 2079 sito
381 2042 458 2091 eo,
487 2025 678 2094 inquit,
709 2025 826 2079 dicit
849 2041 870 2079 :
895 2024 1050 2080 Serve
1074 2041 1287 2094 nequam
1309 2023 1469 2096 (Ibid.
1491 2039 1538 2077 υ.
1568 2022 1681 2094 52).
1707 2023 1846 2080 Vere

251 2116 345 2170 liic
374 2115 551 2171 videre
591 2116 713 2171 licet
738 2131 899 2184 quam
934 2116 1287 2185 perniciosum
1315 2116 1387 2171 sit
1414 2114 1722 2184 injuriarum
1756 2131 1845 2169 re-

253 2208 489 2262 minisci.
511 2206 774 2275 Quoniam
797 2221 921 2262 cum
951 2206 1140 2262 decem
1172 2207 1330 2260 millia
1360 2207 1552 2261 talenta
1579 2205 1843 2276 exigebat,

253 2313 368 2352 nun
412 2297 620 2352 vocavit
663 2312 789 2353 eum
826 2297 1021 2352 malum
1051 2314 1066 2351 :
1097 2297 1193 2351 sed
1227 2311 1401 2361 nunc,
1436 2310 1557 2350 cum
1586 2311 1848 2353 conservo

250 2386 491 2443 crudelis
527 2387 647 2451 fuit,
683 2387 838 2444 Serve
865 2404 1099 2459 nequam.
1132 2388 1324 2458 inquit,
1351 2404 1498 2441 omne
1521 2387 1740 2441 debitum
1768 2404 1849 2443 re-

253 2481 379 2534 misi
407 2482 529 2546 tibi,
555 2482 675 2551 quia
701 2483 889 2551 rogasti
917 2499 1015 2537 me.
1044 2481 1179 2537 Vide
1203 2482 1474 2551 quomodo
1502 2481 1736 2537 declarat
1764 2480 1848 2536 iu-

260 2579 478 2640 gentem
509 2573 624 2641 ejus
661 2573 939 2629 malitiam.
974 2572 1108 2627 Num
1141 2573 1340 2643 aliquid
1376 2573 1602 2643 amplius
1641 2573 1850 2629 fecisti?

254 2661 453 2730 iquit.
478 2660 665 2717 Nonne
690 2664 913 2732 paucula
945 2674 1146 2718 tantum
1176 2665 1335 2719 verba
1358 2664 1560 2727 dixisti,
1587 2673 1642 2720 et
1668 2678 1851 2720 susce-

256 2761 349 2822 pta
388 2752 643 2820 petitione
680 2763 767 2808 tua
807 2762 973 2811 totum
1016 2754 1143 2809 illud
1188 2755 1391 2825 grande
1430 2764 1486 2810 et
1525 2755 1845 2811 immensum

252 2843 497 2899 debittuu
520 2844 732 2899 remisi?
757 2842 945 2900 Nonne
963 2856 1010 2899 et
1033 2857 1079 2901 te
1102 2846 1329 2901 misereri
1347 2846 1601 2917 oportebat
1625 2847 1849 2901 conserui

253 2935 332 2989 tui
351 2976 368 3001 ,
398 2936 525 2989 sicut
549 2944 597 2990 et
625 2952 715 3007 ego
744 2937 819 2991 tui
857 2938 1090 2993 misertus
1125 2955 1237 2992 sum
1275 2936 1450 3009 (Ibid.
1482 2954 1530 2992 υ.
1562 2939 1708 3010 53)?
1733 2940 1847 3005 Qua

252 3028 454 3098 dignus
478 3030 586 3084 eris
612 3030 784 3093 venia,
811 3030 856 3084 si
876 3046 978 3101 ego
1001 3030 1245 3086 dominus
1272 3042 1392 3087 tuus
1413 3043 1614 3088 tantum
1640 3033 1848 3104 pondus

257 3118 562 3175 debitorum
599 3130 817 3190 propter
853 3122 942 3177 illa
979 3122 1117 3178 nuda
1146 3123 1306 3179 verba
1332 3123 1507 3179 dimisi
1540 3142 1554 3178 :
1585 3135 1640 3179 tu
1668 3134 1845 3180 autem

253 3212 505 3265 conservi
536 3212 642 3276 tui,
676 3213 765 3281 qui
796 3222 879 3268 est
902 3213 1140 3283 ejusdem
1172 3223 1408 3279 natum,
1438 3231 1543 3270 non
1570 3230 1630 3271 es
1656 3217 1847 3271 miser-

258 3310 349 3355 tus
366 3341 385 3365 ,
413 3316 584 3371 neque
613 3300 812 3358 inflecti
844 3304 1058 3373 potuisti
1082 3347 1100 3372 ,
1128 3321 1299 3375 neque
1329 3306 1636 3361 recordatus
1659 3322 1847 3363 eorum

254 3405 382 3460 qum
410 3405 441 3444 a
467 3406 552 3445 me
577 3390 669 3446 tibi
694 3407 950 3448 concessa
977 3403 1123 3463 sunt,
1145 3396 1303 3450 ullam
1326 3396 1848 3453 commiserationem

257 3499 376 3553 pra:
406 3492 457 3538 te
484 3484 646 3539 tulisti
665 3524 680 3550 ,
708 3485 801 3541 sed
833 3486 1154 3543 inhumanus
1177 3488 1319 3545 luisti
1345 3498 1399 3545 et
1422 3489 1685 3554 crudelis,
1714 3506 1849 3546 cun-

256 3572 510 3644 scrvique
532 3575 774 3631 misereri
801 3577 1056 3632 noluisti?
1083 3578 1281 3634 Idcirco
1303 3578 1391 3635 hic
1414 3581 1624 3637 tandem
1652 3598 1712 3638 re
1733 3583 1847 3653 ipsa

255 3666 438 3721 disces
459 3676 778 3737 quantorum
811 3670 903 3724 tibi
931 3670 1031 3740 ipsi
1062 3672 1321 3727 malorum
1352 3682 1538 3729 auctor
1566 3673 1749 3729 fueris.
1779 3675 1849 3729 Et

256 3759 421 3811 iratus
447 3758 682 3813 dominus
708 3761 850 3831 ejus,
877 3761 1085 3816 tradidit
1122 3762 1266 3817 illum
1305 3764 1574 3820 tortoribus
1598 3764 1618 3831 (
1631 3763 1767 3819 Ibid.
1797 3782 1847 3821 tt.

257 3849 381 3919 34).
431 3849 560 3905 Vide
602 3862 658 3906 et
702 3868 841 3910 nunc
886 3854 1058 3924 ipsqu
1106 3855 1263 3911 irasci
1301 3856 1372 3911 ob
1411 3856 1847 3915 inbumanitatem

257 3954 386 4008 erga
408 3954 618 3996 servqu
638 3949 692 3997 et
712 3943 1000 3999 tortoribus
1026 3946 1171 4001 illum
1194 3947 1401 4003 tradere
1427 3965 1439 4001 :
1470 3949 1520 4003 id
1540 3951 1681 4019 quod
1702 3952 1849 4019 prius

258 4045 372 4084 non
409 4030 561 4096 fecit,
599 4046 721 4086 cum
753 4042 830 4088 tot
862 4034 1161 4091 debitorum
1190 4051 1316 4092 rens
1347 4047 1526 4105 esset,
1555 4055 1696 4094 nunc
1734 4042 1848 4096 fieri

260 4119 429 4188 iubet.
460 4120 692 4177 Tradidit
717 4125 857 4178 enim
887 4125 1033 4179 illum
1061 4129 1359 4194 tortoribus,
1387 4131 1545 4184 donec
1581 4148 1728 4185 omne
1756 4133 1848 4186 de-

260 4211 419 4265 bitum
448 4214 675 4268 redderet
703 4231 723 4269 :
748 4215 953 4281 donec,
984 4218 1184 4288 inquit,
1213 4220 1396 4274 decem
1424 4220 1588 4276 millia
1617 4223 1811 4281 talenta
1832 4265 1848 4291 ,

257 4317 384 4370 qua:
407 4301 517 4372 jam
550 4307 770 4361 remissa
796 4316 981 4375 erant,
1008 4308 1389 4367 dinumeraret.
1422 4311 1606 4383 Magna
1635 4322 1691 4369 et
1716 4314 1851 4369 inef-

262 4390 440 4446 fabilis
471 4393 563 4448 Dei
588 4394 869 4453 clementia
902 4414 916 4450 :
947 4414 1068 4454 cum
1109 4400 1221 4468 ipse
1247 4401 1461 4470 quidem
1488 4403 1723 4459 debitum
1766 4420 1851 4459 re-

262 4492 490 4550 peteret,
519 4484 584 4538 ad
611 4485 781 4541 nudas
811 4495 1013 4543 tantum
1041 4504 1228 4560 preces
1253 4500 1421 4546 totum
1445 4493 1666 4548 remittit
1690 4511 1703 4549 :
1726 4510 1847 4550 cum

261 4580 443 4626 autem
470 4574 523 4627 in
550 4588 862 4631 conservum
904 4579 1046 4634 videt
1081 4581 1351 4636 crudelem
1379 4592 1435 4637 et
1460 4584 1806 4640 inluunanum
1830 4628 1846 4653 ,

261 4674 418 4716 suam
449 4673 668 4719 revocat
695 4667 1060 4725 liberalitatem
1082 4711 1098 4735 ,
1126 4681 1429 4728 monstrans
1455 4674 1528 4729 illi
1558 4692 1623 4730 ex
1654 4692 1712 4731 re
1736 4677 1848 4747 ipsa

260 4766 376 4820 quo
402 4763 555 4822 pacto
580 4771 685 4810 non
716 4769 821 4812 tam
850 4759 1021 4827 illum,
1048 4777 1205 4831 quam
1231 4778 1291 4817 se
1320 4763 1492 4833 ipsum
1517 4766 1845 4823 olfendisset.

262 4842 334 4897 Et
363 4843 498 4899 sicut
537 4846 627 4902 ille
653 4862 971 4906 conservum
1005 4851 1060 4906 in
1095 4868 1367 4908 carcerem
1396 4857 1651 4926 conjecit,
1679 4858 1850 4916 donec

260 4933 503 4989 debitum
530 4936 815 4994 redderet:
842 4941 911 4995 ita
936 4949 990 4995 ct
1019 4942 1131 5012 ipse
1158 4946 1446 5001 tortoribus
1478 4948 1722 5014 traditur,
1749 4950 1850 5004 do-

263 5039 369 5079 nec
401 5027 541 5095 quod
575 5027 803 5085 debebat
840 5043 1163 5087 numeraret.
1194 5033 1319 5090 Haec
1344 5045 1520 5092 autem
1548 5053 1657 5093 non
1680 5038 1747 5095 de
1772 5048 1853 5095 ta-

265 5114 429 5170 lentis
448 5126 500 5172 et
519 5118 747 5174 denariis
771 5123 1082 5193 simpliciter
1103 5124 1254 5191 dixit,
1278 5126 1372 5181 sed
1390 5126 1460 5182 de
1486 5131 1715 5197 peccatis
1737 5140 1853 5186 erat

260 5219 448 5260 sermo
471 5217 526 5261 et
551 5208 868 5267 delictorum
908 5215 1268 5282 magnitudine
1287 5257 1303 5283 ,
1332 5226 1389 5271 ut
1415 5218 1683 5275 discamus
1704 5262 1721 5287 ,
1754 5236 1852 5276 nos

263 5299 480 5365 quidem
511 5301 835 5357 intinitorum
881 5316 1219 5372 peccatorum
1263 5322 1448 5374 pinnas
1493 5309 1719 5367 Domino
1751 5311 1849 5367 de—

262 5392 483 5456 bentes,
512 5405 729 5465 propter
759 5396 1081 5453 ineffabilem
1112 5400 1252 5455 illius
1276 5403 1695 5458 misericordiam
1714 5445 1731 5471 ,
1762 5419 1851 5460 re-

264 5482 579 5539 missionem
620 5487 688 5540 ab
728 5485 845 5555 ipso
882 5489 1144 5557 accipere.
1175 5489 1233 5544 Si
1260 5506 1387 5546 vero
1413 5508 1535 5563 erga
1565 5509 1853 5563 conservos

261 5583 320 5626 et
352 5575 644 5643 proximos,
672 5586 726 5630 et
753 5593 868 5641 eos,
897 5579 985 5649 qui
1023 5581 1265 5636 eamdem
1293 5597 1452 5652 quam
1485 5600 1582 5639 nos
1611 5595 1851 5640 naturam

259 5666 442 5722 sortiti
467 5677 630 5735 sunt,
653 5668 899 5725 crudeles
928 5681 983 5727 et
1021 5670 1292 5727 inhumani
1338 5673 1592 5732 fuerimus
1613 5716 1629 5742 ,
1656 5686 1712 5733 et
1732 5694 1852 5747 qua:

262 5760 321 5815 in
354 5774 453 5813 nos
479 5762 766 5817 commissa
795 5772 918 5818 sunt
956 5780 1063 5819 non
1091 5764 1453 5824 dimiserimus
1473 5808 1488 5830 .
1521 5767 1615 5824 sed
1656 5782 1756 5838 pro
1792 5785 1853 5826 re

264 5855 454 5911 frivola
478 5855 688 5912 molesti
716 5855 970 5919 fuerimus
995 5856 1270 5929 (quantum
1301 5860 1442 5915 enim
1470 5859 1689 5917 interest
1713 5862 1851 5919 inter

1289 446 1354 504 IN
1391 447 1542 503 CAP.
1586 444 1678 501 ix.
1705 444 1948 501 (ΖΕΝΕὰ
1991 443 2219 499 HOMIL.
2263 441 2477 501 XXVII.

3419 440 3527 498 250

1939 566 2154 612 centum
2180 556 2429 612 denarios
2449 596 2469 622 ,
2497 564 2552 611 et
2576 553 2763 611 decem
2790 553 2956 610 millia
2982 554 3178 610 talenta
3202 595 3218 621 ,
3246 564 3448 610 tantum
3472 566 3528 611 et

1942 650 2082 704 inter
2101 665 2164 705 ea
2189 666 2309 719 qua:
2337 665 2435 704 nos
2461 648 2512 703 in
2543 647 2826 703 Dominum
2845 690 2861 713 ,
2887 656 2943 703 et
2966 664 3028 703 ea
3051 663 3170 718 qua
3198 663 3530 719 congeneres

1941 741 1993 796 in
2022 755 2121 796 nos
2144 740 2524 811 deliquerunt),
2551 750 2675 795 tunc
2698 748 2753 795 et
2779 754 2880 795 nos
2903 739 2955 794 in
2986 739 3397 809 indignationem
3425 739 3532 794 Do-

1941 832 2073 886 mini
2100 830 2425 895 incidemus,
2452 839 2508 886 et
2542 845 2607 886 ea
2635 845 2753 900 qua:
2778 826 2889 899 jan't
2918 838 3074 883 antea
3102 828 3320 884 dimissa
3345 837 3530 895 erant,

1942 924 2151 979 solvere
2187 923 2379 978 iterum
2418 923 2472 977 in
2513 923 2795 978 tormentis
2830 936 3102 991 cogemur.
3134 921 3303 977 Porro
3328 930 3387 976 ut
3412 921 3534 977 dilic

1941 1026 2132 1086 genter
2164 1014 2434 1070 discamus
2478 1015 2782 1084 parabolam
2824 1015 2962 1069 lianc
3000 1013 3071 1069 ob
3103 1015 3401 1069 animarum
3431 1029 3531 1068 uo-

1943 1117 2175 1163 strarum
2201 1108 2426 1163 salutem
2454 1122 2483 1160 a
2513 1107 2738 1161 Domino
2766 1105 3073 1171 adductam,
3105 1106 3228 1161 audi
3255 1120 3376 1176 qua:
3401 1105 3534 1160 infe.

1943 1206 2134 1253 runtur
2159 1215 2175 1252 :
2200 1197 2290 1253 Sic
2313 1207 2361 1252 et
2391 1197 2545 1251 Pater
2567 1208 2727 1252 uester
2750 1196 2960 1252 celestis
2987 1197 3139 1266 faciet
3158 1197 3314 1261 vobis,
3338 1196 3535 1267 inquit,

1943 1290 1988 1344 si
2032 1305 2135 1344 non
2181 1290 2522 1359 unusquisque
2568 1289 2716 1360 fratri
2760 1304 2852 1342 suo
2900 1288 3192 1341 remiseritis
3232 1303 3260 1341 e
3300 1287 3538 1342 cordibus

1945 1383 2120 1436 uestris
2145 1382 2328 1437 delicta
2352 1382 2556 1435 illorum
2579 1380 2599 1452 (
2623 1380 2804 1434 Matth.
2830 1379 2917 1435 18.
2947 1379 3018 1435 '55
3035 1377 3080 1452 ).
3106 1378 3352 1449 Magnum
3378 1393 3536 1448 para-

1946 1473 2083 1528 bula:
2109 1473 2339 1537 lucrum,
2371 1471 2529 1525 modo
2557 1470 2832 1525 attendere
2854 1471 3202 1526 voluerimus.
3228 1468 3364 1536 Quid
3389 1468 3535 1524 enim

1949 1572 2153 1618 tantum
2185 1563 2478 1632 poterimus
2498 1561 2786 1627 dimittere,
2808 1571 3058 1631 quantum
3087 1561 3241 1614 nobis
3260 1575 3289 1615 a
3312 1560 3537 1615 Domino

1946 1654 2270 1709 dimittitur?
2299 1654 2367 1710 Et
2402 1670 2498 1709 nos
2525 1653 2741 1724 quidem
2787 1653 2833 1707 si
2877 1653 2980 1706 hoc
3017 1652 3377 1719 voluerimus,
3403 1667 3538 1707 con-

1947 1748 2117 1803 servis
2146 1747 2500 1813 remittimus;
2531 1747 2629 1816 ipsi
2670 1761 2799 1801 vero
2834 1762 2863 1799 a
2900 1746 3125 1800 Domino
3168 1746 3539 1802 remissionem

1948 1838 2261 1909 accipimus.
2291 1837 2361 1892 Et
2397 1838 2520 1893 vide
2559 1845 2614 1890 ut
2652 1836 2936 1907 diligenter
2970 1835 3177 1906 singula
3217 1844 3341 1889 sunt
3374 1834 3541 1889 dicta.

1952 1927 2066 1983 Non
2099 1928 2241 1982 enim
2268 1927 2405 1982 dixit
2440 1928 2784 1997 simpliciter,
2810 1927 2866 1983 Si
2897 1944 3002 1982 non
3029 1928 3338 1983 dimiseritis
3363 1928 3539 1982 Immi-

1949 2019 2104 2072 nibus
2134 2027 2346 2088 peccata
2380 2034 2394 2070 :
2425 2017 2544 2082 sed,
2574 2018 2637 2072 Si
2665 2034 2766 2072 non
2796 2018 3136 2089 unusquisque
3162 2019 3309 2088 fratri
3335 2034 3428 2072 suo
3458 2028 3539 2072 re-

1948 2113 2185 2168 miseritis
2203 2129 2232 2166 e
2249 2111 2482 2168 cordibus
2503 2113 2677 2167 uestris
2701 2112 2886 2166 delicta
2904 2112 3131 2166 illorum.
3156 2112 3386 2167 Advorte
3406 2128 3538 2182 quo-

1949 2206 2111 2261 modo
2152 2205 2264 2260 vult
2313 2220 2408 2260 cor
2455 2215 2696 2260 nostrum
2746 2205 2797 2259 in
2841 2205 3022 2274 quiete
3060 2213 3116 2260 et
3162 2205 3539 2276 tranquillitate

1949 2312 2089 2358 esse,
2111 2306 2165 2351 et
2192 2307 2422 2351 mentem
2452 2305 2688 2350 nostram
2717 2310 2747 2349 a
2776 2296 3260 2365 perturbationibus
3286 2298 3537 2362 alienam,

1950 2388 2423 2458 alfectionibusque
2457 2389 2706 2443 omnibus
2734 2388 2954 2443 liberam
2974 2429 2991 2456 ,
3024 2389 3414 2459 plurimumque
3441 2406 3538 2444 nos

1949 2496 2076 2552 erga
2103 2481 2399 2551 proximum
2427 2481 2729 2537 dilectionis
2754 2481 2986 2537 studium
3017 2481 3314 2542 declarare.
3342 2483 3408 2537 Et
3435 2484 3540 2538 a'io

1950 2588 2165 2642 quoque
2192 2572 2310 2628 loco
2338 2573 2528 2627 iterum
2562 2572 2829 2628 dicentem
2869 2572 3056 2627 audire
3094 2573 3219 2628 licet
3248 2591 3261 2626 :
3296 2572 3357 2629 Si
3385 2575 3541 2628 dimi-

1949 2664 2113 2719 seritis
2137 2664 2421 2718 hominibus
2444 2664 2630 2718 delicta
2655 2664 2881 2728 illorum,
2910 2664 3127 2718 dimittet
3149 2673 3196 2718 et
3220 2666 3358 2719 vobis
3384 2664 3542 2720 Pater

1948 2764 2107 2809 vester
2128 2755 2341 2809 ctclestis
2366 2754 2581 2824 (Matth.
2610 2754 2664 2809 6.
2694 2754 2803 2822 14).
2832 2754 2909 2808 Ne
2938 2754 3094 2824 igitur
3118 2764 3381 2824 putemus,
3413 2755 3543 2810 dum

1952 2845 2054 2901 hoc
2078 2846 2320 2909 facimus,
2349 2860 2448 2900 nos
2471 2846 2622 2899 alteri
2649 2844 2955 2914 gratiﬁcari,
2982 2854 3072 2899 aut
3098 2860 3346 2913 magnum
3372 2847 3541 2915 quod-

1950 2938 2070 2993 dam
2096 2938 2408 2993 beneficium
2434 2938 2571 3006 apud
2596 2938 2743 2992 illum
2770 2937 3058 3006 deponere.
3081 2936 3211 2991 Nam
3236 2937 3333 3007 ipsi
3355 2951 3540 2992 sumus

1949 3031 2039 3101 qui
2082 3030 2344 3085 beneficio
2385 3029 2636 3093 fruimur,
2676 3036 2731 3083 et
2773 3030 2997 3083 multum
3046 3029 3180 3083 lucri
3227 3028 3349 3083 inde
3386 3029 3541 3084 nobis

1949 3119 2298 3174 conciliamus
2330 3137 2343 3173 :
2372 3119 2508 3174 sicut
2534 3119 2692 3176 etiam
2721 3119 2765 3172 si
2794 3117 2895 3172 hoc
2921 3133 3028 3173 non
3066 3117 3391 3186 fecerimus,
3421 3134 3540 3172 om-

1952 3209 2080 3263 nino
2107 3207 2238 3262 nihil
2272 3222 2367 3264 eos
2396 3208 2589 3263 hedera
2628 3208 2921 3278 poterimus
2943 3249 2959 3274 ,
2996 3209 3151 3264 nobis
3194 3208 3324 3278 ipsis
3361 3216 3539 3263 autem

1951 3299 2336 3355 intolerabilem
2363 3299 2622 3369 gehennae
2649 3313 2858 3368 ptenam
2885 3314 3155 3370 paramus.
3187 3297 3410 3367 Idcirco,
3444 3301 3543 3355 ob-

1950 3405 2105 3447 secro
2126 3432 2143 3460 ,
2169 3402 2229 3447 ut
2254 3392 2549 3460 cogitantes
2574 3390 2688 3446 hiec
2709 3432 2726 3456 ,
2757 3406 3042 3461 numquam
3074 3393 3414 3450 admittamns
3438 3436 3453 3461 ,
3482 3402 3542 3449 ut

1950 3499 2135 3539 eorum
2170 3485 2259 3554 qui
2291 3498 2388 3539 nos
2415 3484 2798 3539 contristarunt
2820 3523 2836 3548 ,
2874 3483 2960 3537 vel
2997 3483 3129 3538 alias
3169 3484 3538 3550 oilenderunt,

1950 3576 2158 3646 injuriae
2194 3577 2634 3643 reminiscamur,
2664 3575 2749 3631 vel
2795 3576 3012 3630 inimico
3039 3577 3217 3630 animo
3253 3592 3377 3647 erga
3420 3578 3540 3633 illos

1949 3666 2283 3723 efficiamur:
2314 3668 2408 3724 sed
2440 3668 2845 3723 considerantes
2868 3677 3062 3738 quanta
3104 3667 3206 3723 huc
3234 3667 3387 3723 nobis
3412 3669 3545 3724 affe-

1951 3769 2035 3814 rat
2076 3759 2330 3814 beneficia
2355 3799 2370 3825 ,
2401 3768 2456 3814 et
2481 3769 2731 3829 quantam
2761 3759 2900 3830 apud
2943 3759 3222 3814 Dominum
3254 3757 3543 3825 ﬁduciam;

1951 3862 2006 3908 et
2041 3863 2166 3907 ante
2200 3854 2376 3907 omnia
2397 3893 2412 3918 ,
2444 3852 2584 3923 quod
2615 3850 2946 3907 reconciliari
2976 3866 3096 3906 cum
3128 3852 3193 3906 iis
3217 3853 3305 3922 qui
3336 3867 3435 3908 uos
3460 3853 3545 3907 in-

1948 3946 2086 4014 juria
2113 3943 2360 4009 aliecerr,
2386 3951 2725 4013 peccatorum
2749 3951 3052 3997 nostrorum
3074 3943 3379 4012 absumptio
3395 3960 3542 4014 quas-

1950 4037 2073 4091 dam
2105 4035 2174 4089 sit
2205 4053 2219 4088 :
2247 4034 2557 4089 festinemus
2593 4042 2645 4090 et
2682 4032 2996 4087 anhelamus
3033 4041 3091 4087 ut
3130 4042 3371 4103 paratum
3418 4034 3545 4089 inde

1910 4116 1913 4119 ’
1951 4126 2154 4179 lucrum
2183 4131 2512 4192 reputantes,
2544 4132 2649 4176 tam
2677 4121 2900 4176 officiosi
2933 4122 2984 4176 in
3012 4137 3107 4177 eos
3136 4123 3301 4176 simus
3325 4121 3414 4192 qui
3441 4140 3543 4177 nus

1952 4215 2307 4281 offenderunt,
2333 4229 2491 4284 quam
2518 4229 2701 4268 suums
2729 4213 2780 4267 in
2807 4227 2900 4267 eos
2928 4214 3017 4284 qui
3045 4230 3169 4269 vere
3199 4214 3352 4270 nobis
3379 4215 3544 4270 bene-

1954 4309 2169 4365 faciunt.
2200 4308 2332 4363 Nam
2370 4308 2414 4362 si
2446 4309 2710 4377 sapimus,
2741 4322 2845 4360 non
2875 4307 2944 4361 ita
2975 4307 3128 4362 nobis
3159 4306 3412 4376 prodesse
3443 4323 3540 4377 po-

1953 4412 2129 4457 terunt
2158 4402 2248 4473 qui
2274 4400 2517 4456 benevoli
2548 4399 2600 4454 in
2632 4415 2731 4454 nos
2764 4408 2888 4455 sunt
2913 4407 2970 4454 et
2999 4399 3261 4455 demereri
3290 4401 3541 4469 cupiunt,

1954 4507 2009 4549 ut
2039 4495 2262 4551 istorum
2289 4495 2463 4550 cultus
2493 4502 2546 4549 et
2573 4492 2876 4548 observatio
2899 4492 3136 4547 divinum
3167 4492 3402 4549 favorem
3442 4510 3542 4547 no-

1954 4586 2034 4641 bis
2062 4584 2385 4651 coneiliabit,
2416 4597 2621 4654 nosque
2645 4583 2857 4638 sarcina
2882 4592 3221 4653 peccatorum
3251 4583 3467 4638 levabit.

2024 4676 2077 4751 8.
2103 4675 2185 4730 De
2208 4675 2614 4730 reconciliatione
2631 4684 2682 4727 et
2697 4690 2868 4727 amore
2885 4673 3222 4728 inimicorum.
3240 4701 3313 4714 —
3331 4675 3542 4743 Cogita,

1952 4768 2200 4834 obsecro,
2232 4765 2447 4831 dilecte,
2476 4773 2670 4835 quanta
2695 4764 2765 4817 sit
2792 4763 2948 4832 hujus
2977 4763 3184 4818 virtutis
3211 4763 3546 4833 magnitudo,

1953 4867 2009 4912 et
2034 4857 2180 4913 disce
2205 4857 2290 4912 vel
2319 4871 2387 4911 ex
2428 4854 2660 4925 praemiis
2700 4869 2818 4922 qua:
2860 4861 3081 4922 propter
3121 4853 3264 4907 illam
3305 4853 3544 4907 universi

1959 4949 2213 5005 Dominus
2242 4949 2505 5019 promisit.
2532 4946 2664 5002 Nam
2689 4962 2810 5000 cum
2836 4945 3058 5000 dixisset
3086 4963 3101 4999 :
3132 4944 3343 5017 Diligite
3365 4946 3541 4999 inimi-

1947 5061 2037 5100 cos
2059 5056 2263 5111 vestros,
2288 5043 2558 5099 benedicite
2577 5043 2648 5097 eis
2669 5041 2757 5114 qui
2783 5051 3143 5108 persequuntur
3163 5055 3267 5102 vos,
3292 5051 3429 5097 orate
3448 5058 3546 5109 pro

1955 5136 2382 5190 calumniantibus
2405 5150 2490 5188 vos
2514 5131 2725 5205 (Matth.
2748 5131 2802 5187 5.
2831 5130 2921 5201 44)
2952 5150 2965 5182 :
2991 5132 3111 5201 quia
3142 5131 3393 5185 sublimia
3418 5141 3543 5185 sunt

1950 5236 2218 5297 prmcepta
2241 5266 2254 5289 ,
2295 5236 2669 5292 summumque
2705 5222 2957 5276 verticem
2991 5219 3257 5291 tangentia
3278 5262 3291 5284 ,
3325 5220 3492 5291 inquit
3525 5239 3543 5276 :

1961 5317 2029 5373 (lt
2057 5316 2340 5388 efﬁciamini
2362 5314 2549 5370 similes
2578 5312 2726 5367 Patri
2746 5321 2924 5373 uestro,
2946 5311 3033 5381 qui
3059 5311 3111 5364 in
3135 5311 3272 5364 telis
3291 5320 3362 5365 est
3387 5325 3408 5364 :
3424 5311 3544 5380 quia

1955 5408 2112 5463 solem
2139 5423 2286 5461 suum
2309 5405 2432 5459 oriri
2452 5404 2573 5476 facit
2600 5419 2750 5473 super
2777 5403 2931 5456 bonos
2955 5410 3002 5455 et
3027 5401 3209 5467 malos,
3234 5410 3280 5454 et
3305 5401 3432 5472 ptuit
3456 5418 3546 5455 su-

1955 5516 2045 5570 per
2078 5502 2243 5568 justas
2276 5507 2321 5550 et
2356 5497 2571 5567 injustas
2603 5495 2622 5566 (
2643 5493 2775 5552 Ibid.
2811 5508 2859 5548 υ.
2900 5492 3014 5562 45).
3056 5490 3247 5546 Vidisti
3286 5500 3542 5561 quantum

1957 5590 2174 5644 facultas
2196 5589 2296 5643 fert
2316 5588 2569 5651 humana,
2586 5587 2667 5639 cui
2684 5583 2872 5638 similis
2893 5586 2983 5637 fiat
3001 5582 3088 5653 qui
3111 5598 3216 5637 non
3238 5582 3410 5637 solum
3434 5599 3543 5639 non

1957 5682 2230 5736 ulciscitur
2254 5695 2376 5734 eum
2403 5678 2493 5749 qui
2533 5676 2782 5740 offendit,
2811 5675 2905 5731 sed
2932 5685 2985 5731 et
3012 5689 3109 5744 pro
3139 5688 3204 5728 eo
3231 5686 3387 5728 orare
3425 5682 3544 5728 stu-

1955 5772 2087 5828 det?
2119 5771 2198 5827 Ne
2237 5771 2394 5841 igitur
2422 5767 2739 5839 negligentia
2768 5777 2947 5821 nostra
2975 5765 3169 5820 talibus
3203 5778 3302 5819 nos
3330 5760 3545 5817 frande-

1962 5877 2079 5919 mus
2122 5861 2274 5916 bonis
2294 5900 2310 5928 ,
2346 5869 2400 5916 et
2430 5858 2660 5931 praemiis
2683 5873 2800 5928 qua.I
2825 5871 3039 5913 omnem
3066 5868 3369 5913 sermonem
3396 5859 3543 5906 tran-
