4078 6408
510 440 613 499 951

516 556 777 613 scendunt
793 571 805 608 :
821 551 914 608 sed
942 551 1113 607 modis
1138 548 1386 604 omnibus
1412 545 1534 600 boni
1567 542 1721 609 hujus
1745 535 1922 608 operis
1942 531 2094 587 nobis

517 662 646 703 cura
677 647 779 709 sit,
810 653 1133 715 eogaturque
1156 650 1211 696 et
1234 640 1505 695 erudiatur
1529 647 1680 690 mens
1702 642 1759 686 ιιι
1787 635 1970 700 pareat
2008 624 2101 679 Dei

522 736 826 806 prmeeptis.
857 734 989 789 Nam
1021 740 1301 804 propterea
1330 729 1467 784 hanc
1489 723 1901 781 admonitionem
1927 728 1981 774 et
2003 730 2103 786 ego

525 845 667 885 nunc
691 828 826 894 feci,
857 838 913 882 et
940 811 1245 896 parabolain
1272 823 1324 877 in
1347 819 1576 875 medium
1604 814 1794 877 attuli;
1827 819 1881 867 et
1907 820 2102 880 quanta

527 923 597 977 sit
643 920 801 989 hujus
843 919 967 973 boni
1012 918 1191 986 operis
1232 910 1540 983 magnitudo
1563 948 1577 973 ,
1604 916 1659 962 et
1690 913 1946 975 quantum
1983 898 2107 955 inde

529 1011 734 1065 inerma
764 1009 920 1064 nobis
954 1016 1244 1071 accrescat,
1274 1002 1503 1067 ostendi,
1539 1008 1597 1055 ut
1623 1013 1744 1054 cum
1773 994 1947 1050 adhuc
1972 1000 2111 1047 tem-

531 1115 633 1169 pus
660 1111 765 1166 est,
789 1100 835 1155 si
862 1100 978 1169 quis
1002 1113 1070 1154 ex
1094 1096 1246 1151 vobis
1270 1104 1350 1150 est
1373 1092 1464 1163 qui
1489 1092 1652 1145 alium
1682 1087 1875 1142 habeat
1902 1083 2003 1139 sibi
2029 1083 2110 1136 in-

533 1192 764 1255 fensum,
794 1204 1012 1259 operam
1036 1188 1129 1242 det
1167 1195 1220 1241 ut
1245 1185 1484 1239 officiose
1523 1179 1916 1238 reconcilietur.
1946 1176 2013 1229 At
2042 1188 2110 1228 ne

531 1284 650 1352 quis
686 1282 811 1336 mihi
852 1282 993 1335 dicat
1024 1296 1038 1332 :
1068 1278 1244 1334 Semel
1281 1285 1440 1345 atque
1478 1275 1669 1329 iterum
1699 1268 1886 1334 oravi,
1915 1275 1970 1321 et
2004 1280 2108 1319 non

532 1373 760 1428 assensit
787 1389 802 1425 :
830 1372 874 1426 si
901 1371 1002 1426 hoc
1026 1371 1234 1425 sincere
1264 1368 1537 1430 faciamus,
1570 1378 1675 1418 non
1706 1361 1851 1431 prius
1874 1358 2115 1428 quiesca-

532 1481 651 1521 mus
675 1507 690 1532 ,
718 1465 887 1520 donec
919 1464 1083 1520 multa
1109 1462 1394 1519 sedulitate
1416 1457 1692 1512 victoriam
1722 1453 1899 1521 adepti
1923 1490 1938 1512 ,
1967 1449 2112 1504 illum

533 1557 688 1612 nobis
713 1554 1056 1610 conciliemus
1079 1596 1093 1612 .
1122 1561 1178 1608 et
1204 1568 1233 1604 a
1263 1552 1373 1605 suis
1399 1551 1451 1604 in
1484 1563 1581 1602 nos
1619 1543 1910 1600 inimicitiis
1944 1539 2113 1595 abdu-

534 1662 739 1701 camus.
766 1646 1031 1714 Numquid
1070 1644 1142 1698 illi
1183 1641 1379 1711 aliquid
1408 1636 1702 1709 largimur?
1733 1635 1788 1689 In
1821 1648 1918 1688 nos
1947 1642 2119 1685 trans-

537 1746 667 1791 eunt
691 1736 948 1792 beneficia
976 1754 991 1789 :
1023 1734 1114 1789 Dei
1146 1733 1379 1787 favorem
1407 1731 1532 1785 hinc
1555 1727 1906 1796 assequimur,
1938 1737 2123 1791 pecca—

542 1837 716 1881 torum
743 1835 1044 1879 nostrortnn
1066 1822 1272 1877 veniam
1298 1820 1691 1888 consequimur,
1719 1828 1962 1883 magnam
1981 1813 2119 1879 apud

547 1917 826 1971 hominum
862 1914 1104 1969 ﬁduciam
1135 1912 1443 1982 accipimus.
1472 1909 1527 1963 Si
1558 1908 1660 1962 hoc
1686 1905 1999 1967 fecerimus,
2030 1915 2125 1971 po-

543 2008 765 2062 terimus
805 2022 935 2076 pura
981 2005 1304 2060 conscientia
1347 2002 1413 2057 ad
1452 2008 1689 2056 sanctam
1728 1996 2125 2062 terribilemque

545 2099 684 2154 hanc
711 2114 945 2154 mensam
974 2096 1228 2152 accedere
1246 2137 1261 2161 ,
1287 2105 1341 2150 et
1370 2094 1529 2149 verba
1561 2092 1645 2145 illa
1676 2106 1795 2161 qua:
1835 2086 2126 2158 precationi

546 2192 742 2245 inserta
771 2197 915 2255 sunt,
944 2188 1169 2244 ﬁdeliter
1192 2187 1389 2242 dicere.
1419 2184 1607 2241 Sciunt
1629 2181 1815 2236 initiati
1840 2178 1966 2249 quid
1986 2178 2129 2232 dica-

546 2292 654 2336 tur.
683 2280 912 2334 Proinde
934 2279 1349 2347 uniuscuiusque
1373 2275 1711 2331 conscientia:
1738 2272 1978 2340 relinquo
2000 2284 2133 2339 quo-

549 2372 709 2425 modo
737 2370 984 2424 mandato
1008 2369 1100 2423 illo
1127 2369 1363 2437 impleto,
1393 2382 1490 2435 per
1513 2364 1638 2419 illud
1666 2361 1903 2418 terribile
1925 2369 2132 2428 tempus

552 2460 667 2515 Inec
712 2460 936 2514 fidenter
977 2459 1157 2513 dicere
1199 2458 1487 2527 possimus.
1523 2454 1674 2524 Quod
1719 2454 1762 2508 si
1807 2451 2135 2521 negligentes

556 2551 810 2604 fuerimus
831 2591 846 2616 ,
876 2557 1071 2616 quanta
1098 2548 1223 2603 hinc
1262 2547 1415 2602 nobis
1447 2543 1905 2602 condemnationis
1938 2555 2095 2595 causa
2115 2582 2131 2605 ,

554 2640 644 2708 qui
667 2655 788 2695 cum
811 2655 872 2694 ea
894 2655 1015 2710 quae
1034 2648 1156 2693 sunt
1176 2638 1330 2693 dictis
1356 2638 1552 2692 nostris
1571 2634 1833 2691 contraria
1858 2631 2133 2695 faciamus,

557 2730 818 2785 audemus
844 2739 1043 2785 temere
1073 2728 1230 2786 verba
1260 2743 1475 2799 precum
1504 2726 1863 2797 pronuntiare,
1892 2733 1949 2777 et
1972 2721 2141 2791 maje-

557 2838 671 2879 rem
702 2823 856 2877 nobis
881 2822 1010 2891 ipsis
1038 2822 1212 2892 ignem
1240 2831 1537 2885 exstruere,
1569 2820 1809 2887 iramque
1838 2815 1931 2870 Dei
1959 2815 2012 2868 in
2041 2826 2138 2867 nos

558 2914 879 2983 provocare?
904 2912 1120 2969 Gaudeo
1144 2922 1200 2967 et
1228 2912 1401 2979 lzirtor,
1425 2910 1546 2979 quia
1569 2909 1722 2963 video
1750 2921 1848 2961 vos
1874 2913 2019 2961 tanta
2048 2919 2141 2959 vo-

559 3006 760 3074 luptate
782 3020 904 3075 qua:
927 3003 1154 3059 dicimus
1187 3002 1372 3057 audire
1390 3044 1407 3069 ,
1437 3012 1492 3057 et
1520 3002 1706 3072 plausu
1734 2997 2018 3055 ostendere
2046 3010 2142 3051 vos

559 3097 777 3152 studere
812 3106 1085 3166 promptos
1107 3110 1256 3158 esse,
1283 3102 1340 3149 et
1365 3093 1432 3147 ad
1456 3092 1708 3148 dominici
1746 3089 1932 3145 muniti
1969 3086 2143 3141 edim-

563 3187 849 3254 plctionem
889 3192 1122 3254 paratos.
1161 3183 1285 3239 Ilaec
1322 3183 1464 3237 enim
1504 3182 1799 3236 animarum
1843 3185 2142 3232 nostrarum

566 3276 825 3330 medicina
852 3284 933 3329 est
956 3314 971 3336 ,
999 3274 1102 3329 hoc
1127 3275 1403 3328 vulnerum
1433 3279 1738 3326 nostrorum
1766 3269 2145 3340 pharmacum,

565 3364 683 3421 hinc
704 3367 904 3435 Optima
933 3365 1041 3420 Deo
1069 3366 1283 3434 placens
1311 3364 1415 3430 via,
1445 3362 1548 3418 hoc
1571 3362 1928 3419 certissimum
1955 3360 2148 3415 animus

568 3458 661 3511 Dei
686 3457 916 3512 amantis
940 3456 1214 3521 indicium,
1240 3456 1512 3525 suscipere
1531 3454 1708 3510 omnia
1737 3462 1953 3523 propter
1980 3451 2149 3520 legem

567 3549 814 3615 Domini,
848 3557 903 3604 et
940 3563 973 3603 a
1011 3548 1388 3619 cogitationum
1426 3546 1734 3602 inﬁrmitate
1768 3560 1873 3598 tton
1914 3540 2149 3605 retrahi,

568 3636 663 3692 sed
693 3637 1062 3693 affectionibus
1095 3638 1393 3706 imperare,
1424 3637 1603 3691 animo
1637 3649 1854 3690 versare
1896 3632 2153 3688 beneﬁcia

573 3726 728 3781 nobis
754 3742 784 3780 a
822 3727 933 3782 Deo
953 3726 1190 3795 quotidie
1215 3726 1472 3781 exhibita.
1513 3726 1581 3780 Et
1614 3724 1955 3796 quantumvis
1989 3738 2155 3777 conc-

575 3831 716 3883 mur,
742 3816 830 3870 vix
852 3815 1123 3870 minimam
1146 3824 1347 3886 partem
1368 3802 1639 3885 exponere
1662 3816 1953 3883 poterimus
1971 3827 2156 3868 eorum

574 3906 656 3961 vel
693 3922 812 3974 quae
849 3905 977 3961 olim
1010 3905 1060 3960 in
1100 3920 1199 3961 nos
1233 3906 1422 3960 collata
1462 3914 1615 3971 sunt,
1651 3905 1736 3960 vel
1769 3920 1889 3974 qua:
1921 3902 2159 3973 quotidie

573 3997 885 4066 accipimus,
915 3998 999 4052 vel
1026 4013 1146 4068 qua:
1175 3998 1226 4051 in
1256 3997 1487 4052 futurum
1518 3999 1749 4068 reposita
1775 4005 1899 4051 sunt
1927 3996 2086 4061 bona,
2114 3994 2159 4049 si

574 4088 899 4142 voluerimus
935 4088 1180 4143 mandata
1224 4090 1430 4143 Domini
1473 4106 1638 4158 opere
1673 4089 1965 4159 complere.
1997 4088 2162 4159 Igitur

579 4177 705 4231 hinc
735 4188 1026 4244 exeuntes,
1056 4179 1192 4233 istud
1222 4180 1272 4233 in
1302 4181 1486 4248 primis
1510 4181 1772 4250 agendum
1802 4180 1998 4250 quique
2036 4194 2161 4248 pro-

576 4277 813 4338 ponant,
845 4278 899 4324 et
927 4271 1075 4338 quasi
1112 4270 1178 4323 ad
1220 4270 1525 4324 thesaurum
1565 4271 1853 4324 maximum
1882 4270 2160 4331 festinent,

578 4372 752 4426 neque
786 4357 869 4412 vel
909 4358 1185 4412 minimum
1221 4358 1487 4413 differant.
1518 4360 1735 4413 Etiamsi
1764 4359 1946 4414 labore
1971 4360 2053 4414 vel
2083 4361 2164 4413 in-

581 4448 867 4517 qnisitiune
894 4449 976 4503 vel
997 4450 1154 4520 longo
1182 4450 1371 4506 itinere
1396 4467 1531 4521 Opus
1555 4453 1642 4516 sit,
1670 4453 1875 4507 etiamsi
1907 4451 2165 4506 molestia:

587 4542 766 4594 nmine
790 4541 917 4605 sint,
943 4542 1121 4595 omnia
1151 4542 1264 4596 haec
1290 4542 1591 4596 auferamus
1619 4543 2015 4610 impedimenta.
2041 4542 2166 4598 Uni-

583 4647 645 4685 ea
678 4632 829 4687 nobis
854 4648 982 4687 cura
1010 4633 1099 4699 sit,
1125 4633 1393 4703 quomodo
1424 4635 1728 4688 mamlatum
1760 4634 1968 4687 Domini
1993 4635 2167 4689 adim-

585 4724 826 4793 pleatnus
850 4767 865 4786 ,
896 4734 952 4779 et
977 4725 1294 4781 obedientizn
1319 4727 1472 4781 nobis
1498 4726 1748 4780 efferatur
1776 4742 2003 4782 merces.
2031 4725 2165 4783 Num

586 4814 772 4884 ignoro
790 4829 951 4884 grave
969 4823 1024 4869 et
1045 4817 1325 4870 molestum
1350 4816 1538 4880 videri,
1561 4816 1626 4870 ad
1648 4832 1768 4871 eum
1792 4818 1881 4887 qui
1910 4817 2170 4873 hostiliter

586 4905 640 4958 in
668 4914 721 4960 te
746 4905 969 4961 an‘ectus
992 4907 1081 4973 sit,
1108 4907 1278 4974 abire,
1302 4922 1531 4977 cumque
1557 4922 1624 4963 eo
1646 4917 1790 4963 stare
1813 4917 1871 4963 et
1895 4908 2075 4978 loqui?
2102 4915 2171 4964 At

586 4994 631 5047 si
660 4994 894 5050 mandati
916 4996 1234 5066 cogitaveris
1257 4997 1569 5067 dignitatem
1597 5008 1653 5053 et
1677 4998 1940 5054 mercedis
1967 5001 2171 5069 magni-

590 5085 849 5153 tudinem,
878 5096 931 5142 et
955 5102 1062 5156 quo
1090 5098 1247 5158 pacto
1275 5103 1380 5143 non
1409 5089 1462 5143 in
1493 5089 1661 5156 illum,
1691 5090 1785 5146 sed
1813 5091 1866 5145 in
1902 5101 1953 5147 te
1982 5107 2169 5147 recur-

589 5185 711 5230 rant
735 5176 989 5233 beneﬁcia
1012 5220 1027 5243 ,
1058 5180 1237 5234 omnia
1266 5181 1358 5236 tibi
1383 5181 1516 5235 levia
1540 5191 1595 5237 et
1629 5181 1800 5237 facilia
1829 5182 2169 5239 videbuntur.

594 5266 716 5322 Ilazc
754 5269 912 5338 igitur
950 5270 1003 5324 in
1045 5270 1315 5328 mentibus
1360 5273 1557 5327 nostris
1597 5283 1898 5333 versantes.
1942 5289 2173 5330 consue-

594 5357 830 5413 tudinem
871 5371 1105 5416 nostram
1140 5363 1415 5418 vincamus
1436 5404 1452 5429 ,
1482 5365 1671 5433 piaque
1700 5374 1879 5420 mente
1907 5365 2173 5422 dominica

596 5450 841 5503 mandata
872 5452 1290 5521 adimpleamns;
1318 5471 1423 5526 quo
1451 5466 1508 5510 et
1539 5472 1569 5509 a
1598 5456 1811 5511 Christo
1847 5461 2173 5514 remunerari

597 5554 915 5609 mereamur,
943 5544 1109 5612 gratia
1146 5556 1202 5601 et
1227 5547 1587 5603 misericordia
1616 5549 1865 5604 bonitatis
1890 5550 2026 5617 ejus,
2052 5552 2172 5621 qui-

596 5641 716 5679 cum
740 5627 903 5697 Patri,
929 5643 984 5687 et
1002 5643 1186 5689 sancto
1209 5637 1426 5704 Spiritui
1448 5639 1518 5693 sit
1539 5639 1728 5707 gloria,
1753 5642 2053 5710 imperium,
2079 5641 2178 5695 ho.

601 5730 721 5781 nor,
752 5732 890 5776 nunc
910 5732 964 5777 et
986 5738 1218 5792 semper,
1242 5735 1296 5781 et
1324 5729 1378 5781 in
1402 5730 1597 5785 sazcula
1618 5731 1957 5787 smculorum.
1980 5732 2173 5789 Amen.

1227 434 1285 491 S.
1325 429 1603 490 JOANNIS
1651 413 2126 482 CIIRYSOS'IOMI
2180 411 2497 469 ARCIIIEP.
2534 405 3070 467 CONSTANTINOP.

3682 404 3805 461 253

2728 521 3002 577 IIOMILIA
3042 517 3276 575 XXVIII.

2213 659 2281 714 Et
2306 661 2431 714 dixit
2465 658 2712 713 Dominus
2735 656 2873 710 Deus
2893 660 2961 709 ad
2980 654 3112 718 Noe,
3136 665 3184 709 et
3204 653 3272 707 ad
3295 654 3430 723 ﬁlios
3452 656 3562 727 ejus
3576 671 3697 707 cum
3720 672 3805 714 eo.

2284 751 2453 803 dicens
2477 767 2491 804 :
2517 747 2648 802 Ecce
2672 764 2761 817 ego
2788 756 2951 800 statuo
2978 755 3322 799 testamentum
3338 760 3503 798 meum
3520 744 3807 810 vobiscum,

2284 851 2328 895 et
2357 858 2471 894 cum
2494 841 2681 894 semine
2705 850 2866 894 vestro
2893 847 3000 908 post
3025 854 3130 901 vos,
3157 846 3203 892 et
3241 837 3378 893 omni
3404 839 3591 891 animi:
3616 838 3813 894 viventi

2278 932 2541 986 vobiscum
2578 940 2681 985 tam
2712 931 2765 984 in
2797 929 3114 994 volucribus,
3150 944 3301 998 quam
3335 928 3390 981 in
3423 930 3732 1002 pecudibus,
3763 943 3813 985 et

2285 1023 2513 1077 omnibus
2537 1022 2703 1077 bestiis
2729 1031 2875 1076 terra:
2897 1019 3048 1089 (Gen.
3080 1019 3135 1075 9.
3157 1020 3191 1076 8
3206 1018 3384 1096 -10).

2288 1181 2339 1235 i.
2372 1178 2497 1234 Heri
2526 1179 2795 1249 proposita
2818 1177 3208 1245 benedictione,
3240 1197 3400 1252 quam
3437 1192 3825 1254 consequutus

2216 1283 2299 1329 est
2328 1273 2439 1328 Noe
2466 1288 2496 1326 a
2524 1271 2782 1337 Domino;
2821 1272 2909 1341 qui
2939 1281 3060 1341 post
3086 1288 3359 1343 egressum
3389 1289 3454 1329 ex
3484 1288 3608 1329 arca
3637 1278 3819 1328 altare

2219 1365 2517 1432 :edificavit,
2557 1373 2611 1418 et
2649 1363 2842 1419 oblatis
2887 1363 2941 1419 in
2979 1366 3268 1435 gratiarum
3312 1366 3575 1420 actionem
3615 1365 3822 1421 hostiis

2218 1468 2426 1526 gratum
2464 1456 2704 1511 exhibuit
2744 1455 3002 1521 animum,
3044 1457 3262 1512 ulterius
3301 1471 3473 1527 neque
3515 1456 3777 1527 progredi
3802 1498 3819 1519 ,

2224 1563 2393 1617 neque
2416 1543 2700 1603 lectionem
2732 1554 2897 1602 totam
2927 1563 3201 1612 enarrare,
3231 1562 3400 1616 neque
3424 1558 3686 1619 quantam
3717 1548 3822 1603 be-

2225 1641 2414 1710 nignus
2445 1640 2581 1693 Deus
2604 1654 2729 1709 erga
2749 1640 2949 1709 justum
2977 1639 3147 1693 virum
3174 1638 3553 1708 indulgentiam
3581 1646 3640 1693 et
3663 1638 3825 1693 solli-

2224 1729 2513 1783 citudinem
2541 1729 2862 1793 exhibuerit,
2889 1728 3175 1784 ostendere
3202 1729 3490 1798 potuimus.
3530 1727 3670 1783 Nam
3702 1743 3827 1784 ser-

2227 1836 2439 1876 munem
2488 1830 2748 1886 nostrum,
2778 1822 2901 1892 quia
2941 1821 3150 1891 longius
3189 1820 3527 1888 excurrehat,
3566 1822 3827 1877 celeriter

2226 1914 2570 1977 succidimus,
2602 1922 2660 1967 nt
2705 1928 2774 1970 ne
2812 1913 3150 1969 multitudine
3188 1914 3299 1983 jam
3339 1914 3601 1969 dictorum
3636 1927 3824 1969 vestra

2229 2006 2485 2062 memoria
2513 2006 2848 2068 obrueretur.
2881 2021 2987 2061 non
3013 2008 3129 2062 sine
3149 2006 3353 2076 jactura
3378 2021 3566 2061 eorum
3587 2022 3715 2076 qua:
3743 2008 3825 2061 di-

2230 2098 2396 2153 cenda
2424 2106 2593 2153 erant.
2627 2097 2741 2152 Non
2769 2099 2910 2153 enim
2938 2099 3040 2152 hoe
3068 2098 3240 2152 solum
3262 2098 3414 2152 nobis
3438 2114 3586 2153 cura:
3614 2098 3742 2164 fuit,
3772 2107 3830 2152 ut

2234 2189 2400 2242 multa
2425 2187 2724 2243 diceremus
2755 2204 2768 2240 :
2797 2188 2890 2242 sed
2933 2197 2991 2242 ut
3034 2196 3177 2241 tanta
3196 2228 3211 2249 ,
3243 2203 3361 2256 quzr
3387 2187 3538 2241 vobis
3574 2188 3738 2241 facile
3762 2190 3831 2242 sit

2234 2289 2415 2334 mente
2432 2294 2623 2349 capere
2647 2320 2663 2344 ,
2693 2295 2799 2349 quo
2823 2294 2943 2334 cum
2976 2280 3125 2335 lucro
3154 2278 3276 2334 hinc
3305 2279 3452 2334 abire
3472 2278 3657 2345 liceat.
3692 2280 3829 2334 Nam

2235 2373 2280 2427 si
2312 2387 2409 2426 nos
2435 2371 2580 2439 plura
2607 2386 2764 2439 quam
2790 2385 2886 2439 par
2909 2370 2981 2425 sit
3002 2370 3321 2437 dixerimus,
3340 2377 3395 2425 et
3420 2385 3517 2425 vos
3546 2369 3680 2424 nihil
3706 2371 3832 2425 inde

2238 2461 2370 2516 lucri
2412 2461 2734 2529 percipiatis,
2780 2476 2900 2530 qua:
2942 2459 3181 2515 utilitas?
3226 2460 3467 2515 Scientes
3513 2460 3699 2529 igitur,
3732 2475 3830 2515 nos

2242 2561 2457 2620 propter
2489 2562 2719 2606 vestram
2756 2552 3038 2607 utilitatem
3082 2552 3222 2606 hunc
3258 2550 3495 2605 laborem
3527 2550 3831 2620 suscipere,

2239 2651 2293 2698 et
2318 2641 2668 2697 sufﬁcientem
2696 2657 2795 2697 nos
2820 2642 3120 2697 mercedem
3143 2641 3413 2710 accepisse
3441 2640 3714 2695 credimus
3735 2680 3751 2704 ,
3789 2638 3831 2692 si

2241 2742 2476 2790 vestrum
2514 2733 2785 2788 videamus
2823 2733 3137 2802 profectum,
3179 2740 3235 2786 et
3263 2746 3361 2786 vos
3398 2730 3684 2800 diligenter
3711 2745 3832 2799 qua:

2243 2826 2490 2880 dicuntur
2519 2834 2704 2880 tenere
2732 2826 2784 2880 in
2809 2824 3013 2880 sinibus
3038 2822 3199 2878 animi
3227 2821 3390 2877 vestri
3421 2822 3680 2890 reposita,
3704 2835 3836 2873 eon-

2245 2916 2394 2971 tinuo
2417 2931 2481 2971 ea
2513 2925 2871 2997 memorantes
2908 2924 2962 2970 et
3006 2914 3354 2971 ruminantes.
3407 2913 3662 2968 Memoria
3689 2912 3834 2966 enim

2246 3010 2372 3063 olim
2403 3008 2665 3063 dictorum
2694 3006 2854 3064 faciet
2897 3016 2956 3062 ut
2992 3006 3181 3076 majori
3223 3004 3475 3061 facilitate
3494 3003 3723 3059 dicenda
3752 3019 3838 3056 ca-

2249 3114 2376 3169 pere
2412 3099 2642 3168 possitis,
2675 3108 2834 3168 atque
2871 3098 2944 3153 ita
2985 3112 3271 3169 progressu
3313 3095 3569 3166 temporis
3610 3104 3839 3149 Cll‘h'l'os

2249 3193 2408 3247 etiam
2438 3191 2649 3246 docere.
2701 3191 2756 3246 lu
2799 3190 2900 3245 hoc
2936 3190 3078 3245 enim
3120 3188 3277 3258 plane
3311 3188 3647 3258 invigilanius
3673 3197 3731 3241 et
3758 3186 3839 3239 iti-

2249 3282 2571 3345 eumbimus,
2603 3292 2661 3338 ut
2703 3296 2891 3337 omnes
2917 3297 3011 3338 vos
3049 3280 3271 3353 perfecti
3299 3290 3354 3336 et
3382 3279 3740 3335 consummati
3770 3277 3839 3330 si-

2252 3376 2341 3440 tis,
2363 3383 2416 3429 et
2444 3374 2576 3429 nihil
2601 3390 2785 3430 eorum
2809 3390 2928 3440 qua:
2949 3373 3001 3428 in
3021 3373 3215 3430 divinis
3243 3373 3530 3442 Scripturis
3555 3372 3812 3426 continen
3829 3400 3841 3412 -

2254 3476 2341 3522 tur
2365 3482 2460 3521 vos
2492 3468 2672 3522 lateat.
2718 3467 2924 3523 Etenim
2963 3480 3148 3522 eorum
3196 3464 3412 3530 notitia,
3452 3463 3498 3518 si
3527 3462 3718 3532 vigiles
3758 3476 3842 3515 so-

2256 3560 2462 3629 briique
2504 3574 2626 3615 esse
2664 3559 2914 3615 volumus
2937 3601 2953 3625 ,
2994 3568 3049 3613 et
3084 3557 3151 3613 ad
3195 3557 3431 3612 melioris
3463 3556 3586 3610 vitae
3635 3555 3841 3622 frugem

2258 3651 2546 3720 plurimum
2594 3651 2749 3706 nobis
2789 3650 3050 3714 conferet,
3086 3649 3478 3718 alacrioresque
3521 3646 3589 3700 ad
3635 3644 3843 3697 virtutis

2260 3741 2471 3795 labores
2512 3740 2728 3796 efﬁciet.
2771 3741 2903 3796 Nam
2932 3756 3053 3797 cum
3091 3740 3378 3796 doceamur
3406 3738 3655 3793 omnibus
3685 3735 3844 3806 jusvis

2259 3848 2504 3902 magnam
2525 3833 2665 3903 apud
2693 3833 2858 3887 Deum
2884 3847 3005 3889 esse
3032 3831 3298 3897 ﬁduciam,
3324 3830 3415 3900 qui
3439 3828 3620 3883 afflicti
3644 3836 3701 3882 et
3726 3838 3840 3881 ten-

2264 3926 2355 3978 tati
2382 3939 2477 3994 per
2494 3934 2669 3979 1otam
2694 3924 2857 3979 vitam
2887 3938 3058 3988 suam,
3094 3921 3399 3992 patientiam
3426 3929 3481 3976 et
3501 3929 3709 3991 gratum
3732 3918 3847 3972 ani-

2263 4016 2408 4070 mum
2448 4015 2805 4080 declararunt,
2836 4024 2892 4069 et
2928 4015 3008 4069 sic
3048 4013 3262 4083 praemia
3304 4021 3429 4066 sunt
3465 4010 3685 4077 adepti:
3717 4023 3849 4078 quo-

2265 4108 2425 4163 modo
2454 4123 2558 4162 non
2579 4118 2633 4162 et
2661 4107 2815 4162 nobis
2839 4122 2983 4162 cura:
3010 4106 3111 4162 crit
3134 4148 3149 4172 ,
3187 4116 3245 4161 ut
3271 4103 3513 4159 eamdem
3540 4100 3850 4156 incedamus

2264 4201 2423 4263 viam,
2450 4213 2558 4270 quo
2583 4209 2636 4254 et
2661 4199 2849 4254 eadem
2887 4199 3104 4268 praemia
3135 4195 3509 4252 obtineamus?
3538 4193 3656 4248 Ideo
3680 4193 3848 4246 obseo

2265 4307 2379 4360 cro,
2404 4303 2462 4346 ut
2481 4291 2718 4361 quotidie
2740 4290 2936 4360 aliquid
2959 4291 3177 4344 accedat
3201 4289 3324 4344 boni
3350 4287 3545 4357 operis,
3566 4294 3619 4339 et
3640 4293 3852 4338 crescat

2265 4394 2502 4438 vestrum
2527 4382 2807 4437 aedilicium
2833 4381 3130 4450 spirituale,
3151 4394 3216 4434 ac
3235 4380 3370 4433 bona
3392 4391 3553 4446 Opera
3574 4389 3690 4443 qua:
3724 4374 3850 4427 olim

2269 4477 2489 4541 fecistis,
2536 4484 2692 4531 caute
2733 4475 3122 4545 diligenterque
3168 4470 3509 4534 custodiatis,
3560 4477 3614 4522 et
3658 4466 3703 4521 si
3751 4481 3851 4534 qua

2267 4569 2444 4623 adhuc
2475 4566 2847 4622 desiderantur
2864 4566 3127 4633 adjicialis
3146 4606 3161 4629 ,
3189 4562 3348 4617 utsic
3374 4560 3425 4616 in
3450 4574 3717 4615 summum
3750 4558 3851 4610 vir-

2270 4660 2398 4713 ttttis
2437 4658 2761 4729 perveniatis
2808 4656 3097 4727 fastigium,
3144 4656 3196 4709 in
3241 4663 3474 4708 nostram
3514 4652 3761 4722 gloriam,
3803 4650 3852 4702 in

2270 4749 2671 4804 aediﬁcationem
2700 4748 2971 4809 Ecclesiae,
2996 4748 3047 4802 in
3073 4748 3327 4801 honorem
3349 4744 3565 4800 Christi.
3589 4742 3732 4798 Sane
3756 4758 3855 4812 ego

2271 4841 2458 4896 videns
2499 4839 2816 4910 inexplebile
2845 4849 3079 4894 vestrum
3119 4852 3241 4908 erga
3286 4836 3613 4904 spiritualem
3658 4832 3854 4888 doetri-

2274 4946 2395 4985 nam
2419 4930 2675 4996 studium,
2697 4930 2905 4985 etiamsi
2926 4929 3170 4984 conscius
3192 4928 3293 4983 sim
3315 4941 3519 4995 magna}
3538 4941 3671 4979 mea:
3693 4923 3851 4977 tenni-

2275 5024 2417 5087 tatis,
2450 5037 2555 5077 non
2598 5023 2892 5077 intermitto
2927 5021 3162 5091 quotidie
3208 5020 3513 5075 convivium
3552 5032 3622 5072 ex
3662 5016 3855 5071 divinis

2273 5111 2561 5182 Scripturis
2578 5127 2858 5181 apparare,
2880 5120 2936 5166 et
2957 5125 3305 5182 quaecumque
3328 5109 3420 5164 Dei
3445 5110 3610 5179 gratia
3641 5118 3857 5177 propter

2273 5219 2427 5258 suam
2449 5203 2824 5273 benignitatem
2847 5213 2901 5257 et
2926 5214 3155 5257 veSIram
3182 5202 3463 5255 utilitatem
3487 5199 3858 5268 suppeditave-

2276 5293 2366 5358 rit,
2390 5293 2579 5349 vestris
2602 5294 2820 5347 auribus
2845 5307 3163 5363 preponere.
3191 5293 3305 5363 Age
3330 5292 3489 5361 igitur
3512 5300 3566 5346 et
3590 5289 3748 5343 hodie
3779 5289 3859 5342 in-

2276 5384 2517 5439 dicemus
2543 5384 2751 5439 caritati
2773 5394 2967 5438 vestra:
2985 5383 3309 5439 eminentem
3340 5384 3431 5437 Dei
3459 5382 3857 5451 benignitatem.

2276 5493 2435 5548 quam
2483 5476 2718 5531 humano
2755 5476 2937 5546 generi
2980 5476 3223 5539 contulit,
3251 5483 3304 5529 et
3343 5475 3415 5528 ob
3456 5475 3507 5527 id
3543 5473 3695 5527 verba
3736 5488 3857 5537 quae

2279 5569 2422 5623 Deus
2444 5568 2509 5622 ad
2537 5567 2651 5621 Noe
2673 5567 2809 5622 dixit
2830 5567 3133 5622 afferamus.
3149 5565 3205 5621 8.
3229 5565 3292 5619 Et
3312 5566 3442 5619 dixit
3467 5563 3602 5617 Deus
3629 5564 3694 5616 ad
3716 5562 3855 5626 Noe,

2277 5670 2323 5714 et
2344 5660 2476 5727 ﬁlios
2491 5657 2650 5711 illius.
2678 5657 2962 5727 Postquam
2984 5657 3252 5711 benedixit
3268 5657 3436 5719 illum,
3461 5666 3515 5711 et
3536 5655 3671 5710 ﬁlios
3690 5654 3854 5718 illius,

2277 5759 2332 5804 et
2356 5749 2509 5813 dixit,
2539 5747 2759 5802 Crescite
2780 5759 2829 5802 ct
2855 5748 3280 5817 multiplicamini,
3309 5758 3363 5802 et
3393 5745 3607 5802 tradidit
3630 5745 3729 5799 illis
3751 5745 3853 5799 do-

2283 5841 2503 5894 minium
2525 5855 2686 5910 supcr
2704 5839 2857 5895 bruta
2883 5840 3081 5906 omnia,
3110 5848 3530 5910 potestatemque
3548 5836 3691 5893 dedit
3714 5838 3865 5918 :iisre
