4078 6432
318 396 426 455 251

322 513 437 566 τῶν
455 510 632 565 πάντα
656 507 809 577 λόγον
827 506 929 561 ὑπε
938 499 1429 578 ρϐαινόντων,ἀλλά
1452 498 1615 553 παντί
1635 494 1823 567 τρόπῳ
1838 492 1996 578 τοῦτο

324 592 673 666 κατορθῶσαι
704 575 1113 661 σπουδάζωμεν,
1140 587 1239 641 καὶ
1271 585 1588 657 βιασάμενοι
1613 581 1705 633 τὸν
1736 575 1995 666 λογισμὸν

323 661 709 749 παιδεύσωμεν
735 678 904 732 είκειν
943 674 1022 745 τῷ
1048 673 1143 728 τοῦ
1175 672 1311 726 Θεοῦ
1347 670 1708 739 ἐπιτάγματι.
1743 664 1844 749 Διά
1887 661 1995 732 γάρ

322 764 489 818 τοῦτο
531 747 687 830 κάγὼ
729 759 824 814 νῦν
868 756 1213 828 ἐποιησάμην
1257 753 1465 824 ταύτην
1504 753 1604 824 τὴν
1650 747 1994 820 παραίνεσιν,

323 847 426 900 καὶ
461 844 563 916 τὴν
599 840 917 914 παραϐολὴν
954 841 1037 896 είς
1076 840 1241 910 μέσον
1266 839 1494 909 ἡγαγον,
1533 834 1751 890 καὶτοῦ
1794 847 1996 916 κατορ-

325 915 583 1001 θώματος
630 927 807 991 ἐδειξα
848 924 911 979 τὸ
945 922 1196 994 μέγεθος,
1230 922 1324 975 καὶ
1363 922 1485 975 ὅσον
1519 921 1651 990 ἡμῖν
1696 919 1762 971 ἐκ
1803 915 1995 969 τούτου

324 1014 522 1085 κέρδος
551 1013 782 1081 γίνεται,
805 1010 913 1067 ἵνα.
927 1009 1004 1070 ῶς
1018 1006 1101 1060 ’ἐτι
1120 1006 1330 1078 καιρὸς,
1346 1005 1575 1067 ἕκαστος
1597 1002 1777 1073 ἡμῶν,
1807 1002 1859 1055 εἰ
1875 1018 1995 1054 τινα

322 1095 445 1166 ἔχοι
466 1092 744 1164 ἐχθρωδῶς
779 1092 915 1163 πρὸς
942 1090 1104 1144 αὑτὸν
1121 1088 1479 1159 διακείμενον,
1508 1085 1740 1155 σπουδὴν
1762 1085 1994 1156 ποιήση-

320 1197 421 1233 ται
444 1178 531 1231 διά
557 1177 656 1247 τῆς
689 1175 891 1245 πολλῆς
922 1173 1218 1245 θεραπείας
1246 1166 1573 1234 καταλλάξαι
1599 1168 1762 1223 αὐτὸν
1792 1166 1993 1238 ἐαυτῷ.

322 1260 442 1316 Καὶ
463 1260 536 1331 μή
573 1276 662 1329 μοι
688 1257 894 1326 λεγέτω
917 1274 1021 1323 τις,
1039 1256 1123 1309 δτι
1156 1255 1251 1308 καί⁵
1276 1253 1422 1319 ἅπαξ
1450 1252 1545 1306 καὶ
1574 1251 1825 1322 δεύτερον
1853 1266 1997 1321 παρ-

322 1342 586 1409 εκάλεσα,
630 1340 724 1395 καὶ
749 1340 811 1393 οὑ
855 1340 1197 1410 προσήκατο·
1230 1336 1278 1389 εἰ
1309 1335 1416 1389 ἀπὸ
1462 1333 1807 1404 εἰλικρινείας
1839 1331 1997 1386 τοῦτο

325 1422 682 1494 πράττωμεν,
720 1421 796 1492 μὴ
828 1418 976 1491 [268]
1016 1419 1280 1490 πρότερον
1308 1415 1664 1486 παυσώμεθα,
1705 1413 1896 1483 μέχρις
1929 1412 1995 1465 ἂν

320 1507 397 1576 τῇ
431 1505 597 1576 πολλῇ
632 1503 928 1575 προσεδρίᾳ
956 1502 1303 1572 νικήσαντες,
1341 1495 1766 1569 ἐφελκυσώμεθα
1806 1495 1992 1559 αὐτὸν,

321 1586 426 1639 καὶ
464 1586 861 1657 ἀποστήσωμεν
905 1584 1006 1653 τῆς
1041 1583 1176 1655 πρὸς
1206 1584 1354 1652 ἡμᾶς
1399 1578 1714 1648 ἀπεχθείας.
1745 1578 1838 1647 Μὴ
1886 1576 1995 1648 γὰρ

319 1669 521 1739 ἐκείνῳ
548 1686 602 1722 τι
633 1665 1004 1738 χαριζόμεθα;
1042 1666 1135 1727 Εἰς
1168 1664 1314 1734 ἡμᾶς
1352 1660 1614 1715 διαϐαίνει
1657 1658 1728 1711 τά
1758 1659 1859 1728 τῆς
1900 1658 1994 1711 εύ-

321 1754 610 1824 εργεσίαςο
661 1751 755 1805 τοῦ
816 1748 951 1803 Θεοῦ
999 1748 1098 1820 τὴν
1156 1745 1367 1799 εῦνοιαν
1438 1740 1833 1824 ἐπισπώμεθα,
1885 1739 1995 1824 τῶν

322 1821 741 1905 ἁμαρτημάτων
761 1830 859 1902 τὴν
884 1828 1228 1901 συγχώρησιν
1252 1828 1460 1888 ἑαυτοῖς
1491 1821 1992 1896 προαποτιθέμεθα,

317 1904 637 1988 παρρησίαν
673 1913 1041 1988 πολλὴχπρὸς
1073 1912 1163 1966 τὸν
1208 1910 1483 1979 Δεσπότην
1518 1911 1582 1962 ἐκ
1618 1908 1809 1960 τούτου
1855 1904 1996 1976 λαμ-

324 2000 583 2069 εάνομεν.
616 1999 712 2050 Ἂν
762 1988 921 2050 τοῦτο
965 1993 1420 2065 κατορθώσωμεν,
1469 1989 1810 2060 δυνησόμεθα
1857 1988 1995 2060 μετά

319 2080 572 2151 καθαροῦ
604 2079 904 2142 συνειδότος
937 2079 1031 2133 καὶ
1058 2081 1123 2149 τῇ
1148 2078 1267 2148 ἱερᾷ
1298 2075 1471 2147 ταύτῃ
1499 2075 1593 2127 καὶ
1623 2075 1823 2144 φρικτῇ
1859 2088 1993 2142 τρα-

320 2163 469 2235 πέζῃ
507 2162 846 2234 προσελθεῖν,
894 2161 989 2215 καὶ
1036 2160 1106 2213 τὰ
1144 2161 1361 2231 ῥήματα
1405 2159 1588 2211 ἐκεῖνα
1634 2155 1702 2209 τά
1750 2159 1817 2227 τῇ
1860 2156 1991 2226 εὑχῇ

322 2245 732 2314 συνεζευγμένα
782 2244 922 2315 μετά
967 2242 1280 2314 παρρησίας
1327 2239 1682 2309 φθέγξασθαι.
1712 2238 1916 2292 ’ἰσασιν
1943 2242 1992 2293 οἰ

324 2328 675 2399 μεμυημένρι
714 2327 776 2380 τὸ
819 2327 1133 2397 λεγόμενον.
1181 2324 1271 2377 Διὸ
1316 2323 1395 2393 τῷ
1448 2323 1678 2376 ἑκάστου
1734 2322 1993 2376 συνειδότι

321 2409 724 2480 καταλιμπάνω
765 2409 984 2468 εἰδέναι,
1032 2406 1146 2470 πῶς
1189 2408 1285 2477 μὲν
1316 2404 1734 2474 κατωρθωκότες
1772 2404 1869 2475 τὴν
1910 2406 1994 2457 ἐν-

317 2491 485 2564 τολὴν
520 2491 659 2563 μετά
688 2490 996 2563 παρρησίας
1038 2489 1299 2560 προέσθαι
1339 2487 1513 2541 ταῦτα
1553 2487 1826 2557 δυνάμεθα
1853 2486 1994 2540 κατά

317 2573 420 2627 τὸν
450 2574 637 2645 καιρὸν
680 2574 885 2627 ἐκεῖνον
912 2571 1003 2624 τὸν
1049 2570 1298 2642 φοϐερόν.
1349 2571 1411 2623 Εἰ
1459 2569 1516 2622 δέ
1552 2569 1991 2641 ρᾳθυμὴσαιμεν,

319 2657 503 2728 πόσης
530 2659 664 2727 ἡμῖν
701 2658 800 2709 οὐκ
830 2656 896 2709 ἂν
936 2658 1146 2723 γένοιτο
1175 2654 1551 2724 κατακρίσεως
1578 2655 1748 2706 αίτιον
1777 2652 1995 2707 ἐναντία

318 2742 442 2803 τοῖς
484 2741 689 2810 ῥήμασι
726 2738 1231 2807 διαπραττομένοις,
1258 2737 1462 2807 τολμᾷν
1501 2734 1687 2799 ἁπλῶς
1730 2736 1825 2789 καὶ
1867 2734 1993 2806 εἰκῆ

318 2820 626 2892 προφέρειν
674 2820 741 2873 τᾶι
771 2819 870 2887 τῆς
910 2819 1074 2889 εὐχῆς
1120 2819 1375 2888 ῥήματα,
1429 2818 1523 2870 καὶ
1564 2817 1747 2886 μεῖζον
1781 2816 1994 2879 ἑαυτοῖς

319 2903 686 2974 ἐπισωρεύειν
721 2902 781 2955 τὸ
815 2902 946 2970 πῦρ,
976 2902 1073 2955 καὶ
1107 2901 1205 2970 τὴν
1238 2901 1609 2970 ἀγανάκτησιν
1647 2898 1992 2952 ἐκκαλεῖσθαι

317 2984 423 3037 τοῦ
451 2985 750 3049 Δεσπότου;
786 2984 977 3055 Χαίρω
1008 2984 1102 3036 καὶ
1127 2982 1488 3054 εὐφραίνομω
1517 2980 1657 3052 ὁρῶν
1689 2982 1834 3052 ὑμᾶς
1871 2981 1990 3053 μεθ’

321 3066 521 3137 ἡδονῆς
566 3066 861 3129 ἀκούοντας
904 3066 974 3119 τὰ
1030 3065 1329 3137 λεγόμενα,
1378 3064 1473 3117 καὶ
1521 3062 1608 3116 διά
1644 3063 1739 3117 τοῦ
1796 3063 1992 3134 κρότου

320 3148 666 3212 δεικνύντας,
701 3149 782 3201 ὅτι
832 3149 1039 3218 ἕτοιμοι
1090 3147 1342 3217 γενέσθαι
1378 3146 1726 3211 σπουδάζετε,
1772 3148 1867 3202 καὶ
1913 3148 1995 3212 εἰς

321 3230 490 3301 ἔργον
513 3233 739 3300 ἀγαγεῖν
766 3232 862 3303 τὴν
883 3231 1205 3302 δεσποτικὴν
1231 3230 1434 3301 ταύτην
1459 3230 1798 3301 παραίνεσιν.
1823 3228 1995 3285 Τοῦτο

320 3313 439 3382 γάρ
468 3315 580 3366 ἐστι
610 3314 669 3367 τὸ
698 3316 928 3385 ἰατρεῖον
956 3312 1064 3368 τῶν
1090 3313 1375 3385 ἡμετέρων
1417 3313 1627 3383 ψυχῶν,
1668 3313 1824 3367 τοῦτο
1854 3311 1994 3384 φάρ-

323 3412 506 3466 μακον
532 3399 644 3459 τοῖς
678 3396 963 3466 ἡμετέροις
986 3395 1316 3468 τραύμασιν,
1342 3393 1481 3465 αῦτη
1516 3393 1715 3465 ἀρίστη
1746 3394 1865 3457 ὁδὸς
1892 3395 1993 3465 τῆς

322 3476 468 3548 πρὸς
494 3478 584 3530 τὸν
630 3478 762 3531 Θεὸν
812 3479 1242 3551 εὑαρεστὴσεως,
1282 3476 1440 3532 τοῦτο
1487 3478 1769 3547 μέγιστον’
1795 3477 1993 3548 δεῖγμα

322 3558 578 3627 φιλοθέου
630 3560 829 3631 ψυχῆς.
873 3560 935 3614 τὸ
962 3560 1050 3614 διὰ
1079 3560 1169 3613 τὸν
1199 3558 1291 3613 τοῦ
1320 3559 1590 3612 Δεσπότου
1620 3559 1783 3628 νόμον
1814 3558 1994 3615 πάντα

323 3638 751 3708 καταδέχεσθαι,
794 3640 888 3693 καὶ
930 3639 1005 3710 μὴ
1030 3637 1395 3709 ὑποσύρεσθαι
1428 3637 1534 3690 ὑπὸ
1557 3638 1656 3708 τῆς
1694 3638 1801 3691 τῶν
1845 3636 1993 3706 λογι-

326 3720 484 3789 σμῶν
509 3720 789 3783 ἀσθενείας
808 3760 833 3785 ,,
860 3720 974 3774 ἀλλ’
1002 3720 1303 3791 άνωτέρους
1332 3719 1577 3788 γίνεσθαι
1625 3718 1734 3773 τῶν
1780 3718 1992 3783 παθῶν,

323 3802 641 3866 ἐννοοῦντας
665 3802 762 3866 τάς
786 3805 871 3872 ἐφ’
896 3802 1131 3873 ἐκάστης
1165 3803 1375 3874 ἡμέρας
1412 3802 1562 3873 παρά
1606 3802 1701 3857 τοῦ
1746 3803 1882 3857 Θεοῦ
1916 3805 1994 3868 εἰς

323 3881 479 3950 ἡμᾶς
527 3882 844 3949 εὐεργεσίας
883 3881 1274 3951 γεγενημένας.
1321 3882 1430 3933 Καὶ
1467 3882 1684 3953 ὅσῳπερ
1707 3895 1734 3923 ει
1765 3882 1832 3936 ἂν
1877 3885 1995 3937 ἐπι-

320 3956 650 4028 δειξώμεθα,
678 3960 797 4012 οὑδὲ
825 3960 886 4012 τὸ
917 3959 1205 4012 πολλοστὸν
1232 3957 1433 4026 φθάσαι
1461 3960 1625 4030 μέρος
1651 3959 1992 4031 δυνησόμεθα

320 4036 437 4089 τῶν
479 4054 536 4090 τε
570 4037 670 4107 ἤδη
704 4036 1157 4110 παρασχεθέντων
1196 4038 1344 4107 ἡμῖν,
1372 4036 1480 4089 τῶν
1520 4054 1577 4089 τε
1606 4036 1729 4091 καθ’
1758 4038 1994 4110 ἑκάστην

322 4114 541 4186 ἡμέραν
592 4118 672 4179 εἰς
710 4117 856 4187 ἡμᾶς
891 4114 1212 4185 γινομένων,
1262 4116 1355 4168 καὶ
1391 4114 1500 4168 τῶν
1550 4117 1993 4186 τεταμιευμένων

320 4197 460 4267 ἡμῖν
497 4197 739 4264 ἀγαθῶν,
789 4199 837 4251 εἰ
884 4197 1275 4268 βουληθείημεν
1311 4198 1391 4260 εἰς
1438 4196 1599 4268 ἔργον
1647 4199 1876 4266 ἀγαγεῖν
1924 4199 1992 4253 τά

323 4279 462 4347 ¹παρ’
504 4279 668 4332 αὑτοῦ
721 4280 1193 4351 προστεταγμένα.
1220 4281 1488 4343 Ἕκαστος
1524 4281 1702 4334 τοίνυν
1741 4281 1992 4335 ἐντεῦθεν

322 4359 509 4427 ἐξιὼν,
553 4361 711 4434 ἔργον
746 4362 902 4416 τοῦτο
936 4363 1271 4434 ποιησάσθω,
1318 4365 1410 4416 καὶ
1456 4363 1531 4427 ὡς
1577 4365 1669 4417 ἐπὶ
1718 4364 1991 4436 θησαυρὸν

325 4441 586 4511 μέγιστον
621 4443 918 4506 σπευδέτω,
963 4444 1056 4496 καὶ
1097 4444 1231 4513 μηδέ
1271 4443 1331 4495 τὸ
1379 4444 1542 4513 τυχὸν
1587 4443 1986 4497 ἀναϐαλλέσθω.

319 4523 448 4577 Κᾶν
476 4527 668 4594 καμεῖν
709 4525 820 4596 δέῃ,
865 4526 964 4579 κᾶν
993 4526 1245 4596 ζητῆσαι,
1288 4526 1393 4581 κᾶν
1440 4527 1655 4599 μακρὰν
1683 4528 1801 4581 ὁδὸν
1826 4527 1993 4580 ἀπελ-

320 4607 458 4670 θεῖν,
505 4606 608 4659 κᾶν
634 4607 911 4662 δυσκολίαι
954 4609 1098 4671 τινὲς
1126 4603 1247 4675 ὦσι,
1283 4610 1459 4663 πάντα
1501 4609 1672 4662 ταῦτα
1713 4611 1782 4663 τά
1812 4610 1991 4664 κωλύ-

320 4701 474 4755 ματα
526 4685 822 4757 ἀνέλωμεν.
861 4686 1011 4750 Ένὸς
1060 4689 1220 4758 μόνου
1268 4689 1566 4760 γινώμεθα,
1598 4689 1714 4753 πῶς
1751 4689 1810 4742 τὸ
1842 4688 1991 4759 παρά

318 4762 420 4816 τοῦ
460 4766 731 4819 Δεσπότου
765 4766 1051 4837 ἐπιταχθὲν
1085 4762 1165 4830 εἰς
1202 4766 1361 4839 ἔργον
1392 4769 1619 4837 ἀγαγεῖν
1648 4768 1986 4839 δυνηθῶμεν,

318 4843 421 4897 καὶ
458 4848 557 4915 τῆς
590 4847 836 4916 ὑπακοῆς
873 4846 962 4901 τὸν
995 4847 1186 4917 μισθὸν
1227 4848 1574 4917 κομίσασθαι.
1611 4850 1701 4917 Μὴ
1740 4848 1849 4918 γὰρ
1887 4849 1989 4903 οὐκ

317 4921 439 4977 οἶδα
470 4925 550 4977 ὅτι
586 4924 724 4996 βαρὺ
757 4927 850 4979 καὶ
877 4926 1111 4996 ἐπαχθὲς
1141 4926 1385 4994 φαίνεται
1413 4926 1475 4980 τὸ
1507 4926 1643 4997 πρὸς
1673 4927 1766 4978 τὸν
1791 4926 1992 4997 ἐχθρω-

315 5001 428 5064 δῶς
459 5004 798 5074 διακείμενον
825 5005 919 5057 καὶ
964 5005 1233 5074 πολεμίως
1262 5005 1514 5058 ἀπελθεῖν
1546 5007 1639 5058 καὶ
1672 5004 1863 5074 στῆναι
1893 5005 1988 5057 καὶ

315 5081 698 5151 διαλεχθῆναις
739 5081 879 5134 Ἀλλ’
921 5082 1013 5135 ἐὰν
1057 5083 1316 5155 ἐννοήσῃς
1353 5082 1447 5136 τοῦ
1480 5082 1894 5151 ἐπαγγέλματος
1929 5081 1989 5133 τὸ

317 5161 559 5230 ἀξίωμα,
602 5160 699 5213 καὶ
728 5160 830 5228 τῆς
854 5160 1089 5230 ἀμοιϐῆς
1130 5161 1192 5214 τὸ
1235 5161 1491 5231 μέγεθος,
1536 5161 1629 5214 καὶ
1660 5162 1742 5213 ὅτι
1778 5161 1878 5213 οὐκ
1908 5160 1989 5223 εἰς

314 5241 545 5304 ἐκεῖνον,
568 5239 682 5291 ἀλλ’
709 5239 788 5301 εἰς
822 5238 882 5292 σέ
903 5239 1190 5309 ἀνατρέχει
1216 5238 1284 5292 τὰ
1313 5242 1413 5309 τῆς
1441 5239 1781 5309 εὐεργεσίας,
1810 5239 1988 5293 πάντα

316 5335 407 5370 σοι
434 5317 611 5386 κοῦφα
641 5317 734 5370 καὶ
765 5317 925 5387 ῥᾴδια
957 5320 1224 5383 φανεῖται.
1250 5316 1433 5370 Ταῦτα
1456 5317 1634 5369 τοίνυν
1663 5317 1988 5387 στρέφοντες

315 5396 380 5451 ἐν
424 5398 534 5459 τοῖς
578 5396 853 5465 λογισμοῖς
895 5398 1007 5458 τοῖς
1054 5394 1376 5467 ἡμετέροις,
1430 5394 1837 5465 περιγινώμεθα
1884 5395 1986 5464 τῆς

315 5475 755 5559 ςὐνηθείαςκκαὶ
792 5472 1286 5559 εὐσεϐεῖρλογὶισμῶ
1323 5475 1431 5529 τῶν
1462 5472 1985 5559 ἐπιξαγμάτξυνμοῦ

315 5541 559 5614 Χριστοῦ
600 5545 883 5616 πληρωταὶ
911 5541 1212 5613 γινώμεθα,
1254 5541 1341 5597 ἵνα
1390 5544 1485 5596 καὶ
1521 5541 1795 5612 τῶν⁷παρ’
1818 5542 1984 5597 αὑτοῦ

312 5621 563 5692 ἀμοιϐῶν
607 5622 945 5692 ἀξιωθῶμεν,
987 5621 1167 5693 χάριτι
1200 5623 1295 5675 καὶ
1342 5621 1720 5693 φιλανθρωπίᾳ
1748 5621 1849 5691 τῆς
1882 5621 1984 5675 αὑ-

310 5699 415 5754 τοῦ
435 5700 785 5771 ἀγαθότητος,
809 5700 925 5770 μεθ’
937 5696 999 5756 οὗ
1024 5699 1102 5771 τῷ
1124 5700 1300 5772 Πατρὶ
1313 5698 1428 5770 ἅμα
1443 5698 1522 5770 τῷ
1542 5699 1681 5770 ἁγίῳ
1705 5698 1983 5770 Πνεύματι

308 5779 465 5845 δόξα,
506 5780 726 5848 κράτος,
763 5780 919 5849 τιμὴ,
950 5780 1047 5835 νῦν
1093 5779 1186 5835 καὶ
1218 5779 1305 5835 ἀεὶ
1365 5779 1461 5852 καὶ
1504 5779 1586 5843 εἰς
1623 5779 1751 5842 τοὺς
1780 5778 1983 5842 αἰῶνας

310 5858 428 5915 τῶν
464 5858 694 5912 αἰώνων.
733 5859 929 5927 Ἀμήν.

385 5951 411 5980 ⁸
427 5945 579 5998 Sam.
766 5946 960 6011 ὅσαπερ.

641 6032 910 6093 ΡΑτιιοι..
942 6031 1061 6092 Gn.
1101 6030 1259 6096 LIII.

1509 377 1575 436 IN
1610 376 1764 436 CAP.
1805 374 1873 433 IX
1910 372 2155 433 GENES.
2191 376 2423 435 IIOMIL.
2466 378 2694 436 XXVIII.

3659 378 3763 435 252

2629 496 2870 550 OMIAIA
2912 496 3022 549 κη’
3057 488 3235 567 [263].

2102 582 2211 636 Καὶ
2237 581 2409 637 εἶπεν
2440 585 2475 637 δ
2506 583 2648 650 Θεὸς
2682 582 2763 648 τῷ
2791 582 2939 642 Νῶε.
2966 584 3063 653 καί
3095 583 3220 649 τοῖς
3248 582 3400 649 υἱοῖς
3426 583 3610 653 αὑτοῦ
3637 583 3763 653 μετ’

2170 654 2377 717 αὐτοῦ,
2408 655 2638 724 λέγων’
2669 654 2776 724 Κιιί
2807 653 2934 724 ἰδοὺ
3098 653 3378 724 ἀνίστημι
3407 651 3523 719 τὴν
3558 651 3764 724 δη)θῴ

2172 740 2291 790 xm-
2320 742 2441 792 μου
2474 721 2632 793 ὑμῖν,
2662 723 2760 777 καί
2791 721 2870 788 τῷ
2897 722 3190 791 σπέρματι
3232 721 3399 792 ὑμῶν
3429 724 3558 791 μεθ’
3586 722 3762 791 ὑμᾶς,

2172 794 2272 846 καί
2305 793 2474 860 πάσῃ
2510 792 2684 861 ψυχῇ
2728 793 2889 860 ζώσῃ
2917 793 3045 861 μεθ’
3067 791 3253 860 ὑμῶν,
3283 792 3404 847 ἀπό
3443 809 3506 846 τε
3543 791 3767 858 ὀρνέων

2172 813 2272 846 και
2305 813 2474 860 πασῃ
2510 813 2683 862 Ψυχῃ
2728 813 2889 860 suum
2917 813 3030 859 μευ
3067 813 3253 860 umor,
3283 813 3402 847 απυ
3443 813 3506 846 τε
3543 813 3765 858 agn-star

2172 862 2271 916 καί
2306 864 2425 917 ἀπὸ
2458 862 2712 931 κτηνῶν,
2745 861 2844 916 καὶ
2880 860 3032 917 ⁴πᾶσι
3072 862 3195 928 τοῖς
3227 862 3454 928 θηρίοις
3491 861 3601 929 τῆς
3629 861 3765 930 γῆς.

2169 956 2236 1003 α’.
2259 951 2370 1023 Τὴν
2386 951 2633 1020 εὐλογίαν
2659 951 2738 1014 είς
2762 948 2826 1003 τὸ
2842 949 3007 1020 μέσον
3031 948 3322 1020 προθέντες
3335 948 3483 1019 χθὲς,
3512 944 3581 1021 ῆς
3596 950 3626 1002 δ
3641 950 3766 1003 Νῶε

2100 1031 2307 1103 ἠξιώθη
2354 1035 2505 1105 παρὰ
2538 1034 2632 1099 τοῦ
2669 1032 2939 1086 Δεσπότου
2976 1031 3114 1103 μετά
3158 1031 3259 1102 τὴν
3305 1031 3482 1097 ἔξοδον
3519 1031 3618 1103 τὴν
3656 1031 3767 1086 ἀπὸ

2100 1114 2200 1185 τῆς
2232 1115 2464 1169 κιϐωτοῦ
2499 1115 2884 1187 θυσιαστήριον
2917 1114 3302 1185 οἰκοδομήσας,
3330 1114 3425 1167 καὶ
3456 1114 3556 1178 τὰς
3603 1114 3767 1185 εὐχα-

2104 1198 2412 1267 ριστηρίους
2454 1197 2646 1262 θυσίας
2686 1195 2998 1267 ἀναγαγὼν,
3032 1198 3129 1252 καὶ
3176 1196 3277 1269 τὴν
3309 1196 3518 1252 οἰκείαν
3558 1198 3768 1267 εὐγνω-

2105 1278 2340 1349 μοσύνην
2368 1280 2791 1352 ἐπιδειξάμενος,
2821 1281 2921 1334 οὐκ
2962 1279 3262 1351 ἰσχύσαμεν
3295 1280 3607 1352 περαιτέρω
3636 1297 3770 1354 προ-

2101 1361 2297 1425 ελθεῖν,
2345 1363 2442 1417 καὶ
2492 1363 2656 1417 παντί
2705 1362 3010 1427 ἐπεξελθεῖν
3070 1362 3149 1433 τῷ
3205 1362 3596 1432 άναγνώσματι
3620 1403 3635 1425 ,
3672 1364 3769 1417 καὶ

2098 1444 2272 1508 δεῖξαι
2295 1444 2391 1498 τοῦ
2423 1445 2801 1518 φιλανθρώπου
2833 1445 2969 1499 Θεοῦ
2991 1445 3091 1517 τὴν
3119 1447 3525 1516 συγκατάϐασιν
3550 1446 3645 1501 καὶ
3668 1447 3768 1517 τὴν

2101 1527 2446 1597 κηδεμονίαν,
2491 1529 2558 1598 ἡν
2610 1528 2741 1597 περὶ
2775 1528 2868 1581 τὸν
2914 1528 3120 1583 δίκαιον
3170 1529 3504 1595 ἐπεδείξατο.
3545 1528 3767 1601 Ἐπειδὴ

2101 1610 2210 1679 γάρ
2238 1611 2318 1674 εἰς
2349 1609 2483 1664 πολὺ
2518 1611 2691 1681 μῆκος
2733 1613 2867 1681 ἡμῖν
2893 1613 2922 1665 δ
2946 1611 3104 1680 λόγος
3149 1611 3398 1680 ἐξετάθη,
3428 1611 3642 1681 ταχέως
3670 1612 3770 1667 αὑ-

2099 1692 2191 1745 τὸν
2226 1692 2662 1764 συνεστείλαμεν,
2690 1692 2831 1746 ὥστε
2864 1692 2939 1763 μὴ
2979 1692 3058 1764 τῷ
3086 1691 3277 1763 πλήθει
3310 1693 3628 1763 καταχῶσαι
3670 1692 3770 1765 τὴν

2103 1776 2325 1845 μνήμην
2350 1774 2524 1845 ὑμῶν.
2561 1775 2695 1846 μηδέ
2728 1777 2841 1836 τοῖς
2875 1773 3013 1844 μετά
3050 1773 3224 1827 ταῦτα
3248 1774 3563 1844 λεγομένοις
3590 1774 3770 1844 λυμὴ-

2100 1858 2296 1911 νασθαι
2316 1861 2429 1922 τοῖς
2450 1859 2551 1930 ἡδη
2586 1859 2847 1928 ῥηθεῖσιν.
2874 1858 3009 1912 υὺδέ
3040 1858 3149 1929 γὰρ
3176 1857 3335 1911 τοῦτο
3361 1857 3547 1921 ἁπλῶς
3576 1859 3772 1911 ἐσπου-

2098 1939 2340 2011 δάσαμεν
2370 1942 2550 2012 μόνον,
2579 1942 2640 1995 τὸ
2670 1943 2842 1997 πολλά
2885 1943 3078 2006 εἰπεῖν,
3107 1940 3242 1995 ἀλλά
3294 1940 3530 1995 τοσαῦτα
3580 1940 3767 2010 βουλό.

2103 2021 2243 2092 μεθα
2273 2023 2470 2093 λέγειν,
2495 2025 2594 2079 ὅσα
2623 2025 2846 2079 δυνατὸν
2879 2026 2974 2079 καὶ
3011 2025 3156 2094 ὑμᾶς
3180 2026 3247 2095 τῇ
3287 2025 3474 2094 μνήμῃ
3509 2041 3767 2093 παρακα-

2098 2106 2339 2174 τασχεῖν,
2368 2106 2463 2159 καὶ
2492 2106 2855 2177 κερδάναντας
2881 2104 3130 2160 ἐντεῦθεν
3168 2106 3441 2159 ἀπελθεῖν.
3479 2108 3539 2160 Εἰ
3566 2109 3675 2179 γάρ
3701 2108 3766 2178 ῖὴ

2103 2186 2368 2257 μέλλομεν
2396 2189 2491 2241 καί
2544 2191 2704 2260 ἡμεῖς
2763 2189 2983 2243 πλείονα
3027 2187 3123 2241 τοῦ
3170 2188 3384 2251 δέοντος
3431 2188 3629 2257 λέγειν,
3670 2194 3767 2243 καὶ

2099 2269 2256 2338 ὑμεῖς
2286 2271 2452 2341 μηδὲν
2482 2274 2547 2325 ἐκ
2583 2272 2691 2325 τῶν
2720 2272 3025 2344 λεγομένων
3054 2272 3416 2343 καρποῦσθαι,
3448 2274 3502 2327 τί
3544 2275 3605 2327 τὸ
3634 2274 3767 2342 ὑφε-

2099 2350 2221 2416 λος;
2256 2352 2465 2417 Είδότες
2491 2354 2669 2408 τοίνυν
2709 2356 2790 2409 ὄτι
2817 2354 2906 2409 διὰ
2940 2355 3038 2427 τὴν
3065 2356 3331 2425 ὠφέλειαν
3370 2358 3468 2429 τὴν
3495 2358 3765 2429 ὑμετέραν

2098 2433 2287 2486 τοῦτον
2339 2434 2709 2504 ἀνεδεξάμεθα
2755 2436 2846 2490 τὸν
2906 2438 3181 2507 κάματον,
3236 2440 3331 2493 καὶ
3386 2441 3766 2512 αὑταρκοῦσαν

2100 2514 2333 2585 ἀμοιϐὴν
2366 2517 2644 2587 εἰληφέναι
2680 2518 2992 2590 νομίζομεν,
3034 2522 3083 2574 εἰ
3113 2520 3210 2593 τὴν
3244 2522 3512 2592 ὑμετέραν
3554 2524 3766 2581 θεασοί-

2104 2597 2242 2668 μεθα
2293 2601 2575 2670 προκοπὴν
2623 2604 2761 2672 μετά
2811 2603 3095 2675 ἀκριϐείας
3128 2605 3460 2676 κατέχουσαν
3493 2607 3564 2659 τὰ
3612 2607 3768 2675 λεγό-

2103 2684 2402 2750 μενα,.καὶ
2433 2686 2490 2736 ἐν
2523 2688 2635 2748 τοῖς
2677 2685 2897 2750 κόλποις
2938 2686 3037 2754 τῆς
3085 2688 3354 2758 ὑμετέρας
3404 2688 3643 2753 διανοίας
3679 2692 3767 2744 ἐν-

2098 2761 2363 2815 απόθεσθε
2398 2766 2637 2835 συνεχῶς
2668 2765 2855 2845 ταῦτιε
2882 2768 3154 2831 κινοῦντες
3188 2770 3283 2822 καὶ
3325 2770 3765 2843 ἀναμαρυκώμε-

2099 2862 2179 2899 νοι
2204 2845 2252 2900 b.
2290 2847 2355 2899 'H
2388 2847 2498 2919 7&9
2533 2850 2720 2920 μνήμη
2749 2850 2857 2902 τῶν
2897 2850 2998 2921 ἤδη
3038 2851 3311 2921 ῥηθέντων
3354 2852 3764 2924 παρασκευάσει

2026 2982 2034 2989 ,
2102 2927 2241 2996 μετά
2265 2926 2507 2992 πλείονος
2536 2929 2783 2995 εὐκολίας
2827 2931 2972 3001 ὑμᾶς
2998 2932 3246 3001 δέχεσθαι
3275 2935 3366 2986 καὶ
3403 2934 3468 2986 τά
3501 2934 3765 3004 μέλλοντα

2101 3010 2458 3081 ῥηθήσεσθαι,
2490 3013 2582 3065 καὶ
2610 3011 2754 3065 οὕτω
2776 3012 2870 3066 τοῦ
2903 3013 3097 3084 χρόνου
3129 3015 3407 3084 προϊόντος
3438 3018 3531 3070 καὶ
3559 3018 3764 3087 ἐτέροις

2098 3092 2404 3149 διδάσκαλοι
2435 3096 2746 3168 γενήσεσθε.
2776 3095 2947 3149 Τοῦτο
2990 3096 3100 3167 γὰρ
3140 3098 3296 3168 ἡμῶν
3338 3099 3370 3168 ἡ
3404 3102 3555 3153 πάσα
3595 3101 3764 3171 ἀγρυ-

2099 3177 2232 3231 πνία
2265 3180 2359 3233 καὶ
2404 3181 2437 3249 ἡ
2486 3179 2719 3250 σπουδὴ,
2766 3178 2908 3232 ὥστε
2956 3180 3164 3244 πάντας
3196 3182 3341 3250 ὑμᾶς
3388 3182 3625 3241 τελείους
3670 3185 3765 3237 καὶ

2099 3262 2542 3334 ἀπηρτισμένους
2568 3261 2839 3330 γενέσθαι,
2864 3261 2957 3315 καὶ
2986 3263 3151 3333 μηδὲν
3177 3263 3320 3333 ὑμᾶς
3352 3263 3633 3318 λανθάνειν
3656 3266 3765 3318 τῶν

2099 3345 2158 3398 ἐν
2188 3347 2309 3408 ταῖς
2349 3345 2521 3409 θείαις
2549 3346 2790 3416 Γραφαῖς
2829 3345 3121 3415 κειμένων.
3166 3346 3227 3398 ’Π
3261 3348 3369 3417 γάρ
3405 3346 3606 3399 τούτων
3633 3348 3767 3416 γνῶ-

2101 3443 2206 3492 σις,
2236 3428 2285 3480 εἰ
2314 3426 2706 3498 βουληθείημεν
2734 3427 2924 3496 νήφειν
2952 3428 3046 3481 καὶ
3077 3428 3454 3498 ἐγρηγορέναι,
3493 3429 3585 3482 καὶ
3624 3429 3763 3498 πρὸς

2097 3509 2199 3580 τὴν
2243 3508 2474 3581 ἀρίστην
2506 3508 2782 3562 πολιτείαν
2824 3509 2894 3563 τά
2934 3509 3163 3579 μέγιστα
3200 3510 3331 3579 ἡμῖν
3374 3509 3760 3578 συμϐαλεῖται.

2101 3591 2195 3645 καὶ
2236 3590 2677 3663 προθυμοτέρους
2718 3590 3010 3661 ἐργάσεται
3068 3590 3205 3660 πρὸς
3248 3591 3375 3653 τοὺς
3423 3591 3519 3660 τῆς
3565 3593 3764 3663 ἀρετῆς

2100 3673 2314 3737 πόνους.
2346 3674 2515 3728 Ὅταν
2565 3673 2673 3745 γὰρ
2722 3672 3098 3743 παιδευθῶμεν
3135 3673 3218 3725 ὅτι
3254 3673 3480 3737 ἕκαστος
3526 3675 3633 3727 τῶν
3685 3676 3765 3730 διο

2099 3756 2271 3810 καίων
2314 3756 2424 3808 τῶν
2454 3755 2653 3826 πολλὴν
2684 3755 2998 3827 παρρησίαν
3028 3755 3162 3825 πρὸς
3195 3755 3285 3808 τὸν
3322 3754 3455 3808 Θεὸν
3487 3757 3763 3828 κτησαμέ-

2100 3856 2229 3905 νων,
2255 3838 2346 3892 διά
2386 3839 2706 3911 πειρασμῶν
2749 3841 2845 3892 καὶ
2880 3837 3112 3907 θλίψεων
3156 3838 3379 3901 ὁδεύσας
3410 3838 3630 3894 ἅπαντα
3671 3842 3764 3894 τὸν

2102 3922 2235 3991 βίον,
2279 3923 2373 3975 καί⁸
2422 3922 2621 3992 πολλὴν
2662 3922 2761 3992 τὴν
2818 3920 3093 3990 ὑπομονὴν
3135 3921 3228 3972 καὶ
3270 3920 3368 3990 τὴν
3414 3922 3765 3992 εὐχαριστίαν

2100 4003 2522 4074 ἐπιδειξάμενος,
2550 4004 2691 4056 οὕτω
2714 4004 2820 4055 τῶν
2848 4002 3093 4072 ἀμοιϐῶν
3118 4002 3342 4070 ἠξιώθη,
3375 4003 3492 4064 πῶς
3517 4006 3638 4073 οὐχὶ
3668 4007 3765 4060 καὶ

2100 4086 2253 4138 αὑτοὶ
2287 4084 2654 4153 σπουδάσομεν
2685 4096 2706 4123 ε
2741 4084 2838 4154 τὴν
2878 4085 3047 4153 αὐτὴν
3085 4085 3264 4147 αὐτοῖς
3295 4086 3412 4137 ὁδὸν
3451 4086 3644 4153 ἐλθεῖν,
3678 4087 3764 4141 ἵνα

2099 4168 2191 4220 καὶ
2218 4167 2328 4219 τῶν
2358 4166 2534 4219 αὑτῶν
2561 4167 2742 4229 αὐτοῖς
2766 4167 3016 4236 τύχωμεν
3039 4167 3315 4236 ἁμοιϐῶν;
3345 4167 3431 4222 Διὸ
3461 4169 3765 4238 παρακαλῶ

2099 4249 2219 4302 καθ’
2244 4249 2479 4318 ἑκάστην
2519 4249 2735 4319 ἡμέραν
2774 4250 3089 4321 προσθήκην
3121 4251 3244 4305 τινὰ
3284 4252 3630 4322 ἐργάζεσθαι.
3669 4256 3763 4308 καὶ

2097 4330 2277 4396 αὔξειν
2303 4331 2455 4400 ὑμῶν
2494 4331 2591 4403 τὴν
2630 4331 2770 4384 κατά
2802 4331 2932 4385 Θεὸν
2955 4333 3262 4404 οἰκοδομὴν.
3294 4340 3388 4388 καὶ
3427 4336 3495 4388 τὰ
3534 4335 3633 4406 μὲν
3660 4337 3763 4408 ἡδη

2098 4414 2509 4485 κατορθωθέντα
2549 4415 2684 4485 μετά
2710 4414 3005 4484 ἀσφαλείας
3037 4418 3129 4470 καὶ
3158 4416 3357 4488 πολλῆς
3396 4419 3492 4489 τῆς
3518 4419 3764 4491 φυλακῆς

2096 4498 2386 4569 διατηρεῖν,
2439 4499 2506 4552 τά
2547 4499 2603 4551 δέ
2638 4499 2890 4552 λείποντα
2939 4500 3302 4571 προστιθέναι,
3339 4502 3426 4555 ἵνα
3473 4501 3645 4566 οὕτως
3682 4505 3764 4568 εἰς

2097 4580 2265 4651 αὑτὴν
2305 4581 2402 4652 τὴν
2436 4582 2679 4652 κορυφὴν
2715 4582 2816 4652 τῆς
2846 4583 3047 4654 ἀρετῆς
3078 4583 3339 4654 φθάσητε,
3387 4586 3468 4648 εἰς
3503 4584 3763 4657 καύχημα

2097 4664 2384 4736 ἡμέτερον,
2417 4666 2497 4727 εἰς
2526 4664 2812 4736 οἰκοδομὴν
2831 4666 2928 4736 τῆς
2962 4666 3305 4737 Ἐκκλησίας,
3340 4669 3420 4730 εἰς
3446 4667 3605 4732 δόξαν
3629 4670 3766 4740 Χρι-

2099 4746 2247 4800 στοῦ.
2278 4748 2386 4800 Καὶ
2419 4748 2527 4817 7&9
2557 4748 2697 4817 ὁρῶν
2731 4748 2883 4818 ὑμῶν
2913 4749 2974 4801 τὸ
3001 4748 3294 4817 ἀκόρεστον
3321 4748 3451 4819 περί
3479 4749 3578 4820 τὴν
3597 4767 3763 4803 πνευ-

2099 4830 2335 4900 ματικὴν
2370 4829 2734 4891 διδασκαλίαν,
2785 4828 2846 4881 ού
2885 4828 3033 4900 [270]
3076 4829 3316 4899 παύομαι
3358 4829 3479 4882 καθ’
3524 4830 3761 4900 ἑκάστην

2094 4913 2332 4983 ἡμέραν,
2378 4912 2554 4965 καίτοι
2586 4913 2775 4963 πενίαν
2825 4911 3024 4981 πολλὴν
3072 4911 3294 4982 ἐμαυτῷ
3347 4911 3618 4975 συνειδὼς.
3661 4911 3762 4983 τὴν

2094 4996 2335 5050 ἑστίασιν
2370 4995 2498 5062 ὑμῖν
2532 4994 2630 5063 τὴν
2667 4993 2775 5045 ἀπὸ
2811 4992 2919 5045 τῶν
2964 4993 3122 5047 θείων
3152 4993 3382 5063 Γραφῶν
3417 4994 3759 5063 παρατιθεὶς,

2096 5078 2190 5130 καὶ
2218 5076 2361 5146 ἅπερ
2387 5075 2515 5145 ἂνὴ
2559 5074 2652 5128 τοῦ
2683 5075 2827 5127 Θεοῦ
2846 5077 3005 5146 χάρις
3051 5076 3137 5129 διὰ
3179 5076 3278 5147 τὴν
3325 5077 3531 5129 οἰκείαν
3572 5076 3761 5145 φιλαν-

2096 5158 2336 5231 θρωπίαν
2361 5159 2455 5212 καὶ
2483 5157 2571 5211 διὰ
2597 5158 2694 5229 τὴν
2719 5156 2988 5230 ὑμετέραν
3011 5158 3275 5227 ὠφέλειαν
3299 5160 3600 5230 χορηγήσῃ,
3626 5159 3761 5214 ταῦ-

2095 5259 2162 5295 τα
2193 5245 2311 5305 ταῖς
2346 5242 2638 5311 ὑμετέραις
2675 5243 2864 5304 ἀκοαῖς
2902 5241 3352 5311 παρατιθέμενος.
3382 5242 3517 5312 Φέρε
3545 5237 3637 5295 οὖν
3665 5244 3762 5305 καὶ

2093 5405 2340 5477 θρωπίας
2362 5404 2458 5474 τὴν
2484 5404 2808 5474 ὑπερϐολὴν,
2840 5405 2906 5475 ἣν
2942 5406 3069 5474 περί
3097 5404 3195 5476 τὴν
3221 5405 3566 5477 ἀνθρωπίνην
3599 5407 3760 5476 φύσιν

2093 5487 2474 5549 ἐπιδείκνυται,
2509 5485 2647 5539 αὺτά
2676 5487 2746 5540 τὰ
2771 5488 2920 5558 παρὰ
2960 5487 3056 5540 τοῦ
3089 5487 3223 5540 Θεοῦ
3266 5487 3499 5558 ρηθέντα
3528 5489 3605 5559 τῷ
3636 5489 3758 5542 Νῶε

2094 5573 2170 5634 εἰς
2216 5580 2379 5642 μέσον
2415 5568 2781 5640 προτιθέντες.
2814 5571 2921 5623 Kal
2944 5565 3114 5625 εἶπεν
3139 5574 3172 5624 d
3201 5572 3345 5637 Θεὸς
3381 5570 3462 5637 τῷ
3483 5572 3631 5636 Νῶε,
3660 5572 3761 5627 καὶ

2094 5649 2219 5718 τοῖς
2251 5650 2403 5717 υἱοῖς
2441 5650 2650 5705 αὐτοῦ.
2694 5651 2849 5705 Μετά
2891 5653 2954 5705 τὸ
2982 5653 3274 5725 εὐλογῆσαι
3307 5654 3468 5707 αὐτὸν
3513 5655 3604 5707 καὶ
3632 5655 3760 5718 τοὺς

2094 5737 2240 5800 νὶοὺς
2273 5734 2461 5800 αὑτοῦ,
2491 5735 2584 5789 καὶ
2616 5736 2806 5799 εἰπεῖν,
2836 5734 3188 5801 Λύξάνεσθε
3220 5737 3319 5792 καὶ
3351 5737 3755 5807 πληθύνεσθε,

2152 5874 2181 5914 ³⁸
2215 5876 2366 5940 SavII.
2390 5876 2438 5924 in
2466 5888 2618 5934 marg.
2642 5888 2670 5924 e
2708 5890 2806 5925 var.
2830 5877 2945 5925 lect.
2970 5875 3169 5940 ἀναμηρ.

2154 5942 2177 5971 ε
2209 5937 2361 5988 Savil.
2398 5942 2451 5986 ει
2470 5940 2690 6000 quinque
2731 5952 2845 5987 mss.
2868 5937 3233 5998 σπουδάσωμεν,

3182 6022 3258 6082 16
