4078 6412
400 387 504 445 253
958 463 963 467 γ

401 506 496 564 καὶ
522 504 621 577 τὴν
659 504 829 575 ἀρχὴν
863 502 961 575 τὴν
1008 502 1146 555 κατά
1178 500 1284 554 τῶν
1308 500 1515 567 ἀλόγων
1554 498 1805 552 ἁπάντων
1837 492 2071 577 ἐγχειρί-

402 608 513 655 σαι,
546 572 642 642 καὶ
666 572 763 657 τήν
790 572 1037 650 ἐξουσίαν
1067 583 1249 637 δοῦναι
1276 582 1393 644 τοῦ,
1418 583 1493 644 ὼς
1516 581 1721 651 λάχανα
1749 577 1958 647 χόρτου,
1989 572 2073 627 οὐ·

400 692 478 728 τω
528 674 730 726 τούτων
784 670 1052 725 ποιεῖσθαι
1094 668 1191 738 τὴν
1248 666 1564 738 μετάληψιν,
1603 666 1696 718 καὶ
1738 659 2071 716 ἐντείλασθαι

398 756 539 810 ὥστε
578 755 712 827 κρέα
747 754 806 807 ἐν
832 754 1023 824 αἵματι
1064 752 1137 822 μὴ
1168 755 1380 819 φαγεῖν,
1416 750 1707 820 κηδόμενος
1740 746 1820 798 ἔτι
1852 745 1945 797 καὶ
1980 743 2070 796 τοῦ

398 840 607 893 δικαίου
642 837 869 891 καὶτῶν
904 835 1040 906 μετά
1064 835 1234 888 ταῦτα
1264 834 1562 903 μελλόντων
1592 828 1827 890 ἔσεσθαι,
1861 828 1950 885 καὶ
1985 842 2065 892 φ’·-

303 966 317 980 ,
399 919 782 991 λοτιμούμενος
809 919 896 972 ἀεὶ
929 919 1047 979 ταῖς
1081 916 1419 985 εὐεργεσίαις
1447 915 1543 983 τὴν
1573 912 1845 982 ἡμετέραν
1888 908 2068 976 φύσιν,

402 989 727 1075 προστίθησι
756 1001 917 1056 πάλιν
945 1001 1257 1070 εὐεργεσίας
1288 999 1504 1068 μείζους
1543 995 1635 1050 καί
1672 1010 1822 1064 φησι·
1853 995 1960 1048 Καὶ
1989 989 2070 1047 εἷ-

401 1104 515 1143 πεν
552 1092 585 1142 ό
635 1086 782 1152 Θεὸς
826 1082 907 1150 τῷ
945 1084 1089 1141 Νῶε,
1134 1082 1232 1136 καὶ
1264 1081 1388 1146 τοῖς
1416 1079 1567 1143 υἱοῖς
1594 1078 1778 1132 αὐτοῦ
1808 1077 1934 1146 μετ’
1968 1078 2073 1131 αὺ-

398 1173 528 1233 τοῦ,
565 1170 776 1239 λέγων’
819 1168 964 1222 Ἰδοὺ
1002 1167 1114 1235 ἐγὼ
1165 1164 1392 1220 ἀνιστῶ
1446 1162 1562 1229 τὴν
1608 1162 1905 1227 διαθήκην
1949 1178 2068 1229 μου

397 1255 560 1323 ὑμῖν,
608 1253 704 1306 καὶ
751 1249 831 1315 τῷ
869 1250 1159 1319 σπέρματι
1202 1247 1366 1316 ὑμῶν
1391 1248 1519 1314 μεθ’
1546 1245 1721 1314 ὑμᾶς,
1762 1244 1857 1297 καὶ
1901 1241 2070 1310 πάσῃ

401 1335 575 1404 ψυχῇ
606 1334 760 1400 ζώσῃ
786 1333 914 1400 μεθ’
938 1331 1123 1399 ὑμῶν,
1157 1330 1275 1383 ἀπὸ
1301 1328 1526 1396 ὀρνέων
1546 1327 1643 1381 καί
1668 1328 1786 1380 ἀπὸ
1815 1325 2069 1393 κτηνῶν,

401 1419 497 1472 καὶ
538 1417 686 1469 πᾶσι
717 1415 842 1480 τοῖς
875 1414 1101 1481 θηρίοις
1137 1410 1247 1479 τῆς
1276 1410 1407 1480 γῆς,
1440 1411 1558 1464 ὅσα
1581 1411 1708 1477 μεθ’
1729 1407 1917 1478 ὑμῶν,
1953 1407 2071 1462 ἀπὸ

401 1502 640 1556 πάντων
669 1498 786 1552 τῶν
818 1498 1189 1562 ἐξελθόντων
1212 1494 1332 1549 ἀπὸ
1354 1493 1467 1561 τῆς
1488 1492 1757 1546 κιϐωτοῦ·
1797 1491 1891 1545 καί
1925 1490 2073 1556 στή-

398 1602 486 1637 σω
522 1584 634 1648 τὴν
673 1581 970 1647 διαθήκην
1011 1597 1130 1647 μου
1166 1578 1314 1646 πρὸς
1345 1576 1522 1646 ὑμᾶς’
1567 1576 1663 1629 καὶ
1703 1576 1813 1629 οὐκ
1853 1576 2072 1629 ἀποθα-

403 1668 583 1721 νεῖται
620 1667 788 1720 πᾶσα
815 1664 971 1732 σὰρξ
997 1664 1083 1717 ἐτι
1113 1662 1229 1716 ἀπὸ
1252 1660 1360 1714 τοῦ
1396 1659 1615 1725 ὕδατος
1641 1658 1748 1711 τοῦ
1775 1660 2072 1711 κατακλυ-

406 1750 557 1818 σμοῦ
603 1750 697 1802 καί
729 1750 839 1807 οὐκ
869 1748 957 1800 ἔτι
991 1745 1165 1799 ἔσται
1184 1743 1612 1810 κατακλυσμὸς
1635 1741 1870 1805 ὕδατος,
1897 1756 2073 1794 κατα-

399 1830 628 1899 φθεῖραι
655 1829 862 1884 πᾶσαν
884 1827 999 1895 τὴν
1021 1825 1153 1897 γῆν.
1173 1825 1392 1895 Ἐπειδὴ
1411 1824 1555 1887 εἰκὸς
1572 1820 1639 1892 ἦν
1655 1824 1746 1876 τὸν
1765 1824 1970 1876 δίκαιον
1992 1823 2070 1876 ἔτι

398 1914 690 1983 ἐναγώνιον
720 1909 877 1971 εἶναι,
928 1912 1020 1964 καὶ
1054 1909 1129 1979 τῷ
1166 1908 1275 1961 δέει
1304 1906 1738 1976 καταϐεϐλῆσθαι
1783 1906 1946 1958 αὐτοῦ
1975 1905 2070 1975 τὴν

402 1998 657 2057 διάνοιαν,
688 1995 782 2047 καὶ
815 1993 869 2047 εἴ
907 2009 1036 2046 ποτε
1077 1989 1315 2059 συμϐαίη
1354 1988 1554 2060 μικράν
1594 2005 1714 2040 τινα
1765 1987 2071 2057 ἐπομϐρίαν

397 2080 668 2146 γενέσθαι,
701 2078 922 2148 ἔμελλεν
964 2077 1029 2129 ἂν
1071 2073 1255 2127 ἀλύειν
1283 2072 1376 2127 καὶ
1395 2071 1779 2142 ἀναχαιτίζειν,
1811 2070 1887 2132 ὡς
1912 2070 2071 2124 πάλιν

372 2163 637 2215 ’τοιούτου
679 2159 969 2213 κλυδωνίου
1019 2156 1116 2226 τὴν
1172 2155 1496 2225 οἰκουμένην
1539 2153 2068 2223 καταλαμϐάνοντος,

400 2246 487 2298 ἵνα
517 2246 607 2296 καί
630 2243 791 2305 αὐτὸς
815 2242 912 2311 ἔχῃ
945 2240 1168 2310 θαρρεῖν
1198 2238 1292 2291 καὶ
1314 2237 1362 2289 οἱ
1390 2238 1470 2300 είς
1497 2235 1559 2289 τὸ
1594 2235 1720 2306 ἑξῆς
1747 2234 2007 2298 ἀπαντες,
2043 2238 2072 2288 ὁ

398 2327 601 2395 ἀγαθὸς
637 2326 915 2394 Δεσπότης
943 2323 1097 2385 εἰδὼς
1140 2324 1222 2375 ὅτι
1269 2321 1362 2375 καὶ
1387 2319 1448 2372 τὸ
1483 2318 1644 2389 τυχὸν
1683 2318 1843 2371 αὑτὸν
1868 2317 2070 2371 λυποῦν

403 2409 700 2479 θορυϐῆσαι
722 2408 1022 2475 δυνήσεταν
1046 2406 1078 2473 ἡ
1101 2404 1210 2473 γὰρ
1234 2405 1396 2471 πεῖρα
1419 2403 1525 2454 τῶν
1555 2400 1932 2479 παρελθόντων
1961 2402 2071 2454 ίκα-

402 2495 463 2560 νὴ
498 2490 698 2560 πολλὴν
721 2488 919 2542 δειλίαν
951 2486 1223 2556 ἐμϐαλεῖν·
1259 2485 1381 2537 ἐπεὶ
1402 2480 1494 2537 οὖν
1525 2482 1667 2543 εἰκὸς
1692 2478 1760 2551 ἦν
1782 2482 1872 2533 τὸν
1903 2482 2071 2551 μακά-

403 2593 517 2643 ριον
553 2575 738 2627 τοῦτον
788 2573 878 2626 καὶ
905 2571 1013 2624 ἀπὸ
1045 2569 1140 2623 τοῦ
1170 2569 1422 2639 τυχόντος
1461 2565 1616 2619 ὑετοῦ
1660 2565 2068 2634 καταπλαγῆναι

401 2664 495 2714 καὶ
524 2660 807 2723 δειλιάσαι,
824 2657 911 2710 διὰ
937 2655 1094 2709 τοῦτο
1118 2657 1145 2708 ὁ
1166 2653 1366 2722 ἀγαθὸς
1389 2652 1522 2714 Θεὸς
1551 2651 1829 2721 μονονουχὶ
1849 2651 2069 2721 θαρρεῖν

396 2742 559 2795 αὐτὸν
588 2738 1043 2811 παρασκευάζων,
1073 2736 1164 2789 καὶ
1199 2733 1398 2797 παντὸς
1427 2733 1578 2795 δέους
1600 2732 1762 2786 αὐτὸν
1795 2734 2068 2787 ἀπαλλάτ-

392 2842 527 2885 των,
577 2824 671 2876 καὶ
713 2824 772 2874 ἐν
805 2820 955 2891 ἀδείᾳ
999 2818 1173 2888 πολλῇ
1219 2818 1313 2870 καὶ
1355 2815 1590 2885 εὐθυμία
1633 2814 1914 2878 καθιστάς,
1967 2817 2067 2869 ὑπ-

398 2909 655 2976 ισχνεῖται
688 2903 838 2974 αὐτῷ
871 2902 1065 2972 μηκέτι
1092 2899 1344 2968 τοιαύτην
1365 2899 1633 2969 τιμωρίαν
1660 2900 1972 2967 ἐπαγαγεῖν.

469 2991 533 3059 β’.
565 2989 675 3041 Καὶ
695 2987 854 3040 τοῦτο
884 2985 981 3055 μὲν
1007 2984 1107 3054 ήδη
1143 2984 1239 3036 καὶ
1272 2982 1377 3053 πρὸ
1396 2982 1497 3051 τῆς
1522 2980 1773 3059 εὐλογίας
1800 2982 2066 3052 ὑπέσχετο

395 3055 590 3142 λέγων,
611 3071 859 3141 καθάπερ
884 3067 1171 3137 ἠκούσατε,
1190 3067 1273 3119 ὅτι
1307 3067 1388 3118 Οὐ
1406 3055 1705 3133 προστιθῶ
1730 3066 2065 3134 καταράσα-

397 3158 539 3209 σθαι
570 3153 684 3219 thr
707 3149 842 3217 γῆνσ
877 3150 926 3202 εί
964 3149 1057 3202 καὶ
1094 3148 1145 3200 οί
1178 3145 1453 3215 ἄνθρωποι
1487 3145 1557 3199 τά
1594 3146 1692 3215 τῆς
1720 3147 1916 3208 κακίας
1945 3149 2066 3201 ἐπι-

396 3234 681 3297 τείνουσιν,
709 3231 821 3283 ἀλλ’
861 3231 1010 3299 ὅμως
1043 3227 1154 3296 ἐγὼ
1184 3227 1366 3280 οὐκέτι
1398 3226 1624 3297 τοιούτῳ
1643 3228 1903 3297 ἐπιτιμίῳ
1937 3229 2067 3282 ὑπο-

396 3317 577 3370 ϐάλλω
603 3316 793 3368 τὸξτῶν
835 3311 1135 3383 ἀνθρώπων
1168 3310 1342 3377 γένος.
1372 3308 1596 3372 Δεικνύς
1639 3308 1747 3379 γάρ
1776 3307 1939 3363 αὐτοῦ
1966 3311 2065 3382 τὴν

396 3402 600 3469 ἄφατον
632 3395 1038 3469 φιλανθρωπίαν
1068 3395 1163 3447 καὶ
1193 3393 1355 3448 πάλιν
1384 3393 1539 3446 τοῦτο
1585 3394 1946 3463 ὑπισχνεῖται,
1979 3395 2067 3450 ἵνα

399 3484 620 3555 θαρρεῖν
670 3482 768 3553 ἔχῃ
805 3481 835 3531 ὁ
870 3478 1099 3539 δίκαιος,
1142 3478 1236 3529 καὶ
1276 3475 1351 3546 μὴ
1379 3474 1689 3542 λογίζεσθαι
1726 3476 1847 3530 καθ’
1873 3479 2066 3535 ἑαυτὸν

396 3567 493 3621 καὶ
519 3566 713 3634 λέγειν·
751 3563 846 3617 καὶ
871 3562 973 3632 ἤδη
1008 3559 1256 3626 εὐλογίας
1288 3558 1521 3625 ἀξιώσας
1558 3560 1618 3613 τὸ
1647 3559 1803 3628 γένος
1831 3561 1892 3615 τὸ
1928 3564 2067 3633 ήμέ-

395 3666 575 3720 τερον,
611 3646 706 3699 καὶ
753 3647 833 3707 εἰς
884 3642 1086 3712 πλῆθος
1124 3641 1414 3694 ἐπιδιδόναι
1465 3641 1907 3710 παρασκευάσας,
1966 3646 2065 3714 τὴν

398 3729 774 3799 πανωλεθρίαν
818 3725 1024 3794 ταύτην
1059 3724 1357 3793 ἐπήγαγεν.
1383 3724 1479 3777 ”1ν’
1507 3720 1598 3777 οὖν
1639 3725 1815 3778 πάντα
1841 3725 2066 3796 θόρυϐον

398 3813 602 3882 ἐκϐάλῃ
638 3813 700 3862 ἐκ
732 3808 839 3863 τῶν
889 3806 1053 3861 αὑτοῦ
1090 3806 1387 3877 λογισμῶν,
1430 3807 1523 3859 καὶ
1559 3807 1949 3879 πληροφορηθῇ
1990 3810 2065 3873 ώς

396 3893 583 3947 οὐκέτι
604 3892 755 3945 ἔσται
779 3891 962 3944 τοῦτο’
995 3887 1185 3959 ὥσπερ
1210 3888 1339 3959 γὰρ,
1379 3889 1531 3958 φησὶ,
1562 3888 1652 3942 τὺν
1686 3890 2066 3961 κατακλυσμὸν

395 3977 481 4030 διὰ
506 3972 910 4044 φιλανθρωπίαν
946 3972 1249 4041 ἐπήγαγον,
1283 3971 1424 4024 ὥστε
1456 3971 1556 4042 τὴν
1589 3970 1784 4025 κακίαν
1811 3973 2062 4042 ἐγκόψαι,

397 4061 492 4112 καὶ
530 4059 602 4128 μὴ
634 4055 940 4126 περαιτέρω
971 4054 1117 4125 [⁸271]
1150 4055 1345 4119 αὐτοὺς
1367 4055 1654 4126 προϐῆναι,
1683 4053 1824 4108 οὕτω
1855 4057 1947 4110 καὶ
1969 4057 2066 4111 νῦν

395 4142 483 4194 διὰ
532 4142 629 4212 τὴν
678 4137 914 4209 ἐμαυτοῦ
963 4136 1369 4206 φιλανθρωπίαν
1414 4137 1816 4207 ἐπαγγέλλομαι
1868 4139 2064 4209 μηκέτι

395 4224 552 4276 τοῦτο
591 4226 854 4291 ποιήσειν,
895 4220 981 4271 ἵνα
1008 4217 1188 4288 πάσης
1218 4218 1455 4288 ἀθυμίας
1480 4219 1635 4281 ἐκτὸς
1655 4218 1948 4287 διάγοντες,
1975 4220 2065 4272 οῦ-

395 4321 474 4356 τω
491 4302 589 4372 τὴν
616 4301 895 4371 παροῦσαν
926 4299 1068 4369 ζωὴν
1095 4299 1361 4369 διανύητε.
1385 4300 1482 4352 Διά
1509 4299 1666 4353 τοῦτό
1697 4318 1880 4372 φησιν’
1916 4302 2062 4357 Ἰδοὺ

392 4382 682 4451 ἀνίστημι
729 4381 842 4446 τὴν
897 4380 1191 4446 διαθήκην
1238 4398 1378 4447 μου,
1429 4380 1572 4433 τοῦτ’
1609 4380 1742 4445 ἔστι,
1791 4382 2064 4452 συνθήκας

396 4465 675 4536 ποιοῦμαι.
723 4463 987 4533 Καθάπερ
1024 4463 1115 4515 ἐπὶ
1156 4461 1261 4514 τῶν
1311 4462 1665 4532 ἀνθρωπίνων
1724 4465 2063 4534 πραγμάτων

395 4549 615 4603 ἐπειδάν
658 4564 738 4610 τις
790 4544 1191 4612 ἐπαγγέλληται
1242 4563 1314 4607 τι,
1365 4544 1667 4597 συντίθεται
1724 4545 1815 4598 καὶ
1864 4546 2062 4618 πολλὴν

300 4650 305 4655 .
396 4631 624 4702 παρέχει
651 4630 752 4699 τὴν
783 4624 1179 4697 πληροφορίανο
1208 4624 1350 4678 οὑτω
1379 4624 1474 4678 καὶ
1497 4625 1525 4677 ὁ
1555 4624 1758 4693 ἀγαθὸς
1787 4626 2063 4698 Δεσπότης

396 4713 579 4785 φησίν
620 4710 765 4766 Ἰδοὺ
789 4710 1073 4777 ἀνίστημι
1109 4708 1223 4776 τὴν
1251 4706 1543 4775 διαθήκην
1562 4724 1703 4777 μου.
1744 4706 1846 4761 Καὶ
1883 4708 2061 4774 καλῶς

394 4793 566 4860 εἶπεν,
611 4795 933 4862 Ἀνίστημι,
976 4791 1099 4845 ἀντὶ
1145 4790 1259 4856 τοῦ,
1298 4789 1430 4844 Ἰδοὺ
1456 4790 1568 4858 ἐγὼ
1596 4790 1808 4845 ἀνανεῶ
1832 4791 1930 4863 τὴν
1957 4793 2060 4847 ὑπὸ

393 4875 501 4929 τῶν
543 4873 1003 4944 παραπτωμάτων
1040 4869 1417 4940 πανωλεθρίαν
1453 4869 1631 4923 αὐτῶν
1659 4871 2055 4942 γεγενημένην,

394 4959 488 5012 καὶ
531 4957 830 5024 Ἀνίστημι
864 4952 978 5019 τὴν
1011 4951 1303 5020 διαθήκην
1320 4968 1440 5021 μου
1474 4952 1615 5020 ὑμῖν
1642 4952 1740 5006 καί
1774 4951 1853 5018 τῷ
1884 4953 2060 5022 σπέρ-

389 5055 529 5108 ματι
559 5037 726 5108 ὑμῶν
758 5036 885 5106 μεθ’
912 5032 1087 5102 ὑμᾶς.
1129 5034 1273 5102 Ὅρα
1314 5032 1724 5104 φιλανθρωπίαν
1764 5034 2054 5089 Δεσπὸτου·

392 5124 451 5175 οὐ
503 5123 660 5192 μόνον
712 5119 903 5190 μέχρις
945 5116 1122 5187 ὑμῶν,
1157 5114 1341 5185 φησὶν,
1392 5114 1580 5184 ἴστημι
1618 5114 1718 5178 τὰς
1763 5115 2053 5186 συνθήκας,

393 5202 527 5256 ἀλλὰ
559 5201 651 5255 καὶ
688 5202 823 5273 πρὸς
864 5201 989 5262 τοὺς
1026 5197 1145 5268 μεθ’
1176 5198 1320 5267 ὑμᾶς
1368 5196 1680 5265 γινομένους
1724 5198 1925 5261 ταύτας
1972 5198 2055 5267 βε·

393 5281 550 5345 ϐαίας
578 5281 880 5351 ἀποφαίνω.
914 5278 1043 5332 Εἶτα
1075 5280 1161 5332 ἵνα
1189 5279 1287 5348 τὴν
1316 5278 1522 5331 οἰκείαν
1548 5279 1879 5347 ἐπιδείξηται
1910 5280 2059 5348 φιλο-

393 5363 601 5432 τιμίαν,
634 5363 783 5431 φησί·
824 5361 935 5414 Καὶ
977 5359 1143 5426 πάσῃ
1175 5358 1347 5428 ψυχῇ
1376 5358 1532 5427 ζώσῃ
1558 5360 1686 5428 μεθ’
1712 5360 1897 5429 ὑμῶν,
1939 5362 2058 5415 ἀπὸ

395 5441 615 5509 ὀρνέων
637 5455 662 5482 α
684 5442 781 5497 καὶ
805 5442 922 5495 ἀπὸ
945 5439 1200 5507 κτηνῶν,
1220 5441 1318 5494 καὶ
1354 5441 1506 5494 πᾶσι
1537 5441 1661 5505 τοῖς
1692 5443 1920 5509 θηρίοις
1950 5443 2058 5510 τῆς

396 5518 528 5589 γῆς,
556 5522 672 5575 ὅσα
693 5524 818 5590 μεθ’
845 5522 1009 5591 ὑμῶν
1038 5521 1155 5575 ἀπὸ
1182 5521 1423 5575 πάντων
1456 5521 1572 5575 τῶν
1593 5523 1963 5587 ἐξελθόντων
1987 5525 2055 5578 ἐκ

396 5604 500 5670 τῆς
541 5602 808 5656 κιϐωτοῦ
844 5604 943 5656 καὶ
996 5603 1204 5667 στήσω
1253 5603 1367 5671 τὴν
1412 5604 1705 5671 διαθήκην
1740 5623 1858 5673 μου
1906 5606 2056 5673 πρὸς

395 5684 570 5751 ὑμᾶς,
604 5684 701 5738 καὶ
736 5686 846 5736 οὐκ
879 5683 1256 5737 ἀποθανεῖται
1294 5685 1460 5739 πᾶσα
1499 5686 1655 5751 σὰρξ
1685 5686 1772 5740 ἔτι
1800 5688 1918 5741 ἀπὸ
1947 5689 2054 5743 τεῦ

390 5765 610 5830 ὕδατος
655 5764 760 5815 τοῦ
798 5764 1246 5827 κατακλυσμοῦ,
1296 5767 1394 5819 καὶ
1430 5767 1626 5820 οὐκέτι
1662 5770 1832 5822 ἔσται
1877 5787 2050 5826 κατα-

463 5900 487 5927 ·
516 5901 715 5960 Aliquot
735 5911 846 5945 mss.
870 5898 1050 5959 ὀρνέου.

1166 386 1222 439 8.
1259 384 1542 440 JOANNIS
1577 374 2065 437 CHRYSOSTUMI
2102 374 2422 430 AHLIIIEP.
2465 373 3006 433 CONSTANTINOP.

2178 488 2452 555 κλυσμὸς
2489 489 2723 555 ὕδατος,
2753 493 3130 562 καταφθεῖραι
3153 491 3359 550 πᾶσαν
3393 494 3507 563 τὴν
3536 496 3671 565 γῆν.
3690 498 3829 567 Εἶδες

2177 576 2460 648 συνθηκῶν
2498 578 2761 647 μέγεθος;
2798 576 2933 642 εἶδες
2982 580 3324 650 ὑποσχέσεων
3379 583 3587 650 ἄφατον
3640 582 3827 651 φιλοτι-

2178 662 2341 731 μίαν;
2371 662 2571 715 Σκόπει
2607 656 2724 725 πῶς
2752 662 2912 716 πάλιν
2947 663 3174 717 ἐκτείνει
3204 665 3366 718 αὐτοῦ
3396 665 3493 737 τὴν
3540 666 3827 739 φιλανθρω.

2174 745 2302 797 πίαν
2328 746 2421 798 καὶ
2448 746 2608 816 μέχρι
2628 745 2735 797 τῶν
2758 746 2967 814 ἀλόγων
2991 747 3084 799 καὶ
3106 748 3213 799 τῶν
3235 748 3458 819 θηρίων,
3486 752 3580 803 καὶ
3598 753 3828 816 εἰκότως.

2174 830 2353 900 ’Ὅπερ
2378 831 2485 901 γὰρ
2513 830 2770 893 πολλάκις
2792 824 2965 890 εἷπον,
2997 830 3154 883 τοῦτο
3184 832 3277 884 καὶ
3304 833 3399 884 νῦν
3425 851 3585 902 φημι.
3623 835 3832 891 Ἐπειξὴ

2172 913 2281 982 γὰρ
2313 912 2400 965 διὰ
2439 914 2529 965 τὸν
2562 913 2847 984 ἄνθρωπον
2885 914 3053 967 ταῦτα
3091 916 3368 986 παρήχθη,
3411 916 3499 969 διὰ
3546 917 3705 970 τοῦτο
3746 922 3831 973 καὶ

2170 998 2340 1052 ταῦτα
2372 1000 2619 1053 κοινωνεῖ
2645 997 2740 1051 νῦν
2765 997 2864 1067 τῆς
2885 998 3196 1068 εὐεργεσίας
3217 1000 3316 1069 τῆς
3339 1003 3420 1063 εἰς
3442 1000 3534 1054 τὸν
3558 1000 3831 1070 ἄνθρωπον

2172 1081 2481 1151 γινομένης.
2512 1081 2620 1134 Καὶ
2652 1079 2798 1133 δοκεῖ
2826 1080 2923 1150 μὲν
2946 1080 3096 1152 κοινὴ
3127 1082 3377 1149 γενέσθαι
3424 1086 3451 1152 ἡ
3480 1083 3711 1154 διαθήκη
3746 1086 3833 1139 καὶ

2173 1165 2311 1235 πρὸς
2336 1165 2496 1219 αὐτὸν
2540 1166 2634 1217 καὶ
2671 1163 2806 1235 πρὸς
2846 1163 2914 1217 τὰ
2946 1164 3134 1232 ἄλογα,
3158 1165 3257 1218 οὐκ
3296 1165 3411 1219 ἔστι
3439 1167 3496 1220 δὲ
3529 1167 3703 1223 τοῦτο.
3734 1169 3833 1222 Καὶ

2172 1247 2283 1315 γὰρ
2322 1248 2416 1300 καὶ
2445 1246 2604 1300 τοῦτο
2636 1245 2723 1299 διὰ
2763 1247 2861 1316 τὴν
2891 1246 3056 1300 αὐτοῦ
3091 1247 3445 1317 παραμυθίαν
3487 1248 3718 1316 γίνεται,
3753 1251 3832 1303 ἵνα

2174 1329 2372 1382 εἰδέναι
2409 1329 2507 1403 ἔχῃ
2532 1330 2704 1400 πόσης
2731 1329 2994 1383 ἀπολαύει
3014 1329 3199 1399 τιμῆς,
3234 1330 3294 1382 οὐ
3325 1330 3485 1400 μόνον
3514 1331 3707 1402 μέχρις
3743 1333 3831 1385 αὐ-

2172 1413 2265 1467 τοῦ
2296 1414 2395 1484 τῆς
2416 1414 2731 1484 εὐεργεσίας
2760 1413 3070 1483 ἱσταμένης,
3094 1411 3227 1466 ἀλλά
3253 1412 3319 1464 δι’
3332 1411 3494 1465 αὐτὸν
3515 1414 3606 1466 καὶ
3634 1414 3833 1468 τούτων

2175 1496 2429 1549 ἁπάντων
2464 1496 2940 1550 συναπολαυόντων
2967 1496 3066 1565 τῆς
3088 1494 3399 1565 φιλοτιμίας
3422 1495 3516 1548 τοῦ
3542 1496 3828 1551 Δεσπότου.

2175 1579 2283 1633 Καὶ
2320 1581 2430 1633 οὐκ
2465 1579 2866 1640 ἀποθανεῖται,
2900 1580 3053 1649 φησὶ,
3084 1577 3253 1632 πᾶσα
3287 1578 3442 1647 σὰρξ
3469 1580 3553 1633 ἔτι
3580 1581 3700 1634 ἀπὸ
3734 1581 3833 1634 τοῦ

2172 1662 2389 1727 ὕδατος
2408 1660 2510 1717 τοῦ
2530 1662 2982 1731 κατακλυσμοῦ,
3007 1662 3100 1715 καὶ
3129 1663 3326 1716 οὐκέτι
3347 1663 3517 1717 ἔσται
3544 1669 3832 1718 κατακλυ-

2172 1746 2346 1814 σμὸς,
2389 1744 2769 1814 καταφθεῖραι
2811 1743 3018 1799 πᾶσαν
3060 1745 3176 1812 τὴν
3214 1744 3350 1814 γῆν.
3399 1741 3553 1808 Εἶδες
3597 1746 3716 1808 πῶς
3748 1747 3832 1800 καὶ

2172 1829 2318 1893 ἅπαξ
2352 1830 2443 1883 καὶ
2481 1828 2730 1897 δεύτερον
2776 1828 2871 1881 καὶ
2909 1827 3166 1889 πολλάκις
3193 1827 3533 1898 ὑπισχνεῖται
3584 1829 3831 1899 τοιαύτην

2175 1914 2369 1984 μηκέτι
2390 1914 2688 1979 ἐπαγαγεῖν
2719 1910 2965 1964 πανωλεθ
2976 1913 3115 1980 ρίαν,
3142 1912 3227 1963 ἵνα
3247 1910 3339 1992 ὒν
3367 1909 3593 1980 θόρυϐον
3618 1909 3729 1963 τῶν
3753 1910 3831 1961 λο-

2172 1995 2386 2066 γισμῶν
2418 1995 2620 2065 ἐκϐάλῃ
2654 1994 2747 2047 τοῦ
2780 1993 3012 2056 δικαίου,
3058 1994 3152 2046 καὶ
3182 1994 3575 2065 παρασκευάσῃ
3613 1992 3830 2062 θαρρεῖν

2134 2142 2143 2149 ο
2173 2080 2314 2149 ὑπὲρ
2343 2079 2451 2132 τῶν
2481 2077 2819 2148 μελλόντωνς
2866 2074 2999 2130 Εἶτα
3028 2077 3088 2129 οὐ
3126 2076 3260 2148 πρὸς
3308 2075 3405 2146 τὴν
3442 2076 3651 2129 οἰκείαν
3675 2075 3831 2144 φύσιν

2170 2162 2410 2233 ἀφορῶν,
2452 2160 2587 2215 ἀλλὰ
2637 2161 2771 2223 πρὸς
2809 2159 2905 2229 τήν
2944 2158 3227 2212 ἀσθένειαν
3266 2156 3362 2228 τὴν
3393 2158 3691 2228 ἡμετέραν,
3739 2157 3831 2210 οὐκ

2170 2245 2420 2315 ἀρκεῖται
2460 2247 2525 2313 τῇ
2565 2243 2651 2297 διὰ
2696 2243 2805 2295 τῶν
2843 2241 3017 2308 λόγων
3050 2240 3360 2311 ὑτωσχέσει,
3396 2239 3534 2297 ἀλλά
3576 2239 3678 2309 τὴν
3712 2242 3832 2311 περὶ

2171 2329 2317 2397 ἡμᾶς
2336 2326 2742 2394 συγκατάϐασιν
2763 2323 3222 2393 ἐπιδεικνύμενος,
3245 2323 3339 2377 καὶ
3361 2326 3583 2393 σημεῖον
3603 2324 3829 2395 παρέχει

2168 2410 2228 2463 τὸ
2253 2410 2548 2481 δυνάμενον
2589 2410 2750 2462 παντὶ
2785 2407 2863 2477 τῷ
2893 2405 3049 2459 αἰῶνι
3094 2407 3699 2481 συμπαρεκτεινόμενον
3740 2408 3827 2460 τοῦ

2168 2478 2409 2545 τοιούτου
2432 2491 2583 2555 δέους
2615 2489 2981 2545 ἀπαλλάσσειν
3008 2488 3069 2541 τὸ
3090 2488 3197 2541 τῶν
3222 2478 3522 2558 ἀνθρώπων
3547 2488 3724 2557 γένος,
3751 2490 3828 2542 ῖνα

2169 2575 2274 2629 κᾶν
2302 2575 2470 2637 πολὺς
2503 2573 2657 2637 ὑετὸς
2690 2572 3010 2643 κατενεχθῇ,
3050 2571 3153 2625 κᾶν
3185 2571 3539 2643 σφοδρότερος
3571 2574 3600 2625 ὁ
3626 2571 3828 2642 χειμὼν

2168 2659 2413 2729 γένηται,
2450 2656 2483 2727 ἢ
2514 2659 2607 2710 καὶ
2635 2656 2729 2711 ἐὰν
2753 2658 2786 2727 ἡ
2813 2654 3119 2726 πλημμύρα
3153 2654 3262 2708 τῶν
3296 2655 3501 2709 ὑδάτων
3523 2657 3603 2717 είς
3629 2655 3827 2724 πλῆθος

2168 2739 2408 2809 ἐπιδιδῷ,
2454 2739 2585 2809 μηδέ
2619 2738 2791 2803 οὑτως
2835 2737 3047 2809 ἔχωμεν
3087 2736 3404 2803 δεδοικέναι,
3440 2736 3577 2791 ἀλλά
3613 2737 3828 2808 θαρρεῖν

2170 2824 2305 2894 πρὸς
2341 2823 2401 2875 τὸ
2435 2821 2586 2876 δοθὲν
2626 2823 2848 2891 σημεῖον
2875 2820 3207 2892 ἀφορῶντες.
3248 2819 3355 2875 Καὶ
3394 2816 3523 2873 εἷπε
3551 2822 3769 2886 Κύριος
3798 2824 3827 2873 ό

2170 2905 2315 2971 Θεὸς
2335 2904 2412 2971 τῷ
2436 2906 2583 2961 Νῶεο
2623 2907 2800 2961 Τοῦτο
2828 2905 2894 2959 τὸ
2912 2904 3162 2972 σημεῖον
3182 2902 3290 2971 τῆς
3314 2902 3603 2967 διαθήκης
3634 2899 3829 2972 ἧςὲγὼ

2167 2986 2372 3057 δίδωμι
2403 2988 2518 3042 ἀνὰ
2542 2987 2736 3057 μέσον
2757 2987 2901 3056 ἐμοῦ
2927 2985 3022 3040 καὶ
3050 2984 3185 3039 σοῦ.
3215 2986 3357 3055 Ὅρα
3382 2983 3521 3056 πόσῃ
3537 2988 3675 3055 τιμῇ
3706 2986 3826 3055 περὶ

2166 3067 2258 3122 τὸν
2290 3069 2495 3123 δίκαιον
2532 3069 2815 3140 κέχρηται.
2856 3067 3066 3121 Ὢσανεὶ
3093 3067 3202 3135 γὰρ
3238 3064 3522 3135 ἄνθρωπος
3559 3067 3827 3138 ἀνθρώπῳ

2165 3150 2563 3233 διαλεγόμενος,
2601 3149 2865 3233 οὕτωκαὶ
2894 3149 3030 3233 πρὸς
3064 3148 3222 3233 αὑτὸν
3253 3150 3482 3233 ποιεῖται
3514 3148 3613 3233 τάς
3640 3152 3829 3221 συνθή-

2166 3251 2290 3300 κας,
2320 3235 2412 3288 καί
2437 3230 2590 3304 φησι·
2620 3232 2771 3305 [272]
2809 3232 2989 3287 Τοῦτο
3020 3230 3084 3283 τὸ
3118 3230 3371 3299 σημεῖον
3401 3231 3504 3299 τῆς
3538 3230 3827 3300 διαθήκης

2164 3314 2239 3389 ἧς
2269 3317 2382 3386 ἐγὼ
2413 3316 2621 3395 δίδωμι
2643 3315 2761 3372 ἀνὰ
2788 3314 2983 3395 μέσον
3000 3313 3145 3395 ἐμοῦ
3176 3314 3271 3367 καί
3300 3315 3437 3375 σοῦ.
3467 3317 3561 3368 καί
3592 3317 3714 3370 ἀνὰ
3728 3317 3827 3385 μέ-

2164 3414 2282 3453 σον
2305 3393 2745 3466 πάσηςψυχῆς
2774 3394 2983 3460 ζώσης,
3017 3393 3051 3461 ἦ
3079 3394 3208 3447 ἐστι
3232 3396 3361 3463 μεθ’
3390 3395 3575 3464 ὑμῶν,
3620 3401 3709 3463 εὶς
3742 3414 3825 3467 γε-

2163 3480 2306 3547 νεὰς
2336 3478 2629 3545 αιωνιους.
2664 3475 2813 3541 Εἶδες
2851 3476 2997 3547 πάσῃ
3035 3478 3099 3547 τῇ
3128 3476 3239 3548 ζωῇ
3272 3476 3332 3529 τὸ
3366 3477 3557 3546 μέλλον
3590 3478 3824 3534 δίδοσθαι

2166 3581 2233 3635 ση
2243 3566 2391 3635 μεῖον
2414 3554 2898 3635 παρεκτεινόμενον
2928 3563 3006 3624 εἰς
3030 3558 3223 3629 γενεὰς
3246 3558 3496 3622 αἰωνίους
3518 3576 3532 3624 ;
3563 3561 3641 3613 Οὐ
3670 3562 3825 3631 μόνον

2165 3649 2316 3732 κοινῇ
2357 3646 2490 3732 πᾶσι
2521 3646 2634 3732 τοῖς
2666 3641 2795 3732 ζῶσι
2837 3642 3161 3732 τὸ-σημεῖον
3193 3640 3425 3702 δίδωσιν,
3465 3640 3601 3732 ἀλλὰ
3627 3644 3721 3732 καὶ
3748 3643 3823 3732 δι-

2163 3728 2356 3798 ηνεκὲς
2393 3726 2488 3779 καὶ
2528 3723 2829 3786 διαιωνίζον
2863 3724 2927 3792 τῇ
2961 3721 3056 3776 τοῦ
3089 3721 3292 3791 κόσμου
3322 3721 3599 3774 συστάσει.
3632 3724 3700 3775 Τί
3737 3721 3823 3776 οὖν
3922 3728 3925 3729 ⁷

2163 3811 2281 3863 ἐστι
2307 3807 2366 3861 τὸ
2389 3808 2644 3877 σημεῖον;
2678 3805 2748 3857 Τὸ
2780 3804 2959 3868 τόξον
2987 3821 3106 3873 μου
3138 3804 3333 3872 τίθημι
3372 3803 3442 3856 ἐν
3469 3802 3545 3871 τῇ
3577 3806 3822 3873 νεφέλῃ,

2155 3892 2262 3948 ’καὶ
2300 3892 2471 3945 ἔσται
2504 3888 2573 3941 ἐν
2606 3887 2832 3955 σημείῳ
2870 3885 3155 3951 διαθήκης
3181 3885 3298 3939 ἀνὰ
3326 3884 3522 3953 μέσον
3549 3887 3699 3953 ἐμοῦ
3731 3887 3825 3941 καὶ

2163 3973 2273 4042 τῆς
2304 3973 2435 4042 γῆς.
2476 3971 2606 4024 Ίδοὺ
2643 3969 2777 4040 μετά
2805 3968 2901 4037 τῆς
2927 3968 3269 4037 ὑποσχέσεως
3296 3967 3397 4036 τῆς
3417 3968 3505 4021 διά
3529 3968 3639 4020 τῶν
3655 3969 3825 4037 λόγων

2164 4057 2255 4109 καὶ
2284 4054 2442 4108 τοῦτο
2472 4053 2664 4123 δίδωμι
2690 4052 2750 4104 τὸ
2781 4053 3022 4121 σημεῖον,
3053 4049 3149 4120 τὴν
3185 4044 3295 4119 ἶριν
3323 4048 3465 4116 λέγω
3492 4048 3542 4111 ι’,
3584 4051 3653 4118 ἦν
3686 4052 3825 4114 τινές

2164 4156 2294 4208 φασι
2324 4135 2571 4206 γίνεσθαι
2597 4133 2690 4187 τοῦ
2720 4133 2870 4201 ἡλίου
2906 4132 3041 4203 πρὸς
3070 4133 3137 4184 τὰ
3177 4131 3313 4200 νέφη
3350 4132 3446 4195 τὰς
3471 4134 3698 4195 ἀκτῖνας
3723 4136 3823 4201 ἀφ-

2165 4222 2355 4285 ιέντος.
2377 4220 2442 4275 Εί
2462 4220 2490 4271 ὁ
2513 4219 2669 4287 λόγος
2687 4234 2807 4286 μου,
2834 4216 3015 4285 φησὶν,
3035 4216 3132 4269 οὐκ
3151 4216 3327 4287 ἀρκεῖ,
3354 4215 3458 4268 ἰδοὺ
3483 4216 3577 4268 καὶ
3599 4220 3822 4287 σημεῖον

2161 4303 2352 4375 δίδωμι
2392 4302 2486 4355 τοῦ
2536 4300 2731 4371 μηκέτι
2785 4300 3052 4370 τιμωρίαν
3090 4297 3342 4366 τοιαύτην
3381 4298 3621 4361 ἐπάξειν.
3656 4300 3825 4352 Τοῦτο

2160 4386 2340 4440 τοίνυν
2371 4384 2600 4456 ὁρῶντες
2625 4382 2685 4434 τὸ
2716 4379 3053 4450 σημεῖον,τοῦ
3081 4379 3231 4441 δέους
3265 4378 3694 4433 ἀπαλλάττεσθε.
3719 4381 3823 4434 Καὶ

2160 4469 2333 4523 ἔσται
2367 4467 2437 4519 ἐν
2471 4464 2548 4531 τῷ
2591 4462 2918 4532 συννεφεῖν
2947 4480 3041 4530 με,
3078 4462 3260 4529 φησὶν,
3291 4460 3549 4529 νεφέλας
3581 4461 3685 4514 ἐπὶ
3720 4461 3825 4529 τῆς

2160 4550 2294 4623 γῆς,
2318 4548 2415 4603 καί
2442 4548 2765 4617 ὀφθήσεται
2796 4546 2861 4599 τὸ
2895 4544 3075 4608 τόξον
3094 4560 3214 4611 μου
3242 4542 3313 4595 ἐν
3332 4540 3409 4609 τῇ
3444 4542 3694 4610 νεφέλῃ,
3729 4544 3824 4617 καί

2154 4632 2581 4704 μνησθήσομαι
2610 4629 2717 4698 τῆς
2740 4627 3027 4693 διαθήκης
3047 4644 3184 4695 μου,
3220 4625 3259 4693 ἦ
3288 4627 3458 4679 ἐστιν
3480 4626 3594 4679 ἀνὰ
3626 4627 3827 4693 μέσον

2157 4714 2304 4785 ἐμοῦ
2335 4713 2433 4767 καὶ
2469 4711 2655 4782 ὑμῶν,
2682 4710 2777 4764 καὶ
2809 4711 2925 4764 ἀνὰ
2943 4709 3138 4780 μέσον
3163 4707 3367 4775 πάσης
3400 4706 3602 4776 ψυχῆς
3632 4707 3825 4775 ζώσης

2157 4798 2227 4851 ἐν
2248 4794 2414 4863 πάσῃ
2445 4793 2626 4861 σαρκί
2634 4837 2644 4847 .
2670 4793 2736 4844 Τί
2768 4792 2966 4860 λέγεις,
3000 4786 3045 4844 ὦ
3082 4790 3318 4860 μακάριε
3347 4789 3630 4860 προφῆτα;
3674 4791 3828 4843 Ἀναυ

2163 4876 2562 4947 μνησθήσομαι,
2597 4875 2751 4942 φησὶ,
2788 4874 2884 4941 τῆς
2925 4873 3188 4947 διαθήκης
3221 4888 3343 4940 μου,
3374 4869 3513 4923 τοῦτ’
3543 4870 3686 4935 ἔστι,
3730 4873 3827 4941 τῆς

2161 4944 2434 5028 συνθήκης
2463 4973 2584 5025 μου,
2626 4955 2725 5023 τῆς
2774 4944 3125 5023 ἐπαγγελίας,
3173 4953 3272 5024 τῆς
3309 4951 3676 5023 ὑποσχέσεως·
3727 4957 3826 5007 οὐκ

2159 5041 2344 5110 ἐπειδὴ
2388 5039 2549 5102 αὐτὸς
2602 5039 2772 5092 δεῖται
2811 5038 3188 5108 ἀναμνήσεως,
3214 5035 3329 5089 ἀλλ’
3368 5036 3453 5089 ἵνα
3488 5036 3653 5105 ἡμεῖς
3692 5038 3827 5108 πρὸς

2158 5125 2333 5177 ἐκεῖνο
2367 5121 2427 5175 τὸ
2455 5122 2604 5174 δοθὲν
2634 5124 2857 5191 σημεῖον
2881 5120 3187 5191 βλέποντες,
3230 5119 3394 5190 μηδὲν
3425 5118 3827 5189 ὑποπτεύωμεν

2156 5205 2409 5276 χαλεπὸν,
2470 5203 2586 5257 ἀλλ’
2638 5203 2840 5265 εὐθέως
2894 5204 2974 5265 εἰς
3021 5203 3323 5270 ὑπόμνησιν
3378 5200 3660 5270 ἐρχόμενοι
3730 5200 3828 5270 τῆς

2156 5289 2248 5343 τοῦ
2287 5286 2421 5340 Θεοῦ
2463 5286 2813 5355 ἐπαγγελίας,
2837 5285 3127 5357 θαρρῶμεν
3157 5284 3232 5348 ὡς
3266 5285 3417 5338 οὐδὲν
3450 5282 3661 5336 τοιοῦτο
3705 5300 3825 5338 πει-

2159 5369 2360 5440 σόμεθα
2392 5380 2439 5421 ο.

2226 5460 2296 5520 γ’.
2314 5449 2465 5515 Εἶδες
2480 5449 2614 5503 Θεοῦ
2642 5449 3071 5517 συγκατάϐασιν,
3091 5452 3223 5520 ὅσην
3243 5452 3475 5504 ποιεῖται
3492 5443 3830 5515 κηδεμονίαν

2155 5534 2247 5587 τοῦ
2274 5535 2462 5599 γένους
2498 5532 2591 5585 τοῦ
2629 5531 2919 5601 ἡμετέρου.
2953 5533 3118 5585 πόσον
3154 5532 3382 5602 μέγεθος
3412 5527 3829 5598 φιλανθρωπίας

2154 5616 2482 5680 ἐπεδείξατο,
2518 5614 2615 5666 οὑκ
2644 5613 2832 5682 ἐπειδὴ
2859 5610 2964 5665 εἶδε
3004 5614 3099 5684 τὴν
3134 5614 3239 5666 τῶν
3261 5612 3559 5682 ἀνθρώπιον
3585 5610 3830 5677 μεταϐο-

2158 5697 2271 5766 ).ὴν,
2298 5696 2411 5749 ἀλλ’
2444 5696 2528 5748 ἴνα
2569 5696 2655 5748 διὰ
2686 5695 2898 5748 πάντων
2931 5698 3078 5765 ἡμᾶς
3121 5695 3304 5765 διδάξῃ
3342 5696 3442 5765 τῆς
3486 5690 3828 5759 άγαθότητος

2224 5845 2253 5884 5
2283 5846 2381 5894 Sex
2406 5859 2519 5893 mss.
2543 5847 2627 5903 τήν
2646 5847 2735 5908 ἶριν
2756 5848 2921 5907 λέγων.
2946 5853 3092 5907 alque
3122 5846 3184 5894 ila
3210 5847 3329 5908 legit,
3354 5846 3611 5905 lnlerpres.

2228 5910 2249 5937 τ
2275 5908 2384 5957 Duo
2403 5921 2514 5956 mss.
2529 5906 2745 5957 τοιοῦτον
2763 5905 3050 5970 πεισόμενοι.
3082 5909 3186 5956 Mox
3213 5905 3407 5970 quiidam
3424 5908 3571 5962 πόσην
3592 5905 3809 5952 ποιεῖται
