4078 6416
223 436 333 491 935

222 550 374 621 quasi
414 548 648 604 oleribus
689 547 969 602 herbarum
998 547 1169 610 vesci,
1203 560 1299 599 nec
1328 559 1429 597 non
1458 553 1511 595 et
1537 536 1806 595 mandavit
1857 601 1872 609 _

221 648 282 695 ut
315 655 503 694 carnes
551 636 603 693 in
650 639 901 707 sanguine
942 652 1044 690 non
1086 637 1388 697 comedam,
1419 634 1588 686 adhuc
1615 644 1806 700 gerens

217 742 405 783 curam
447 728 573 796 juin
624 737 678 781 et
732 727 1088 795 posteritatis,
1137 726 1515 793 beneﬁciisque
1565 732 1802 775 nostrum

218 833 389 885 genus
415 819 640 870 ubertim
666 815 900 870 afﬁciens
919 858 933 877 ,
964 816 1138 869 denuo
1167 816 1364 878 majora
1392 813 1570 880 adjicit
1601 813 1801 866 beneli-

221 909 326 971 cia,
349 918 403 962 et
426 909 612 979 inquit,
634 907 870 975 Dia-itque
888 906 1134 961 Dominus
1165 905 1296 960 Deus
1324 905 1436 959 Noe
1456 916 1500 959 et
1523 905 1641 973 ﬁliis
1667 903 1805 958 illius

217 1000 490 1068 eumipsa,
536 1000 744 1052 dicens:
773 999 825 1054 9.
871 999 1001 1052 Ecce
1042 1008 1207 1052 statuo
1253 1007 1597 1050 testamentum
1640 1011 1800 1048 meum

214 1088 490 1149 vobiscum,
521 1099 566 1141 et
601 1090 779 1143 semini
814 1099 975 1142 vestro
1001 1099 1111 1158 post
1140 1105 1242 1150 ros,
1276 1090 1358 1142 10.
1384 1099 1429 1141 et
1456 1088 1592 1140 οηιηί
1620 1087 1802 1139 anima:

211 1181 398 1232 viventi
420 1181 693 1247 vobiscum,
722 1196 753 1233 a
781 1180 1064 1234 volucribus
1099 1190 1144 1233 et
1176 1180 1432 1248 pecoribus
1453 1222 1464 1243 ,
1498 1188 1545 1230 et
1570 1178 1798 1230 omnibus

212 1270 385 1324 bestiis
410 1280 572 1334 terrte,
602 1287 925 1341 quacumque
947 1282 1063 1323 sunt
1080 1273 1346 1334 vobiscum,
1371 1281 1414 1322 et
1445 1270 1673 1323 euntibus
1688 1284 1800 1337 qua:

212 1378 413 1432 egressa
433 1372 551 1415 sunt
575 1379 637 1416 ex
661 1379 817 1429 arca;
845 1364 929 1417 11.
951 1372 995 1417 et
1023 1372 1238 1415 statuam
1267 1373 1610 1415 testamentum
1635 1377 1796 1413 meum

206 1449 467 1504 vobiscum
489 1469 508 1505 :
532 1462 579 1505 et
618 1469 716 1507 non
759 1456 998 1507 morietur
1035 1456 1170 1507 ultra
1207 1456 1370 1507 omnis
1398 1470 1515 1506 cura
1554 1470 1617 1506 ex
1653 1453 1793 1521 aquis

206 1539 423 1606 diluvii;
449 1560 540 1597 nec
564 1545 658 1598 erit
682 1546 817 1598 ultra
844 1547 1083 1600 diluvium
1114 1563 1275 1613 aqum,
1301 1547 1436 1614 quod
1465 1564 1659 1600 onmem
1691 1558 1790 1600 ter-

206 1646 325 1683 ram
369 1642 675 1702 corrumpat.
740 1635 872 1702 Quia
915 1637 1201 1691 verisimile
1243 1646 1357 1691 erat
1394 1636 1592 1705 justum
1644 1638 1787 1692 illum

206 1719 386 1775 adhuc
414 1722 464 1774 in
495 1738 691 1792 angore
719 1739 836 1779 esse
854 1766 868 1790 ,
898 1736 950 1780 et
978 1737 1205 1780 mentem
1237 1727 1376 1781 illius
1403 1727 1682 1783 formidine
1712 1738 1789 1783 te-

205 1810 362 1874 neri;
402 1819 457 1866 et
489 1813 532 1866 si
576 1815 787 1883 quando
827 1816 1092 1886 ingrUcret
1136 1834 1326 1887 parvus
1366 1820 1555 1889 aliquis
1596 1820 1786 1888 imber,

202 1900 444 1954 futurum
477 1904 680 1958 tristem
710 1914 761 1958 et
790 1907 1066 1985 attonitum
1087 1950 1100 1970 ,
1132 1909 1278 1976 quasi
1305 1909 1478 1963 denuo
1508 1911 1625 1965 talis
1655 1919 1789 1965 temo

203 1997 401 2057 pestas
424 1992 678 2049 mundum
712 1984 1007 2052 involutum
1045 2008 1184 2052 esset
1219 2017 1231 2052 :
1264 1999 1384 2053 ideo
1413 2009 1469 2054 ut
1494 2011 1547 2055 et
1577 2001 1689 2070 ipse
1722 2002 1785 2054 ti-

201 2078 334 2132 dere
357 2091 535 2149 posset
565 2087 953 2155 posteritasque
978 2088 1169 2151 omnis,
1198 2089 1429 2156 optimus
1456 2091 1592 2145 Deus
1622 2091 1787 2160 probe

198 2170 377 2223 sciens
417 2172 561 2227 illum
592 2175 677 2228 vel
721 2177 992 2231 minimam
1029 2195 1140 2234 rem
1181 2182 1393 2236 turbare
1440 2197 1631 2251 posse:
1662 2198 1782 2238 nam

196 2262 586 2327 pneteritorum
615 2267 938 2334 experientia
967 2268 1030 2321 ad
1058 2267 1396 2325 formidinem
1424 2272 1778 2328 incutiendam

198 2347 426 2401 multum
467 2349 625 2407 habet
662 2357 951 2410 momenti:
980 2357 1154 2426 itaque
1190 2360 1309 2428 quia
1345 2360 1632 2417 verisimile
1667 2372 1783 2418 erat

192 2437 409 2494 beatum
438 2441 577 2497 hunc
602 2459 815 2512 parvam
857 2448 926 2503 ob
968 2448 1196 2517 pluviam
1242 2449 1665 2517 formidaturum,
1696 2454 1779 2508 id-

192 2527 341 2581 circo
370 2530 624 2600 benignus
665 2534 835 2601 Deus,
874 2539 1022 2605 quasi
1049 2538 1295 2593 ﬁduciam
1323 2540 1396 2594 illi
1419 2541 1776 2608 adhibiturus,

190 2619 480 2675 etabomni
501 2622 783 2679 formidine
809 2628 1061 2694 solutum,
1091 2630 1141 2683 in
1170 2645 1413 2700 magnam
1438 2634 1777 2687 securitatem

189 2709 645 2777 etjucunditatem
676 2716 1003 2783 inducturus,
1030 2722 1290 2787 promittit
1315 2722 1412 2791 ipsi
1433 2737 1492 2778 se
1512 2723 1773 2791 ejusmodi

193 2813 407 2867 pinnam
436 2805 571 2858 ultra
599 2820 701 2860 non
729 2822 848 2862 esse
877 2809 1160 2864 illaturum.

260 2892 317 2945 2.
362 2894 426 2947 Et
460 2897 671 2964 quidem
720 2901 1022 2969 pridetn'et
1057 2913 1180 2957 ante
1225 2905 1646 2960 benedictionem
1676 2908 1775 2962 hoc

188 2985 507 3054 promiserat
525 2988 729 3057 dicens,
749 2993 1198 3061 quemadmodum
1219 2996 1513 3061 audivistis,
1546 2997 1663 3053 Non
1682 3000 1776 3052 ad-

184 3076 365 3135 iiciant
386 3078 519 3133 ultra
547 3091 603 3134 ut
632 3084 930 3137 maledicam
959 3095 1105 3140 terra:
1134 3086 1286 3153 (Gen.
1317 3089 1369 3143 8.
1397 3088 1492 3158 2|)
1523 3107 1536 3142 :
1564 3092 1770 3148 etiamsi

185 3166 467 3223 hominum
488 3171 685 3226 malitia
714 3174 996 3242 increscat,
1019 3192 1123 3232 non
1152 3187 1327 3235 tamen
1355 3195 1454 3250 ego
1483 3182 1770 3241 humanum

183 3272 359 3323 genus
386 3260 471 3314 tali
500 3262 773 3330 subjiciam
801 3280 993 3334 poema.
1039 3268 1171 3322 Nam
1198 3274 1551 3328 monstrando
1581 3275 1769 3330 inetia-

182 3347 350 3402 bilem
388 3365 537 3405 suam
578 3353 951 3425 benignitatem
972 3400 986 3422 ,
1015 3359 1242 3430 idipsum
1274 3379 1414 3419 nunc
1442 3365 1615 3421 denuo
1642 3382 1770 3437 pro-

181 3439 370 3504 mittit,
401 3449 459 3495 ut
499 3441 633 3502 bene
669 3447 901 3501 conﬁdat
939 3450 1132 3518 justus,
1166 3469 1263 3507 nec
1282 3456 1482 3526 cogitet
1506 3460 1643 3527 apud
1673 3474 1765 3525 se,

179 3541 248 3580 ac
274 3527 412 3583 dicat
445 3549 456 3583 :
490 3533 618 3586 Cum
656 3534 777 3589 olim
809 3537 1228 3595 benedictionem
1256 3547 1436 3613 generi
1465 3558 1647 3604 nostro
1673 3550 1768 3606 de-

179 3616 355 3671 disset
378 3661 394 3684 ,
427 3631 480 3674 et
522 3632 576 3676 ut
618 3625 770 3679 valde
815 3629 1256 3697 multiplicarelur
1284 3633 1493 3701 eﬁ'ecit;
1528 3654 1768 3695 commu-

178 3724 306 3762 nem
339 3718 511 3768 tamen
540 3714 680 3770 illam
710 3719 946 3773 omnium
976 3722 1390 3781 internecionem
1431 3729 1649 3785 invexit.
1698 3732 1768 3788 Ut

178 3799 348 3867 igitur
366 3816 578 3858 omnem
605 3822 635 3859 e
665 3809 1074 3872 cogitationibus
1103 3813 1243 3869 illius
1268 3818 1554 3873 tumultum
1580 3822 1764 3891 expel-

177 3889 339 3954 leret,
366 3899 421 3946 et
448 3904 595 3948 certo
623 3906 888 3954 constaret
920 3901 1017 3970 ipsi
1047 3916 1149 3957 non
1180 3903 1292 3959 fore
1316 3906 1452 3960 ultra
1474 3924 1587 3963 rem
1617 3889 1767 3965 simi-

175 3981 286 4040 Iem
323 3981 839 4054 :Quemadmodum,
864 3991 1050 4060 inquit,
1078 3992 1332 4049 diluvium
1363 4013 1425 4051 ex
1459 3997 1762 4055 misericor-

174 4070 265 4123 dia
307 4072 509 4140 induxi,
539 4086 675 4131 utet
716 4080 913 4133 malitia
963 4082 1300 4152 impediatur,
1333 4103 1503 4157 neque
1543 4091 1765 4146 ulterius

174 4162 429 4229 progredi
454 4167 639 4232 possit,
668 4167 738 4221 ita
770 4176 822 4223 ct
850 4186 990 4226 nunc
1009 4172 1192 4228 eadem
1223 4176 1581 4232 misericordia
1613 4181 1765 4248 polli-

170 4267 307 4305 ceor
329 4268 414 4308 me
436 4254 485 4308 id
514 4270 615 4310 non
646 4258 779 4313 ultra
802 4259 1085 4333 facturum,
1117 4274 1171 4317 ut
1200 4267 1432 4333 seposito
1452 4269 1596 4322 omni
1622 4284 1757 4325 moe-

170 4357 306 4396 rore
356 4355 666 4411 praesentem
709 4348 868 4403 vitam
900 4332 1230 4423 .transigatis.
1266 4332 1396 4409 Ideo
1425 4356 1565 4412 dixit
1592 4375 1604 4411 :
1637 4359 1766 4414 Ecce

168 4440 347 4486 statuo
374 4442 721 4502 testamentum
749 4455 930 4503 meum,
955 4440 1057 4497 hoc
1079 4451 1182 4507 est,
1211 4454 1416 4512 pactum
1447 4447 1586 4502 ineo.
1617 4450 1765 4505 Sicut

170 4521 231 4575 in
263 4521 512 4578 humanis
539 4529 764 4596 negotiis
798 4533 840 4583 si
870 4532 986 4599 quis
1017 4535 1272 4601 promittit
1300 4538 1518 4607 aliquid,
1552 4550 1760 4610 pactum

169 4610 340 4676 facit,
387 4628 630 4682 magnam
681 4618 926 4687 przebens
972 4623 1348 4679 securitatem:
1379 4630 1446 4681 ita
1494 4638 1546 4683 et
1592 4630 1762 4686 bonus

170 4703 440 4758 Dominus
469 4706 636 4775 inquit
679 4725 691 4759 :
729 4707 1058 4767 Eccestatuo
1096 4724 1439 4770 testamentum
1473 4735 1655 4775 meum.
1698 4723 1761 4777 Et

168 4793 318 4848 bene
340 4794 487 4859 dixit,
513 4796 717 4862 Statua,
743 4815 839 4868 pro
858 4815 943 4865 eo,
965 4804 1104 4871 quod
1125 4813 1224 4867 est,
1251 4805 1387 4861 Ecce
1408 4823 1507 4876 ego
1529 4810 1762 4865 instauro

166 4898 236 4937 ca
266 4900 384 4952 qua:
409 4900 473 4940 ex
506 4897 842 4955 peccatorum
872 4894 1101 4958 pernicie
1127 4895 1460 4964 acciderant,
1487 4911 1540 4954 et
1578 4902 1760 4956 Statua

166 4982 530 5028 testamentum
556 4994 722 5030 meum
744 4979 991 5034 vobiscum
1017 4993 1063 5035 et
1096 5000 1208 5037 cum
1241 4987 1428 5039 semine
1461 4999 1621 5043 vestro
1649 5001 1759 5059 post

164 5077 280 5115 vos.
326 5062 452 5118 Vide
500 5066 835 5121 clementiam
876 5064 1119 5139 Domini;
1160 5075 1308 5142 quasi
1347 5075 1545 5132 diceret
1590 5097 1602 5134 :
1643 5080 1756 5134 Non

168 5162 383 5206 tantum
412 5155 682 5210 vobiscum
721 5167 899 5214 statuo
940 5173 1185 5233 pactum,
1225 5166 1316 5220 sed
1358 5176 1412 5220 ct
1447 5169 1512 5222 iis
1549 5172 1638 5239 qui
1666 5187 1758 5227 vos

164 5251 483 5309 sequentur,
508 5245 697 5300 stabile
716 5256 770 5300 et
797 5248 1005 5303 ﬁrmum
1026 5250 1141 5306 fore
1158 5257 1458 5322 pronuntio.
1491 5258 1677 5314 Postea
1703 5272 1758 5316 ut

165 5346 329 5386 suam
367 5333 601 5389 declaret
634 5337 1024 5406 liberalitatem,
1056 5342 1261 5413 inquit:
1291 5345 1355 5399 Et
1403 5349 1540 5401 omni
1576 5351 1759 5405 animo:

164 5423 359 5476 viventi
386 5426 658 5494 vobiscum,
684 5444 715 5480 a
740 5428 1024 5485 volatilibus
1045 5443 1089 5486 et
1104 5450 1135 5486 a
1158 5437 1433 5501 pecoribus,
1458 5453 1506 5492 ct
1528 5442 1756 5497 omnibus

164 5514 345 5566 bestiis
367 5523 530 5579 teri-te,
562 5531 886 5588 qurecumque
908 5530 1023 5573 sunt
1050 5523 1298 5577 vobiscum
1319 5542 1380 5579 ea:
1399 5529 1628 5583 omnibus
1644 5546 1757 5599 quin

160 5619 375 5675 egressa
419 5615 535 5656 sunt
577 5620 639 5659 ea:
673 5622 791 5659 arca
809 5624 827 5671 ;
871 5618 917 5662 et
949 5620 1163 5664 statuam
1203 5623 1549 5669 testamentum
1590 5634 1755 5673 meum

158 5693 430 5747 vobiscum
459 5710 479 5747 :
503 5703 549 5746 et
588 5711 688 5749 non
732 5698 970 5752 morietur
1007 5703 1168 5755 ontnis
1204 5720 1324 5758 caro
1357 5707 1491 5759 ultra
1523 5709 1585 5761 ab
1622 5726 1752 5779 aqua

144 5782 397 5845 diluvii;
427 5793 473 5836 et
500 5801 600 5839 non
632 5787 765 5839 ultra
794 5788 884 5841 erit
906 5788 1149 5845 diluvium
1178 5811 1321 5859 aqute
1341 5837 1353 5859 ,
1382 5808 1434 5849 ut
1463 5811 1752 5870 corrumpat

1290 432 1356 487 IN
1393 430 1540 486 CAP.
1586 424 1671 479 I.\'.
1713 418 1961 478 GENES.
2006 418 2231 473 liOMiL.
2278 416 2514 474 XXVIII.

3394 415 3493 474 est

1917 549 2110 585 omnem
2135 542 2336 585 terram.
2365 532 2549 585 Vidisti
2584 542 2853 601 pactorum
2886 534 3329 605 magnitudiucm'l
3360 534 3491 587 vidi-

1912 622 2045 692 sti}:
2069 623 2480 690 promissionum
2519 622 2837 677 ineffabilem
2869 623 3271 678 liberalitatem?
3302 624 3489 677 Consi-

1915 712 2039 765 dera
2081 713 2347 780 quomodo
2389 713 2767 782 benignitatem
2814 729 2964 766 suam
3003 715 3177 767 denuo
3223 731 3387 785 usque
3426 715 3489 769 ad

1913 801 2062 856 bruta
2094 810 2147 854 rt
2177 800 2313 855 feras
2337 802 2606 869 extendat,
2629 811 2682 856 et
2710 805 2899 857 merito
2919 803 3150 872 quidem.
3179 804 3328 872 Quod
3348 806 3489 860 enim

1910 905 2052 959 serpe
2078 891 2206 955 dixi,
2237 892 2337 945 hoc
2365 902 2418 947 et
2448 908 2588 947 nunc
2614 893 2755 949 dico.
2782 893 2917 951 Nam
2941 895 3058 962 quia
3085 907 3297 963 propter
3319 895 3489 950 homi-

1908 995 2029 1034 nem
2062 981 2174 1036 ha'c
2195 982 2448 1049 producta
2473 993 2615 1050 sunt,
2649 983 2766 1039 ideo
2792 992 2845 1038 et
2884 984 3089 1038 illorum
3117 985 3488 1042 beneﬁciorum

1913 1083 2113 1143 partem
2149 1074 2344 1129 habent
2371 1090 2489 1144 quae
2521 1075 2719 1130 homini
2749 1091 3002 1132 concessa
3026 1088 3167 1132 sunt.
3199 1079 3260 1132 Et
3285 1078 3481 1134 videtur

1908 1169 2117 1237 quidem
2140 1184 2420 1224 commune
2449 1185 2568 1225 esse
2595 1178 2803 1239 pactum
2835 1171 2932 1240 ipsi
2955 1180 3010 1226 et
3040 1172 3228 1238 brutis,
3258 1171 3352 1228 sed
3379 1188 3485 1228 non

1906 1258 1974 1312 ita
2011 1269 2111 1313 est.
2159 1259 2288 1313 Nam
2316 1270 2369 1313 et
2400 1260 2499 1315 hoc
2522 1260 2585 1314 ad
2616 1260 2845 1315 hominis
2869 1261 3116 1316 solatium
3146 1265 3338 1317 factum
3366 1273 3443 1319 est
3467 1304 3484 1331 ,

1905 1360 1960 1404 ut
1990 1352 2127 1406 scire
2159 1353 2320 1419 possit
2351 1353 2403 1406 in
2434 1362 2633 1421 quanto
2661 1354 2731 1407 sit
2757 1354 2978 1418 honore,
3009 1354 3150 1425 quod
3180 1370 3283 1411 non
3311 1358 3483 1413 solum

1905 1440 1956 1494 in
1979 1456 2038 1496 se
2062 1442 2389 1497 collocentur
2411 1443 2687 1505 beneﬁcia,
2708 1444 2800 1499 sed
2824 1453 3040 1513 propter
3064 1460 3122 1500 se
3146 1446 3197 1499 in
3225 1446 3325 1502 alia
3352 1462 3483 1517 quo-

1901 1547 2004 1601 que
2046 1534 2293 1587 animalia
2334 1536 2650 1589 extendatur
2681 1536 2969 1592 liberalitas
2998 1538 3223 1593 Domini.
3273 1541 3339 1593 Et
3381 1558 3482 1595 non

1901 1622 2160 1685 morietur,
2201 1625 2387 1693 inquit,
2423 1627 2585 1680 omnis
2621 1644 2740 1681 caro
2782 1629 2912 1681 ultra
2940 1630 3003 1682 ab
3032 1646 3163 1699 aqua
3204 1632 3401 1699 diluvii,
3435 1644 3482 1686 et

1898 1730 2001 1767 non
2038 1725 2131 1769 erit
2173 1716 2306 1770 ultra
2341 1717 2606 1783 diluvium,
2645 1729 2695 1771 ut
2729 1729 3017 1789 corrumpat
3053 1737 3247 1775 onmem
3276 1732 3481 1778 terram.

1901 1805 2085 1860 Vidisti
2114 1807 2383 1875 quomodo
2408 1817 2460 1862 ct
2489 1809 2653 1863 semel
2690 1819 2743 1862 et
2778 1809 2969 1864 iterum
3003 1820 3055 1865 et
3091 1813 3285 1881 Saepius
3324 1815 3481 1883 polli-

1895 1906 2077 1951 ocatur
2102 1913 2160 1951 se
2185 1913 2289 1951 non
2323 1900 2456 1952 ultra
2490 1901 2848 1955 itmnissnrum
2879 1918 3213 1958 communem
3240 1907 3475 1960 omnium

1897 1988 2335 2051 internecionem,
2363 1999 2419 2042 ut
2444 2007 2509 2044 ex
2543 2002 2719 2045 mente
2742 1992 2869 2061 justi
2902 1993 3037 2047 hanc
3065 1996 3475 2051 sollicitudinem

1892 2078 2110 2132 adimat.
2145 2090 2195 2134 et
2235 2081 2302 2134 de
2343 2080 2529 2134 futuris
2572 2083 2761 2136 bonum
2794 2098 2940 2150 Spem
2973 2086 3059 2139 ille
3091 2086 3312 2141 haheat?
3343 2087 3473 2142 Dein

1893 2186 1997 2223 non
2039 2186 2191 2224 suam
2233 2182 2472 2226 naturam
2500 2185 2777 2243 spectans.
2807 2177 2900 2230 sed
2928 2189 3165 2231 nostram
3192 2178 3472 2233 inﬁrmita-

1891 2267 2018 2322 tem,
2054 2277 2157 2314 non
2184 2271 2463 2316 contentus
2492 2274 2571 2317 est
2600 2266 2949 2332 promissione
2983 2282 3076 2321 sua
3114 2285 3270 2338 quam
3299 2271 3473 2325 verbis

1889 2352 2037 2406 dedit
2068 2371 2082 2407 :
2122 2353 2213 2408 sed
2247 2355 2434 2408 iterum
2465 2356 2698 2410 ostendit
2726 2360 2993 2427 quomodo
3022 2376 3080 2415 se
3111 2372 3305 2417 nostra:
3327 2363 3479 2439 inlir-r

1888 2444 2054 2497 mitati
2099 2454 2441 2514 attempcrct,
2488 2458 2542 2501 et
2577 2450 2781 2518 signum
2826 2451 2916 2504 dat
2955 2467 3060 2521 quo
3092 2462 3346 2522 perpetuo
3369 2456 3472 2510 dn-

1888 2545 2058 2597 rante,
2090 2536 2178 2588 tali
2222 2546 2365 2589 metu
2418 2539 2705 2593 lmmannm
2745 2555 2912 2610 genus
2957 2543 3168 2598 liberari
3200 2547 3381 2614 possit,
3419 2558 3473 2602 ιιι

1886 2626 2092 2681 etiamsi
2136 2642 2278 2697 saepe
2320 2630 2507 2698 pluviae
2545 2631 2881 2698 deferantur,
2918 2644 2972 2689 et
2999 2637 3242 2692 violentzc
3266 2649 3473 2710 tempe-

1883 2710 2049 2772 States
2077 2720 2221 2783 ﬁant,
2264 2721 2362 2774 etsi
2389 2737 2641 2791 aquarum
2669 2741 2854 2792 magna
2879 2727 2947 2780 sit
2971 2728 3266 2795 inundatio,
3295 2747 3467 2801 neque

1882 2807 1962 2861 sic
1989 2810 2332 2864 metuendum
2365 2812 2471 2877 sit,
2500 2814 2592 2868 sed
2621 2815 2992 2870 conﬁdendum
3020 2819 3170 2874 nobis
3195 2821 3260 2874 ad
3284 2821 3466 2876 datum

1881 2896 2089 2965 signum
2120 2900 2540 2967 respicientibus.
2578 2905 2657 2957 l2.
2710 2905 2775 2958 Et
2803 2907 2930 2959 dixit
2962 2907 3206 2962 Dominus
3238 2911 3370 2965 Deus
3397 2915 3465 2964 ad

1884 2984 1998 3039 Noe
2034 3002 2054 3040 :
2090 2986 2202 3041 Hoc
2227 3000 2298 3044 est
2327 2992 2526 3061 signum
2556 2998 2833 3049 testamenti
2860 3000 2993 3067 quod
3022 3016 3112 3068 ego
3143 3001 3207 3054 do
3234 3002 3365 3055 inter
3390 3020 3465 3056 me

1878 3086 1926 3129 et
1953 3088 2018 3130 te.
2071 3078 2201 3134 Vide
2229 3095 2426 3150 quanto
2456 3082 2658 3140 honore
2682 3088 2880 3154 justum
2908 3090 3170 3160 dignatur.
3216 3093 3290 3147 Ita
3321 3094 3462 3149 enim

1880 3182 1999 3220 cum
2035 3182 2098 3220 eo
2127 3170 2413 3237 paciscitur
2436 3176 2586 3242 quasi
2618 3175 2776 3230 homo
2803 3177 3001 3233 homini
3034 3181 3276 3252 loquens,
3304 3192 3358 3239 et
3383 3186 3463 3237 di.

1877 3258 1949 3311 cit
1982 3277 1996 3313 :
2024 3258 2136 3313 Hoc
2163 3270 2237 3316 est
2258 3263 2458 3334 signum
2488 3270 2765 3321 testamenti
2793 3272 2929 3340 quod
2950 3270 3043 3343 ego
3068 3274 3133 3326 do
3163 3277 3291 3329 inter
3310 3294 3388 3331 me
3414 3287 3463 3332 et
3538 3306 3546 3314 ο

1876 3355 1943 3413 te,
1979 3359 2025 3402 et
2061 3366 2255 3406 omnem
2293 3356 2517 3409 animam
2544 3358 2816 3425 viventem,
2855 3379 2968 3432 qua:
3000 3366 3250 3420 vobiscum
3286 3379 3378 3433 est,
3409 3373 3462 3424 in

1875 3443 2217 3510 generationes
2235 3456 2466 3501 internas.
2501 3449 2685 3504 Vidisti
2708 3454 2977 3522 quomodo
2997 3456 3204 3526 signum
3226 3459 3457 3514 damlum

1875 3534 2019 3588 otnni
2048 3535 2245 3591 viventi
2276 3538 2587 3596 duraturum
2616 3546 2686 3598 sit
2713 3546 2764 3598 in
2789 3549 3160 3615 generationes
3185 3556 3458 3606 aeternae?

1872 3623 1988 3679 Non
2030 3628 2199 3683 solum
2239 3633 2589 3689 communiter
2631 3638 2878 3690 omnibus
2923 3640 3216 3696 viventibus
3252 3643 3345 3698 dat
3380 3645 3460 3698 tsi--

1871 3732 2053 3788 gnum,
2081 3722 2175 3776 sed
2202 3732 2257 3777 et
2282 3734 2589 3795 perpetuum
2612 3739 2661 3782 et
2684 3738 2939 3786 maternum
2964 3734 3088 3787 illud
3113 3735 3253 3799 facit,
3273 3753 3459 3807 quant-

1871 3809 1960 3865 diu
2009 3814 2552 3879 mundussubsistet.
2606 3821 2882 3888 Quodnam
2926 3828 3059 3896 ergo’
3090 3829 3299 3897 sign-um
3338 3833 3458 3885 est?

1873 3902 1959 3956 15.
1988 3903 2174 3958 Arcum
2203 3922 2368 3961 meum
2399 3926 2532 3978 pano
2557 3911 2609 3964 in
2634 3913 2779 3979 nube,
2807 3926 2855 3968 et
2878 3917 2971 3969 erit
2997 3918 3050 3971 in
3073 3920 3274 3988 signum
3299 3924 3457 3991 finde-

1869 3991 1943 4046 ris
1958 3992 2090 4067 inter
2115 4011 2194 4048 nte
2212 4005 2259 4048 et
2284 4006 2488 4053 terram.
2517 4001 2655 4056 Ecce
2684 4010 2802 4071 post
2824 4006 3260 4072 pollicitationem
3289 4014 3451 4067 verbo

1873 4080 2083 4145 factam,
2104 4093 2160 4137 et
2189 4084 2290 4140 hoc
2318 4088 2523 4155 signum
2547 4092 2635 4154 do,
2665 4093 2850 4146 iridem
2882 4097 3085 4162 dicens,
3107 4114 3266 4168 quam
3288 4104 3449 4174 aliqui

1873 4172 1986 4227 ﬁeri
2019 4173 2203 4229 dicunt
2228 4177 2340 4231 sole
2370 4178 2547 4233 radios
2584 4196 2710 4237 suos
2758 4196 2940 4240 contra
2981 4188 3150 4243 nubes
3184 4172 3448 4251 mittente.

1868 4261 1922 4318 Si
1966 4280 2145 4319 sermo
2184 4281 2364 4334 meus,
2404 4270 2598 4341 inquit,
2631 4289 2735 4327 non
2767 4276 2980 4342 sufﬁcit,
3014 4295 3138 4335 ecce
3162 4293 3216 4337 et
3239 4286 3446 4355 signum

1870 4354 1959 4421 do,
1988 4371 2272 4427 numquam
2299 4359 2520 4414 ulterius
2550 4365 2706 4418 Latent
2740 4382 2825 4421 me
2853 4384 3060 4436 pmnam
3091 4354 3447 4435 inducturum.

1868 4444 1981 4500 Hoc
2026 4462 2154 4515 ergo
2202 4449 2409 4519 signum
2457 4453 2697 4511 videntes
2737 4472 2768 4511 a
2808 4444 3086 4517 formidine
3130 4466 3448 4524 liheremini.

1870 4537 1953 4590 H.
1987 4537 2052 4590 Et
2076 4540 2168 4591 erit
2193 4557 2304 4594 cum
2336 4543 2641 4609 nubilavero,
2674 4549 2859 4619 inquit,
2889 4556 3042 4609 nubes
3068 4574 3220 4628 super
3238 4570 3445 4626 terram,

1867 4635 1914 4677 et
1936 4629 2196 4695 apparebit
2223 4647 2371 4685 arcus
2398 4649 2535 4689 meus
2554 4636 2605 4688 in
2629 4638 2775 4702 nube,
2801 4642 2881 4695 15.
2907 4653 2953 4695 et
2974 4648 3275 4701 recordabar
3299 4660 3450 4706 testa-

1868 4717 2021 4769 menti
2040 4719 2156 4785 mei,
2183 4723 2320 4789 quod
2338 4734 2413 4776 est
2437 4725 2567 4778 inter
2585 4743 2667 4787 me
2683 4738 2729 4781 et
2750 4747 2852 4791 vos,
2877 4741 2924 4784 et
2953 4734 3081 4788 inter
3109 4754 3305 4792 omnem
3332 4744 3444 4792 ani-

1868 4823 2002 4859 mant
2023 4810 2263 4863 viventem
2288 4814 2341 4866 in
2362 4816 2497 4868 omni
2521 4833 2687 4871 carne.
2721 4819 2854 4885 Quid
2882 4822 3032 4887 dicis,
3063 4840 3095 4877 o
3135 4826 3289 4882 beate
3324 4845 3446 4897 pro-

1867 4895 2060 4964 pheta?
2102 4898 2458 4963 Recordabar,
2495 4905 2692 4973 inquit,
2729 4915 3028 4967 testamenti
3056 4916 3179 4981 niei,
3211 4918 3310 4973 hoc
3327 4895 3440 4985 est,

1870 4988 2004 5055 pacti
2037 4990 2161 5051 mei,
2187 4994 2575 5061 promissionis,
2601 4999 3025 5070 pollicitationis;
3056 5023 3158 5061 non
3183 5012 3301 5077 quia
3329 5013 3441 5080 ipse

1865 5089 1997 5144 Opus
2027 5077 2216 5132 habeat
2243 5082 2626 5151 recordatione,
2656 5088 2748 5145 sed
2781 5100 2837 5144 ut
2864 5108 2958 5146 nos
2988 5095 3052 5148 ad
3080 5097 3203 5150 illud
3231 5077 3437 5169 signum

1864 5165 2227 5234 respicientes,
2259 5170 2388 5225 nihil
2417 5172 2605 5228 durum
2644 5179 2993 5247 suspicemur,
3020 5185 3111 5239 sed
3140 5165 3316 5243 Statim
3355 5207 3440 5244 re-

1866 5256 2146 5311 cordemur
2184 5259 2375 5315 divina}
2421 5265 2806 5334 promissionis,
2837 5279 2889 5325 et
2930 5273 3262 5334 conﬁdamus
3309 5281 3437 5335 nihil

1864 5362 1962 5402 nos
1990 5350 2092 5403 tale
2119 5364 2389 5419 passuros.

1932 5440 1985 5495 5.
2029 5440 2211 5496 Vidisti
2240 5454 2490 5512 quantum
2523 5447 2657 5503 Deus
2686 5466 2743 5505 se
2773 5462 2988 5523 propter
3017 5469 3251 5514 nostram
3287 5461 3435 5517 infir-

1861 5532 2096 5586 mitatem
2136 5534 2398 5601 demittat,
2432 5549 2679 5606 quantam
2718 5558 2898 5597 curam
2936 5558 3091 5615 gerat
3132 5555 3295 5605 nostri
3339 5570 3434 5622 ge-

1860 5624 2022 5688 neris,
2054 5636 2302 5693 qnantam
2332 5629 2711 5687 misericordiae
2737 5637 3152 5704 magnitudinem
3176 5643 3431 5711 declaret,

1860 5729 1964 5768 non
1994 5716 2114 5784 quia
2160 5716 2432 5772 hominum
2468 5724 2868 5779 conversionem
2914 5729 3060 5793 vidit,
3106 5732 3196 5786 sed
3247 5746 3300 5788 ut
3342 5754 3434 5804 per

1859 5805 2036 5860 Omnia
2064 5820 2159 5860 nos
2185 5805 2373 5862 doceat
2403 5809 2666 5880 ingentem
2699 5829 2848 5870 suam
2876 5817 3200 5883 bonitatem?
3240 5824 3303 5878 Et
3324 5838 3425 5879 non
