4078 6416
658 392 764 450 255

660 521 748 562 em
774 509 906 562 ultra
932 525 1063 580 aqua
1092 509 1144 562 in
1189 507 1454 574 diluvium,
1493 509 1560 562 ita
1601 518 1652 561 ut
1689 508 1851 563 deleat
1896 522 2090 560 omnem
2135 521 2246 556 rar-

659 617 768 654 nem
799 617 816 653 :
843 604 1200 670 nonamplius
1237 601 1340 655 crit
1375 599 1636 669 ejusmodi
1675 598 1875 669 pluvia.
1917 597 2048 664 Quia
2091 595 2246 649 scivit

662 697 763 743 hoc
791 692 980 745 timere
1020 691 1304 745 humanam
1333 701 1596 755 naturam,
1625 689 1743 743 vide
1781 687 2049 756 qttoutodn
2075 685 2246 741 couti-

657 795 764 834 uuo
792 780 892 834 hoc
921 779 1217 850 pollicetur,
1263 781 1411 850 quasi
1455 781 1641 835 dicens
1682 797 1695 833 :
1744 778 1962 834 Etiamsi
2007 777 2244 832 videritis

655 872 854 926 multos
881 871 1080 926 imbres
1102 871 1329 937 demitti,
1359 886 1425 927 ne
1449 871 1574 942 quid
1605 871 1729 926 imle
1774 869 1966 924 durant
2003 869 2243 937 suspice-

653 962 780 1016 tttiui
821 973 911 1014 aut
937 963 1185 1016 metuatis
1214 979 1228 1015 :
1260 961 1382 1015 Non
1415 963 1555 1016 enim
1595 961 1685 1016 erit
1712 976 1843 1030 aqua
1875 960 1929 1013 in
1973 959 2241 1026 diluvium,

652 1051 722 1103 ita
751 1062 804 1104 ut
834 1051 996 1105 deleat
1023 1068 1220 1106 omnem
1245 1067 1446 1104 carnem
1475 1065 1494 1104 :
1526 1050 1645 1105 talis
1690 1049 1860 1104 imber
1891 1063 1995 1104 non
2033 1048 2134 1104 erit
2161 1047 2245 1102 ul-

653 1151 754 1208 tra,
789 1151 987 1196 tantam
1019 1143 1429 1213 indignationem
1457 1158 1563 1197 non
1601 1143 1737 1197 ultra
1779 1143 2093 1211 experietur
2130 1141 2236 1196 hu-

653 1250 866 1288 manum
922 1234 1220 1304 genus.16.
1264 1234 1331 1288 Et
1378 1237 1504 1301 erit,
1559 1235 1764 1304 inquit,
1812 1252 1964 1290 arcus
2003 1251 2144 1289 meus
2191 1240 2242 1290 in

651 1325 810 1388 nube,
864 1335 910 1378 et
959 1325 1131 1379 ridebo
1183 1336 1237 1379 ut
1289 1327 1523 1381 recorder
1569 1328 1846 1380 testamenti
1892 1327 2068 1381 (sterni
2114 1327 2244 1382 inter

649 1415 833 1482 Deum,
864 1426 910 1470 et
938 1417 1070 1472 inter
1099 1419 1324 1471 animam
1347 1420 1588 1472 viventem
1613 1419 1664 1472 in
1694 1420 1831 1472 eunti
1851 1435 2021 1473 carne.
2045 1418 2240 1474 Consi-

646 1508 772 1562 dera
804 1510 1075 1579 quomodo
1125 1510 1314 1565 volens
1359 1509 1645 1565 humanam
1690 1520 1930 1565 naturam
1971 1509 2038 1564 ad
2080 1509 2240 1565 ﬁdem

645 1612 700 1654 et
750 1602 954 1654 ﬁrmam
1000 1601 1403 1670 persuasionem
1447 1601 1719 1667 inducere,
1771 1610 1915 1656 tanta
1957 1602 2240 1657 verborum

648 1707 778 1747 usus
819 1693 888 1746 sit
924 1693 1387 1761 attemperatioue.
1418 1693 1484 1747 Et
1509 1692 1724 1758 videbo,
1756 1693 1946 1763 inquit,
1974 1701 2032 1746 ut
2061 1707 2242 1749 recor-

647 1783 743 1838 der
765 1786 1065 1838 testamenti
1095 1784 1219 1838 mei.
1246 1785 1454 1854 Ergone
1474 1783 1620 1840 visus
1647 1785 1818 1854 ipsum
1850 1785 1902 1839 in
1925 1784 2238 1839 memoriam

646 1877 793 1933 ducit
814 1879 836 1931 ?
857 1878 970 1932 Non
1004 1887 1063 1932 ut
1098 1879 1198 1932 hoc
1219 1880 1580 1949 suspicemur;
1605 1878 1775 1944 absit;
1804 1877 1897 1932 sed
1929 1888 2004 1946 ut,
2027 1877 2241 1948 quando

649 1971 895 2025 videmus
923 1973 1135 2041 signum
1173 1970 1298 2036 hoc,
1347 1971 1439 2024 Dei
1490 1971 1829 2040 promissioni
1869 1969 2235 2034 conﬁdamus,

642 2065 774 2120 certi
802 2081 906 2120 non
935 2079 1054 2119 esse
1081 2064 1334 2134 possibile
1368 2063 1464 2117 Dei
1497 2063 1879 2133 promissiones
1915 2061 2237 2118 intercidere

644 2156 730 2210 l7.
777 2154 843 2208 Et
884 2156 1011 2209 dixit
1040 2153 1178 2209 Deus
1197 2195 1212 2220 ,
1241 2155 1412 2224 inquit
1436 2196 1450 2218 ,
1478 2155 1547 2206 ad
1594 2153 1704 2207 Noe
1734 2169 1753 2207 :
1786 2152 1897 2206 Hoc
1926 2155 2128 2224 signum
2153 2162 2232 2207 te-

642 2245 874 2299 stamenti
900 2246 998 2299 mei
1021 2245 1156 2315 quod
1182 2245 1326 2315 posui
1355 2245 1486 2297 inter
1509 2259 1605 2309 me,
1638 2256 1686 2296 et
1727 2244 1857 2296 inter
1901 2258 2098 2296 omnem
2123 2258 2239 2295 car-

644 2355 762 2393 nem
786 2354 898 2407 qua:
923 2347 994 2392 est
1024 2353 1177 2408 super
1212 2347 1420 2390 terram.
1453 2336 1739 2405 Accepisti,
1787 2335 1978 2404 inquit,
2024 2335 2234 2403 signum

645 2431 696 2485 id
724 2431 866 2501 quod
893 2429 1015 2485 dedi
1048 2430 1188 2485 inter
1215 2444 1301 2485 me
1326 2439 1380 2484 et
1405 2443 1618 2484 onmem
1644 2443 1858 2482 carnem
1898 2442 2016 2498 qua:
2045 2436 2126 2482 cst
2147 2440 2239 2480 su-

644 2536 741 2591 per
769 2531 990 2576 terram.
1020 2520 1096 2575 Ne
1120 2519 1256 2574 ultra
1284 2517 1628 2574 confundaris
1657 2527 1856 2583 mente,
1900 2532 1968 2572 ne
2007 2517 2238 2572 turberis

644 2611 822 2665 animo
855 2629 868 2665 :
899 2611 992 2666 sed
1020 2611 1086 2665 ad
1113 2609 1214 2664 hoc
1243 2610 1468 2680 reSpicc,
1497 2618 1550 2664 et
1577 2609 1691 2678 ipse
1734 2607 1924 2662 bonam
1958 2622 2106 2676 spem
2136 2606 2236 2660 ha-

649 2704 791 2767 beto,
825 2711 880 2756 et
907 2716 1095 2756 omnes
1136 2701 1225 2771 qui
1265 2708 1387 2770 post
1425 2710 1476 2754 te
1513 2698 1675 2754 futuri
1722 2707 1846 2754 sunt
1882 2698 2006 2753 hinc
2045 2711 2239 2752 conso-

650 2794 901 2849 lationem
942 2795 1246 2864 accipiant:
1289 2803 1344 2849 et
1388 2801 1636 2862 aspectus
1683 2792 1817 2862 signi
1867 2790 2110 2845 fiduciam
2157 2793 2238 2846 eis

642 2895 884 2956 prmstct,
915 2887 1055 2956 quod
1086 2900 1373 2956 numquam
1401 2885 1520 2939 talis
1550 2892 1836 2955 tempestas
1865 2895 2059 2938 terram
2090 2884 2238 2938 inva-

641 2992 765 3032 sura
808 2978 898 3031 sit.
932 2976 1064 3032 Nam
1099 2977 1344 3048 quamvis
1392 2985 1607 3046 peccata
1649 2973 1923 3028 hominum
1967 2985 2237 3041 crescam,

641 3084 741 3140 ego
773 3079 948 3123 tamen
975 3083 1095 3139 quae
1127 3067 1344 3138 promisi
1375 3065 1711 3136 adimplebo,
1745 3074 1800 3120 et
1827 3080 2114 3136 numquam
2153 3075 2236 3119 ta.

643 3159 748 3215 lem
790 3159 1204 3229 indignationem
1235 3159 1288 3214 in
1314 3172 1502 3212 omnes
1521 3156 1807 3212 exhibebo.
1841 3156 2056 3211 Vidistis
2076 3172 2235 3228 quam

642 3249 830 3318 ingens
869 3250 939 3303 sit
966 3248 1175 3303 Domini
1217 3247 1466 3302 bonitas?
1508 3245 1716 3302 vidistis
1748 3254 2002 3316 quantum
2028 3245 2094 3300 ad
2141 3261 2238 3301 no-

651 3351 818 3396 stram
846 3340 1101 3395 vilitatem
1129 3339 1308 3394 verbis
1335 3353 1394 3393 se
1420 3337 1704 3394 demittat?
1730 3337 1936 3392 vidistis
1959 3336 2075 3406 ejus
2109 3351 2235 3406 erga

643 3448 744 3488 nos
778 3425 1128 3503 providentia:
1157 3429 1623 3502 magnitudinem?
1654 3429 1858 3484 vidistis
1879 3430 2236 3500 promittentis

642 3523 1049 3581 liberalitatem?
1076 3522 1191 3578 Non
1221 3523 1367 3578 enim
1400 3521 1718 3578 beneﬁcium
1761 3535 1917 3575 suum
1960 3535 2130 3590 usque
2167 3519 2236 3574 ad

643 3615 800 3681 duas,
839 3616 918 3670 vel
948 3626 1078 3677 tres.
1111 3613 1192 3669 vel
1219 3613 1404 3668 decem
1431 3613 1804 3683 generationes
1840 3609 2099 3675 extendit,
2139 3609 2234 3665 sed

647 3705 893 3774 promisit
945 3703 1198 3772 quamdiu
1237 3702 1491 3758 subsistet
1528 3701 1756 3757 mundus
1799 3699 2234 3756 extendendum:

647 3805 705 3852 ut
724 3813 789 3853 ex
817 3805 1042 3866 utraque
1067 3793 1462 3850 emendatiores
1484 3793 1790 3858 reddamur,
1818 3800 1874 3847 et
1895 3806 1962 3846 ex
2000 3806 2066 3846 eo
2093 3789 2237 3862 quod

645 3891 722 3946 illi
753 3898 972 3962 propter
997 3885 1392 3945 multitudinem
1435 3893 1772 3958 peccatorum
1817 3883 1908 3939 tali
1952 3898 2109 3955 paena
2143 3897 2239 3954 pu-

645 3984 739 4039 niti
766 3992 910 4049 sunt,
935 3991 989 4039 et
1010 3999 1080 4038 ex
1104 3996 1172 4037 eo
1195 3979 1336 4052 quod
1359 3979 1447 4036 ille
1468 3994 1563 4051 per
1587 3977 1908 4034 ineffabilem
1935 3977 2238 4033 misericor-

644 4075 786 4131 diam
812 4088 986 4139 suam,
1015 4087 1115 4128 nos
1141 4079 1283 4125 tanta
1311 4070 1666 4142 promissione
1687 4067 1936 4140 dignatus
1963 4077 2066 4124 est.
2100 4067 2232 4122 Nam

645 4167 894 4226 cordatus
942 4165 1201 4221 beneﬁcia
1250 4163 1420 4229 magis
1462 4177 1623 4235 quam
1675 4172 1848 4231 pcenas
1891 4160 2135 4216 alliciunt
2169 4158 2238 4214 ad

648 4257 898 4313 mandata
926 4255 1207 4311 servanda.

727 4347 860 4401 Deus
886 4347 1036 4414 etiam
1066 4343 1407 4416 peccatoribus
1445 4342 1711 4414 benignus,
1752 4350 1941 4411 quanto
1970 4341 2131 4411 magis
2150 4340 2243 4411 ju-

649 4441 764 4494 stis.
801 4468 872 4480 —
896 4437 1057 4508 Igitur
1086 4453 1152 4493 ne
1177 4439 1344 4491 simus
1372 4436 1582 4506 ingrati.
1609 4433 1737 4488 Nam
1767 4434 1812 4488 si
1839 4449 1937 4488 nos
1956 4445 2239 4504 antequam

652 4532 817 4586 ullum
869 4530 1120 4584 bonitatis
1160 4527 1432 4598 specimen
1475 4526 1895 4591 exhibuerimus,
1943 4526 2050 4580 imo
2079 4525 2240 4580 etiam

651 4636 772 4676 cum
801 4619 974 4691 poenis
1001 4619 1158 4688 digna
1197 4618 1500 4682 fecerimus,
1529 4624 1673 4670 tanta
1694 4615 1940 4686 dignatus
1963 4624 2049 4671 est
2076 4616 2240 4671 bene-

654 4712 866 4768 ﬁcentia
899 4728 914 4766 :
945 4711 988 4766 si
1011 4709 1148 4780 grati
1177 4707 1452 4775 fuerimus,
1479 4717 1536 4764 et
1557 4706 1624 4761 de
1649 4706 1913 4777 prioribus
1937 4707 2132 4776 gratias
2157 4720 2244 4761 re-

653 4805 953 4870 tulerimus,
981 4799 1513 4870 converterimusque
1543 4811 1642 4852 nos
1662 4797 1729 4851 ad
1775 4795 2016 4862 meliora,
2045 4805 2242 4866 quanta

653 4908 764 4953 tum
788 4897 1016 4967 denique
1041 4909 1139 4950 nos
1168 4893 1473 4964 dignabitur
1499 4890 1816 4946 liberalitate
1844 4898 1897 4942 et
1937 4889 2145 4958 gratia?
2184 4888 2241 4944 Si

651 4990 793 5045 enim
823 4987 1052 5058 indignis
1079 4986 1148 5040 ita
1180 4983 1464 5050 bcnefacit,
1493 4992 1546 5038 et
1571 4991 1677 5037 tam
1707 4980 1967 5050 benignus
1993 4989 2078 5036 est
2120 4995 2244 5051 peo-

652 5082 956 5145 catoribus;
979 5080 1022 5134 si
1052 5095 1082 5133 a
1108 5077 1341 5148 peccatis
1375 5075 1757 5138 destiterimus,
1782 5082 1838 5128 et
1879 5073 2128 5127 virtutem
2157 5086 2244 5127 se-

652 5189 882 5243 ctemur,
906 5191 1025 5245 qua:
1051 5189 1154 5228 non
1182 5170 1560 5241 consequuturi
1587 5168 1807 5223 sumus?
1834 5167 2119 5224 Enimvero
2145 5168 2244 5224 hac

653 5267 720 5322 de
744 5281 901 5321 causa
930 5265 1077 5334 prior
1105 5264 1220 5334 ipse
1248 5262 1410 5316 multa
1441 5261 1492 5314 in
1518 5274 1617 5314 nos
1639 5258 1896 5314 beneﬁcia
1927 5257 2152 5323 confert,
2183 5267 2238 5313 et

654 5375 774 5412 cum
816 5357 1234 5428 peccaverimns,
1269 5355 1460 5409 iterum
1489 5353 1640 5406 nobis
1668 5352 1875 5406 veniam
1906 5351 2160 5421 impartit,
2185 5361 2237 5406 ct

657 5449 907 5518 supplicia
935 5461 1041 5519 non
1071 5461 1103 5502 e
1133 5445 1356 5515 vestigio
1387 5443 1547 5499 infert
1574 5459 1588 5496 :
1619 5451 1676 5497 ut
1706 5457 1800 5512 per
1828 5442 2008 5496 onmia
2034 5457 2132 5496 nos
2159 5441 2239 5496 al-

658 5537 821 5603 liciat,
863 5546 916 5593 ct
944 5537 1070 5591 dum
1093 5536 1378 5602 benefacit,
1409 5542 1464 5588 et
1484 5533 1611 5588 dum
1655 5533 1864 5587 tolerat.
1897 5532 2053 5602 Smpe
2078 5532 2238 5587 etiam

655 5625 781 5681 dum
811 5627 1015 5697 aliquos
1042 5626 1215 5697 punit,
1246 5627 1380 5681 alios
1405 5639 1501 5695 per
1525 5623 1626 5678 hoc
1653 5622 1904 5678 inducere
1929 5621 2060 5689 vult,
2088 5632 2146 5676 ut
2171 5621 2238 5675 il-

660 5717 829 5771 lorum
869 5725 1012 5770 metu
1045 5716 1306 5785 castigati,
1341 5714 1586 5785 supplicii
1628 5712 1924 5784 periculum
1963 5712 2236 5783 eﬁ'ugiant.

669 5804 860 5862 Vidisti
917 5809 1305 5876 sapientissimi
1344 5812 1438 5867 Dei
1471 5810 1894 5882 benignitatem,
1969 5803 2238 5874 quomodo

1368 394 1424 449 S.
1467 391 1745 449 JO.\NNIS
1782 390 2252 447 CllitYSOb‘fOMl
2283 389 2597 446 AllClllEP.
2631 392 3162 454 CONSTANTINOP.
3783 408 3856 464 θεαί

2353 505 2530 560 omnia
2561 523 2680 578 qum
2725 525 2819 578 per
2863 511 3034 580 ipsum
3082 514 3232 579 fiunt,
3283 523 3490 584 propter
3528 532 3671 570 unum
3711 523 3855 588 solum,

2353 613 2544 670 nempe
2571 601 2762 656 salutis
2802 613 2997 657 nostra:
3027 620 3186 659 causa
3219 607 3379 660 fiant?
3423 606 3541 662 l-lgec
3581 609 3856 682 itaquec-tgi.

2353 700 2548 758 tantes,
2580 710 2646 748 ne
2671 695 2838 748 simus
2867 694 3100 760 desides,
3131 713 3198 751 ne
3219 697 3465 752 virtutem
3495 701 3793 770 negligannts,
3813 720 3858 757 nc

2351 795 2728 854 prietereamus
2755 786 2901 856 leges
2921 788 2988 842 ab
3016 787 3106 843 illo
3132 797 3376 844 statutas.
3405 790 3532 845 Nam
3553 793 3594 846 si
3617 792 3776 848 viderit
3790 813 3857 850 nos

2349 878 2610 943 converti,
2643 888 2698 932 et
2725 879 3024 947 quiescere,
3055 889 3106 934 ct
3140 882 3451 951 principium
3473 882 3667 953 aliquod
3689 901 3855 954 ponere.

2350 967 2464 1038 ipse
2489 985 2702 1040 quoque
2730 987 2824 1028 sua
2851 975 3008 1030 simul
3036 976 3244 1039 atl‘erct,
3287 977 3539 1047 facietque
3567 979 3700 1034 nobis
3727 983 3856 1034 omnia

2349 1056 2482 1112 levia
2511 1071 2564 1114 ct
2593 1060 2785 1127 facilia,
2817 1074 2872 1119 et
2901 1081 3005 1119 non
3061 1068 3334 1135 permittet
3377 1076 3432 1120 ut
3475 1070 3670 1123 virtutis
3703 1070 3857 1123 labores

2348 1149 2656 1205 sentiamus.
2685 1151 2815 1207 Nam
2837 1156 3050 1224 quando
3071 1157 3244 1210 anima
3271 1157 3336 1210 ad
3369 1159 3527 1212 Deum
3552 1160 3857 1229 cogitationum

2347 1251 2498 1292 suam
2545 1241 2791 1310 intendit,
2830 1259 2936 1298 non
2971 1245 3080 1315 jam
3129 1245 3302 1315 decipi
3354 1258 3520 1317 potest
3559 1262 3588 1300 a
3636 1249 3857 1302 visibilium

2345 1339 2565 1400 aSpcctu
2597 1349 2612 1388 :
2640 1333 2732 1388 scd
2759 1335 3074 1406 prasteriens
3103 1338 3276 1392 omnia
3309 1354 3371 1391 ea
3403 1354 3519 1408 qua:
3548 1354 3644 1393 non
3673 1339 3858 1394 videntur

2345 1423 2715 1491 corporalibus
2753 1425 2946 1492 oculis,
2993 1443 3111 1497 qua:
3151 1428 3350 1481 nullam
3396 1429 3566 1482 sciunt
3607 1429 3860 1482 vicissitudi-

2346 1526 2491 1578 nem,
2518 1512 2612 1568 sed
2645 1525 2899 1585 perpetuo
2923 1528 3158 1584 manent,
3188 1519 3399 1589 ﬁxaque
3425 1527 3543 1573 sunt
3579 1534 3636 1573 ac
3672 1520 3856 1586 immota,

2346 1601 2656 1673 diligentius
2701 1607 3023 1677 speculatur,
3076 1624 3234 1679 quam
3278 1625 3340 1664 ea
3388 1627 3506 1680 qua:
3545 1612 3592 1665 in
3633 1621 3858 1680 conspectu

2345 1701 2471 1748 sunt
2496 1695 2688 1763 posita.
2734 1696 2893 1753 Tales
2917 1698 3058 1753 enim
3089 1700 3287 1754 mentis
3315 1709 3437 1754 sunt
3464 1701 3616 1767 oculi,
3644 1701 3720 1771 qui
3742 1699 3794 1754 ad
3813 1701 3860 1754 il-

2345 1783 2517 1840 lorum
2557 1788 2922 1857 spectaculum
2952 1789 3206 1844 continuo
3249 1789 3545 1857 intendunt,
3587 1799 3637 1845 et
3670 1789 3859 1860 superat

2343 1878 2510 1934 radiis
2534 1879 2804 1945 illustrati,
2832 1881 3012 1936 omnia
3051 1897 3171 1952 qua:
3213 1881 3267 1936 in
3315 1881 3414 1936 hac
3441 1882 3541 1935 vita
3589 1892 3716 1948 sunt,
3747 1882 3857 1950 quasi

2343 1969 2583 2024 umbram
2614 1981 2668 2024 et
2687 1971 2973 2036 somnium,
3001 1979 3281 2027 transeunt
3308 1990 3322 2027 :
3358 1988 3462 2027 non
3491 1974 3574 2028 ulli
3601 1974 3716 2026 ultra
3739 1974 3857 2026 dece-

2344 2060 2508 2128 ptioni
2534 2061 2746 2116 obnoxii
2774 2071 2916 2125 sunt.
2947 2077 3118 2133 neque
3143 2064 3515 2118 circumveniri
3545 2073 3764 2134 possunt;
3788 2061 3855 2116 sed

2342 2151 2548 2206 etiamsi
2573 2167 2702 2222 opes
2731 2153 2982 2217 viderint,
3015 2155 3194 2209 statim
3223 2155 3490 2218 derident,
3527 2160 3731 2210 scientes
3757 2152 3857 2224 quod

2341 2242 2560 2314 fugitivo
2579 2246 2766 2314 quovis
2787 2245 3113 2302 infideliores
3139 2249 3206 2302 ab
3231 2263 3338 2302 uno
3363 2247 3428 2302 ad
3451 2249 3602 2302 alium
3624 2256 3853 2301 transeant.

2343 2343 2398 2389 et
2419 2351 2704 2406 numquam
2727 2337 2864 2408 apud
2887 2339 3131 2394 eumdem
3157 2341 3470 2406 subsistant,
3493 2351 3542 2395 ct
3566 2341 3739 2395 infinita
3760 2340 3857 2393 ttnla

2345 2427 2738 2495 possidentibus
2761 2428 3005 2493 afferant,
3039 2444 3174 2500 quos
3203 2439 3255 2484 et
3293 2431 3344 2485 in
3377 2431 3547 2502 ipsum
3592 2432 3790 2496 malitia,
3821 2437 3858 2482 ut

2341 2514 2412 2569 ita
2443 2516 2637 2582 dicam,
2668 2519 3016 2588 prmcipitium
3047 2522 3302 2590 impulsos
3326 2522 3623 2578 deturbant.
3645 2523 3754 2576 Etsi
3770 2536 3857 2576 cor-

2343 2608 2486 2676 poris
2526 2607 2912 2664 formositatem
2957 2627 3141 2665 rursus
3179 2612 3358 2666 intuiti
3406 2612 3628 2675 fuerint,
3672 2627 3760 2666 non
3796 2611 3857 2664 illa

2339 2698 2738 2765 subvertuntnr,
2769 2701 3065 2770 cogitantes
3097 2711 3204 2756 tam
3234 2701 3432 2757 ﬂuxam
3454 2714 3505 2758 et
3532 2703 3790 2758 instabilem
3810 2700 3858 2754 il-

2342 2787 2446 2842 lam
2485 2803 2624 2854 esse,
2670 2799 2727 2844 ut
2772 2791 3157 2860 superveniens
3200 2794 3422 2849 morbus
3465 2803 3670 2864 repente
3694 2805 3855 2846 onmem

2339 2877 2483 2932 illaut
2510 2877 2734 2933 formam
2759 2880 3030 2948 obscuret,
3059 2890 3191 2937 etut
3219 2898 3612 2956 nonnumquam
3631 2892 3736 2937 ante
3758 2895 3859 2935 mor-

2339 2970 2487 3034 btun,
2519 2975 2564 3027 si
2587 2971 2836 3026 invaserit
2861 2985 3131 3041 senectus,
3157 2975 3338 3041 facies,
3371 2993 3491 3048 qua:
3518 2987 3660 3031 antea
3683 2975 3858 3028 formosa

2339 3073 2474 3128 crat,
2505 3061 2595 3116 ﬁat
2623 3062 2876 3118 deformis
2929 3075 2984 3118 et
3013 3065 3297 3134 injucunda
3331 3084 3345 3120 :
3371 3084 3516 3122 mors
3540 3077 3700 3121 autem
3721 3079 3859 3133 super-

2339 3155 2579 3220 veniens,
2608 3170 2823 3211 omnem
2850 3159 3091 3226 corporis
3119 3158 3568 3228 pulehritudincnt
3609 3158 3781 3229 perdat.
3811 3153 3857 3207 Et

2337 3245 2384 3299 si
2415 3260 2572 3315 quem
2601 3245 2828 3300 viderint
2855 3245 3024 3318 gloria
3050 3257 3105 3302 et
3127 3249 3366 3318 potentia
3397 3249 3716 3314 instructum,
3739 3255 3782 3300 et
3797 3241 3860 3313 qni

2339 3336 2392 3392 in
2414 3352 2679 3396 sumnnun
2702 3338 3019 3408 dignitatum
3045 3343 3302 3396 verticem
3333 3344 3648 3411 pervenerit,
3673 3329 3861 3406 omnique

2338 3426 2594 3482 felicitate
2621 3426 2846 3496 fruatur,
2875 3431 3034 3484 etiam
3065 3431 3212 3486 illum
3245 3440 3588 3501 praetereunt,
3616 3429 3745 3502 quasi
3769 3421 3860 3480 nihil

2337 3518 2533 3574 stabile
2557 3525 2613 3573 et
2638 3518 2868 3574 solidum
2896 3519 3205 3588 habentem,
3245 3521 3340 3577 sed
3380 3523 3450 3578 de
3485 3522 3585 3577 illis
3611 3519 3861 3591 gloriantem

2340 3603 2464 3681 quin
2512 3609 2821 3666 fluminibus
2869 3611 3000 3682 ipsis
3053 3627 3218 3684 oeyus
3267 3615 3718 3683 praemi-labuntur.
3761 3602 3860 3672 Quid

2343 3703 2486 3758 enim
2532 3704 2678 3758 omni
2715 3703 2870 3773 hujus
2898 3705 3020 3758 vita:
3044 3705 3211 3775 gloria
3246 3706 3426 3771 vilius,
3455 3722 3571 3776 qua.
3597 3703 3702 3758 flori
3727 3697 3859 3755 herba

2339 3795 2654 3849 confertur?
2687 3795 2865 3850 Omnis
2909 3797 3050 3850 enim
3083 3797 3262 3868 gloria
3304 3797 3544 3867 hominis;
3578 3795 3745 3865 inquit,
3769 3790 3862 3842 sicut

2339 3887 2437 3956 ﬂos
2461 3886 2582 3957 faui
2609 3885 2761 3959 (Isai.
2793 3887 2882 3942 40.
2915 3887 2982 3954 6;
3013 3888 3066 3944 1.
3094 3886 3210 3941 Pet.
3243 3888 3294 3942 l.
3324 3887 3446 3960 24).

2411 3977 2466 4032 4.
2513 3977 2749 4045 Vidistis,
2777 3977 2978 4044 dilecti,
3007 3989 3346 4049 quamacutc
3383 3980 3596 4035 videant
3621 3969 3861 4032 oculiﬁdct.

2340 4066 2385 4123 si
2410 4066 2620 4137 quando
2649 4067 2701 4121 in
2731 4067 2895 4122 Deum
2922 4083 3072 4123 mens
3097 4069 3297 4123 intenta
3325 4067 3526 4124 luserit?
3554 4065 3738 4123 vidistis
3757 4073 3857 4131 quo-

2342 4157 2503 4213 modo
2529 4173 2559 4212 a
2587 4158 2730 4212 nulla
2773 4174 2831 4213 re
2867 4158 3062 4214 visibili
3103 4159 3273 4230 decipi
3319 4169 3561 4230 possunt,
3607 4158 3689 4212 sed
3715 4161 3863 4209 rectum

2345 4250 2537 4306 habent
2567 4266 2741 4306 rerum
2761 4252 3042 4320 judicium,
3068 4267 3240 4322 neque
3269 4253 3323 4306 in
3349 4253 3462 4308 ullo
3483 4247 3749 4307 falluntur?
3770 4238 3864 4302 Sed.

2343 4345 2387 4399 si
2415 4353 2623 4414 gratum
2650 4353 2750 4410 est,
2784 4345 2977 4399 iterum
3004 4344 3070 4398 ad
3098 4323 3408 4400 eoniextum
3450 4329 3698 4400 sermonis
3733 4347 3866 4392 rever-

2346 4445 2540 4500 tamur,
2579 4443 2632 4489 et
2661 4435 2845 4504 paucis
2870 4429 3156 4504 propasitis
3185 4434 3344 4489 ﬁnem
3375 4434 3620 4505 loquendi
3649 4429 3866 4485 faciamus,

2345 4535 2405 4582 ut
2443 4526 2708 4582 dictorum
2751 4529 3006 4582 memoria
3048 4529 3210 4584 menti
3258 4538 3454 4583 vestra:
3494 4528 3739 4597 inﬁgatur.
3774 4517 3866 4572 Nam

2347 4627 2624 4687 postquam
2651 4617 2922 4687 Scriptura
2961 4633 3265 4673 sermonem
3306 4619 3374 4674 de
3413 4620 3594 4674 divino
3621 4617 3754 4686 signo
3784 4607 3869 4663 lini-

2347 4707 2442 4774 vit,
2471 4722 2568 4762 nos
2593 4707 2790 4763 iterum
2818 4709 3012 4764 docere
3037 4709 3147 4763 vult
3170 4709 3270 4764 alia
3302 4725 3423 4778 qua:
3447 4709 3513 4764 ad
3543 4708 3731 4778 justum
3764 4700 3868 4754 illum

2346 4806 2402 4853 et
2433 4797 2570 4854 ﬁlios
2596 4799 2738 4853 illius
2774 4799 3063 4869 pertinent,
3109 4809 3164 4855 et
3205 4799 3338 4855 dicit
3389 4819 3402 4854 :
3449 4801 3536 4856 18.
3581 4799 3872 4852 Ιξναηιαιιεαη

2347 4892 2444 4960 ﬁlii
2476 4889 2609 4954 Noe,
2641 4891 2727 4960 qui
2768 4891 2833 4944 de
2871 4908 2990 4944 arca
3029 4891 3217 4962 egressi
3261 4902 3397 4958 sunt,
3431 4893 3572 4955 Sent,
3612 4889 3771 4950 Citam,
3805 4879 3870 4932 Ια·

2350 4982 2524 5051 phetlt.
2553 4980 2711 5037 Citam
2745 4992 2912 5035 autem
2940 4993 3046 5036 erat
3076 4992 3218 5052 pater
3243 4981 3511 5037 Chanaan.
3547 4982 3628 5037 19.
3658 4977 3767 5032 Tres
3789 4975 3873 5025 siml

2347 5074 2401 5126 Ιιί
2424 5072 2520 5142 lilii
2547 5072 2697 5138 Noe;
2727 5074 2791 5127 ab
2819 5075 2928 5128 istis
2954 5074 3169 5143 dispersi
3194 5085 3310 5128 sunt
3331 5091 3484 5144 super
3507 5088 3695 5127 onmem
3715 5077 3870 5119 terram.

2351 5167 2573 5237 [tignum
2615 5168 2700 5221 hic
2731 5166 2891 5221 fuerit
2917 5176 2974 5221 ut
3012 5168 3341 5237 inquiramus
3385 5181 3552 5235 quare
3580 5164 3742 5219 divina
3765 5151 3874 5210 Scri-

2349 5268 2500 5327 ptura
2532 5257 2630 5313 hos
2656 5267 2766 5312 tres
2797 5257 2933 5312 ﬁlios
2970 5259 3461 5321 commemorando,
3506 5255 3679 5311 subdit
3707 5269 3722 5304 :
3757 5246 3876 5301 Clum

2347 5359 2512 5402 autem
2543 5357 2649 5402 erat
2678 5358 2825 5419 pater
2852 5349 3117 5403 Chanaan.
3168 5349 3247 5404 Ne
3294 5350 3512 5419 putetis,
3545 5349 3769 5404 obsecro,
3805 5337 3878 5388 Ιιθο

2347 5441 2548 5508 absque
2568 5453 2727 5492 causa
2759 5437 2924 5494 fuisse
2963 5439 3229 5507 adjectum
3272 5457 3285 5494 :
3316 5439 3447 5493 nihil
3489 5437 3627 5492 enim
3669 5435 3715 5487 in
3742 5426 3878 5484 divina

2346 5527 2620 5596 Scriptura
2649 5526 2974 5593 continetur,
3000 5529 3140 5597 quod
3170 5545 3273 5582 non
3301 5529 3475 5596 aliqua
3505 5525 3710 5581 ratione
3723 5520 3878 5574 dictum

2345 5621 2435 5685 sit,
2472 5635 2592 5690 qua:
2637 5634 2742 5675 non
2791 5629 2848 5674 et
2897 5619 3151 5675 latentem
3196 5621 3249 5674 in
3291 5635 3351 5675 se
3396 5619 3587 5674 habeat
3631 5615 3878 5669 utilitatem.

2344 5712 2522 5780 Quare
2546 5725 2675 5781 ergo
2703 5710 3041 5781 signiﬁcavit,
3067 5709 3227 5766 Cham
3267 5721 3437 5764 autent
3475 5719 3582 5763 erat
3622 5717 3751 5777 pater
3779 5696 3877 5753 ωιτν

2349 5802 2525 5858 naan.’
2553 5802 2729 5857 Voluit
2759 5817 2852 5872 per
2882 5801 2983 5856 hoc
3011 5801 3166 5857 nobis
3192 5802 3334 5858 illius
3361 5796 3799 5868 intCtttpt‘rautiam
3823 5787 3880 5839 in-
