4078 6442
136 473 244 530 $55

133 584 303 645 αὐτοῦ
343 587 442 661 τὴν
482 584 822 658 ὑπερϐολήνς
868 583 979 640 Kal
1013 583 1126 639 οὐκ
1181 582 1353 638 ἔσται
1397 582 1487 638 En
1530 582 1689 652 ὕδωρ
1720 581 1807 648 είς

133 676 592 747 κατακλυσμὸν,
617 673 774 728 ὥστε
793 671 1109 741 ἐξαλεῖψαι
1145 670 1353 726 πᾶσαν
1384 670 1604 741 σάρκα·
1632 669 1808 723 τοιοῦ-

132 781 228 829 τος
256 764 463 835 ὄμϐρος
494 762 677 816 οὐκέτι
712 760 887 815 ἔσται.
934 759 1155 831 Ἐπειδῂ
1181 753 1291 813 οἶδε
1323 758 1481 812 τοῦτο
1509 757 1809 812 δεδοικυῖαι

132 854 238 922 τὴν
265 851 614 923 ἀνθρωπίνην
651 848 833 919 φύσιν,
870 848 972 919 ὅρα
1016 846 1134 910 πῶς
1166 846 1407 916 συνεχῶς
1418 848 1671 923 λισιεῖται
1711 860 1812 914 την

135 914 455 1011 ὑπόσχεσιν,
486 914 766 1010 μονονουχὶ
789 914 985 1005 λέγων·
1019 934 1123 989 κᾶν
1153 914 1529 1005 ἴδητε-πολλὴν
1568 932 1678 986 τῶν
1706 931 1809 1003 δμ-

136 1028 289 1099 ϐρων
324 1027 425 1098 τὴν
467 1024 658 1097 φοράν,
695 1024 831 1094 μηδὲ
864 1021 1008 1077 οὕτω
1040 1021 1275 1092 χαλεπόν
1313 1039 1366 1075 τι
1407 1020 1807 1090 ὐποπτεύσητε.

131 1117 219 1171 οὐ
248 1115 362 1185 7&9
404 1114 577 1168 ἔσται
614 1113 683 1167 τὸ
717 1113 877 1181 ὕδωρ
907 1113 995 1178 εἷς
1033 1110 1483 1180 κατακλυσμόν,
1514 1108 1671 1163 ὥστε
1708 1107 1809 1173 ἐξ·

135 1203 386 1272 ἀλεῖψαι
433 1199 642 1257 πᾶσαν
679 1198 897 1267 σάρκα·
929 1196 1170 1261 τοιοῦτος
1197 1196 1401 1268 ὄμϐρος
1427 1196 1610 1250 οὐκέτι
1636 1195 1807 1258 ἔσται,

137 1289 398 1360 τοιαύτης
420 1288 845 1356 ἀγανακτήσεως
885 1284 1068 1337 οὐκέτι
1097 1283 1487 1358 πειραθήσεται
1514 1283 1547 1353 ἡ
1579 1282 1688 1336 τῶν
1713 1282 1809 1336 ἀν-

137 1377 378 1451 θρώπων
405 1375 585 1445 φύσις.
628 1373 736 1427 Καί
768 1373 963 1435 ἔσται,
990 1370 1145 1440 φησὶ,
1184 1369 1251 1424 τὸ
1287 1370 1469 1434 τόξον
1492 1386 1612 1438 μου
1641 1369 1711 1422 ἐν
1739 1367 1813 1438 τῇ

136 1463 392 1536 νεφέλῃ.
426 1462 523 1516 καὶ
565 1462 785 1529 ὄψομαι
827 1457 933 1512 τοῦ
960 1455 1304 1526 μνησθῆναι
1335 1456 1629 1524 διαθήκην
1677 1456 1808 1509 ald»-

138 1570 277 1608 νιον
333 1550 452 1605 ἀνὰ
491 1547 686 1617 μέσον
730 1545 837 1599 τοῦ
893 1544 1064 1607 Θεοῦ,
1101 1543 1200 1598 καί
1241 1542 1357 1598 ἀνὰ
1398 1542 1587 1611 μέσον
1610 1542 1815 1608 πάσης

137 1638 353 1708 ⁴ψυχῆς
378 1638 569 1703 ζώσης
592 1636 661 1688 ἐν
685 1632 853 1701 πάσῃ
882 1631 1085 1699 σαρκί.
1112 1629 1314 1683 Σκόπει
1356 1628 1466 1693 πῶς
1496 1627 1816 1700 βουλόμενος

137 1729 222 1786 είς
242 1728 443 1798 θάρσος
465 1724 558 1778 καὶ
586 1724 664 1785 εἰς
694 1718 1064 1791 πληροφορίαν
1091 1718 1320 1787 ἀγαγεῖν
1341 1715 1440 1788 τὴν
1469 1715 1816 1786 ἀνθρωπίνην

140 1817 329 1887 φύσιν,
351 1814 494 1882 πόσῃ
520 1808 866 1877 ταπεινότητι
890 1804 999 1859 τῶν
1021 1804 1194 1874 λόγων
1224 1804 1508 1875 κέχρηται.
1553 1802 1818 1887 Καί-ὅψο-

140 1885 265 1975 μαι,
296 1902 451 1972 φησὶ.
479 1897 572 1952 τοῦ
605 1897 910 1968 μνησθῆναι
930 1892 1196 1965 διαθήκης
1219 1908 1342 1963 μου.
1382 1890 1448 1944 Ἥ
1472 1889 1593 1960 ὄψις
1621 1885 1714 1943 οὖν
1736 1890 1815 1954 είς

143 1991 370 2061 μνήμην
399 1986 561 2041 αὐτὸν
608 1986 764 2053 άγει;
811 1983 924 2054 Οὐχ
959 1983 1047 2035 ἵνα
1073 1979 1231 2033 τοῦτο
1264 1978 1712 2048 ὐποπτεύσωμεν’
1741 1976 1817 2049 μὴ

138 2077 373 2146 γένοιτο·
410 2074 526 2127 ἀλλ’
551 2074 637 2126 ἵνα
658 2072 786 2124 ὅταν
816 2070 1017 2140 ἴδωμεν
1041 2068 1102 2122 τὸ
1132 2069 1356 2137 σημεῖον
1385 2065 1561 2131 τοῦτο,
1595 2066 1817 2137 θαρρεῖν

100 2232 107 2236 γ
141 2162 363 2233 ἔχωμεν
391 2162 456 2230 τῇ
483 2158 577 2211 τοῦ
598 2156 731 2209 Θεοῦ
764 2154 1090 2225 ἐπαγγελία,
1117 2153 1211 2206 καὶ
1243 2151 1317 2216 ὡς
1345 2153 1443 2223 οὐχ
1466 2146 1578 2205 οἷόν
1603 2168 1662 2203 τε
1695 2150 1815 2204 δια-

142 2250 333 2301 πεσεῖν
378 2246 477 2308 τάς
525 2244 617 2297 τοῦ
659 2242 793 2296 Θεοῦ
851 2240 1193 2311 ὑποσχέσεις.
1238 2238 1346 2293 Καὶ
1388 2236 1558 2292 εἶπεν
1586 2241 1621 2293 ό
1651 2237 1816 2304 Θεὸς,

144 2336 303 2405 φησὶ,
350 2331 431 2399 τῷ
469 2330 614 2387 Νῶε·
661 2330 841 2385 Τοῦτο
872 2328 934 2382 τὸ
974 2326 1227 2398 σημεῖον
1258 2325 1369 2395 τῆς
1401 2324 1713 2393 διαθήκης,
1744 2320 1821 2395 ἧς

139 2421 428 2491 διεθέμην
485 2419 601 2472 ἀνὰ
646 2416 844 2486 μέσον
889 2415 1057 2485 ἐμοῦ,
1094 2416 1192 2471 καί
1223 2415 1340 2468 ἀνὰ
1368 2412 1565 2483 μέσον
1614 2410 1821 2479 πάσης

139 2508 395 2577 σαρκὸς,
433 2506 470 2572 ἦ
506 2506 676 2559 ἐστιν
704 2504 803 2557 ἐπὶ
836 2501 946 2571 τῆς
987 2501 1120 2572 τῆς.
1158 2500 1410 2565 Ἐλαϐες,
1447 2499 1602 2571 φησὶ,
1632 2499 1693 2552 τὸ
1723 2517 1820 2571 ση-

144 2599 321 2668 μεῖον,
352 2596 488 2665 ὅπερ
511 2594 716 2647 δέδωκα
776 2591 978 2662 μεταξύ
1006 2590 1142 2661 ἐμοῦ
1165 2589 1260 2644 καὶ
1287 2590 1469 2660 πάσης
1502 2588 1702 2659 σαρκὸς
1722 2589 1822 2659 τῆς

140 2684 316 2753 οὔσης
344 2683 436 2735 ἐπὶ
460 2682 557 2751 τῆς
584 2681 706 2749 γῆς.
735 2679 947 2751 Μηκέτι
973 2678 1241 2748 ταράττον
1271 2676 1369 2747 τὴν
1393 2676 1653 2737 διάνοιαν,
1686 2674 1818 2745 μηδὲ

143 2769 383 2844 θορυϐοῦ
423 2770 514 2822 τὸν
548 2768 805 2837 λογισμὸν
842 2766 996 2839 [2⁸75]
1039 2764 1176 2819 ἀλλά
1229 2765 1368 2837 πρὸς
1408 2763 1565 2817 τοῦτο
1608 2763 1820 2832 βλέπων
1854 2804 1861 2812 .

143 2860 241 2913 καὶ
270 2858 431 2921 αὐτὸς
457 2858 545 2927 ἔχε
569 2855 809 2926 χρηστὰς
842 2853 941 2917 τάς
974 2853 1215 2917 ἐλπίδας,
1239 2852 1333 2905 καὶ
1354 2852 1403 2905 οί
1441 2850 1578 2921 μετὰ
1608 2851 1665 2903 σὲ
1696 2851 1818 2904 πάν-

142 2965 238 3012 τες
289 2947 392 3017 τῆς
428 2944 675 2997 ἐντεῦθεν
725 2941 1080 3013 παραμυθίας
1129 2939 1585 3001 ἀπολαυέτωσαν,
1634 2939 1729 2992 καὶ
1786 2940 1819 3009 ἡ

142 3033 272 3104 ὄψις
307 3032 403 3087 τοῦ
440 3030 668 3101 σημείου
697 3028 985 3100 παρεχέτω
1006 3027 1250 3099 θαρρεῖν,
1274 3027 1351 3090 ὼς
1376 3026 1559 3079 οὐκέτι
1583 3023 1822 3079 τοιοῦτον

145 3118 440 3176 κλυδώνιον
455 3119 556 3188 τὴν
577 3113 1316 3188 οἰκουμένηνοκαταλήψεται.
1348 3113 1469 3167 Κᾶν
1490 3114 1600 3183 γὰρ
1629 3111 1823 3166 ἐπιτεί-

143 3223 311 3279 νηται
344 3206 453 3259 τῶν
493 3204 796 3276 ἀνθρώπων
833 3203 902 3256 τά
946 3202 1341 3271 ἁμαρτήματα,
1376 3199 1492 3253 ἀλλ’
1522 3200 1633 3267 ἐγὼ
1678 3199 1823 3271 ἅπερ

144 3294 468 3364 ὑπεσχόμην
508 3292 683 3345 ταῦτα
715 3290 1008 3360 πληρώσω,
1046 3287 1141 3341 καὶ
1172 3288 1355 3341 οὐκέτι
1388 3287 1643 3355 τοιαύτην
1681 3282 1855 3341 κατάύ

145 3382 369 3436 πάντων
382 3379 752 3448 ἀγανάκτησιν
769 3378 894 3446 ποιή
903 3391 1084 3444 σομαι.
1114 3374 1295 3427 Εῖδετε
1304 3374 1643 3441 ἀγαθότητος
1654 3375 1756 3427 ὐπε
1764 3391 1823 3444 9-
1839 3422 1857 3429 ,

147 3469 347 3541 ϐολήν;
377 3467 547 3520 εἰδετε
577 3463 1035 3532 συγκαταϐάσεως
1066 3460 1334 3531 μέγεθος;
1372 3461 1539 3515 εἴδετε
1590 3462 1823 3532 κηδεμο-

147 3557 272 3621 νίας
300 3557 585 3621 ἐπίτασιν;
630 3552 795 3605 εἴδετε
844 3550 1154 3619 φιλοτιμίας
1194 3548 1558 3617 ἐπαγγελίανς
1608 3549 1682 3602 Οὐ
1714 3548 1824 3620 γὰρ

154 3645 320 3715 μέχρι
359 3642 454 3695 δύο
498 3641 592 3694 καὶ
628 3638 795 3711 τριῶν
841 3639 935 3690 καὶ
976 3636 1107 3690 δέκα
1135 3636 1339 3704 γενεῶν
1371 3635 1632 3701 ἐξέτεινεν
1659 3634 1822 3690 αὐτοῦ

150 3733 251 3804 τὴν
295 3729 635 3801 εὐεργεσίαν,
670 3726 805 3780 ἀλλά
835 3727 901 3796 τῇ
941 3724 1197 3777 συστάσει
1247 3722 1341 3777 τοῦ
1380 3723 1585 3795 κόσμου
1621 3723 1824 3796 ταύτην

150 3815 567 3888 παρεκταθῆναι
594 3813 882 3882 ὑπέσχετο,
912 3811 999 3863 ἵνα
1032 3809 1091 3874 ἐξ
1112 3810 1389 3881 ἑκατέρων
1414 3810 1811 3882 σωφρονιζὼμε-

149 3906 243 3972 θα,
287 3903 382 3956 καὶ
418 3901 477 3967 ἐξ
501 3894 575 3953 ὧν
606 3901 801 3951 ἐκεῖνοι
829 3897 916 3950 διὰ
946 3897 1006 3949 τὸ
1033 3896 1143 3949 τῶν
1158 3897 1586 3968 ἁμαρτημάτων
1622 3898 1825 3969 πλῆθος

146 3989 409 4059 τοιαύτην
443 3987 762 4050 ἐπεδέξαντο
782 3984 1073 4054 τιμωρίαν,
1110 3984 1204 4037 καὶ
1241 3982 1301 4048 ἐξ
1331 3977 1406 4037 ὧν
1432 3985 1592 4055 ἡμεῖς
1615 3985 1703 4039 διά
1725 3986 1825 4056 τὴν

148 4081 361 4148 ἄφατον
406 4072 572 4129 αὐτοῦ
622 4070 1030 4143 φιλανθρωπίαν
1059 4069 1313 4141 τοιαύτης
1340 4069 1651 4141 ἠξιώθημεν
1694 4072 1825 4125 ὑπο.

149 4167 414 4238 σχέσεως.
441 4163 582 4225 Τοὺς
606 4160 717 4232 γὰρ
745 4159 868 4212 νοῦν
894 4158 1115 4229 ἔχοντας
1144 4159 1237 4212 καὶ
1257 4160 1314 4212 αί
1343 4159 1653 4231 εὐεργεσίαι
1685 4161 1824 4231 μᾶλ-

148 4253 243 4307 λον
283 4252 318 4322 ἢ
366 4252 423 4305 αί
454 4248 716 4319 τιμωρίαι
749 4245 1065 4315 ἐφέλκονται
1113 4245 1249 4317 πρὸς
1291 4246 1391 4317 τὴν
1433 4245 1678 4317 ὑπακοὴν
1717 4246 1823 4302 τῶν

149 4338 567 4408 ἐπιταγμάτων.

220 4427 319 4498 Μὴ
345 4425 526 4478 τοίνυν
552 4422 867 4493 ἀγνώμονες
894 4419 1192 4491 γινώμεθα.
1218 4420 1282 4474 El
1307 4418 1416 4492 7&9
1442 4420 1536 4474 καὶ
1564 4419 1692 4493 πρὶν
1713 4420 1747 4491 ἦ
1770 4438 1822 4475 τι

145 4512 359 4583 ἀγαθὸν
386 4512 532 4582 ἡμᾶς
556 4507 943 4572 ἐπιδείξασθαι,
972 4507 1172 4578 μᾶλλον
1193 4505 1250 4560 δέ
1283 4505 1377 4560 καὶ
1400 4505 1674 4571 κολάσεως
1698 4506 1825 4572 ἀξια

149 4599 564 4673 ἐργασαμένους
594 4595 863 4666 τοσαύτης
889 4595 1089 4665 ἠξίωσε
1129 4594 1228 4661 τῆς
1267 4595 1611 4664 εὐεργεσίας,
1637 4595 1688 4647 εί
1734 4594 1825 4648 εὐ-

150 4692 434 4763 γνώμονες
476 4685 787 4757 γενώμεθα,
819 4684 915 4738 καὶ
945 4685 1045 4753 τήν
1067 4683 1159 4736 ἐπὶ
1194 4685 1306 4747 τοῖς
1342 4682 1704 4753 προλαϐοῦσιν
1732 4682 1825 4736 εὐ-

148 4780 443 4855 χαριστίαν
476 4772 897 4844 ἐπιδειξὼμεθα,
924 4774 1019 4826 καὶ
1063 4772 1264 4843 πολλὴν
1289 4771 1390 4843 τὴν
1412 4771 1505 4824 ἐπὶ
1528 4771 1590 4824 τὸ
1617 4770 1825 4842 βέλτιον

152 4866 467 4941 μεταϐολὴν
490 4858 864 4934 ποιησώμεθα,
890 4860 1063 4931 πόσης
1088 4861 1187 4913 οὐκ
1222 4858 1289 4913 ἀν
1314 4857 1645 4929 πάλιῑὴμά
1664 4857 1827 4925 damn.

151 4971 226 5028 σῃ
255 4953 363 5023 τῆς
397 4952 525 5023 παρ’
562 4948 727 5003 αὐτοῦ
763 4946 1112 5017 φιλοτιμίας;
1145 4947 1208 5001 Et
1242 4945 1351 5017 7&9
1382 4945 1632 5011 ἀναξίους
1667 4945 1828 5011 ὂντας

148 5042 457 5111 εὐεργετεῖ,
503 5037 596 5091 καὶ
636 5034 1027 5108 ἡμαρτηκότας
1077 5034 1602 5104 φιλανθρωπεύεται·
1646 5035 1696 5086 εί
1728 5034 1827 5104 τῆς

148 5128 358 5188 κακίας
376 5123 710 5186 ἀποστάντες
734 5121 832 5192 τὴν
859 5120 1059 5191 ἀρετὴν
1092 5118 1512 5190 μεταδιὼξομεν,
1534 5118 1692 5174 τίνων
1728 5121 1828 5174 οὐκ

148 5211 588 5282 ἐπιτευξόμεθα;
635 5209 734 5262 Διά
758 5208 868 5279 γάρ
898 5205 1054 5260 τοῦτο
1080 5204 1487 5276 προλαμϐάνων
1520 5205 1720 5270 πολλάς
1748 5208 1829 5271 είς

150 5304 309 5372 ἡμᾶς
353 5299 453 5362 τάς
504 5295 823 5368 εὐεργεσίας
875 5292 1248 5355 κατατίθεται,
1299 5292 1393 5345 καὶ
1435 5293 1829 5364 ἡμαρτηκότας

149 5389 324 5451 πάλιν
348 5386 490 5450 ἀξιοῖ
509 5382 860 5453 συγγνώμης,
895 5381 990 5434 καὶ
1028 5379 1128 5443 τάς
1163 5379 1438 5450 τιμωρίας
1479 5379 1634 5452 παρά
1660 5380 1829 5448 πόδας

144 5476 256 5529 οὐκ
314 5471 530 5539 ἐπάγει,
577 5470 665 5523 ἵνα
717 5467 808 5522 διά
855 5467 1072 5522 πάντων
1116 5468 1264 5538 ἡμᾶς
1313 5466 1703 5538 ἐφελκύσηται,
1733 5470 1829 5523 καὶ

143 5561 220 5615 δι’
265 5554 346 5613 ὧν
383 5555 681 5626 εὐεργετεῖ,
711 5554 807 5606 καὶ
848 5552 917 5606 δι’
952 5546 1028 5606 ῶν
1067 5552 1431 5624 μακροθυμεῖ.
1460 5553 1729 5619 Πολλάκις
1770 5555 1829 5608 δὲ

146 5648 250 5700 καὶ
275 5643 346 5697 δι’
370 5636 446 5695 ὧν
467 5641 645 5702 ἐνίους
670 5638 907 5703 κολάζει,
944 5638 1163 5709 ἐτέρους
1197 5639 1415 5707 ἐνάγειν
1439 5638 1708 5710 βούλεται,
1743 5641 1833 5695 ἵνα

146 5731 483 5803 τῷἐκείνων
513 5727 662 5797 φόϐῳ
683 5725 1140 5796 σωφρονισθέντες
1162 5724 1263 5794 τῆς
1288 5727 1558 5798 τιμωρίας
1580 5727 1681 5799 τὴν
1709 5730 1830 5782 πεῖ..

154 5835 265 5891 ραν
280 5816 636 5887 διαφύγωσιν.
666 5810 815 5876 Εἶδες
836 5813 1144 5883 εὐμήχανον
1172 5812 1337 5866 αὐτοῦ
1358 5811 1765 5884 φιλανθρωπίαν
1785 5826 1828 5882 ι,

153 5908 278 5971 πῶς
312 5905 489 5960 πάντα
512 5901 582 5954 τὰ
608 5899 740 5969 παρ’
772 5897 937 5953 αὐτοῦ
968 5898 1227 5970 γινόμενα
1274 5899 1343 5954 δι’
1379 5899 1439 5956 ἓν
1479 5901 1635 5956 τοῦτο
1667 5903 1827 5974 μόνον

212 6035 253 6093 ⁸,
270 6031 369 6082 Alii
407 6028 677 6092 εὐμήχανον
703 6023 787 6074 τοῦ
811 6022 937 6074 Θεοῦ
955 6014 1051 6090 φιλ.

1242 466 1308 525 IN
1343 465 1501 524 CAP.
1542 463 1611 521 IX
1649 460 1897 520 GENES.
1938 460 2171 519 IIOMIL.
2213 461 2448 518 XXVIII.

3472 466 3577 519 256

1908 577 2140 648 γίνεται,
2170 578 2259 633 διὰ
2287 578 2384 651 τὴν
2416 577 2687 651 σωτηρίαν
2722 577 2820 652 τὴν
2845 578 3152 650 ἡμετέραν;
3189 577 3375 634 Ταῦτα
3402 581 3582 638 τοίνυν

1909 667 2232 733 ἐννοοῦντες,
2288 667 2362 739 μὴ
2411 665 2781 738 ρᾳθυμῶμεν,
2840 666 2974 737 μηδέ
3018 665 3309 737 ἀμελῶμεν
3357 668 3580 740 ἀρετῆς,

1912 757 2046 828 μηδὲ
2070 758 2197 821 τοὺς
2240 757 2369 827 παρ’
2395 755 2560 809 αὐτοῦ
2589 754 2843 819 τεθέντας
2876 753 3075 825 νόμους
3120 753 3579 826 παρατρέχωμεν.

1920 844 2048 898 Ἐὰν
2067 843 2174 916 γὰρ
2203 845 2286 915 ἴδῃ
2315 841 2741 914 ἐπιστρέφοντας
2762 842 2930 912 ἡμᾶς,
2953 842 3044 893 καὶ
3067 838 3456 911 ἡσυχάζοντας,
3487 843 3583 898 καὶ

1908 931 2045 996 llo);
2074 933 2248 1004 ἀρχήν
2274 949 2394 985 τινα
2423 930 2794 1000 ποιουμένους,
2820 928 2913 982 καὶ
2942 929 3103 992 αὐτὸς
3131 928 3198 982 τά
3230 929 3360 1001 παρ’
3387 929 3584 985 ἑαυτοῦ

1912 1020 2275 1091 σ’σηεισφέρει.
2297 1019 2476 1088 κοῦφα
2508 1020 2599 1072 καὶ
2635 1018 2791 1089 ῥᾴδια
2823 1018 2953 1087 ἡμῖν
2986 1017 3204 1072 ἅπαντα
3235 1019 3582 1073 κατασκευά-

1912 1105 2042 1172 ζων,
2080 1106 2175 1161 καὶ
2206 1107 2307 1159 οὐκ
2333 1107 2513 1175 ἀφιεὶς
2544 1105 2663 1158 οὐδὲ
2691 1104 2942 1175 αἴσθησιν
2966 1103 3150 1157 λαϐεῖν
3185 1105 3293 1158 τῶν
3316 1105 3413 1175 τῆς
3451 1106 3584 1177 ἀρε-

1910 1195 2013 1266 τῆς
2042 1196 2236 1249 πόνων.
2274 1195 2443 1249 Ὅταν
2481 1194 2589 1264 γὰρ
2627 1192 2774 1263 ψυχὴ
2817 1193 2952 1263 πρὸς
2984 1192 3076 1245 τὸν
3120 1192 3254 1245 Θεὸν
3298 1192 3450 1266 τείνῃ
3484 1193 3585 1265 τήν

1911 1282 2169 1346 οιάνοιαν,
2200 1282 2299 1335 οὐκ
2334 1281 2414 1334 ἐτι
2452 1280 2641 1334 λοιπὸν
2679 1279 3023 1351 ἀπατηθῆναι
3066 1278 3289 1335 δύναται
3337 1280 3444 1334 ὐπὸ
3484 1281 3585 1353 τῆς

1912 1371 2090 1442 ὅψεως
2143 1371 2253 1425 τῶν
2319 1371 2612 1442 ὁρωμένων
2631 1411 2645 1435 ,
2701 1369 2838 1423 ἀλλά
2907 1368 3083 1422 πάντα
3140 1370 3584 1440 παρατρέχουσα,

1914 1459 2302 1531 ἀκριϐέστερον
2322 1458 2528 1511 τούτων
2561 1458 2670 1511 τῶν
2705 1458 2813 1528 πρὸ
2840 1456 2946 1509 τῶν
2971 1457 3265 1528 ὀφθαλμῶν
3290 1458 3448 1529 ἡμῶν
3472 1475 3585 1511 κει-

1919 1547 2094 1618 μένων
2118 1548 2300 1601 ἐκεῖνα
2329 1547 2654 1615 φαντάζεται
2692 1545 2760 1598 τά
2797 1545 2870 1615 μὴ
2905 1544 3215 1615 βλεπόμενα
3246 1548 3359 1610 τοῖς
3394 1562 3585 1615 σωμα-

1914 1636 2085 1697 τικοῖς
2116 1634 2432 1704 ὀφθαλμοῖς,
2466 1633 2561 1686 καὶ
2595 1631 2898 1702 μεταϐολὴν
2923 1631 3025 1685 οὐκ
3050 1633 3408 1702 ἐπιστάμενα,
3449 1630 3588 1686 ἀλλά

1914 1722 2177 1793 διηνεκῶς
2226 1722 2476 1793 μένοντα,
2521 1721 2615 1774 καὶ
2653 1721 2963 1790 πεπηγότα,
2998 1720 3092 1773 καὶ
3125 1719 3358 1787 ἀκίνητα
3383 1720 3589 1790 τυγχά-
3694 1722 3699 1727 ’

1915 1827 2094 1865 νοντα.
2124 1809 2367 1864 Τοιοῦτοι
2395 1809 2503 1881 γὰρ
2532 1810 2580 1861 οί
2609 1808 2708 1877 τῆς
2735 1808 2973 1881 διανοίας
3005 1806 3291 1879 ὀφθαλμοίο
3325 1809 3460 1879 πρὸς
3487 1809 3589 1879 τὴν

1918 1897 2141 1953 ἐκείνων
2170 1897 2299 1950 θέαν
2338 1895 2600 1966 διηνεκῶς
2630 1895 2895 1966 ἀφορῶσι,
2926 1896 3021 1949 καὶ
3053 1896 3175 1959 ταῖς
3202 1895 3412 1951 ἐκεῖθεν
3446 1914 3589 1970 μαρ-

1920 1986 2192 2057 μαρυγαῖς
2221 1982 2690 2052 καταυγαζόμενοι
2718 1982 2896 2035 πάντα
2926 1980 2996 2035 τά
3023 1981 3117 2035 τοῦ
3153 1984 3421 2054 παρόντος
3444 1984 3585 2054 βίου,

1918 2070 2067 2144 [274]
2089 2072 2164 2135 ὡς
2192 2070 2323 2142 ϐναρ
2350 2070 2444 2123 καὶ
2476 2069 2654 2135 σκιὰν,
2685 2069 3139 2140 παρατρέχουσιν,
3167 2070 3350 2123 οὐκέτι
3372 2073 3590 2143 ἀπάτην

1919 2159 2299 2230 ὑπομένοντες,
2324 2157 2442 2211 οὐδὲ
2473 2156 2934 2228 παραλογισθῆναι
2966 2156 3271 2227 δυνάμενον
3319 2159 3456 2213 ἀλλά
3485 2160 3589 2215 κᾶν

1918 2246 2144 2300 πλοῦτον
2170 2245 2374 2308 ἴδωσιν,
2405 2244 2609 2308 εὐθέως
2641 2242 3034 2311 καταγελῶσιν,
3057 2245 3255 2309 εἰδότες
3279 2246 3360 2299 ὅτι
3384 2246 3590 2318 δραπέο

1916 2349 2012 2385 του
2072 2331 2273 2395 παντὸς
2334 2329 2811 2400 ἀγνωμονέστερον
2868 2329 2976 2383 ἀπὺ
3024 2329 3212 2384 τούτου
3262 2334 3342 2396 είς
3382 2334 3590 2388 ἐκεῖνον

1923 2420 2227 2490 μεταπηδᾷ,
2263 2419 2356 2472 καὶ
2394 2418 2649 2472 οὐδέποτε
2676 2417 2911 2482 ἵσταται,
2939 2417 3074 2472 ἀλλά
3109 2419 3201 2472 καὶ
3238 2421 3409 2492 μυρία
3442 2421 3593 2477 κακά

1918 2509 2043 2570 τοὺς
2104 2506 2471 2577 κεκτημένους
2522 2504 2812 2575 διατίθησι,
2849 2506 2942 2559 καὶ
2998 2507 3078 2570 είς
3120 2506 3304 2571 αὐτὸν,
3369 2510 3446 2572 ῶς
3506 2510 3589 2564 εἰ-

1920 2598 2062 2659 πεῖν,
2094 2597 2195 2667 τῆς
2221 2594 2416 2658 κακίας
2449 2594 2538 2646 τὸν
2572 2593 2815 2665 κρημνὸν
2837 2593 3034 2658 αὐτοὺς
3064 2592 3212 2659 ὦσας
3239 2595 3590 2653 καταϐάλλει.

1920 2682 2041 2736 Κᾶν
2068 2681 2315 2752 σώματος
2340 2680 2641 2751 εὐμορφίαν
2675 2681 2994 2742 θεάσωνται,
3019 2679 3181 2733 πάλιν
3207 2681 3307 2734 οὐκ
3337 2682 3593 2756 ἐπιστρέ-

1921 2789 2132 2841 φονται.
2155 2770 2491 2839 λογιζόμενοι
2524 2768 2581 2821 τὸ
2619 2768 2899 2838 ἐπίκηρον,
2931 2768 2992 2821 τὸ
3028 2769 3463 2841 εὐμετάϐλητον,
3497 2771 3594 2826 καὶ

1920 2860 2000 2913 ὅτι
2022 2858 2216 2929 ἀθρόον
2236 2856 2391 2919 νόσος
2413 2854 2713 2908 ἐπελθοῦσα
2737 2856 2917 2908 πᾶσαν
2934 2854 3149 2925 ἐκείνην
3168 2854 3270 2925 τὴν
3287 2857 3595 2928 εὐμορφίαν

1922 2947 2173 3017 ἠφάνισε,
2207 2944 2300 2998 καὶ
2330 2944 2435 3013 πρὸ
2469 2943 2568 3012 τῆς
2599 2942 2754 2995 νόσου
2784 2941 2962 3012 γῆρας
2986 2941 3290 2996 καταλαϐὁν
3329 2944 3464 3015 ἀηδῆ
3494 2947 3591 3000 καὶ

1921 3034 2133 3106 ἀτερπῆ
2160 3034 2259 3102 τὴν
2292 3032 2396 3102 πρὸ
2420 3031 2607 3084 τούτου
2637 3028 2909 3101 εὐμορφον
2933 3028 3057 3098 ὄψιν
3081 3030 3474 3100 ἀπειργάσατο,
3496 3035 3593 3087 καὶ

1922 3121 2148 3184 θάνατος
2174 3121 2231 3174 δὲ
2266 3118 2510 3173 ἐπελθὼν
2546 3119 2765 3173 ἃπασαν
2790 3118 2891 3185 τὴν
2917 3116 3011 3170 τοῦ
3043 3116 3293 3188 σώματος
3321 3118 3471 3190 ὥραν
3509 3120 3589 3175 δι-

1922 3210 2161 3280 έφθειρε.
2195 3207 2308 3262 Κᾶν
2328 3207 2485 3272 δόξαν
2520 3206 2671 3260 ἴδωσί
2703 3222 2825 3259 τινα
2853 3204 3335 3277 περιϐεϐλημένον,
3362 3208 3468 3263 κᾶν
3498 3209 3593 3263 δυ-

1923 3296 2195 3357 ναστείαν,
2240 3294 2344 3348 κᾶν
2380 3295 2461 3357 είς
2493 3291 2662 3363 αὐτὴν
2703 3292 2811 3351 τῶν
2844 3292 3172 3363 ἀξιωμάτων
3203 3295 3302 3365 τήν
3345 3297 3594 3368 κορυφὴν

1922 3381 2306 3453 ἀνεληλυθότα,
2352 3381 2443 3434 καὶ
2503 3379 2684 3448 πάσης
2725 3379 3025 3450 εὐημερίας
3077 3379 3441 3444 ἀπολαύοντα,
3497 3385 3593 3437 καὶ

1920 3467 2108 3521 τοῦτον
2158 3467 2589 3538 παρατρέχουσιν
2645 3467 2722 3529 ὡς
2773 3465 2926 3520 οὐδὲν
2962 3465 3177 3535 βέϐαιον
3224 3467 3432 3538 ἔχοντα,
3469 3471 3595 3525 οὐδὲ

1923 3555 2198 3626 ἀκίνητον,
2218 3555 2333 3608 ἀλλ’
2350 3557 2434 3607 ἐπ’
2451 3553 2679 3616 ἐκείνοις
2701 3553 2843 3623 μέγα
2865 3552 3161 3623 φρονοῦντα
3178 3558 3290 3619 τοῖς
3311 3556 3594 3627 ποταμίων

1927 3642 2210 3713 ῥευμάτων
2234 3641 2432 3712 μᾶλλον
2458 3640 2876 3711 παρατρέχουσι.
2914 3640 2976 3692 Τί
3013 3639 3118 3710 γάρ
3143 3641 3241 3710 τῆς
3265 3639 3421 3714 δόξης
3448 3645 3591 3699 ama-

1926 3745 2026 3797 σης
2055 3726 2150 3782 τοῦ
2179 3727 2443 3799 παρόντος
2465 3726 2582 3797 βίου
2612 3726 3009 3797 εὐτελέστερον,
3039 3727 3169 3781 ὅταν
3201 3727 3280 3798 τῷ
3318 3729 3469 3784 ἄνθει
3496 3735 3592 3787 τοῦ

1924 3817 2118 3888 χόρτου
2145 3816 2592 3888 παραϐάλληται;
2618 3815 2790 3872 Πᾶσα
2810 3813 2920 3886 γὰρ
2942 3814 3092 3880 δόξα
3113 3816 3449 3886 ἀνθρώπου,
3485 3838 3594 3892 φη-

1926 3905 2032 3972 σὶν,
2050 3905 2131 3971 ὡς
2151 3904 2332 3970 ἄνθος
2359 3904 2594 3972 χόρτου.

1993 4019 2035 4074 δ’
2042 4061 2057 4077 .
2083 4019 2597 4090 Εῖδετε,ἀγαπητοὶ,
2613 4020 2730 4082 πῶς
2757 4019 2890 4088 μετά
2921 4019 3201 4089 ἀκριϐείας
3219 4020 3417 4094 ὁρῶσιν
3429 4025 3476 4076 οἱ
3494 4025 3594 4094 τῆς

1926 4105 2159 4169 πίστεως
2179 4105 2466 4176 ὀφθαλμοὶ,
2490 4106 2711 4159 ἐπειδὰν
2736 4107 2871 4178 πρὸς
2900 4107 2993 4162 τὸν
3022 4108 3155 4161 Θεὸν
3248 4110 3517 4180 τεταμένη
3558 4113 3592 4183 ή

1923 4193 2131 4248 διάνοια
2154 4209 2169 4259 ;
2199 4191 2367 4246 εἴδετε
2391 4191 2509 4256 πῶς
2539 4194 2629 4246 ὐπ’
2661 4193 2875 4258 οὐδενὸς
2895 4195 3004 4249 τῶν
3033 4195 3324 4267 ὁρωμένων
3349 4198 3593 4268 παραλο-

1923 4279 2176 4350 γισθῆναι
2228 4278 2500 4342 δύνανται,
2551 4280 2687 4332 ἀλλά
2734 4281 2832 4353 τὴν
2877 4281 3043 4354 ὀρθὴν
3089 4282 3198 4336 τῶν
3248 4286 3595 4354 πραγμάτων

1924 4367 2108 4438 ἔχουσι
2144 4366 2347 4439 κρίσιν,
2375 4367 2632 4438 οὐδεμίαν
2665 4369 2880 4440 ἀπάτην
2905 4369 3302 4441 ὐπομένοντες;
3351 4371 3513 4436 Ἀλλ’,
3544 4375 3595 4427 εί

1923 4453 2089 4519 δοκεῖ,
2120 4453 2283 4509 πάλιν
2303 4455 2397 4508 ἐπὶ
2422 4455 2521 4525 τὴν
2542 4452 2865 4509 ἀκολουθίαν
2888 4456 3273 4528 ἐπανέλθωμεν
3291 4457 3385 4511 τοῦ
3410 4458 3597 4528 λόγου.

1924 4541 2020 4595 καὶ
2045 4540 2201 4610 ὁλίγα
2234 4541 2563 4612 προσθέντες
2603 4541 3048 4615 καταπαύσωμεν
3087 4544 3187 4615 τὴν
3223 4544 3594 4614 διδασκαλίαν,

1925 4626 2067 4682 ὥστε
2115 4628 2211 4683 καὶ
2245 4627 2339 4700 τὴν
2376 4629 2599 4700 μνήμην
2639 4630 2749 4683 τῶν
2786 4631 3093 4702 εἰρημένων
3130 4632 3411 4704 ἐντεθῆναι
3442 4634 3597 4704 ὑμῶν

1924 4721 1991 4790 τῇ
2015 4719 2240 4791 διανοίᾳ.
2279 4719 2497 4790 Ἐπειδὴ
2520 4718 2631 4792 γάρ
2660 4719 2906 4775 ἐτέλεσεν
2937 4723 2971 4789 ή
2992 4720 3113 4774 θεία
3133 4722 3322 4793 Γραφή
3349 4722 3448 4791 τὴν
3466 4723 3596 4794 περὶ

1924 4806 2039 4861 τοῦ
2063 4805 2205 4860 θείου
2257 4806 2483 4877 σημείου
2527 4806 2800 4877 διήγησιν,
2865 4804 3112 4876 βούλεται
3164 4806 3327 4861 πάλιν
3386 4807 3596 4872 διδάξαι

1925 4894 2075 4965 ἡμᾶς
2119 4892 2188 4947 τά
2224 4893 2367 4947 κατά
2410 4892 2500 4946 τὸν
2544 4891 2751 4945 δίκαιον
2788 4891 2883 4946 καὶ
2916 4893 3044 4956 τοὺς
3074 4892 3264 4945 τούτου
3296 4895 3465 4960 υίούς,
3502 4895 3597 4950 καί

1928 4994 2111 5049 φησιν’
2133 4973 2331 5033 Ἦσαν
2372 4977 2442 5031 δὲ
2486 4981 2542 5032 οί
2575 4977 2693 5032 υἱοί
2731 4977 2838 5032 τοῦ
2885 4978 3014 5033 Νῶε
3051 4982 3105 5033 ot
3136 4979 3490 5046 ἐξελθόντες
3524 4980 3596 5036 ἐκ

1927 5064 2039 5133 τῆς
2075 5063 2343 5129 κιϐωτοῦ,
2381 5063 2532 5133 Σήμ,
2567 5064 2713 5132 Χὰμ,
2759 5062 2975 5133 Ἰαφθᾶ.
3015 5065 3145 5134 Χὰμ
3186 5065 3255 5118 δὲ
3282 5062 3360 5135 ἦν
3373 5065 3597 5135 πατὴρ

1927 5152 2034 5207 τοῦ
2058 5149 2319 5206 Xaradr.
2357 5149 2516 5218 Τρεῖς
2535 5146 2704 5205 οὗτοι
2728 5151 2886 5205 είσιν
2908 5151 3027 5205 υἱοὶ
3053 5151 3198 5205 Νῶε·
3223 5151 3342 5206 ἀπὸ
3370 5154 3595 5208 τούτων

1928 5236 2351 5306 διεσπάρησαν
2380 5236 2477 5290 ἐπὶ
2506 5235 2715 5290 πᾶσαν
2732 5234 2847 5303 τὴν
2870 5234 3007 5307 γῆν.
3042 5236 3223 5300 Ἄξιον
3252 5236 3488 5291 ἐνταύοα
3506 5236 3597 5308 ζη-

1928 5324 2112 5396 τῆσαι,
2134 5323 2280 5387 τίνος
2307 5321 2494 5375 ἕνεκεν
2531 5321 2638 5374 τῶν
2663 5322 2830 5392 τριῶν
2855 5319 2988 5375 υἱῶν
3012 5319 3108 5373 τοῦ
3140 5320 3261 5374 Νῶε
3299 5322 3598 5393 μνημονεύ-

1931 5427 2074 5465 σασα
2107 5411 2142 5480 ἡ
2188 5408 2308 5463 θεία
2339 5407 2530 5479 Γραφὴ
2572 5407 2843 5479 ἐπήγαγε,
2875 5406 3004 5476 Χάμ
3053 5404 3121 5458 δὲ
3152 5402 3232 5477 ἦν
3258 5407 3456 5476 πατὴρ
3488 5409 3597 5466 τοῦ

1929 5495 2193 5552 Χαναάν.
2224 5495 2317 5565 Μὴ
2348 5493 2628 5565 νομίσητε,
2658 5491 2979 5566 παρακαλῶ,
3014 5492 3198 5558 άπλῶς
3233 5493 3391 5548 τοῦτο
3429 5513 3598 5569 προσ-

1930 5584 2207 5659 ερῤῖφθαιο
2233 5583 2387 5637 οὐδὲν
2418 5582 2528 5653 γάρ
2562 5583 2677 5636 ἐστι
2718 5582 2825 5636 τῶν
2847 5583 2907 5635 ἐν
2934 5584 3000 5653 τῇ
3031 5581 3148 5653 θεία
3179 5583 3370 5656 Γραφῇ
3410 5587 3600 5658 κειμέ-

1930 5690 2056 5735 νων,
2097 5671 2127 5727 δ
2172 5671 2248 5744 μὴ
2282 5669 2422 5741 μετά
2454 5686 2599 5733 τινος
2627 5670 2842 5742 εἴρηται
2871 5668 3057 5738 λόγου,
3098 5669 3298 5741 πολλὴν
3326 5672 3425 5744 τὴν
3453 5672 3600 5743 ὼφέ-

1929 5760 2078 5814 λειαν
2110 5758 2566 5829 ἐγκεκρυμμένην
2603 5755 2835 5827 ἔχοντος.
2862 5755 3020 5819 Τίνος
3053 5751 3148 5810 οῦν
3180 5757 3365 5814 ἕνεκεν
3400 5761 3600 5831 ἐπεση-

1934 5848 2143 5919 μήνατο
2192 5844 2286 5897 καὶ
2335 5842 2696 5913 προσέθηκεν,
2744 5842 2826 5893 ὅτι
2889 5841 3019 5911 Χὰμ
3047 5840 3116 5896 δὲ
3142 5838 3223 5913 ἦν
3266 5843 3463 5915 πατὴρ
3491 5847 3599 5901 τοῦ

1934 5930 2208 5995 Χαναάν;
2254 5928 2511 5981 Βούλεται
2565 5926 2653 5980 διὰ
2697 5927 2886 5980 τούτου
2946 5928 3252 5995 αίνίξασθαι
3311 5930 3447 6001 ἡμῖν
3498 5931 3597 6000 τῆς

1936 6019 2203 6091 ἀκρασίας
2238 6014 2403 6071 αὐτοῦ
2425 6015 2520 6088 τὴν
2553 6014 2881 6087 ὑπερϐολὴν,
2914 6016 3006 6071 καὶ
3035 6018 3116 6072 ὅτι
3155 6016 3275 6072 οὐδέ
3312 6013 3409 6087 τῆς
3453 6032 3594 6079 συμ-
