4078 6430
399 437 503 494 9.57

401 558 621 616 gentem
649 545 1010 613 subiudicare,
1056 560 1120 602 ac
1164 560 1335 617 neque
1364 546 1682 603 ealaniitatis
1725 546 1991 614 magnitu-

397 641 581 696 dinem
611 640 757 694 illum
783 656 1034 696 coercere
1059 640 1316 711 potuisse,
1347 657 1520 712 neque
1550 650 1748 696 tantam
1777 640 1830 696 in
1860 657 1985 698 arca

398 732 701 802 angustiam
731 731 1102 788 irret‘renatam
1133 732 1276 787 illius
1316 732 1805 801 concupiscentiam
1846 732 1993 787 seda-

398 827 582 881 visae:
616 824 711 879 sed
735 826 979 894 quamvis
1009 823 1175 879 frater
1215 824 1332 893 ejus
1374 823 1544 894 major
1582 823 1816 879 nondum
1859 824 1992 879 lilios

396 914 810 983 procreavisset,
851 914 991 967 hunc
1034 915 1432 970 incontinentire
1461 914 1721 978 deditum,
1767 914 1818 968 in
1853 924 1990 969 tem-

398 1020 530 1073 pore
565 1014 726 1060 tanta:
764 1006 1163 1076 indignationis,
1209 1015 1262 1060 et
1286 1007 1554 1076 generalis
1590 1007 1852 1070 interitus,
1884 1022 1990 1075 quo

395 1095 544 1150 orbis
572 1096 995 1165 comprehensus
1022 1105 1126 1162 est,
1155 1097 1233 1151 rei
1264 1112 1506 1151 venerere
1531 1097 1767 1151 deditum
1802 1097 1985 1163 fuisse,

394 1195 451 1239 et
491 1186 792 1255 cupiditatis
836 1186 1298 1256 intemperantiam
1340 1202 1447 1243 non
1493 1186 1865 1252 refrenavisse,
1893 1187 1987 1241 sed

391 1273 504 1343 jam
553 1277 728 1329 statim
773 1277 841 1329 ab
887 1277 1034 1331 initio
1079 1277 1244 1332 animi
1287 1277 1368 1333 sui
1415 1279 1724 1346 pravitatem
1768 1279 1989 1332 demon-

394 1376 612 1419 strasse.
650 1364 826 1434 Itaque
853 1382 972 1418 cum
1006 1382 1107 1419 non
1132 1367 1300 1420 multo
1327 1377 1445 1435 post
1474 1381 1687 1436 propter
1715 1378 1991 1423 contume-

394 1454 520 1508 liam
570 1455 621 1508 iu
665 1466 964 1524 parentem,
1000 1456 1426 1511 maledictionem
1472 1466 1816 1525 suscepturus
1845 1467 1987 1511 esset

392 1545 514 1613 ejus
545 1546 680 1599 lilius
708 1544 955 1600 Chanaan
1003 1565 1017 1602 :
1062 1547 1182 1601 ideo
1225 1547 1494 1617 Scriptura
1525 1548 1702 1602 divina
1750 1550 1798 1601 id
1843 1550 1988 1616 prius

391 1635 700 1705 assignavit,
737 1638 937 1706 liliique
968 1652 1161 1693 nomen
1201 1637 1511 1704 declaravit,
1542 1654 1606 1693 ae
1633 1638 1788 1695 simul
1821 1640 1986 1709 patris

394 1728 857 1797 intemperantiam
892 1746 905 1781 :
942 1740 997 1784 ut
1026 1744 1146 1784 cum
1179 1740 1367 1799 postea
1397 1730 1591 1784 videris
1619 1731 1766 1784 illum
1796 1746 1990 1799 magna

388 1817 589 1888 ingrati
618 1836 738 1889 erga
770 1832 975 1889 patrem
1019 1822 1181 1876 animi
1220 1822 1369 1892 signa
1412 1822 1561 1885 dare,
1608 1824 1748 1878 scire
1789 1824 1982 1891 possis,

392 1911 568 1978 ipsum
594 1911 701 1979 jam
731 1912 856 1966 olim
905 1913 1062 1967 talem
1105 1914 1284 1978 fuisse,
1336 1922 1517 1981 utpote
1561 1930 1732 1983 neque
1769 1930 1798 1968 a
1841 1924 1983 1971 tanta

389 2002 697 2056 calamitate
742 2004 1103 2057 emendatum.
1150 2005 1407 2059 Sufticere
1455 2007 1597 2063 enim
1648 2005 1877 2059 debebat
1916 2005 1983 2060 ad

388 2094 834 2164 exstinguendam
893 2095 1162 2150 libidinem
1223 2106 1400 2150 tantus
1457 2112 1690 2160 tiimror;
1748 2098 1984 2165 nihilque

389 2186 663 2241 ﬂammam
687 2197 742 2243 et
770 2188 1027 2243 insaniam
1060 2189 1198 2242 hanc
1229 2190 1296 2243 ita
1323 2189 1678 2258 comprimere
1707 2198 1899 2257 potest,
1926 2200 1981 2244 ut

391 2278 622 2332 tristitia:
655 2280 1008 2345 vehementia,
1041 2290 1095 2333 et
1117 2280 1433 2335 calamitatis
1461 2280 1787 2348 magnitudo.
1823 2280 1986 2349 Igitur

390 2373 488 2439 qui
533 2372 583 2425 iu
616 2382 758 2426 tanta
801 2374 1058 2426 malorum
1090 2373 1138 2424 vi
1170 2382 1329 2427 tanta:
1369 2372 1534 2428 rabiei
1572 2381 1627 2427 et
1673 2373 1891 2427 insaniae
1933 2374 1983 2427 in

387 2464 740 2533 procreandis
769 2465 951 2519 liberis
978 2465 1093 2530 fuit,
1122 2480 1224 2535 qua
1266 2466 1419 2519 venia
1459 2464 1650 2535 dignus
1683 2464 1878 2520 fuerit?

434 2618 441 2631 ι
468 2555 569 2608 Cur
595 2564 739 2625 patre
779 2557 947 2611 Cham
992 2566 1229 2625 peccante
1260 2556 1397 2624 ﬁlius
1425 2556 1677 2612 Chanaan
1723 2559 1987 2613 ntaledici-

385 2651 668 2703 tun—At
713 2649 799 2703 hic
844 2632 997 2705 nobis
1040 2650 1140 2703 alia
1188 2650 1409 2718 quaestio
1459 2651 1715 2715 nascitur,
1760 2652 1987 2706 celebris

391 2741 506 2806 illa,
533 2751 724 2809 etquae
768 2742 958 2811 ubique
991 2740 1365 2796 circumfertur
1401 2757 1415 2793 :
1459 2741 1636 2808 Quare
1680 2753 1831 2811 patro
1862 2758 1987 2811 pec-

384 2842 569 2896 cante,
603 2832 742 2885 filius
766 2832 1107 2886 maledictum
1135 2832 1363 2901 accipit?
1391 2831 1497 2887 Sed
1528 2846 1596 2886 ne
1622 2831 1836 2901 longum
1864 2846 1984 2887 ser-

387 2943 611 2982 nionem
642 2944 783 2981 nunc
809 2928 1090 2992 faciamus,
1124 2928 1176 2981 in
1206 2926 1351 2982 aliud
1393 2936 1602 2997 tempus
1643 2927 1785 2983 illam
1825 2943 1986 2998 repo-

388 3031 606 3083 nemus,
642 3027 697 3071 ut
724 3032 845 3072 eum
871 3015 937 3071 ad
965 3032 1090 3074 eum
1115 3017 1291 3073 locum
1320 3018 1742 3088 pervenerimus,
1775 3027 1901 3074 tunc
1932 3028 1986 3074 et

386 3108 713 3163 solutionem
757 3109 1062 3174 all'eramus,
1115 3125 1274 3180 quam
1319 3110 1457 3165 Deus
1495 3110 1797 3165 donaverit.
1844 3112 1982 3168 Nihil

387 3200 538 3254 enim
568 3201 619 3254 in
645 3216 793 3257 sacra
842 3200 1141 3271 Scriptura,
1187 3202 1327 3257 sicut
1374 3202 1506 3269 dixi,
1557 3202 1796 3259 invenire
1844 3203 1980 3270 licet,

387 3290 537 3359 quod
566 3290 769 3359 absque
812 3292 1018 3346 ratione
1044 3292 1220 3362 aliqua
1260 3291 1329 3347 sit
1354 3293 1632 3361 scriptum.
1674 3293 1786 3349 Hoc
1830 3295 1988 3364 igitur

390 3382 606 3435 interim
638 3383 972 3450 exploratum
999 3391 1101 3451 est,
1127 3397 1320 3439 nomen
1350 3384 1440 3438 lilii
1465 3400 1568 3437 non
1595 3385 1796 3455 absque
1822 3401 1981 3440 causa

389 3472 560 3527 fuisse
586 3488 616 3526 a
644 3472 786 3527 Mose
813 3484 1311 3539 commemoratum,
1342 3488 1461 3529 cum
1491 3473 1626 3528 dixit
1655 3492 1667 3526 :
1701 3474 1859 3528 Citam
1889 3492 1985 3528 au-

388 3574 494 3616 tem
519 3573 625 3616 erat
655 3575 795 3631 pater
824 3563 1091 3618 Chanaan.
1121 3562 1267 3627 Tres,
1293 3564 1481 3634 inquit,
1507 3576 1624 3620 sunt
1649 3565 1703 3618 lii
1729 3566 1825 3633 ﬁlii
1848 3564 1985 3630 Noe,

387 3666 445 3709 ct
470 3655 532 3708 ab
561 3657 622 3710 iis
647 3657 862 3725 dispersi
890 3665 1007 3710 sunt
1035 3673 1187 3727 super
1219 3673 1414 3711 onmem
1442 3667 1646 3711 terram.
1678 3657 1862 3728 Neque
1887 3658 1986 3713 hoc

387 3747 595 3802 dictum
620 3749 793 3803 obiter
820 3758 1221 3817 prmtereamns,
1251 3748 1450 3815 dilecti,
1480 3748 1571 3803 sed
1600 3749 1891 3818 cogitemus
1920 3764 1984 3804 ex

392 3840 490 3893 illo
539 3839 654 3907 ipso
708 3840 921 3893 virtutis
971 3839 1061 3893 Dei
1110 3840 1549 3908 magnitudinem.
1607 3838 1747 3906 Tres,
1798 3840 1983 3911 inquit,

386 3942 538 3987 erant
567 3932 618 3984 lii
646 3932 740 4000 ﬁlii
776 3931 906 3997 Noe,
939 3941 986 3985 et
1017 3948 1080 3986 ex
1104 3932 1206 3985 illis
1233 3932 1447 4001 dispersi
1471 3942 1584 3985 sunt
1611 3949 1763 4001 super
1791 3948 1987 3985 onmem

388 4035 606 4078 terram.
633 4024 911 4092 Quomodo
942 4039 1008 4078 ex
1052 4024 1220 4078 tribus
1261 4031 1401 4077 tanta
1453 4023 1735 4078 multitudo
1775 4039 1985 4078 succre-

388 4117 505 4170 vit?
535 4115 802 4187 quomodo
831 4123 1116 4185 potuerunt
1142 4113 1429 4170 sufflccre.?
1457 4113 1725 4182 quomodo
1754 4129 1819 4168 ex
1854 4100 2007 4182 pan-3

385 4212 476 4266 cis
505 4211 608 4266 illis
649 4219 791 4264 totus
833 4209 1062 4264 mundus
1094 4209 1452 4265 constitutus?
1490 4207 1760 4278 quomodo
1799 4222 1983 4261 eorum

388 4310 805 4373 permanserunt
833 4302 1101 4370 corpora?
1144 4300 1258 4354 Non
1300 4299 1537 4355 medicus
1575 4308 1707 4364 erat,
1751 4300 1841 4368 qui
1868 4314 1986 4354 me-

385 4396 623 4449 dicinam
666 4394 964 4460 adhiberet,
1015 4408 1186 4463 neque
1228 4392 1326 4446 alia
1365 4406 1514 4446 cura.
1558 4389 1802 4444 Nondum
1843 4392 1984 4444 enim

385 4497 550 4544 erant
576 4490 817 4543 civitates
854 4486 1104 4552 conditur,
1147 4484 1241 4539 sed
1287 4492 1406 4553 post
1446 4491 1644 4538 tantam
1693 4482 1983 4548 miseriam,

385 4590 451 4637 et
477 4581 631 4633 vitam
664 4580 807 4633 illam
840 4579 888 4632 in
920 4592 1062 4643 arca,
1095 4585 1148 4631 et
1173 4592 1278 4647 qua
1302 4576 1551 4630 macerati
1578 4584 1631 4629 et
1659 4574 1886 4628 conlecti
1916 4574 1987 4628 ob

383 4672 846 4742 compressionem
874 4670 1146 4734 exierunt.
1177 4680 1229 4723 et
1262 4669 1315 4722 in
1346 4675 1488 4723 tanta
1528 4666 1814 4721 solitudine
1839 4666 1984 4720 exsi—

384 4772 616 4829 stentes,
660 4771 715 4817 et
740 4759 994 4816 ineffabili
1024 4761 1287 4823 vastitate,
1318 4757 1588 4828 quomodo
1633 4773 1738 4811 non
1780 4756 1983 4810 euocati

386 4854 555 4909 sunt?
576 4852 844 4923 quomodo
874 4868 979 4908 non
1009 4851 1314 4920 perierunt?
1335 4849 1607 4905 Timorem
1631 4848 1775 4904 enim
1802 4856 1855 4902 et
1876 4863 1988 4903 nie-

388 4957 530 5009 tum,
560 4944 664 5010 die,
692 4960 809 5009 oro,
836 4958 940 4999 non
965 4952 1117 5012 putas
1137 4941 1492 4997 commovisse
1518 4955 1701 4995 eorum
1725 4948 1978 5002 mentem,

371 5044 453 5100 et
480 5036 814 5091 concussisse
839 5034 1112 5087 animum?
1139 5031 1216 5088 Ne
1240 5030 1544 5094 admireris,
1575 5029 1770 5085 dilecte
1801 5047 1814 5081 :
1848 5029 1986 5084 Deus

388 5129 540 5184 enim
565 5138 678 5182 erat
706 5127 795 5198 qui
825 5126 1003 5181 omnia
1035 5125 1284 5190 faciebat,
1315 5133 1371 5178 et
1400 5123 1539 5178 Deus
1566 5132 1768 5176 natura:
1806 5121 1981 5192 Opitex

387 5230 513 5275 erat
537 5221 622 5290 qui
649 5222 825 5274 omnia
855 5218 1228 5288 impedimenta
1259 5215 1533 5272 auferebat
1575 5214 1826 5271 mandato
1864 5231 1982 5280 suo,

388 5327 505 5380 quo
529 5311 682 5376 dixit,
728 5311 947 5366 Crescite
987 5318 1037 5362 et
1082 5306 1511 5376 multiplicamini,
1556 5316 1601 5360 et
1648 5306 1849 5375 implete
1888 5314 1986 5358 ter-

384 5422 507 5460 ram
534 5404 684 5476 (Gen.
716 5406 767 5458 1.
795 5402 915 5473 28).
947 5402 1057 5456 Hoc
1080 5402 1221 5454 enim
1253 5401 1637 5454 incrementum
1665 5396 1828 5453 dedit.
1853 5397 1982 5463 Quia

384 5507 449 5552 et
489 5486 879 5551 Israelitze'cum
908 5496 957 5548 in
992 5494 1224 5564 [Egyplo
1265 5494 1315 5546 in
1359 5493 1469 5547 luto
1517 5501 1572 5546 et
1615 5491 1782 5546 latere
1810 5489 1978 5544 conli-

379 5584 591 5642 ciendo
613 5589 821 5643 onerati
850 5599 1054 5651 essent,
1101 5588 1150 5638 in
1199 5593 1347 5639 tanto
1390 5583 1644 5652 majorem
1690 5580 1985 5636 multitudi-

391 5696 521 5733 nem
552 5679 950 5743 excrescebant,
978 5692 1082 5745 quo
1120 5677 1287 5745 magis
1323 5674 1758 5743 opprimebantur
1790 5673 1980 5743 (Exod.

392 5771 451 5824 1.
479 5778 529 5820 et
567 5769 743 5837 seqq.)
772 5785 786 5821 :
813 5778 866 5822 et
895 5783 1068 5837 neque
1099 5767 1480 5822 inimisericors
1517 5777 1572 5819 et
1598 5766 1813 5819 crudele
1844 5781 1984 5833 pra:-

374 5865 603 5926 u-ptttm
665 5856 988 5922 l‘hanaonis,
1031 5875 1136 5928 quo
1175 5857 1580 5928 praecipiebatur
1624 5856 1883 5911 masCtdos
1932 5858 1980 5909 in

1414 436 1481 490 ΙΝ
1523 434 1674 490 CAP.
1719 433 1806 489 IX.
1850 430 2093 491 GENES.
2137 434 2362 491 ηωιει.
2405 432 2642 495 XXVI“.

3587 451 3688 507 2‘53

2103 547 2316 601 ﬂumina
2350 550 2569 619 projici;
2605 568 2774 622 neque
2807 558 3013 609 vexatio
3046 559 3154 625 illa,
3200 578 3358 629 quam
3404 578 3434 617 a
3494 574 3685 632 praele-

2097 642 2197 695 ctis
2225 656 2505 710 operarum
2535 647 2889 714 patiebantur,
2924 652 3090 705 valuit
3120 654 3433 715 inaminuere
3475 658 3688 713 illorum

2098 734 2512 804 multitudinem,
2542 738 2632 792 sed
2662 741 2828 809 magis
2856 743 3125 812 magisque
3170 761 3392 802 numero
3416 752 3686 819 angeban-

2098 833 2201 878 tur.
2257 825 2383 879 Erat
2416 827 2556 880 enim
2603 829 2777 883 divina
2833 831 3178 910 dispensatio,
3232 853 3349 906 qua:
3395 840 3570 894 omnia
3619 856 3683 894 ex

2095 913 2334 969 adversis
2355 930 2512 984 opera
2523 918 2690 971 batur.

2164 1004 2217 1058 5.
2280 1006 2372 1059 Dei
2424 1020 2672 1077 prazrepto
2692 1022 2872 1064 cuncta
2922 1015 3177 1069 obediimt.
3243 1018 3342 1069 Per
3379 1020 3689 1075 adrersario:

2094 1097 2236 1165 egit-it
2271 1096 2411 1152 Deus
2440 1110 2492 1152 ut
2521 1102 2648 1168 ﬁdes
2678 1116 2883 1156 crescat.
2912 1135 2984 1144 —
3006 1106 3225 1172 Quando
3254 1109 3408 1178 igitur
3437 1111 3691 1165 Dominus

2094 1190 2355 1257 pnecipit,
2385 1206 2452 1244 ne
2480 1207 2691 1260 quzer..s
2718 1202 2772 1247 nt
2803 1194 3034 1249 humano
3057 1213 3206 1253 more
3225 1216 3384 1267 Opera
3412 1203 3692 1271 perﬁcian-

2100 1285 2201 1329 tur.
2238 1277 2511 1332 Potentior
2541 1282 2680 1334 enim
2711 1297 2868 1351 quam
2901 1295 3086 1338 natura
3110 1326 3123 1348 ,
3179 1303 3284 1341 non
3328 1297 3450 1357 eget
3486 1298 3690 1344 natura:

2102 1368 2242 1423 serie
2267 1384 2331 1424 ac
2356 1372 2668 1436 ministerio,
2701 1374 2791 1427 sed
2822 1384 2873 1428 ct
2901 1392 2995 1445 per
3021 1392 3083 1431 ea
3110 1396 3227 1447 qute
3258 1381 3488 1449 alioquin
3523 1385 3691 1449 irnpcu-

2092 1459 2277 1525 diunt,
2308 1477 2394 1515 res
2419 1464 2663 1534 adauget.
2721 1466 2796 1519 Eo
2846 1468 3005 1520 modo
3034 1481 3083 1521 et
3114 1485 3251 1523 nunc
3283 1487 3377 1539 per
3407 1482 3513 1526 ωσι-ε
3566 1474 3684 1527 illos

2097 1559 2265 1605 totum
2306 1554 2488 1607 orbem
2522 1556 2762 1624 implevit
2833 1559 2873 1609 A
2905 1560 3061 1612 tribus
3102 1561 3244 1615 enim
3292 1562 3414 1626 illis,
3472 1564 3675 1628 inquit,

2092 1643 2305 1710 dispersi
2333 1654 2450 1698 sunt
2475 1646 2527 1698 in
2557 1662 2838 1701 untversam
2867 1659 3070 1702 terram.
3133 1651 3314 1705 Vidisti
3360 1653 3455 1709 Dei
3486 1664 3672 1722 pilen-

2095 1734 2270 1787 tiam?
2322 1735 2497 1791 vidiSti
2542 1739 2809 1807 quomodo
2832 1781 2846 1805 ,
2895 1740 2994 1795 etsi
3044 1744 3149 1796 sint
3178 1744 3339 1797 nmlta
3371 1745 3679 1810 obstacula,

2094 1826 2225 1879 nihil
2257 1837 2431 1881 tmneu
2462 1830 2600 1883 illius
2631 1843 2868 1885 moratur
2892 1832 3252 1888 voluntatem?
3296 1836 3522 1905 ldipsum
3549 1850 3605 1893 et
3632 1842 3681 1891 tn

2095 1916 2202 1969 line
2227 1917 2401 1970 licebit
2449 1920 2645 1975 videre.
2677 1920 2810 1975 Cum
2842 1923 2981 1976 enim
3011 1923 3141 1977 tales
3177 1937 3358 1979 essem
3398 1929 3482 1995 qui
3510 1945 3594 1996 οιη
3618 1945 3681 1984 ιι-

2088 2018 2309 2075 guarent
2335 2050 2347 2073 ,
2381 2018 2456 2063 tot
2494 2012 2583 2080 qui
2633 2012 3042 2079 iusidiarentur,
3078 2027 3127 2069 et
3161 2032 3330 2083 reges,
3365 2034 3412 2072 et
3449 2024 3677 2089 tyranni,

2088 2105 2142 2148 ct
2166 2099 2340 2165 populi
2382 2100 2734 2169 insurgentes,
2778 2113 2831 2156 et
2871 2104 3047 2157 omnia
3099 2105 3351 2160 iacentes
3382 2118 3437 2160 ut
3474 2113 3675 2164 exstiti

2091 2196 2315 2253 guercnt
2344 2188 2627 2242 scintillam
2661 2192 2802 2258 lidci,
2832 2209 2925 2261 per
2955 2194 3311 2256 insidiatores,
3340 2214 3432 2265 per
3477 2213 3506 2252 e
3530 2218 3567 2249 is
3592 2202 3678 2268 qui

2093 2287 2273 2331 vetare
2329 2279 2609 2343 volebant,
2666 2291 2808 2335 tanta
2864 2284 3073 2353 pietatis
3115 2289 3565 2357 Ilatnttmerupit‘.
3623 2304 3675 2343 ut

2091 2378 2260 2423 totum
2316 2372 2501 2424 orbein
2561 2372 2852 2428 habitatum
2892 2384 2947 2429 et
2986 2377 3336 2432 inhabitatum
3410 2382 3678 2436 invaserit.

2090 2461 2311 2516 Etiamsi
2339 2464 2404 2517 ad
2440 2466 2596 2519 lmlos
2625 2467 2852 2537 abieris,
2899 2478 2950 2522 et
2979 2470 3043 2521 ad
3076 2470 3336 2541 Scythas,
3369 2482 3422 2527 et
3446 2473 3511 2528 ad
3550 2474 3681 2529 line.

2088 2554 2231 2607 orbis
2264 2566 2436 2619 terrm,
2486 2557 2690 2610 etiamsi
2730 2557 2797 2611 ad
2834 2559 3004 2626 ipsum
3047 2561 3335 2627 Oceanum,
3389 2564 3681 2634 uliiquei.i-

2089 2646 2270 2700 venies
2318 2647 2510 2700 Christi
2556 2648 2852 2703 doctrinam
2895 2650 3246 2708 illustrantem
3294 2657 3529 2710 omnium
3561 2661 3675 2711 ani-

2091 2753 2228 2791 mos.
2270 2738 2420 2805 Quod
2466 2740 2607 2794 enim
2638 2741 2949 2798 admirabile
2974 2755 3028 2798 et
3055 2755 3270 2813 stupore
3297 2748 3544 2817 plenum,
3576 2755 3677 2818 p':e

2090 2828 2362 2898 religionis
2386 2828 2627 2884 doctrina
2658 2831 2798 2900 ipsas
2828 2833 3081 2889 barbaras
3123 2838 3364 2891 nationes
3395 2842 3674 2905 convertit,

2090 2919 2162 2973 ita
2211 2928 2273 2974 ut
2323 2919 2682 2991 philosophari
2735 2922 3055 2990 didicerint,
3104 2936 3158 2980 et
3202 2928 3408 2998 abjecta
3461 2932 3679 2999 pristina

2090 3012 2475 3066 consuetudine
2494 3013 2559 3066 ad
2587 3014 2837 3082 pietatem
2870 3018 3137 3070 translatae
3164 3019 3289 3073 sint.
3322 3019 3388 3073 Et
3415 3021 3551 3075 sicut
3585 3038 3683 3092 per

2092 3115 2200 3160 tres
2228 3110 2345 3164 illos
2372 3110 2643 3164 hominum
2663 3123 2829 3178 genus
2853 3108 3222 3179 multiplicavit
3261 3113 3492 3167 universi
3531 3114 3673 3170 Con~

2088 3197 2229 3254 ditor
2273 3217 2287 3255 :
2338 3201 2406 3254 ita
2434 3215 2643 3271 quoque
2672 3208 2726 3254 et
2770 3200 2820 3252 in
2854 3198 2954 3254 lide
2981 3215 3072 3269 per
3098 3202 3344 3256 undecim
3378 3203 3667 3272 piscatores

2093 3290 2372 3346 illiteratos
2397 3301 2449 3345 et
2471 3293 2660 3346 idiotas
2686 3332 2700 3358 ,
2741 3293 2830 3361 qui
2863 3306 3034 3361 neque
3068 3307 3131 3347 os
3156 3295 3364 3361 aperire
3391 3297 3677 3363 audebant,

2098 3395 2311 3435 onmem
2341 3382 2439 3436 sibi
2485 3383 2666 3437 orbem
2697 3383 2945 3449 attraxit,
2996 3391 3155 3452 atque
3199 3386 3426 3440 illtt~rati
3459 3389 3575 3451 isti,
3626 3400 3680 3442 et

2092 3471 2305 3539 idiota),
2360 3482 2414 3526 et
2460 3473 2782 3542 piscatores,
2830 3474 3265 3544 philosophorum
3296 3478 3675 3533 obturaverunt

2088 3578 2204 3631 ora,
2246 3573 2300 3619 et
2337 3573 2761 3620 transcurrerunt
2781 3565 2966 3620 orbem
2991 3567 3144 3637 quasi
3170 3570 3313 3634 alali,
3353 3570 3683 3627 seminantcs

2093 3657 2331 3713 veritatis
2358 3671 2687 3724 sermonem,
2716 3666 2770 3712 et
2794 3658 2971 3727 spinas
2999 3668 3328 3725 exsccantes,
3358 3670 3411 3715 et
3435 3664 3682 3730 pristinas

2090 3749 2400 3805 affectiones
2429 3749 2771 3817 revellentes,
2804 3748 3106 3819 Christique
3138 3752 3282 3820 leges
3311 3752 3505 3823 ubique
3534 3754 3682 3824 plan-

2096 3852 2267 3898 tantes
2298 3862 2310 3897 :
2341 3858 2403 3897 ac
2433 3859 2603 3911 neque
2627 3844 2766 3912 quod
2799 3844 2949 3912 pauci
2972 3853 3169 3908 essent,
3204 3859 3379 3913 neque
3406 3846 3545 3915 quod
3580 3849 3684 3916 pri-

2099 3935 2203 3987 vati
2257 3943 2314 3990 et
2367 3934 2640 3997 illiterati,
2696 3948 2869 4003 neque
2919 3936 3060 4001 quod
3109 3942 3320 3988 austera
3367 3942 3422 3988 et
3465 3935 3682 3993 insolita

2091 4024 2359 4093 juberent,
2396 4038 2567 4091 neque
2605 4022 2745 4091 quod
2779 4022 2942 4076 veteri
2972 4021 3356 4078 consuetudine
3393 4024 3679 4080 humanum

2090 4129 2254 4184 genus
2281 4126 2608 4183 Pl‘illVelllum
2634 4120 2799 4178 esset,
2821 4112 3095 4166 obstaculo
3110 4111 3187 4166 eis
3203 4127 3325 4168 esse
3349 4115 3518 4183 potuit
3544 4133 3554 4167 :
3581 4132 3640 4175 sc
3664 4118 3673 4168 I

2090 4205 2284 4274 prazvia
2314 4204 2476 4274 gratia
2509 4202 2720 4257 sustulit
2749 4203 2862 4256 haec
2887 4202 3408 4274 oninia,,magnaque
3432 4204 3681 4260 facilitate

2091 4297 2294 4366 operati
2324 4305 2447 4349 sunt
2472 4295 2669 4359 omnia,
2704 4308 2797 4364 per
2826 4294 2935 4364 ipsa
2965 4294 3236 4348 obstacula
3260 4295 3518 4365 majorem
3545 4297 3680 4350 acci-

2096 4387 2303 4455 pientes
2356 4387 2708 4439 alacritatem.
2779 4385 3065 4440 Enimvero
3120 4386 3382 4440 interdum
3436 4387 3605 4456 llagel
3644 4392 3679 4442 ti

2092 4479 2427 4533 decedebant
2470 4478 2780 4547 gaudentes,
2825 4493 2928 4531 non
2973 4488 3188 4547 propter
3232 4477 3434 4549 flagcila
3475 4484 3678 4550 simpli-

2091 4573 2255 4637 citer,
2286 4572 2375 4625 sed
2411 4571 2543 4637 Quia
2590 4587 2684 4641 pro
2735 4570 2934 4624 nomine
2959 4569 3145 4624 Chri..ti
3193 4552 3331 4640 (ligni
3364 4572 3518 4624 lmbiti
3559 4584 3677 4625 sunt

2092 4665 2416 4735 ignominia»:
2445 4665 2548 4731 pati
2581 4663 2712 4732 (Act.
2746 4663 2798 4716 5.
2826 4660 2955 4732 bl);
2982 4661 3244 4715 interdum
3272 4672 3445 4715 autem
3479 4664 3528 4714 in
3556 4678 3673 4715 car.

2089 4770 2267 4810 cercm
2293 4754 2540 4824 conjrcti,
2570 4762 2910 4822 posteaquam
2938 4753 3004 4804 ab
3027 4754 3214 4821 angelo
3242 4753 3414 4805 educti
3446 4754 3671 4813 fuerunt,

2092 4846 2282 4900 iterum
2313 4844 2497 4899 eadem
2527 4844 2987 4919 continuaverunt,
3020 4851 3073 4896 et
3101 4842 3152 4895 in
3179 4854 3229 4896 te
3253 4845 3428 4910 uplmn
3473 4843 3677 4896 abeun-

2093 4946 2192 5005 tes,
2240 4938 2497 4993 doctrime
2523 4951 2822 4989 sezmonem
2871 4936 3261 4989 seminaverunt
3287 4934 3306 5005 (
3334 4934 3466 4988 Ibid.
3509 4950 3556 4988 υ.
3588 4936 3672 4990 19.

2090 5030 2246 5097 sqq.),
2275 5027 2495 5098 populos
2519 5027 2664 5096 quasi
2689 5026 2941 5094 piscando
2966 5026 3029 5080 ad
3058 5026 3304 5095 pietatem
3340 5027 3679 5092 inducentcs;

2091 5130 2144 5176 et
2176 5123 2362 5175 iterum
2393 5120 2614 5186 detenti,
2646 5133 2751 5189 non
2782 5118 2951 5171 solum
2982 5133 3084 5172 non
3113 5120 3385 5188 segniores
3408 5119 3526 5173 inde
3560 5119 3678 5173 facti

2091 5223 2243 5281 sunt,
2273 5212 2365 5267 sed
2396 5222 2448 5267 et
2476 5215 2731 5280 majorem
2762 5211 3058 5264 libertatem
3103 5227 3209 5279 prze
3242 5226 3300 5263 se
3328 5213 3557 5266 tulerunt
3581 5254 3595 5279 ,
3629 5213 3681 5266 in

2092 5307 2266 5361 medio
2291 5305 2596 5360 insanientis
2623 5303 2799 5373 populi
2840 5312 2893 5357 ct
2938 5303 3183 5358 dentibus
3211 5302 3485 5358 frementis
3532 5314 3681 5359 stari-

2094 5408 2192 5462 tes,
2212 5411 2274 5450 ac
2299 5396 2554 5457 dicentes,
2589 5394 2801 5448 Oberlire
2825 5403 3017 5462 oportet
3042 5392 3147 5447 Deo
3176 5395 3333 5465 magis
3354 5410 3506 5464 quam
3529 5400 3685 5450 homi-

2092 5487 2435 5560 nibus(lbid.
2464 5505 2510 5541 υ.
2551 5489 2666 5558 29).
2706 5488 2888 5543 Vidisti
2922 5488 3180 5541 libertatis
3224 5488 3684 5556 magnitudinem?

2096 5582 2270 5635 vidisti
2318 5581 2595 5635 illiteratos
2627 5581 2915 5648 piscatores
2944 5587 3285 5633 contemnere
3332 5588 3404 5633 tot
3446 5578 3682 5636 furentes

2094 5672 2323 5742 populos
2342 5711 2355 5733 ,
2385 5682 2436 5724 et
2466 5671 2528 5723 ad
2561 5670 2734 5725 ca:ch
2761 5683 2823 5723 ac
2848 5669 3196 5723 mactatioucs
3220 5670 3472 5738 paratos?
3497 5671 3565 5723 At
3594 5680 3677 5734 tu,

2093 5764 2305 5825 dilecte,
2339 5762 2558 5816 audiens
2588 5762 2700 5814 hare
2724 5761 2899 5815 omnia
2919 5776 2986 5814 ne
3008 5760 3177 5813 tribue
3211 5760 3333 5825 iliis,
3365 5761 3456 5815 sed
3483 5754 3679 5812 divina:

2097 5853 2299 5924 gratias,
2332 5868 2449 5921 qua:
2481 5852 2827 5907 conﬁrmabat
2862 5861 2911 5907 et
2941 5851 3234 5907 instruebat
3262 5842 3685 5905 illertunatldcl'i'
