4078 6444
479 428 578 483 διες)

475 552 656 594 tatem.
714 537 844 605 Quia
897 545 950 590 et
1001 534 1090 590 ille
1141 533 1328 589 beatus
1376 535 1600 600 Petrus,
1652 549 1772 589 cum
1819 548 1882 588 ex
1913 542 2064 586 utero

477 631 662 684 matris
687 627 930 683 claudunt
955 634 1159 694 rectum
1185 625 1403 688 faceret,
1429 625 1678 680 omnibus
1698 624 2069 692 obstupescen-

480 721 618 774 tibus
643 730 694 774 et
718 717 1123 782 admirantibus,
1147 726 1354 787 gratum
1378 716 1492 786 ipse
1509 715 1742 769 animum
1765 712 2064 777 declarans,

483 811 648 882 inquit
679 827 692 864 :
740 809 863 874 Viri,
899 808 1020 878 quid
1049 825 1140 862 nos
1168 807 1450 869 intuemini,
1480 807 1625 876 quasi
1649 814 1820 859 nostra
1850 803 2069 874 polentia

477 904 554 957 vel
608 903 792 972 pietate
843 901 1110 971 fecerimus
1159 899 1305 952 illum
1353 895 1783 967 ambulare(Act.
1830 897 1884 950 5.
1933 893 2069 965 ηγρ

475 993 652 1062 Quare
673 1033 690 1060 ,
719 993 910 1061 inquit,
935 991 1014 1045 sic
1042 989 1410 1058 obstupescitis
1428 1029 1444 1053 ,
1471 996 1525 1043 ct
1551 985 1830 1057 stupefacti
1856 987 1988 1041 estis
2013 985 2067 1038 in

480 1084 582 1141 hac
631 1082 732 1140 re?
779 1083 916 1138 Num
964 1097 1062 1138 nos
1107 1085 1291 1136 sutuus
1331 1079 1432 1134 hoc
1469 1079 1697 1149 Operati,
1728 1078 1814 1132 vel
1855 1077 2066 1146 propria

480 1176 676 1231 virtute
726 1173 1074 1230 incolumitati
1127 1173 1273 1227 illum
1322 1171 1682 1233 restitnimns,
1712 1178 1766 1224 et
1793 1169 2070 1224 ambulare

482 1267 748 1324 fecimus?
775 1266 912 1334 Quid
937 1281 1028 1319 nos
1051 1264 1312 1318 intuemini
1333 1264 1359 1318 ?
1385 1262 1526 1317 Nihil
1551 1261 1781 1332 amplius
1806 1275 1904 1315 nos
1928 1267 2068 1314 attu-

481 1358 636 1412 limus
654 1398 670 1423 ,
699 1372 858 1427 quam
897 1353 1038 1424 quod
1063 1355 1296 1424 linguam
1325 1361 1561 1408 nostram
1592 1351 2067 1406 eommodavimus.

483 1449 586 1516 Qui
613 1456 791 1504 autem
821 1447 998 1502 omnia
1026 1444 1186 1512 fecit,
1217 1444 1476 1499 Dominus
1503 1452 1586 1499 est
1605 1483 1621 1508 ,
1651 1450 1707 1498 et
1733 1441 1823 1497 ille
1867 1450 2071 1495 natura:

479 1540 772 1606 Conditor,
805 1537 941 1593 Deus
969 1537 1226 1591 Abraham
1248 1577 1265 1602 ,
1293 1534 1444 1589 Isaac
1469 1575 1483 1599 ,
1508 1543 1556 1590 et
1578 1532 1741 1587 Iacob
1764 1573 1781 1601 ,
1808 1546 1943 1602 quos
1973 1546 2069 1602 pa-

481 1633 740 1689 triarcltas
767 1629 1020 1687 censetis.
1049 1629 1140 1683 Ille
1169 1627 1326 1695 Quem
1343 1626 1827 1691 uostradidistis,et
1845 1623 2078 1695 negastis

483 1739 658 1780 coram
685 1720 819 1793 facie
865 1719 1026 1773 Pilati
1056 1716 1339 1789 judicantis
1377 1715 1523 1770 illum
1559 1713 1910 1769 dimittendum
1938 1727 1956 1766 :
1983 1713 2072 1768 ille

483 1812 681 1884 estqui
711 1810 890 1867 omnia
937 1816 1187 1880 operatus
1215 1813 1334 1872 est,
1382 1818 1542 1876 quem
1606 1801 1708 1858 Vos
1753 1811 1981 1858 sanctum
2025 1809 2071 1856 et

484 1908 683 1978 justum
731 1901 988 1973 negastis,
1018 1909 1066 1954 et
1115 1897 1329 1969 petiistis
1383 1897 1546 1951 uirum
1592 1894 1896 1948 homicidam
1935 1892 2073 1946 vobis

487 1996 622 2052 tradi
665 2011 684 2052 :
739 1993 1032 2064 Principem
1083 2000 1250 2045 autem
1302 1989 1417 2044 vita:
1466 1987 1836 2043 condenmastis
1858 2027 1874 2054 ,
1926 2001 2074 2055 quem

482 2085 621 2142 Dens
649 2085 878 2141 excitavit
903 2101 936 2138 a
961 2083 1170 2139 mortuis
1188 2123 1204 2150 ,
1235 2083 1382 2150 cujus
1410 2096 1503 2134 nos
1526 2089 1673 2133 testes
1695 2093 1889 2132 sumus.
1926 2075 1994 2130 Et
2018 2076 2072 2130 in

487 2181 591 2250 ﬁde
617 2180 833 2235 nominis
853 2179 1013 2243 illius,
1040 2177 1173 2232 hunc
1191 2189 1339 2246 quem
1365 2173 1541 2229 videtis
1567 2183 1612 2226 et
1639 2172 1815 2234 nostis,
1837 2169 2074 2224 solidavit

483 2289 662 2326 nomen
695 2255 834 2342 illius
853 2308 874 2340 ι,
902 2280 949 2325 et
977 2270 1134 2339 ﬁdes,
1172 2285 1286 2340 qua
1311 2284 1401 2338 per
1443 2267 1610 2335 ipsum
1654 2273 1727 2318 est
1745 2305 1759 2323 .
1791 2264 1926 2317 dedit
1956 2263 2073 2317 huic

482 2363 880 2419 incolumitatem
909 2377 1081 2416 coram
1107 2359 1337 2415 omnibus
1362 2357 1497 2412 vobis
1524 2355 1688 2424 (Ibid.
1717 2372 1764 2408 υ.
1798 2353 2018 2423 lli—Hi).

554 2454 610 2510 6.
641 2453 825 2523 Magna
855 2450 1010 2508 liberi
1039 2449 1197 2520 hujus
1230 2447 1497 2503 sermonis
1517 2444 1832 2522 (excellentia
1852 2461 1866 2506 ;
1889 2444 2074 2513 ingens

481 2559 536 2605 et
578 2544 858 2602 ineffabilis
885 2542 966 2598 vis
1003 2542 1186 2612 gratiae
1223 2553 1455 2610 superne
1496 2538 1601 2593 illis
1628 2538 1836 2592 collatte
1859 2554 1876 2602 ;
1903 2536 2076 2593 mani-

486 2635 768 2692 festissima
799 2632 1210 2689 resurrectionis
1241 2629 1629 2686 demonstratio
1657 2628 1793 2682 lteati
1839 2628 1980 2682 illius
2023 2627 2074 2681 in

486 2727 714 2784 dicendo
750 2726 968 2782 libertas
1007 2723 1184 2780 fuerit.
1217 2721 1370 2790 Quod
1391 2721 1532 2776 enim
1560 2719 1732 2788 majus
1763 2719 2072 2773 miraculum

489 2819 578 2874 illo
598 2817 718 2888 quis
758 2822 1044 2886 quatreret,
1087 2827 1211 2868 cum
1253 2811 1298 2866 is
1340 2808 1432 2882 qui
1483 2819 1606 2865 ante
1654 2823 1866 2864 crucem
1913 2807 2074 2865 etiam

485 2908 706 2980 ahjectrc
733 2907 922 2976 puella:
965 2904 1134 2960 minas
1158 2902 1298 2958 ferre
1327 2916 1432 2957 non
1454 2901 1644 2971 potuit,
1670 2915 1810 2954 nunc
1847 2899 1912 2953 ad
1951 2915 2072 2957 eum

486 3001 702 3058 modum
729 3000 986 3056 adversus
1015 2996 1323 3054 Iudaeorum
1373 2994 1626 3066 populum
1681 2991 1926 3062 insurgit,
1959 2999 2078 3046 tan-

486 3105 643 3166 taque
670 3093 881 3159 ﬁducia,
907 3089 1052 3145 solus
1072 3103 1191 3143 cum
1220 3095 1383 3151 esset,
1410 3093 1592 3142 contra
1618 3093 1836 3146 tantam,
1862 3091 2077 3152 tamque

486 3187 752 3241 furentem
776 3181 1165 3238 multitudinem
1187 3187 1290 3233 stat
1315 3177 1591 3251 adversus,
1613 3185 1667 3230 et
1696 3174 1929 3244 loquitur
1955 3187 2077 3243 quas

490 3275 748 3331 insaniam
781 3274 987 3328 illorum
1021 3269 1188 3340 magis
1229 3281 1547 3338 exasperare
1570 3264 1806 3336 queant?
1850 3263 2073 3328 Vidisti,

487 3368 714 3432 dilecte,
745 3366 795 3420 id
826 3363 966 3434 quod
1018 3363 1069 3416 in
1111 3360 1375 3432 promntio
1420 3358 1683 3420 dicebam,
1732 3357 1888 3410 etiam
1935 3367 2076 3410 nunc

486 3463 810 3518 declaratum
833 3477 846 3514 :
877 3457 1027 3526 Quod
1051 3455 1095 3510 si
1117 3455 1235 3526 quis
1259 3468 1439 3508 amore
1461 3451 1512 3505 in
1540 3451 1705 3506 Deum
1732 3447 2072 3513 accendatur,

491 3570 596 3611 non
639 3561 818 3624 postea
872 3551 1008 3606 feret
1032 3564 1091 3604 ea
1118 3563 1235 3618 quae
1262 3545 1362 3600 sub
1388 3557 1767 3612 corporeorum
1799 3541 2075 3596 oculorum

486 3653 758 3712 aspectum
789 3640 1022 3703 cadunt;
1065 3637 1158 3693 sed
1191 3636 1308 3690 aliis
1352 3633 1642 3688 instructus
1677 3631 1880 3697 oculis,
1907 3628 2077 3685 oculis

490 3734 703 3814 inquam
732 3730 874 3795 fidei,
910 3729 994 3782 illa
1025 3741 1236 3796 semper
1259 3724 1581 3794 speculatur,
1605 3731 1659 3777 et
1699 3720 1763 3775 ad
1803 3720 1891 3774 illa
1923 3734 2076 3774 men-

489 3813 596 3880 tetn
621 3822 782 3878 habet
811 3821 1090 3883 intentam,
1121 3815 1506 3882 ambulansque
1532 3813 1583 3867 in
1623 3821 1785 3877 terra,
1809 3819 2076 3879 tamquam

492 3915 873 3985 mtmieipatum
907 3910 1107 3965 habens
1133 3909 1186 3964 in
1215 3906 1382 3970 caelis,
1422 3905 1493 3960 ita
1529 3902 1710 3960 omnia
1753 3900 1880 3973 agit,
1913 3900 2077 3956 nullis

495 4008 738 4064 humanis
765 4002 1080 4076 praepeditus
1105 4016 1135 4056 a
1179 3999 1390 4055 virtutis
1439 4013 1618 4053 cursu.
1648 3995 1780 4050 Nam
1829 3994 1917 4064 qui
1958 3992 2078 4048 talis

489 4109 592 4166 est,
629 4113 733 4154 non
775 4096 1000 4168 posmae
1048 4091 1268 4163 respicit
1313 4089 1379 4145 ad
1423 4087 1699 4161 splendida
1731 4085 1890 4155 hujus
1919 4084 2075 4151 vitat,

493 4205 666 4260 neque
690 4188 756 4242 ad
785 4186 918 4241 dura
943 4193 997 4240 ct
1023 4197 1234 4256 aspera,
1264 4179 1359 4236 sed
1380 4180 1557 4235 omnia
1585 4179 1672 4234 illa
1695 4175 2076 4247 prtetercurrit,

491 4281 559 4336 ad
593 4280 814 4349 patriam
843 4289 992 4330 suam
1038 4272 1312 4329 festinans.
1360 4270 1424 4324 Et
1464 4269 1599 4324 sicut
1623 4267 1712 4337 qui
1747 4264 2077 4334 corporalem

493 4371 636 4427 hunc
685 4382 899 4424 cursum
953 4379 1141 4433 magna
1189 4361 1531 4418 contentione
1579 4357 1812 4428 peragit,
1875 4355 2080 4411 nullum

493 4456 890 4516 oceurrentium
916 4456 929 4486 ¹
958 4453 1124 4519 videt,
1154 4450 1360 4508 etiamsi
1389 4449 1581 4518 saepius
1603 4448 1657 4503 in
1688 4447 1835 4502 illum
1860 4445 2079 4512 incidat,

496 4551 590 4607 sed
621 4549 799 4604 animo
840 4539 908 4601 ad
934 4559 1146 4601 cursum
1179 4544 1383 4598 intento
1436 4540 1591 4596 facile
1631 4539 1811 4594 omnia
1835 4536 2079 4608 transit,

475 4622 758 4695 .festinans
783 4635 848 4690 ad
884 4635 1204 4690 destinatum
1233 4646 1452 4700 scopum
1477 4647 1492 4684 :
1522 4629 1712 4685 eodem
1761 4627 1942 4695 modo,
1991 4625 2082 4698 qui

497 4745 713 4787 cursum
741 4728 951 4783 virtutis
976 4738 1230 4794 peragere
1258 4721 1492 4788 festinat,
1512 4729 1567 4776 et
1583 4734 1614 4774 a
1646 4727 1787 4773 terra
1815 4717 1868 4773 in
1890 4715 2083 4773 caelum

498 4819 790 4878 ascendere
833 4813 1178 4885 concupiscit,
1209 4811 1386 4869 omnia
1415 4825 1534 4881 qute
1562 4807 1807 4866 videnlur
1833 4807 2085 4863 deorsum

499 4911 769 4982 relinquit,
797 4921 851 4964 et
879 4917 1045 4964 totum
1071 4920 1130 4960 se
1159 4902 1336 4960 cursui
1364 4900 1532 4968 dedit,
1583 4913 1756 4970 neque
1785 4897 1932 4968 prius
1955 4895 2086 4953 sub.

441 5060 456 5074 ,
503 5004 659 5066 sistit.
692 5015 864 5070 nequc
892 5014 921 5052 a
949 4995 1139 5052 visibili
1166 4993 1413 5065 quapiam
1440 5007 1501 5048 re
1523 4990 1812 5056 detinetur,
1832 4988 2005 5044 donec
2031 4987 2085 5043 in

503 5093 757 5148 verticem
807 5088 1101 5146 ascendere
1126 5085 1379 5157 petuerit.
1409 5083 1472 5138 Ei
1496 5083 1638 5139 enim
1660 5081 1749 5154 qui
1769 5081 1850 5138 sic
1868 5079 2089 5136 affectus

500 5194 605 5250 est,
631 5183 790 5242 etiam
837 5197 956 5252 qua:
998 5179 1244 5233 videntur
1279 5189 1400 5232 esse
1443 5173 1701 5230 terribilia
1738 5172 1793 5228 in
1838 5169 2089 5242 praesenti

505 5277 646 5341 vita,
689 5271 1109 5343 contemptibilia
1153 5269 1324 5326 fiunt:
1353 5276 1406 5322 et
1450 5267 1540 5337 qui
1583 5265 1703 5320 talis
1756 5271 1869 5328 est,
1916 5275 2091 5331 neque

505 5365 735 5436 gladium
768 5366 940 5429 timet,
993 5376 1166 5431 neque
1213 5358 1585 5430 prtecipitium,
1636 5369 1810 5426 neque
1858 5353 2090 5410 ferarum

507 5459 718 5523 dentes,
745 5472 918 5526 neque
940 5464 1225 5520 tormenta,
1243 5467 1416 5523 neque
1430 5451 1672 5506 lietontm
1690 5462 1900 5515 manus,
1921 5461 2094 5517 neque

509 5547 708 5620 aliquid
737 5548 887 5603 triste
932 5549 983 5601 in
1011 5547 1112 5602 hac
1140 5546 1245 5600 vita
1282 5564 1295 5600 :
1326 5541 1420 5599 sed
1469 5549 1524 5597 et
1559 5541 1604 5596 si
1633 5539 1890 5596 carbones
1919 5537 2096 5592 videat

511 5641 829 5703 substratus,
858 5639 1006 5709 quasi
1037 5647 1183 5706 prata
1218 5646 1274 5691 et
1315 5634 1589 5706 paradisos
1618 5633 1802 5689 videns
1832 5631 2095 5696 transilit;

511 5731 638 5788 etsi
666 5729 825 5784 aliam
852 5729 1136 5800 quamdam
1161 5735 1548 5782 tormentorum
1576 5725 1807 5796 speciem
1848 5721 2097 5779 intentari

578 5887 595 5920 ί
630 5890 839 5940 Quatuor
861 5888 990 5942 ttss.,
1013 5878 1244 5942 euntium,
1262 5893 1369 5944 pro,
1383 5877 1750 5931 occurrentium.

1190 421 1249 476 S.
1290 418 1570 527 ιοΑΝψε
1605 413 2087 475 CIIRYSOSTOMI
2128 413 2444 472 ARCHIEP.
2485 415 3020 474 CONSTANTINOP.

3643 420 3740 479 260

2177 529 2370 592 videat.
2400 546 2505 585 non
2563 530 2738 586 deficit
2781 532 2847 587 ad
2893 543 3190 602 aspectum,
3232 546 3409 604 neque
3457 551 3742 594 aversatur.

2176 621 2505 676 Desideriunt
2528 625 2669 678 enim
2697 623 2991 679 futurorum
3015 638 3248 682 mentem
3276 628 3442 697 ipsius
3463 635 3742 696 transtulit,

2174 721 2226 766 et
2254 713 2401 781 quasi
2442 712 2633 767 frustra
2659 729 2884 784 corpore
2912 717 3158 784 amictus,
3190 718 3259 772 ita
3294 719 3604 776 affectiones
3630 737 3747 775 snas

2175 806 2499 871 moderatur,
2532 816 2587 862 ct
2615 821 2838 876 superna
2878 808 3046 879 gratia
3076 811 3309 865 munitus
3337 814 3575 882 corporis
3604 814 3748 870 dolo-

2173 909 2260 949 res
2289 909 2354 950 ne
2379 895 2538 950 sentit
2563 897 2797 967 quidem.

2245 984 2560 1039 Adhortatur
2582 988 2650 1040 ad
2678 1005 2901 1042 amorem
2929 992 3050 1060 erga
3075 989 3259 1046 Deum.
3278 1023 3350 1032 -—
3372 993 3629 1061 Quocirca
3657 998 3748 1050 ob-

2162 1089 2347 1140 ,δραι-ο,
2380 1085 2432 1131 ut
2459 1093 2566 1148 quo
2592 1078 2743 1140 facile
2771 1079 2980 1135 virtutis
3025 1080 3236 1137 labores
3264 1083 3401 1138 ferre
3440 1085 3701 1152 possimus
3726 1127 3742 1152 ,

2176 1181 2425 1238 magnum
2454 1167 2744 1225 habeamus
2775 1171 2826 1225 in
2865 1171 3028 1227 Deum
3058 1188 3294 1229 amorem
3325 1186 3379 1231 et
3407 1177 3747 1245 desiderium,

2176 1267 2233 1314 et
2258 1260 2382 1314 illuc
2407 1271 2586 1316 mente
2631 1270 2811 1318 nostra
2842 1263 3060 1330 intenta,
3097 1280 3127 1318 a
3173 1267 3316 1320 nulla
3361 1284 3418 1322 re
3456 1270 3612 1337 hujus
3640 1272 3752 1325 vita:

2175 1352 2578 1423 supplantetnur
2601 1355 2653 1410 in
2681 1370 2839 1410 cursu
2869 1356 2980 1421 illo,
3026 1357 3120 1411 sed
3157 1357 3451 1412 futurorum
3499 1361 3750 1416 bonomm

2178 1440 2481 1498 fruitionem
2535 1446 2789 1500 continuo
2837 1447 3152 1516 cogitantes,
3193 1463 3380 1504 omnes
3430 1450 3586 1520 hujus
3639 1452 3753 1505 vita:

2178 1537 2451 1592 molestias
2479 1549 2755 1592 mansuete
2781 1537 3032 1603 feramus,
3058 1548 3114 1595 et
3133 1555 3306 1610 neque
3336 1541 3621 1611 ignominia
3662 1558 3753 1599 nos

2176 1631 2471 1694 contristet,
2497 1644 2668 1700 neque
2692 1631 2867 1702 inepia
2891 1641 3095 1702 gravet,
3144 1649 3314 1703 neque
3335 1635 3551 1690 morbus
3574 1651 3755 1704 corpo-

2177 1719 2252 1776 ris
2277 1721 2471 1775 mentis
2497 1735 2712 1775 sensum
2739 1721 3000 1788 emolliat,
3053 1737 3225 1791 neque
3269 1723 3409 1792 quod
3447 1734 3755 1779 contemna-

2177 1825 2298 1866 mur
2320 1811 2780 1883 despiciamurque
2805 1813 2874 1868 ab
2911 1811 3184 1868 hominum
3209 1815 3381 1878 turba,
3411 1814 3462 1870 id
3489 1817 3754 1886 segniores

2178 1919 2277 1960 nos
2306 1903 2461 1959 faciat
2487 1904 2539 1959 itt
2565 1905 2777 1960 virtutis
2803 1904 2979 1960 studio
3007 1922 3021 1960 :
3053 1905 3149 1961 sed
3200 1906 3447 1961 omnibus
3486 1907 3584 1972 iis,
3613 1906 3753 1976 quasi

2178 1997 2350 2067 pulvis
2393 2005 2610 2064 essent,
2657 1997 2918 2066 excussis,
2968 2006 3348 2068 assumptoque
3399 2013 3662 2068 generoso
3705 2011 3755 2054 et

2177 2087 2392 2145 sublimi
2418 2089 2626 2159 spiritu,
2655 2104 2903 2160 magnum
2926 2105 3022 2160 per
3045 2091 3221 2144 omnia
3249 2089 3571 2144 fortitudinis
3590 2091 3755 2160 speci-

2180 2193 2302 2235 men
2339 2179 2708 2248 eshibeamus,
2757 2192 2813 2237 et
2869 2181 3007 2237 sicut
3051 2181 3165 2236 heri
3216 2192 3446 2236 vestram
3489 2185 3754 2236 car'tatem

2179 2271 2476 2338 obsecravi,
2523 2286 2644 2327 eum
2694 2271 2920 2327 inimicis
2968 2288 3155 2340 magna
3199 2272 3473 2328 alacritate
3511 2274 3756 2328 concilie-

2180 2379 2323 2431 mur,
2349 2371 2406 2420 et
2429 2379 2494 2419 ex
2536 2365 2816 2419 animabus
2845 2364 3041 2419 nostris
3067 2365 3404 2419 affectionutn
3427 2365 3756 2420 elimincntus

2179 2456 2464 2525 reliquias;
2490 2456 2602 2511 etsi
2639 2473 2741 2526 qua
2772 2457 3195 2527 concupiscentia
3232 2473 3389 2528 prava
3424 2459 3755 2523 inter-turbet,

2180 2560 2298 2600 eam
2349 2545 2676 2616 etl‘ugemus;
2733 2556 2788 2602 et
2834 2546 2880 2601 si
2933 2545 3082 2602 furor
3131 2546 3198 2601 ad
3243 2546 3375 2602 iram
3424 2549 3756 2614 exssimnlet,

2180 2637 2594 2706 comprimamus
2625 2637 2766 2694 hunc
2789 2647 2978 2693 azstum
3013 2648 3173 2694 cantu
3197 2639 3554 2709 spiritualium
3580 2641 3756 2695 admo-

2181 2729 2462 2795 nitionum,
2503 2730 2848 2787 ostendentes
2871 2746 3029 2800 quam
3061 2732 3369 2801 perniciosa:
3394 2734 3498 2787 sint
3527 2734 3757 2788 affectio-

2179 2835 2298 2876 nes.
2331 2819 2422 2875 Vir
2467 2821 2632 2889 enim,
2676 2823 2866 2892 inquit,
2917 2822 3214 2890 iracundas,
3264 2840 3366 2876 non
3409 2824 3647 2878 honestus
3691 2833 3756 2876 est

2181 2913 2378 2983 (Prov.
2414 2913 2498 2969 ll.
2528 2913 2676 2984 25);
2702 2922 2757 2968 et
2802 2914 3015 2978 iterum,
3051 2913 3150 2980 Qui
3199 2914 3436 2967 irascitur
3483 2916 3635 2984 fratri
3675 2931 3756 2967 suo

2180 3004 2288 3058 sine
2315 3020 2490 3067 causa,
2522 3020 2636 3058 reus
2676 3005 2771 3059 erit
2821 3005 3061 3075 gehemue
3101 3005 3232 3076 ignis
3277 2993 3502 3074 (Matth.
3555 3006 3608 3060 5.
3641 3005 3755 3072 ἓξ).

2182 3095 2249 3150 Et
2279 3096 2322 3150 si
2359 3096 2698 3166 pecuniarum
2739 3095 3003 3166 cupiditas
3027 3098 3276 3162 incessat,
3303 3095 3492 3170 demus
3519 3111 3752 3166 cperam,

2182 3197 2239 3241 ut
2267 3202 2418 3241 mens
2466 3187 2600 3241 vitet
2651 3196 2848 3242 tantam
2897 3188 3208 3257 perniciem,
3251 3197 3306 3242 et
3355 3190 3494 3242 sicut
3532 3187 3754 3242 radicem

2183 3279 2442 3334 malorum
2473 3281 2708 3335 omnium
2739 3281 3132 3335 exseindamus.
3155 3280 3238 3336 Sic
3261 3281 3574 3336 Studeamus
3599 3282 3757 3350 singu-

2182 3372 2261 3427 las
2289 3371 2598 3426 affectiones
2637 3371 2805 3427 malas
2825 3372 3114 3442 corrigere,
3147 3387 3252 3442 quo
3296 3381 3350 3425 et
3378 3371 3696 3427 abstinendo
3729 3386 3756 3423 a

2181 3464 2360 3530 malis,
2387 3473 2441 3518 et
2469 3463 2724 3518 sectando
2752 3478 2912 3532 opera
2959 3463 3118 3529 bona,
3173 3462 3438 3532 possimus
3478 3463 3528 3516 itt
3561 3464 3648 3517 die
3676 3461 3758 3514 illo

2183 3553 2461 3610 tremendo
2481 3568 2510 3608 a
2536 3555 2645 3609 Deo
2671 3552 3091 3608 misericordiam
3121 3554 3354 3620 assequi,
3379 3551 3546 3622 gratia
3575 3561 3629 3607 et
3664 3551 3758 3605 tui-

2181 3643 2536 3699 serationibus
2572 3644 2826 3714 unigeniti
2867 3643 2981 3713 ejus
3029 3643 3166 3710 Filii,
3210 3643 3292 3698 cui
3336 3659 3456 3697 cum
3490 3643 3666 3706 Patre,
3711 3648 3757 3696 ct

2183 3736 2382 3807 Spiritu
2405 3745 2591 3791 sancto
2615 3735 2683 3789 sit
2706 3735 2896 3805 gloria,
2922 3735 3220 3804 imperium,
3246 3744 3300 3790 et
3330 3734 3522 3802 honor,
3550 3749 3691 3790 nunc
3712 3743 3760 3789 et

2184 3840 2418 3896 semper,
2452 3837 2506 3882 et
2543 3827 2595 3881 in
2635 3826 2825 3881 sarcula
2853 3827 3191 3882 sateulorum.
3219 3828 3410 3882 Amen.

2733 3960 3007 4018 llOMILIA
3046 3961 3237 4018 XXIX.

2185 4075 2252 4130 Et
2277 4077 2425 4146 erepit
2451 4074 2568 4130 Noe
2588 4077 2736 4130 homo
2761 4075 2986 4145 agricola
3012 4084 3176 4137 terrae,
3204 4084 3250 4129 et
3277 4075 3520 4144 plantavit
3546 4077 3757 4142 vineam,

2254 4179 2302 4223 et
2325 4169 2444 4223 bibit
2467 4174 2531 4225 de
2556 4172 2670 4225 vino
2692 4186 2711 4224 :
2738 4179 2786 4224 et
2812 4167 3084 4221 inebriatus
3109 4175 3182 4220 est
3209 4165 3362 4239 (Gen.
3385 4167 3436 4222 9.
3465 4167 3553 4223 20.
3581 4168 3693 4236 21).

2255 4286 2310 4340 1.
2351 4283 2474 4338 Non
2501 4282 2667 4339 solum
2689 4283 2818 4336 bona
2846 4297 2999 4351 Opera
3016 4323 3032 4349 ,
3060 4280 3149 4336 sed
3177 4291 3222 4335 et
3249 4291 3454 4350 peccata
3477 4291 3761 4334 sanctorum

2185 4385 2632 4446 proponuntur.—
2646 4374 2725 4428 Ad
2747 4373 2908 4428 finem
2934 4372 3146 4427 tandem
3166 4373 3460 4443 argumenti
3484 4371 3549 4426 ad
3566 4372 3758 4441 justntn

2185 4469 2331 4526 hunc
2371 4468 2663 4541 spectantis
2704 4469 2982 4524 venimus:
3022 4468 3145 4524 ideo
3187 4468 3430 4535 obsecro,
3462 4479 3642 4523 mente
3683 4467 3760 4520 in-

2189 4569 2334 4616 tenta
2371 4561 2577 4628 adeste,
2615 4568 2670 4617 et
2694 4559 2976 4631 diligenter
3009 4575 3128 4630 qua:
3169 4559 3417 4614 dicuntur
3455 4560 3759 4614 auscultate.

2186 4653 2319 4710 Nam
2345 4669 2409 4710 es
2442 4653 2507 4710 iis
2531 4668 2649 4724 quae
2678 4653 2838 4708 hodie
2865 4653 2996 4707 lecta
3025 4660 3148 4708 sunt
3173 4665 3277 4706 non
3307 4666 3527 4720 parvum
3552 4691 3566 4711 ,
3600 4661 3764 4716 neque

2188 4745 2457 4818 vulgarem
2480 4745 2754 4816 percipere
2772 4744 2896 4800 licet
2917 4743 3145 4799 fructum
3170 4760 3183 4796 :
3207 4742 3634 4814 quandoquidem
3653 4752 3766 4809 quat

2190 4839 2381 4911 priscis
2408 4847 2718 4903 evenerunt,
2745 4838 2792 4893 si
2816 4852 3002 4907 sapere
3031 4836 3378 4904 voluerimus,
3406 4837 3650 4890 maxima:
3672 4848 3756 4886 no-

2191 4932 2275 4988 bis
2297 4931 2553 4989 doctrina:
2576 4937 2701 4985 sunt
2718 4929 2948 4984 occasio.
2979 4929 3102 4984 Ideo
3124 4926 3267 4984 enim
3293 4942 3398 4980 non
3423 4925 3598 4981 solum
3613 4935 3762 4993 oper-

2192 5031 2498 5080 sanctorum
2527 5021 2665 5078 bona
2692 5020 2888 5091 scripta
2918 5027 3075 5084 sunt,
3113 5019 3209 5074 sed
3247 5021 3406 5074 etiam
3438 5024 3649 5086 peccata
3669 5055 3683 5078 ,
3714 5018 3768 5064 ut

2195 5116 2312 5171 haec
2330 5113 2545 5186 quidem
2575 5111 2854 5182 fugiamus,
2883 5110 2971 5165 illa
2997 5125 3124 5166 vero
3152 5109 3457 5165 imitemur:
3483 5121 3655 5178 neque
3674 5103 3769 5159 hoc

2195 5206 2393 5273 solum,
2424 5203 2520 5260 sed
2549 5211 2814 5260 monstrat
2859 5203 3075 5271 insuper
3107 5200 3282 5256 divina
3313 5200 3584 5268 Scriptura
3609 5205 3664 5252 et
3683 5194 3766 5264 ju-

2196 5306 2309 5354 stos
2333 5311 2477 5366 stupe
2517 5295 2716 5365 lapsos,
2742 5305 2796 5350 et
2836 5303 3141 5364 peccatores
3178 5305 3423 5362 magnam
3469 5288 3772 5347 exhibentes

2197 5389 2323 5445 vita:
2344 5386 2770 5453 conversionem,
2791 5399 2898 5455 quo
2914 5384 3158 5453 utrinque
3177 5382 3447 5438 sufficiens
3469 5380 3619 5435 nobis
3637 5382 3772 5431 esset

2199 5481 2425 5549 cautela,
2461 5489 2516 5535 et
2557 5493 2728 5548 neque
2753 5477 2842 5548 qui
2869 5486 2973 5531 stat
3007 5473 3358 5532 confidentior
3385 5472 3492 5538 sit,
3519 5469 3701 5524 videns
3723 5473 3772 5518 et

2196 5576 2370 5646 iustos
2407 5571 2684 5638 cecidisse,
2716 5583 2887 5640 neque
2911 5567 3000 5638 qui
3038 5567 3089 5620 in
3129 5564 3360 5635 peccatis
3383 5571 3465 5618 est
3500 5562 3770 5628 desperet.

2203 5669 2401 5724 multos
2424 5665 2758 5733 conspiciens
2797 5660 2884 5732 qui
2928 5659 3282 5728 resipuerunt.
3324 5663 3378 5710 ct
3414 5653 3483 5708 ad
3519 5660 3773 5709 summum

2203 5761 2414 5816 virtutis
2441 5758 2645 5826 apicem
2693 5752 2969 5824 pervenire
3017 5755 3320 5819 potuerunt.
3369 5743 3547 5814 Itaque
3574 5739 3776 5798 nullus,

2210 5866 2412 5927 qntcso,
2443 5849 2654 5904 tametsi
2683 5846 2970 5902 multorum
2995 5841 3257 5898 bonorum
3279 5845 3508 5909 ‘Operutn
3532 5833 3626 5891 sibi
3652 5843 3770 5884 con-
