4078 6482
294 432 408 489 ⁸259

295 544 742 619 ἀποκατέστησε,
765 545 987 601 πάντων
1006 542 1457 616 ἐκπληττομένων
1475 547 1570 601 1:61
1593 546 1982 617 θαυμαζόντων

295 633 522 699 αὐτοὺς,
545 630 990 702 ἐπιδεικνύμενος
1008 629 1107 703 τὴν
1124 631 1332 687 οἰκείαν
1351 633 1772 704 εὐγνωμοσύνην
1794 633 1978 704 φησίν·

302 718 581 788 Ἀνδρες,
601 720 661 774 τί
689 716 981 779 ἀτενίζετε
1011 717 1178 789 ἡμῖν,
1199 719 1277 787 ὡς
1312 719 1434 788 ὶδιᾳ
1470 720 1722 790 δυνάμει
1747 720 1785 789 ἢ
1805 722 1984 775 εὐσε-

295 808 434 874 ϐείᾳ
464 808 825 875 πεποιηκόσι
858 807 967 863 τοῦ
995 809 1344 878 περιπατεῖν
1359 811 1549 865 αὐτόν
1559 826 1578 874 ;
1598 808 1756 874 Τίνος
1774 810 1982 876 ἕνεκεν,

299 893 495 964 φησιν,
511 893 655 947 οὕτω
674 894 1054 967 κατεπλάγητε
1073 895 1168 949 καὶ
1187 896 1632 968 ἐκπεπληγμένοι
1651 895 1772 950 ἐστέ
1792 895 1887 950 ἐπὶ
1905 895 1985 967 τῷ

296 980 588 1048 γεγονότις
625 981 721 1053 Μὴ
761 981 870 1053 γάρ
911 982 1074 1052 ἡμεῖς
1111 983 1278 1053 ἐσμεν
1295 983 1345 1036 οἰ
1362 981 1521 1036 τοῦτο
1539 983 1982 1054 ἐργασάμενοι,ῆ

305 1066 417 1138 ἰδίᾳ
433 1065 662 1137 δυνάμει
700 1067 838 1137 πρὸς
875 1067 1086 1136 ὑγίειαν
1104 1068 1268 1122 αὐτὸν
1288 1068 1748 1137 ἐπαναγαγόντες,
1771 1067 1868 1122 1:61
1889 1068 1986 1138 βα-

298 1152 473 1218 δίζειν
492 1152 1014 1225 παρασκευάσαντες
1037 1170 1052 1220 ;
1073 1154 1140 1207 Τί
1157 1156 1291 1226 ἡμῖν
1311 1155 1584 1219 ἀτενίζετε
1604 1174 1619 1223 ;
1641 1156 1806 1209 Οὐδὲν
1825 1155 1986 1209 πλέον

298 1239 469 1310 ἡμεῖς
488 1239 906 1311 εἰσηνέγκαμεν,
931 1239 965 1311 ἢ
984 1240 1069 1295 ὅτι
1087 1240 1187 1312 τὴν
1205 1241 1451 1311 γλῶτταν
1472 1242 1828 1314 ἐδανείσαμεν
1846 1258 1863 1275 ο
1881 1244 1910 1296 6
1929 1242 1986 1295 δὲ

298 1326 367 1379 τὸ
401 1327 511 1379 πᾶν
529 1326 928 1398 ἐργασάμενος,
951 1328 980 1380 6
997 1328 1276 1399 Δεσπότης
1296 1329 1414 1382 ἐστῖ¹
1430 1328 1524 1383 καὶ
1541 1329 1872 1400 δημιουργὸς
1888 1328 1988 1398 τῆς

303 1411 546 1480 φύσεως.
564 1413 803 1477 Ἐκεῖνος
832 1414 888 1467 '0
912 1413 1058 1479 Θεὸς
1086 1415 1344 1485 Ἀϐραὰμ
1371 1415 1470 1470 καὶ
1503 1416 1708 1471 Ἰσαὰκ
1746 1415 1844 1469 και
1880 1414 1986 1471 Ἰα-

303 1497 450 1564 κὼδν
489 1498 584 1563 οὓς
622 1501 965 1573 πατριάρχας
1005 1501 1400 1572 ἐπιγράφεσθε,
1435 1503 1644 1566 ἐκεῖνος
1678 1505 1782 1556 Ὃν
1819 1502 1989 1571 ὑμεῖς

302 1585 765 1655 παραδεδώκατε
783 1588 882 1642 καί
901 1588 1254 1656 ἠρνήσασθε
1287 1588 1437 1643 κατὰ
1463 1589 1789 1658 πρόσωπον
1808 1587 1963 1642 llud

303 1690 437 1737 του,
457 1675 771 1741 κρίναντος
784 1674 1024 1729 ἐκείνου
1044 1676 1337 1731 ἀπολύειν
1349 1694 1362 1706 ·
1381 1676 1589 1739 ἐκεῖνός
1606 1678 1754 1729 ἐστιν
1772 1677 1801 1730 6
1815 1675 1989 1730 :66:6

305 1760 712 1832 ἐργασάμενοςο
748 1760 809 1814 ὃν
839 1761 1044 1831 Ὑμεῖς,
1068 1762 1178 1818 τὸν
1194 1763 1366 1833 ἅγιον
1384 1764 1483 1818 καί
1516 1764 1772 1828 δίκαιον,
1802 1763 1989 1832 ἠρνή-

305 1851 525 1910 σασθε,
546 1848 643 1902 καί
676 1846 992 1916 ᾐτήσασθε
1020 1847 1210 1918 ἄνδρα
1236 1848 1428 1919 φονέα
1444 1848 1805 1920 χαρισθῆναι
1823 1849 1987 1918 ὑμῖν,

308 1933 421 1986 τὸν
436 1933 504 1986 δὲ
522 1933 790 2004 ἀρχηγὸν
809 1935 921 2002 τῆς
936 1934 1087 2005 ζωῆς
1106 1936 1512 2004 κατεκρίνατε,
1531 1935 1605 1990 ὃν
1624 1939 1657 1990 ό
1679 1921 1822 2002 Θεὸς
1841 1936 1993 2005 ἤγει-

298 2021 502 2089 ρενέκ
521 2021 771 2090 νεκρῶν,
795 2018 867 2079 οὗ
894 2022 1065 2093 ἡμεῖς
1089 2023 1390 2092 μάρτυρές
1406 2024 1613 2093 ἐσμεν.
1636 2023 1747 2078 Καὶ
1779 2023 1878 2077 ἐπὶ
1918 2022 1993 2092 τῇ

304 2108 512 2163 πίστει
542 2110 649 2164 τοῦ
685 2111 979 2180 ὀνόματος
1009 2110 1198 2165 αὐτοῦ
1232 2110 1469 2175 τοῦτον,
1490 2109 1564 2164 ὃν
1598 2109 1865 2179 θεωρεῖτε
1890 2112 1989 2164 καὶ

304 2196 532 2257 οἴδατε,
552 2193 881 2263 ἑστερέωσε
900 2195 969 2250 τὸ
990 2196 1181 2265 ὄνομα
1198 2196 1386 2251 αὐτοῦ
1405 2214 1421 2227 ·
1448 2196 1547 2250 καὶ
1569 2197 1608 2265 ἡ
1630 2198 1838 2263 πίστις
1854 2196 1893 2265 ἠ
1915 2196 1991 2250 δι’

304 2282 499 2336 αὐτοῦ
516 2282 742 2338 ἔδωκεν
754 2282 914 2351 αὐτῷ
927 2282 1043 2353 τὴν
1056 2284 1426 2352 ὁλοκληρίαν
1441 2284 1731 2341 ἀπέναντι
1750 2284 1994 2339 πάντων

304 2368 500 2440 ὑμῶν.

383 2514 458 2574 ς’.
474 2509 649 2581 Πολλὴ
662 2510 759 2581 τῆς
771 2511 957 2581 παρῤη
965 2510 1085 2576 σίας
1097 2513 1130 2583 ὴ
1143 2511 1245 2565 ὐπε
1252 2510 1416 2583 ρϐολή
1426 2526 1438 2539 ο
1459 2509 1670 2582 μεγάλη
1683 2511 1779 2564 1:61
1788 2512 1995 2580 ἄφατος

304 2599 411 2666 τῆς
428 2595 635 2651 ἀνωθεν
653 2598 836 2660 αὐτοῖς
855 2598 1297 2670 παρασχεθείσης
1316 2597 1540 2669 χάριτος
1558 2600 1591 2668 ἡ
1613 2597 1841 2668 δύναμις
1860 2615 1874 2630 ο
1897 2614 1995 2651 σα·-

307 2683 556 2755 φεστάτη
575 2686 675 2757 τῆς
694 2685 1042 2749 ἀναστάσεως
1060 2687 1094 2756 ὴ
1116 2685 1388 2751 ἀπόδειξις
1410 2688 1442 2757 ἡ
1462 2685 1556 2738 τοῦ
1579 2685 1852 2758 μακαρίου
1870 2683 1996 2738 τού-

305 2786 405 2823 του
427 2770 708 2842 παρρησία
728 2771 926 2841 γένοιτ’
946 2772 1033 2826 ἀν.
1049 2772 1115 2825 Τί
1134 2772 1244 2844 γὰρ
1266 2772 1332 2826 ἂν
1351 2772 1539 2825 τούτου
1564 2770 1749 2843 μεῖζον
1771 2773 1995 2843 σημεῖον

307 2856 698 2929 ἐπιζητήσειεν
734 2858 799 2913 ἀν
834 2876 917 2922 τις
953 2857 1156 2921 λαϐεῖν,
1179 2859 1305 2913 ὅταν
1336 2859 1365 2912 6
1402 2858 1508 2930 1:96
1527 2859 1620 2912 :66
1643 2858 1876 2933 σταυροῦ
1898 2860 1994 2914 καὶ

308 2943 486 3015 κόρης
521 2942 771 3009 εὐτελοῦς
806 2944 1035 3016 ἀπειλὴν
1073 2943 1148 3015 μὴ
1187 2944 1433 3016 δυνηθεὶς
1454 2944 1715 3013 ἐνεγκεῖν,
1739 2944 1832 2998 νῦν
1854 2945 1996 3000 οὕτω

309 3029 766 3097 κατεξανίσταται
802 3031 897 3085 τοῦ
933 3031 1043 3085 τῶν
1079 3030 1346 3085 Ἰουδαίων
1382 3031 1579 3103 δήμου,
1624 3032 1718 3085 1:61
1756 3032 1996 3107 τοσαύτῃ

309 3119 600 3193 παρρησίᾳ.
641 3119 735 3200 καὶ
778 3119 914 3192 πρὸς
949 3119 1202 3173 τοσοῦτον
1241 3118 1466 3190 πλῆθος,
1494 3120 1656 3190 μόνος
1694 3118 1789 3185 ῶν,
1825 3119 1996 3184 οὕτως

309 3206 568 3271 ἀτάκτως
610 3207 873 3278 μεμηνὸς,
898 3207 1283 3271 ἐπαποδύεται,
1304 3207 1399 3260 καὶ
1432 3207 1653 3261 τοιαῦτα
1675 3207 1995 3276 φθέγγεται,

309 3293 351 3348 ἃ
371 3293 472 3364 τὴν
496 3294 695 3364 μανίαν
714 3294 893 3348 αὐτῶν
915 3295 1007 3348 ἐπὶ
1027 3295 1212 3349 πλεῖον
1229 3294 1519 3372 διεγείρειν
1537 3294 1762 3349 δύναται
1784 3312 1798 3361 ;
1822 3294 1995 3358 Εἶδες,

311 3382 587 3453 ἀγαπητὴ
611 3382 748 3446 πῶς,
770 3382 909 3455 ὅπερ
928 3384 987 3437 ἐν
1006 3384 1313 3455 προοιμίοις
1351 3382 1556 3451 ἔλεγον,
1578 3380 1736 3435 τοῦτο
1775 3381 1867 3435 καὶ
1902 3381 1997 3436 νῦν

308 3468 625 3536 δείκνυται;
660 3470 911 3524 Ἐπειδὰν
928 3489 1013 3535 τις
1033 3469 1261 3543 πυρωθῇ
1284 3469 1359 3540 τῷ
1383 3469 1519 3541 πρὸς
1549 3470 1641 3523 τὸν
1659 3469 1792 3523 Θεὸν
1825 3469 1995 3541 πόθῳ,

308 3555 502 3611 οὐκέτι
538 3556 725 3611 λοιπὸν
759 3559 892 3630 όρᾷν
931 3559 1189 3629 ἀνέχεται
1214 3556 1285 3611 τὰ
1302 3561 1415 3621 τοῖς
1452 3557 1750 3628 ὀφθαλμοῖς
1787 3557 1996 3627 τούτοις

309 3645 431 3707 τοῖς
470 3646 800 3713 σωματικοῖς
841 3644 1236 3710 ὑποπίπτοντα,
1279 3643 1394 3697 ἀλλ’
1432 3642 1652 3715 ἐτέρους
1688 3642 1998 3714 ὀφθαλμοὺς

310 3730 681 3801 κτησάμενος,
704 3731 831 3795 τοὺς
866 3731 968 3800 τῆς
1006 3731 1244 3795 πίστεως
1284 3730 1448 3800 λέγω,
1473 3732 1656 3784 ἐκεῖνα
1675 3730 1762 3784 διὰ
1802 3731 2000 3795 παντὸς

314 3816 656 3888 φαντάζεται
674 3822 771 3873 1:61
790 3818 928 3889 1:96;
948 3819 1132 3871 ἐκεῖνα
1150 3818 1250 3888 τὴν
1270 3818 1505 3872 διάνοιαν
1540 3817 1652 3888 ἔχει
1670 3818 1999 3889 τεταμένην,

314 3906 418 3960 καὶ
434 3907 494 3958 ἐν
513 3909 584 3978 γῇ
609 3906 841 3977 βαδίζων
861 3907 937 3971 ὡς
958 3908 1017 3959 ἐν
1037 3906 1285 3976 οὐρανοῖς
1303 3905 1364 3958 τὸ
1386 3905 1691 3976 πολίτευμα
1725 3904 1884 3976 έχων,
1906 3904 1999 3960 66-

315 4010 401 4047 τω
419 3993 598 4048 πάντα
614 3994 1021 4066 διαπράττεται,
1045 3993 1138 4047 ὐπ’
1156 3992 1368 4056 οὐδενὸς
1398 3992 1505 4045 τῶν
1525 3991 1883 4063 ἀνθρωπίνων
1903 3992 1928 4044 ἐ
1935 4009 2001 4063 με

315 4080 831 4153 ποδιζόμενοςπρὸς
849 4081 942 4134 τὸν
963 4081 1083 4135 κατ’
1103 4079 1303 4152 ἀρετὴν
1321 4078 1540 4150 δρόμον.
1559 4079 1615 4132 '0
1635 4077 1744 4150 γάρ
1762 4077 2003 4142 τοιοῦτος

315 4167 385 4221 οὐ
421 4168 491 4223 τά
522 4168 756 4240 λαμπρά
791 4168 884 4222 τοῦ
927 4168 1043 4243 βίου
1082 4165 1267 4221 λοιπὸν
1299 4166 1422 4237 ὁρᾷ,
1445 4166 1506 4219 οὐ
1542 4165 1611 4220 :6
1649 4165 1885 4237 δυσχερῆ
1907 4165 2004 4219 καὶ

316 4256 562 4320 ἐναντία,
585 4256 721 4308 ἀλλά
756 4255 936 4309 πάντα
977 4254 1334 4326 παρατρέχει,
1357 4251 1493 4323 πρὸς
1531 4252 1631 4324 τὴν
1667 4252 1862 4305 ἐαυτοῦ
1896 4269 2002 4305 πα-
2098 4300 2101 4301 ,

315 4342 480 4414 τρίδα
499 4343 871 4413 ἐπειγόμενος.
896 4343 1005 4395 K61
1024 4341 1274 4412 καθάπερ
1296 4343 1324 4395 6
1346 4339 1487 4411 μετὰ
1508 4339 1702 4393 πολλοῦ
1732 4338 1826 4392 τοῦ
1846 4339 2001 4392 τόνου

315 4432 416 4485 τὸν
453 4430 768 4501 σωματικὸν
805 4429 994 4483 τοῦτον
1018 4428 1231 4500 δρόμον
1268 4427 1477 4499 τρέχων
1514 4427 1703 4483 οὐδένα
1725 4425 1877 4499 [278]
1896 4426 2005 4481 τῶν

314 4516 730 4573 ἀπαντώντων11
752 4518 873 4589 ὁρᾷ,
898 4516 1003 4571 κᾶν
1028 4515 1288 4588 μυριάκις
1309 4513 1459 4585 αὐτῷ
1479 4514 1846 4587 προσπταίσῃ,
1870 4512 2007 4568 ἀλλὰ

317 4604 463 4677 πρὸς
481 4604 574 4657 τὸν
591 4603 791 4676 δρόμον
812 4602 949 4675 ἔχων
966 4602 1261 4672 τεταμένον
1281 4599 1448 4656 αὐτοῦ
1488 4601 1581 4654 τὸν
1612 4599 1893 4671 λογισμὸν,
1913 4599 1973 4653 εὐ
1993 4630 2007 4642 ο

320 4692 497 4756 κόλως
511 4692 728 4746 ἅπαντα
749 4688 1122 4763 παραδραμὼν
1142 4689 1421 4758 ἐπείγεται
1443 4687 1577 4760 πρὸς
1594 4686 1685 4741 τὸν
1706 4687 2006 4759 προκείμε-

323 4796 416 4834 νον
432 4778 583 4851 αὐτῷ
606 4777 809 4833 σκοπόν
831 4793 846 4808 ο
866 4777 958 4830 τὸν
978 4776 1140 4830 αὐτὸν
1157 4775 1223 4848 δὴ
1240 4776 1443 4848 τρόπον
1462 4776 1555 4829 καὶ
1572 4776 1601 4829 6
1618 4774 1711 4829 τὸν
1731 4776 1850 4829 κατ’
1871 4775 2004 4847 ἀρε-

316 4868 425 4940 τὴν
459 4867 662 4938 δρόμον
698 4864 914 4937 τρέχειν
953 4862 1292 4928 σπουδάζων,
1314 4861 1411 4917 καὶ
1428 4861 1539 4916 ἀπὸ
1555 4861 1662 4932 γῆς
1680 4862 1759 4925 εἰς
1777 4861 2007 4932 οὐρανὸν

327 4953 569 5008 ἀνελθεῖν
589 4952 896 5024 ἐπιθυμῶν,
917 4951 1095 5005 πάντα
1130 4948 1200 5003 τὰ
1231 4949 1486 5023 ὁρώμενα
1506 4950 1656 5004 κάτω
1674 4948 1891 5021 ἀφίησι,
1914 4949 2009 5003 1:61

328 5043 448 5105 ὅλος
484 5039 578 5094 τοῦ
619 5040 820 5112 δρόμου
859 5037 1092 5108 γίνεται,
1113 5038 1210 5092 καὶ
1244 5036 1305 5090 66
1344 5035 1610 5108 πρότερον
1628 5036 1865 5099 ἵσταται,
1886 5035 2008 5089 οὐδὲ

324 5129 618 5201 κατέχεται
654 5126 763 5183 ὑπό
795 5142 940 5190 τινος
972 5124 1081 5180 τῶν
1102 5123 1415 5198 ὁρωμένων,
1441 5123 1635 5194 μέχρις
1654 5122 1721 5178 ἃν
1738 5124 1820 5188 εἰς
1839 5122 2009 5193 αὐτὴν

323 5217 573 5274 ἀνελθεῖν
609 5215 814 5288 δυνηθῇ
853 5214 951 5286 τὴν
988 5214 1256 5286 κορυφήν.
1280 5211 1372 5284 Τῷ
1389 5212 1497 5285 γὰρ
1517 5210 1661 5266 οὔτω
1678 5211 2010 5283 διακειμένῳ

331 5305 426 5359 καὶ
460 5302 532 5359 τά
559 5303 819 5358 δοκοῦντα
837 5298 978 5357 εἶναι
999 5300 1207 5373 φοϐερά
1226 5299 1367 5354 κατά
1383 5299 1477 5354 τὸν
1498 5298 1741 5370 παρόντα
1761 5298 1896 5370 βίον,
1918 5298 2010 5353 εὐ-

332 5391 723 5464 καταφρόνητα
741 5390 972 5460 γίνεται,
995 5389 1092 5443 καὶ
1107 5391 1136 5444 6
1152 5386 1393 5452 :6:66:6;
1428 5386 1555 5442 οὐτε
1576 5387 1730 5457 ξίφος
1748 5386 2008 5454 δέδοικεν,

327 5476 456 5533 οὐτε
489 5477 757 5550 κρημνὸν,
775 5476 899 5531 οὐτε
921 5475 1128 5548 θηρίων
1145 5474 1385 5539 ὀδόντας,
1405 5474 1469 5528 οὐ
1508 5473 1797 5544 βασάνους,
1816 5473 1876 5527 οὐ
1913 5473 2007 5545 δη-

332 5565 474 5637 μίων
513 5567 724 5637 χεῖρας,
745 5565 846 5619 οὐκ
882 5564 1013 5619 ἄλλο
1050 5580 1104 5618 τι
1137 5562 1249 5616 τῶν
1290 5562 1433 5617 κατὰ
1464 5563 1556 5617 τὸν
1578 5561 1692 5632 βίον
1708 5560 2007 5633 λυπηρῶν·

328 5651 467 5706 ἀλλὰ
504 5651 609 5705 κᾶν
648 5651 927 5722 ἄνθρακας
967 5651 1052 5722 ῐδῃ
1089 5647 1610 5719 ὐπεστορεσμένους,
1630 5647 1707 5711 ὡς
1737 5646 2013 5717 λειμῶνας

327 5737 473 5811 ὁρῶν
493 5738 589 5792 καὶ
608 5737 990 5809 παραδείσους,
1008 5735 1185 5800 οὕτως
1204 5734 1445 5806 ἐπιπηδᾷ
1458 5752 1472 5765 ⁸
1499 5734 1606 5788 κᾶν
1624 5734 1811 5805 ἕτερόν
1832 5753 1882 5787 τι
1902 5733 2013 5787 τῶν

330 5824 706 5898 κολαστηρίων
748 5819 889 5889 εἶδος
925 5824 1267 5897 ἐπαγόμενον
1287 5821 1570 5891 θεάσηται,
1593 5822 1654 5875 οὐ
1676 5823 1852 5894 ναρκᾷ
1874 5821 2009 5895 1:96;

393 6008 409 6031 ³
440 6007 659 6066 Quatuor
685 6014 798 6051 mss:
832 6002 1072 6052 ἁπάντων.

1428 430 1492 485 ΙΝ
1532 432 1690 487 CAP.
1733 432 1803 486 IX
1834 431 2083 488 GENES.
2115 431 2352 488 HOMIL.
2386 432 2576 490 XXIX.

3651 427 3757 483 260

2081 547 2182 618 τὴν
2199 547 2343 617 ὄψιν,
2365 548 2483 602 οὐδὲ
2503 550 2909 622 ἐπιστρέφεται.
2926 553 2986 605 Ὀ
3005 549 3114 624 γάρ
3130 551 3239 605 τῶν
3262 550 3564 622 μελλόντων
3592 550 3757 616 πόθος

2087 633 2417 705 μετέστησεν
2437 635 2604 689 66:66
2623 636 2723 708 τὴν
2740 637 2998 705 διάνοιαν,
3019 638 3115 693 καὶ
3140 638 3216 703 ὡς
3235 636 3424 702 ἁπλῶς
3442 638 3536 691 καὶ
3555 637 3678 707 εῖκῆ
3695 638 3760 691 τὸ

2085 719 2245 790 σῶμα
2264 723 2665 795 περικείμενος,
2685 724 2858 789 οὕτως
2875 724 3145 797 ἀνώτερος
3164 726 3374 794 γίνεται
3404 724 3512 778 τῶν
3547 723 3759 790 παθῶν,

2084 807 2178 861 καὶ
2195 810 2262 879 τῇ
2283 808 2490 863 ἀνωθεν
2509 811 2692 883 χάριτι
2714 812 3117 886 φρουρούμενος
3134 813 3253 867 οὐδὲ
3272 813 3523 884 αἴσθησιν
3541 811 3760 883 λαμϐά-

2084 912 2165 971 νει
2186 895 2294 949 τῶν
2313 897 2625 968 ἀλγηδόνων
2644 899 2753 954 τῶν
2776 900 3127 971 σωματικῶν.

2154 1037 2245 1091 Διὸ
2268 1037 2591 1109 παρακαλῶ,
2616 1039 2682 1093 ἶν’
2705 1040 2941 1104 εὐκόλως
2960 1041 3087 1104 :66;
3108 1038 3250 1094 κατὰ
3287 1040 3387 1109 τὴν
3421 1038 3623 1113 ἀρετὴν
3663 1038 3761 1094 πό-

2082 1140 2207 1187 νους
2225 1124 2471 1192 ἐνεγκεῖν
2488 1124 2829 1196 δυνηθῶμεν,
2852 1126 3020 1180 πολὺν
3042 1126 3131 1180 τὸν
3151 1144 3218 1179 πε
3225 1126 3281 1198 91
3300 1126 3388 1179 τὸν
3408 1125 3541 1179 Θεὸν
3561 1125 3763 1179 ἐπιδει-

2085 1210 2306 1281 ξώμεθα
2324 1211 2507 1277 πόθον,
2532 1212 2625 1266 καὶ
2642 1213 2761 1267 ἐκεῖ
2774 1212 2875 1284 τὴν
2894 1213 3134 1267 διάνοιαν
3164 1212 3324 1285 ὴμῶν
3353 1212 3627 1274 τείναντες
3655 1210 3762 1264 61:6

2087 1297 2314 1368 μηδενὸς
2349 1297 2456 1351 τῶν
2495 1300 2554 1352 ἐν
2590 1297 2668 1369 τῷ
2710 1300 2938 1370 παρόντι
2978 1299 3081 1370 βίῳ
3101 1299 3239 1372 πρὸς
3257 1299 3348 1353 τὸν
3367 1301 3542 1353 ἐκεῖσε
3563 1298 3764 1370 δρόμον

2086 1384 2592 1456 ὐποσκελιζὼμεθα,
2616 1385 2755 1439 ἀλλὰ
2790 1387 2900 1439 τῶν
2943 1386 3250 1456 μελλόντων
3288 1385 3511 1453 ἀγαθῶν
3529 1384 3628 1456 τὴν
3646 1384 3765 1455 διη-

2085 1473 2215 1541 νεκῆ
2238 1470 2538 1525 ἀπόλαυσιν
2556 1471 2917 1542 λογιζόμενοι.
2940 1471 3117 1526 πάντα
3136 1470 3205 1524 τὰ
3225 1469 3448 1540 ἀλγεινά
3486 1469 3581 1524 :66
3620 1487 3764 1541 1:69-

2084 1556 2237 1621 ὄντος
2257 1556 2374 1628 βίου
2411 1558 2604 1629 πράως
2624 1558 2903 1630 φέρωμεν,
2924 1560 3019 1613 1:61
3043 1559 3180 1630 μήτε
3201 1558 3388 1624 ἀδοξία
3409 1558 3556 1628 ἡμᾶς
3575 1555 3765 1610 λυπεί-

2085 1663 2183 1711 τω,
2221 1646 2363 1716 μήτε
2405 1644 2562 1699 πενία
2584 1646 2838 1712 πιεζέτω,
2865 1647 3005 1716 μήτε
3024 1646 3178 1709 νόσος
3198 1643 3449 1715 σώματος
3468 1644 3567 1715 τῆς
3584 1643 3765 1714 ψυχῆς

2083 1732 2147 1785 :6
2167 1732 2422 1802 φρόνημα
2442 1730 2742 1801 χαυνούτω,
2768 1732 2906 1802 μήτε
2926 1731 2986 1784 τὸ
3004 1729 3465 1801 καταφρονεῖσθαι
3486 1729 3637 1800 παρὰ
3654 1728 3763 1783 τῶι·

2086 1817 2298 1872 πολλῶν
2339 1817 2436 1871 καὶ
2477 1816 2907 1882 ἐξευτελίζεσθαι
2946 1817 3339 1889 ὀκνηροτέρους
3379 1816 3510 1888 περὶ
3545 1816 3647 1887 τὴν
3665 1816 3767 1886 τῆς

2085 1905 2289 1977 ἀρετῆς
2328 1904 2668 1977 κατόρθωσιν
2707 1904 3134 1976 ἀπεργαζέσθωο
3177 1905 3316 1959 ἀλλὰ
3357 1905 3533 1960 πάντα
3570 1904 3766 1971 ταῦτα,

2086 1992 2277 2064 ῶσπερ
2317 1992 2484 2058 κόνιν,
2505 1993 2982 2064 άποτιναξάμενοι,
3017 1993 3111 2047 1:61
3149 1996 3395 2063 γενναῖον
3433 1993 3528 2047 1:61
3565 1991 3768 2063 ὑψηλὸν

2088 2081 2345 2152 φρόνημα
2364 2080 2748 2147 ἀναλαϐόντες,
2770 2081 2913 2134 οὕτω
2932 2080 3068 2152 πρὸς
3088 2081 3303 2134 ἅπαντα
3323 2080 3526 2153 πολλὴν
3549 2079 3648 2151 τὴν
3667 2079 3766 2133 άν-

2086 2167 2273 2239 δρείαν
2308 2166 2725 2234 ἐπιδειξώμεθα,
2745 2166 2842 2220 καὶ
2881 2166 3132 2238 καθάπερ
3151 2167 3277 2237 χθὲς
3297 2167 3648 2239 παρεκάλεσα
3668 2167 3768 2237 τὴν

2088 2255 2363 2327 ὑμετέραν
2399 2254 2641 2326 ἀγάπην,
2674 2254 2774 2317 τὰς
2810 2253 2950 2325 πρὸς
2989 2254 3115 2318 τοὺς
3154 2253 3381 2324 ἐχθροὺς
3420 2253 3768 2322 καταλλαγάς

2091 2343 2230 2415 μετά
2251 2342 2451 2412 πολλῆς
2491 2342 2593 2411 τῆς
2632 2342 2869 2412 σπουδῆς
2891 2340 3264 2412 ποιησώμεθα,
3285 2342 3379 2394 1:61
3397 2341 3465 2394 τὰ
3484 2339 3646 2394 λοιπά
3666 2340 3767 2409 τῆς

2087 2429 2269 2500 ψυχῆς
2311 2429 2457 2499 πάθη
2498 2428 2836 2499 ἐξορίσωμεν
2878 2428 2979 2499 τῆς
3017 2426 3329 2498 ἡμετέρας·
3373 2426 3476 2479 κᾶν
3501 2426 3767 2496 ἐπιθυμία

2088 2517 2288 2580 ἄτοπος
2326 2515 2537 2588 ἐνοχλῇ,
2573 2515 2777 2584 ταύτην
2820 2514 3243 2586 φυγαδεύωμεν·
3282 2513 3385 2567 κᾶν
3422 2512 3593 2584 θυμὸς
3629 2512 3768 2584 πρὸς

2088 2604 2259 2676 ὀργὴν
2294 2604 2554 2674 διεγείρῃ,
2578 2602 3029 2672 καταστέλλωμεν
3068 2601 3169 2671 τὴν
3204 2598 3513 2671 φλεγμονὴν
3548 2602 3615 2671 τῇ
3653 2599 3769 2671 ᾠδῇ

2088 2689 2201 2744 τῶν
2243 2690 2624 2761 πνευματικῶν
2663 2687 3063 2760 παραινέσεων,
3084 2686 3392 2750 δεικνύντες
3429 2686 3523 2739 τοῦ
3563 2685 3769 2749 πάθους

2085 2778 2183 2832 τὸν
2218 2777 2456 2848 ὄλεθρον.
2489 2776 2669 2844 Ἀνὴρ
2700 2776 2828 2847 γὰρ,
2867 2774 3024 2845 φησὶ,
3057 2772 3353 2845 θυμώδης,
3391 2774 3505 2828 οὐκ
3541 2772 3771 2842 εὐσχή-

2091 2883 2219 2936 μων
2234 2882 2250 2896 ο
2288 2866 2380 2919 καὶ
2417 2864 2582 2917 πάλιν
2600 2879 2616 2895 ο
2652 2863 2705 2915 '0
2728 2861 3101 2931 ὀργιζόμενος
3119 2861 3199 2928 τῷ
3219 2858 3462 2929 ἀδελφῷ
3479 2860 3667 2913 αὑτοῦ
3686 2862 3767 2913 εί-

2092 2952 2192 3021 κῆ,
2212 2952 2423 3021 ἔνοχος
2439 2950 2609 3004 ἔσται
2630 2952 2717 3016 εὶς
2739 2949 2853 3018 τὴν
2873 2949 3125 3019 γέενναν
3143 2948 3249 3002 τοῦ
3269 2948 3478 3015 πυρός.
3498 2947 3617 3000 Κᾶν
3636 2964 3770 3017 χρη-

2094 3039 2283 3111 μάτων
2319 3039 2475 3092 ἐπιθυ
2483 3037 2582 3108 μία
2613 3037 2864 3109 ταράσσῃ
2883 3036 2974 3089 τὸν
2992 3035 3273 3105 λογισμὸν,
3295 3034 3516 3105 φεύγειν
3539 3032 3770 3086 σπουδά-

2091 3124 2275 3196 ζωμεν
2311 3124 2407 3195 τὴν
2441 3122 2690 3195 ὀλεθρίαν
2726 3121 2933 3192 ταύτην
2972 3121 3171 3192 λύμην,
3194 3121 3289 3174 καὶ
3328 3119 3581 3189 καθάπερ
3615 3117 3771 3188 ῥίζαν

2088 3212 2200 3266 τῶν
2239 3211 2425 3266 κακῶν
2463 3211 2716 3265 ἁπάντων
2756 3209 3132 3280 ἐκτέμνωμεν.
3156 3208 3265 3261 K61
3303 3207 3532 3260 ’ἑκαστον
3568 3205 3626 3259 δὲ
3660 3203 3771 3258 τῶν

2092 3299 2453 3372 ἐνοχλούντων
2487 3302 2619 3371 ἡμῖν
2656 3297 2845 3352 παθῶν
2864 3295 3110 3368 διορθοῦν
3133 3294 3544 3364 σπουδάζωμεν,
3568 3292 3656 3345 ἵνα
3676 3290 3773 3345 καὶ

2092 3390 2203 3444 τῶν
2224 3389 2501 3461 βλαϐερῶν
2523 3388 2874 3459 ἀπεχόμενοι,
2895 3384 3107 3449 καὶτὰς
3127 3382 3335 3452 ἀγαθὰς
3359 3381 3587 3452 πράξεις
3611 3395 3786 3450 μετα-υ

2094 3476 2401 3542 διώκοντες,
2422 3474 2739 3547 δυνηθῶμεν
2772 3472 2914 3526 κατὰ
2949 3473 3048 3544 τὴν
3084 3472 3300 3542 ἡμέραν
3320 3469 3534 3538 ἐκείνην
3553 3466 3653 3537 τὴν
3675 3481 3772 3535 φο-

2095 3563 2264 3635 ϐερὰν
2279 3564 2377 3635 τῆς
2397 3562 2547 3632 παρά
2565 3561 2658 3614 τοῦ
2672 3558 2805 3612 Θεοῦ
2823 3558 3231 3629 φιλανθρωπίας
3253 3553 3573 3624 ἀξιωθῆναι,
3586 3552 3773 3623 χάριτι

2097 3653 2191 3705 καὶ
2228 3653 2530 3722 οἱκτιρμοῖς
2567 3648 2660 3702 τοῦ
2708 3644 3030 3719 μονογενοῦς
3069 3642 3235 3698 αὐτοῦ
3276 3640 3428 3705 Υἱοῦ,
3456 3640 3576 3711 μεθ’
3595 3635 3656 3694 66
3693 3638 3774 3709 τῷ

2100 3739 2292 3812 [16:91,
2314 3738 2430 3810 ἅμα
2465 3735 2545 3807 τῷ
2583 3734 2724 3806 ἁγίῳ
2768 3733 3067 3804 Πνεύματι,
3088 3731 3236 3796 δόξα,
3258 3729 3480 3800 κράτος,
3503 3727 3660 3799 τιμὴ,
3680 3724 3775 3780 νῦν

2097 3826 2191 3879 καὶ
2210 3825 2319 3892 ἀεὶ,
2340 3824 2435 3879 1:61
2455 3824 2534 3888 εἰς
2551 3823 2676 3887 τοὺς
2698 3820 2901 3885 αἰῶνας
2918 3819 3027 3873 τῶν
3047 3816 3282 3873 αἰώνων.
3298 3817 3492 3886 Ἀμήν.

2553 3995 2798 4050 οΜιΑιΑ
2835 3992 2965 4047 κεν.
2991 3990 3142 4061 [219]

2100 4151 2209 4207 Καὶ
2230 4150 2454 4220 ἤρξατο
2473 4147 2601 4220 Λῇε
2619 4146 2927 4220 ἄνθρωπος
2949 4141 3205 4220 γεωργὸς
3241 4139 3375 4220 πῆς,
3394 4137 3494 4192 καὶ
3520 4137 3778 4220 ⁸ιτςςρύτεγ-

2169 4206 2283 4346 σῧῦ
2302 4206 2645 4289 ἀμπελῶνα,
2668 4206 2768 4269 καὶ
2802 4206 2972 4269 ἔπιεν
2992 4206 3073 4267 ἐνί
3094 4206 3200 4266 τοῦ
3223 4206 3412 4276 οἴνου,
3437 4206 3534 4262 καί
3562 4206 3775 4278 ἐμεθύ-

2171 4308 2215 4346 σ
2253 4309 2313 4358 η·
3592 4346 3595 4347 ,

2172 4421 2240 4468 6'.
2263 4412 2404 4484 Πρὸς
2423 4410 2483 4465 τὸ
2503 4411 2654 4474 τέλος
2673 4408 2859 4462 λοιπὸν
2879 4406 3197 4477 ἐφθάσαμεν
3208 4406 3306 4475 τῆς
3318 4401 3459 4456 κατὰ
3469 4401 3559 4456 τὸν
3570 4400 3779 4454 δίκαιον

2101 4501 2412 4563 ὑποθέσεως
2432 4517 2447 4531 ο
2470 4498 2572 4561 διὸ,
2595 4496 2918 4569 παρακαλῶ,
2943 4492 3251 4548 συντείνατέ
3275 4509 3366 4561 μοι
3383 4489 3483 4562 τὴν
3514 4488 3777 4555 διάνοιαν,

2101 4591 2195 4645 1:61
2230 4588 2369 4660 μετά
2399 4586 2686 4659 ἀκριϐείας
2716 4583 3009 4657 προσέχετε
3028 4583 3139 4646 τοῖς
3161 4578 3492 4651 λεγομένοις.
3514 4576 3649 4631 Οὐδὲ
3669 4574 3781 4649 γὰρ

2106 4695 2203 4750 μικ
2211 4677 2299 4751 ρὰ,
2322 4675 2441 4730 οὐδὲ
2462 4674 2529 4729 τά
2546 4672 2777 4745 τυχόντα
2796 4672 2915 4726 ἐστὶ
2934 4666 3331 4742 καρπώσασθαι
3353 4666 3445 4719 καὶ
3464 4666 3528 4717 ἐκ
3547 4663 3655 4716 τῶν
3678 4663 3781 4733 ση-

2106 4787 2270 4843 μερον
2290 4765 2718 4837 ἀνεγνωσμένων
2733 4780 2747 4795 '
2764 4763 2834 4816 τὰ
2849 4762 2957 4832 γὰρ
2974 4761 3083 4823 τοῖς
3105 4757 3353 4819 παλαιοῖς
3372 4752 3782 4843 συμϐεϐηκότα,

2103 4838 2153 4911 εἰ
2176 4838 2498 4928 βουλοίμεθα
2515 4854 2731 4923 νήφειν,
2756 4849 3018 4921 μεγίστης
3037 4847 3170 4918 ἡμῖν
3202 4840 3551 4928 διδασκαλίας
3585 4838 3782 4928 ὑπόθε-

2106 4923 2189 5007 σις
2209 4923 2419 5012 γίνεται
2462 4938 2561 4993 Διά
2578 4938 2687 5010 γὰρ
2706 4936 2865 4990 τοῦτο
2884 4934 2944 4988 οὐ
2968 4934 3128 5004 μόνον
3146 4931 3217 4984 τά
3236 4926 3644 5012 κατορθώματα
3670 4923 3785 4978 τῶν

2103 5011 2276 5100 άγίων
2317 5030 2645 5100 γέγραπται,
2666 5024 2804 5078 ἀλλὰ
2841 5023 2935 5077 καὶ
2971 5020 3041 5075 τά
3074 5018 3465 5090 ἁμαρτήματα,
3488 5013 3575 5068 ἵνα
3592 5011 3784 5100 τὰμὲν

2106 5096 2506 5188 φεύγωμεν-,τά
2541 5113 2599 5166 δὲ
2637 5109 3002 5182 ζηλώσωμεν⁸
3039 5106 3135 5160 1:61
3169 5104 3231 5158 66
3265 5101 3423 5155 :66:6
3444 5101 3623 5171 μόνον,

2104 5185 2344 5261 δείκνυσί
2365 5221 2447 5258 σοι
2466 5203 2501 5274 ὴ
2521 5200 2642 5254 θεία
2660 5198 2852 5271 Γραφὴ
2885 5196 2980 5250 καὶ
3010 5192 3252 5256 δικαίους
3275 5188 3536 5251 πολλάκις
3555 5185 3783 5274 σφαλέν-

2105 5311 2225 5357 τας,
2250 5292 2346 5346 καὶ
2381 5273 2739 5362 ἁμαρτωλοὺς
2771 5284 2971 5355 πολλὴν
2994 5278 3296 5353 μεταϐολὴν
3316 5273 3784 5362 ἐπιδειξαμένους,

2108 5383 2198 5436 ἵνα
2233 5360 2573 5450 ἑκατέρωθεν
2611 5373 2889 5447 ἀρκοῦσαν
2924 5366 3209 5439 δεξώμεθα
3226 5366 3326 5436 τὴν
3342 5361 3663 5433 ἀσφάλειαν,
3687 5360 3786 5450 καὶ

2112 5469 2251 5541 μήτε
2265 5469 2294 5522 ὁ
2307 5447 2478 5529 ἐστῶς
2495 5463 2672 5535 θαρρῇ
2686 5460 2826 5533 ὁρῶν
2840 5458 2934 5512 1:61
2944 5456 3183 5518 δικαίους
3202 5450 3630 5541 καταπεσόντας,
3646 5447 3785 5520 μήτε

2107 5536 2186 5610 δή
2213 5556 2272 5609 ὲν
2303 5552 2693 5626 ἁμαρτήμασιν
2711 5546 2787 5602 ὢν
2806 5541 3144 5616 ἀπαγορεύῃ,
3170 5539 3293 5595 ἰδὼν
3314 5537 3540 5626 πολλοῦς
3559 5536 3788 5626 ἀνενεγ-

2109 5642 2307 5706 κόντας
2343 5622 2435 5694 1:61
2474 5622 2608 5709 πρὸς
2631 5634 2801 5707 αὐτὴν
2820 5632 2918 5705 τὴν
2937 5632 3112 5701 ἀκραν
3132 5625 3378 5699 κορυφὴν
3399 5623 3601 5693 φθάσαι
3620 5622 3788 5709 δυνη-

2109 5704 2323 5792 θέντας.
2345 5704 2548 5797 Μηδεὶς
2583 5704 2784 5785 τοίνυν,
2809 5704 3127 5791 παρακαλῶ,
3163 5714 3265 5769 κᾶν
3302 5711 3474 5797 πολλά
3511 5704 3787 5797 κατορθοῖ)-

2117 5834 2262 5888 ματα
2287 5791 2470 5885 νέαυτῶ
2504 5809 2756 5874 συνειδὼς
2775 5806 2832 5883 ᾗ,
2856 5804 3144 5880 θαρρείτω,
3165 5800 3280 5857 ἀλλ’
3300 5795 3588 5868 ἐναγώνιος
3622 5791 3786 5854 ἔστω,

2175 5989 2206 6032 b
2240 5989 2467 6053 Quinque
2488 5984 2700 6036 ωδε.κώ
2720 5985 2764 6034 ὁ.
