4078 6502
511 436 610 493 261

511 565 656 606 scius
678 591 693 615 ,
721 549 1072 607 confidentior
1107 551 1207 618 sit,
1252 549 1347 607 sed
1375 550 1565 607 anxius
1593 552 1681 619 sit,
1710 562 1763 607 et
1798 551 2093 607 sollicitus:

510 650 567 696 et
596 641 777 715 audiat
806 642 1019 696 beatum
1049 642 1269 699 Paulum
1308 642 1687 699 admonentem
1711 651 1767 700 et
1793 644 2055 699 dicentem
2078 684 2096 711 ,

516 732 618 797 Qui
640 743 775 786 stare
796 733 891 787 sibi
912 736 1126 801 videtur,
1149 735 1317 788 videat
1353 752 1416 788 ne
1449 735 1597 789 cadat
1622 736 1696 805 (1.
1723 734 1841 790 Cor.
1873 735 1957 791 10.
1984 735 2094 806 12);

510 824 689 877 nullus
717 823 863 888 item,
890 825 978 894 qui
1008 825 1059 878 in
1089 824 1405 893 profundum
1435 825 1606 896 ipsum
1636 826 1850 880 malitia:
1875 825 2101 880 descen-

510 915 649 969 derit
674 957 687 977 .
713 915 901 969 salutis
924 931 1034 970 sua:
1063 932 1211 983 spem
1243 917 1459 985 abjiciat
1480 958 1495 983 ,
1523 916 1614 972 sed
1645 916 1963 971 ineffabilem
2004 915 2097 971 Dei

510 1007 928 1061 misericordiam
975 1009 1250 1078 cogitans,
1302 1009 1481 1063 audiat
1538 1009 1729 1064 iterum
1784 1009 1949 1064 Deum
2004 1024 2098 1077 per

511 1097 823 1166 prophetam
854 1099 1160 1153 dicentem:
1208 1098 1465 1170 Numqui
1504 1099 1666 1163 cadit,
1698 1116 1800 1154 non
1841 1098 2097 1169 resurgit;

506 1201 555 1243 et
579 1191 663 1260 qui
690 1191 864 1244 avertit
892 1208 966 1255 se,
994 1209 1092 1245 non
1118 1192 1380 1247 reuertitur
1411 1191 1467 1260 (Ι
1472 1209 1543 1246 er.
1571 1193 1624 1248 8.
1654 1192 1709 1262 4)
1732 1193 1756 1246 ?
1776 1200 1831 1247 et
1859 1193 2050 1247 iterum
2076 1233 2092 1257 ,

511 1279 650 1334 Nolo
688 1289 896 1333 mortem
939 1283 1232 1349 peccatoris,
1272 1283 1403 1337 sicut
1449 1283 1668 1336 converti
1706 1299 1817 1336 eum
1852 1292 1898 1336 et
1938 1283 2097 1335 vivere

506 1371 720 1438 (Ezech.
770 1372 857 1426 18.
901 1373 1012 1442 25).
1065 1373 1277 1437 Vidisti,
1322 1373 1539 1441 dilecte,
1580 1374 1758 1429 omnia
1803 1374 1856 1428 in
1884 1373 2096 1428 divinis

503 1462 793 1532 Scriptnris
818 1464 1048 1533 scripta,
1076 1479 1183 1518 non
1214 1464 1314 1518 alia
1336 1464 1405 1520 de
1428 1479 1590 1520 causa
1632 1465 1901 1522 memoria:
1932 1464 2094 1518 fuisse

508 1556 719 1620 tradita,
751 1572 906 1624 quam
939 1564 1155 1625 propter
1183 1569 1420 1611 nostram
1454 1556 1757 1622 utilitatem,
1790 1564 1845 1610 et
1875 1554 2094 1609 humani

501 1649 714 1716 generis
763 1649 1028 1703 salutem?
1058 1649 1182 1704 llzee
1223 1663 1401 1704 secum
1446 1648 1674 1719 quisque
1719 1658 1961 1702 nostrum
2000 1661 2091 1701 ex-

503 1738 736 1807 pendat,
766 1739 980 1809 suisque
1019 1755 1249 1810 congrua
1276 1740 1582 1795 vulneribus
1611 1738 1894 1808 pharmaca
1925 1739 2097 1807 impo-

503 1838 615 1884 nat.
641 1828 764 1883 Ideo
789 1829 929 1882 enim
977 1829 1177 1884 haecad
1221 1829 1424 1883 libitum
1468 1829 1716 1883 omnibus
1753 1837 2096 1897 suntpmpo-

500 1923 620 1985 sita,
670 1931 723 1975 et
775 1922 898 1975 licet
949 1914 1145 1976 volenti
1187 1923 1512 1977 conveniens
1563 1923 1673 1995 suis
1720 1921 2092 1976 affectionibus

501 2012 793 2066 remedium
838 2027 1128 2081 apponere,
1170 2021 1223 2067 et
1254 2013 1538 2067 sanitatem
1583 2013 1826 2081 accipere
1873 2012 2092 2067 celerri-

502 2118 640 2155 mam
667 2145 680 2169 ,
713 2112 914 2157 tantum
946 2104 1231 2157 medicinm‘
1247 2119 1429 2158 curam
1462 2119 1528 2158 ne
1563 2088 1913 2173 quis’rcjiciat
1934 2145 1949 2168 ,
1994 2103 2086 2158 sed

502 2205 711 2263 gratum
756 2209 908 2247 suum
951 2193 1200 2248 exhibeat
1245 2194 1682 2248 animum.Nulla
1722 2195 1862 2248 enim
1907 2204 1990 2248 est
2036 2195 2088 2248 in

502 2286 729 2340 humana
753 2295 940 2341 natura
968 2287 1047 2340 vel
1075 2288 1313 2355 corporis
1338 2287 1423 2340 vel
1449 2287 1641 2340 animre
1669 2286 1946 2356 aegritudo,
1971 2301 2089 2354 qum

503 2378 819 2432 medicinam
872 2378 994 2431 hinc
1041 2378 1282 2447 accipere
1318 2384 1565 2448 nequeat.
1597 2377 1920 2443 Quomodo?
1963 2377 2086 2442 die,

500 2469 744 2522 obsecro.
790 2467 1086 2538 Ingreditur
1112 2469 1228 2538 quis
1270 2468 1374 2522 huc
1415 2468 1624 2528 tristitia
1657 2477 1711 2522 et
1754 2467 2088 2537 negotiorum

500 2559 857 2613 sollicitudine
884 2568 1133 2613 oneratus
1156 2599 1170 2624 ,
1200 2569 1254 2614 et
1278 2560 1548 2629 ingressus
1577 2559 1679 2613 huc
1703 2598 1718 2623 ,
1760 2558 1829 2612 ita
1859 2572 2090 2612 moerere

500 2651 761 2716 obrutus,
817 2651 995 2705 statim
1053 2658 1108 2704 ut
1155 2650 1356 2705 audivit
1404 2649 1717 2720 prophetam
1772 2649 2085 2704 dicentem:

508 2742 674 2806 Quare
698 2742 852 2795 tristis
878 2758 959 2805 es,
995 2742 1165 2794 anima
1203 2757 1344 2808 mea,
1379 2751 1423 2796 et
1467 2758 1625 2813 quare
1660 2740 1927 2795 conturbas
1966 2742 2089 2796 me?

501 2832 668 2901 Spera
695 2833 747 2887 in
777 2832 971 2899 Deum,
998 2834 1236 2903 quoniam
1264 2833 1534 2901 conﬁtebor
1564 2834 1610 2886 ei
1631 2848 1650 2886 :
1677 2833 1897 2886 salutare
1924 2833 2090 2886 vultus

499 2925 614 2991 mei,
637 2935 683 2980 et
717 2925 848 2980 Deus
877 2943 1014 2980 meus
1043 2924 1211 2997 (Psal.
1240 2927 1328 2980 41.
1357 2927 1417 2983 6.
1430 2927 1502 2995 7);
1533 2924 1820 2991 sufficienti
1846 2926 2089 2979 consola-

502 3020 645 3074 tione
673 3028 918 3087 suscepta
952 3019 1081 3083 abit,
1109 3026 1164 3073 et
1189 3033 1400 3073 omnem
1429 3019 1572 3072 illam
1600 3018 1795 3072 mentis
1817 3016 2085 3071 tristitiam

499 3112 717 3167 excutit.
769 3112 917 3165 Alius
962 3112 1109 3174 item,
1153 3112 1240 3181 qui
1288 3122 1524 3166 extrema
1570 3110 1827 3181 premitur
1868 3109 2087 3178 inopia,

499 3203 754 3271 gravatim
782 3201 881 3256 fert
915 3212 969 3256 et
993 3212 1202 3265 iuuaret,
1235 3201 1421 3255 videns
1447 3201 1581 3255 alios
1604 3201 1807 3254 divitiis
1829 3198 2048 3254 afﬂuere
2068 3236 2084 3262 ,

499 3302 554 3347 et
580 3294 730 3348 valde
760 3292 954 3360 inﬂari,
984 3308 1280 3361 magnoque
1304 3302 1558 3360 apparatu
1584 3300 1638 3346 et
1665 3307 1855 3361 pompa
1878 3291 2082 3361 stipari.

500 3385 662 3439 Audit
689 3400 721 3440 e
776 3386 862 3439 hic
887 3385 1135 3439 eumdem
1170 3384 1481 3453 prophetam
1513 3385 1778 3438 dicentem
1809 3402 1822 3437 :
1855 3384 2006 3436 Jacta
2035 3384 2088 3435 in

501 3476 776 3530 Dominum
814 3493 989 3530 curam
1027 3488 1201 3542 tuam,
1231 3486 1279 3529 et
1322 3477 1429 3546 ipse
1467 3486 1514 3529 te
1542 3477 1751 3529 enutrict
1788 3474 1952 3544 (Psal.
1993 3475 2082 3529 51.

499 3569 625 3639 9.3);
660 3580 713 3623 et
753 3569 978 3623 iterum:
1013 3567 1095 3622 Ne
1133 3569 1308 3622 timeas
1345 3585 1459 3620 cum
1496 3569 1683 3620 ditatus
1711 3567 1861 3636 fuerit
1897 3570 2044 3619 homo
2069 3605 2083 3627 ,

499 3660 577 3714 vel
599 3678 712 3714 cum
740 3662 1075 3731 multiplicata
1102 3661 1252 3729 fuerit
1280 3661 1442 3731 gloria
1471 3660 1649 3713 dooms
1674 3660 1785 3728 ejus
1809 3675 1825 3712 :
1849 3661 2087 3729 quoniam

497 3769 610 3806 cum
626 3752 884 3815 interierit,
919 3769 1019 3805 non
1052 3761 1212 3805 sumet
1233 3751 1403 3805 omnia
1426 3748 1596 3821 (Psal.
1625 3745 1713 3804 48.
1736 3750 1820 3803 17.
1858 3750 1965 3817 18).
1997 3749 2088 3803 Est

498 3852 554 3896 et
587 3843 723 3898 alius
765 3858 975 3913 quoque
1015 3842 1105 3911 qui
1150 3842 1366 3896 insidias
1407 3850 1458 3895 ct
1490 3841 1781 3895 calumnias
1818 3840 2088 3894 sustinens

498 3933 663 3995 dolet,
691 3942 744 3988 et
782 3934 1054 3987 insuavem
1083 3942 1229 4001 putat
1270 3933 1462 3996 vitam,
1496 3946 1752 3999 nnSquam
1794 3923 2085 3984 humanum

501 4024 737 4078 invenire
782 4024 966 4078 valens
1004 4023 1280 4076 auxilium.
1312 4022 1542 4076 Docetur
1575 4032 1629 4077 et
1658 4022 1746 4075 hic
1782 4022 1850 4074 ab
1897 4020 2086 4074 eodem

500 4117 655 4171 beato
684 4117 940 4187 prepheta
972 4116 1024 4169 in
1058 4116 1250 4169 talibus
1277 4111 1541 4184 angustiis
1564 4129 1668 4167 non
1704 4113 1769 4166 ad
1797 4113 2084 4165 humanum

500 4209 804 4277 praesidium
842 4206 1290 4278 confugiendum:
1340 4204 1489 4259 audit
1525 4204 1664 4259 enim
1698 4205 1867 4273 ipsum
1904 4203 2086 4257 dicen-

501 4309 610 4354 tem
634 4316 647 4353 :
679 4297 793 4368 Ipsi
819 4298 1142 4352 detrahebant
1167 4296 1325 4361 mihi,
1356 4311 1447 4366 ego
1473 4304 1640 4349 autem
1668 4294 1875 4349 orabam
1911 4290 2081 4363 (Psal.

499 4389 622 4446 tos.
652 4389 728 4459 Α).

570 4481 756 4537 Preces
802 4481 973 4535 omnia
1027 4480 1156 4537 levia
1209 4489 1255 4534 et
1308 4477 1482 4548 facilia
1531 4477 1768 4532 reddunt.
1805 4474 2081 4529 -—Vidisti

495 4574 640 4629 unde
663 4583 867 4644 qua-rat
899 4574 1195 4629 auxilium?
1224 4572 1329 4628 Alii
1354 4613 1369 4638 ,
1401 4571 1568 4641 inquit
1592 4611 1606 4635 ,
1635 4570 1787 4624 dolos
1822 4576 2085 4623 consuunt

496 4675 552 4721 et
576 4666 870 4722 calumnias
899 4665 1259 4735 insidiasque:
1301 4680 1399 4734 ego
1441 4670 1620 4717 autem
1651 4660 1717 4714 ad
1755 4661 2083 4730 inexpugna-

496 4757 658 4812 bilem
686 4772 897 4811 murum
927 4755 1205 4826 confugio,
1237 4755 1301 4809 ad
1332 4764 1496 4809 tutam
1525 4752 1834 4818 anchoram,
1861 4750 1927 4805 ad
1962 4764 2084 4818 por-

499 4857 608 4901 tum
639 4847 892 4902 ﬂuctuum
914 4857 1210 4917 expertem,
1240 4846 1304 4899 ad
1339 4862 1542 4916 preces,
1574 4845 1808 4914 inquam,
1835 4858 1931 4911 per
1950 4855 2084 4910 quas

496 4938 674 4991 omnia
694 4936 929 4992 difficilia
951 4938 1082 4992 levia
1105 4948 1160 4992 et
1177 4937 1344 4990 facilia
1368 4937 1495 4990 mihi
1526 4936 1674 4989 fiunt.
1702 4934 1921 5000 Insuper
1948 4932 2083 4986 alius

495 5028 564 5083 ab
578 5029 738 5099 iisqui
760 5030 902 5099 prius
920 5030 1015 5098 ipsi
1032 5012 1419 5092 ministrabant,
1436 5026 1721 5095 despicitur
1734 5021 2085 5079 ctcontemni-

500 5128 601 5184 tur,
631 5131 791 5190 atque
811 5120 878 5172 ab
899 5119 1078 5174 amicis
1104 5119 1438 5188 relinquitur,
1471 5127 1523 5173 et
1544 5118 1645 5172 hoc
1665 5126 1743 5173 est
1775 5116 1913 5187 quod
1938 5133 2084 5172 men-

498 5219 605 5264 tem
631 5210 746 5279 ejus
777 5211 1006 5267 maxime
1028 5210 1310 5265 conturbat
1332 5220 1387 5266 et
1407 5209 1702 5266 confundit.
1726 5211 1832 5265 Sed
1854 5220 1907 5265 et
1928 5210 2013 5266 hic
2035 5211 2082 5267 si

499 5303 746 5368 voluerit,
771 5302 873 5358 huc
893 5303 1154 5359 accedens
1171 5303 1350 5359 audiet
1376 5304 1586 5359 beatum
1610 5304 1758 5357 illum
1781 5305 2078 5362 dicentem;

499 5392 658 5445 Amici
688 5394 784 5445 mei
813 5402 859 5445 et
887 5392 1103 5461 proximi
1126 5394 1221 5445 mei
1252 5393 1517 5446 adverswn
1544 5409 1619 5447 me
1644 5394 2081 5463 appmpinquave-

497 5496 617 5539 runt
638 5493 683 5539 et
706 5493 962 5540 steterunt.
995 5483 1065 5537 Et
1104 5486 1192 5553 qui
1227 5486 1371 5551 iuxta
1405 5502 1481 5537 me
1507 5496 1647 5537 erant
1685 5501 1716 5536 a
1746 5485 1891 5554 longe
1933 5494 2076 5538 stete-

496 5584 637 5640 runt,
668 5584 715 5629 et
741 5576 839 5628 vim
863 5576 1112 5646 faciebant
1141 5576 1225 5643 qui
1249 5578 1532 5644 (lacerabant
1559 5576 1779 5629 animam
1811 5592 1970 5628 meam
1988 5590 2007 5627 :
2035 5584 2083 5627 et

498 5664 583 5732 qui
607 5666 892 5734 qmcrebant
919 5669 1052 5719 mnta
1080 5665 1201 5718 milii
1220 5707 1234 5729 ,
1262 5666 1453 5734 toquuti
1473 5676 1586 5718 sunt
1612 5665 1851 5717 vanitates
1870 5705 1882 5727 ,
1910 5673 1955 5717 et
1986 5664 2081 5717 do-

501 5754 577 5806 Ios
617 5762 720 5805 tota
762 5754 845 5807 die
884 5754 1253 5808 meditabantur
1309 5752 1479 5822 (I’sal.
1507 5755 1595 5811 57.
1634 5753 1713 5807 12.
1744 5755 1855 5824 15).
1893 5753 2106 5807 Vidisti‘

504 5856 770 5904 struentes
798 5847 1016 5903 insidias
1044 5865 1206 5921 usque
1237 5848 1301 5902 ad
1331 5858 1553 5903 mortem
1589 5850 1788 5918 ipsam,
1819 5859 1870 5902 et
1894 5863 2077 5917 perpe—

1592 434 1654 491 IN
1683 433 1832 492 CAP.
1878 430 1970 487 IX.
2294 427 2524 487 HOMIL.
2570 433 2759 494 XXIX.

3686 454 3789 508 26?.

2216 554 2358 600 tuum
2385 548 2582 605 bellum
2611 555 2903 622 gerentes?
2930 554 3061 611 Nam
3083 557 3185 617 hoc
3212 561 3407 620 indicat
3425 604 3441 632 ,
3482 582 3601 624 cum
3624 572 3745 626 dicit
3774 593 3788 630 :

2208 638 2338 734 Tota
2357 643 2438 695 die
2457 644 2841 734 meditabantur,
2864 649 2985 718 quia
3008 665 3102 720 per
3125 661 3283 710 totam
3306 658 3487 713 vitam.
3510 661 3643 727 Quid
3666 683 3791 734 ergo

2208 728 2294 821 ille
2320 730 2553 799 interim,
2580 733 2703 789 dum
2729 736 3105 794 insidiarentur
3130 752 3183 796 et
3204 746 3538 813 molirentur,
3570 728 3791 821 agebat!

2207 818 2319 891 Ego
2348 832 2515 878 autem
2532 865 2547 888 ,
2578 826 2775 896 inquit,
2805 831 2952 900 quasi
2978 832 3160 886 surdus
3187 851 3285 889 non
3315 839 3526 893 audiens
3544 881 3560 905 ,
3586 818 3634 895 et
3660 845 3789 896 sicut

2207 925 2373 969 mutus
2396 932 2498 970 non
2525 920 2755 989 aperiens
2775 937 2831 974 os
2856 939 3042 989 suum;
3072 935 3117 979 et
3147 931 3310 997 factus
3333 947 3446 984 sum
3469 935 3598 987 sicut
3636 937 3789 991 homo

2205 1019 2304 1056 non
2343 1006 2588 1073 audiens,
2619 1018 2666 1063 et
2702 1026 2801 1063 non
2842 1012 3029 1067 habens
3071 1016 3123 1069 in
3163 1033 3248 1072 ore
3274 1036 3367 1074 suo
3406 1023 3790 1095 redargutiones

2205 1094 2379 1163 (Psal.
2401 1098 2490 1153 37.
2524 1100 2607 1154 M.
2638 1102 2749 1172 l5).
2779 1102 2967 1159 Vidisti
2992 1109 3343 1166 excellentem
3373 1114 3783 1185 philosophiam,

2203 1190 2469 1257 quomodo
2495 1190 2704 1249 diversa
2743 1195 2826 1250 via
2855 1196 3021 1252 vicit?
3046 1199 3124 1254 Illi
3153 1201 3305 1259 dolos
3330 1206 3645 1275 struebant,
3676 1210 3789 1278 ipse

2201 1293 2358 1335 aures
2388 1282 2703 1349 obturahat,
2734 1301 2801 1342 ne
2824 1288 3074 1347 audiret:
3123 1292 3200 1347 illi
3224 1296 3369 1349 omni
3408 1307 3645 1367 tempore
3683 1317 3786 1355 non

2201 1371 2483 1426 cessabant
2525 1373 2756 1444 linguam
2786 1391 3000 1442 acuere.
3032 1388 3089 1437 et
3111 1383 3373 1440 vanitates
3398 1395 3451 1441 et
3481 1388 3789 1445 fraudulen-

2202 1460 2302 1514 tias
2342 1463 2627 1531 meditari;
2670 1467 2960 1524 hieautem
3010 1472 3224 1529 silentio
3264 1476 3474 1531 illorum
3526 1481 3784 1536 insaniam

2200 1554 2602 1620 comprimebat.
2639 1558 2702 1612 Et
2729 1573 2896 1628 quare
2925 1562 3002 1617 sic
3025 1577 3084 1619 se
3108 1565 3279 1635 gerit,
3312 1575 3366 1622 et
3389 1568 3513 1623 licet
3542 1570 3646 1624 illis
3668 1571 3786 1626 hinc

2199 1647 2576 1712 apparantibus
2618 1649 2732 1718 ipse
2757 1652 2835 1706 sic
2869 1654 2979 1723 agit
3012 1652 3163 1725 quasi
3192 1659 3383 1713 surdus
3410 1670 3464 1715 et
3488 1673 3665 1718 mutus
3686 1704 3700 1726 ,
3732 1675 3788 1718 et

2199 1737 2349 1805 quasi
2394 1754 2566 1809 neque
2611 1731 2805 1807 au'res,
2852 1759 3024 1814 neque
3076 1747 3305 1817 linguam
3365 1751 3597 1806 habeat?
3648 1755 3786 1809 Audi

2198 1825 2369 1896 ipsum
2400 1838 2558 1885 tanta:
2585 1831 2935 1902 philosophia:
2958 1850 3170 1891 causam
3189 1838 3451 1894 dicentem
3474 1860 3487 1896 :
3514 1843 3644 1909 Quia
3667 1845 3718 1897 in
3742 1856 3788 1899 te

2196 1919 2413 1986 sperari,
2440 1917 2661 1975 Domine
2703 1921 2864 1992 (Ibid.
2896 1939 2943 1977 υ.
2976 1924 3083 1997 16).
3110 1927 3243 1995 Quia
3286 1945 3314 1982 a
3342 1940 3392 1985 te
3443 1923 3636 1999 pendet
3662 1950 3784 2002 spes

2197 2023 2336 2073 mea,
2371 2010 2560 2078 inquit,
2590 2020 2642 2065 et
2668 2012 2719 2065 in
2754 2022 2805 2067 te
2834 2029 2920 2068 me
2947 2016 3165 2084 projeci,
3200 2019 3342 2072 nulla
3372 2021 3498 2074 milii
3532 2038 3655 2076 cura
3679 2034 3782 2089 est,

2195 2098 2320 2167 quid
2351 2099 2422 2152 illi
2454 2109 2631 2169 agant.
2671 2101 2840 2156 Tuum
2870 2106 3012 2159 enim
3052 2108 3304 2161 auxilium
3333 2111 3461 2165 satis
3494 2122 3679 2179 potens
3703 2125 3784 2171 est
3865 2103 3876 2115 ’

2195 2187 2262 2241 ad
2286 2188 2590 2258 dissipanda
2634 2191 2747 2247 luce
2772 2195 2948 2247 omnia
2975 2237 2989 2261 ,
3019 2195 3297 2266 irritasqne
3337 2201 3632 2256 reddendas
3662 2206 3781 2258 illo-

2194 2293 2312 2333 rum
2339 2281 2755 2338 machinationes
2781 2293 2834 2340 et
2858 2285 3097 2353 insidias,
3130 2297 3186 2342 ut
3208 2288 3337 2343 nihil
3359 2306 3541 2346 eorum
3566 2294 3780 2364 implea-

2197 2379 2283 2425 tur
2307 2372 2447 2441 quod
2471 2385 2750 2444 apparant.

2264 2460 2319 2513 ‘2.
2362 2462 2632 2533 Scriptura
2674 2481 2820 2518 sacra
2869 2465 2923 2520 in
2967 2467 3338 2524 calamitatibus
3384 2474 3682 2531 antidotum.
3711 2506 3780 2521 --

2195 2550 2415 2608 Vidistis
2470 2554 2738 2623 quomodo
2774 2571 3106 2628 quacumque
3147 2562 3445 2618 calamitate
3493 2566 3779 2624 humanam

2194 2653 2434 2697 naturam
2481 2655 2776 2714 premente,
2820 2662 3119 2718 congruens
3147 2666 3212 2705 ex
3250 2653 3535 2723 Scripturis
3568 2659 3780 2713 antido-

2196 2741 2304 2788 tum
2330 2736 2571 2805 accipere
2610 2736 2785 2803 liceat,
2817 2747 2873 2793 et
2902 2755 3113 2794 omnem
3148 2742 3269 2797 vita:
3310 2745 3465 2815 hujus
3496 2764 3779 2807 mazrorem

2194 2826 2457 2895 repellere
2480 2867 2494 2892 ,
2523 2843 2695 2898 neque
2722 2829 2789 2881 ab
2820 2829 2930 2883 ullo
2956 2831 3096 2901 quod
3123 2834 3334 2899 accidit,
3366 2840 3573 2905 gravari
3597 2841 3620 2892 ?
3648 2842 3780 2895 l’ro.

2192 2924 2374 2984 pterea
2400 2919 2643 2981 obsecro,
2674 2928 2734 2973 ut
2763 2918 3069 2987 frequenter
3095 2921 3196 2976 huc
3223 2926 3468 2991 veniatis,
3498 2936 3552 2982 et
3583 2929 3779 2986 divina:

2193 3005 2479 3074 Scriptum
2504 3008 2783 3062 lectionem
2807 3010 3086 3080 diligenter
3106 3014 3445 3069 auscnltetis:
3474 3033 3577 3070 non
3605 3020 3779 3074 solum

2191 3112 2311 3152 cum
2340 3098 2442 3153 huc
2473 3100 2680 3163 venitis,
2708 3101 2800 3155 sed
2829 3110 2882 3156 et
2911 3102 3051 3156 domi
3082 3103 3287 3158 divinos
3316 3106 3478 3161 libros
3511 3110 3561 3163 in
3593 3126 3778 3166 manus

2192 3184 2418 3254 sumite,
2445 3199 2499 3243 et
2539 3191 2814 3244 utilitatem
2852 3192 2902 3245 in
2955 3193 3058 3248 illis
3093 3197 3315 3263 positam
3369 3214 3561 3268 magno
3601 3203 3777 3257 studio

2192 3278 2461 3347 suscipite.
2495 3279 2621 3334 Inde
2651 3281 2791 3335 enim
2827 3283 3045 3336 multum
3077 3285 3205 3338 lucri
3240 3289 3474 3341 nascitur
3504 3308 3516 3343 :
3550 3292 3777 3359 primum

2190 3369 2404 3439 quidem
2455 3370 2677 3425 lectione
2721 3372 2892 3443 lingua
2944 3374 3303 3443 reformatur;
3356 3379 3548 3437 deinde
3603 3384 3775 3439 anima

2192 3462 2454 3515 excitatur
2480 3470 2534 3515 et
2560 3464 2801 3515 sublimis
2821 3464 3067 3532 efﬁcitur,
3092 3467 3387 3539 jubareque
3413 3472 3776 3541 solisjus’titim

2193 3554 2483 3607 illustratur
2512 3594 2526 3619 ,
2584 3570 2785 3624 perque
2837 3566 3043 3625 tempus
3090 3558 3216 3613 illud
3269 3561 3335 3614 ab
3383 3562 3773 3621 in‘nuundarnut

2192 3645 2569 3713 cogitationum
2614 3646 2879 3700 illecebris
2924 3648 3212 3716 liberatur,
3262 3651 3426 3705 multa
3483 3659 3659 3722 quiete
3713 3673 3776 3713 ac

2196 3738 2572 3807 tranquillitate
2601 3738 2799 3793 fruens.
2834 3738 3054 3810 Insuper
3078 3742 3219 3810 quod
3249 3743 3312 3796 ad
3338 3747 3605 3814 augendas
3634 3749 3775 3804 vires
3814 3791 3817 3794 -

2193 3828 2431 3897 Corporis
2466 3827 2731 3884 sensibilis
2771 3829 2859 3883 ille
2896 3831 3045 3884 cibus
3074 3830 3228 3896 facit,
3279 3834 3329 3886 id
3376 3836 3566 3889 aninue
3618 3837 3777 3894 lectio

2193 3931 2428 3992 prmstat.
2470 3922 2755 3991 Spirituale
2795 3924 2936 3976 enim
2985 3924 3293 3979 alimentum
3340 3936 3450 3989 est,
3503 3939 3554 3981 et
3587 3929 3773 3986 fortem

2191 4013 2366 4068 reddit
2395 4014 2647 4079 animam,
2670 4026 2722 4068 et
2742 4017 3180 4080 constantiorem,
3233 4028 3287 4071 et
3317 4020 3483 4087 magis
3526 4023 3770 4090 philoso-

2193 4104 2424 4173 phicam,
2458 4120 2560 4157 non
2598 4105 2910 4172 permittens
2942 4116 2998 4158 ut
3041 4108 3108 4159 ab
3138 4106 3504 4163 affectionibus
3532 4112 3775 4168 absurdis

2190 4195 2456 4264 capiatur:
2476 4195 2567 4248 sed
2590 4195 2753 4248 levem
2774 4204 2828 4248 et
2847 4197 3039 4249 alatam
3060 4196 3279 4262 faciens,
3316 4199 3367 4251 in
3391 4200 3579 4255 caelum
3604 4204 3773 4274 ipsmn

2190 4284 2573 4353 propemodum
2605 4285 2870 4338 transfert.
2917 4285 3139 4339 Tantum
3190 4287 3344 4355 igitur
3373 4289 3574 4342 lucrum
3594 4333 3607 4354 ,
3638 4309 3734 4346 oro
3758 4336 3775 4359 ,

2192 4389 2260 4427 ne
2287 4390 2383 4444 per
2414 4375 2791 4444 negligentiam
2821 4376 3147 4439 amittamus,
3180 4376 3272 4429 sed
3306 4378 3464 4431 etiam
3501 4378 3642 4433 domi
3685 4398 3775 4441 va-

2191 4481 2374 4521 cemus
2400 4466 2698 4521 divinarum
2727 4466 3117 4536 Scripturarutn
3160 4468 3370 4522 lectioni
3392 4511 3404 4533 ,
3434 4479 3487 4523 et
3526 4471 3612 4527 hic
3639 4488 3773 4541 pra»

2191 4566 2371 4613 sentes
2407 4559 2591 4611 nonin
2629 4558 2784 4628 nugis
2825 4565 2879 4611 et
2922 4558 3514 4627 inutilibuscolloquiis
3564 4572 3779 4632 tempus

2192 4649 2523 4702 insumamus
2554 4667 2567 4703 :
2600 4648 2693 4702 sed
2725 4658 2938 4718 propter
2967 4648 3105 4716 quod
3138 4652 3503 4714 convenimus,
3536 4655 3773 4709 attcnda~

2192 4752 2311 4792 mus
2352 4753 2470 4808 quae
2500 4738 2773 4808 legantur,
2821 4747 2878 4791 ut
2920 4738 3104 4806 majori
3146 4738 3270 4792 inde
3312 4739 3481 4793 fructu
3526 4754 3783 4810 peacepto,

2193 4828 2470 4884 discedere
2494 4829 2667 4881 liceat.
2702 4828 2851 4895 Quod
2878 4829 2918 4880 si
2953 4829 3054 4880 hoc
3081 4829 3407 4896 ingressi,ad
3441 4828 3773 4899 intempesti-

2194 4935 2289 4974 vas
2317 4929 2368 4973 et
2391 4919 2599 4973 inutiles
2617 4917 3071 4972 confabulationes
3086 4933 3177 4970 vos
3203 4919 3476 4982 confertis,
3496 4929 3547 4972 et
3574 4921 3775 4989 absque

2191 5013 2435 5083 ampliori
2464 5010 2636 5065 fructu
2665 5009 2787 5063 hinc
2811 5008 2988 5069 abitis,
3015 5024 3129 5077 qua:
3153 5008 3389 5061 utilitas?
3413 5009 3601 5062 Annon
3631 5012 3772 5065 enim

2190 5106 2479 5162 absurdum
2507 5113 2605 5165 est,
2631 5118 2722 5156 eos
2739 5104 2826 5171 qui
2859 5101 2922 5153 ad
2952 5101 3230 5154 smculares
3260 5099 3519 5153 nundinas
3537 5104 3779 5173 veniunt,

2191 5198 2446 5254 sollicitos
2495 5209 2615 5250 esse
2663 5203 2716 5247 ut
2748 5202 3026 5261 antequam
3061 5190 3309 5255 redeant,
3344 5191 3517 5244 oinnia
3546 5210 3670 5261 quia
3709 5211 3772 5252 ex

2192 5288 2445 5345 nundinis
2473 5294 2677 5357 oportet
2712 5286 2956 5353 capiant,
2990 5283 3113 5336 licet
3141 5281 3376 5350 pecuniae
3406 5282 3772 5351 impendendus

2192 5382 2300 5437 sint
2326 5397 2340 5433 :
2368 5394 2461 5435 eos
2487 5387 2664 5432 autem
2695 5375 2783 5438 qui
2814 5374 2916 5428 huc
2940 5372 3005 5425 ad
3034 5370 3336 5438 spirituales
3380 5371 3475 5426 has
3513 5372 3772 5427 nundinas

2193 5474 2445 5538 veniunt,
2489 5484 2594 5524 nnn
2633 5482 2794 5522 omne
2843 5465 3078 5521 studium
3111 5463 3435 5534 impendere,
3467 5468 3773 5535 ntacceptis

2192 5563 2438 5627 utilibus,
2490 5570 2546 5615 et
2597 5563 2648 5614 in
2698 5558 2871 5612 anima
2902 5555 3179 5624 depositis,
3221 5555 3500 5620 recedant;
3545 5557 3772 5612 maxime

2191 5673 2310 5712 cum
2349 5655 2493 5709 nullo
2519 5653 2862 5722 pecuniarum
2882 5657 3095 5719 sumptu
3121 5648 3204 5702 hic
3230 5663 3366 5716 opus
3392 5657 3461 5702 snt
3481 5690 3494 5712 ,
3530 5648 3621 5703 sed
3658 5650 3769 5703 ala-

2191 5748 2383 5804 critate
2408 5747 2516 5800 sola
2549 5755 2599 5798 et
2628 5749 2828 5797 attenta
2855 5738 3071 5793 mente?
3111 5736 3179 5793 Ut
3201 5738 3360 5807 igitur
3394 5752 3460 5794 ne
3484 5738 3770 5794 deteriores

2194 5843 2360 5898 simus
2392 5838 2454 5891 iis
2482 5836 2569 5905 qui
2594 5834 2657 5891 ad
2692 5831 2973 5887 s:ccnlares
2999 5837 3264 5884 mercatus
3288 5827 3523 5895 vadunt,
3555 5840 3769 5897 operam
