4078 6418
378 360 486 417 263

364 653 460 707 sed
489 662 547 709 et
564 670 683 724 qua:
701 656 1045 726 suppeditare
1065 660 1335 730 possimus
1357 673 1414 719 et
1448 664 1570 720 aliis
1589 706 1606 733 ,
1651 679 1704 723 et
1733 685 1954 728 uxorem

1124 363 1183 420 3.
1222 367 1505 427 JOANNIS
1539 368 2022 437 CIIRYSOSTOSII
2059 382 2381 444 ARCllIEP.
2419 389 2962 463 CONSTAN'I‘INOP.

377 472 562 529 demus
582 517 598 541 ,
640 484 695 528 ut
729 490 985 546 perquam
1006 476 1290 549 vigilantes
1312 482 1517 552 simus,
1544 502 1614 543 ne
1636 486 1812 544 desint
1837 489 1965 548 hinc
2070 494 2305 565 Domine,
2338 503 2527 561 delebis
2573 517 2628 562 tu
2666 511 2907 584 reliquias

371 565 675 634 migraturis
701 567 888 621 viatica
911 609 925 633 ,
953 583 1075 639 qua:
1105 586 1210 626 non
1240 573 1414 628 solum
1453 576 1609 633 nobis
1655 580 1955 647 subiciant,

3559 430 3662 487 264

2952 517 3121 578 Israel
3144 525 3360 597 (Ezeclt.
3389 535 3444 591 9.
3482 538 3583 602 8)?
3609 559 3662 600 et

2071 588 2345 649 Danieletn
2372 596 2771 673 lamentantem,
2795 618 2849 663 et
2868 588 3169 704 dicentem}
3199 619 3458 683 Pauculos
3478 588 3571 686 niis
3586 638 3663 704 fe-

2070 681 2184 736 cisti
2228 685 2375 740 ultra.
2389 704 2560 745 onntes
2585 704 2755 763 gentes
2782 698 2946 770 (Dan.
2975 705 3064 774 7):
3106 692 3162 765 et
3192 714 3378 784 Amos,
3409 681 3659 780 Ptenitent

2518 744 2551 745 η
2585 744 2750 763 δι’-’ἠ
2782 744 2946 770 ι-’ννπ
2983 744 3064 774 υ·
3106 744 3162 765 vv
3192 744 3378 784 ηηιυδ,
3409 744 3655 780 Γωιηιειη

362 744 701 813 corrigi-udo,
727 755 785 801 et
810 746 1069 817 famulos,
1091 761 1147 806 et
1166 752 1398 809 vicinum
1423 796 1438 819 ,
1468 766 1524 811 et
1546 760 1812 826 amicum,
1846 762 1955 818 imo
2054 777 2131 826 et.
2158 771 2393 845 Domine,
2415 797 2567 851 super
2586 784 2680 839 ἡυε-
2705 788 2882 860 (Amos
2908 794 2961 848 7.
2989 797 3076 866 ‘5):
3109 809 3165 854 et
3196 803 3460 876 "aliaeue,
3487 813 3655 879 οηανε

362 831 526 879 etiam
557 834 847 879 inimimsm_
866 838 1013 879 'l‘nlin
1041 842 1186 879 anim
1216 852 1338 879 mani
1364 846 1656 879 animum".
1680 851 1923 879 4..--.-“
2075 874 2091 879 Α
2129 871 2143 879 .
2230 866 2260 879 ..
2316 869 2328 879 .
2430 871 2466 879 ..
2486 872 2498 879 .
2548 874 2558 879 -
2600 875 2610 879 -

361 831 526 887 etiatn
555 834 849 892 inimicum.
866 838 1014 893 Talia
1041 842 1186 897 enim
1215 852 1342 899 sunt
1364 846 1658 915 spiritualia
1679 851 1950 922 dogmata,

361 934 420 980 ut
437 927 742 982 communia
768 930 1020 986 omnibus
1064 946 1455 1004 proponantur,
1499 940 1749 1010 nullaque
1786 944 1858 999 sit
1897 945 1949 1000 itt

357 1015 440 1070 eis
466 1002 772 1088 diversitas,
804 1021 906 1077 nisi
936 1002 1150 1092 quando
1167 1002 1293 1096 quis
1315 1030 1484 1098 magis
1510 1002 1766 1088 inteniatn
1794 1037 1950 1092 aﬂ'crt

355 1118 589 1164 mentem
610 1151 626 1176 ,
651 1120 708 1167 et
741 1111 1049 1171 ferventiori
1095 1117 1364 1175 desiderio
1403 1121 1567 1178 alium
1596 1130 1944 1184 transcendit.

258 1206 261 1207 '
357 1199 542 1271 Itaque
563 1204 687 1274 quia
716 1213 920 1260 tantum
945 1217 1027 1262 est
1055 1223 1122 1263 ex
1153 1208 1252 1266 hac
1284 1211 1525 1269 doctrina
1571 1216 1777 1273 lucrum
1797 1262 1813 1285 ,
1844 1237 1946 1294 age

352 1290 514 1348 hodie
557 1295 691 1351 lecta
720 1297 771 1350 in
806 1298 1039 1355 medium
1069 1317 1465 1375 proponamus,
1497 1318 1553 1364 et
1594 1310 1767 1368 fructu
1811 1290 1949 1387 quo.

350 1384 492 1453 piam
522 1385 645 1442 inde
662 1389 909 1457 collecto,
931 1390 1150 1448 domum
1178 1395 1482 1454 redeamus.

420 1479 653 1539 Ebrietas
685 1483 799 1539 Noe
819 1488 1074 1557 quomodo
1112 1493 1344 1547 excusari
1387 1494 1583 1550 debeat.
1628 1527 1701 1539 —
1740 1499 1832 1556 20.
1874 1500 1941 1556 Et

341 1573 509 1642 coepit,
538 1574 730 1644 inquit,
766 1574 883 1631 Noe
905 1581 1055 1633 homo
1083 1581 1311 1652 agricola
1333 1594 1499 1661 teme,
1523 1597 1569 1641 et
1591 1590 1839 1657 plantavit
1862 1594 1938 1646 vi-

342 1665 621 1733 neam,2l.
638 1678 684 1721 et
711 1656 829 1723 bibit
855 1670 921 1724 de
933 1671 1129 1739 rino,et
1153 1674 1428 1732 inebriatus
1456 1656 1548 1734 est.
1567 1656 1703 1736 Vide
1725 1693 1938 1754 quanta:

342 1757 500 1812 nobis
521 1758 765 1815 utilitatis
790 1754 1002 1819 Occasio
1021 1774 1104 1820 est
1133 1766 1291 1838 hujus
1318 1768 1562 1828 lectionis
1591 1775 1931 1841 prooemium.

338 1847 565 1915 Quando
587 1850 730 1904 cnim
757 1852 1021 1919 audimus,
1038 1859 1242 1924 justum
1268 1859 1414 1914 illum
1432 1870 1485 1915 et
1503 1862 1818 1932 perlectum,
1841 1869 1931 1938 qui

338 1946 543 1993 tantum
556 1957 787 2011 superne
802 1946 1006 2014 accepit
1021 1948 1405 2016 testimonium,
1420 1951 1619 2009 bibisse
1633 1964 1688 2010 et
1702 1955 1933 2012 inebria-

336 2036 449 2084 tum
469 2044 618 2085 esse:
638 2033 908 2103 quomodo
936 2051 1035 2090 nos
1062 2037 1308 2108 posthac,
1328 2041 1416 2111 qui
1435 2044 1596 2100 tantis
1624 2054 1679 2099 et
1708 2057 1813 2102 tam
1835 2064 1929 2102 va-

335 2120 432 2177 tiis
456 2126 690 2194 peccatis
719 2126 963 2184 immersi
983 2144 1187 2196 sumus,
1224 2149 1332 2189 non
1364 2151 1550 2208 magna
1576 2143 1926 2200 contentione

330 2210 586 2268 damnum
634 2216 909 2273 ebrietatis
957 2220 1192 2292 ell'ugcre
1232 2224 1620 2283 studebimus?
1671 2231 1923 2298 Quamvis

331 2317 438 2358 non
468 2303 609 2360 idem
651 2306 821 2376 ipsum
856 2309 946 2373 sit,
975 2310 1175 2378 justum
1214 2314 1362 2370 illum
1410 2317 1513 2374 hoc
1553 2320 1680 2375 vitio
1707 2334 1922 2392 captum

328 2391 514 2462 fuisse,
541 2405 596 2452 ct
620 2412 721 2453 nos
751 2398 803 2453 in
834 2399 972 2455 idem
1004 2402 1259 2459 incidere;
1287 2406 1444 2460 Multa
1472 2410 1614 2464 enim
1636 2391 1783 2480 sunt,
1800 2430 1923 2484 qua:

324 2487 527 2555 justum
559 2488 704 2543 illuttt
736 2492 890 2547 venia
929 2493 1145 2564 dignum
1177 2497 1471 2554 declarant.
1501 2502 1632 2569 Qua:
1661 2521 1767 2560 non
1799 2507 1922 2563 dico

324 2581 477 2649 quasi
516 2583 830 2639 ebrietatem
874 2601 1160 2655 excusans,
1198 2590 1293 2645 sed
1318 2592 1691 2651 demonstrans
1716 2598 1918 2667 justum

324 2685 433 2725 non
467 2686 533 2726 ex
562 2672 965 2743 iutetnperantia
997 2718 1013 2743 ,
1043 2678 1139 2733 sed
1161 2674 1335 2748 potius
1364 2698 1428 2737 cx
1455 2683 1752 2753 ignorantia
1788 2704 1917 2760 snp-

330 2758 624 2827 plantatutn
670 2762 855 2819 luisse.
896 2765 960 2820 Et
1018 2768 1161 2837 quod
1206 2785 1313 2826 tton
1365 2772 1438 2826 ita
1468 2774 1783 2846 simpliciter
1807 2758 1913 2835 vini

323 2852 650 2919 potationcnt
681 2856 937 2913 invenerit
964 2858 1062 2931 (η),
1096 2861 1218 2917 audi
1243 2863 1573 2933 Scripturam
1596 2870 1713 2938 ejus
1732 2873 1916 2941 apolo-

318 2943 460 3013 giant
487 2944 821 3008 alTerentcm,
846 2965 965 3003 cunt
992 2951 1123 3007 dicit
1152 2970 1165 3006 :
1201 2953 1268 3008 Et
1293 2958 1439 3026 cmpit
1460 2957 1577 3014 Noe
1597 2961 1748 3017 homo
1772 2965 1912 3035 agri-

316 3035 431 3089 cola
458 3045 625 3105 terra,
658 3049 705 3092 et
740 3041 986 3109 plantavit
1026 3045 1243 3109 vineam,
1268 3058 1315 3101 et
1350 3049 1470 3103 bibit
1509 3053 1572 3104 de
1596 3054 1734 3120 vino,
1756 3065 1803 3108 et
1827 3057 1901 3110 in-

315 3125 653 3184 ebriatusest.
681 3128 823 3185 lstud
855 3133 1026 3202 ipsum
1056 3136 1197 3205 quod
1230 3138 1418 3209 inquit,
1462 3141 1642 3213 Cepit,
1675 3147 1911 3204 ostendit

314 3214 490 3284 ipsum
520 3217 625 3272 vini
652 3218 864 3275 bibendi
893 3224 1121 3292 primum
1156 3227 1488 3287 inventorem
1515 3234 1698 3304 fuisse,
1729 3247 1783 3292 et
1813 3254 1910 3308 per

313 3306 686 3378 ignorantiam,
714 3316 1040 3372 nescientem
1068 3321 1265 3385 justam
1308 3338 1522 3382 sumere
1574 3344 1903 3400 mensuram,

310 3400 365 3454 itt
394 3401 708 3458 ebrietatem
756 3406 1027 3467 incidisse.
1084 3411 1269 3484 Neque
1317 3415 1419 3472 hoc
1457 3420 1629 3475 solum
1658 3422 1710 3476 in
1745 3440 1904 3481 causa

307 3499 411 3558 est,
443 3493 538 3548 sed
568 3497 691 3565 quia
733 3514 924 3568 magna
970 3503 1252 3560 tenebatur
1303 3509 1536 3577 tristitia,
1594 3522 1649 3569 et
1698 3516 1904 3587 sibiipsi

306 3585 727 3643 consolationem
748 3589 870 3646 inde
885 3596 1194 3663 excogitare
1210 3599 1443 3668 volebat,
1462 3604 1601 3659 sicut
1618 3615 1673 3660 et
1688 3609 1903 3676 sapit-ns

306 3677 525 3747 quidatn
556 3679 689 3734 dicit
716 3698 729 3737 :
757 3680 893 3738 Date
915 3687 1087 3740 vinum
1112 3690 1175 3743 iis
1200 3692 1289 3761 qui
1313 3693 1364 3745 in
1395 3696 1620 3763 tristitia,
1643 3710 1688 3752 et
1709 3717 1902 3755 meram

305 3768 371 3822 iis
410 3769 501 3838 qui
532 3770 586 3823 in
632 3772 809 3827 dolore
853 3773 1038 3847 (Prov.
1076 3780 1165 3834 5|.
1195 3782 1268 3851 6)
1299 3800 1316 3838 :
1346 3797 1652 3843 monstrans
1696 3792 1899 3847 nullum

305 3872 429 3915 esse
477 3869 585 3916 tam
637 3877 875 3934 priescns
913 3868 1143 3925 tristitia:
1188 3875 1523 3943 remedium,
1578 3897 1737 3951 quam
1791 3885 1897 3941 vini

304 3962 458 4005 usum
496 3964 513 4015 ;
559 3960 787 4037 tantum
816 3957 1096 4015 utilitatem
1147 3963 1263 4033 ejus
1309 3967 1361 4020 ni
1405 3970 1595 4038 perdat
1638 3973 1898 4045 intempe-

303 4041 496 4095 rantia.
518 4042 671 4109 Quod
705 4032 882 4103 autem
914 4050 966 4105 in
997 4032 1206 4110 tristitia
1225 4066 1525 4118 etmterorc
1542 4062 1701 4121 luerit
1718 4067 1895 4136 justus

302 4128 417 4200 ille,
458 4134 646 4191 videns
686 4140 921 4210 seipsnnt
970 4145 1024 4200 in
1066 4155 1213 4204 tanta
1257 4153 1564 4222 solitudine,
1597 4168 1652 4214 et
1680 4161 1891 4219 illortun

299 4221 575 4281 hominum
603 4244 825 4301 corpora
871 4247 996 4292 ante
1032 4240 1216 4295 oculos
1242 4245 1499 4315 projects,
1526 4260 1582 4305 et
1608 4267 1892 4312 commune

295 4318 536 4373 omnium
555 4324 859 4392 sepulcrum
894 4326 1197 4387 hominibus
1227 4345 1282 4389 et
1331 4337 1498 4396 brutis
1529 4341 1749 4411 factum,
1770 4349 1892 4418 quis

296 4410 620 4479 negaverit?
649 4412 762 4470 Mos
809 4418 953 4473 enim
995 4423 1373 4491 prophetarum
1402 4442 1457 4487 ct
1474 4434 1741 4503 justorum
1773 4446 1899 4496 om-'

299 4497 444 4553 niunt
468 4509 574 4568 est,
613 4517 719 4557 non
749 4520 845 4575 pro
868 4508 932 4562 iis
951 4510 1227 4570 dumtaxat
1251 4519 1440 4577 dolere
1461 4497 1594 4596 ,‘qui
1619 4531 1722 4586 sibi
1763 4549 1888 4604 pro-

295 4589 423 4643 ximi
450 4600 576 4645 sunt
603 4633 618 4657 ,
646 4593 740 4648 sed
771 4607 820 4651 et
853 4613 952 4667 pro
997 4604 1216 4675 reliquis
1256 4589 1580 4672 hominibus.
1607 4621 1674 4676 Et
1700 4625 1744 4678 si
1763 4589 1887 4695 quis

292 4692 577 4738 recensere
593 4683 738 4753 velit,
767 4686 1005 4747 inveniet
1027 4708 1214 4754 omnes
1239 4700 1379 4759 hunc
1400 4711 1883 4774 eommiserationis

288 4770 539 4828 aﬂ'ectum
568 4791 678 4846 pra:
705 4794 765 4835 se
789 4768 944 4848 lerrc,
961 4794 1016 4841 et
1034 4789 1217 4847 audiet
1243 4793 1431 4852 Isaiam
1453 4802 1668 4872 quidem
1697 4809 1882 4865 dicen-

286 4870 392 4917 tetn
424 4880 439 4917 :
474 4862 653 4923 Nolite
678 4874 999 4942 contendere,
1028 4890 1083 4933 ut
1122 4898 1201 4936 me
1239 4889 1573 4947 consolentini
1600 4897 1655 4951 in
1682 4903 1877 4956 contri-

282 4953 419 5008 tione
441 4956 566 5024 ﬁlia:
586 4964 785 5030 generis
824 4968 922 5020 mei
948 4968 1101 5041 (Isai.
1130 4974 1222 5028 22.
1252 4978 1334 5049 4):
1359 4981 1645 5044 Jerctniatn
1670 4953 1874 5062 autem,

2065 866 2328 920 ostendisti
2373 871 2498 925 nti/ti
2538 874 2733 933 labores
2756 891 2804 934 et
2845 885 3100 944 molestias
3137 891 3157 959 (
3167 892 3361 951 llabn‘c.
3398 866 3567 973 1:5)?
3595 866 3647 964 et

2058 950 2249 1009 iterum
2268 996 2286 1023 ,
2318 955 2389 1011 Et
2436 963 2663 1032 facturus
2711 985 2764 1024 es
2809 974 3036 1030 homines
3081 950 3229 1051 quasi
3280 989 3443 1055 pisces
3496 950 3651 1052 maris

2057 1041 2217 1115 (IbiJ.
2246 1063 2297 1101 υ.
2326 1048 2438 1121 14);
2466 1063 2522 1107 et
2552 1054 2763 1114 beatum
2790 1059 2950 1118 istum
2989 1041 3189 1126 Mosam
3221 1041 3438 1149 manu;

2061 1144 2167 1191 tem
2197 1139 2379 1196 audiet
2407 1160 2423 1198 :
2451 1144 2516 1201 Si
2541 1148 2745 1216 quidem
2770 1153 2980 1211 dimittis
3005 1160 3074 1214 cis
3099 1139 3377 1237 peccatum,
3410 1173 3605 1233 dimitte
3622 1222 3640 1247 ,

2050 1226 2131 1281 sin
2150 1229 2336 1298 minus,
2369 1251 2449 1290 me
2483 1254 2678 1310 quoque
2705 1242 2817 1299 dele
2845 1245 3038 1318 (Exod.
3069 1226 3157 1309 33.
3189 1258 3304 1328 δί).
3337 1226 3403 1318 έι
3431 1226 3642 1338 iterum:

2047 1329 2170 1372 cum
2193 1322 2527 1389 promisisset
2554 1329 2629 1384 illi
2657 1331 2795 1388 Deus
2822 1337 3038 1407 majoris
3057 1348 3236 1414 populi
3264 1322 3636 1419 preter-turam

2046 1419 2107 1462 se
2140 1411 2457 1469 traditurum
2478 1455 2495 1482 ,
2517 1427 2571 1472 et
2613 1420 2872 1492 dixisset,
2901 1427 3112 1487 Dimitte
3129 1411 3246 1503 ἠιε,
3269 1411 3321 1493 et
3348 1411 3641 1503 delebo

2045 1499 2205 1556 mines
2232 1502 2373 1569 istos,
2400 1517 2447 1561 et
2473 1510 2661 1580 faciam
2689 1524 2736 1568 te
2757 1515 2809 1569 in
2834 1529 3033 1589 gentem
3062 1499 3299 1597 magnam
3325 1531 3519 1601 (Exod.
3541 1539 3634 1592 5‘2.

2046 1589 2134 1659 l0)
2174 1609 2190 1646 :
2239 1609 2413 1665 neque
2464 1598 2567 1655 hoc
2611 1604 2804 1671 voluit,
2851 1611 2945 1664 sed
2988 1589 3220 1682 praeesse
3268 1589 3385 1678 istis
3429 1589 3633 1686 maluit.

2045 1680 2175 1738 ltetn
2203 1687 2351 1744 orbis
2390 1690 2581 1747 doctor
2617 1696 2802 1753 beatus
2834 1680 3026 1760 Paulus
3059 1694 3359 1780 {Optabam
3399 1680 3635 1791 ipseiam;

2037 1775 2310 1832 anathema
2352 1796 2461 1836 esse
2498 1800 2530 1836 a
2576 1784 2778 1843 Christo
2825 1810 2918 1861 pro
2965 1775 3209 1866 fratribus
3234 1807 3377 1875 meis,
3406 1775 3634 1880 cognalis

2037 1865 2161 1921 meis
2181 1871 2457 1925 secundum
2482 1891 2686 1931 carnem
2710 1880 2889 1949 (Rom.
2920 1865 2973 1940 97
3000 1887 3079 1960 3).

2107 1957 2160 2013 3.
2198 1957 2416 2019 Vidistis
2433 1969 2702 2035 quomodo
2721 1971 2848 2041 justi
2867 1957 3056 2035 omnes
3078 1997 3320 2054 magnam
3346 1995 3631 2051 commise-

2032 2050 2294 2108 rationem
2322 2070 2447 2127 erga
2474 2061 2754 2130 proximos
2783 2081 2892 2136 pne
2913 2084 2973 2125 se
2998 2050 3259 2131 terebant.
3285 2050 3630 2143 Considerate

2033 2157 2175 2199 nunc
2223 2149 2492 2215 quomodo
2536 2162 2592 2208 et
2626 2153 2802 2235 justus
2832 2159 2920 2215 ille
2949 2178 3010 2217 se
3041 2164 3284 2224 habuerit
3310 2211 3327 2238 ,
3356 2178 3625 2243 quotuudo

2030 2234 2321 2294 verisimile
2360 2250 2445 2297 est
2481 2257 2605 2298 eum
2644 2234 2807 2304 fuisse
2858 2252 3145 2323 allectum;
3190 2271 3247 2316 et
3285 2234 3552 2334 quotttodo
3593 2288 3626 2327 a

2029 2325 2236 2384 tristitia
2271 2330 2694 2406 deprimeretur,
2731 2358 2852 2397 cum
2899 2348 3102 2405 videret
3145 2362 3251 2408 tam
3308 2358 3621 2419 immensam

2025 2418 2386 2489 solitudinem,
2435 2435 2490 2479 et
2528 2434 2724 2485 terram
2755 2432 2921 2500 illam,
2958 2453 3078 2507 quae
3114 2452 3270 2500 antea
3310 2457 3416 2503 tam
3459 2453 3621 2508 variis

2026 2506 2322 2565 luxuriabat
2342 2513 2558 2584 plantis,
2572 2527 2626 2574 et
2642 2520 2862 2578 ﬂoribus
2882 2506 3192 2600 ornabatur,
3221 2548 3443 2606 repente
3465 2544 3619 2611 quasi

2023 2599 2302 2668 spoliatam
2347 2608 2515 2662 comis
2549 2619 2601 2664 et
2639 2612 2833 2668 nudam
2866 2627 2921 2695 et
2963 2599 3298 2682 solitariam.-
3320 2628 3457 2685 Cum
3484 2599 3621 2705 ergo

2026 2699 2133 2745 tam
2163 2693 2459 2754 invaluerat
2488 2716 2711 2772 mceror,
2741 2693 2957 2777 parvam
2986 2718 3271 2783 quamdam
3298 2722 3397 2778 sibi
3425 2740 3620 2782 conso-

2021 2779 2272 2841 lationem
2301 2791 2608 2862 excogitans
2626 2837 2642 2863 ,
2674 2806 2831 2854 terra:
2858 2779 3099 2861 colenda:
3138 2822 3259 2865 sese
3284 2810 3487 2871 dedidit
3515 2834 3530 2872 :
3561 2829 3616 2874 ct

2018 2871 2216 2930 idcirco
2243 2879 2337 2943 ait,
2370 2879 2437 2935 Et
2464 2885 2612 2954 erepit
2642 2885 2760 2944 Noe
2778 2891 2929 2947 homo
2952 2895 3178 2966 agricola
3201 2911 3369 2972 teme,
3394 2917 3444 2960 et
3471 2871 3614 2979 plan;

2019 2970 2140 3018 tavit
2165 2969 2379 3025 vineam.
3282 2990 3285 2991 ⁷

2088 3056 2230 3113 Num
2263 3063 2505 3120 invenerit
2552 3068 2699 3124 vitam
2730 3071 2864 3129 Noe.
2897 3106 2971 3118 —
3003 3078 3109 3136 Sed
3128 3082 3251 3152 jure
3290 3085 3376 3142 hic
3408 3093 3603 3161 quieri-

2016 3154 2123 3215 tur,
2149 3163 2217 3204 an
2247 3150 2362 3221 ipse
2389 3169 2532 3211 nunc
2572 3158 2806 3228 plantam
2838 3150 3239 3239 invenerit,vvel
3268 3150 3504 3237 antea'et
3531 3185 3602 3239 ab

2011 3237 2165 3294 initio
2191 3241 2349 3298 luerit
2376 3246 2655 3314 producta.
2679 3252 2981 3316 Verisimile
3007 3273 3091 3318 est
3107 3237 3237 3321 eam
3266 3281 3421 3324 antea
3450 3281 3506 3327 et
3533 3275 3602 3329 ab

2012 3328 2163 3385 initio
2183 3331 2348 3390 fuisse
2373 3336 2425 3391 in
2456 3353 2549 3393 sex
2577 3340 2683 3398 illis
2701 3345 2889 3402 diebus
2916 3363 3171 3423 creatam,
3207 3361 3421 3428 quando
3462 3362 3598 3419 Vidit

2010 3418 2148 3474 Deus
2168 3425 2338 3478 omnia
2365 3444 2481 3498 qua:
2498 3433 2637 3500 fecit,
2657 3445 2703 3488 et
2728 3450 2872 3492 erant
2903 3443 3048 3497 valde
3068 3418 3202 3502 bona
3225 3418 3378 3522 (Gen.
3416 3458 3461 3508 l.
3485 3457 3595 3529 3|).

2008 3511 2236 3583 (Quiecit
2255 3518 2419 3585 enim,
2446 3521 2657 3582 dicente
2700 3529 2995 3602 Scriptum,
3030 3539 3163 3594 Dens
3188 3511 3271 3598 die
3297 3551 3509 3616 septimo
3534 3511 3599 3607 tib

2006 3606 2238 3661 omnibus
2258 3613 2496 3679 operibus
2517 3619 2623 3671 suis
2642 3636 2755 3688 quae
2778 3625 2897 3693 fecit
2914 3625 3063 3698 [Geta
3090 3632 3148 3687 2.
3165 3634 3279 3708 2]):
3307 3606 3402 3694 nec
3420 3606 3594 3700 tamen

2006 3708 2159 3749 usum
2182 3696 2387 3756 fructus
2409 3718 2479 3758 ex
2510 3706 2595 3761 illa
2623 3696 2960 3772 manilestsix;
2976 3719 3160 3779 ωερε.
3336 3734 3381 3785 si
3407 3733 3590 3791 luisset

2004 3782 2074 3837 ab
2112 3785 2265 3843 initio
2310 3800 2486 3859 notus,
2528 3799 2748 3853 omnino
2796 3804 2930 3861 Abel
2976 3810 3115 3867 inter
3153 3816 3360 3873 oblatas
3394 3822 3594 3881 hostias

2003 3874 2163 3930 etiam
2188 3879 2371 3935 vinum
2408 3883 2645 3944 lihasset.
2676 3891 2869 3950 Verum
2898 3900 3020 3969 quia
3055 3904 3367 3974 ignorabant
3414 3916 3589 3973 adhuc

2002 3966 2208 4026 fructus
2259 3989 2432 4042 llalllll,
2488 3980 2666 4049 planta
2714 3984 2813 4043 ltac
2843 3966 2929 4045 usi
2964 3966 3253 4055 nou'suut.
3290 4003 3387 4060 llic
3412 4019 3590 4066 autem

1999 4059 2337 4128 agricultura:
2366 4070 2654 4141 studiosus,
2697 4087 2751 4132 et
2772 4094 2977 4152 magna:
3005 4086 3294 4160 diligentiae
3324 4097 3421 4162 vir,
3454 4100 3590 4158 forte

1997 4148 2159 4204 etiam
2190 4152 2419 4210 fructum
2448 4159 2770 4235 degustavit,
2820 4148 2881 4226 et
2916 4148 3161 4236 contritis
3211 4184 3379 4243 botris
3408 4190 3585 4249 viuum

1999 4241 2144 4310 fecit,
2176 4260 2349 4316 eoque
2376 4265 2503 4306 usus
2526 4263 2628 4309 est.
2657 4257 2723 4313 Et
2749 4264 2872 4331 quia
2911 4283 3081 4338 nequc
3128 4275 3241 4344 ipse
3284 4291 3588 4349 gustaverat

1999 4334 2168 4404 prius,
2224 4354 2399 4408 neque
2437 4345 2598 4402 alium
2620 4352 2822 4408 sciebat
2859 4361 2948 4428 qui
2995 4334 3337 4438 auset-uisse;

1995 4440 2098 4493 qua
2131 4442 2378 4485 mensura
2407 4443 2461 4488 et
2483 4451 2585 4507 qua
2619 4442 2827 4501 ratione
2851 4448 3197 4523 utidehebat,
3222 4475 3318 4530 per
3339 4440 3586 4534 ignorau-

1998 4518 2128 4573 tiam
2152 4520 2201 4574 in
2227 4522 2542 4582 ebrietatem
2574 4532 2775 4590 incidit.
2811 4539 3096 4614 Pra-terea,
3125 4518 3387 4619 quo-niani,
3408 4562 3586 4618 carnis

1993 4623 2120 4664 esus
2144 4610 2196 4666 itt
2223 4615 2385 4670 vitam
2405 4617 2895 4686 hancintroductus
2916 4634 3034 4701 fuit,
3064 4610 3246 4708 postea
3269 4657 3324 4701 et
3350 4649 3459 4705 vini
3488 4668 3584 4721 po-
3644 4693 3654 4699 -

1993 4707 2077 4752 tus
2100 4705 2346 4761 accessit.
2399 4709 2526 4765 Vide
2550 4723 2750 4783 autem,
2778 4721 2989 4790 dilecte,
3018 4705 3290 4798 quomodo
3319 4705 3580 4806 paulatim

1990 4795 2173 4849 mundi
2216 4799 2525 4859 constitutio
2561 4806 2909 4879 dispensatur
2937 4795 3087 4890 (ea.
3120 4823 3198 4895 4),
3230 4838 3286 4882 et
3319 4795 3573 4902 'quilibet,

1986 4885 2278 4941 sccundmn
2319 4892 2632 4960 sapientiam
2670 4916 2699 4953 a
2741 4904 2851 4959 Deo
2886 4885 3089 4966 natura:
3131 4885 3393 4989 inditam‘,
3426 4885 3578 4981 initio

283 5046 408 5110 Quis
441 5048 581 5104 dabit
602 5055 760 5123 capiti
788 5074 899 5113 meo
923 5078 1131 5133 aquam,
1161 5079 1208 5121 et
1234 5046 1394 5129 oculis
1420 5080 1542 5133 meis
1571 5046 1874 5152 fontem
1983 5066 2154 5121 Studia
2184 5082 2311 5126 sunt
2332 5072 2655 5133 introducta.
2690 5082 2902 5144 Primus
2918 5092 3062 5147 enim
3085 5098 3455 5166 agriculturam

283 5152 570 5208 ενυιηατκυι
611 5144 744 5208 (Jer-
773 5148 830 5205 9-
857 5151 954 5208 ll?
999 5156 1334 5208 Ezechiele")
1378 5183 1508 5208 νηί-η
1573 5173 1679 5208 ll...
1724 5181 1849 5208 ...ξω
1982 5158 2149 5208 venit-
2173 5164 2441 5208 semmdnu
2459 5178 2628 5208 artam
2655 5180 2975 5208 hacin-nl...“
3020 5185 3229 5208 -12----”
3269 5207 3273 5208 ,
3362 5203 3374 5208 -
3444 5197 3455 5208 .

3089 5144 3459 5166 .,,---............
3488 5144 3571 5162 ...-

278 5152 570 5208 crymarunt
611 5144 744 5217 (Jer.
773 5148 830 5205 9.
857 5151 954 5224 l)?
999 5156 1334 5218 Ezechieletn
1378 5183 1527 5237 vero,
1566 5144 1681 5229 lien
1723 5181 1870 5249 tui/ti,
1982 5158 2149 5226 νθ¹¹ίίν
2173 5164 2441 5221 mmmam
2458 5178 2628 5226 "tam
2655 5180 2996 5247 pastoralem
3018 5185 3153 5242 alius
3169 5197 3570 5267 am'cma'iam'

1981 5247 2119 5302 alius
2140 5252 2420 5323 musicam,
2439 5258 2577 5314 alius
2600 5262 2883 5325 fabrilem:
2905 5272 2993 5328 hic
3007 5287 3185 5332 autem
3209 5280 3388 5350 justus
3403 5287 3572 5345 viaea:

1983 5338 2223 5397 colenda:
2251 5356 2422 5403 artem
2447 5356 2676 5409 naturali
2696 5358 2915 5416 solertia
2940 5338 3285 5439 excogitavit.
3314 5375 3381 5430 Et
3399 5382 3571 5451 capit,

1984 5428 2174 5498 inquit,
2212 5432 2330 5490 Noe
2362 5438 2513 5495 homo
2534 5446 2762 5514 agricola
2800 5460 2969 5522 terra,
2998 5468 3045 5510 et
3078 5428 3571 5540 pantomiming

1980 5530 2030 5573 et
2061 5521 2180 5575 bibit
2220 5541 2249 5579 e
2276 5528 2412 5597 vino,
2445 5542 2495 5587 et
2537 5535 2813 5596 inebriatus
2835 5556 2930 5600 est.
2953 5521 3138 5620 Cogita
3165 5521 3566 5624 qttomodo'ltoe

1981 5612 2210 5670 tristitia:
2231 5621 2703 5697 medicamentum,
2731 5637 2942 5694 sanitati
2990 5612 3240 5711 paranda:
3274 5661 3477 5721 aptum,
3522 5663 3565 5717 ei

1974 5703 2068 5769 'qui
2098 5707 2313 5764 modum
2344 5728 2440 5781 per
2474 5716 2828 5788 ignorantiam
2873 5703 3224 5806 transcendit,
3257 5703 3363 5799 noro
3390 5703 3562 5805 solum

1986 5793 2116 5849 nihil
2147 5800 2360 5860 nroluit.
2388 5807 2482 5864 sed
2502 5817 2557 5866 et
2573 5820 2771 5877 statum
2797 5818 2914 5884 cius
2939 5821 3182 5883 attendit.

278 5478 345 5559 ad.
374 5476 566 5559 lituram
619 5476 681 5559 lia

272 5548 435 5612 {digni-it
463 5550 563 5612 hoe
586 5548 681 5598 ι*ὺή
699 5555 985 5612 putationem

275 5597 285 5605 .
355 5597 362 5599 _
666 5597 674 5598 κ
699 5597 722 5612 Γ
734 5597 985 5622 ἶ...π-ηυντ,
1010 5597 1055 5609 ιιι
1067 5597 1080 5609 1
1094 5597 1205 5616 νιιῡι
1219 5597 1254 5617 ιι
1269 5607 1280 5618 ι
1301 5597 1409 5633 per,
1422 5597 1644 5639 0M9,

272 5600 595 5665 lttlrrlllgtrtttla
620 5617 715 5667 est,
743 5619 809 5661 tta
832 5624 887 5664 ttt
916 5632 1096 5692 sensus
1123 5628 1215 5687 sit,
1251 5638 1349 5683 Noe
1381 5649 1477 5686 non
1509 5637 1662 5693 luisse
1687 5647 1873 5709 simpli-

272 5659 394 5707 Char
508 5680 627 5709 γυνη
650 5679 899 5709 SIII'IMIIIII
926 5681 1177 5709 nIm-_.I..n:_.
1239 5690 1293 5709 12η
1318 5703 1344 5709 ν-
1436 5701 1446 5709 ·
1584 5705 1593 5709 ⁸
1691 5707 1700 5709 “
1750 5708 1755 5709 ⁷

650 5659 900 5725 διέσωεῶ
916 5659 1215 5747 anxias:
1237 5659 1352 5744 is”:

317 5739 374 5776 ὐΙ
395 5738 490 5777 luci
526 5743 581 5779 ω·
624 5766 638 5781 .

317 5739 374 5776 ῗυΙ
395 5739 638 5781 nuntient.
