4078 6406
256 359 358 416 9.65

336 472 474 526 Ἀλλ’
508 470 638 536 ἴσως
667 472 808 525 εἴποι
838 486 920 533 τις
954 470 1017 524 ἀν
1040 487 1052 500 ·
1108 470 1216 525 Καὶ
1249 470 1393 533 τίνος
1424 469 1607 522 ἕνεκεν
1651 465 1918 520 τοσούτων

254 557 403 632 [2841
440 559 607 631 γέμον
634 558 817 612 κακῶν
853 557 1017 628 φυτὸν
1064 557 1144 618 εἰς
1190 556 1280 609 τὸν
1313 555 1427 626 βίον
1482 554 1802 626 εἰσηνέχθη;
1830 551 1920 624 Μὴ

251 646 438 710 ἁπλῶς
461 646 529 699 τὰ
556 646 776 699 ἐπιόντα
807 644 1064 715 φθέγγου,
1100 643 1376 713 ἄνθρωπε.
1411 642 1485 696 Οὐ
1513 642 1621 711 γὰρ
1666 640 1727 693 τὸ
1755 638 1919 708 φυτὸν

253 733 436 796 κακὸν,
453 731 576 785 οὔτε
602 733 631 785 ὁ
650 727 791 794 οἶνος
817 731 1073 801 πονηρὸν,
1097 729 1210 782 ἀλλ’
1229 731 1263 800 ή
1295 728 1445 798 παρά
1474 727 1537 780 τὸ
1563 727 1679 781 δέον
1702 726 1917 796 χρῆσις.

254 816 374 871 Ὅτι
405 818 512 889 γὰρ
548 818 609 871 ού
627 818 798 889 ,παρά
824 818 914 871 τὸν
938 813 1078 870 οἶνον
1107 814 1175 870 τὰ
1198 816 1567 886 ἁμαρτήματα
1591 813 1662 866 τὰ
1702 812 1920 883 ὀλέθρια

249 905 510 968 τίκτεται,
536 904 671 958 ἀλλά
700 903 850 975 παρά
879 903 976 974 τὴν
1010 901 1406 972 διεφθαρμένην
1444 899 1687 970 γνώμην,
1722 898 1815 952 καὶ
1842 897 1919 969 τῷ

247 992 313 1059 τῇ
337 990 574 1061 ἀμετρίᾳ
601 989 957 1060 λυμαίνεσθαι
982 989 1080 1060 τὴν
1102 989 1166 1041 ἐκ
1187 988 1374 1041 τούτου
1398 986 1753 1056 ἐγγινομένην
1783 985 1921 1054 ὠφέ-

249 1076 397 1130 λειαν
420 1093 433 1106 ’
464 1076 552 1130 διά
579 1077 735 1131 τοῦτο
763 1075 858 1130 νῦν
892 1077 1029 1147 μετὰ
1056 1077 1147 1129 τὸν
1168 1074 1549 1144 κατακλυσμὸν
1571 1073 1808 1127 δείκνυσί
1836 1089 1919 1125 σοι

247 1162 343 1216 τοῦ
368 1164 512 1217 οῖνου
544 1163 641 1234 τὴν
674 1166 889 1240 χρῆσιν,
948 1164 1032 1216 ἵνα
1064 1162 1239 1235 μάθῃς
1270 1163 1352 1216 ὅτι
1407 1164 1501 1215 καὶ
1532 1165 1639 1232 πρὸ
1682 1160 1782 1229 τῆς
1822 1158 1917 1213 τοῦ

247 1249 391 1304 οἴνου
425 1252 672 1321 χρήσεως
692 1252 785 1304 καὶ
815 1252 894 1312 εἰς
914 1249 1199 1318 ἀσέλγειαν
1227 1247 1671 1320 ὑπερϐάλλουσαν
1706 1244 1921 1311 ἐξώκει-

246 1333 337 1389 λεν
364 1339 397 1407 ή
421 1337 529 1390 τῶν
549 1336 848 1406 ἀνθρώπων
877 1337 1057 1406 φύσις,
1094 1336 1187 1390 καὶ
1212 1335 1412 1407 πολλὴν
1448 1335 1555 1389 τῶν
1588 1334 1919 1406 ἁμαρτημά-

249 1439 357 1475 των
384 1424 481 1492 τὴν
516 1422 765 1477 ἐπίτασιν
794 1424 1126 1489 ἐπεδείξατο,
1158 1423 1252 1477 καὶ
1284 1422 1458 1476 ταῦτα
1490 1423 1631 1476 οἰνου
1668 1419 1916 1492 μηδαμοῦ

250 1509 572 1579 φαινομένου
592 1525 605 1537 ³
646 1508 733 1562 ἵνα
755 1510 847 1563 καὶ
872 1511 999 1563 ὅταν
1034 1510 1148 1581 ίδῃς
1172 1509 1271 1580 τήν
1300 1508 1391 1563 τοῦ
1423 1509 1564 1562 οἴνου
1591 1508 1807 1578 χρῆσιν,
1843 1506 1917 1578 μὴ

245 1591 323 1657 τῷ
345 1593 472 1665 οῖνῳ
501 1594 563 1647 τὺ
582 1596 690 1648 πᾶν
727 1594 937 1666 λογίσῃ,
965 1594 1101 1647 ἀλλά
1127 1597 1192 1666 τῇ
1227 1594 1541 1666 προαιρέσει
1574 1597 1640 1664 τῇ
1666 1591 1920 1664 διεφθαρ-

247 1679 407 1751 μένῃ,
437 1681 532 1733 καί⁸
584 1682 722 1750 πρὸς
766 1680 864 1752 τὴν
901 1682 1098 1736 κακίαν
1128 1681 1568 1751 αὐτομολησάσῃ.
1608 1679 1814 1741 Ἀλλως
1861 1679 1918 1732 δέ

246 1768 341 1820 καὶ
379 1768 629 1838 ἐννόησον
664 1767 766 1820 ποῦ
801 1770 1073 1840 χρήσιμος
1097 1769 1320 1839 γέγονεν
1352 1771 1379 1821 ὁ
1405 1764 1565 1833 οἶνος,
1589 1768 1680 1820 καὶ
1707 1766 1913 1837 φρῖξον,

246 1852 520 1923 ἄνθρωπε.
553 1853 616 1907 Ἠ
640 1854 744 1924 γὰρ
767 1855 1024 1919 ὑπόθεσις
1049 1857 1147 1926 τῆς
1165 1854 1435 1926 σωτηρίας
1462 1855 1618 1926 ήμῶν
1643 1853 1751 1906 τῶν
1775 1855 1914 1921 ἀγαο

246 1930 355 1993 θῶν
381 1939 470 1993 διά
495 1940 684 1993 τούτου
717 1941 971 1995 τελεῖται.
1011 1944 1217 1995 ἰσασιν
1241 1943 1288 1995 οἰ
1316 1942 1655 2012 μεμυημένοι
1688 1941 1748 1993 τὸ
1773 1940 1918 2009 λεγό-

247 2043 424 2096 μενον.
455 2028 561 2082 Καὶ
590 2028 812 2097 ἤρξατο
855 2029 984 2084 Νῶε
1004 2069 1021 2094 ,
1074 2031 1259 2101 φησὶν,
1316 2029 1623 2097 ἄνθρωπος
1662 2028 1916 2098 γεωργὸς

242 2110 378 2181 γῆς,
424 2115 522 2168 καί
554 2115 912 2183 ἐφύτευσεν
942 2115 1264 2185 ἀμπελῶνα
1287 2155 1303 2179 ,
1349 2115 1449 2172 καί
1494 2115 1665 2170 ἔπιεν
1710 2116 1780 2169 ἐκ
1809 2114 1915 2169 τοῦ

242 2197 431 2262 οινου,
456 2196 554 2252 καί
587 2200 909 2269 ἐμεθύσθη,
940 2200 1379 2270 καίἐγυμνὼθη
1420 2201 1490 2255 ἐν
1526 2199 1607 2266 τῷ
1634 2200 1777 2267 οἴκῳ
1804 2202 1913 2255 αὑο

240 2282 368 2336 τοῦ.
399 2284 581 2339 Δεινὺν
607 2287 734 2357 γὰρ,
781 2286 977 2352 δεινὸν,
1024 2286 1297 2357 ἀγαπητέ,
1334 2288 1367 2357 ή
1399 2286 1559 2357 μέθη,
1604 2286 1698 2339 καὶ
1755 2286 1914 2358 ἰκανὴ

242 2369 499 2441 πηρῶσαι
523 2371 623 2434 τὰς
646 2371 944 2443 αἰσθήσεις,
976 2373 1071 2426 καὶ
1094 2372 1496 2425 καταδαπτίσαι
1518 2372 1609 2425 τὸν
1632 2372 1912 2442 λογισμόν.

242 2454 346 2507 Τὸν
375 2453 485 2525 γάρ
505 2455 720 2524 λογικὸν
743 2456 1049 2526 ἀνθρωπσν,
1080 2457 1175 2510 καὶ
1196 2457 1295 2526 τὴν
1324 2456 1468 2509 κατά
1487 2455 1703 2510 πάντων
1742 2456 1915 2528 ἀρχὴν

240 2539 686 2613 ἀναδεδεγμένον,
709 2542 956 2612 καθάπερ
973 2542 1165 2613 νεκρὸν
1186 2544 1282 2596 καὶ
1300 2544 1681 2615 ἀνενέργητον,
1698 2544 1916 2612 δεσμοῖς

240 2640 384 2680 τισιν
409 2628 626 2692 ἀλύτοις
667 2630 947 2699 πεδήσασα
985 2628 1196 2682 κεῖσθαι
1231 2630 1668 2700 παρασκευάζει·
1717 2630 1915 2700 μᾶλλον

240 2712 299 2766 δὲ
328 2715 420 2767 καὶ
450 2714 646 2785 νεκροῦ
676 2718 877 2786 χεῖρον.
923 2717 980 2770 '0
1008 2715 1107 2786 μὲν
1136 2716 1243 2787 γὰρ
1266 2717 1360 2769 καὶ
1388 2717 1522 2787 πρὸς
1550 2717 1618 2770 τὰ
1647 2714 1789 2770 καλά
1822 2717 1915 2770 καὶ

241 2799 378 2871 πρὸς
399 2802 465 2853 τὰ
488 2803 632 2856 κακά
669 2804 1027 2874 ἀνενέργητος
1075 2803 1352 2873 τυγχάνει,
1378 2798 1531 2866 οὗτος
1566 2803 1621 2857 δέ
1654 2804 1789 2874 πρὸς
1816 2804 1913 2874 μὲν

240 2884 309 2939 τὰ
334 2887 474 2941 καλά
506 2888 888 2961 ἀνενέργητος,
926 2889 1061 2960 πρὸς
1088 2889 1145 2942 δέ
1171 2889 1239 2942 τὰ
1274 2889 1420 2942 κακά
1446 2888 1645 2958 μᾶλλον
1680 2890 1910 2958 ἐνεργεῖ,

242 2973 337 3024 καὶ
368 2975 543 3038 κοινὸς
590 2977 721 3029 πᾶσι
761 2976 935 3044 γέλως
980 2976 1289 3044 πρόκειται,
1348 2977 1443 3028 καὶ
1471 2978 1536 3046 τῇ
1577 2976 1796 3045 γυναικὶ
1823 2977 1914 3030 καὶ

240 3061 355 3122 τοῖς
393 3061 623 3126 παιδίοις
652 3063 748 3116 καὶ
769 3063 955 3126 αὐτοῖς
977 3066 1089 3126 τοῖς
1117 3063 1374 3126 οἰκέταις.
1410 3063 1474 3115 Οἰ
1508 3062 1605 3132 μὲν
1630 3063 1739 3134 γὰρ
1773 3063 1913 3132 φίλοι

135 3179 197 3215 ,η
242 3146 447 3199 οἰκείαν
477 3146 576 3218 τὴν
628 3147 890 3220 αἰσχύνην
945 3147 1281 3218 λογιζόμενοι
1340 3147 1788 3223 ἐγκαλύπτονται,
1821 3150 1914 3202 καὶ

241 3233 610 3302 αἰσχύνονται,
644 3236 694 3288 οἰ
724 3235 781 3288 δὲ
811 3235 995 3307 ἐχθροὶ
1030 3235 1315 3306 ἐφήδονται
1346 3234 1441 3288 καὶ
1471 3235 1788 3306 κωμῳδοῦσι
1821 3237 1914 3290 καὶ

240 3318 573 3389 ὲπαρῶνται,
607 3322 885 3391 μονονουχὶ
904 3321 1076 3375 ταῦτα
1098 3321 1344 3390 λέγοντες
1375 3321 1445 3375 τὰ
1494 3323 1711 3392 ῥήματα
1737 3339 1751 3352 ·
1786 3322 1914 3376 τοῦ-

240 3422 331 3458 τον
352 3405 431 3459 δεῖ
459 3407 718 3462 ἀναπνεῖν
750 3407 839 3463 τὸν
868 3410 1037 3480 ἀέρας
1068 3410 1129 3463 τὸ
1163 3409 1436 3481 βόσκημα,
1466 3410 1556 3463 τὸν
1585 3414 1788 3480 χοῖρον,
1820 3412 1912 3465 καὶ

239 3492 320 3546 ἔτι
350 3492 550 3547 τούτων
578 3494 937 3565 χαλεπώτερα
967 3494 1349 3567 φθεγγόμενοι.
1376 3498 1497 3550 Τῶν
1525 3499 1632 3568 γὰρ
1666 3498 1774 3551 ἀπὸ
1806 3498 1911 3551 τῶν

244 3579 495 3649 πολέμων
521 3581 945 3649 ἐπανελθόντων,
970 3584 1064 3637 καὶ
1091 3584 1189 3646 τὰς
1214 3588 1403 3655 χεῖρας
1426 3585 1748 3654 ᾑμαγμένας
1772 3585 1915 3654 ἐχόνο

242 3682 369 3729 των,
417 3668 509 3719 καὶ
556 3667 797 3738 φοράδην
842 3668 1127 3739 ἀγομένων
1174 3672 1352 3738 χεῖρον
1396 3666 1539 3723 οὗτοι
1591 3671 1909 3726 διάκεινται.

254 3751 524 3816 Ἐκείνους
554 3752 655 3822 μὲν
684 3753 791 3824 γὰρ
822 3755 951 3818 ἴσως
972 3754 1063 3808 καὶ
1083 3756 1519 3824 ἐγκωμιάζουσιν
1540 3758 1588 3808 οἰ
1623 3757 1805 3810 πολλοὶ
1827 3757 1914 3811 διὰ

238 3838 311 3892 τὰ
339 3839 609 3909 τρόπαια,
652 3840 885 3906 διά“τάς
928 3843 1104 3906 νίκας,
1137 3842 1225 3896 διά
1261 3843 1329 3897 τά
1355 3843 1643 3914 τραύματα
1693 3847 1785 3897 καὶ
1815 3846 1912 3909 τὰς

242 3922 455 3989 σφαγάς
475 3940 488 3954 ο
538 3923 761 3989 τούτους
803 3925 861 3979 δὲ
893 3925 1525 3991 ταλανίζουσιν,ἀθλίους
1554 3927 1908 3993 ἀποκαλοῦσι,

156 4070 162 4074 .
242 4009 411 4079 μυρία
429 4011 611 4075 αὐτοῖς
632 4012 944 4083 ἐπαρῶνται
970 4013 1135 4067 κακά.
1168 4014 1232 4067 Τί
1262 4013 1368 4086 γὰρ
1391 4013 1456 4067 ἂν
1472 4014 1557 4085 εἴη
1587 4013 1911 4086 ἀθλιώτερον

238 4095 335 4148 τοῦ
364 4099 430 4167 τῇ
454 4097 593 4171 μέθῃ
629 4100 1073 4171 προσηλωμένου,
1108 4102 1205 4155 καὶ
1257 4101 1380 4155 καθ’
1419 4102 1658 4172 ἑκάστην
1697 4103 1910 4174 ἡμέραν

237 4182 330 4235 τὸν
353 4183 592 4253 ἄκρατον
616 4186 967 4256 ἐκχεομένου,
990 4188 1087 4242 καὶ
1112 4186 1219 4242 τῶν
1246 4188 1523 4259 λογισμῶν
1543 4190 1604 4242 τὸ
1630 4192 1910 4260 κριτήριον

236 4266 678 4340 διαφθείροντος;
707 4272 805 4326 Διά
830 4273 988 4328 τοῦτο
1009 4275 1104 4327 καὶ
1126 4275 1289 4345 σοφός
1314 4293 1395 4338 τις
1424 4277 1662 4346 παρῄνει
1691 4276 1864 4344 λέγων
1890 4294 1906 4312 ο

252 4354 421 4424 Ἀρχὴ
448 4354 597 4426 ζωῆς
617 4358 931 4426 ἀνθρώπου
959 4361 1140 4428 ἄρτος
1170 4362 1270 4415 καὶ
1312 4362 1468 4429 ὕδωρ
1504 4363 1601 4415 καὶ
1656 4362 1906 4430 ἱμάτιον,

238 4441 337 4511 καί
364 4437 530 4508 οἶκος
554 4444 877 4499 καλύπτων
899 4446 1375 4515 ἀσχημοσύνην,
1418 4449 1504 4500 ἵνα
1554 4448 1658 4501 κᾶν
1688 4449 1799 4520 ἁλῷ
1824 4468 1909 4515 τις

238 4528 344 4582 ὑπὸ
373 4529 474 4598 τῆς
500 4529 692 4600 μέθης,
726 4531 802 4602 μὴ
835 4532 1280 4603 ἐκπομπεύηται,
1335 4534 1471 4604 μηδὲ
1494 4534 1905 4606 δημοσιεύηται,

235 4619 373 4675 ἀλλά
403 4620 497 4673 καὶ
520 4620 626 4673 ὑπὸ
650 4619 761 4673 τῶν
785 4620 1002 4673 οἰκείων
1025 4622 1445 4693 περιστέλληται
1466 4662 1481 4687 ,
1515 4624 1611 4676 καὶ
1662 4624 1735 4693 μὴ
1772 4642 1907 4695 προ-

234 4709 429 4779 κέηται
460 4709 594 4762 πᾶσι
637 4707 874 4777 γέλωτος
917 4710 1010 4763 καὶ
1054 4710 1444 4781 ἀσχημοσύνης
1489 4712 1763 4775 ὑπόθεσις.
1795 4713 1906 4768 Καὶ

235 4794 479 4864 ἤρξατο,
505 4797 658 4867 φησί,
693 4796 824 4850 Νῶε
848 4797 1160 4866 ἄνθρωπος
1189 4799 1441 4869 γεωργὸς
1469 4799 1600 4868 γῆς,
1629 4799 1729 4854 καὶ
1766 4800 1908 4868 ἐφύ-

231 4899 451 4938 τευσεν
471 4882 820 4954 ἀμπελῶνα,
845 4886 943 4941 καὶ
972 4885 1143 4939 ἔπιεν
1164 4887 1234 4940 ἐκ
1254 4887 1361 4941 τοῦ
1388 4888 1559 4942 οἴνου
1578 4926 1594 4952 ,
1632 4887 1733 4942 καί
1770 4888 1905 4958 ἐμε-

233 4971 454 5040 θύσθη.

302 5058 366 5113 δ’.
393 5059 466 5112 Τὸ
477 5058 575 5130 τῆς
594 5059 765 5131 μέθης
781 5060 974 5132 ὄνομα,
992 5063 1267 5135 ἀγαπητὲ,
1291 5065 1383 5117 ἐπὶ
1397 5063 1497 5133 τῆς
1511 5067 1670 5135 ἁγίας
1683 5068 1904 5140 Γραφῆς

231 5146 295 5200 ού
321 5146 592 5217 πανταχοῦ
649 5147 744 5201 ἐπὶ
777 5148 968 5202 τούτου
1011 5152 1246 5221 εἴρηται,
1294 5151 1431 5206 ἀλλὰ
1489 5158 1582 5208 καὶ
1619 5158 1769 5229 [285]
1810 5159 1904 5212 ἐπὶ

231 5235 572 5307 πλησμονῆς.
607 5235 777 5289 Τοῦτο
825 5232 918 5292 οὖν
949 5236 1016 5292 ἀν
1048 5255 1131 5301 τις
1162 5237 1308 5292 εῐποι
1358 5241 1486 5312 περὶ
1554 5245 1643 5297 τοῦ
1692 5247 1902 5299 εικαίου

232 5323 442 5384 τούτου,
478 5323 558 5376 ὅτι
596 5323 657 5376 ού
689 5323 757 5377 δι’
791 5324 1061 5395 ἀκρασίαν
1089 5327 1170 5388 εἰς
1202 5327 1301 5398 τὴν
1357 5328 1530 5400 μέθην
1567 5332 1900 5394 κατέπεσεν,

230 5410 343 5463 ἀλλ’
372 5413 405 5481 ή
430 5409 714 5483 πλησμονὴ
743 5409 903 5464 τοῦτο
931 5411 1080 5483 αύτῷ
1104 5414 1418 5484 εἰργάσατο.
1454 5418 1653 5471 Ἀκουε
1684 5421 1787 5490 γὰρ
1811 5420 1902 5471 τοῦ

230 5492 394 5547 Δαυῒδ
448 5492 733 5560 λέγοντος*
787 5494 1287 5561 Μεθυσθήσονται
1317 5498 1437 5553 ἀπὸ
1465 5498 1573 5567 τῆς
1621 5502 1905 5569 πιότητος

226 5580 335 5637 τοῦ
354 5581 526 5637 οἴκου
572 5594 712 5648 σου,
767 5582 891 5636 ἀντὶ
926 5581 1046 5650 τοῦ,
1076 5582 1495 5656 πλησθήσονται.
1528 5587 1736 5651 ’Ἄλλως
1764 5588 1822 5641 δὲ
1852 5590 1901 5641 οἰ

226 5671 293 5743 τῇ
328 5669 465 5742 μέθῃ
492 5668 719 5733 ἑαυτοὺς
754 5669 1051 5730 ἐκδιδόντες
1083 5670 1338 5725 οὐδέποτε
1380 5673 1544 5744 κόρον
1591 5674 1902 5744 λαμϐάνου-

229 5774 335 5821 σιν,
374 5757 490 5811 ἀλλ’
510 5756 620 5826 ὅσῳ
650 5755 715 5809 ἂν
745 5755 1009 5824 ἐγχέωσιν
1031 5755 1242 5820 ἑαυτοῖς
1268 5758 1360 5812 τὸν
1380 5759 1639 5830 ἄκρατον,
1662 5761 1901 5833 τοσούτῳ

233 5845 429 5909 μᾶλλον
454 5843 589 5913 πρὸς
617 5843 678 5895 τὸ
705 5841 858 5911 δίψος
892 5841 1208 5895 ἐκκαίονται
1228 5885 1243 5910 ,
1279 5848 1374 5899 καὶ
1413 5849 1448 5914 ή
1484 5847 1784 5918 μετάληψις
1814 5851 1901 5904 ἀεὶ

231 5930 561 5999 ὑπέκκαυμα
591 5929 797 6001 γίνεται
831 5926 926 5981 τοῦ
954 5925 1138 5997 δίψους
1160 5943 1172 5955 ·
1202 5930 1292 5982 καὶ
1332 5934 1399 5986 τὰ
1445 5933 1557 6001 μέν¹
1578 5933 1681 6003 τῆς
1709 5934 1901 6006 ήδονῆς

1055 355 1112 412 ε.
1151 354 1437 413 JOANNIS
1473 348 1962 424 CHRYSOS’IOMI
2001 346 2313 403 ARCHIEP.
2352 342 2896 402 CONSTANTINOP.

3597 342 3702 401 266

2031 458 2359 534 ήμαύρωται
2381 458 2587 524 λοιπὸν,
2608 460 2669 513 τὸ
2684 459 2740 511 δὲ
2759 457 2908 528 δίψος
2935 456 3355 512 ἀκατάπαυστον
3375 458 3598 527 γεγονὸς
3618 457 3700 523 εἷς

2028 550 2189 603 αὑτὸν
2218 548 2311 600 τὸν
2351 534 2592 617 κρημνὸν
2634 544 2735 616 τῆς
2768 544 2945 614 μέθης
2991 545 3219 613 κατάγει
3252 546 3378 608 τοὺς
3406 544 3498 598 ὑπ’
3529 546 3697 614 αὐτῆς

2029 635 2403 706 αἰχμαλώτους
2427 633 2845 704 γεγενημένους.
2876 631 2984 687 Καὶ
3021 633 3341 702 ἐφύτευσε,
3367 637 3531 707 φησὶν
3550 678 3565 703 ,
3586 636 3695 705 ἀμ-

2028 722 2290 786 πελῶνα,
2316 722 2416 776 καί
2438 723 2609 775 ἔπιεν
2646 720 2713 773 ἐκ
2745 719 2851 774 τοῦ
2877 719 3067 786 οἴνου,
3108 720 3206 773 καὶ
3234 722 3565 789 ἐμεθύσθη,
3597 722 3696 777 καὶ

2028 807 2333 878 ἐγυμνώθη
2355 809 2425 861 ἐν
2446 806 2525 871 τῷ
2553 807 2695 870 οἴκῳ
2727 805 2932 859 αὐτοῦ.
2967 806 3111 877 Ὅρα
3142 805 3304 859 αὑτὸν
3328 808 3430 860 οὐκ
3460 806 3565 872 ἔξω
3595 827 3695 861 που

2027 897 2184 952 τοῦτο
2219 896 2518 967 πάσχοντα,
2554 894 2685 947 ἀλλά
2716 896 2772 947 ἐν
2795 892 2873 963 τῷ
2900 895 3033 964 οἴκῳ
3060 893 3245 949 αὑτοῦ.
3279 895 3379 949 Διά
3403 894 3511 965 γὰρ
3540 896 3697 950 τοῦτο

2027 983 2414 1055 ἐπεσημήνατο
2438 984 2471 1054 ή
2498 982 2617 1035 θεία
2642 981 2833 1054 Γραφὴ
2853 982 2928 1034 ὅτι
2972 982 3075 1035 Ἐν
3097 980 3177 1046 τῷ
3198 981 3343 1046 οἴκῳ
3371 982 3578 1045 αὐτοῦ,
3611 983 3697 1037 ἵνα

2028 1077 2092 1129 ἐκ
2121 1074 2230 1128 τῶν
2264 1073 2621 1144 ἐπαγομένων
2647 1072 2746 1144 τὴν
2769 1071 3017 1124 ἐπίτασιν
3045 1071 3161 1142 ἴδῃς
3180 1071 3277 1141 τῆς
3303 1071 3567 1143 πονηρίας
3600 1071 3698 1125 τοῦ

2026 1161 2124 1234 τὴν
2148 1161 2426 1233 γύμνωσιν
2450 1158 2951 1229 ἐκπομπεύσαντος.
2984 1155 3093 1210 Καὶ
3120 1153 3261 1220 εἶδε,
3302 1157 3456 1227 φησι,
3501 1156 3630 1226 Χάμ
3660 1160 3696 1210 ὁ

2027 1248 2221 1317 πατὴρ
2254 1244 2498 1302 Χαναὰν
2517 1245 2630 1313 τὴν
2659 1245 2966 1315 γύμνωσιν
2992 1243 3098 1298 τοῦ
3120 1243 3344 1311 πατρὸς
3363 1242 3580 1309 αὐτῶν,
3598 1244 3701 1297 καί

2026 1334 2288 1399 ἐξελθὼν
2318 1333 2638 1401 ἀνήγγειλε
2668 1331 2794 1396 τοῖς
2825 1329 3009 1384 δυσίν
3026 1330 3312 1399 ἀδελφοῖς
3336 1330 3523 1383 αὑτοῦ
3555 1330 3695 1393 ἔξω.

2028 1423 2181 1491 Τάχα
2207 1424 2255 1474 εἰ
2280 1420 2371 1474 καί
2391 1437 2534 1482 τινες
2553 1419 2730 1489 ἕτεροι
2755 1413 2918 1488 ἦσαν,
2947 1417 3221 1479 κάκείνοις
3240 1417 3305 1469 ἂν
3336 1417 3570 1486 ἐμήνυσε
3597 1418 3699 1486 τὴν

2026 1508 2120 1561 τοῦ
2154 1510 2364 1578 πατρὸς
2393 1504 2783 1575 ἀσχημοσύνην
2804 1520 2817 1533 ·
2840 1502 3076 1573 τοσαύτη
3105 1498 3174 1572 ἦν
3194 1502 3288 1555 τοῦ
3321 1504 3507 1565 παιδὸς
3534 1504 3567 1573 ή
3596 1520 3696 1573 μο-

2026 1595 2246 1667 χθηρία.
2271 1593 2371 1648 Διά
2394 1595 2502 1662 γὰρ
2521 1592 2699 1655 τοῦτο,
2732 1590 2819 1645 ἵνα
2854 1590 3029 1661 μάθῃς
3062 1591 3144 1643 ὃτι
3163 1589 3369 1643 ἀνωθεν
3401 1591 3495 1642 καὶ
3514 1588 3573 1654 ἐξ
3596 1592 3696 1657 ἀρ-

2027 1684 2128 1755 χῆς
2166 1681 2558 1751 διεφθαρμένος
2585 1674 2652 1748 ἦν
2681 1678 2780 1748 τήν
2810 1678 3058 1748 γνώμην,
3112 1678 3213 1746 οὐχ
3260 1676 3446 1740 ἁπλῶς
3485 1673 3634 1729 εἶπεν
3662 1679 3696 1747 ή

2027 1767 2234 1840 Γραφὴ,
2269 1768 2349 1820 ὅτι
2377 1764 2480 1819 εἶδε
2502 1764 2631 1834 Χάμ
2651 1765 2751 1835 τὴν
2789 1763 3069 1833 γύμνωσιν
3106 1762 3201 1815 τοῦ
3236 1762 3440 1833 πατρὸς
3483 1762 3648 1816 αὐτοῦ
3678 1803 3695 1825 ,

1990 1860 1995 1866 ’
2024 1854 2161 1909 ἀλλά
2186 1854 2271 1918 τί;
2302 1852 2410 1907 Καὶ
2433 1849 2554 1905 εἶδε
2581 1851 2710 1920 Χὰμ
2729 1852 2763 1904 ό
2789 1849 2987 1917 πατὴρ
3007 1847 3269 1911 Χαναὰν.
3303 1847 3456 1910 Τίνος
3488 1849 3694 1913 ἕνεκεν,

2024 1940 2145 1995 εἰπέ
2173 1958 2283 2011 μοι.
2314 1940 2409 1993 καὶ
2437 1937 2672 1992 ἐνταῦθα
2708 1936 2803 1990 τοῦ
2828 1934 2946 1988 υἰοῦ
2987 1935 3135 2003 λέγει
3166 1934 3264 2003 τὴν
3294 1934 3696 2005 προσηγορίανς

2026 2028 2145 2081 Ἵνα
2180 2026 2355 2098 μάθῃς
2381 2027 2463 2078 ὅτι
2494 2025 2738 2096 ἀκρατής
2763 2040 2847 2087 τις
2877 2018 2947 2094 ἦν
2978 2023 3074 2076 καὶ
3104 2022 3427 2085 ἀκόλαστος,
3468 2022 3562 2074 καὶ
3588 2021 3698 2076 ἀπὸ

2023 2114 2123 2183 τῆς
2146 2113 2317 2182 αὐτῆς
2345 2110 2594 2181 γνώμης,
2629 2111 2724 2179 ἀφ’
2749 2106 2817 2183 ἧς
2845 2111 2904 2166 ἐν
2934 2109 3171 2181 τοσαύτῃ
3207 2108 3533 2162 καταστάσει
3565 2127 3696 2163 παι-

2023 2201 2260 2255 δοποιεῖν
2282 2198 2560 2269 ἠνέσχετο,
2592 2198 2700 2251 ἀπὸ
2718 2198 2818 2268 τῆς
2843 2198 3014 2267 αὐτῆς
3040 2198 3134 2250 καὶ
3153 2195 3246 2248 νῦν
3272 2196 3351 2258 εἰς
3387 2196 3477 2247 τὶν
3508 2212 3698 2264 γεγεν-

2023 2286 2225 2357 νηκότα
2249 2284 2522 2356 ἐξύϐρισε.
2548 2284 2659 2337 Καὶ
2694 2284 2978 2349 ἐξελθὼν,
3010 2284 3195 2353 φησὶν,
3229 2282 3547 2352 ἀνήγγειλε
3572 2284 3699 2350 τοῖς

2023 2373 2207 2427 δυσὶν
2258 2370 2540 2441 ἀδελφοῖς
2579 2371 2767 2425 αὑτοῦ
2795 2370 2930 2435 ἔξω.
2970 2372 3112 2439 Ὅρα
3143 2386 3232 2440 μοι
3272 2368 3522 2434 ἐνταῦθα,
3555 2371 3697 2436 ἀγα-

2025 2460 2182 2530 πητέ,
2216 2459 2334 2522 πῶς
2363 2460 2462 2512 οὐκ
2489 2460 2549 2511 ἐν
2581 2461 2647 2529 τῇ
2676 2457 2837 2527 φύσει
2863 2456 2934 2510 τὰ
2957 2458 3054 2528 τῆς
3081 2456 3276 2518 κακίας
3303 2455 3562 2524 ἔγκειται,
3580 2456 3695 2510 ἀλλ’

2025 2547 2082 2598 ἐν
2120 2549 2184 2615 τῇ
2210 2544 2405 2618 γνώμῃ
2435 2546 2528 2597 καὶ
2562 2545 2620 2597 ἐν
2649 2548 2716 2615 τῇ
2768 2544 3106 2615 προαιρέσει.
3166 2542 3295 2596 Ἰδοὺ
3324 2543 3433 2613 γὰρ
3461 2544 3697 2612 ἀμφότε-

2027 2647 2109 2702 ροι
2132 2632 2232 2702 τῆς
2255 2632 2423 2701 αὐτῆς
2450 2630 2685 2700 φύσεως,
2710 2631 2804 2683 καὶ
2834 2629 3072 2699 ἀδελφοὶ,
3106 2630 3197 2682 τὸν
3221 2630 3385 2683 αὐτὸν
3409 2630 3565 2698 ἔσχον
3588 2645 3696 2683 πα·-

2024 2717 2177 2789 τέρα,
2210 2717 2319 2771 τῶν
2338 2717 2518 2770 αὐτῶν
2540 2718 2862 2788 ἀπήλαυσαν
2883 2716 3109 2781 ὠδίνων,
3134 2716 3229 2786 τῆς
3284 2718 3453 2786 αὐτῆς
3506 2720 3699 2785 ἐπιμεο

2024 2804 2173 2867 λείας
2203 2804 2413 2874 ἔτυχον,
2449 2804 2562 2857 ἀλλ’
2589 2805 2648 2856 ού
2670 2805 2767 2873 τὴν
2795 2804 2965 2873 αὐτὴν
2991 2803 3309 2873 προαίρεσιν
3334 2803 3694 2870 ἐπεδείξαντο·

2023 2893 2137 2945 ἀλλ’
2166 2894 2195 2945 ὁ
2227 2894 2324 2963 μέν
2354 2893 2489 2963 πρὸς
2506 2893 2605 2961 τὴν
2636 2893 2834 2945 κακίαν
2860 2890 3167 2957 ἐξώλισθεν,
3197 2894 3246 2945 οἱ
3274 2893 3449 2963 δὲτὴν
3479 2892 3694 2962 ὀφειλο-

2027 2980 2193 3051 μένην
2217 2979 2293 3050 τῷ
2322 2979 2490 3048 πατρὶ
2520 2979 2687 3049 τιμὴν
2733 2978 3056 3048 ἀπένειμαν.
3110 2980 3270 3042 Ἴσως
3299 2978 3358 3032 δὲ
3404 2981 3498 3032 καὶ
3524 2981 3698 3049 ἐπεμ-

2023 3068 2223 3122 ϐαίνων
2259 3071 2325 3138 τῇ
2348 3065 2443 3120 τοῦ
2472 3068 2676 3136 πατρὸς
2702 3067 3061 3140 ἀσχημοσύνῃ
3084 3068 3179 3121 καὶ
3203 3067 3478 3137 κωμῳδῶν
3511 3067 3571 3120 τὸ
3602 3084 3697 3136 γε·
3766 3124 3771 3128 ,

2022 3157 2177 3225 γονὸς
2234 3154 2536 3227 ἐξήγγειλε,
2573 3156 2664 3208 καὶ
2690 3157 2789 3209 οὐκ
2814 3157 3013 3227 ἢκουσε
3049 3156 3211 3225 σοφοῦ
3240 3173 3384 3220 τινος
3414 3156 3692 3224 λέγοντος·

2021 3245 2118 3314 Μὴ
2144 3242 2395 3310 δοξάζον
2422 3245 2493 3298 ἐν
2516 3245 2720 3313 ἀτιμίᾳ
2742 3246 2967 3313 πατρός
2993 3258 3131 3300 σου.
3186 3244 3325 3298 Ἀλλ’
3381 3247 3433 3297 οἰ
3477 3242 3694 3313 ἀδελφοὶ

2020 3334 2118 3403 οὐχ
2154 3333 2358 3395 οὕτως’
2393 3330 2530 3384 ἀλλά
2579 3332 2668 3396 τίς
2722 3331 2909 3384 Ταῦτα
2949 3330 3281 3394 ἀκούσαντες
3306 3331 3690 3400 ,σΛαϐόντεᾳ

2023 3421 2177 3491 φησὶ,
2206 3419 2337 3489 Σὴμ
2355 3419 2454 3473 καί
2484 3417 2684 3486 ’Ῑάφεθ
2707 3417 2771 3471 τὸ
2798 3417 3048 3487 ἱμάτιον,
3072 3417 3354 3473 ἐπέθεντο
3372 3418 3474 3471 ἐπὶ
3489 3418 3563 3472 τὰ
3581 3418 3691 3472 δύο

2019 3507 2180 3562 νῶτα
2231 3505 2449 3569 αὐτῶν,
2498 3506 2596 3559 καὶ
2637 3506 3059 3573 ἐπορεύθησαν
3115 3504 3557 3574 ὀπισθοριινῶς,
3592 3505 3692 3558 καί

2021 3595 2463 3662 συνεκάλυψαν
2516 3592 2637 3661 τὴν
2686 3594 2996 3662 γύμνωσιν
3044 3592 3151 3646 τοῦ
3199 3590 3427 3660 πατρὸς
3462 3587 3689 3646 αὐτῶνθ

2020 3681 2118 3734 καὶ
2160 3679 2225 3732 τὸ
2264 3680 2589 3747 πρόσωπον
2607 3677 2806 3733 αὐτῶν
2831 3678 3258 3748 ὀπισθοφανὲς,
3303 3679 3401 3732 καί
3449 3678 3564 3746 τὴν
3588 3680 3690 3747 71}-

2014 3780 2253 3834 μνωσιν
2283 3763 2391 3825 τοῦ
2411 3764 2636 3832 πατρὸς
2659 3765 2857 3819 αὐτῶν
2879 3767 2990 3817 οὐκ
3010 3762 3195 3818 εἶδον.
3228 3761 3374 3827 Εἶδες
3412 3765 3690 3834 εὐγνωμο-

2023 3852 2188 3920 σύνην
2248 3851 2486 3914 παίδων;
2534 3852 2591 3904 '0
2649 3852 2747 3921 μὲν
2797 3851 2894 3904 καὶ
2923 3851 3350 3921 ἐξεπόμπιυσεν,
3388 3852 3438 3902 οἱ
3482 3850 3540 3902 δέ
3572 3849 3689 3903 οὐδὲ

2023 3940 2152 3993 ἰδεῖν
2181 3940 2478 4008 ἀνέχονται,
2505 3939 2619 3992 ἀλλ’
2649 3938 3028 4007 ὀπισθοφανῶς
3058 3938 3384 4009 βαδίζουσιν,
3408 3939 3493 3991 ἵνα
3515 3939 3687 4008 ὀρθῶς

2021 4023 2335 4094 βαδίσαντες
2357 4023 2748 4093 συγκαλύψωσι
2775 4026 2870 4078 τοῦ
2893 4025 3099 4094 πατρὸς
3127 4024 3224 4094 τὴν
3251 4022 3550 4094 γύμνωσιν.
3578 4023 3687 4076 Καὶ

2018 4112 2120 4182 ὅρα
2148 4110 2329 4165 αὐτῶν
2391 4110 2531 4181 μετά
2587 4112 2687 4181 τῆς
2745 4111 2946 4182 πολλῆς
2998 4112 3417 4181 εὐγνωμοσύνης
3455 4111 3550 4164 καὶ
3591 4111 3687 4181 τὴν

2016 4193 2334 4248 ἐπιείκειαν.
2365 4192 2503 4246 Οῦτε
2527 4194 2637 4263 γὰρ
2661 4193 3009 4264 ἐπιτιμῶσιν,
3045 4193 3169 4247 οὔτε
3202 4193 3587 4264 ἐπιπλήττουσι
3609 4192 3687 4263 τῷ

2014 4280 2254 4351 ἀδελφῷ,
2285 4281 2399 4335 ἀλλ’
2427 4281 2785 4344 ἀκούσαντες,
2813 4282 2933 4344 ἐνὸς
2965 4282 3127 4353 μόνου
3157 4282 3416 4349 γίνονται,
3464 4278 3559 4333 τοῦ
3590 4280 3685 4350 τὴν

2015 4367 2301 4438 διόρθωσιν
2323 4370 2543 4438 ταχεῖαν
2574 4369 2930 4439 ποιήσασθαι,
2970 4368 3148 4421 καὶτὰ
3169 4368 3249 4429 εἰς
3276 4367 3440 4438 τιμὴν
3468 4366 3565 4419 τοῦ
3592 4383 3684 4434 γε-

2016 4455 2340 4524 γεννηκότος
2392 4456 2734 4509 συντείνοντα
2792 4454 3186 4519 ἐπιδείξασθαι.
3260 4453 3409 4526 [286]
3469 4453 3572 4508 Καὶ
3618 4453 3683 4508 τὸ

2016 4539 2343 4605 πρόσωπον
2369 4536 2590 4603 αὐτῶν,
2621 4541 2810 4609 φησὶν,
2842 4537 3269 4606 όπισθοφανὲς,
3320 4537 3420 4590 καὶ
3443 4537 3558 4604 τὴν
3588 4538 3683 4606 γύο

2010 4639 2249 4693 μνωσιν
2279 4624 2384 4679 τοῦ
2403 4626 2628 4693 πατρὸς
2657 4624 2859 4679 αὐτῶν
2879 4628 2990 4679 οὐκ
3011 4622 3196 4680 εἶδον.
3221 4624 3396 4695 Πολλὴ
3429 4624 3537 4678 τῶν
3562 4624 3684 4676 παί-

2014 4710 2120 4764 δων
2148 4713 2180 4782 ή
2209 4711 2483 4774 εὐλάϐεια,
2515 4713 2608 4765 καὶ
2637 4713 2840 4783 ταύτην
2867 4715 3001 4782 ἡμῖν
3023 4713 3293 4766 δείκνυσιν
3320 4712 3455 4765 οὐτὸ
3478 4711 3683 4765 σκεπά-

2016 4816 2106 4854 σαι
2132 4801 2309 4871 μόνον,
2348 4801 2484 4856 ἀλλά
2512 4802 2606 4856 καὶ
2640 4800 2716 4872 μὴ
2750 4802 3083 4872 ἀνασχέσθαι
3119 4803 3268 4856 ἰδεῖν.
3303 4800 3681 4871 Παιδευθῶμεν

2014 4887 2192 4945 τοίνυν
2215 4890 2310 4942 καί
2339 4888 2609 4952 ἐντεῦθεν,
2645 4890 2741 4941 καὶ
2762 4888 2820 4954 ἐξ
2850 4889 3175 4960 ἀμφοτέρων
3201 4888 3569 4958 κερδάνωμεν,
3592 4887 3682 4940 καὶ

2012 4975 2234 5039 τούτους
2268 4976 2367 5046 μὲν
2399 4975 2716 5047 μιμώμεθα,
2741 4975 2952 5029 ἐκείνου
2981 4976 3039 5028 δέ
3069 4977 3159 5029 τὸν
3178 4976 3341 5045 ζῆλον
3372 4975 3679 5045 φεύγωμεν.

2012 5062 2077 5114 Εἰ
2110 5063 2216 5133 γὰρ
2258 5062 2540 5133 γύμνωσιν
2593 5062 2857 5133 αἰσθητὴν
2902 5066 2931 5115 ὁ
2976 5063 3392 5132 ἐκπομπεύσας,
3440 5063 3681 5132 κατάρας

2011 5150 2204 5203 ἐαυτὸν
2258 5149 2559 5202 ὑπεύθυνον
2610 5150 2938 5219 κατέστησε,
2996 5150 3213 5220 καὶτῆς
3259 5151 3549 5219 ὀμοτιμίας
3577 5148 3680 5201 τῶν

2010 5235 2255 5303 ἀδελφῶν
2280 5236 2550 5301 ἐκπεσὼν,
2574 5235 2846 5289 δουλεύειν
2885 5237 3066 5300 αὐτοῖς
3106 5236 3490 5305 κατεδικάσθη,
3516 5236 3564 5287 εἰ
3590 5234 3681 5286 καὶ

2014 5324 2089 5392 μὴ
2118 5323 2280 5387 αὐτὸς
2306 5324 2534 5389 ἐκεῖνος,
2565 5324 2680 5377 ἀλλ’
2708 5325 2756 5376 οἰ
2781 5323 2839 5389 ἐξ
2862 5323 3025 5376 αὑτοῦ
3056 5325 3254 5386 πάντες
3274 5340 3288 5353 ·
3327 5324 3377 5376 τί
3406 5323 3677 5376 πείσονται

2012 5411 2059 5462 οἰ
2096 5410 2164 5463 τὰ
2188 5411 2562 5481 ἁμαρτήματα
2587 5411 2695 5463 τῶν
2724 5411 2970 5480 ἀδελφῶν
3010 5410 3470 5480 ἐκπομπεύοντες,
3495 5410 3588 5462 καὶ
3619 5409 3677 5462 οὐ

2015 5495 2173 5565 μόνον
2205 5498 2266 5549 οὐ
2301 5495 2759 5567 περιστέλλοντες,
2806 5497 2941 5550 ἀλλὰ
2979 5498 3074 5550 καὶ
3104 5498 3370 5569 μειζόνως
3405 5497 3545 5550 αὐτὰ
3571 5513 3678 5551 ποι·

2010 5581 2196 5644 οῦντες
2218 5582 2513 5652 κατάδηλα,
2538 5584 2632 5636 καὶ
2662 5584 2832 5638 πολλὰ
2877 5586 2942 5638 ἐκ
2984 5584 3171 5637 τούτου
3225 5584 3581 5654 ἐργαζόμενοι
3611 5582 3675 5635 τά

2010 5670 2416 5741 ἀμαρτήματας
2456 5673 2621 5725 Ὅταν
2655 5671 2764 5740 γὰρ
2796 5672 3158 5744 δημοσιεύσῃς
3204 5673 3298 5725 τοῦ
3340 5671 3567 5741 ἀδελφοῦ
3616 5671 3673 5722 τὸ

2014 5760 2279 5827 πταῖσμα,
2310 5759 2371 5810 οὐ
2407 5759 2567 5829 μόνον
2588 5761 2793 5816 ἐκεῖνον
2825 5763 3302 5832 ἀναισχυντότερον
3330 5762 3421 5814 καὶ
3447 5760 3671 5830 ὀκνηρά-

2008 5858 2163 5915 τερον
2197 5845 2438 5913 εἰργάσω
2460 5847 2587 5911 ἴσως
2618 5850 2752 5919 πρὸς
2775 5850 2871 5917 τὴν
2895 5849 3152 5902 ἐπάνοδον
3182 5850 3278 5919 τῆς
3299 5848 3523 5921 ἀρετῆς,
3540 5846 3668 5899 ἀλλὰ

2008 5929 2102 5983 καὶ
2133 5931 2257 5993 τοὺς
2280 5930 2571 5996 ἀκούοντας
2606 5937 3007 6008 ῥᾳθυμοτέρως
3025 5937 3382 6007 κατέστησας,
3421 5936 3512 5987 καὶ
3538 5935 3665 6003 πρὸς
