4078 6410
387 399 493 455 965

459 511 560 565 (ἴαν
588 508 701 563 vitis
724 508 776 562 in
820 507 949 560 hanc
969 505 1117 558 vitam
1140 500 1443 555 introducta.
1487 495 1669 551 Vinum
1694 495 1746 547 in
1774 500 1959 564 mysteo

387 605 498 657 riis.
532 629 606 642 --
642 599 758 654 Jam
790 596 927 651 forte
968 602 1169 666 qumrat
1203 592 1412 661 aliquis,
1441 589 1615 656 Quare
1650 588 1829 656 planta
1884 593 1960 638 tot

388 695 543 748 malis
568 693 720 763 plena
746 692 795 744 in
824 691 961 746 hanc
974 688 1134 747 vitam
1164 684 1417 755 producta
1441 682 1555 737 est?
1579 680 1656 735 Ne
1677 681 1745 733 ita
1764 687 1964 733 temere

391 784 646 855 loquaris,
680 782 860 848 homo,
882 779 1060 834 omnia
1095 792 1214 847 quae
1244 777 1297 829 in
1326 774 1546 830 buccam
1578 772 1816 827 veniunt.
1846 768 1962 823 Non

390 883 473 930 est
494 874 677 945 planta
705 872 821 926 haec
843 871 1001 937 mala,
1035 883 1207 938 neque
1234 867 1415 921 vinum
1446 864 1667 928 malum,
1697 861 1791 916 sed
1828 859 1966 914 illius

391 967 625 1028 abusus',
653 962 779 1033 quia
807 977 911 1015 non
939 975 1003 1014 ex
1033 959 1177 1023 vino,
1209 957 1302 1011 sed
1327 971 1393 1011 ex
1417 967 1668 1021 perversa
1698 952 1966 1005 voluntate

393 1053 597 1109 nefaria
619 1053 819 1107 scelera
843 1058 1122 1118 patrantur
1153 1063 1167 1097 :
1196 1053 1252 1101 et
1277 1060 1398 1099 cum
1429 1045 1481 1098 in
1512 1058 1577 1098 eo
1597 1042 1901 1103 situtilitas,
1922 1039 1965 1092 si

390 1151 601 1209 noceat,
643 1142 694 1196 in
734 1155 893 1195 causa
921 1146 1003 1193 est
1053 1134 1476 1205 intemperantia.
1505 1132 1764 1199 Quocirca
1819 1143 1964 1184 nunc

394 1243 513 1303 post
541 1231 795 1286 diluvium
836 1227 1070 1284 ostendit
1110 1227 1203 1281 tibi
1251 1224 1359 1278 vini
1398 1238 1574 1288 usum,
1615 1228 1672 1275 ut
1721 1219 1968 1274 ostendat

391 1324 554 1378 etiam
580 1329 705 1375 ante
733 1319 839 1373 viui
867 1331 1018 1371 usum
1048 1316 1100 1371 in
1128 1313 1465 1369 immodicam
1499 1309 1761 1364 luxuriam
1791 1308 1969 1360 buma-

392 1428 522 1469 num
549 1416 715 1482 genus
750 1407 1020 1471 incidisse,
1048 1405 1335 1474 multisque
1364 1390 1598 1471 peccatis
1622 1413 1681 1453 se
1709 1397 1970 1453 contami-

391 1505 625 1567 navisse,
650 1517 770 1557 cum
790 1500 961 1555 adhuc
978 1499 1085 1553 vini
1109 1510 1235 1551 usus
1248 1495 1548 1551 nesciretur
1573 1510 1586 1547 :
1608 1500 1663 1546 ut
1679 1500 1733 1546 et
1756 1489 1968 1560 quando

395 1594 590 1649 videris
638 1606 791 1647 usum
828 1591 960 1651 vini,
994 1604 1099 1644 non
1123 1589 1248 1642 vino
1269 1594 1435 1642 totunt
1467 1585 1691 1649 tribuas,
1721 1581 1814 1637 sed
1843 1596 1966 1635 cor-

393 1694 565 1754 ruptae
607 1681 862 1736 voluntati
898 1695 996 1734 sua
1044 1688 1234 1749 sponte
1275 1676 1342 1732 ad
1394 1676 1590 1730 tnalum
1617 1673 1810 1728 ruenti.
1850 1673 1966 1726 Alia

393 1787 605 1844 quoque
631 1772 836 1826 ratione
879 1769 1179 1832 considera,
1212 1767 1308 1842 ubi
1326 1768 1507 1821 vinuut
1535 1765 1692 1820 fuerit
1720 1763 1851 1818 utile
1875 1806 1889 1829 ,
1918 1772 1971 1817 et

394 1864 770 1928 contremisce,
803 1862 875 1916 mi
903 1860 1083 1915 homo.
1116 1859 1248 1914 Nam
1279 1873 1375 1927 per
1404 1858 1505 1912 hoc
1553 1856 1773 1911 materia
1806 1855 1970 1908 bono-

395 1947 515 2012 rum
557 1954 741 2010 salutis
780 1960 977 2006 nostra;
1025 1949 1315 2020 perﬁcitur.
1362 1948 1546 2002 Sciunt
1581 1946 1669 2015 qui
1703 1944 1970 2015 mysteriis

395 2044 588 2100 initiati
607 2051 751 2110 sunt,
780 2042 904 2113 quid
935 2042 1157 2095 dicatur.
1193 2038 1258 2091 Et
1283 2038 1452 2109 coepit,
1476 2035 1664 2106 inquit,
1696 2033 1812 2088 Noe
1831 2034 1967 2101 agri-

394 2120 510 2191 cola
554 2146 719 2201 teme,
769 2145 815 2189 et
856 2134 1096 2204 plantavit
1125 2132 1351 2194 vineam,
1396 2139 1443 2183 et
1483 2129 1602 2183 bibit
1642 2128 1705 2182 de
1747 2128 1890 2190 vino,
1924 2135 1971 2178 et

394 2227 670 2282 inebriatus
693 2236 785 2289 est,
810 2235 856 2278 et
872 2224 1093 2277 nudatus
1120 2231 1189 2276 est
1214 2223 1265 2275 in
1289 2220 1438 2275 domo
1459 2236 1571 2274 sua.
1591 2217 1969 2275 Gravissimum

396 2317 646 2387 quiddam
673 2325 757 2371 est
785 2314 1034 2376 ebrietas,
1058 2311 1418 2374 dilectissime,
1444 2309 1583 2379 quod
1610 2307 1971 2377 possitexcae—

394 2422 520 2463 care
534 2420 741 2470 sensus,
758 2414 813 2461 et
828 2403 1168 2472 submergere
1188 2410 1431 2457 mentem.
1475 2400 1753 2456 Hominem
1780 2398 1974 2468 quippe

394 2498 729 2560 rationalem,
757 2496 846 2565 qui
877 2509 1039 2563 super
1070 2492 1247 2547 omnia
1273 2491 1568 2546 dominium
1599 2497 1855 2559 suscepit,
1888 2489 1971 2541 in-

396 2589 551 2659 jectis
575 2587 799 2643 vinculis
826 2584 1215 2648 insolubilibus,
1245 2583 1394 2653 quasi
1417 2590 1682 2637 mortuum
1705 2588 1760 2635 et
1783 2593 1971 2649 opera-

399 2680 544 2733 tione
570 2686 839 2733 carentem
873 2673 1163 2746 prosternit
1191 2692 1205 2728 :
1238 2674 1347 2728 imo
1374 2673 1614 2727 deterius
1661 2670 1970 2734 habentem,

395 2784 557 2839 quam
604 2776 892 2822 mortuum.
929 2765 1060 2820 Nam
1105 2774 1346 2818 mortuus
1397 2776 1571 2831 neque
1608 2761 1763 2824 bona,
1798 2774 1974 2829 neque

396 2861 534 2916 mala
578 2858 797 2934 Operari.
838 2864 1010 2926 potest
1058 2856 1282 2912 :ebrius
1324 2864 1499 2908 autem
1540 2852 1665 2906 nihil
1692 2852 1814 2906 boui
1837 2853 1976 2905 valet

396 2953 629 3022 operari,
650 2951 717 3005 ad
748 2952 945 3005 malum
971 2959 1146 3004 tamen
1178 2947 1476 3002 faciendum
1510 2946 1627 3015 plus
1660 2953 1852 3013 potest,
1889 2943 1972 3011 ja-

396 3053 587 3112 cetqne
613 3040 864 3095 ridiculus
889 3038 1154 3105 omnibus,
1185 3046 1239 3093 et
1260 3039 1407 3091 uxori
1435 3045 1489 3090 et
1514 3036 1633 3089 filiis
1658 3044 1707 3091 et
1742 3034 1971 3087 famulis.

398 3134 569 3188 Amici
599 3131 740 3188 enim
777 3146 925 3187 suam
971 3130 1310 3201 ignominiam
1343 3130 1656 3200 cogitantes,
1700 3128 1894 3182 rubore
1923 3136 1977 3182 et

369 3224 603 3294 .pudore
629 3221 999 3278 sulfunduntur
1024 3240 1038 3276 :
1068 3221 1265 3275 inimici
1304 3232 1478 3274 autem
1521 3220 1872 3281 oblectamur,
1922 3228 1977 3272 et

398 3313 645 3379 irrident,
673 3320 727 3368 et
753 3320 1117 3377 exsecrantur,
1141 3309 1254 3364 hme
1270 3309 1652 3379 prepemodum
1675 3310 1976 3378 loquentes:

400 3403 671 3458 lluncciue
689 3402 1195 3472 oportebatvivere?
1220 3409 1271 3455 et
1288 3400 1551 3455 hunccine
1571 3400 1848 3469 oportebat
1868 3400 1976 3468 spi—

399 3509 522 3549 rare
552 3508 727 3549 aerem
752 3493 777 3546 ‘t
804 3507 836 3548 ο
861 3507 1022 3562 pecus
1048 3493 1063 3546 l
1092 3507 1124 3545 o
1147 3491 1402 3562 porcum!
1434 3499 1488 3546 et
1526 3490 1697 3545 adhuc
1735 3490 1973 3559 graviora

401 3585 708 3653 loquuntur.
742 3582 1013 3637 Deteriore
1038 3581 1179 3637 enim
1209 3581 1258 3634 in
1290 3588 1431 3634 statu
1460 3589 1585 3634 sunt
1608 3594 1766 3648 quam
1793 3578 1848 3643 ii,
1886 3578 1975 3647 qui

400 3690 467 3729 ex
499 3674 692 3743 prarliis
719 3673 942 3728 redeunt
967 3673 1114 3727 caede
1141 3671 1494 3742 coinquinatis
1522 3668 1783 3733 manibus,
1813 3678 1867 3724 et
1896 3678 1977 3722 tn-

401 3765 666 3819 multuose
695 3769 1050 3833 reportantnr.
1079 3760 1201 3816 Illos
1250 3760 1393 3815 enim
1423 3759 1662 3814 fortassis
1690 3759 1841 3814 multi
1866 3759 1977 3813 lau—

400 3856 559 3910 dibus
596 3854 854 3909 extollunt
909 3861 1127 3924 propter
1172 3860 1392 3921 trepaza,
1444 3862 1662 3922 prepter
1703 3852 1974 3917 victorias,

402 3954 621 4014 propter
645 3945 862 3999 vulnera
882 3952 936 3998 et
957 3944 1131 3999 caades
1156 3960 1169 3996 :
1196 3942 1373 3997 ebrios
1401 3951 1578 3998 autem
1600 3943 1823 3996 miseros
1850 3956 1978 4009 pro-

400 4037 650 4099 clamant,
703 4049 1036 4090 :erumnosos
1069 4041 1279 4099 vocant,
1315 4040 1366 4087 et
1402 4033 1679 4087 innumera
1716 4032 1794 4086 eis
1840 4030 1977 4085 maia

403 4129 784 4196 imprecantur.
806 4125 941 4194 Quid
969 4126 1110 4181 enim
1139 4141 1205 4180 eo
1230 4124 1474 4179 miserius
1498 4123 1675 4187 fuerit,
1693 4123 1781 4193 qui
1800 4123 1977 4177 ebrie-

404 4218 498 4270 tati
527 4214 736 4271 deditus
758 4225 861 4282 est,
891 4224 945 4270 et
970 4214 1205 4285 quotidie
1226 4214 1405 4267 viuum
1435 4211 1675 4276 ell‘uudit,
1705 4226 1769 4267 ac
1784 4211 1979 4265 mentis

401 4324 516 4364 sua:
537 4308 793 4377 judicium
822 4308 1159 4377 corrumpit?
1209 4308 1503 4375 Eapropter
1528 4314 1582 4359 et
1619 4304 1831 4373 sapiens
1855 4302 1976 4373 qui-

403 4398 529 4453 dam
554 4399 870 4453 admonebat
894 4398 1079 4453 dicens
1115 4415 1129 4451 :
1157 4396 1472 4465 Principium
1498 4395 1613 4449 vitae
1640 4394 1855 4448 hominis
1881 4411 1977 4463 pa-

402 4492 485 4545 nis
509 4500 553 4545 et
568 4507 698 4560 aqua
709 4501 755 4544 et
775 4490 937 4552 vestis,
965 4499 1008 4544 et
1027 4490 1206 4543 domus
1223 4499 1387 4558 tegens
1407 4486 1765 4557 turpitudinem
1784 4485 1974 4556 (Eccli.

404 4578 495 4633 29.
526 4579 642 4651 28):
677 4590 734 4633 ut
768 4580 813 4633 si
861 4580 982 4649 quis
1031 4578 1289 4633 ebrietate
1328 4578 1574 4642 vincitur,
1616 4592 1684 4631 ne
1710 4576 1762 4629 in
1788 4576 1974 4643 vulgus

409 4669 716 4724 traducatur
738 4711 755 4732 ,
786 4669 879 4723 sed
908 4683 938 4721 a
969 4668 1081 4722 suis
1105 4676 1414 4736 contegatur
1444 4676 1536 4722 :et
1566 4681 1672 4720 non
1703 4666 1771 4719 sit
1808 4663 1981 4719 omni-

408 4760 506 4815 bus
535 4760 673 4814 risus
701 4768 754 4814 et
781 4757 1118 4827 turpitudinis
1161 4766 1549 4825 argumentum.
1590 4755 1658 4809 Et
1705 4756 1873 4824 coepit,
1898 4752 1979 4808 in-

406 4849 542 4918 quit,
573 4847 690 4902 Noe
719 4848 868 4902 homo
892 4846 1118 4917 agricola
1147 4855 1313 4910 terrw,
1339 4855 1386 4900 et
1417 4846 1662 4915 plantavit
1690 4847 1900 4909 vineam,
1934 4851 1981 4897 et

406 4939 525 4992 bibit
549 4940 612 4993 de
633 4939 768 4995 vino.
791 4948 834 4992 et
856 4938 1122 4992 inebriatus
1150 4946 1242 4991 est.

479 5032 533 5084 4.
573 5029 804 5084 Ebrietas
850 5046 940 5097 pro
987 5029 1229 5082 satietate.
1268 5025 1404 5080 Vitia
1446 5043 1547 5081 non
1572 5027 1622 5079 in
1650 5036 1834 5082 natura
1857 5026 1976 5089 sita,

407 5121 497 5174 sed
521 5121 573 5174 in
604 5118 876 5174 voluntate.
901 5148 974 5159 —
995 5119 1278 5174 Ebrietatis
1328 5132 1543 5181 nomen,
1583 5118 1881 5179 carissime.
1928 5118 1980 5171 in

409 5225 556 5265 sacra
594 5209 863 5278 Scriptura
912 5225 1017 5264 non
1070 5209 1262 5277 ubique
1309 5208 1376 5261 de
1421 5208 1728 5263 temulentia
1780 5208 1979 5261 dietum

408 5308 510 5361 est,
537 5299 630 5353 sed
656 5308 709 5354 et
735 5300 1032 5355 satietatem
1062 5298 1340 5367 significat.
1376 5298 1485 5352 lloe
1504 5299 1679 5365 itaque
1700 5296 1836 5351 forte
1857 5296 1983 5366 quis

410 5390 638 5460 dejnsto
664 5391 765 5445 hoc
792 5391 953 5456 dicet,
985 5391 1123 5460 quod
1149 5403 1250 5443 non
1281 5400 1335 5445 ut
1361 5390 1721 5458 intemperans
1753 5389 1981 5444 inebria-

412 5488 498 5537 tus
546 5480 734 5545 fuerit,
768 5481 862 5535 sed
889 5482 957 5535 ob
990 5482 1286 5536 satietatem
1317 5480 1419 5534 hoc
1444 5481 1492 5535 ei
1516 5479 1813 5548 contigerit.
1847 5480 1983 5534 Audi

408 5570 551 5625 enim
581 5570 743 5625 David
770 5571 1029 5626 dicentem
1054 5589 1068 5626 :
1094 5570 1552 5625 lnebriabunturab
1577 5571 1795 5625 ubertate
1808 5569 1985 5624 domus

409 5670 509 5714 tua:
524 5660 695 5732 (Psal.
718 5662 806 5716 55.
825 5662 901 5727 9):
919 5661 1019 5716 hoc
1048 5670 1148 5727 est,
1179 5661 1551 5729 implebantur.
1581 5661 1824 5731 Alioquin
1844 5661 1984 5730 iiqui

410 5751 654 5807 ebrietati
687 5761 875 5807 vacant
901 5767 1185 5823 numquam
1216 5751 1493 5818 satiantur,
1523 5752 1616 5808 sed
1647 5762 1842 5808 ouanto
1871 5767 1984 5805 mu-

1472 378 1537 437 ΙΝ
1572 376 1725 434 CAP.
1765 372 1856 428 IX.
1897 368 2137 427 CEbES.
2180 370 2403 429 llOMlL.
2445 370 2635 426 XXIX.

3541 371 3642 428 €66

2076 486 2155 555 gis
2182 501 2303 541 sese
2329 488 2451 542 vino
2481 487 2820 557 ingurgitant,
2848 495 2994 540 tanto
3019 486 3186 557 magis
3209 488 3296 541 siti
3326 487 3565 557 ﬂagrant,
3590 496 3646 542 et

2073 576 2416 631 inﬂammatio
2443 577 2684 647 quaedam
2716 588 2797 632 est
2824 576 2904 632 eis
2933 578 3037 631 vini
3069 592 3193 633 usus
3225 594 3240 630 :
3266 592 3329 632 se
3349 578 3643 646 voluptates

2070 666 2284 736 quidem
2313 677 2655 731 evanescunt,
2699 666 2816 723 sitis
2860 675 3034 721 autem
3066 666 3397 735 inexplebilis
3424 667 3474 720 in
3502 683 3643 737 pra:-

2071 755 2307 822 cipitium
2338 755 2610 809 ebrietatis
2636 769 2750 820 eos,
2774 755 2859 824 qui
2899 755 2997 809 sub
3024 754 3108 808 illa
3154 756 3345 823 captivi
3368 766 3512 818 sunt,
3542 756 3652 810 de-

2072 842 2235 898 ducit.
2268 841 2336 896 Et
2359 843 2628 913 plantavit,
2656 844 2840 912 inquit,
2888 843 3104 909 vineam,
3132 853 3178 897 et
3204 840 3323 897 bibit
3348 860 3410 897 ex
3438 845 3571 907 vino,
3595 854 3643 898 et

2072 932 2345 987 inebriatus
2388 943 2482 1001 est,
2524 944 2572 986 et
2608 934 2830 987 nudatus
2855 944 2926 987 est
2952 935 3004 987 in
3034 935 3185 987 domo
3210 951 3325 987 sua.
3355 934 3638 990 Considera

2079 1023 2181 1079 hoc
2204 1041 2308 1079 non
2340 1025 2466 1079 foris
2493 1025 2562 1079 illi
2597 1025 2872 1091 accidisse,
2896 1025 2991 1080 sed
3020 1026 3072 1079 in
3108 1025 3267 1080 domo
3296 1041 3411 1079 sua.
3441 1025 3640 1080 Idcirco

2074 1114 2216 1169 enim
2266 1114 2368 1170 hoc
2396 1115 2706 1185 designavit
2730 1115 2913 1168 divina
2941 1115 3233 1183 Scriptura,
3262 1113 3330 1168 In
3357 1116 3505 1169 domo
3526 1132 3643 1180 sua,

2080 1214 2135 1259 ut
2164 1221 2231 1258 cx
2257 1205 2321 1259 iis
2362 1221 2479 1274 qua:
2504 1214 2817 1274 sequuntur,
2849 1204 3064 1259 malitia:
3094 1204 3382 1260 vehemens
3410 1205 3646 1259 studium

2072 1296 2255 1350 videas
2281 1296 2393 1365 ejus
2422 1297 2511 1365 qui
2540 1296 2832 1360 nuditatem
2865 1296 3114 1365 evulgare
3140 1294 3301 1351 fuerit
3327 1311 3505 1350 ausus.
3554 1296 3645 1350 22.

2075 1386 2140 1440 Et
2164 1386 2308 1451 uidit,
2339 1386 2527 1456 inquit,
2559 1387 2721 1441 Cham
2755 1394 2896 1455 pater
2911 1383 3159 1440 Chanaan
3182 1384 3458 1439 nuditatem
3487 1387 3648 1456 patris

2072 1478 2174 1544 sui,
2198 1486 2248 1530 et
2276 1493 2501 1547 egressus
2515 1476 2829 1529 annuntiavit
2857 1476 3049 1529 duobus
3080 1475 3317 1545 fratribus
3360 1476 3460 1530 suis
3498 1478 3644 1547 foris.

2075 1567 2337 1648 Fortassis
2363 1570 2483 1632 siet
2508 1567 2595 1621 alii
2617 1566 2827 1637 quidam
2855 1565 3180 1632 adfuissent,
3206 1575 3259 1621 et
3281 1567 3382 1622 illis
3410 1569 3647 1623 nuntias-

2075 1669 2156 1713 set
2175 1659 2337 1727 patris
2361 1659 2441 1713 sui
2468 1659 2843 1729 turpitudinem
2873 1675 2886 1710 :
2923 1666 3065 1711 tanta
3086 1666 3201 1713 erat
3226 1660 3370 1726 pueri
3391 1660 3643 1729 nequitia.

2074 1747 2360 1817 Propterea
2389 1750 2552 1814 enim,
2573 1757 2628 1801 ut
2656 1747 2830 1801 discas
2854 1746 3165 1823 jampridem
3195 1756 3249 1801 et
3273 1748 3339 1803 ab
3360 1749 3507 1801 initio
3527 1764 3649 1803 eum

2074 1847 2337 1907 corruptae
2376 1839 2570 1893 mentis
2614 1837 2809 1901 fuisse,
2840 1853 2943 1891 non
3000 1838 3311 1907 simpliciter
3352 1839 3479 1893 dicit
3503 1840 3651 1894 Scri-

2075 1936 2251 1997 ptura,
2278 1924 2422 1982 Vidit
2444 1928 2609 1983 Citam
2635 1927 2925 1982 nuditatem
2944 1929 3105 1996 patris
3128 1931 3207 1982 sui
3237 1947 3249 1982 :
3280 1929 3372 1983 sed
3398 1929 3558 1999 quid?
3582 1930 3651 1986 Et

2074 2020 2196 2073 vidit
2240 2020 2399 2073 Cham
2439 2029 2582 2088 pater
2619 2018 2885 2074 Chanaan.
2917 2019 3112 2087 Quare,
3160 2020 3246 2074 dic
3290 2020 3438 2084 milii,
3467 2022 3650 2076 ethoc

2077 2110 2195 2165 loco
2224 2108 2317 2164 filii
2345 2110 2658 2165 vocabulum
2688 2110 2961 2180 assignat?
2989 2109 3053 2164 Ut
3080 2110 3252 2164 discas
3292 2110 3440 2164 illum
3484 2110 3648 2167 fuisse

2078 2203 2517 2269 intemperantem
2566 2208 2620 2254 et
2665 2200 3100 2263 incontinentem,
3147 2209 3200 2254 et
3248 2201 3433 2255 eadem
3475 2212 3649 2259 mente

2077 2308 2179 2362 qua
2236 2293 2287 2347 in
2334 2301 2472 2347 tanta
2524 2292 2826 2347 turbatione
2863 2291 3206 2361 procreanda:
3237 2293 3369 2361 proli
3421 2296 3648 2361 vacavit,

2085 2384 2272 2439 eadem
2302 2385 2460 2439 etiam
2514 2399 2653 2438 nunc
2700 2383 2751 2436 in
2781 2383 3153 2437 contumeliam
3185 2383 3349 2450 patris
3389 2386 3650 2454 prorupit.

2079 2472 2146 2525 Et
2159 2489 2400 2542 egressus,
2418 2471 2604 2542 inquit,
2618 2471 2928 2525 annuntiuvit
2941 2470 3132 2524 duobus
3144 2471 3380 2539 fratribus
3392 2475 3494 2527 suis
3506 2476 3650 2544 foris.

2082 2562 2233 2627 Vide,
2248 2563 2492 2629 obsecro,
2519 2562 2622 2627 hic,
2647 2562 3006 2626 dilectissime,
3031 2577 3132 2614 non
3153 2562 3203 2615 iu
3223 2570 3404 2615 natura
3423 2564 3520 2616 sita
3535 2580 3655 2619 esse

2079 2653 2227 2717 vitia,
2260 2653 2352 2708 sed
2384 2654 2435 2707 iu
2461 2653 2677 2707 arbitrio
2699 2660 2753 2706 et
2784 2652 3067 2705 voluntate.
3095 2652 3232 2706 Ecce
3271 2657 3411 2706 enim
3446 2655 3655 2723 utrique

2077 2744 2269 2800 fratres
2291 2743 2521 2809 fuerunt,
2535 2743 2836 2813 etejusdem
2852 2758 2886 2796 n
2905 2753 3073 2807 ituris,
3092 2741 3335 2796 eumdem
3359 2743 3653 2809 habuerunt

2083 2847 2310 2904 patrem,
2339 2836 2526 2890 eodem
2558 2844 2706 2888 utero
2736 2832 2947 2887 fuerunt
2971 2833 3133 2897 editi,
3164 2833 3350 2888 eadem
3384 2834 3653 2904 diligentia

2079 2928 2294 2984 fuerunt
2318 2927 2546 2991 educati,
2578 2926 2671 2980 sed
2694 2941 2797 2979 non
2829 2927 3070 2978 eumdem
3092 2925 3325 2978 animum
3354 2925 3655 2981 declarave-

2082 3029 2240 3073 ruut:
2270 3019 2364 3073 sed
2388 3018 2475 3072 ille
2500 3018 2710 3086 quidem
2739 3017 2788 3069 in
2816 3015 3079 3073 malitiam
3099 3014 3300 3080 incidit,
3334 3016 3365 3068 ii
3399 3031 3523 3070 vero
3559 3030 3654 3085 pa-

2081 3110 2218 3164 renti
2240 3100 2481 3164 debitum
2504 3106 2874 3176 impenderunt
2898 3105 3172 3159 honorem.
3194 3103 3457 3159 Fortassis
3478 3116 3657 3161 autem

2080 3212 2136 3256 et
2180 3200 2347 3254 irrisit
2384 3215 2446 3254 ac
2486 3198 2831 3253 subsannavit
2856 3204 3082 3265 patrem,
3115 3194 3490 3263 turpitudinem
3520 3197 3657 3252 illius

2082 3289 2372 3344 nuntiando
2403 3306 2415 3341 :
2444 3299 2498 3342 et
2547 3302 2649 3340 non
2693 3285 2891 3340 audivit
2924 3285 3215 3352 sapientem
3262 3286 3541 3353 quemdam
3573 3286 3657 3341 di-

2081 3388 2288 3433 centcm
2322 3395 2337 3430 :
2372 3376 2454 3431 Ne
2467 3376 2697 3447 glorieris
2724 3376 2776 3428 in
2796 3375 3072 3444 ignominia
3105 3375 3262 3443 patris
3284 3375 3357 3427 tui
3385 3374 3569 3448 (Ecclt'.
3602 3379 3655 3432 5.

2083 3469 2192 3538 12).
2230 3469 2423 3523 V'crunt
2468 3467 2661 3521 fratres
2705 3480 2809 3519 non
2856 3464 2931 3519 sic
2980 3473 3220 3535 egerunt.
3254 3465 3320 3521 Et
3354 3468 3659 3536 quomodo?

2081 3561 2215 3612 Cum
2249 3559 2361 3612 hmo
2404 3558 2727 3613 audivissent
2758 3555 2846 3609 23.
2881 3554 3001 3608 Sem
3042 3563 3089 3608 et
3133 3553 3378 3624 Japheth,
3410 3558 3652 3626 acceptis,

2083 3649 2269 3719 inquit,
2299 3649 2509 3702 vestibus
2533 3663 2682 3717 super
2708 3647 2942 3699 humeros
2979 3660 3115 3711 suos,
3147 3645 3451 3699 incesserunt
3470 3657 3657 3701 retror-

2082 3757 2214 3805 sum,
2234 3750 2280 3793 et
2299 3746 2599 3808 operuerunt
2614 3737 2893 3791 nuditatem
2919 3736 3077 3805 patris
3102 3736 3217 3789 sui:
3240 3745 3286 3788 et
3312 3736 3467 3807 [acies
3488 3754 3657 3792 eorum

2082 3844 2371 3897 retrorsum,
2401 3841 2447 3886 et
2475 3831 2751 3884 nuditatem
2782 3828 2936 3897 patris
2962 3828 3041 3880 sui
3071 3844 3169 3880 non
3198 3827 3445 3882 viderunt.
3471 3828 3657 3884 Vidisti

2085 3926 2399 3994 probitatem
2433 3922 2697 3978 ﬁliorum?
2728 3922 2821 3975 Ille
2857 3919 3123 3988 cvulgavit
3164 3928 3218 3973 et
3264 3920 3529 3987 traduxit,
3573 3923 3659 3975 isti

2086 4029 2257 4083 neque
2287 4014 2468 4067 videre
2502 4013 2867 4066 sustinuerunt
2902 4026 2914 4061 :
2948 4009 3041 4062 sed
3079 4016 3366 4062 retrorsum
3398 4010 3572 4076 ibant,
3604 4019 3660 4065 ut

2084 4114 2230 4158 recta
2268 4102 2478 4156 adirent
2519 4100 2684 4169 putris
2730 4097 3022 4154 contecturi
3068 4097 3381 4151 nuditatem.
3433 4098 3497 4152 Et
3540 4099 3659 4154 vide

2086 4194 2295 4247 illorum
2319 4206 2438 4246 cum
2468 4205 2654 4259 magna
2681 4188 2942 4258 probitate
2973 4186 3454 4240 mansuetudinem.
3480 4188 3659 4256 Neque

2085 4286 2382 4354 increpant,
2410 4297 2585 4352 neque
2613 4281 2898 4335 verberant
2936 4276 3151 4331 fratrem
3187 4295 3199 4329 :
3252 4277 3343 4331 sed
3383 4288 3439 4332 ut
3480 4279 3661 4332 audie-

2085 4386 2228 4441 runt,
2251 4391 2374 4429 mox
2404 4372 2456 4427 id
2482 4387 2641 4425 unum
2671 4376 2946 4436 curarunt,
2973 4378 3029 4422 ut
3055 4367 3249 4422 factum
3272 4370 3658 4437 quamprimum

2085 4468 2482 4531 emendaretur,
2511 4474 2564 4519 et
2594 4464 2793 4517 honore
2822 4461 3027 4532 genitor
3042 4459 3361 4514 afficeretur.
3388 4458 3663 4529 Faciesqua

2083 4561 2286 4614 illorum
2314 4571 2501 4611 aversis
2527 4562 2690 4619 erant,
2712 4561 2757 4607 et
2795 4552 3069 4606 nuditatem
3097 4551 3253 4620 patris
3279 4550 3354 4603 sui
3390 4566 3488 4603 non
3526 4552 3661 4603 vide.

2086 4661 2223 4705 runt.
2244 4650 2427 4720 Magna
2455 4648 2679 4701 liliorum
2708 4645 3025 4709 reverentia,
3050 4658 3204 4712 quam
3225 4643 3374 4695 nubis
3394 4642 3665 4711 Scriptura

2087 4748 2377 4806 monstrat,
2408 4737 2548 4807 quod
2580 4750 2684 4788 non
2714 4734 2887 4788 solum
2918 4739 3124 4801 tegant,
3156 4731 3245 4784 sed
3274 4741 3320 4783 et
3355 4732 3530 4784 videre
3560 4749 3661 4784 non

2086 4832 2400 4887 sustineant.
2431 4827 2748 4882 Erudiantur
2776 4825 2919 4888 hinc,
2960 4831 3115 4889 atque
3148 4837 3212 4874 ex
3243 4820 3476 4888 utrisque
3501 4822 3662 4875 lueri-

2088 4928 2341 4983 faciamus
2381 4922 2578 4992 aliquid
2619 4937 2633 4972 :
2675 4928 2728 4973 et
2771 4918 2866 4972 ltos
2917 4915 3128 4984 quidem
3173 4914 3474 4973 imiteuntr,
3524 4914 3660 4966 illius

2087 5022 2262 5067 autem
2302 5022 2481 5064 mores
2517 5006 2798 5075 fugiamus.
2845 5001 2975 5055 Nam
3015 5000 3057 5052 si
3100 5000 3184 5072 is,
3232 4999 3319 5066 qui
3357 4998 3660 5050 sensiliileiu

2089 5107 2380 5161 nuditatem
2405 5098 2683 5167 evolgavit,
2718 5092 2999 5148 maledicm
3026 5104 3083 5143 se
3111 5088 3231 5142 fecit
3258 5088 3573 5150 obnoxium,
3608 5098 3664 5142 et

2090 5197 2340 5252 excideris
2359 5193 2426 5245 ab
2451 5191 2652 5242 honore
2678 5198 2831 5253 quem
2860 5197 3038 5251 parem
3058 5179 3371 5233 habuitcum
3394 5177 3662 5241 fratribus,

2092 5288 2473 5345 cpndcmnatus
2498 5288 2577 5333 est
2621 5284 2680 5330 ut
2716 5274 2821 5329 illis
2869 5273 3126 5334 serviret;
3173 5269 3298 5322 licet
3336 5278 3510 5321 autem
3560 5283 3664 5321 non

2092 5382 2224 5450 ipse,
2254 5389 2436 5431 omnes
2464 5384 2637 5426 tamen
2666 5368 2754 5439 qui
2781 5381 2847 5421 ex
2872 5365 3008 5434 ipso,
3038 5362 3177 5415 servi
3209 5360 3329 5414 facti
3355 5369 3513 5413 sunt:
3538 5359 3665 5428 quid

2092 5472 2354 5541 patientur
2376 5466 2464 5535 qui
2492 5468 2704 5533 peccata
2731 5457 2949 5512 fratrum
2980 5453 3244 5522 evulgant,
3278 5462 3329 5506 et
3361 5467 3461 5504 non
3492 5453 3664 5506 solum

2092 5577 2198 5616 non
2229 5563 2515 5623 contegunt
2544 5560 2597 5606 et
2633 5554 2905 5609 excusant,
2949 5543 3041 5597 sed
3088 5542 3254 5610 magis
3296 5556 3358 5595 ea
3390 5543 3558 5609 palam
3594 5541 3668 5594 fu-

2093 5653 2260 5717 eiuut,
2295 5648 2563 5714 multaque
2588 5657 2652 5696 ex
2694 5639 2795 5693 hoc
2824 5643 3110 5704 operantur
3153 5632 3403 5701 peccata?
3446 5629 3666 5698 Quando

2092 5747 2233 5802 enim
2277 5739 2454 5796 fratris
2504 5741 2776 5791 oeccatum
2823 5728 3069 5795 cvulgas,
3115 5741 3219 5778 non
3270 5724 3414 5777 illum
3454 5725 3661 5774 tanlutu
