4078 6414
491 343 596 398 267

495 455 981 528 ignominiosiorem
1009 453 1160 521 facis,
1186 462 1242 508 et
1269 453 1572 521 segniorem
1609 452 1745 507 forte
1774 454 1841 508 ad
1873 454 2082 509 virtutis

495 551 634 604 viam
665 547 1029 618 repetendam,
1063 546 1156 601 sed
1185 555 1242 601 et
1279 561 1374 601 eos
1397 547 1485 616 qui
1513 545 1769 611 audiunt,
1809 546 2083 616 negligen-

493 643 657 697 tiores
702 641 919 706 reddis,
965 650 1020 694 et
1059 639 1125 693 ad
1156 639 1457 694 socordiam
1489 638 1731 693 inducis:
1765 653 1936 708 neque
1979 638 2081 694 hoc

491 733 687 794 solum,
735 730 828 786 sed
870 731 1030 785 etiam
1078 729 1128 784 id
1174 728 1346 786 efficis
1392 738 1447 782 ιιι
1495 731 1632 782 licus
1662 728 2076 797 blaspbentetur.

497 819 635 874 Istud
659 829 838 874 autem
859 832 1116 889 quantum
1142 819 1295 873 affert
1319 817 1637 887 supplicium
1663 817 1726 870 iis
1745 817 1834 886 qui
1863 831 2077 872 causam

491 912 734 980 prtebent
752 952 768 977 ,
799 927 958 966 nemo
983 909 1176 980 estqui
1206 910 1433 979 ignoret.
1465 907 1748 976 Fugiamus
1776 907 1953 977 igitur,
1983 906 2081 961 ob-

491 1017 670 1066 secro,
701 1017 883 1056 mores
907 1001 1098 1067 Cbam,
1127 1001 1396 1054 imitemur
1425 1009 1600 1053 autem
1628 999 1916 1068 proborqu
1957 998 2078 1052 illo-

489 1109 606 1148 rum
638 1093 866 1150 filiorum
896 1092 1170 1162 pudorem,
1200 1105 1358 1160 quem
1387 1090 1437 1144 in
1468 1088 1799 1158 contegenda
1844 1089 2079 1158 parentis

489 1185 728 1241 nuditate
751 1186 1089 1240 declararunt
1128 1201 1142 1238 :
1172 1193 1226 1237 et
1252 1183 1322 1237 ita
1349 1183 1665 1252 obtegatnus
1703 1182 1923 1236 fratrum
1953 1196 2075 1250 pec-

484 1287 624 1341 cata,
653 1292 759 1330 non
805 1286 862 1334 ut
907 1276 1050 1343 ipsos
1078 1273 1493 1344 negligentiores
1520 1287 1615 1341 per
1641 1271 1742 1326 boc
1767 1269 2074 1336 reddamus,

485 1367 578 1421 sed
605 1374 664 1420 ut
692 1367 789 1420 bac
819 1366 1024 1419 ratione
1054 1364 1314 1432 majorem
1345 1363 1449 1416 illis
1475 1362 1811 1417 occasionem
1836 1361 2070 1431 praebea-

484 1473 622 1524 mus,
655 1465 710 1510 ut
737 1457 846 1511 cito
877 1457 946 1509 ab
977 1457 1076 1510 l.ac
1105 1454 1338 1524 pernicie
1367 1454 1679 1517 liberentur,
1713 1452 1836 1507 etin
1868 1451 2076 1507 virtutis

480 1549 620 1602 viant
651 1546 888 1602 redeant.
935 1544 1067 1599 Nam
1093 1547 1232 1598 sicut
1269 1559 1373 1597 non
1403 1543 1599 1596 multos
1630 1543 1828 1609 habere
1848 1541 2074 1598 delicto-

479 1653 599 1692 rum
641 1645 808 1691 testes
847 1634 1178 1704 resipiscenti
1222 1633 1516 1688 faciliorem
1557 1633 1788 1688 reditum
1820 1631 2024 1704 praebet
2055 1649 2071 1687 :

478 1729 555 1782 sic
575 1769 589 1792 ,
619 1727 664 1781 si
692 1725 922 1803 frontem
953 1723 1289 1807 perfrieuqrit
1317 1723 1550 1786 animus,
1581 1732 1637 1778 et
1675 1722 1866 1777 viderit
1899 1722 2072 1778 nenti-

479 1833 600 1872 nem
620 1818 863 1886 ignorare
882 1832 1000 1885 qua:
1024 1814 1160 1868 mala
1183 1814 1479 1878 admiserit,
1499 1829 1603 1868 non
1635 1812 1788 1868 facile
1807 1814 2074 1870 desistere

480 1911 660 1965 volet:
699 1910 791 1964 sed
819 1909 968 1980 quasi
1001 1909 1054 1962 in
1095 1906 1415 1980 profundum
1443 1906 1613 1960 lutum
1660 1906 1971 1971 incidisset,
2018 1912 2074 1960 et

478 2002 728 2057 deorsum
760 2000 828 2055 ab
859 1999 1152 2054 innumeris
1197 2008 1478 2069 raperetur
1523 1999 1810 2065 ﬂuetibus,
1855 1998 2071 2055 diflieile

477 2110 756 2164 emergere
787 2094 1021 2164 poterit:
1068 2093 1118 2146 in
1149 2091 1581 2162 deSperationem
1623 2089 1769 2146 enim
1809 2090 1984 2158 cadit,
2015 2100 2070 2146 et

478 2187 684 2246 nullum
716 2187 814 2240 sibi
844 2185 1070 2239 reditum
1106 2184 1383 2253 promittit.

545 2282 600 2336 5.
636 2258 881 2343 idcirco,
934 2293 1161 2348 precor,
1214 2291 1283 2331 ne
1331 2276 1642 2346 delegamus
1702 2276 2066 2347 proximorum

475 2373 675 2442 lapsus,
700 2380 753 2425 et
783 2372 824 2425 si
853 2371 920 2424 ab
935 2371 1053 2424 aliis
1080 2384 1172 2423 eos
1203 2369 1566 2434 didicerimus,
1598 2383 1667 2424 ne
1683 2379 1984 2439 satagamus
2013 2378 2068 2423 ut

475 2463 688 2519 ttnditas
713 2462 954 2515 videatur
986 2478 999 2513 :
1033 2460 1126 2514 sed
1153 2461 1290 2514 sicut
1316 2458 1469 2529 probi
1500 2459 1576 2512 illi
1603 2458 1696 2512 filii
1726 2460 2061 2528 obtegamns,

474 2555 872 2618 adumbrentus,
890 2551 1254 2606 admonitione
1279 2561 1333 2605 et
1353 2551 1588 2606 consiliis
1606 2551 1807 2620 lapsam
1833 2551 2065 2604 animant

473 2646 680 2716 erigere
723 2644 1048 2708 studeamus,
1099 2641 1480 2698 misericordiae
1510 2641 1604 2697 Dei
1648 2640 2065 2712 magnitudinem

472 2737 746 2801 docentes,
789 2743 843 2789 et
886 2735 1137 2788 bonitatis
1182 2734 1298 2803 ejus
1340 2732 1711 2788 excellentiam
1756 2740 1811 2787 et
1853 2732 2065 2788 miseri-

472 2831 666 2885 cordia:
713 2829 1144 2890 innnensitatem,
1195 2835 1253 2880 ιιι
1282 2828 1538 2895 majorem
1587 2841 1746 2896 quant
1797 2826 1872 2880 illi
1901 2826 2065 2881 bene-

470 2925 756 2979 dictionem
782 2922 850 2976 ab
879 2923 1113 2975 omnium
1148 2920 1371 2974 Domino
1391 2933 1805 2989 consequamur,
1831 2919 1930 2986 Qui
1960 2918 2064 2973 vult

470 3031 641 3068 omnes
689 3015 914 3067 homines
958 3014 1126 3066 salvos
1154 3012 1288 3079 ﬁeri,
1333 3020 1380 3064 et
1413 3010 1482 3063 ad
1509 3011 1816 3080 agnitionem
1842 3009 2064 3064 veritatis

469 3105 637 3159 venire
671 3105 748 3173 (1.
772 3103 907 3157 Tim.
929 3105 984 3156 2.
1017 3104 1104 3172 lt):
1130 3102 1216 3172 qui
1247 3118 1351 3155 non
1382 3102 1493 3155 vult
1519 3101 1734 3155 Mortem
1766 3102 2059 3172 peccatoris,

470 3197 558 3251 sed
591 3207 645 3266 ut
672 3205 988 3249 cannertatur
1007 3205 1054 3248 et
1093 3195 1222 3248 vivat
1252 3193 1466 3264 (Ezeclt.
1501 3195 1586 3250 18.
1613 3192 1732 3267 25).
1755 3193 1823 3247 Et
1853 3195 2059 3248 nudita-

470 3262 614 3353 tem,
639 3287 827 3358 inquit,
867 3287 1025 3355 patris
1064 3286 1146 3338 sui
1192 3262 1292 3338 non
1338 3286 1585 3338 viderunt.
1624 3285 1753 3341 Vide
1793 3286 2062 3356 quomodo

471 3395 567 3450 per
595 3379 765 3448 legem
795 3386 994 3431 natura:
1025 3377 1242 3430 inditam
1275 3377 1419 3446 prius
1441 3385 1496 3431 et
1533 3377 1600 3430 ab
1629 3377 1780 3432 initio
1803 3377 2060 3448 impleve-

469 3480 594 3526 runt
621 3486 682 3526 ea
711 3487 828 3540 qua:
859 3481 976 3540 post
1005 3469 1068 3523 ad
1111 3471 1460 3524 erudiendum
1492 3469 1780 3525 humanum
1810 3485 1979 3541 genus
2007 3471 2058 3524 in

468 3564 585 3633 lege
609 3564 802 3632 scripta
836 3564 1048 3616 fuerunt
1081 3580 1090 3613 :
1122 3571 1176 3617 et
1203 3561 1253 3617 id
1283 3563 1424 3634 quod
1456 3564 1538 3618 lex
1567 3563 1815 3618 diccbat:
1849 3563 2059 3619 Honora

469 3663 661 3722 patrem
690 3663 830 3705 tuum
874 3662 919 3704 et
965 3661 1176 3704 matrem
1222 3663 1383 3716 tuam,
1415 3662 1470 3704 ut
1499 3654 1620 3706 bene
1643 3654 1708 3706 sit
1743 3653 1832 3706 tibi
1857 3651 2055 3724 (Exod.

466 3742 559 3798 20.
594 3743 718 3812 12):
747 3751 820 3807 et,
853 3743 951 3805 Qui
992 3743 1242 3794 maledicit
1275 3743 1406 3812 patri
1442 3743 1518 3796 vel
1563 3744 1730 3810 matri,
1764 3753 1922 3798 morte
1947 3761 2058 3798 mo-

467 3835 631 3886 riatur
657 3831 762 3902 (Ib.
794 3831 884 3886 2i.
914 3833 1034 3899 l7):
1087 3831 1188 3884 boe
1226 3832 1335 3899 jam
1383 3833 1634 3901 operibus
1681 3835 2055 3904 impleverunt.

471 3923 657 3978 Vidisti
689 3922 958 3992 quomodo
987 3931 1171 3975 natura
1196 3923 1342 3992 prius
1365 3922 1716 3979 sufficientem
1749 3924 1932 3980 babuit
1959 3927 2055 3981 da-

463 4020 687 4078 ctrinatn
706 4021 729 4073 ?
1421 4037 1424 4039 λ
1728 4063 1739 4073 .

537 4111 767 4164 Ebrietas
805 4111 1001 4164 da’mon
1033 4109 1361 4164 voluntarius.
1381 4109 1549 4164 -2.ι.
1578 4109 1844 4181 Evigilavit
1863 4122 2052 4180 autem,

465 4203 656 4272 inquit,
710 4201 824 4256 Noe
853 4220 882 4254 a
914 4203 1050 4268 vino,
1101 4212 1148 4254 et
1175 4203 1404 4272 cognovit
1447 4219 1561 4270 quae
1588 4204 1776 4271 fecerat
1799 4205 1892 4257 sibi
1917 4206 2056 4274 [ilius

455 4293 657 4364 junior.
707 4293 974 4362 Evigilavit
1021 4304 1185 4345 autem
1217 4334 1232 4358 ,
1283 4294 1472 4362 inquit.
1520 4294 1752 4349 Audiattt
1793 4297 1883 4365 qui
1928 4297 2052 4352 totis

467 4384 653 4438 diebus
695 4385 744 4436 in
776 4385 1033 4437 cenviviis
1079 4395 1356 4438 versantur
1395 4385 1574 4453 lapsus
1601 4392 1936 4455 gravitatem,
1967 4387 2052 4442 fu-

463 4474 716 4542 giantque
757 4472 897 4540 quod
948 4489 1012 4526 ex
1058 4473 1314 4526 ebrietate
1339 4484 1419 4527 est
1442 4475 1716 4528 damnum.
1765 4475 1862 4530 Sui
1887 4487 2053 4531 autem

459 4565 628 4635 [actus
673 4579 897 4632 compos,
943 4562 1129 4632 inquit.
1159 4563 1294 4630 Quid
1324 4573 1426 4627 est,
1472 4563 1569 4618 Sui
1597 4568 1762 4636 factus
1805 4568 2054 4637 compos?

464 4656 519 4710 ld
535 4655 674 4724 quod
695 4670 790 4708 nos
808 4654 1016 4708 discere
1040 4654 1275 4707 Solemus
1291 4655 1356 4707 de
1374 4655 1605 4722 furiosis,
1624 4656 1667 4710 si
1685 4657 1896 4726 quando
1909 4658 1973 4712 ad
1991 4673 2050 4713 se

461 4747 682 4802 redeant
711 4763 724 4796 :
759 4745 854 4799 llic
882 4759 911 4798 a
939 4745 1184 4799 daemone
1212 4755 1490 4815 correptus
1510 4747 1592 4800 sui
1616 4762 1835 4817 compos
1858 4748 2046 4815 factus,

459 4850 514 4892 et
541 4837 609 4890 ab
650 4837 789 4890 illius
821 4822 1102 4906 tyrannide
1132 4835 1386 4892 liberatus
1428 4848 1511 4892 est
1542 4856 1555 4891 :
1590 4838 1638 4892 id
1681 4840 1780 4893 sibi
1811 4841 1923 4894 vult
1950 4841 2051 4898 hoc

458 4927 578 4986 loco
620 4930 915 4999 Scriptura.
970 4929 1105 4984 Vere
1150 4929 1292 4985 enim
1339 4929 1569 4985 ebrietas
1614 4932 1942 4987 voluntarius
1966 4944 2050 4990 est

460 5024 692 5086 ιιίυιιιοιι,
720 5033 768 5075 et
794 5022 1006 5092 gravius
1032 5038 1189 5092 quam
1216 5023 1424 5077 da-mon
1452 5036 1685 5080 mentem
1707 5026 2042 5094 obtenebrat,

458 5127 508 5168 et
537 5125 750 5183 captum
799 5115 943 5168 omni
993 5115 1360 5170 benevolentia
1407 5117 1668 5171 destituit.
1719 5119 1874 5188 Sat-pe
1902 5122 2044 5176 enim

461 5206 844 5262 tia-moniacmn
867 5209 1106 5263 videntes
1132 5209 1492 5263 misericordia
1523 5227 1816 5277 movemur,
1841 5223 1893 5267 et
1917 5230 2045 5269 con-

457 5300 722 5366 dolemus,
771 5316 1120 5370 magnamque
1167 5317 1290 5371 erga
1338 5302 1483 5356 illum
1523 5303 2041 5363 commiserationetn

462 5387 824 5458 declaramus;
874 5403 1059 5447 contra
1099 5405 1276 5447 antem
1304 5393 1524 5449 facimus
1555 5396 1694 5450 circa
1720 5396 1896 5451 ebrios
1921 5413 1935 5454 :
1963 5399 2044 5453 in-

453 5475 735 5548 dignatnur
754 5482 915 5546 enim,
945 5489 1082 5551 ψει-ε
1101 5483 1166 5538 fet
1181 5483 1338 5549 imus,
1363 5484 1562 5540 innumo
1583 5501 1640 5541 ra
1665 5488 2018 5558 imprecantur

456 5565 631 5633 Quare
659 5582 711 5625 et
736 5587 837 5641 qua
868 5573 934 5628 de
960 5577 1155 5629 eauSa?
1182 5577 1313 5642 Quia
1345 5579 1430 5632 ille
1453 5579 1538 5648 qui
1566 5595 1595 5634 a
1634 5581 1772 5636 malo
1797 5582 2040 5639 dammae

455 5663 704 5730 agitatur,
737 5662 1120 5719 involuntarins
1165 5679 1421 5736 operatur
1444 5685 1506 5723 ea
1535 5687 1652 5739 qua:
1679 5681 1949 5741 operatur,
1977 5689 2040 5730 ac

461 5751 586 5811 liuet
625 5755 946 5824 recalcitret,
992 5757 1114 5812 licet
1159 5769 1369 5829 rumpat
1411 5771 1634 5830 vestem,
1680 5773 1735 5820 et
1783 5763 2035 5821 obscmna

1258 337 1318 396 S.
1358 337 1637 396 JOANNIS
1673 338 2144 396 CllllYSOSTOMI
2182 341 2500 400 ARCIIIEP.
2541 344 3077 405 CONSTANTINOP.

3673 359 3774 418 πε

2190 455 2454 525 ιιιιωιιίειιιι
2502 457 2770 526 loquatur,
2821 461 2975 516 venia
3017 461 3210 534 dignus
3249 474 3541 525 censetur:
3591 481 3645 527 at
3685 475 3774 544 qui

2187 545 2367 601 ebrius
2409 555 2511 614 est,
2556 549 2813 620 quidquid
2857 552 3066 619 fecerit,
3111 569 3217 610 non
3247 566 3330 611 est
3355 559 3504 614 venia
3541 561 3771 632 dignus:

2185 635 2280 690 sed
2322 645 2378 692 et
2422 638 2576 694 valde
2621 640 2864 696 incusant
2905 643 3054 698 illum
3082 645 3387 714 familiares,
3415 652 3589 717 amici,
3618 666 3670 710 et
3694 656 3772 710 vi-

2184 727 2314 793 cini,
2342 739 2395 784 et
2425 731 2477 785 in
2505 747 2713 787 summa
2741 749 2963 800 omnes;
3007 738 3130 808 quia
3160 751 3352 808 sponte
3395 753 3450 797 et
3478 745 3770 804 Voluntarie

2187 817 2240 872 in
2283 818 2420 876 hanc
2473 822 2766 892 nequitiam
2815 827 3043 890 transiit,
3089 837 3143 883 et
3187 831 3460 888 ebrietatis
3512 840 3771 907 tyrannidi

2183 908 2418 978 seipsnnt
2448 911 2670 969 dedidit.
2703 915 2765 968 Et
2786 915 2902 971 luce
2923 917 3043 972 dico
3067 933 3172 973 nou
3201 932 3256 975 ut
3296 922 3495 992 justutn
3520 926 3769 984 incusem’:

2184 1003 2348 1055 tnnlta
2395 1004 2537 1058 enim
2586 1016 2739 1061 erant
2783 1020 3003 1078 propter
3029 1027 3149 1080 qua:
3177 1015 3250 1068 illi
3283 1017 3432 1070 venia
3461 1019 3766 1088 debebatur,

2183 1101 2238 1145 et
2280 1108 2402 1146 cum
2451 1095 2654 1163 primis,
2685 1099 2828 1168 quod
2877 1115 2982 1154 non
3019 1101 3070 1156 in
3102 1103 3151 1157 id
3183 1105 3294 1159 vitii
3326 1117 3504 1175 postea
3533 1111 3769 1180 relapsus

2183 1191 2285 1246 est,
2330 1183 2378 1237 id
2406 1186 2547 1254 quod
2589 1190 2877 1243 maximum
2906 1191 3064 1246 fuerit
3095 1194 3349 1251 indicium
3372 1213 3494 1253 eum
3523 1216 3584 1254 ex
3619 1202 3771 1271 igno-

2183 1276 2375 1338 rantia,
2422 1292 2526 1330 non
2576 1293 2640 1333 ex
2687 1281 3002 1350 negligentia
3050 1285 3195 1353 prius
3225 1287 3535 1358 deliquisse.
3567 1291 3694 1346 Nam
3721 1295 3767 1348 si

2183 1362 2284 1418 boc
2306 1363 2488 1422 fuisset
2521 1370 2877 1439 negligentiae,
2906 1376 3184 1442 oportebat
3213 1393 3334 1431 cum
3363 1381 3552 1434 iterum
3581 1382 3767 1438 eodem

2183 1455 2372 1509 morbo
2405 1458 2564 1526 capi:
2594 1458 2646 1513 id
2689 1461 2830 1530 quod
2879 1479 2984 1518 non
3027 1467 3228 1522 evenit.
3272 1469 3401 1523 Nam
3446 1472 3490 1525 si
3516 1472 3690 1527 denuo
3719 1469 3767 1530 id

2180 1547 2486 1616 accidisset,
2537 1551 2809 1622 Scriptura
2855 1556 3036 1625 utique
3081 1574 3186 1613 non
3218 1561 3546 1629 obticuisset,
3578 1567 3670 1620 sed
3697 1569 3766 1621 si-

2177 1635 2486 1705 gnificasset
2514 1640 2685 1695 nobis.
2717 1643 2864 1700 Unus
2887 1647 3030 1700 enim
3054 1662 3246 1718 scopus
3266 1661 3321 1704 et
3351 1655 3607 1709 terminus
3625 1655 3767 1713 Seri-

2178 1737 2348 1796 ptura:
2394 1729 2588 1786 divina:
2628 1744 2729 1797 est,
2762 1752 2828 1790 ne
2856 1737 2982 1806 quid
3025 1739 3285 1795 factorum
3317 1743 3646 1820 intertitittat,
3676 1750 3765 1804 sed

2181 1821 2459 1876 veritatem
2507 1839 2605 1879 nos
2644 1825 2851 1883 doceat.
2885 1829 3067 1898 Neque
3094 1834 3236 1888 enim
3283 1848 3503 1904 pr0pter
3522 1839 3764 1896 invidiam

2171 1911 2441 1982 justorttm
2498 1916 2722 1972 virtutes
2779 1923 3035 1990 prmterit,
3067 1939 3239 1993 neque
3280 1936 3498 1996 prepter
3546 1931 3764 1999 gratiam

2178 2013 2394 2073 peccata
2422 2005 2703 2062 adumbrat
2733 2028 2746 2065 :
2773 2011 2869 2066 sed
2910 2015 3086 2068 omnia
3121 2015 3174 2069 in
3207 2017 3437 2071 medium
3471 2019 3622 2074 nobis
3649 2036 3767 2090 pro-

2176 2097 2342 2165 ponit,
2374 2110 2428 2151 ut
2451 2101 2686 2170 regulam
2713 2112 2767 2157 et
2804 2103 3099 2160 doctrinam
3130 2109 3412 2178 quamdam
3454 2111 3762 2184 habeamus,

2173 2196 2226 2242 et
2270 2196 2327 2242 ut
2379 2190 2423 2244 si
2453 2191 2666 2260 quando
2695 2194 2854 2248 etiam
2887 2213 2984 2251 nos
3014 2213 3109 2266 per
3131 2202 3433 2257 socordiam
3463 2205 3516 2258 in
3543 2205 3668 2275 quid
3691 2209 3766 2260 vi-

2173 2278 2231 2332 tii
2285 2280 2655 2350 inciderimus,
2706 2287 2973 2342 cautiores
3023 2291 3190 2345 simus
3237 2302 3441 2360 postea,
3487 2310 3555 2350 ne
3591 2297 3764 2353 denuo

2172 2369 2488 2428 incidamus.
2521 2374 2702 2445 Neque
2727 2379 2870 2432 enim
2897 2388 3004 2434 tam
3026 2397 3192 2451 grave
3213 2393 3296 2438 est
3324 2401 3564 2454 peccare,
3603 2405 3756 2458 quam

2173 2455 2226 2510 in
2271 2459 2504 2527 peccatis
2552 2476 2918 2530 perseverare.
2969 2466 3150 2537 Itaque
3192 2484 3296 2523 non
3323 2472 3540 2527 attende
3582 2455 3754 2531 solum

2171 2549 2312 2618 quod
2345 2549 2635 2607 inebriatus
2677 2555 2745 2608 sit
2785 2555 2993 2624 justus,
3033 2558 3128 2613 sed
3158 2561 3298 2629 quod
3330 2575 3511 2631 postea
3539 2581 3644 2620 non
3665 2567 3762 2622 ite-

2169 2653 2286 2692 rum
2318 2639 2422 2695 hoc
2449 2641 2497 2696 ei
2539 2644 2815 2699 acciderit.
2867 2646 3001 2701 Illud
3044 2663 3172 2704 vero
3200 2652 3478 2708 considera
3503 2697 3520 2722 ,
3549 2670 3644 2710 eos
3672 2657 3762 2727 qui

2172 2729 2224 2784 in
2271 2732 2505 2788 tabernis
2537 2736 2753 2790 vinariis
2791 2739 3028 2806 quatidie
3054 2755 3441 2798 consumuntur
3461 2788 3477 2811 ,
3509 2756 3563 2801 et
3595 2749 3764 2804 ferme

2167 2818 2413 2889 dixerim,
2429 2826 2664 2893 quotidie
2683 2830 2981 2883 tuorinntnr
3005 2848 3019 2883 :
3038 2832 3244 2887 etiamsi
3273 2835 3484 2903 quando
3506 2838 3588 2892 sui
3613 2853 3765 2894 com-

2169 2919 2319 2978 potes
2362 2912 2558 2967 luet-int
2602 2915 2726 2970 facti
2751 2959 2764 2980 ,
2799 2934 2971 2988 neque
2992 2922 3069 2974 sic
3115 2922 3213 2976 sibi
3255 2937 3440 2980 cavent
3471 2927 3540 2982 ab
3565 2929 3760 2984 eodem

2167 3001 2441 3069 periculo,
2470 3005 2562 3059 sed
2593 3008 2742 3075 quasi
2780 3009 2844 3062 ad
2877 3026 3014 3079 opus
3043 3012 3310 3082 quoddam
3339 3025 3613 3072 strenuum
3643 3021 3765 3075 red-

2165 3101 2313 3146 eunt.
2360 3094 2579 3172 Insuper
2634 3107 2692 3151 et
2737 3098 2837 3154 bne
2891 3103 3010 3171 quis
3048 3103 3170 3172 jure
3209 3107 3492 3176 cogitabit,
3551 3111 3756 3179 justum

2167 3180 2336 3247 illum,
2383 3186 2483 3239 etsi
2525 3188 2665 3256 quo]
2699 3205 2802 3243 non
2844 3202 3096 3262 expertus
3136 3205 3298 3261 esset,
3332 3214 3429 3253 nec
3467 3201 3631 3256 sciret
3656 3219 3762 3274 qua

2165 3286 2417 3328 mensura
2454 3287 2600 3330 esset
2622 3279 2873 3334 utendum
2895 3324 2909 3346 ,
2943 3283 3231 3340 inebriatus
3251 3287 3351 3354 sit;
3382 3298 3614 3352 attamen
3639 3309 3761 3351 cum

2161 3361 2342 3430 justus
2370 3376 2531 3431 esset,
2582 3378 2636 3422 et
2676 3371 2855 3424 multis
2883 3372 3035 3430 bonis
3078 3376 3300 3445 polleret
3337 3383 3604 3449 operibus,
3638 3400 3761 3453 pec-

2162 3464 2362 3520 eatum,
2419 3459 2558 3528 quod
2609 3476 2734 3516 casu
2771 3468 2970 3531 evenit,
3029 3467 3280 3538 obtegere
3333 3475 3610 3540 potuisse:
3661 3493 3760 3533 nos

2162 3553 2340 3600 autem
2381 3563 2500 3602 eum
2536 3550 2914 3609 abinnnmeris
2961 3558 3080 3612 aliis
3132 3560 3499 3632 affectionibus
3539 3567 3758 3624 infe-te—

2163 3659 2303 3712 mur,
2345 3657 2397 3701 et
2441 3646 2540 3702 boc
2579 3649 2858 3715 addamus,
2893 3663 2946 3706 ut
2976 3662 3027 3708 et
3057 3655 3124 3708 ab
3157 3656 3413 3713 ebrietate
3442 3662 3755 3734 submerga—

2165 3751 2301 3799 mnr,
2354 3738 2478 3806 quid
2523 3741 2835 3796 excusabit?
2869 3744 2948 3798 vel
2987 3745 3127 3814 quis,
3159 3747 3263 3810 die,
3293 3764 3410 3815 oro,
3444 3768 3540 3804 uos
3566 3754 3757 3824 (ligna-

2162 3827 2303 3882 bitnr
2326 3831 2498 3897 venia,
2523 3847 2658 3901 quos
2687 3834 2827 3888 nulla
2857 3820 3184 3905 experientia
3212 3840 3335 3895 facit
3355 3844 3758 3914 eastigatiores"

2162 3916 2435 3990 Evigilavit
2473 3933 2640 3976 autent
2687 3922 2821 3990 Noe,
2869 3926 3058 3996 inquit,
3087 3945 3118 3980 a
3146 3930 3280 3994 vino,
3313 3942 3360 3984 et
3383 3937 3610 4004 cognovit
3637 3953 3755 4006 ante

2161 4011 2276 4080 fecit
2297 4011 2392 4065 sibi
2409 4014 2550 4082 ﬁlius
2570 4031 2690 4069 suus
2705 4017 2906 4085 junior.
2923 4018 3072 4075 Unde
3092 4025 3370 4091 cognovit?
3387 4025 3543 4081 Forte
3564 4028 3756 4085 fratres

2159 4103 2612 4174 signiticaverunt,
2660 4124 2764 4162 non
2797 4121 2853 4164 ut
2894 4109 3110 4166 fratrem
3140 4128 3472 4183 accusarent,
3504 4121 3598 4174 sed
3637 4139 3752 4177 rem

2159 4204 2216 4249 ut
2247 4195 2380 4251 facta
2405 4209 2521 4252 erat
2548 4199 2822 4268 docentes,
2872 4212 2928 4256 ut
2955 4206 3276 4261 conveniens
3304 4208 3391 4263 ille
3416 4227 3515 4264 suo
3547 4215 3752 4271 vulneri

2159 4288 2455 4343 remedium
2503 4291 2788 4362 acciperet.
2835 4292 2905 4347 Et
2950 4298 3199 4367 cognovit,
3245 4300 3432 4370 inquit,
3479 4303 3592 4358 Noe
3610 4323 3751 4374 qua:-

2156 4393 2370 4453 cumque
2410 4380 2596 4448 fecerat
2641 4384 2737 4437 sibi
2765 4385 2905 4452 [ilius
2929 4403 3050 4440 suus
3067 4388 3264 4458 jmtior.
3297 4390 3431 4457 Quid
3458 4403 3560 4459 est,
3591 4395 3749 4462 Que-

2155 4489 2365 4542 cumque
2390 4475 2618 4543 fecerat?
2650 4477 2891 4546 Magnam
2921 4488 2975 4532 et
3013 4479 3396 4536 intolerabilem
3426 4501 3538 4538 rem
3564 4487 3750 4544 dicere

2160 4565 2291 4617 vult.
2324 4565 2702 4622 Animadverte
2726 4568 2867 4622 enim
2898 4571 3163 4638 quomodo
3189 4572 3329 4626 intus
3359 4574 3411 4627 in
3443 4575 3604 4630 domo
3633 4577 3748 4633 visa

2156 4655 2322 4724 patris
2353 4656 2699 4726 turpitudine,
2728 4674 2848 4713 cum
2891 4660 3163 4716 debuisset
3199 4664 3470 4734 obtegere,
3498 4682 3747 4737 egressus

2154 4747 2437 4816 evolgavit,
2465 4758 2518 4803 et
2545 4749 2675 4804 risui
2705 4759 2863 4820 atque
2885 4752 3282 4808 subsannationi
3313 4765 3538 4826 patrem,
3574 4775 3748 4829 quan-

2155 4846 2264 4890 tum
2296 4838 2349 4891 in
2375 4838 2491 4907 ipso
2517 4850 2652 4906 erat,
2684 4842 2955 4910 exposuit,
2987 4841 3280 4914 fratresque
3311 4861 3483 4915 prava:
3508 4865 3619 4904 suae
3644 4866 3746 4904 vo-

2152 4927 2367 4983 luntatis
2394 4931 2566 4985 socios
2596 4945 2715 4986 esse
2738 4932 2934 4987 voluit:
2955 4949 3075 4988 cum
3098 4938 3438 5004 oportuisset,
3455 4939 3498 4992 si
3521 4942 3743 4996 omnino

2153 5021 2489 5077 nuntiaturus
2533 5033 2668 5090 erat,
2711 5023 2830 5078 illos
2864 5025 2998 5079 intra
3049 5026 3268 5082 domum
3314 5045 3526 5093 vocare,
3580 5043 3630 5086 et
3661 5035 3742 5088 sic

2125 5110 2445 5164 ‘nuditatem
2473 5111 2624 5166 effari
2658 5131 2670 5164 :
2700 5115 2794 5169 sed
2825 5116 2938 5183 ipse
2969 5115 3109 5171 foras
3134 5117 3290 5186 exiit,
3321 5120 3613 5175 nuditatem
3642 5125 3735 5178 de-

2149 5199 2390 5266 claravit,
2437 5202 2588 5271 quasi
2625 5205 2784 5258 etiam
2833 5206 2933 5260 alia
2972 5206 3185 5262 adesset
3232 5210 3382 5264 turba
3437 5211 3736 5279 bominmn,

2147 5306 2281 5361 quos
2304 5293 2463 5346 etiam
2490 5293 2727 5348 facturus
2747 5305 2890 5351 esset
2919 5308 3150 5365 paterna:
3173 5300 3509 5368 turpitudinis
3533 5312 3693 5356 testes
3719 5320 3737 5358 :

2150 5395 2367 5454 promer
2411 5387 2508 5440 hoc
2555 5387 2741 5456 inquit,
2778 5389 2906 5455 Quae
2930 5393 3146 5460 fecerat;
3176 5391 3226 5445 id
3255 5403 3356 5458 est,
3388 5396 3736 5448 contumelio-

2146 5491 2238 5531 sus
2264 5476 2399 5546 patri
2424 5477 2537 5541 fuit,
2568 5478 2764 5533 oblitus
2793 5489 2876 5534 est
2903 5481 3118 5535 honoris
3147 5497 3303 5550 quem
3327 5483 3518 5537 debent
3544 5499 3736 5549 paren-

2147 5568 2286 5622 tibus
2315 5568 2428 5630 filii,
2474 5568 2704 5637 prodidit
2745 5580 2978 5639 peccata,
3013 5571 3152 5626 fratri
3175 5584 3202 5626 s
3227 5572 3387 5626 νυΙιιίι
3415 5573 3650 5639 allicere,
3676 5586 3732 5629 et

2145 5658 2318 5713 socios
2345 5661 2518 5714 facere
2541 5676 2652 5714 sua:
2671 5663 3028 5716 contumeliae.
3058 5663 3182 5728 Qua.-
3198 5665 3382 5732 fecerat
3401 5663 3512 5727 δέω,
3539 5664 3727 5734 inquit,

2145 5749 2284 5816 ﬁlius
2328 5766 2449 5804 suus
2488 5751 2676 5817 iunior.
2709 5754 2864 5823 Atqui
2898 5769 3000 5807 non
3027 5752 3112 5807 bic
3139 5764 3252 5808 erat
3285 5755 3464 5824 junior
3483 5772 3498 5822 ;
3531 5771 3725 5812 secun-
