4078 6408
267 390 375 447 267

263 499 529 555 ἀπόνοιαν
561 511 588 539 ει
613 497 870 570 ἤλειψας·
908 500 1002 553 καὶ
1049 500 1110 554 οὑ
1161 501 1323 557 τοῦτο
1375 504 1555 574 μόνον,
1589 502 1702 557 ἀλλ’
1726 502 1807 555 ὅτι
1841 499 1937 554 καὶ

266 586 710 657 βλασφημεῖσθαι
756 586 848 639 τὸν
877 586 1012 641 Θεὸν
1043 591 1482 660 παρεσκεύασας.
1514 590 1684 644 Τοῦτο
1714 590 1771 642 δὲ
1808 589 1959 658 ὅσην.

264 673 518 745 προξενεῖ
534 673 632 743 τὴν
665 672 885 727 κόλασιν
909 676 1021 739 τοῖς
1052 675 1154 747 τὴν
1177 676 1356 730 αἰτίαν
1386 677 1741 748 παρέχουσιν,
1763 674 1939 740 οὐδεὶς

264 760 471 830 ἀγνοεῖ.
491 757 757 830 Φύγωμεν
782 761 984 826 τοίνυν,
1008 763 1327 835 παρακαλῶ,
1359 764 1454 818 τοῦ
1486 765 1616 835 Χάμ
1640 765 1732 818 τὸν
1753 762 1938 833 ζῆλον,

266 845 640 920 μιμησώμεθα
669 847 727 900 δὲ
776 847 886 902 τῶν
923 850 1283 921 εὐγνωμόνων
1332 852 1536 907 τούτων
1588 852 1795 906 παίδων
1838 851 1938 922 τὴν

264 934 423 1000 αἰδῶ,
451 935 521 1006 ἢν
546 935 678 1007 περὶ
726 935 826 1007 τὴν
878 936 1157 1007 γύμνωσιν
1184 936 1279 992 τοῦ
1310 940 1515 1010 πατρὸς
1557 931 1933 1001 ἐπεδείξαντο·

263 1023 359 1077 καὶ
382 1022 525 1077 οὑτω
550 1021 622 1076 τὰ
652 1022 759 1075 τῶν
805 1022 1053 1092 ἀδελφῶν
1109 1026 1487 1097 συσκιάζωμεν
1540 1029 1933 1098 ἁμαρτήματα,

259 1109 363 1180 οὐχ
392 1110 480 1164 ἵνα
507 1111 588 1172 εἰς
620 1108 892 1181 ρᾳθυμίαν
918 1111 1114 1174 αὐτοὺς
1134 1112 1640 1185 παιδοτριϐήσωμεν
1658 1154 1672 1179 ,
1704 1114 1817 1168 ἀλλ’
1847 1115 1934 1169 ἵνα

257 1195 435 1267 ταύτῃ
472 1196 705 1266 μάλιστα
749 1196 970 1252 πλείονα
1026 1199 1209 1264 αὑτοῖς
1251 1200 1505 1272 ἀφορμὴν
1564 1201 1933 1274 παράσχωμεν

257 1283 357 1337 τοῦ
383 1282 593 1354 ταχέως
609 1282 707 1354 τῆς
738 1282 917 1355 λύμης
954 1284 1168 1356 ἐκείνης
1212 1287 1613 1359 ἀπαλλαγῆναι,
1678 1288 1767 1344 καὶ
1797 1289 1933 1361 πρὸς

256 1369 355 1424 τὸν
390 1371 490 1441 τῆς
518 1370 721 1441 ἀρετῆς
753 1370 951 1443 δρόμον
986 1370 1318 1427 ἐπανελθεῖν.
1360 1375 1571 1446 Ὥσπερ
1612 1374 1722 1448 γὰρ
1761 1376 1821 1430 rb
1854 1376 1930 1448 μὴ

258 1457 489 1521 πολλοὺς
512 1456 656 1527 ἔχειν
702 1457 987 1528 μάρτυρας
1019 1457 1129 1512 τῶν
1179 1459 1395 1515 οἰκείων
1442 1460 1930 1535 πλημμελημάτων

256 1542 634 1615 εὐκολωτέραν
673 1544 1073 1609 κατασκευάζει
1114 1545 1191 1616 τῷ
1237 1546 1461 1617 νήφοντι
1505 1547 1604 1618 τὴν
1635 1549 1928 1604 ἐπάνοδον·

253 1630 453 1693 οὕτως,
506 1629 724 1683 ἐπειδάν
759 1629 1139 1703 ἀπερυθριάσῃ
1186 1631 1354 1702 ψυχὴ,
1390 1633 1484 1687 καὶ
1517 1633 1601 1706 ἴδῃ
1631 1634 1714 1688 ὃτι
1740 1636 1930 1691 οὐδένα

253 1716 449 1787 λέληθε
474 1714 542 1769 τὰ
566 1716 776 1787 πονηρά
800 1715 1264 1788 διαπραττομένη,
1297 1720 1396 1773 οὐκ
1422 1720 1659 1784 εὐκόλως
1686 1723 1929 1795 άποστῆρ

252 1821 346 1858 ναι
372 1803 641 1873 ἀνέχεται,
669 1801 804 1856 ἀλλά
833 1802 1086 1875 καθάπερ
1115 1806 1195 1868 είς
1223 1805 1355 1875 ὓλην
1382 1806 1504 1860 τινὰ
1529 1807 1622 1861 καὶ
1642 1807 1803 1876 βυθὸν
1832 1812 1929 1882 ἐμ-

254 1889 521 1955 πεσοῦσα,
553 1890 648 1942 καὶ
669 1889 775 1942 ὑπὸ
811 1890 1020 1960 μυρίων
1072 1892 1329 1962 κυμάτων
1360 1892 1510 1947 κάτω
1544 1895 1925 1967 παρελκομένη

249 1976 526 2040 δυσκόλως
576 1975 866 2030 ἀνανεῦσαι
895 1976 1204 2047 δυνήσεται,
1248 1979 1329 2041 είς
1376 1979 1683 2048 ἀπόγνωσιν
1741 1981 1925 2036 λοιπὸν

251 2062 573 2135 ἐμπεσοῦσα
599 2062 847 2133 καὶπρὸς
874 2064 973 2134 τήν
1004 2062 1260 2118 ἐπάνοδον
1289 2064 1726 2137 ἀπαγορεύουσα.

316 2156 389 2204 ε’.
410 2149 508 2203 Διά
531 2148 713 2214 τοῦτο,
738 2149 1064 2221 παρακαλῶ,
1102 2151 1237 2221 μήτε
1262 2152 1701 2223 ἐκπομπεύωμεν
1728 2154 1796 2207 τὰ
1818 2155 1925 2207 τῶν

249 2237 483 2308 πλησίον
514 2237 821 2307 σφάλματα,
853 2236 949 2289 καὶ
974 2236 1194 2291 ἐπειδάν
1222 2238 1352 2309 παρ’
1390 2238 1592 2311 ἐτέρων
1614 2240 1785 2293 ταῦτα
1817 2240 1924 2310 μά-

249 2322 456 2392 θωμεν,
484 2323 557 2393 μὴ
592 2321 942 2393 ἐπειγώμεθα
970 2321 1111 2376 ὥστε
1144 2324 1244 2394 τὴν
1273 2324 1552 2396 γύμνωσιν
1589 2325 1716 2380 ἰδεῖν
1735 2344 1749 2357 ·
1791 2326 1926 2381 ἀλλά

249 2409 507 2479 καθάπερ
533 2401 678 2462 οὑτοι
708 2409 755 2462 οἱ
786 2408 1128 2480 εὐγνώμονες
1182 2411 1390 2475 παῖδες,
1427 2412 1921 2484 συγκαλύπτωμεν,

250 2498 657 2569 συσκιάζωμεν,
690 2500 755 2569 τῇ
792 2499 1146 2569 παραινέσει,
1177 2502 1296 2563 ταῖς
1325 2501 1655 2571 συμϐουλαῖς
1687 2519 1926 2556 καταπε-

248 2586 536 2638 πτωκυῖαν
563 2584 663 2655 τὴν
700 2582 876 2654 ψυχὴν
908 2583 1172 2651 ἀνορθοῦν
1224 2584 1636 2657 σπουδάζωμεν,
1666 2587 1765 2657 τῆς
1806 2587 1926 2655 φιλ-

247 2670 568 2742 ανθρωπίας
595 2669 689 2723 τοῦ
719 2668 855 2723 Θεοῦ
887 2669 948 2722 rb
986 2670 1219 2738 μέγεθος
1247 2669 1623 2737 διδάσκοντες,
1653 2674 1751 2745 τῆς
1783 2674 1926 2744 ἀγα-

248 2757 476 2828 θότητος
493 2754 659 2810 αὑτοῦ
682 2756 782 2826 τὴν
812 2755 1140 2828 ὑπερϐολὴν,
1170 2758 1269 2828 τῆς
1288 2758 1688 2830 εὐσπλαγχνίας
1710 2760 1771 2814 τὸ
1790 2761 1927 2832 άμεο

246 2862 400 2917 τρον,
427 2845 514 2898 ἵνα
544 2842 811 2915 μείζονος,
833 2844 977 2915 ἢπερ
1009 2839 1176 2912 οὑτοι,
1228 2845 1480 2913 εὐλογίας
1527 2846 1925 2921 ἀπολαύσωμεν

248 2932 407 3006 παρὰ
427 2930 522 2985 τοῦ
556 2931 660 2985 τῶν
688 2930 826 2985 ὅλων
854 2928 1009 2996 Θεοῦ,
1046 2931 1138 2985 τοῦ
1181 2931 1505 3003 βουλομένου
1543 2933 1782 3002 Πάντας
1820 2936 1926 2990 ἀν-

246 3020 523 3089 θρώπους
543 3017 830 3086 σωθῆναι,
873 3019 973 3072 καί
1018 3021 1105 3085 εἰς
1131 3019 1460 3089 ἐπίγνωσιν
1490 3020 1777 3089 ἀληθείας
1827 3022 1925 3077 ἐλ-

247 3109 399 3174 θεῖν,
428 3105 522 3161 τοῦ
553 3107 627 3177 μὴ
657 3104 977 3177 βουλομένου
1006 3107 1117 3161 Τὸν
1136 3106 1395 3161 θάνατον
1415 3107 1521 3162 τοῦ
1551 3108 1921 3178 άμαρτωλοῦ,

246 3196 334 3263 ὡς
363 3194 427 3249 τὸ
450 3194 808 3263 ἐπιστρέψαι
836 3194 935 3248 καὶ
957 3193 1065 3262 ζῇν
1087 3195 1294 3249 αὐτόν.
1317 3193 1428 3247 Καὶ
1455 3190 1569 3263 τὴν
1592 3195 1922 3265 γύμνωσιν,

247 3282 408 3355 φησὶ,
440 3281 548 3336 τοῦ
572 3281 796 3349 πατρὸς
820 3279 1021 3335 αὐτῶν
1046 3282 1157 3335 οὐκ
1184 3276 1367 3335 εἶδον.
1400 3280 1542 3351 Ὅρα
1576 3281 1693 3345 πῶς
1719 3282 1922 3338 ἄνωθεν

246 3370 345 3425 καὶ
361 3368 420 3434 ἐξ
442 3369 615 3440 ἀρχῆς
643 3368 816 3422 ταῦτα
844 3366 996 3438 ἐντῷ
1031 3366 1181 3438 νόμῳ
1217 3367 1295 3438 τῷ
1338 3367 1572 3438 γραπτῷ
1615 3369 1752 3439 πρὸς
1779 3368 1924 3422 διδα-

248 3457 481 3513 σκαλίαν
504 3455 598 3510 τοῦ
621 3456 771 3528 [287]
794 3456 903 3509 τῶν
919 3454 1220 3529 ἀνθρώπων
1246 3454 1436 3523 γένους
1450 3454 1922 3525 νενομοθετημένα

246 3543 615 3616 προλαϐόντες
638 3542 747 3598 ἀπὸ
772 3542 867 3595 τοῦ
902 3544 959 3596 ἐν
986 3545 1053 3613 τῇ
1077 3542 1236 3610 φύσει
1261 3541 1514 3612 κειμένου
1559 3541 1726 3612 νόμου
1752 3542 1921 3614 ἐπλή-

250 3647 400 3703 ρουν,
418 3629 511 3683 καὶ
540 3631 674 3699 ὅπερ
691 3630 720 3681 ό
745 3629 908 3699 νόμος
933 3628 1087 3697 ἔλεγε
1109 3642 1123 3655 ·
1153 3630 1297 3697 Τίμα
1310 3628 1416 3682 τὸν
1434 3626 1659 3696 πατέρα
1682 3644 1798 3683 σου
1822 3630 1920 3684 καὶ

245 3715 606 3787 τὴνμητέρα
627 3728 761 3779 σου,
786 3716 885 3768 ἵνα
913 3711 981 3770 εὖ
1004 3729 1103 3769 σοι
1123 3712 1371 3784 ⁸γένηται
1397 3730 1415 3777 ;
1441 3713 1556 3777 καὶ,
1585 3712 1647 3767 '0
1674 3718 1923 3770 κακολο-

246 3805 373 3877 νῶν
403 3803 628 3870 πατέρα
654 3801 691 3869 ἢ
718 3803 964 3870 μητέρα,
997 3800 1228 3869 θανάτῳ
1250 3801 1610 3856 τελευτάτω·
1635 3802 1792 3855 τοῦτο
1820 3803 1921 3875 ήδη

245 3894 338 3949 διὰ
363 3893 471 3947 τῶν
496 3892 674 3963 ἔργων
694 3890 1020 3961 ἐπληροῦτο.
1054 3887 1209 3954 Εἶδες
1230 3891 1347 3955 πῶς
1376 3889 1723 3961 προλαϐοῦσα
1753 3892 1786 3964 ἠ
1819 3890 1923 3962 φύ-

249 3999 337 4044 σις
363 3978 639 4048 ἀρκοῦσαν
661 3973 773 4048 εἶχε
797 3975 1146 4031 διδασκαλίαν
1168 3993 1182 4042 ;

333 4066 630 4135 Ἕξένηψε
659 4064 748 4129 δὲ,
776 4064 929 4134 φησὶ,
965 4063 1094 4117 Νῶε
1121 4062 1236 4118 ἀπὸ
1264 4063 1371 4117 τοῦ
1397 4065 1588 4129 οἴνου,
1642 4062 1742 4118 καί
1771 4062 1924 4133 ἔγνω

247 4155 370 4210 ὅσα
393 4154 685 4222 ἐποίησεν
709 4151 870 4217 αὐτῷ
896 4153 929 4205 ὁ
948 4150 1079 4216 υίὸς
1108 4149 1296 4204 αὐτοῦ
1327 4152 1360 4204 d
1396 4144 1699 4219 νεώτερος.
1764 4150 1921 4215 Ἑξέ-

246 4240 409 4306 rmsz
436 4237 524 4302 δὲ,
549 4235 731 4306 φησίν.
776 4233 1145 4288 Ἀκουέτωσαν
1172 4234 1221 4286 οἰ
1255 4234 1312 4285 ἐν
1336 4236 1449 4297 τοῖς
1474 4233 1794 4304 συμποσίοις
1815 4233 1924 4305 διη-

251 4317 576 4390 μερεύοντες
603 4316 697 4370 τοῦ
728 4314 940 4368 ὀλίσθου
964 4314 1025 4368 rb
1052 4313 1300 4384 μέγεθος,
1335 4315 1427 4369 καὶ
1475 4314 1796 4387 φυγέτωσαν
1822 4315 1922 4385 τὴν

247 4402 316 4455 ἐκ
344 4400 444 4471 τῆς
498 4399 668 4471 μέθης
713 4399 910 4470 λύμην.
952 4397 1249 4467 Ἐξένηψε
1296 4395 1382 4460 δὲ,
1425 4397 1609 4468 φησίν.
1662 4397 1726 4449 Τί
1752 4399 1920 4463 ἐστιν,

259 4488 590 4556 Ἐξένηψεν
612 4503 631 4550 ;
663 4488 840 4556 Ὅπερ
866 4487 997 4556 ήμῖν
1031 4484 1150 4547 ἔθος
1178 4485 1308 4554 περί
1327 4482 1436 4537 τῶν
1485 4483 1804 4555 μεμηνότων
1831 4484 1920 4537 λέ-

246 4587 390 4640 γειν,
419 4570 639 4623 ἐπειδὰν
663 4571 721 4623 ἐν
752 4569 1007 4623 ἐκστάσει
1033 4568 1320 4635 γένωνται,
1345 4567 1426 4620 ὅτι
1445 4569 1473 4620 6
1498 4567 1644 4620 δεῖνα
1663 4566 1923 4639 ἐξένηψεν

243 4656 360 4711 ἀπὺ
407 4655 502 4708 τοῦ
530 4654 803 4724 δαίμονος,
836 4652 932 4705 καὶ
973 4650 1262 4721 ἀπηλλάγη
1296 4650 1395 4719 τῆς
1427 4649 1637 4702 ἐκείνου
1669 4650 1922 4721 τυραννί-

242 4740 364 4801 δος·
399 4737 560 4789 τοῦτο
583 4739 677 4789 καί¹
711 4734 944 4787 ἐνταῦθα
972 4732 1222 4802 ἐφησενή
1263 4731 1473 4801 Γραφή.
1524 4731 1763 4801 Ἀληθῶς
1814 4732 1923 4803 γὰρ

243 4821 278 4889 ή
340 4817 481 4888 μέθη
541 4814 861 4885 αὐθαίρετός
918 4816 1036 4866 ἐστι
1094 4812 1342 4883 δαίμων,
1409 4811 1504 4864 καὶ
1543 4807 1924 4881 χαλεπώτερον

246 4898 459 4952 ἐκείνου
493 4898 675 4949 σκοτοῖ
707 4895 797 4947 τὸν
815 4894 1095 4965 λογισμὸν,
1123 4894 1217 4947 καὶ⁴
1248 4892 1436 4962 πάσης
1466 4892 1923 4963 εὑγνωμοσύνηςδ

242 4982 543 5053 ἀποστερεῖ
578 4980 669 5033 τὸν
710 4979 925 5032 ἁλόντα.
964 4976 1068 5029 Tbv
1109 4976 1208 5048 μὲν
1245 4974 1357 5046 γὰρ
1393 4975 1753 5045 δαιμονιῶντα
1792 4976 1922 5029 πολ-

244 5064 403 5127 λάκις
429 5063 661 5135 ὁρῶντες
687 5063 780 5116 καὶ
814 5059 1090 5129 ἐλεοῦμεν,
1127 5059 1218 5111 καὶ
1252 5055 1639 5124 συναλγοῦμεν,
1677 5057 1771 5109 καὶ
1793 5056 1923 5109 πολ-

244 5146 347 5217 λὴν
376 5147 503 5216 περὶ
532 5145 694 5198 αὐτὸν
741 5145 840 5214 τήν
874 5143 1216 5212 συμπάθειαν
1251 5139 1689 5209 ἐπιδεικνύμεθα·
1726 5141 1817 5193 ἐπὶ
1867 5140 1922 5192 δὲ

239 5228 341 5281 τοῦ
396 5227 633 5297 μεθύσου
669 5226 730 5279 rb
777 5227 1017 5278 ἐναντίον
1070 5221 1432 5295 ἐργαζόμεθα·
1488 5221 1918 5291 ἀγανακτοῦμεν,

240 5310 688 5380 δυσχεραίνομεν,
744 5309 912 5379 μυρία
932 5306 1284 5378 ἐπαρώμεθα.
1322 5305 1477 5369 Τίνος
1508 5306 1691 5359 ἕνεκεν
1713 5305 1808 5358 καὶ
1835 5303 1924 5357 διά

240 5394 329 5459 τί;
367 5395 489 5447 Ὅτι
512 5395 717 5456 ἐκεῖνος
754 5391 853 5463 μὲν
884 5391 990 5445 ὑπὸ
1010 5390 1103 5444 τοῦ
1128 5388 1366 5460 πονηροῦ
1387 5399 1408 5425 ε
1431 5388 1681 5459 δαίμονος
1705 5386 1924 5441 ἐλαυνόι.

306 5528 326 5553 ⁸
372 5529 600 5580 Ἀπόνοια
626 5529 863 5577 insaniam
884 5534 963 5591 γει,-
998 5528 1260 5591 amenliarn
1297 5524 1444 5591 vplgo
1479 5523 1739 5585 signiﬁcat.
1774 5522 1919 5591 Αριιά

238 5592 644 5651 Chrysostomum
679 5597 843 5639 autem
873 5589 1074 5637 ἀπόνοια
1122 5594 1176 5651 ιιι
1214 5588 1477 5651 plurinmm
1513 5591 1586 5632 est
1611 5588 1916 5651 arrogantia,

240 5644 495 5716 supérbm.
527 5652 629 5716 H_0c
652 5659 819 5700 autem
851 5652 957 5698 loco
978 5644 1252 5698 socordiam
1281 5644 1404 5695 satis
1428 5644 1761 5705 congruenter
1796 5645 1916 5692 red-

239 5713 375 5765 didit
395 5721 541 5761 vetus
560 5713 828 5773 interpres.
856 5772 859 5773 ν
1213 5770 1225 5773 _
1248 5770 1285 5773 μ
1488 5772 1491 5773 ν
1610 5770 1619 5773 _
1765 5763 1776 5773 _

303 5775 337 5815 ι
350 5770 719 5834 Εῦγνωμοσὺνη,
742 5779 795 5820 ιιι
811 5772 1077 5834 plurimum
1100 5770 1226 5832 apud
1239 5770 1407 5829 Chrys.
1422 5772 1497 5817 est
1511 5770 1676 5834 gratus
1694 5770 1904 5834 animus,

235 5836 327 5886 ve‘.
340 5835 405 5883 ad
416 5825 625 5898 gratiam
634 5825 899 5882 Ιιαιὶεηαὶιιη
909 5825 1618 5898 (ιΙῙεειιιδ,ἰιοηιιιιιιριιοιῃεῡρῐῐι
1629 5825 1908 5898 ριζοῡίιαιειη

240 5886 502 5961 εῑεγιιὶιᾷιῗαι.
532 5897 619 5944 Hic
629 5909 686 5943 au
695 5901 793 5961 lcrp
806 5886 964 5961 necte";
975 5898 1029 5961 ιιι
1042 5895 1204 5961 vitiati:
1213 5906 1250 5949 ι’,
1263 5886 1580 5942 benevolentia
1592 5889 1716 5938 verti
1729 5892 1908 5952 potest.

309 5952 335 5991 δ
375 5958 601 6017 Quinque
624 5968 737 6003 mss.
759 5955 978 6016 δαίμονος
1005 5952 1349 6014 ἐνοχλούμενος.

660 6035 930 6099 ιἰιτιιοι..
978 6030 1093 6094 (in.
1148 6032 1302 6093 Llll.

1382 387 1450 444 IN
1482 387 1636 445 CAP.
1672 385 1746 442 IX
1777 379 2020 439 GENES.
2058 380 2291 442 HOMIL.
2331 385 2524 445 XXIX.

3601 392 3712 448 268

2045 515 2224 567 μενος,
2255 501 2403 555 ἄκων
2436 501 2824 575 διαπράττεται
2862 504 3004 575 άπερ
3041 504 3107 560 ἂν
3152 504 3547 576 διαπράξηται·
3604 507 3709 560 κᾶν

2035 578 2285 653 λακτίσῃ,
2338 584 2443 636 κᾶν
2492 583 2760 655 διαρῤήξῃ
2828 584 3166 654 χιτωνίσκον,
3219 584 3322 638 κᾶν
3352 585 3554 656 αἰσχρά
3587 602 3712 639 τινα

2034 657 2355 728 φθέγξηται,
2389 663 2718 734 συγγνώμης
2746 662 3010 728 ἀξιοῦται·
3047 665 3076 716 6
3101 663 3158 715 δὲ
3191 663 3426 734 μεθύων,
3457 664 3548 718 καὶ
3572 665 3706 737 ὅπερ

2034 738 2101 792 ἂν
2122 740 2477 812 ἐπιδείξηται,
2509 743 2609 796 οὐκ
2635 742 2700 796 ἂν
2727 743 2878 797 ἔσται
2907 741 3235 814 συγγνώμης
3261 743 3428 808 ἄξιος,
3454 745 3590 799 ἀλλὰ
3613 743 3709 797 καὶ

2033 820 2283 888 οἰκείους,
2312 823 2403 875 καὶ
2433 822 2639 892 φίλους,
2669 824 2762 876 καὶ
2792 822 3057 891 γείτονας,
3076 823 3167 876 καὶ
3196 823 3404 886 πάντας
3434 822 3546 893 ἔχει
3580 841 3709 893 σφο-

2031 899 2191 971 δροὺς
2213 904 2569 975 κατηγόρους,
2605 904 2790 975 ἐπειδὴ
2829 903 3038 957 οίκοθεν
3070 902 3178 956 ἀπὸ
3215 904 3585 974 προαιρέσεως
3608 904 3705 974 τὴν

2032 979 2230 1034 κακίαν
2271 983 2618 1054 μετελήλυθε,
2652 984 2745 1037 καὶ
2772 985 2837 1054 τῇ
2888 981 3164 1052 τυραννίδι
3193 982 3292 1051 τῆς
3320 982 3489 1052 μέθης
3513 983 3707 1036 ἑαυτὸν

2031 1057 2263 1123 ἐξέδωκε
2288 1059 2337 1114 δ.
2363 1061 2472 1115 Καὶ
2499 1060 2670 1115 ταῦτα
2698 1060 2858 1129 λέγω,
2909 1062 3006 1130 οὐχ
3040 1060 3128 1112 ἴνα
3160 1060 3252 1113 τοῦ
3283 1060 3492 1114 δικαίου
3538 1077 3707 1130 κατη-

2030 1137 2272 1208 γορήσω·
2316 1139 2482 1193 πολλά
2505 1140 2612 1212 γάρ
2644 1135 2712 1211 ἦν
2744 1139 2813 1192 τὰ
2865 1139 2966 1210 τὴν
3005 1137 3333 1209 συγγνώμην
3362 1137 3511 1208 αὐτῷ
3563 1155 3708 1209 παρ-

2031 1215 2243 1285 έχοντα·
2297 1220 2389 1271 καὶ
2421 1220 2558 1290 μετά
2589 1220 2699 1272 τῶν
2727 1218 2900 1272 ἀλλων
2952 1218 3207 1272 ἁπάντων
3255 1218 3316 1270 τὸ
3348 1218 3544 1288 μηκέτι
3594 1221 3708 1281 τοῖς

2028 1296 2209 1359 αὐτοῖς
2242 1302 2578 1367 περιπεσεῖν,
2608 1300 2744 1369 ὅπερ
2777 1296 3031 1366 μέγιστον
3063 1294 3130 1350 ἂν
3161 1296 3248 1366 εῖη
3269 1296 3469 1366 δεῖγμα
3492 1297 3706 1351 καὶτοῦ

2029 1373 2294 1443 προτέρου
2320 1376 2742 1448 ἁμαρτήματος,
2772 1377 2855 1430 ὅτι
2885 1374 2944 1441 ἐξ
2996 1375 3241 1443 ἀγνοίας,
3281 1374 3396 1428 ἀλλ’
3455 1375 3554 1446 οὐχ
3600 1375 3707 1429 ὑπὸ

2031 1454 2302 1527 ῥᾳθυμίας
2331 1457 2487 1510 τοῦτο
2516 1457 2828 1528 ὑπέμεινεν.
2868 1456 2931 1508 Εἰ
2964 1454 3073 1526 γὰρ
3101 1454 3209 1508 ἀπὸ
3244 1454 3517 1525 ῥᾳθυμίας
3547 1455 3707 1510 τοῦτο

2028 1532 2340 1604 ὑπέμεινεν,
2368 1535 2533 1606 ἐχρῆν
2558 1535 2664 1605 ἄρα
2692 1535 2787 1589 καὶ
2814 1533 2976 1588 πάλιν
3007 1534 3168 1587 αὐτὸν
3184 1532 3385 1587 ἁλῶναι
3410 1534 3488 1605 τῷ
3518 1535 3703 1588 πάθει·

2027 1610 2143 1665 ἀλλ’
2180 1612 2360 1667 οὐκέτι
2389 1613 2547 1666 τοῦτο
2590 1613 2877 1666 πέπονθεν.
2903 1613 2968 1665 Εἰ
2999 1612 3110 1682 γὰρ
3148 1613 3243 1665 καὶ
3272 1612 3434 1667 πάλιν
3471 1612 3531 1665 rb
3575 1613 3707 1667 αὐτὸ

2027 1689 2338 1760 ὑπέμεινεν,
2368 1692 2467 1744 οὐκ
2496 1691 2563 1744 ἂν
2588 1692 2620 1762 ἡ
2642 1692 2834 1762 Γραφὴ
2858 1689 3299 1762 παρεσιώπησξν,
3330 1689 3444 1744 ἀλλ’
3474 1691 3706 1762 ἐγνώρι-

2027 1764 2119 1823 σεν
2139 1758 2216 1823 ’ἂν
2242 1773 2396 1842 ἡμῖν.
2435 1765 2531 1835 Εἷς
2558 1758 2667 1842 γάρ
2690 1758 3040 1832 ἐστι’σκοπὸς
3062 1758 3260 1832 καλεῖς
3289 1769 3414 1839 ὄρος
3441 1769 3539 1838 τῆς
3556 1758 3707 1832 θείας

2023 1847 2271 1919 Γραφῆς,
2299 1847 2360 1902 τὸ
2386 1849 2551 1919 μηδὲν
2576 1848 2907 1920 παραλιπεῖν
2928 1846 3036 1901 τῶν
3049 1847 3370 1915 γεγονότων,
3400 1846 3536 1901 ἀλλά
3568 1848 3708 1918 μετὰ

2023 1925 2282 1995 ἀληθείας
2309 1928 2458 1996 ἡμᾶς
2487 1927 2782 1981 διδάσκειν.
2815 1923 2952 1978 Οὔτε
2980 1925 3090 1995 γάρ
3117 1924 3297 1995 φθόνῳ
3323 1926 3431 1979 τινὶ
3454 1926 3553 1990 τάς
3577 1928 3707 1998 ἀρε-

2020 2003 2121 2067 τὰς
2172 2003 2282 2057 τῶν
2313 2003 2535 2058 δικαίων
2593 2004 2948 2075 παρατρέχει,
3007 2001 3133 2057 οὔτε
3193 2005 3377 2074 χάριτι
3444 2005 3607 2059 πάλιν
3636 2007 3707 2061 τὰ

2022 2082 2395 2154 ἁμαρτήματα
2449 2083 2754 2146 συσκιάζει,
2798 2081 2912 2135 ἀλλ’
2967 2080 3185 2135 ἅπαντα
3228 2084 3310 2144 είς
3365 2083 3528 2153 μέσον
3567 2087 3704 2155 ἡμῖν

2020 2162 2361 2233 προτίθησιν,
2399 2163 2464 2215 ἵν’
2498 2160 2867 2232 ὑπογραμμόν
2908 2175 3033 2213 τινα
3066 2161 3160 2213 καὶ
3188 2160 3539 2215 διδασκαλίαν
3568 2162 3702 2234 έχω-

2022 2257 2144 2309 μεν,
2171 2242 2265 2295 καὶ
2315 2242 2534 2295 ἐπειδάν
2561 2242 2654 2295 καὶ
2697 2242 2860 2311 ἡμεῖς
2891 2240 2980 2293 διά
3015 2240 3286 2311 ρᾳθυμίαν
3331 2240 3549 2313 ἀλῶμέν
3594 2242 3703 2297 τινὶ

2022 2318 2345 2389 πταίσματι,
2405 2319 2833 2391 ἀσφαλιζώμεθα
2871 2318 2944 2390 μὴ
2990 2318 3153 2373 πάλιν
3196 2318 3272 2389 τῷ
3300 2320 3449 2390 αὑτῷ
3475 2339 3704 2393 περιπε·

2022 2401 2155 2451 σεῖν.
2190 2398 2264 2452 Οὑ
2291 2400 2399 2470 γὰρ
2425 2399 2566 2452 οὑτω
2596 2398 2658 2451 τὸ
2686 2400 2950 2469 ἁμαρτεῖν
2975 2397 3228 2467 χαλεπὸν,
3254 2398 3330 2461 ὡς
3358 2399 3420 2452 rb
3450 2400 3705 2471 ἁμαρτή-

2026 2491 2155 2547 ματι
2179 2476 2476 2546 ἐπιμένειν.
2501 2476 2592 2547 Μὴ
2621 2476 2798 2530 τοίνυν
2818 2476 2977 2529 τοῦτο
2999 2476 3114 2546 ἴδῃς
3141 2476 3222 2530 ὅτι
3247 2476 3522 2547 ἐμεθύσθη
3567 2479 3597 2530 6
3620 2479 3703 2532 δί-

2021 2571 2195 2619 καιος,
2228 2554 2341 2607 ἀλλ’
2371 2556 2451 2608 ὅτι
2474 2555 2573 2608 οὐκ
2623 2554 2701 2609 ἐτι
2729 2555 2885 2608 τοῦτο
2919 2553 3204 2609 πέπονθεν.
3245 2555 3384 2608 Ἀλλ’
3414 2556 3583 2610 ἐννόει
3611 2575 3702 2628 μοι

2020 2633 2146 2697 τοὺς
2165 2634 2288 2687 καθ’
2318 2635 2554 2704 ἑκάστην
2581 2634 2793 2706 ἡμέραν
2832 2636 2891 2689 ἐν
2915 2636 3034 2697 ταῖς
3074 2632 3441 2701 οἰνοφλυγίαις
3470 2636 3704 2688 καταδα-

2022 2714 2397 2783 πανωμένους,
2428 2714 2522 2768 καὶ
2553 2713 2702 2785 [288]
2737 2716 2822 2783 ἐφ’
2852 2714 3092 2784 ἐκάστης
3128 2713 3312 2784 σχεδὸν
3336 2716 3509 2768 εἰπεῖν
3562 2713 3700 2766 ἀπο-

2022 2792 2372 2863 θνήσκοντας·
2399 2793 2494 2846 καὶ
2511 2792 2730 2846 ἐπειδὰν
2755 2795 2835 2856 εἰς
2860 2792 3111 2863 αἴσθησιν
3135 2791 3381 2855 ἔλθωσιν,
3409 2794 3529 2847 οὐδὲ
3558 2794 3702 2847 οὑτω
3786 2862 3790 2866 ι

2020 2874 2329 2942 φεύγοντας
2348 2870 2449 2942 τὴν
2502 2870 2710 2925 ἐκεῖθεν
2762 2872 2960 2942 λύμην,
3014 2870 3130 2923 ἀλλ’
3170 2870 3245 2934 ὡς
3274 2870 3434 2941 ἔργον
3459 2888 3513 2923 τι
3541 2871 3701 2925 τοῦτο

2020 2962 2114 3016 καὶ
2142 2960 2393 3033 ἀνδρείαν
2429 2961 2880 3034 μεταδιώκοντας.
2932 2957 3099 3012 Πάλιν
3149 2957 3206 3010 δὲ
3240 2959 3462 3012 κάκεῖνο
3497 2957 3563 3012 ἄν
3614 2975 3701 3021 τις

2019 3044 2342 3115 ἐννοήσειεν,
2384 3046 2465 3100 ὅτι
2490 3046 2694 3107 δίκαιος
2734 3036 2907 3108 οὗτος,
2938 3043 2987 3094 εί
3014 3040 3108 3094 καὶ
3138 3039 3243 3093 ὑπὸ
3293 3039 3550 3111 ἀπειρίας
3604 3040 3700 3095 καὶ

2017 3126 2111 3180 τοῦ
2141 3127 2214 3199 μὴ
2243 3127 2529 3181 εἰδέναιτά
2552 3126 2724 3197 μέτρα
2747 3127 2847 3196 τῆς
2871 3122 3225 3193 μεταλήψεως
3240 3121 3380 3175 πιὼν
3398 3121 3698 3194 ἐμεθύσθη,

2018 3208 2132 3262 ἀλλ’
2166 3209 2315 3278 ὅμως
2370 3209 2576 3271 δίκαιος
2613 3204 2723 3261 ὣν⁹
2737 3207 2834 3261 καὶ
2887 3205 3057 3260 πολλά
3092 3205 3232 3276 ἔχων
3266 3203 3697 3274 κατορθώματα,

2021 3290 2332 3353 συσκιάζειν
2355 3289 2583 3360 ἠδύνατο
2606 3289 2667 3343 rb
2700 3288 2915 3359 συμϐάν
2942 3287 3269 3358 ἁμάρτημα·
3299 3288 3460 3357 ἡμεῖς
3486 3286 3543 3340 δὲ
3569 3287 3700 3340 ὅταν

2018 3372 2112 3426 καὶ
2143 3373 2232 3441 ὑφ’
2253 3372 2454 3445 ἐτέρων
2485 3372 2690 3443 μυρίων
2714 3366 2863 3441 ὦμεν
2893 3369 3336 3442 πολιορκούμενοι
3365 3367 3574 3431 παθῶν,
3603 3370 3700 3423 καὶ

2023 3456 2139 3527 μετ’
2174 3455 2395 3509 ἐκείνων
2428 3456 2524 3508 καὶ
2555 3455 2660 3507 ὑπὸ
2683 3455 2783 3526 τῆς
2807 3454 2976 3525 μέθης
3030 3453 3257 3516 ἐαυτοὺς
3277 3450 3701 3515 καταϐαπτίζω-

2023 3554 2143 3607 μεν,
2175 3537 2332 3591 ποίαν
2363 3537 2556 3608 ἕξομεν
2584 3536 2954 3608 παραμυθίαν,
2977 3535 3098 3589 εἰπέ
3146 3551 3273 3606 μοις
3321 3534 3405 3597 τίς
3434 3534 3491 3588 δὲ
3549 3534 3700 3604 ἡμᾶς

2004 3619 2241 3685 ,ἀξιώσει
2271 3617 2596 3691 συγγνώμης
2640 3621 2761 3674 οὐδὲ
2794 3619 2899 3673 ὑπὸ
2927 3620 3026 3689 τῆς
3048 3619 3246 3689 πείρας
3285 3617 3456 3685 αὐτῆς
3483 3633 3697 3688 σωφρο-

2020 3701 2360 3772 νιζομένους;
2396 3700 2690 3770 Ἐξένηψε
2722 3700 2809 3766 δὲ,
2841 3700 2994 3772 φησὶ,
3024 3699 3154 3754 Νῶε
3189 3697 3308 3754 ἀπὸ
3355 3698 3462 3753 τοῦ
3503 3697 3696 3764 οἴνου,

2020 3785 2119 3840 καί
2134 3786 2285 3856 ἔγνω
2299 3783 2416 3839 ὅσα
2436 3784 2727 3852 ἐποίησεν
2750 3781 2908 3849 αὐτῷ
2925 3784 2959 3838 ό
2983 3782 3114 3849 υίὸς
3129 3781 3315 3837 αὐτοῦ
3332 3783 3365 3835 ό
3389 3779 3694 3849 νεώτερος.

2020 3867 2190 3920 Πόθεν
2217 3866 2383 3934 ἔγνως
2418 3868 2577 3931 Ἴσως
2607 3867 2657 3919 οί
2689 3865 2908 3936 ἀδελφοὶ
2937 3863 3389 3936 ἐγνώρισαν,οὑχὶ
3424 3862 3518 3915 τὸν
3544 3862 3699 3915 ἀδελ-

2020 3950 2121 4021 φὸν
2150 3949 2422 4003 διαϐαλεῖν
2461 3948 2792 4018 βουλόμενοι,
2829 3946 2966 4001 ἀλλά
2997 3946 3058 4000 rb
3092 3946 3324 4015 πρᾶγμα
3374 3944 3448 4008 ὡς
3482 3943 3698 4019 ἐγένετο

2018 4030 2380 4093 διδάσκοντες,
2411 4029 2497 4083 ἵνα
2523 4028 2854 4099 κατάλληλον
2896 4029 3104 4091 ἐκεῖνος
3150 4026 3228 4096 τῷ
3268 4026 3542 4096 τραύματι
3594 4025 3697 4096 τὴν

2022 4114 2269 4186 βοήθειαν
2296 4111 2531 4181 δέξηται.
2568 4112 2677 4166 Καὶ
2700 4112 2872 4180 ἔγνω,
2906 4111 3060 4181 φησὶ,
3103 4109 3231 4163 Νῶε
3260 4108 3377 4163 ὅσα
3407 4109 3698 4176 ἐποίησεν

2015 4185 2180 4259 αὑτῷ
2210 4197 2244 4248 ὁ
2274 4194 2406 4259 υίὸς
2431 4195 2618 4248 αὑτοῦ
2649 4197 2684 4248 ό
2706 4192 3082 4262 νεώτερος-,Τί
3111 4192 3278 4256 ἐστιν,
3306 4192 3462 4245 Ὅσα
3492 4192 3696 4259 ἐποίη-

2019 4292 2161 4342 σεν;
2202 4278 2345 4333 Ἀντί
2366 4276 2484 4344 τοῦ,
2529 4278 2673 4349 μέγα
2704 4278 2798 4332 καὶ
2829 4277 3122 4347 ἀφόρητον.
3171 4274 3456 4345 Ἐννόησον
3482 4274 3590 4344 γὰρ
3612 4275 3697 4327 ὅτι

2019 4362 2126 4415 ἔσω
2149 4364 2206 4415 ἐν
2235 4365 2300 4433 τῇ
2329 4363 2476 4434 οἰκίᾳ.
2503 4362 2835 4433 θεασάμενος
2858 4362 2957 4430 τὴν
2979 4360 3384 4431 ἀσχημοσύνην,
3410 4359 3530 4413 δέον
3566 4376 3697 4429 συγ-

2021 4442 2276 4513 καλύψαι,
2310 4448 2337 4497 ὁ
2368 4445 2424 4497 δὲ
2446 4443 2675 4511 ἐξελθὼν
2698 4443 3094 4514 ἐξεπόμπευσε,
3139 4441 3235 4495 καὶ
3267 4442 3347 4504 εἰς
3401 4440 3694 4511 κωμῳδίαν

2021 4530 2114 4580 καὶ
2140 4529 2218 4591 είς
2246 4527 2536 4598 χλευασίαν
2567 4528 2658 4581 τὸν
2690 4527 2900 4598 πατέρα
2917 4566 2933 4590 ,
2963 4527 3087 4579 ὅσον
3113 4526 3172 4578 rb
3194 4521 3375 4594 ἐαυτῷ
3394 4516 3547 4595 ἧκον,
3578 4522 3696 4574 ἐνέ-

2021 4610 2170 4676 ϐαλε,
2209 4612 2302 4665 καὶ
2330 4611 2580 4665 ἐϐούλετο
2632 4612 2728 4663 καὶ
2754 4611 2880 4673 τοὺς
2909 4609 3170 4678 ἀδελφοὺς
3196 4607 3485 4669 κοινωνοὺς
3510 4605 3695 4659 λαϐεῖν

2019 4694 2119 4764 τῆς
2146 4694 2423 4764 μοχθηρᾶς
2452 4694 2842 4764 προαιρέσεως·
2869 4694 2964 4746 καὶ
2986 4694 3101 4748 δέον
3129 4691 3389 4762 μέλλοντα
3410 4688 3692 4756 ἀπαγγέλ-

2021 4775 2132 4828 λειν
2152 4776 2254 4829 κᾶν
2283 4775 2392 4828 ἔσω
2442 4776 2532 4830 ἐπὶ
2558 4776 2658 4844 τῆς
2676 4775 2852 4838 οἰκίας
2900 4776 3098 4836 αὐτοὺς
3122 4772 3369 4834 καλέσαι,
3401 4771 3498 4825 καὶ
3520 4769 3694 4832 οὕτως

2022 4858 2256 4924 ἐξειπεῖν
2305 4858 2404 4928 τὴν
2452 4857 2751 4927 γύμνωσιν,
2785 4860 2814 4911 6
2849 4856 2905 4909 δὲ
2930 4855 3152 4926 ἐξῆλθεν
3203 4854 3326 4920 ἔξω,
3361 4851 3540 4916 ἐξεῖπε
3592 4851 3692 4921 τὴν

2022 4941 2319 5012 γύμνωσιν·
2355 4941 2431 5003 ὡς
2464 4942 2511 4992 εἰ
2545 4940 2636 4992 καὶ
2667 4939 2868 5009 πλῆθος
2913 4940 3117 5009 ἐτέρων
3168 4938 3367 5008 παρῆν,
3408 4934 3691 4996 κάκείνους

2024 5025 2306 5093 μάρτυρας
2340 5022 2405 5075 ἂν
2440 5022 2732 5092 ἐποιήσατο
2779 5022 2874 5090 τῆς
2918 5019 3301 5091 ἀσχημοσύνης
3342 5018 3434 5070 τοῦ
3464 5016 3688 5085 πατρός.

2020 5106 2120 5158 Διά
2146 5105 2301 5158 τοῦτό
2329 5121 2512 5175 φησιν,
2538 5106 2693 5158 Ὅσα
2719 5105 2988 5171 ἐποίησε·
3018 5103 3283 5166 τουτέστι,
3309 5101 3407 5172 τὴν
3433 5100 3588 5169 ὓϐριν
3610 5100 3689 5162 εἰς

2020 5186 2113 5239 τὸν
2142 5187 2354 5258 πατέρα
2383 5185 2711 5252 ἐπεδείξατο,
2762 5186 3052 5238 ἐπελάθετο
3098 5185 3197 5253 τῆς
3220 5183 3575 5253 ὀφειλομένης
3602 5198 3689 5234 τι·

2025 5267 2131 5337 μῆς
2160 5269 2308 5338 παρά
2340 5267 2446 5321 τῶν
2485 5269 2689 5322 παίδων
2739 5268 2981 5338 γίνεσθαι
3011 5269 3089 5330 είς
3115 5269 3240 5329 τοὺς
3267 5266 3686 5336 γεγεννηκότας,

2021 5351 2390 5420 ἐξεπόμπευσε
2415 5352 2483 5404 τά
2518 5351 2910 5421 ἁμαρτήματα,
2962 5350 3087 5412 τοὺς
3114 5348 3375 5416 ἀδελφοὺς
3426 5347 3690 5417 ἠθέλησεν

2022 5433 2326 5504 ὑποσῦραι,
2382 5435 2474 5487 καὶ
2525 5436 2813 5497 κοινωνοὺς
2870 5432 3052 5487 λαϐεῖν
3103 5432 3201 5502 τῆς
3252 5431 3482 5502 ῦϐρεως.
3530 5430 3691 5484 Ὅσα

2019 5515 2495 5583 ἐποίησεναὺτῷ,
2528 5517 2712 5587 φησὶν,
2752 5520 2785 5571 ό
2811 5516 2942 5581 υίὸς
2976 5515 3164 5569 αὐτοῦ
3187 5517 3221 5568 ὀ
3245 5512 3546 5580 νεώτερος.
3581 5512 3690 5564 Καὶ

2024 5599 2131 5670 μὴν
2165 5599 2261 5669 οὐχ
2310 5591 2462 5661 οὗτος
2508 5593 2577 5668 ἦν
2603 5600 2632 5652 6
2658 5597 2936 5669 νεώτερος·
2992 5597 3241 5669 δεύτερος
3298 5596 3406 5667 γὰρ
3428 5591 3563 5665 ἦν(
3594 5592 3688 5646 καὶ

2020 5681 2281 5751 πρότερος
2312 5679 2404 5734 τοῦ
2444 5680 2641 5749 ἸάφεΘ·
2667 5681 2782 5735 ἀλλ’
2808 5682 2857 5735 εἰ
2909 5682 3002 5735 καὶ
3031 5680 3129 5753 τὴν
3160 5679 3373 5751 ἡλικίαν
3405 5673 3474 5750 ἦν
3502 5675 3689 5745 πρότε-

2084 5820 2112 5889 ςι
2147 5822 2243 5889 $0);
2280 5835 2419 5889 mgs:
2439 5823 2551 5882 post
2582 5821 2941 5889 E§é§mxev4hm§
2970 5821 3153 5889 addunt
3176 5816 3531 5889 :ﬁf’Vﬂg‘at,’
3551 5813 3664 5883 φησί

2019 5885 2130 5933 Νῶε
2151 5883 2245 5930 ἀπὸ
2269 5882 2355 5930 τοῦ
2376 5878 2524 5945 οἴνου,
2542 5885 2623 5930 καὶ
2646 5884 2765 5945 ἔγνω
2805 5884 2897 5931 ὅσα
2917 5883 3137 5945 ἐποίησεν
3159 5883 3289 5945 αὐτῷ
3313 5884 3340 5927 ὸ
3359 5878 3460 5945 υίὸς
3479 5878 3626 5945 αὐτοῦ

2021 5946 2250 6008 νεώτερος
2279 5941 2557 6005 καὶταῦτα,
2587 5939 2689 5994 etc."
2717 5943 2869 5995 Savil.
2897 5950 2950 5993 el
2985 5944 3068 5993 alii
3092 5939 3273 5992 melius
3296 5946 3353 5988 ιιι
3372 5940 3425 5986 in
3446 5939 3610 5983 ιειιυ.

3206 6021 3280 6081 17
