4078 6414
316 404 426 462 263

312 518 422 573 dus
443 515 587 573 enim
616 523 751 584 erat,
781 525 838 573 et
866 513 1036 586 major
1065 519 1191 569 natu
1219 525 1378 582 quam
1402 509 1631 580 Japbetb
1659 527 1673 570 :
1698 518 1755 565 at
1780 507 1906 565 licet

317 617 479 667 rotate
504 609 597 664 illo
623 609 768 679 prior
788 616 923 669 erat.
953 606 1226 662 voluntate
1248 614 1423 660 tamen
1446 603 1636 667 minor,
1659 612 1714 659 et
1741 610 1908 656 teme-

317 701 453 759 ritas
478 700 626 755 illum
654 699 866 770 dejecit.
896 696 1029 754 Nam
1058 698 1181 767 quia
1208 696 1379 751 noluit
1404 695 1542 749 intra
1561 707 1686 750 suos
1710 691 1907 746 limites

318 802 562 854 manere,
612 788 791 842 amisit
833 786 1091 845 honorem
1118 785 1219 842 sibi
1266 799 1295 839 a
1321 790 1508 839 natura
1535 782 1782 838 traditum
1806 797 1823 834 :
1850 788 1907 836 et

316 880 459 939 sicut
489 878 580 933 ille
622 878 675 933 id
719 877 863 948 quod
890 886 1083 931 natura
1128 875 1331 941 habuit,
1358 873 1593 945 nequitia
1620 870 1906 928 voluntatis

315 968 519 1036 amisit,
550 969 625 1024 ita
649 967 877 1039 lapheth
895 966 1038 1039 quod
1063 976 1250 1022 natura
1280 981 1385 1022 non
1407 965 1609 1032 habuit,
1636 964 1902 1019 saniorem

315 1060 392 1114 ob
417 1068 649 1114 mentem
675 1058 900 1128 accepit.

394 1149 448 1203 6.
488 1148 595 1203 Cur
633 1149 771 1218 ﬁlius
797 1148 1096 1204 ntaledietus
1120 1148 1186 1203 sit
1209 1147 1270 1202 ob
1294 1145 1452 1216 patris
1483 1154 1758 1217 peccatum.
1790 1141 1902 1199 Pa-

315 1247 422 1293 tres
448 1254 539 1309 pro
563 1238 732 1293 liberis
758 1239 928 1308 puniri
947 1247 1142 1309 optant.
1159 1266 1229 1287 -.-—
1256 1236 1445 1293 Vidisti
1465 1234 1735 1306 quomodo
1750 1232 1884 1289 nihil

319 1338 526 1385 temere
547 1338 602 1384 et
622 1327 839 1385 fortuito
868 1329 921 1384 in
950 1327 1127 1385 divina
1140 1328 1416 1398 Scriptura
1433 1324 1740 1396 reperitur?
1773 1323 1902 1391 Quae

316 1420 509 1482 fecerat
536 1419 663 1485 sibi,
695 1419 895 1490 inquit,
923 1420 1064 1490 ﬁlius
1094 1435 1218 1477 satus
1263 1419 1452 1486 iunior.
1484 1416 1576 1477 35.
1611 1414 1687 1473 Et
1726 1414 1855 1471 diuit
1882 1429 1903 1469 :

315 1509 623 1567 Maledicta
668 1511 913 1571 Cleonem
951 1511 1115 1581 ﬁlius,
1143 1527 1316 1569 mus
1352 1510 1447 1568 erit
1488 1509 1730 1581 fratribus
1775 1505 1898 1565 suis.

313 1602 460 1657 Ecce
482 1602 822 1673 pervenimus
840 1602 908 1659 ad
927 1602 1277 1673 quaestionem
1302 1600 1446 1657 illam
1464 1599 1658 1668 ubique
1679 1607 1899 1654 motam.

314 1691 511 1750 Halms
532 1693 675 1749 enim
703 1692 950 1751 audimus
975 1692 1215 1750 dicentes
1254 1711 1267 1748 :
1298 1691 1475 1760 Quare
1501 1704 1623 1750 cum
1649 1701 1902 1758 peccave-

311 1782 389 1844 rit
410 1792 581 1852 pater,
608 1790 663 1845 et
690 1783 985 1853 prodiderit
1009 1782 1327 1848 nuditatem.
1373 1780 1530 1846 filius
1555 1778 1899 1841 maledictum

309 1872 573 1943 suscipit?
595 1873 853 1941 Obsecro,
880 1873 1140 1937 attendite
1167 1873 1469 1945 diligenter,
1499 1879 1555 1934 et
1581 1870 1902 1934 solutionem

309 1962 557 2032 accipite.
585 1962 678 2025 ille
699 1964 840 2027 enim
863 1962 1125 2024 dicemus.
1143 1978 1263 2034 qua:
1280 1960 1699 2032 suppeditaverit
1723 1959 1900 2021 divina

307 2055 482 2124 gratia
508 2064 724 2125 propter
752 2064 982 2116 vestram
1015 2056 1318 2113 utilitatem.
1365 2054 1429 2111 Et
1467 2053 1598 2117 dixit
1626 2067 1645 2106 :
1681 2052 1903 2108 Maledi-

307 2153 424 2205 ειμι
445 2142 692 2207 Chanaan
715 2145 870 2214 filius,
896 2161 1065 2206 servus
1089 2145 1180 2209 erit
1206 2144 1450 2214 fratribus
1465 2143 1589 2205 suis.
1620 2141 1739 2196 Non
1765 2140 1898 2197 sim-

309 2233 544 2307 pliciter,
568 2249 740 2305 neque
758 2235 809 2299 in
835 2250 1030 2299 vanum
1046 2224 1487 2299 commemoravit
1506 2233 1693 2299 lilium,
1718 2231 1812 2290 sed
1829 2231 1901 2288 ob

311 2325 570 2388 latentem
591 2327 874 2390 rationem.
903 2326 1127 2387 Volebat
1156 2327 1298 2391 enim
1316 2326 1477 2383 simul
1502 2335 1557 2387 et
1580 2325 1755 2396 ipsum
1780 2338 1900 2380 cor-

307 2416 490 2485 ripere
516 2425 735 2489 propter
751 2428 1047 2489 pacatum,
1077 2426 1133 2479 et
1157 2418 1535 2477 contumeliam
1557 2432 1661 2489 qua
1681 2431 1743 2473 se
1764 2415 1898 2472 atie-

306 2514 494 2565 ccmt:
524 2514 581 2569 et
620 2508 777 2571 simul
823 2508 1036 2573 nolebat
1081 2507 1404 2569 labefaetare
1450 2506 1898 2573 benedictionem,

306 2613 432 2667 quas
453 2598 526 2662 illi
553 2599 757 2669 pridem
783 2614 814 2655 a
838 2601 949 2656 Deo
980 2600 1118 2657 facta
1157 2599 1334 2659 fuerat
1368 2598 1675 2659 :Benedixit
1716 2599 1859 2665 enim
1882 2638 1899 2664 ,

306 2689 505 2760 inquit,
536 2689 674 2753 Deus
721 2691 837 2755 Noe
859 2694 1064 2764 quando
1084 2694 1233 2759 eripit
1256 2709 1321 2748 ex
1344 2708 1486 2761 om,
1510 2702 1558 2753 et
1586 2692 1722 2762 ﬁlios
1760 2690 1902 2747 illius

312 2778 548 2852 (Geruli.
577 2784 604 2839 l
636 2784 675 2854 ).
709 2783 780 2847 Ut
818 2785 978 2854 igitur
1019 2801 1090 2847 ne
1113 2785 1359 2849 videatur
1396 2784 1717 2849 maledicere
1740 2799 1900 2854 quem

310 2873 458 2937 Deus
482 2876 653 2937 semel
686 2876 1053 2944 benedixerat.
1094 2877 1366 2948 preterito
1392 2875 1485 2934 illo
1506 2877 1600 2948 qui
1630 2890 1691 2933 se
1716 2884 1901 2937 contu-

307 2967 470 3023 melia
499 2966 770 3033 affecerat,
801 2968 912 3031 (ilio
936 2969 1279 3034 maledictum
1324 2969 1520 3034 intulit,
1551 2968 1704 3036 Esto,
1746 2968 1900 3029 dixe.

307 3058 424 3123 rio.
478 3058 582 3123 hoc
631 3060 847 3131 quidem
899 3059 1136 3121 ostendit
1178 3068 1459 3137 propterea
1514 3058 1680 3122 illum
1733 3057 1902 3120 male-

308 3152 515 3210 dictum
531 3166 640 3213 neu
657 3152 843 3220 fuisse,
861 3152 982 3224 quia
1008 3152 1158 3224 prius
1178 3166 1210 3213 a
1226 3151 1341 3209 Deo
1354 3150 1779 3215 bonedictionem
1808 3164 1903 3207 ac-

308 3252 532 3315 ceperat
568 3261 584 3301 :
614 3259 784 3315 quare
806 3256 985 3301 autem
1010 3258 1134 3303 cum
1161 3243 1254 3305 ille
1282 3242 1603 3313 peccaverit,
1650 3241 1738 3299 hic
1783 3256 1902 3313 pre-

308 3349 440 3393 nam
464 3334 598 3393 luit?
621 3334 806 3406 Neque
830 3337 934 3394 hoc
953 3333 1155 3405 absque
1184 3334 1389 3395 ratium
1407 3333 1605 3395 factum
1635 3341 1740 3396 est.
1769 3332 1902 3390 Nam

309 3434 468 3497 pater
508 3441 616 3487 non
658 3426 924 3486 minorem
955 3438 1167 3497 poenam
1199 3424 1400 3492 habuit,
1430 3438 1591 3495 quam
1640 3424 1781 3485 illius
1803 3465 1821 3491 ,
1850 3433 1906 3487 et

310 3516 607 3578 crueiatum
634 3517 821 3575 sensit.
866 3516 1029 3579 Scitis
1053 3516 1219 3585 enim,
1246 3514 1401 3577 scitis
1437 3513 1707 3585 quomodo
1731 3528 1904 3584 smpe-

312 3623 543 3671 numero
579 3617 757 3679 patres
796 3607 997 3679 precati
1037 3614 1165 3671 sunt
1200 3614 1259 3671 ut
1313 3604 1548 3671 filiorum
1596 3620 1782 3676 Pinnas
1806 3605 1905 3674 ipsi

313 3699 559 3766 terrent;
590 3709 647 3756 et
683 3700 900 3769 gravius
948 3697 1052 3756 illis
1097 3711 1220 3763 esse
1248 3696 1430 3762 videre
1479 3696 1617 3763 filios
1642 3695 1906 3767 supplicio

311 3790 482 3859 afﬁci,
505 3806 663 3863 quam
691 3792 737 3847 si
765 3792 866 3862 ipsi
893 3791 960 3851 iis
985 3790 1163 3854 forent
1177 3789 1418 3855 obnoxii.
1448 3788 1670 3853 Factum
1697 3798 1782 3844 est
1803 3789 1907 3853 hoc

315 3883 503 3955 igitur,
532 3894 591 3941 ut
619 3882 711 3943 ille
734 3883 809 3941 ob
830 3882 1134 3947 naturalem
1174 3880 1230 3945 in
1263 3881 1429 3945 filium
1453 3895 1715 3948 amorem,
1739 3879 1908 3951 majo-

314 3990 437 4033 rem
483 3976 710 4035 sentiret
735 3975 999 4043 dolorem.
1043 3983 1100 4035 et
1130 3972 1432 4037 benedictio
1458 3973 1552 4036 Dei
1600 3981 1910 4039 servaretur

315 4069 595 4136 inviolata,
620 4078 676 4126 et
698 4068 837 4127 illius
857 4075 1074 4138 accepta
1103 4065 1501 4130 maledictione,
1530 4079 1748 4127 suorum
1775 4078 1904 4135 pro.

313 4161 560 4231 priorum
586 4175 773 4231 prunas
798 4168 1139 4231 peccatorum
1168 4159 1359 4220 lueret.
1386 4157 1518 4221 Nam
1546 4158 1669 4213 licet
1692 4165 1911 4226 propter

317 4253 490 4325 patris
513 4261 790 4324 peccatum
814 4267 956 4311 nunc
984 4249 1344 4311 maledictioni
1370 4248 1440 4309 sit
1461 4247 1747 4314 obnoxius,
1775 4255 1912 4303 atta-

316 4362 452 4403 mcn
479 4346 768 4404 verisimile
794 4354 899 4413 est,
931 4360 1056 4411 eum
1099 4344 1261 4407 etiam
1306 4352 1527 4413 propter
1571 4355 1667 4403 sua
1713 4340 1907 4401 delicta

320 4439 541 4496 dedisse
582 4453 816 4510 poenam.
859 4436 977 4495 Non
1004 4435 1147 4496 enim
1170 4435 1347 4495 solum
1372 4441 1595 4505 propter
1635 4440 1911 4503 peccatum

318 4528 494 4602 patris
538 4528 968 4587 maledictionem
1000 4526 1229 4598 accepit,
1260 4524 1357 4582 sed
1400 4523 1644 4589 fortassis
1669 4523 1831 4585 etiam
1858 4530 1916 4579 ut

320 4637 430 4695 per
457 4620 631 4691 ipsum
652 4619 744 4677 ille
766 4620 1023 4689 majorem
1043 4632 1257 4690 poenam
1283 4614 1568 4686 penderet.
1603 4613 1735 4681 Nam
1770 4611 1914 4687 quod

320 4728 502 4784 neque
521 4721 698 4784 patres
720 4725 819 4783 pro
841 4710 984 4778 filiis.
1011 4723 1183 4780 neque
1206 4706 1300 4769 lilii
1324 4721 1419 4778 pro
1439 4706 1675 4777 patribus
1703 4718 1915 4777 ptenam

318 4805 500 4870 luant,
540 4802 638 4861 sed
676 4803 1040 4873 unusquisque
1080 4815 1178 4871 pro
1202 4798 1317 4865 suis
1358 4796 1590 4867 peccatis
1634 4810 1810 4877 pinna:
1847 4794 1920 4857 sit

334 4893 634 4961 obnoxius.
654 4893 844 4949 multis
867 4891 920 4951 in
952 4891 1084 4953 locis
1107 4905 1134 4946 a
1160 4888 1434 4961 prophetis
1461 4887 1661 4943 dictum
1714 4885 1919 4951 inveni-

320 5001 474 5050 mus,
502 4994 561 5044 ut
585 5000 706 5042 cum
727 4985 910 5041 dicunt
942 5001 957 5040 :
982 4983 1297 5043 Comedenlis
1335 4997 1459 5042 uvas
1478 4981 1705 5048 acerbas,
1744 4979 1918 5043 dentes

326 5077 687 5146 obstupescunt
714 5075 846 5147 (δεῖ.
875 5076 966 5131 5i.
989 5074 1121 5146 29);
1170 5082 1245 5141 ct,
1271 5072 1455 5127 Anima
1482 5087 1593 5143 qua:
1622 5071 1916 5141 peccauerit,

326 5172 449 5243 ipsa
496 5178 546 5229 et
587 5170 830 5226 morietur
867 5165 1079 5239 (Ezech.
1107 5166 1195 5224 18.
1242 5165 1380 5239 20);
1422 5173 1478 5222 et
1524 5167 1716 5227 iterum
1754 5163 1921 5221 :Non

330 5265 614 5319 morientur
654 5272 822 5333 patres
860 5276 953 5333 pro
995 5260 1116 5331 ﬁliis
1139 5300 1158 5328 ,
1208 5275 1368 5330 neque
1413 5258 1510 5328 ﬁlii
1561 5274 1654 5328 pro
1695 5257 1921 5328 patribus

324 5355 514 5428 (Deut.
543 5349 789 5426 24.16).
811 5350 1000 5408 Nullus
1043 5351 1205 5422 igitur
1230 5360 1494 5421 VeStrum,
1521 5364 1727 5421 quaeso,
1769 5348 1921 5421 quasi

318 5448 590 5520 ignorans
605 5445 801 5501 divinat
826 5444 1118 5515 Scriptura:
1142 5457 1387 5514 secpum,
1412 5442 1610 5498 audeat
1634 5443 1750 5501 haec
1789 5442 1926 5499 seti-

332 5550 428 5613 pta
466 5538 884 5610 reprehendere,
929 5535 1023 5598 sed
1070 5545 1225 5609 grato
1277 5536 1459 5594 animo
1509 5551 1629 5608 quae
1673 5535 1926 5599 dicuntur

333 5634 585 5707 accipiat,
614 5633 1014 5713 admireturque
1036 5630 1234 5686 divinas
1263 5628 1556 5700 Scriptum
1581 5630 1770 5685 miram
1797 5628 1923 5685 dili-

333 5727 594 5799 gentiam,
630 5733 687 5780 et
709 5724 980 5795 expendat
1007 5733 1263 5798 quantum
1286 5721 1484 5787 malum
1515 5723 1585 5783 sit
1621 5731 1918 5795 peccatum.

334 5818 480 5879 Ecce
522 5816 670 5877 enim
708 5814 932 5876 fratrem
988 5814 1181 5874 eadem
1236 5823 1421 5874 natum
1475 5829 1780 5890 puerpera,
1828 5829 1923 5879 ce-

1418 395 1482 453 lN
1519 395 1674 455 CAP.
1716 393 1809 454 IX.
1847 392 2094 458 GENES.
2134 393 2363 459 ﬂWlL.
2407 395 2595 459 XXIX.

3489 397 3595 455 270

2016 508 2140 566 dem
2174 523 2448 580 catmum
2502 518 2674 577 utero,
2725 496 3120 582 subingressum
3163 521 3437 582 peccatum
3489 528 3602 569 scr-

2015 615 2137 657 vum
2169 598 2324 666 fecit,
2350 609 2408 656 et
2432 599 2608 663 ablata
2634 599 2899 667 libertate,
2932 602 2987 657 in
3014 603 3395 672 subiectionem
3448 604 3595 663 illum

2013 691 2221 749 induxit
2247 709 2261 746 :
2293 691 2434 754 unde
2459 700 2642 762 pOstea
2669 693 2900 753 servitus
2918 695 3142 762 sumpsit
3160 695 3445 765 originem.
3473 695 3581 751 Ne-

2012 796 2115 853 que
2141 783 2284 841 enim
2310 792 2467 845 antea
2512 783 2758 845 solebant
2786 785 2860 847 its
2898 784 3133 846 molliter
3151 800 3330 856 agere,
3354 786 3594 845 deliciari

2010 882 2065 931 et
2105 872 2328 931 aliorum
2365 874 2673 935 ministeriis
2721 875 2979 947 indigere.
3014 875 3120 935 Sed
3143 878 3374 948 sibiipsis
3397 879 3594 948 quiquo

2012 962 2408 1030 ministrabant,
2435 974 2657 1035 eratque
2684 981 2782 1037 per
2823 968 3063 1026 omnium
3115 965 3305 1034 honor,
3334 978 3390 1025 et
3417 969 3592 1024 ablata

2011 1071 2042 1111 c
2066 1057 2245 1113 medio
2261 1065 2378 1115 erat
2393 1059 2569 1117 omnis
2593 1059 2924 1130 inmqualitae
2945 1077 2959 1126 ;
2983 1059 3072 1123 ubi
3108 1070 3289 1117 autem
3320 1069 3594 1131 peccatum

2012 1146 2249 1212 intravit,
2286 1148 2584 1207 libertatem
2614 1149 2862 1220 perdidit,
2895 1158 2950 1207 et
2997 1150 3305 1221 dignitatem
3335 1165 3366 1207 a
3398 1159 3588 1209 natura

2009 1236 2186 1295 datam
2214 1238 2573 1306 labefactavit,
2595 1241 3016 1312 servitutemqne
3038 1241 3354 1310 introduxit,
3379 1251 3438 1306 nt
3461 1256 3594 1298 cos-

2009 1327 2153 1383 tinua
2179 1329 2250 1387 sit
2272 1329 2515 1392 doctrina
2552 1340 2606 1393 et
2633 1331 2925 1389 admonitio
2971 1332 3217 1391 humana:
3259 1343 3485 1399 natum,
3537 1344 3593 1389 ut

2009 1417 2273 1491 fugiamus
2295 1422 2608 1483 servitutem
2633 1424 2857 1493 peccati,
2889 1433 2943 1485 ct
2966 1424 3032 1483 ad
3060 1425 3270 1485 virtutis
3292 1425 3591 1489 libertatem

2007 1511 2311 1573 redeamus.
2338 1513 2491 1580 Quotl
2523 1516 2664 1573 enim
2690 1530 2882 1575 servus
2905 1526 2961 1577 et
2983 1518 3234 1577 dominus
3274 1518 3400 1575 hinc
3422 1520 3596 1575 centi-

2009 1617 2190 1669 nuam,
2219 1604 2264 1658 si
2285 1605 2470 1671 velint,
2500 1604 2731 1667 habeant
2765 1608 3046 1669 utilitatem
3068 1651 3086 1678 ,
3118 1610 3372 1681 cogitent,
3404 1625 3595 1669 servus

2006 1692 2220 1764 quidem
2241 1693 2360 1750 ideo
2379 1693 2432 1753 in
2457 1696 2767 1757 servitutem
2791 1711 2851 1759 se
2878 1697 3174 1767 redactum,
3202 1701 3325 1771 quis
3343 1700 3510 1759 Cltam
3539 1702 3593 1756 in

2008 1791 2205 1844 tantum
2235 1796 2552 1855 pervenerat
2583 1789 2933 1869 temeritatem
2967 1807 2980 1843 :
3012 1798 3067 1847 et
3088 1791 3338 1851 dominus
3380 1805 3596 1862 quoque

2006 1876 2221 1946 cogitet,
2244 1891 2351 1937 non
2382 1878 2601 1945 aliunde
2634 1880 3020 1950 subiectionem
3046 1890 3102 1942 et
3125 1883 3442 1940 servitutem
3467 1897 3584 1942 coe-

2005 1965 2167 2037 pisse,
2196 1983 2355 2039 quam
2384 1970 2528 2040 quod
2552 1971 2642 2028 ille
2670 1987 2980 2042 perversam
3012 1973 3316 2031 exhibuerit
3344 1975 3590 2031 volunta-

2007 2067 2137 2126 tem,
2168 2069 2224 2117 et
2245 2076 2275 2118 a
2306 2063 2420 2132 pari
2447 2062 2672 2120 fratrum
2702 2064 2961 2137 dignitate
2988 2065 3273 2123 exciderit.

2077 2150 2110 2205 7
2164 2151 2379 2219 Verum,
2412 2152 2456 2213 si
2486 2152 2653 2211 sobrii
2685 2168 2872 2211 sumus
2909 2163 2964 2211 et
2992 2155 3301 2225 prudentes,
3333 2155 3467 2219 nihil
3496 2170 3594 2213 nos

2006 2240 2279 2298 offendent
2307 2243 2421 2301 hmo
2441 2253 2659 2315 propter
2691 2253 2906 2315 peccata
2958 2255 3240 2319 parentum
3280 2256 3588 2307 nostrorum

2007 2334 2305 2397 introducta
2331 2335 2387 2392 in
2414 2335 2552 2393 hanc
2578 2337 2762 2405 vitam,
2787 2352 2908 2394 cum
2939 2353 3028 2393 res
3056 2339 3111 2394 in
3130 2338 3439 2395 ominibus
3463 2340 3594 2398 solis

2005 2435 2272 2483 versetur.
2294 2427 2428 2499 Quia
2449 2436 2504 2482 et
2530 2429 2734 2498 primus
2756 2443 2947 2499 parens
2972 2438 3192 2500 propter
3215 2430 3595 2501 transgressio-

2008 2531 2130 2571 nem
2153 2518 2340 2574 mortis
2360 2533 2571 2588 prunam
2592 2519 2859 2591 vitamque
2878 2520 2931 2575 in
2958 2520 3229 2576 laboribus
3248 2519 3597 2578 mmroribus-

2005 2624 2113 2679 que
2139 2610 2562 2672 consumendsm
2610 2610 2809 2676 intulit,
2839 2620 2895 2667 et
2913 2612 3001 2667 hic
3026 2611 3336 2669 servitutem
3371 2626 3595 2669 :verum

2007 2702 2385 2771 superveniens
2424 2701 2682 2763 Dominus
2719 2701 2963 2758 Christus
2989 2702 3104 2757 haec
3127 2702 3307 2757 omnia
3331 2715 3452 2758 esse
3475 2715 3598 2772 per-

2007 2793 2152 2848 misit
2168 2792 2235 2848 ad
2251 2793 2463 2848 nomine
2477 2808 2645 2864 usque
2664 2801 2892 2857 tantum.
2911 2793 2956 2849 si
2970 2792 3233 2849 volumus.
3253 2792 3435 2863 Neque
3448 2793 3593 2848 enim

2006 2899 2172 2952 mors,
2205 2898 2347 2940 mors
2367 2885 2504 2939 ultra
2526 2892 2627 2951 est,
2644 2883 2736 2939 sed
2769 2898 2961 2940 nomen
2979 2891 3185 2940 tantum
3203 2883 3363 2945 habet
3383 2882 3593 2947 mortis,

2008 2974 2117 3029 imo
2148 2982 2204 3030 et
2229 2974 2402 3044 ipsum
2433 2988 2628 3030 nomen
2658 2973 2924 3035 sublatum
2955 2980 3057 3031 est.
3089 2972 3221 3037 Nam
3250 2988 3424 3042 neque
3448 2986 3595 3031 mor-

2010 3072 2116 3121 tem
2146 3064 2314 3133 ipsum
2355 3064 2493 3119 ultra
2522 3063 2769 3128 dicimus,
2809 3061 2906 3121 sed
2945 3076 3194 3132 sonorem
3243 3071 3298 3117 et
3325 3075 3593 3126 somnum.

2008 3154 2238 3248 Proinde
2264 3163 2319 3210 et
2357 3155 2607 3248 :Christus
2653 3154 3079 3248 ipwidicebat:
3401 3153 3596 3217 amicus

2008 3257 2177 3303 uoster
2203 3247 2387 3305 dormit
2411 3245 2588 3317 (locis.
2627 3244 2801 3304 ili“
2831 3246 2851 3317 )
2884 3263 2899 3301 :
2940 3255 2996 3302 et
3020 3245 3218 3309 Paulus
3247 3244 3595 3307 Thessaloni-

2007 3337 2257 3394 censibus
2299 3338 2540 3399 scribens
2563 3378 2580 3405 ,
2624 3337 2798 3407 inquit
2837 3353 2851 3391 :
2900 3334 2979 3395 De
3017 3335 3379 3399 dormientibus
3429 3343 3597 3402 «tum

2009 3430 2127 3485 uolo
2156 3445 2241 3484 uos
2267 3431 2525 3501 ignorare,
2551 3430 2735 3499 fratres
2772 3429 2866 3501 (ί,
2901 3428 3075 3487 Thess.
3110 3429 3166 3491 4.
3190 3426 3310 3499 12).
3337 3427 3407 3493 Et
3431 3426 3598 3491 servi-

2010 3529 2096 3577 tus
2123 3535 2335 3591 quoque
2358 3519 2605 3576 similiter
2629 3534 2823 3577 nomen
2849 3527 2972 3576 est:
3001 3519 3096 3577 ille
3114 3518 3260 3579 enim
3281 3525 3365 3573 est
3387 3530 3595 3585 servns,

2009 3612 2098 3682 qui
2129 3621 2405 3682 peccatum
2422 3618 2697 3681 operatur.
2730 3610 2800 3667 Et
2818 3609 2961 3681 quod
2999 3611 3163 3669 etiam
3193 3609 3332 3673 hanc
3355 3608 3597 3671 abstule-

2009 3702 2080 3757 rit
2106 3700 2341 3758 adventu
2369 3715 2471 3758 suo
2494 3700 2757 3764 Christus,
2789 3714 2889 3757 nec
2913 3700 3013 3759 nisi
3032 3715 3229 3761 nomen
3257 3712 3379 3761 esse
3402 3697 3602 3769 permi-

2011 3794 2163 3860 serit,
2190 3794 2301 3850 imo
2328 3804 2384 3850 et
2410 3794 2727 3853 vocabulum
2754 3794 2926 3865 ipsum
2964 3793 3256 3860 deleverit,
3298 3790 3424 3851 audi
3464 3790 3604 3851 Pau—

2011 3885 2124 3941 lum
2156 3884 2424 3942 dicentem
2457 3903 2473 3945 :
2505 3886 2608 3952 Qui
2626 3896 2793 3941 autem
2813 3885 2990 3952 ﬁdeles
3013 3886 3196 3946 habent
3222 3884 3475 3945 dominos,
3498 3897 3604 3936 non

2010 3985 2333 4038 contemnant
2350 3991 2456 4040 eos,
2475 3976 2596 4044 quia
2615 3976 2800 4046 fratres
2818 3984 2937 4037 sunt
2958 3975 3043 4045 (l.
3069 3974 3206 4034 Tim.
3234 3974 3291 4034 6.
3320 3974 3356 4030 2
3373 3973 3416 4045 ).
3438 3972 3603 4033 Vides

2011 4064 2281 4134 quomodo
2308 4064 2398 4121 ubi
2428 4065 2600 4121 virtus
2639 4064 2996 4130 subintravit.
3018 4077 3117 4121 eos
3160 4063 3214 4120 in
3254 4062 3605 4125 fraternitatis

2012 4169 2210 4213 nomen
2237 4155 2598 4225 congregavit,
2618 4154 2711 4225 qui
2734 4155 2885 4226 prius
2900 4156 3171 4217 servitutis
3199 4155 3418 4215 nomine
3445 4164 3604 4213 erant

2013 4247 2235 4304 obnoxii
2255 4247 2280 4302 τ
2303 4245 2374 4304 Et
2391 4247 2507 4314 erit,
2535 4247 2724 4317 inquit,
2772 4245 3023 4302 Chanaan
3050 4246 3188 4315 ﬁlius
3217 4262 3389 4308 servus
3421 4246 3601 4316 fratri-

2014 4341 2108 4403 bus
2128 4340 2255 4399 suis.
2278 4339 2489 4398 Abusus
2515 4350 2597 4404 es,
2623 4338 2814 4408 inquit,
2842 4336 3066 4404 honore,
3104 4351 3210 4392 non
3241 4337 3380 4393 bene
3407 4345 3462 4393 te
3484 4349 3605 4406 ges-

2014 4430 2154 4498 sisti,
2181 4444 2302 4495 cum
2327 4444 2421 4498 par
2447 4442 2595 4485 esses
2624 4428 2916 4500 dignitate;
2963 4436 3246 4498 propterea
3271 4425 3607 4496 subiectione

2016 4521 2294 4579 emendari
2336 4529 2393 4579 te
2430 4520 2576 4579 volo.
2606 4519 2721 4575 Hoc
2764 4519 2834 4576 ab
2864 4519 3016 4575 initio
3041 4528 3098 4581 et
3125 4518 3339 4581 mulieri
3363 4516 3606 4588 contigit.

2018 4615 2283 4683 Quoniam
2311 4613 2454 4669 enim
2502 4628 2600 4684 par
2643 4621 2760 4669 erat
2810 4612 2925 4673 viro
2975 4611 3256 4682 dignitate,
3296 4619 3353 4666 et
3403 4610 3611 4671 honore

2019 4706 2184 4763 tdmsa
2212 4714 2315 4773 est,
2348 4714 2627 4775 propterea
2666 4705 2839 4763 ablata
2892 4712 2976 4759 est
3017 4704 3088 4761 ab
3124 4703 3213 4765 illa
3254 4710 3513 4774 potestas,
3554 4708 3612 4756 ct

2021 4799 2222 4861 audivit
2254 4815 2269 4852 :
2311 4798 2393 4854 Ad
2451 4798 2618 4857 uirum
2651 4806 2795 4855 tuum
2831 4795 3088 4859 conversio
3122 4804 3241 4859 tua;
3289 4801 3335 4850 et
3384 4793 3496 4863 ipse
3535 4796 3611 4845 tul

2023 4890 2366 4948 dominabitur
2403 4886 2555 4959 (Gen.
2600 4888 2653 4942 '5.
2716 4885 2842 4958 16).
2891 4885 3024 4953 Quia
3077 4882 3367 4952 nesciviSti,
3417 4882 3608 4953 inquit,

2024 4982 2249 5054 imperio
2276 4991 2426 5038 recte
2449 4980 2544 5046 uti,
2579 4979 2729 5034 disce
2756 4978 2932 5049 potius
2951 4985 3099 5039 recte
3124 4976 3348 5046 imperio
3390 4974 3610 5044 subjici,

2012 5089 2184 5147 quam
2234 5073 2375 5129 male
2419 5073 2704 5143 imperare.
2752 5068 2983 5127 Proinde
3023 5068 3183 5127 etiam
3239 5065 3327 5123 hic
3362 5079 3506 5123 nunc
3547 5062 3614 5120 ad

2025 5167 2452 5233 emendationem
2496 5177 2709 5235 pmnam
2760 5162 2972 5232 accipit,
3027 5168 3080 5218 et
3128 5174 3227 5233 per
3275 5158 3443 5225 ﬁlium
3490 5157 3616 5235 ipse

2026 5261 2291 5318 cruciatur
2316 5276 2332 5315 :
2361 5269 2421 5315 ut
2456 5232 2652 5323 disms,
2688 5256 2792 5312 etsi
2845 5269 3013 5313 senes
3066 5232 3194 5313 utne
3238 5263 3428 5318 esset.
3479 5232 3615 5306 ina-

2026 5367 2170 5417 men,
2214 5351 2341 5422 quia
2374 5364 2533 5422 piens
2569 5349 2623 5406 in
2673 5346 2840 5404 filium
2877 5345 3105 5411 transiit,
3154 5344 3208 5401 id
3244 5343 3343 5413 ipsi
3392 5342 3616 5399 luctuo-

2028 5460 2144 5502 sam
2163 5451 2220 5499 et
2245 5442 2521 5499 insuavem
2542 5440 2706 5498 vitam
2736 5437 2950 5503 fecisse,
2997 5435 3253 5507 wgitanti
3282 5434 3443 5490 etiam
3497 5444 3620 5503 post

2027 5550 2181 5595 suam
2224 5540 2453 5591 mortem
2507 5531 2674 5590 tilium
2726 5543 2942 5602 penam
2985 5527 3238 5587 luiturum
3291 5539 3432 5583 esse.
3482 5522 3619 5587 Nam

2029 5627 2169 5699 quod
2196 5626 2337 5682 illius
2372 5640 2469 5696 per
2494 5638 2555 5680 se
2598 5624 2791 5692 malus,
2829 5630 2885 5677 et
2927 5633 3118 5678 omnes
3150 5619 3241 5691 qui
3278 5618 3349 5675 ab
3376 5618 3469 5679 illo
3508 5616 3621 5677 nati

2028 5720 2228 5784 fuerint
2254 5715 2662 5782 abominabiles,
2685 5724 2743 5773 et
2769 5714 2838 5773 ad
2864 5713 3062 5771 malum
3084 5725 3351 5784 propenso
3372 5708 3615 5771 declina-

2030 5813 2158 5889 rint,
2184 5810 2308 5868 audi
2333 5809 2664 5883 Scriptorum
2698 5807 2966 5871 dicentem
3005 5820 3102 5878 per
3124 5804 3343 5877 modum
3382 5794 3612 5885 maledi-
