4078 6434
514 408 614 463 971

515 517 586 570 cti
607 533 619 569 :
640 513 792 570 Pater
803 523 918 569 tuus
943 513 1285 578 Amon'hazus,
1301 523 1347 567 et
1370 524 1527 567 mater
1540 523 1626 567 tua
1644 514 1863 567 Chetta'a
1887 511 2096 584 (Ezech.

524 609 612 664 t6.
637 609 672 664 ὃ
693 608 734 675 ).
767 607 832 664 Ει
859 607 996 662 alius
1025 607 1410 662 contumeliose
1437 607 1586 671 dicit,
1616 607 1802 660 Semen
1828 604 2096 666 Chanaan,

517 709 566 752 et
618 717 718 753 non
769 701 912 753 Juda
957 698 1119 768 (Dan.
1173 699 1260 752 15.
1293 697 1421 766 56).
1458 699 1622 752 Porro
1648 711 1825 766 operte
1871 697 2100 765 pretium

519 790 679 844 fuerit
706 791 888 844 audire
919 805 1061 844 nunc
1089 799 1205 859 post
1235 804 1470 859 poenam,
1494 805 1651 858 quam
1676 788 1882 858 accepit
1926 789 1970 842 is
2013 788 2098 856 qui

518 879 810 934 nuditatem
853 880 1136 948 evulgavit,
1191 895 1310 948 qua:
1363 878 1578 948 prannia
1623 878 1891 947 assequuti
1926 877 2030 930 sint
2065 877 2098 929 ii

517 971 606 1038 qui
639 980 840 1025 tantam
879 971 1228 1026 reverentiam
1273 979 1328 1025 et
1359 971 1610 1024 honorem
1658 971 1791 1039 patri
1840 970 2100 1024 exhibue-

521 1073 665 1117 rttnt.
694 1064 785 1119 26.
821 1062 886 1117 Et
910 1064 1064 1129 dixit,
1109 1062 1298 1133 inquit,
1333 1062 1638 1117 Benedictus
1674 1061 1920 1115 Dominus
1969 1060 2103 1114 Deus

521 1157 665 1222 Scin,
685 1168 731 1211 et
748 1158 840 1212 erit
861 1156 1106 1212 Chanaan
1127 1173 1296 1210 servus
1316 1155 1473 1210 illius.
1502 1157 1632 1220 lloc,
1655 1154 1788 1208 forte
1809 1155 1926 1224 quis
1951 1154 2104 1207 dixe-

523 1255 609 1318 rit,
641 1268 744 1306 non
771 1261 852 1306 est
883 1252 1198 1306 benedicere
1223 1251 1367 1306 Sent.
1420 1251 1529 1303 lmo
1553 1249 1708 1303 valde
1741 1247 2009 1302 benedixit
2036 1247 2102 1299 il-

519 1345 649 1397 ltttn.
679 1344 901 1411 Quando
927 1343 1068 1398 enim
1103 1343 1240 1397 Deus
1271 1341 1601 1396 hencdicitur
1636 1383 1650 1406 ,
1679 1350 1733 1395 et
1760 1349 1989 1410 aguntur
2029 1339 2102 1392 illi

519 1434 703 1501 gratiae
729 1433 796 1486 ab
820 1431 1146 1495 hominibus,
1180 1440 1304 1486 tunc
1332 1430 1549 1486 uberior
1591 1430 1659 1484 ab
1688 1430 1779 1483 illo
1808 1429 1946 1483 solet
1989 1428 2104 1481 istis

519 1523 820 1579 benedictio
846 1524 980 1588 dari,
1013 1533 1232 1593 propter
1255 1539 1388 1593 quos
1412 1523 1524 1592 ipse
1551 1521 1900 1576 benedicitur.
1927 1521 2105 1588 Itaque

511 1614 844 1670 benedicens
893 1616 1060 1669 Deum
1085 1616 1382 1672 debitorem
1415 1615 1586 1683 ipsum
1617 1613 1738 1666 fecit
1763 1611 1980 1680 majoris
2008 1610 2103 1664 be-

522 1705 862 1770 nedictionis,
895 1714 1184 1776 auctorque
1203 1705 1298 1759 fuit
1321 1703 1445 1759 Sem
1469 1703 1687 1772 majoris
1713 1702 2098 1764 retributionis,

520 1810 680 1859 quam
707 1795 749 1849 si
793 1811 913 1850 eum
950 1797 1061 1866 ipse
1103 1811 1194 1866 per
1237 1811 1296 1849 se
1344 1793 1734 1848 benedixissct.
1768 1793 1914 1847 Sicut
1963 1792 2104 1845 enim

522 1885 736 1954 quando
793 1887 1123 1940 bcnedicitur
1172 1893 1388 1954 propter
1429 1900 1546 1950 nos,
1601 1884 1822 1937 multum
1868 1883 1919 1936 id
1952 1883 2104 1936 nobis

521 1975 770 2029 conciliat
811 1976 1047 2030 favoris:
1094 1977 1163 2030 ita
1204 1985 1258 2031 ct
1299 1983 1485 2029 contra
1517 1974 1728 2044 quando
1775 1983 2106 2044 pr0pternos

526 2069 613 2123 alii
651 2068 799 2123 illum
829 2068 1222 2138 blaspltemant,
1253 2068 1424 2138 major
1444 2067 1568 2120 hinc
1609 2076 1789 2120 nostra
1836 2063 2108 2118 [ltconde-

521 2159 868 2228 mnatio,‘qui
894 2173 1108 2213 causnm
1136 2159 1399 2213 dedimus.
1425 2157 1704 2224 Quocirca,
1735 2157 1978 2222 obsecro,
2007 2155 2104 2208 de-

521 2264 641 2303 mus
667 2264 905 2318 operam,
937 2259 994 2304 ut
1021 2251 1089 2304 ita
1117 2251 1362 2304 ViVamttS
1383 2290 1398 2316 ,
1431 2259 1483 2302 et
1511 2258 1669 2302 tanta:
1693 2247 1901 2300 virttttis
1931 2247 2104 2314 speci-

521 2355 643 2394 men
665 2341 1033 2405 exhibeamus,
1066 2349 1123 2395 ut
1143 2354 1350 2405 omnes,
1367 2339 1472 2408 .qui
1495 2353 1591 2393 nos
1616 2337 1860 2401 viderint,
1889 2336 2107 2389 bcncdi-

521 2431 729 2486 ctiones
758 2431 928 2485 laudis
962 2431 1189 2484 offerant
1218 2430 1446 2482 Domino
1479 2429 1604 2483 Deo.
1638 2427 1767 2480 Nam
1792 2427 1914 2496 quia
1939 2425 2107 2479 bonus

525 2532 580 2578 et
602 2523 861 2592 benignus
882 2531 982 2588 est,
1017 2538 1109 2591 per
1137 2537 1234 2575 nos
1259 2521 1368 2574 vult
1394 2520 1556 2590 gloria
1587 2517 1725 2571 affici
1775 2533 1792 2570 τ
1834 2533 1938 2570 non
1965 2514 2106 2584 quod

524 2614 625 2682 ipsi
652 2613 848 2682 aliquid
874 2613 940 2667 ad
969 2627 1119 2667 suam
1164 2612 1387 2682 gloriam
1430 2609 1685 2666 accedat:
1733 2607 1928 2661 nullius
1964 2607 2106 2660 cnim

526 2707 736 2775 indigns
765 2715 880 2766 cst;
929 2704 1020 2758 sed
1071 2712 1128 2757 ut
1157 2703 1466 2757 occasiones
1510 2701 1608 2770 ipsi
1641 2699 1994 2770 praebeamus,
2051 2705 2110 2750 ut

524 2797 711 2866 tnajori
743 2811 840 2850 nos
862 2794 1233 2850 benevolentia
1279 2799 1645 2862 prosequatur.
1674 2789 1973 2842 Benedictus
2002 2786 2108 2840 Do-

525 2890 691 2943 minus
730 2888 870 2953 Sem,
899 2897 944 2941 et
989 2889 1079 2941 crit
1106 2886 1349 2940 Chanaan
1379 2899 1547 2938 servus
1599 2881 1758 2936 illius.
1790 2879 1949 2934 Vides
1973 2893 2110 2949 quo-

526 2982 688 3037 modo
719 2990 991 3050 paternam
1015 2993 1226 3049 poenam
1258 2977 1477 3047 profert,
1509 2990 1626 3045 quae
1657 2983 1833 3028 tamen
1860 2971 2110 3026 emenda-

527 3075 604 3128 tio
649 3074 825 3143 potius
862 3081 1004 3137 erat,
1048 3085 1208 3141 quam
1265 3069 1466 3138 poena?
1503 3067 1660 3120 Pater
1699 3065 1840 3120 enim
1885 3073 2019 3128 erat,
2045 3070 2112 3118 et

526 3164 924 3218 amantissimus
977 3171 1146 3232 pater,
1201 3158 1610 3244 neque‘justam
1661 3170 1871 3226 pmnam
1903 3155 2113 3209 volebat

529 3257 802 3321 inducere,
833 3255 926 3310 sed
953 3255 1024 3308 ita
1070 3263 1125 3308 ut
1153 3253 1458 3308 ulteriorem
1491 3250 1745 3304 malitiam
1775 3248 2108 3317 reprimeret.

529 3349 674 3412 Ideo,
706 3348 800 3414 ait,
832 3346 904 3400 ad
950 3345 1339 3400 servitutem-te
1381 3341 1702 3406 condemno,
1746 3347 1805 3392 ut
1845 3338 2026 3408 jugetn
2057 3345 2113 3392 et

527 3440 870 3496 indelebilem
908 3438 1106 3493 habeas
1155 3436 1274 3491 facti
1316 3433 1648 3488 memoriam.
1705 3431 1892 3486 Postea
1923 3429 2051 3483 dicit
2092 3443 2108 3482 :

525 3531 619 3585 27.
666 3528 854 3582 Dilatet
881 3527 1017 3582 Deus
1042 3526 1288 3594 Japheth,
1338 3534 1385 3578 et
1432 3523 1615 3577 habitet
1675 3523 1728 3575 in
1777 3519 2113 3575 tabernaculis

531 3620 672 3684 Sent,
703 3628 749 3672 et
775 3619 865 3687 ﬁat
883 3617 1128 3672 Chanaan
1152 3632 1321 3670 servus
1345 3615 1502 3669 illius.
1537 3615 1740 3669 lterum
1765 3613 1877 3666 hate
1905 3625 2114 3682 quoque

529 3709 760 3763 maxima
793 3708 1092 3762 benedictio
1133 3716 1236 3770 cst,
1265 3705 1400 3760 forte
1443 3706 1695 3760 latentem
1729 3704 1968 3772 aliquem
2016 3703 2114 3756 ha-

522 3800 665 3855 bens
714 3796 1041 3853 thesaurum.
1077 3795 1286 3860 Dilatet,
1328 3797 1514 3864 inquit,
1548 3795 1680 3848 Deus
1723 3794 1966 3864 Japheth.
1997 3793 2113 3848 Non

531 3891 803 3946 aberrabit
827 3891 969 3960 quis,
998 3889 1041 3943 si
1074 3889 1267 3943 dixerit
1303 3886 1852 3955 benedictionesjusu
1884 3882 2115 3956 prophe-

534 3984 635 4037 tias
663 3997 803 4037 esse.
835 3981 966 4036 Nam
999 3981 1044 4036 si
1073 3989 1224 4051 pater
1252 3979 1367 4034 Noe
1413 3993 1517 4033 non
1554 3977 1900 4047 simpliciter,
1942 3991 2116 4046 neque

530 4076 725 4128 frustra
753 4073 1064 4128 vocabulum
1091 4071 1281 4126 indidit
1307 4069 1442 4135 Noe,
1471 4068 1564 4124 sed
1587 4067 1901 4123 vaticinatus
1921 4075 2003 4121 est
2021 4081 2116 4135 per

532 4184 726 4223 nomen
756 4167 986 4221 futurum
1014 4165 1288 4220 diliuvium
1327 4181 1343 4218 :
1393 4164 1560 4218 multo
1607 4161 1774 4230 magis
1799 4160 1976 4230 justus
2025 4158 2116 4213 ille

533 4275 638 4314 non
662 4259 994 4327 simpliciter,
1033 4273 1203 4326 neque
1231 4256 1424 4310 frustra
1449 4253 1846 4309 benedictiones
1873 4251 2113 4322 protulit.

530 4352 731 4419 Opinor
751 4351 894 4404 enim
925 4365 1045 4404 eum
1076 4348 1174 4403 hos
1192 4350 1322 4402 duos
1353 4347 1735 4411 benedicendo,
1767 4345 1990 4400 duorum
2019 4359 2119 4414 po-

543 4444 792 4513 pulorum
823 4442 1153 4496 vocationem
1185 4439 1481 4509 significare
1504 4439 1734 4492 voluisse
1763 4455 1777 4492 :
1803 4447 1857 4492 et
1878 4452 1973 4506 per
1994 4437 2115 4491 Scm

534 4532 750 4602 quidem
777 4530 1023 4588 Judanos:
1054 4546 1117 4584 ex
1141 4531 1230 4583 illo
1259 4530 1398 4583 enim
1425 4541 1478 4582 et
1500 4529 1789 4592 Abraham,
1817 4536 1870 4581 et
1901 4527 2116 4582 Judazo-

536 4639 654 4678 rum
702 4637 872 4693 genus
902 4621 1306 4690 multiplicatum
1348 4630 1431 4674 est
1461 4635 1592 4690 :pcr
1635 4619 1864 4688 .lapheth
1913 4628 2114 4684 autem,

535 4719 772 4789 gentium
799 4715 1151 4771 vocationem.
1178 4714 1313 4768 'Vide
1342 4723 1516 4767 autem
1548 4711 1972 4766 benedictionem
2003 4709 2118 4764 hare

539 4807 896 4880 praenuntiarc
932 4823 946 4862 :
979 4805 1166 4861 Dilatet
1208 4807 1372 4867 enim,
1414 4805 1602 4874 inquit,
1635 4801 2036 4868 DeusJapheth,
2073 4811 2120 4856 et

537 4901 726 4954 habitet
760 4902 822 4954 in
866 4900 1200 4953 tabernaculis
1251 4899 1391 4953 Sent.
1434 4897 1544 4951 Hoc
1589 4896 1640 4949 in
1670 4895 1918 4965 gentibus
1951 4895 2118 4948 adim-

538 4993 738 5062 pletum
785 4991 1047 5044 videmus.
1093 4989 1228 5044 Cum
1279 4990 1407 5042 dicit
1452 4989 1615 5052 enim,
1655 4985 1884 5051 Dilatet,
1930 5000 2120 5040 omnes

537 5092 724 5154 gentes
747 5080 1126 5143 subindicavit;
1152 5080 1244 5135 sed
1277 5079 1527 5146 dicendo,
1565 5077 1771 5132 Habitat
1797 5078 1850 5130 in
1879 5077 2118 5130 taberna-

533 5181 666 5235 culis
685 5176 826 5247 Sem,
848 5181 1080 5237 siniﬁcat
1107 5183 1290 5243 gentes
1320 5171 1420 5226 frui
1442 5171 1668 5238 coepisse
1693 5171 1757 5224 iis
1782 5185 1899 5240 qua:
1925 5169 2122 5225 Jutltcis

539 5275 718 5334 parata
747 5276 800 5319 et
819 5256 1069 5319 adornata
1093 5273 1263 5319 erant.
1294 5263 1357 5317 Et
1394 5265 1487 5318 erit
1521 5263 1764 5318 Chanaan
1792 5279 1960 5317 servus
1989 5265 2118 5331 ejus.

607 5356 660 5410 8.
710 5354 929 5408 Vidistis
973 5355 1183 5422 qualem
1230 5365 1284 5408 et
1335 5355 1368 5408 ii
1417 5355 1552 5424 grati
1595 5355 1759 5408 animi
1804 5362 2122 5421 acceperunt

541 5447 864 5511 mercedem,
896 5456 951 5501 et
978 5458 1173 5517 quanta
1197 5446 1286 5500 ille
1317 5455 1533 5515 propter
1560 5446 1911 5501 temeritatem
1937 5455 1992 5500 et
2019 5446 2122 5499 im-

545 5537 878 5605 prudentiam
925 5537 1210 5606 ignominia
1238 5538 1461 5593 afi‘eetus
1479 5537 1596 5592 est?
1627 5538 1744 5592 Sint
1789 5535 1904 5591 haec
1934 5551 2124 5606 perpe-

549 5633 642 5709 tuo
670 5627 723 5678 in
750 5636 931 5681 nostra
961 5636 1139 5682 mente
1163 5629 1379 5696 scripta,
1423 5636 1480 5682 ιιι
1543 5627 1734 5682 horum
1785 5629 2125 5681 :emulatores

541 5729 598 5772 et
622 5718 918 5772 imitatores
945 5718 1054 5773 ﬁeri
1086 5722 1350 5788 possimus
1385 5739 1398 5774 :
1427 5719 1584 5787 hujus
1609 5729 1786 5774 autem
1819 5718 2120 5788 improbam

542 5816 780 5863 mentem
806 5846 821 5871 ,
855 5816 910 5862 et
936 5808 1200 5877 ingentem
1229 5809 1570 5878 petulantiam
1603 5806 1884 5881 fugiamus.
1929 5810 2020 5866 εδ.
2054 5808 2120 5864 Et

1235 403 1292 458 S.
1320 403 1598 461 JOANNIS
1635 402 2105 461 CHRYSOSTOMI
2147 401 2467 458 AflCillEP.
2509 400 3036 458 CONSTANTINOP.

3690 399 3804 454 2‘72

2215 513 2356 575 vixit,
2393 511 2576 581 inquit,
2611 511 2722 565 Noe
2757 522 2868 580 post
2906 512 3148 564 diluvium
3176 527 3336 566 annos
3364 520 3612 565 trecentos
3630 514 3788 583 quin-
3857 575 3870 582 ι

2209 605 2488 672 quaginta;
2513 603 2600 656 ‘29.
2626 613 2672 657 et
2695 605 2897 674 fuerunt
2924 620 3095 656 omnes
3117 603 3222 654 dies
3258 601 3307 654 Ν
3312 619 3370 656 oe
3386 605 3625 672 nongenti
3646 605 3798 672 quin-

2208 696 2445 763 qnvginta
2473 696 2617 755 anni,
2643 703 2686 746 et
2727 705 2951 746 mortuus
2980 706 3072 746 est.
3121 694 3198 747 Ne
3243 693 3345 748 hoc
3389 705 3541 764 putes
3593 695 3801 760 absque

2217 798 2376 836 causa
2412 785 2714 853 assignasse
2754 784 3102 852 Scripturam,
3135 784 3226 838 sed
3256 785 3374 838 vide
3421 795 3470 838 et
3525 785 3620 838 hoc
3673 785 3795 838 loco

2203 871 2330 941 justi
2353 873 2754 926 eontinentiam.
2788 874 2922 939 Quia
2950 889 3069 927 cum
3098 883 3237 926 tanta
3261 874 3522 927 frueretur
3550 873 3794 928 ubertate

2209 971 2265 1016 et
2331 965 2719 1032 prosperitate,
2786 966 3254 1033 superviverttque
3317 974 3463 1018 tanto
3531 980 3792 1018 annorum

2209 1067 2432 1106 numero
2460 1064 2575 1121 post
2617 1068 2890 1122 egressum
2935 1054 3003 1108 ab
3038 1069 3184 1120 arca,
3220 1055 3390 1108 noluit
3433 1055 3571 1109 ultra
3620 1055 3798 1110 indul-

2209 1161 2334 1215 gere
2360 1145 2646 1199 liberorttm
2678 1146 3056 1215 procreationi.
3098 1146 3213 1200 Non
3245 1149 3386 1200 enim
3407 1157 3794 1201 commemorat

2211 1236 2480 1303 Scriptura
2526 1237 2673 1291 illum
2702 1237 2834 1292 alios
2856 1247 3047 1306 praeter
3067 1246 3175 1291 tres
3215 1238 3345 1292 istos
3389 1237 3633 1292 habuisse
3655 1238 3797 1292 libe-

2209 1344 2317 1383 ros.
2342 1329 2437 1382 llic
2450 1329 2636 1383 iterum
2655 1331 2824 1398 cogita
2837 1344 3078 1398 magnam
3099 1329 3425 1384 salacitatem
3446 1328 3647 1390 Chami,
3665 1331 3794 1398 quia

2211 1436 2383 1490 neque
2415 1430 2618 1490 patrem
2656 1421 2842 1476 videns
2870 1430 3028 1474 tanta:
3049 1421 3388 1474 continentia:
3411 1462 3426 1485 ,
3455 1421 3650 1474 castior
3677 1422 3796 1490 ipse

2211 1512 2379 1566 factus
2396 1523 2495 1577 est,
2512 1512 2602 1567 sed
2621 1514 2800 1567 omnia
2828 1513 3042 1568 diverso
3063 1513 3222 1568 modo
3240 1529 3397 1583 quam
3414 1524 3561 1582 pater
3575 1513 3787 1582 agebat.

2209 1602 2440 1656 Proinde
2463 1603 2654 1657 merito
2679 1619 2838 1658 omne
2864 1604 3030 1673 ipsius
3050 1619 3220 1674 genus
3249 1604 3303 1657 in
3327 1604 3634 1658 servitutem
3655 1617 3794 1657 con-

2209 1695 2515 1751 demnatum
2546 1705 2646 1763 cst,
2673 1705 2730 1751 ut
2759 1698 3014 1766 improba:
3054 1696 3344 1750 voluntatis
3369 1695 3578 1750 frenum
3625 1694 3794 1750 habe-

2211 1798 2313 1843 ret.
2344 1788 2545 1843 Deinde
2568 1789 2651 1845 hic
2679 1800 2855 1843 narrat
2883 1789 3157 1860 Scriptura
3185 1804 3280 1844 eos
3309 1791 3399 1859 qui
3430 1805 3496 1844 ex
3523 1789 3643 1843 filiis
3671 1791 3783 1844 nati

2210 1891 2355 1945 sunt,
2385 1890 2437 1935 et
2464 1882 2632 1950 inquit
2660 1899 2674 1936 :
2700 1881 2859 1936 Cham
2885 1893 3054 1935 autent
3077 1883 3248 1951 genuit
3274 1882 3457 1948 Chus;
3482 1890 3536 1937 et
3578 1897 3791 1952 rursus,

2211 1971 2346 2025 Chus
2370 1973 2536 2040 genuit
2560 1971 2809 2037 Nemrod,
2833 1973 2916 2042 qui
2941 1973 3086 2042 ccepit
3104 1988 3210 2026 esse
3230 1973 3375 2043 gigas
3399 1988 3550 2041 super
3577 1981 3790 2025 terram.

2212 2061 2314 2114 llic
2345 2063 2441 2132 fuit
2469 2063 2614 2134 gigas
2647 2074 2860 2118 venator
2895 2079 3064 2116 coram
3101 2062 3321 2116 Domino
3351 2062 3500 2134 (Cap.
3533 2063 3618 2116 10.
3654 2063 3706 2116 6.
3736 2062 3792 2116 8.

2212 2155 2305 2224 9).
2347 2155 2577 2222 Quidam
2631 2156 2813 2210 dicunt
2856 2155 2960 2222 hic,
3004 2154 3186 2210 Coram
3233 2155 3470 2220 Domino,
3509 2154 3645 2207 idem
3671 2168 3795 2208 esse

2211 2248 2349 2317 quod
2377 2257 2560 2304 contra
2591 2249 2756 2303 Deum
2787 2267 2802 2303 :
2832 2265 2930 2318 ego
2957 2259 3138 2303 autem
3169 2263 3274 2302 non
3314 2256 3442 2317 puto
3465 2246 3794 2316 Scripturam

2213 2341 2314 2395 hoc
2337 2342 2624 2406 insinuare,
2652 2343 2749 2396 sed
2780 2343 2949 2412 ipsum
2977 2341 3166 2395 fortem
3191 2341 3580 2410 robustumque
3610 2338 3792 2392 fuisse.

2210 2433 2362 2500 Quod
2389 2442 2564 2488 autem
2586 2433 2732 2500 dicit,
2765 2432 2947 2487 Coram
2970 2432 3188 2486 Domino
3205 2430 3338 2496 Deo,
3371 2431 3472 2485 hoc
3497 2440 3597 2489 est,
3623 2429 3691 2482 ab
3729 2442 3797 2483 eo

2214 2527 2555 2589 constitutus,
2615 2539 2680 2579 eo
2727 2524 2867 2593 quod
2925 2531 3205 2592 acceperat
3253 2521 3677 2577 benedictionem
3729 2519 3799 2573 ab

2215 2617 2308 2668 illo
2335 2632 2350 2670 :
2382 2615 2464 2669 γει
2497 2615 2636 2685 quod
2665 2615 2804 2669 Deus
2834 2631 2929 2684 per
2975 2615 3116 2669 hunc
3159 2621 3303 2668 esset
3354 2613 3406 2667 in
3447 2611 3798 2668 admiratione

2214 2706 2510 2772 habendus,
2543 2705 2682 2776 quod
2725 2705 2881 2760 talem
2908 2705 3273 2774 produxisset,
3312 2713 3367 2759 et
3393 2717 3554 2773 super
3596 2711 3796 2757 terram

2215 2805 2584 2852 monstrasset.
2619 2795 2723 2851 Sed
2755 2796 2840 2852 hic
2862 2797 3052 2850 iterum
3077 2811 3330 2865 proavum
3359 2808 3514 2849 suum
3537 2793 3796 2860 imitatus,

2212 2898 2267 2944 et
2291 2888 2489 2942 abusus
2517 2899 2719 2943 natura:
2764 2888 3148 2957 praerogativis,
3177 2887 3336 2941 alium
3364 2886 3638 2942 servitutis
3681 2899 3800 2939 mo-

2210 2979 2336 3033 dum
2376 2979 2646 3034 adinveuit
2670 3017 2684 3042 ,
2716 2987 2874 3048 atque
2920 2978 3274 3048 principatum
3310 2991 3638 3047 regnumque
3665 2975 3796 3030 affe-

2213 3071 2393 3124 ctavit.
2427 3069 2538 3123 Rex
2593 3071 2732 3123 enim
2779 3084 3063 3139 numquam
3090 3069 3271 3135 fuerit,
3303 3069 3346 3122 si
3390 3083 3493 3123 non
3529 3068 3638 3122 sint
3667 3067 3800 3122 sub-

2215 3162 2308 3216 diti
2343 3179 2355 3214 :
2386 3169 2508 3214 tunc
2529 3169 2705 3215 autem
2729 3175 2854 3216 vere
2879 3161 3092 3215 videtur
3127 3176 3248 3215 esse
3275 3160 3491 3214 libertas
3522 3176 3535 3212 :
3568 3160 3802 3213 servitus

2217 3267 2376 3322 porro
2397 3251 2714 3322 gravissima
2749 3261 2832 3306 est
2874 3253 2926 3306 in
2949 3252 3138 3307 ordine
3175 3252 3462 3316 libertatis,
3496 3249 3798 3320 przesertim

2216 3347 2260 3400 si
2291 3343 2472 3400 liberis
2515 3345 2828 3414 imperetur.
2858 3347 2934 3399 Ac
2962 3345 3082 3399 vide
3107 3354 3302 3414 quanta
3333 3342 3503 3396 faciat
3535 3341 3800 3395 ambitio:

2216 3437 2336 3491 vide
2375 3437 2617 3506 corporis
2665 3436 2826 3490 robur
2855 3452 2960 3491 non
3015 3450 3236 3489 manens
3263 3438 3400 3488 intra
3427 3447 3553 3488 suos
3581 3432 3802 3498 limites,

2218 3529 2312 3584 scd
2354 3529 2502 3598 plura
2529 3535 2787 3598 expetens
2809 3569 2824 3594 ,
2867 3537 2922 3583 et
2967 3528 3148 3598 gloria:
3174 3536 3510 3597 appetentem
3535 3534 3803 3579 naturam.

2217 3620 2332 3676 Non
2361 3621 2586 3675 enim-ut
2613 3619 2926 3674 defenderet
2950 3620 3070 3673 illos
3100 3660 3116 3686 ,
3165 3619 3497 3688 imperabat;
3527 3617 3622 3672 sed
3649 3625 3704 3671 et
3728 3616 3809 3671 ci-

2219 3713 2410 3766 vitates
2457 3711 2756 3766 mdificabat
2797 3720 2853 3765 ut
2889 3710 3130 3764 hostibus
3177 3710 3481 3778 imperaret.
3537 3709 3627 3762 Η.
3674 3705 3808 3760 Inde

2217 3803 2372 3866 enim,
2420 3802 2608 3872 inquit,
2651 3817 2713 3855 ea:
2751 3810 2884 3855 terra
2916 3801 3008 3854 illa
3043 3801 3191 3855 exivit
3234 3799 3412 3864 Assur,
3461 3807 3507 3851 et
3535 3796 3806 3865 wdiﬁcavit

2223 3894 2466 3948 Niniven.
2500 3894 2878 3948 Animadverte
2898 3893 2985 3948 hic
3012 3907 3224 3962 quoque
3263 3891 3394 3946 nihil
3421 3891 3615 3946 laedere
3645 3900 3806 3944 natu-

2218 4001 2332 4040 ram
2379 3994 2620 4039 nostram
2665 3985 3062 4054 progenitorum
3112 3984 3388 4038 malitiam.
3425 3982 3486 4036 Hi
3513 3982 3681 4047 enim,
3707 3981 3806 4034 Ni-

2222 4078 2417 4134 nivitas
2455 4077 2596 4142 dico,
2626 4077 3044 4132 misericordiam
3077 4077 3168 4130 Dei
3215 4074 3521 4144 paenitentia
3550 4073 3650 4129 sibi
3677 4087 3810 4126 con-

2221 4170 2488 4234 ciliarunt,
2512 4177 2755 4223 revocata
2785 4167 2926 4222 illius
2955 4167 3224 4221 sententia
3273 4181 3287 4219 :
3314 4165 3389 4230 hi,
3419 4165 3656 4232 inquant,
3684 4178 3810 4232 pro-

2220 4263 2514 4332 genitorem
2537 4261 2834 4316 habuerunt
2861 4258 3028 4314 Cham
3057 4256 3394 4328 parricidam,
3417 4255 3610 4310 deinde
3643 4253 3808 4308 Nem-

2218 4356 2318 4410 rod
2342 4355 2612 4409 hominem
2646 4363 2926 4424 tyrannum
2961 4361 3017 4406 et
3054 4358 3410 4420 arrogantem,
3434 4364 3501 4402 ex
3527 4363 3634 4416 quo
3657 4356 3809 4402 ortus

2223 4451 2394 4503 Assur
2421 4446 2513 4517 (η).
2550 4446 2805 4500 Dicuntur
2853 4453 3030 4499 autem
3062 4443 3199 4496 forte
3254 4449 3308 4495 et
3331 4441 3420 4494 alii
3467 4439 3626 4493 fuisse
3670 4439 3811 4492 inter

2225 4541 2344 4596 illos
2372 4540 2560 4594 molles
2612 4549 2665 4593 et
2693 4538 2934 4602 delicati,
2965 4546 3018 4592 et
3042 4536 3358 4590 dissolutam
3405 4547 3469 4587 ac
3497 4542 3809 4600 corruptam

2224 4634 2624 4706 agentes'vitam
2643 4673 2658 4696 ,
2682 4630 2944 4696 ebrietati,
2971 4637 3025 4684 et
3045 4629 3194 4690 risui,
3214 4637 3265 4681 et
3283 4624 3808 4688 subsannatiOnibus,

2225 4739 2279 4783 et
2304 4727 2610 4782 scommatis
2634 4723 2820 4779 dediti.
2850 4723 2955 4778 Sed
2983 4723 3106 4791 quia
3135 4722 3400 4774 sinceram
3440 4733 3551 4787 pra:
3578 4731 3637 4771 se
3667 4715 3811 4770 ferre

2225 4822 2440 4876 voluere
2467 4817 2858 4888 pmnitcntiam,
2890 4814 3021 4869 nihil
3049 4814 3176 4883 ipsis
3207 4811 3378 4866 obfuit
3405 4814 3811 4879 progenitorum

2227 4909 2466 4976 malitia,
2518 4907 2614 4962 sed
2662 4915 2865 4961 tantum
2914 4905 3016 4959 sibi
3060 4903 3288 4959 caelestis
3315 4901 3520 4955 favoris
3561 4899 3812 4953 concilia-

2291 5023 2363 5085 (α)
2395 5021 2451 5070 In
2479 5033 2640 5084 grteeo
2663 5020 2843 5080 legitur
2862 5058 2874 5076 ,
2899 5031 3043 5081 ιγγςνον
3066 5031 3241 5080 ισκηιιάτα
3264 5028 3332 5085 τὸνΔ
3351 5019 3511 5077 iocoso.
3536 5013 3698 5062 Vetus
3729 5011 3812 5085 fn-

2227 5080 2438 5146 terpres,
2463 5080 2679 5144 nepotem
2699 5095 2883 5143 quoque
2910 5080 3084 5146 aesar;
3105 5094 3193 5128 nos
3212 5080 3460 5146 vertimus,
3481 5088 3544 5124 ea:
3563 5087 3658 5146 quo
3681 5082 3816 5146 ortus

2227 5140 2390 5196 Assur.
2416 5140 2566 5193 Assur
2591 5140 2718 5206 ergo
2729 5140 2868 5251 lputat
2887 5143 3248 5204 Chrysostomus
3273 5153 3336 5187 cx
3381 5140 3629 5190 Nemrodo
3651 5145 3816 5185 ortum

2229 5221 2361 5251 esse.
2380 5214 2542 5251 contra
2567 5219 2708 5251 uuam
2749 5206 2911 5251 etzitur
2942 5205 2988 5250 in
3015 5202 3187 5251 eodem
3214 5213 3338 5249 nono
3362 5208 3519 5251 cntutu
3541 5207 3814 5251 (49005008.

2229 5221 2361 5265 esse,
2380 5214 2542 5255 contra
2567 5202 2708 5266 qua'm
2729 5202 2911 5267 legitur
2942 5202 2990 5250 iti
3015 5202 3187 5251 eodem
3214 5213 3338 5249 nono
3362 5208 3519 5260 capite
3538 5207 3814 5267 tteneseos,

2227 5271 2311 5316 ubi
2336 5258 2485 5316 Assur
2505 5258 2630 5314 ﬁlius
2651 5258 2988 5314 Semivdicitur.
3016 5272 3162 5313 locus
3182 5270 3345 5311 autem
3368 5258 3514 5322 quem
3538 5259 3616 5307 hic
3638 5258 3816 5319 expla-

2227 5335 2312 5378 nat
2333 5330 2712 5390 Cltrysostomus,
2738 5339 2944 5390 nempe:
2967 5335 3041 5390 De
3052 5333 3181 5374 terra
3204 5323 3291 5390 illa
3310 5335 3529 5390 egressus
3552 5327 3621 5390 est
3648 5331 3814 5390 .{ssttn

2229 5391 2364 5441 varie
2391 5380 2660 5450 eitplicatur
2685 5380 2745 5437 ab
2770 5380 3150 5450 interpretibus;
3176 5386 3252 5433 alii
3291 5380 3458 5450 putant
3483 5382 3558 5430 hic
3580 5380 3644 5450 de
3671 5387 3815 5430 Nem-

2235 5453 2358 5501 rodo
2380 5446 2485 5512 agi,
2523 5449 2716 5512 dicique
2740 5446 3186 5512 ipsum'profectnm
3213 5459 3326 5495 esse
3348 5446 3568 5512 (fetet-ra
3599 5449 3816 5512 ξριωξιῇις

2228 5500 2380 5562 Assur
2393 5500 2484 5569 ,Uid'
2504 5517 2582 5560 est
2603 5500 2650 5559 in
2675 5500 2934 5573 Assyriam;
2963 5517 3015 5558 et
3038 5508 3300 5573 aedificasse
3325 5507 3556 5573 Δικίιιὶγρῑ),
3586 5509 3683 5551 etc.
3703 5500 3815 5573 AMii

2228 5567 2401 5622 dicunt
2419 5573 2491 5621 his
2514 5573 2707 5620 indicari
2732 5567 2881 5620 Assur
2905 5567 3050 5618 tilium
3074 5579 3183 5619 Sent
3208 5569 3419 5617 exivisse
3447 5567 3512 5614 de
3545 5573 3676 5613 terra
3699 5570 3816 5612 Sen-

2230 5648 2374 5691 naar,
2399 5642 2451 5682 et
2485 5633 2745 5682 :ndificasse
2777 5635 2993 5688 Niniven,
3015 5640 3132 5690 etc,
3153 5631 3229 5679 cui
3261 5626 3672 5691 Opinioni__fa_vet_tt
3703 5630 3815 5691 Lx_x

2230 5685 2537 5755 Interpretes
2553 5730 2566 5752 ,
2603 5694 2735 5744 favet
2768 5696 2913 5742 etiam
2937 5685 3160 5804 Vulgata.
3187 5685 3306 5740 ltuie
3327 5703 3447 5751 ergo
3471 5688 3705 5736 libentius
3727 5685 3814 5733 ad-

2231 5756 2432 5804 stinulor
2451 5754 2616 5804 multis
2628 5757 2691 5803 de
2706 5758 2880 5804 causis.
2893 5767 3013 5804 uuas
3070 5755 3114 5803 ie
3129 5764 3397 5802 recensere
3422 5750 3654 5804 longioris
3677 5753 3814 5795 esset

2231 5750 2432 5818 stipulor
2451 5750 2616 5804 multis
2628 5757 2691 5803 de
2706 5758 2880 5812 causis,
2893 5767 3013 5818 quas
3036 5750 3114 5804 hic
3129 5750 3654 5818 recensereiongioris
3677 5753 3817 5818 esset

2234 5811 2399 5879 Opera:
2413 5830 2424 5866 :
2438 5819 2754 5884 quamobrem
2771 5829 2855 5868 res
2867 5811 2998 5868 afluit
3019 5831 3069 5867 tn
3091 5824 3282 5877 temjnts
3302 5813 3576 5864 remittatur
3599 5811 3812 5872 Oportet.
