4078 6408
235 422 341 479 271

238 536 601 609 πραγμένων.
651 538 775 592 Ὅτι
835 539 943 613 7&9
991 540 1088 594 καὶ
1129 539 1159 595 6
1203 541 1331 605 παῖς
1375 541 1587 595 οίκοθεν
1638 540 1907 612 μοχθηρὸς

236 625 480 697 ὑπῆρχε,
513 628 609 680 καὶ
639 628 689 680 οί
735 626 795 692 ἐξ
826 627 1035 682 ἐκείνου
1085 628 1287 691 πάντες
1341 627 1618 698 βδελυκτοὶ
1652 628 1905 696 γεγόνασι

236 714 383 785 πρὸς
420 714 619 769 κακίαν
642 714 1049 782 ἀποκλίναντες,
1075 715 1240 769 ἄκουε
1275 718 1375 786 τῆς
1400 715 1619 787 Γραφῆς
1645 714 1906 785 λεγούσης

235 802 301 855 ἐν
320 801 474 868 τάξει
498 802 763 873 κατάρας
804 803 866 856 '0
897 803 1093 871 πατήρ
1127 819 1244 857 σου
1272 802 1421 875 [291]
1439 803 1790 872 Ἀμορῤαῖος,
1813 802 1913 855 καί

234 890 282 957 ἡ
316 888 518 959 μήτηρ
541 904 659 944 σου
683 891 952 945 Χετταία.
976 891 1086 944 Καὶ
1102 890 1263 944 πάλιν
1286 891 1472 962 ἐτερός
1486 908 1570 954 τις
1594 889 1912 961 ἐνυϐρίζων,

232 977 485 1046 Σπέρμα
508 979 751 1031 Χαναὰν
774 978 872 1032 καὶ
898 979 1010 1032 οὐκ
1057 978 1259 1033 Ἰούδα.
1296 977 1457 1032 Ἀλλά
1485 977 1594 1048 γὰρ
1622 976 1772 1042 ἄξιον
1803 976 1915 1030 λοι-

239 1064 347 1121 πδν
394 1063 650 1119 ἀκοῦσαι·
684 1064 821 1137 μετά
867 1065 967 1137 τὴν
1004 1065 1339 1137 ἐπιτίμησιν,
1393 1066 1459 1136 ἡν
1500 1065 1717 1132 ἐδέξατο
1758 1067 1787 1119 6
1814 1065 1914 1135 τὴν

235 1153 524 1225 γύμνωσιν
578 1152 670 1207 τοῦ
717 1153 924 1225 πατρὸς
985 1155 1404 1226 ἐκπομπεύσας,
1452 1153 1609 1209 τίνων
1638 1153 1913 1220 ἀξιοῦνται

236 1241 352 1295 τῶν
375 1240 619 1312 ἀμοιϐῶν
647 1241 695 1293 οἰ
728 1239 828 1311 τὴν
868 1241 1137 1312 τοσαύτην
1184 1241 1317 1295 αἰδῶ
1354 1241 1447 1295 καὶ
1465 1242 1565 1313 τὴν
1588 1241 1752 1313 τιμὴν
1780 1243 1913 1295 ἀπο-

237 1327 529 1399 νείμαντες
558 1327 636 1398 τῷ
664 1327 849 1399 πατρί.
875 1328 983 1381 Καὶ
1010 1324 1159 1394 εἷπκε,
1189 1329 1376 1399 φησὶν,
1408 1328 1753 1397 Εὐλογητὸς
1782 1329 1912 1382 Κύ-

231 1432 370 1486 ριος
400 1418 434 1471 ό
467 1417 612 1482 Θεὸς
638 1416 747 1471 τοῦ
764 1415 915 1486 Σὴμ,
948 1416 1056 1470 καῖ
1074 1417 1245 1472 ἔσται
1275 1416 1520 1471 Χαναὰν
1534 1417 1675 1483 παῖς
1701 1416 1907 1471 αὐτοῦ.

236 1502 432 1569 Τοῦτο,
456 1504 587 1567 ἴσως
616 1504 794 1568 ἄνιτις
825 1504 989 1567 εἴποι,
1024 1505 1126 1559 οὐκ
1177 1504 1291 1559 ἐστι
1315 1506 1406 1558 τὸν
1437 1505 1557 1576 Σὴμ
1597 1504 1905 1573 εὐλογῆσαι.

237 1589 355 1644 Καὶ
386 1590 605 1662 σφόδρα·
636 1590 733 1662 μὲν
784 1591 1078 1662 εὐλόγησεν
1127 1593 1310 1649 αὐτόν.
1359 1593 1527 1647 Ὅταν
1555 1592 1663 1664 γάρ
1707 1593 1736 1645 6
1778 1592 1911 1657 Θεὸς

237 1676 647 1749 εὐχαριστεϊται
676 1678 771 1731 καὶ
814 1678 1113 1747 εὐλογεῖται
1160 1680 1248 1733 διὰ
1278 1678 1387 1733 τῶν
1432 1677 1752 1749 ἀνθρώπων,
1786 1679 1909 1732 τότε

235 1764 631 1836 δαψιλεστέραν
660 1764 760 1835 τὴν
801 1768 930 1837 παρ’
957 1767 1151 1820 ἐαυτοῦ
1185 1767 1432 1836 εὐλογίαν
1467 1767 1624 1822 εἴωθε
1653 1769 1909 1838 χορηγεῖν

237 1851 493 1916 ἐκείνοις,
527 1852 594 1906 δι’
614 1852 708 1918 οὒς
737 1853 896 1918 αὐτὸς
918 1854 1238 1923 εὐλογεῖται.
1269 1855 1585 1925 Εὐλογήσας
1618 1854 1794 1909 τοίνυν
1818 1855 1908 1910 τὸν

234 1938 397 2003 Θεὸν,
428 1939 710 2012 ὀφειλέτην
749 1941 909 1995 αὐτὸν
931 1941 1236 2012 κατέστησε
1270 1942 1513 2013 μείζονος
1534 1941 1783 2010 εὐλογίας
1812 1940 1908 1995 καὶ

234 2024 415 2089 αἴτιος
438 2027 626 2096 γέγονε
650 2026 726 2098 τῷ
751 2026 825 2099 Σὴ
833 2045 873 2099 μ
901 2029 1144 2094 πλείονος
1171 2030 1423 2101 ἀμοιϐῆς,
1448 2025 1518 2101 ἦς
1539 2029 1699 2093 αὐτὸς
1724 2029 1906 2094 αὐτὸν,

235 2113 289 2165 εί
308 2113 378 2166 δι’
411 2113 601 2168 ἐαυτοῦ
621 2121 649 2149 ⁸
667 2115 978 2186 εὐλόγησεν.
1007 2117 1219 2187 ’Ὠσπερ
1246 2118 1353 2189 γάρ
1385 2118 1513 2171 ὅταν
1535 2116 1820 2186 εὐλογῆται
1840 2115 1906 2171 δι’

234 2202 413 2270 ἡμᾶς,
444 2201 646 2273 πολλῆς
679 2205 830 2274 ἡμᾶς
856 2205 1000 2271 ἀξιοῖ
1031 2207 1130 2275 τῆς
1158 2206 1287 2275 παρ’
1319 2204 1484 2259 αὐτοῦ
1512 2206 1740 2273 εὐνοίας,
1764 2204 1907 2259 οὕτω

233 2286 403 2341 πάλιν
430 2289 648 2344 ἐπειδὰν
670 2289 737 2343 δι’
765 2291 913 2361 ἡμᾶς
928 2291 1103 2362 ἐτεροι
1128 2291 1288 2345 αὐτὸν
1318 2291 1676 2364 βλασφημῷσι
1707 2292 1908 2363 μείζων

232 2373 490 2429 ἐντεῦθεν
541 2377 738 2448 ήμῖνή
789 2378 1115 2449 κατάκρισις
1162 2377 1370 2447 γίνεται
1423 2382 1534 2443 τοῖς
1584 2380 1683 2451 τὴν
1729 2380 1906 2434 αἰτίαν

233 2462 679 2533 παρεχομένοις.’
717 2464 1115 2535 Σπουδάζωμεν
1148 2466 1348 2529 τοίνυν,
1394 2466 1712 2538 παρακαλῶ,
1765 2466 1906 2520 οὓτω

236 2547 393 2619 βιοῦν
413 2551 505 2603 καὶ
533 2550 801 2623 τοσαύτην
830 2552 1239 2607 ἐπιδείκνυσθαι
1259 2554 1356 2624 τῆς
1375 2555 1577 2627 ἀρετῆς
1602 2555 1700 2625 τὴν
1724 2554 1907 2608 ἐπίτα-

239 2650 354 2701 σιν,
375 2636 451 2700 ὠς
478 2638 607 2701 τοὺς
628 2639 706 2701 εἰς
735 2639 881 2709 ἡμᾶς
913 2639 1157 2710 ὁρῶντας
1189 2641 1437 2711 εὐλογίας
1467 2642 1667 2713 ὕμνους
1703 2642 1904 2710 ἀναφέο

239 2738 357 2792 ρειν
387 2722 465 2793 τῷ
491 2724 735 2798 Δεσπότῃ
760 2725 897 2797 Θεῷ.
931 2727 1187 2781 Βούλεται
1220 2729 1329 2800 γὰρ
1355 2730 1558 2798 ἀγαθὸς
1592 2728 1667 2782 ὢν
1698 2729 1789 2783 καὶ
1820 2747 1907 2798 φι-

233 2809 560 2882 λάνθρωπος
588 2812 908 2879 δοξάζεσθαι
937 2814 1005 2866 δι’
1033 2815 1215 2886 ἡμῶν,
1257 2817 1358 2870 οὐκ
1412 2818 1598 2888 ἐπειδὴ
1647 2818 1807 2881 αὐτός
1852 2835 1905 2871 τι

234 2897 645 2970 προσλαμϐάνει
672 2902 751 2965 εἰς
776 2902 873 2972 τὴν
898 2903 1106 2957 οἰκείαν
1132 2903 1307 2972 δόξανο
1337 2906 1589 2977 ἀνενδεὴς
1603 2905 1711 2977 γάρ
1732 2906 1902 2959 ἐστιν⁹

233 2989 356 3043 ἀλλ’
386 2990 471 3044 ῐνα
502 2991 755 3063 ἀφορμὰς
793 2993 939 3066 αὐτῷ
961 2995 1329 3067 παράσχωμεν
1350 2997 1443 3051 τοῦ
1489 2997 1733 3062 πλείονος
1758 3000 1905 3070 ἡμᾶς

233 3077 425 3143 ἀξιοῦν
452 3080 550 3149 τῆς
579 3082 721 3152 παρ’
741 3080 907 3135 αὐτοῦ
944 3082 1174 3146 εὐνοίας.
1217 3085 1561 3153 Εὐλογητὸς
1614 3087 1828 3153 Κύριος
1872 3089 1904 3140 ό

237 3166 386 3232 Θεὸς
417 3165 520 3221 τοῦ
570 3167 723 3237 Σήμ,
762 3169 861 3223 καί
902 3171 1074 3225 ἔσται
1110 3171 1351 3225 Χαναὰν
1381 3172 1521 3239 παῖς
1549 3169 1724 3241 αὐτῷ.
1744 3173 1905 3245 Ὁρᾷς

231 3252 359 3316 πῶς
394 3254 667 3326 πατρικὴν
687 3254 1054 3311 ἐπιδείκνυται
1074 3257 1174 3328 τὴν
1205 3259 1492 3330 τιμωρίαν,
1527 3262 1904 3332 σωφρονισμὸν

232 3336 416 3395 οὖσαν
430 3342 627 3412 μᾶλλον
652 3342 1018 3415 η’τιμωρίαν;
1065 3347 1254 3416 Πατὴρ
1287 3346 1395 3417 7&9
1425 3343 1515 3420 ἦν,
1563 3349 1659 3403 καὶ
1721 3349 1904 3422 πατὴρ

234 3427 609 3501 φιλόστοργος,
625 3431 719 3484 καὶ
746 3430 808 3484 οὐ
829 3431 927 3503 τὴν
948 3432 1105 3500 ἀξίαν
1134 3434 1384 3488 ἐϐούλετο
1411 3435 1565 3506 δίκην
1584 3437 1902 3506 ἐπαγαγεῖν,

232 3514 355 3569 ἀλλ’
387 3514 527 3569 ὥστε
547 3517 647 3589 τὴν
673 3521 750 3583 εἰς
783 3518 845 3572 τὸ
868 3520 1056 3591 πρόσω
1086 3520 1283 3575 κακίαν
1316 3523 1566 3593 ἐγκόψαι.
1605 3525 1702 3579 Διά
1726 3525 1901 3592 τοῦτο,

233 3603 394 3675 φησὶ,
416 3604 630 3677 δουλείᾳ
664 3623 723 3659 σε
746 3607 1114 3675 καταδικάζω,
1153 3609 1240 3663 ἵνα
1266 3610 1489 3682 διηνεκῆ
1517 3613 1608 3665 καὶ
1630 3612 1904 3677 ἀνεξάλει-

233 3708 371 3746 πτον
398 3693 530 3765 ἔχῃς
553 3694 652 3768 τὴν
680 3695 1005 3768 ὑπόμνησιν.
1032 3692 1167 3752 Εἶτά
1194 3715 1347 3770 φησν
1375 3703 1679 3756 Πλατύναι
1700 3705 1734 3757 ό
1763 3702 1906 3770 Θεὸς

231 3778 321 3845 τῷ
363 3780 568 3850 Ἰώςρεθ,
600 3783 701 3837 καί
728 3784 1135 3853 κατοικησάτω
1171 3787 1243 3840 ἐν
1270 3787 1393 3853 τοῖς
1419 3789 1771 3859 σκηνώμασι
1798 3793 1905 3846 τοῦ

233 3865 390 3936 Σὴμ,
449 3870 547 3925 καὶ
600 3871 904 3941 γενηθήτω
961 3876 1203 3928 Χαναὰν
1238 3876 1382 3940 παῖς
1409 3877 1619 3933 αὑτοῦ.
1657 3880 1903 3953 Μεγίστη

236 3953 409 4009 πάλιν
454 3955 592 4028 αὐτη
623 3958 656 4029 ἠ
705 3959 942 4029 εὐλογία,
973 3961 1115 4030 τάχα
1150 3962 1270 4015 τινά
1305 3964 1679 4035 κεκρυμμένον
1709 3966 1905 4037 ἔχουσα

237 4042 532 4115 θησαυρόν.
564 4046 868 4100 Πλατύναι
921 4047 1050 4118 7&9,
1101 4049 1285 4119 φησὶν,
1318 4052 1350 4102 ό
1393 4050 1536 4116 Θεὸς
1577 4050 1657 4116 τῷ
1685 4053 1901 4121 Ἰάφεθ.

236 4131 354 4185 οὐκ
380 4131 446 4185 ἀν
472 4149 556 4196 τις
574 4132 809 4205 ἁμάρτοι
840 4134 1008 4188 εἰπὼν
1026 4136 1358 4207 προφητείαν
1380 4132 1520 4192 εἶναι
1546 4138 1904 4209 τάςεύλογίας

231 4219 332 4273 τοῦ
357 4219 585 4274 δικαίου.
600 4220 663 4274 El
675 4222 783 4293 7&9
797 4225 826 4276 6
844 4222 1023 4296 πατὴρ
1038 4224 1318 4295 αὐτοῦιούχ
1333 4225 1517 4290 ἁπλῶς
1529 4226 1647 4279 οὐδὲ
1662 4226 1784 4299 εἰκῆ
1805 4228 1902 4299 τὴν

231 4308 608 4379 προσηγορίαν
632 4309 782 4381 αὐτῷ
820 4310 1109 4382 ἐπέθηκεν,
1141 4311 1278 4366 ἀλλά
1316 4315 1669 4384 προφητεύων
1699 4315 1787 4370 διά
1808 4315 1900 4370 τοῦ

231 4394 498 4465 ὀνόματος
524 4397 585 4449 r6
612 4396 803 4468 μέλλον
832 4397 1057 4452 ἔσεσθαι
1085 4400 1394 4453 κλυδώνιονο
1430 4401 1607 4472 πολλῷ
1649 4403 1849 4474 μᾶλλον
1874 4408 1903 4459 ὁ

231 4482 443 4547 δίκαιος
489 4476 645 4549 οὗτος
685 4485 788 4538 οὐκ
835 4485 902 4540 ἂν
937 4487 1123 4551 ἁπλῶς
1171 4488 1291 4541 οὐδὲ
1318 4488 1495 4558 μάτην
1527 4491 1623 4552 τὰς
1653 4491 1904 4561 εὐλογίας

233 4567 550 4639 ἐποιήσατο.
592 4569 693 4622 Διά
714 4570 823 4641 γὰρ
844 4569 953 4625 τῶν
992 4572 1255 4639 εὐλογιῶν
1281 4573 1505 4637 τούτων,
1536 4573 1627 4629 τοῦ
1655 4575 1775 4647 Σήμ
1809 4578 1903 4633 καὶ

229 4654 328 4709 τοῦ
371 4655 570 4726 Ἰάφεθ,
596 4657 706 4710 τῶν
733 4657 825 4711 δύο
857 4657 1002 4712 λαῶν
1038 4660 1365 4714 αἰνίττεσθαι
1400 4662 1562 4716 αὐτὸν
1604 4658 1757 4733 οῐμαι
1804 4664 1901 4735 τὴν

230 4741 448 4812 κλῆσιν·
475 4744 570 4796 καὶ¹
598 4742 685 4798 διά
726 4744 826 4815 μὲν
858 4744 948 4799 τοῦ
986 4745 1125 4816 Σὴμ,
1151 4748 1277 4811 τοὺς
1331 4747 1639 4813 Ἰουδαίους
1669 4749 1727 4816 ἐξ
1756 4752 1901 4804 ἐκεί-

229 4846 327 4883 νου
359 4829 465 4901 γὰρ
497 4831 527 4883 6
576 4832 921 4901 πατριάρχης
975 4833 1244 4904 ’Δϐραάμ,
1284 4834 1459 4888 καὶτὸ
1490 4834 1597 4888 τῶν
1638 4837 1902 4891 Ἰουδαίων

228 4915 525 4970 ἐπιδέδωκε
546 4918 723 4987 γένος’
750 4918 840 4971 διὰ
877 4919 932 4973 δὲ
960 4919 1052 4973 τοῦ
1082 4921 1280 4990 Ἰάφεθ,
1311 4921 1409 4993 τὴν
1439 4922 1545 4975 τῶν
1570 4922 1738 4976 ἐθνῶν
1772 4924 1902 4995 κλῆ-

234 5018 338 5057 σιν.
379 5005 520 5076 Ὅρα
546 5004 656 5076 7&9
680 5007 775 5059 καὶ
817 5007 1019 5078 ταύτην
1063 5010 1160 5080 τὴν
1193 5011 1441 5079 εὐλογίαν
1482 5009 1640 5065 τοῦτο
1688 5029 1901 5083 προμη-

229 5091 485 5146 νύουσαν.
518 5095 824 5147 Πλατύναι
850 5094 976 5166 γὰρ,
1005 5098 1188 5167 φησὶν,
1216 5100 1249 5151 ό
1280 5099 1422 5164 Θεὸς
1438 5100 1518 5164 τῷ
1552 5098 1767 5168 ’1ιίφεθ,
1801 5099 1900 5154 καὶ

228 5180 647 5248 κατοικησάτω
676 5182 746 5234 ἐν
773 5181 898 5247 τοῖς
922 5183 1281 5252 σκηνώμασι
1302 5186 1409 5239 τοῦ
1435 5187 1581 5255 Σήμ.
1612 5186 1782 5239 Τοῦτο
1810 5187 1901 5240 ἐπὶ

228 5266 343 5321 τῶν
374 5266 541 5320 ἐθνῶν
569 5270 646 5331 εἰς
670 5268 829 5339 ἔργον
852 5269 1149 5340 ἐκϐεϐηκὸς
1174 5271 1406 5341 ὁρῶμεν.
1433 5273 1530 5327 Διά
1551 5274 1651 5343 μὲν
1680 5275 1787 5345 γὰρ
1807 5273 1900 5327 τοῦ

229 5355 429 5418 εἰπεῖν,
452 5355 778 5417 Πλατύναι,
796 5355 863 5409 τὰ
877 5355 1004 5425 ἔθνη
1018 5356 1191 5410 πάντα
1208 5358 1445 5429 ᾐνίξατοο
1464 5360 1551 5413 διὰ
1569 5361 1626 5416 δέ
1641 5362 1733 5415 τοῦ
1748 5361 1898 5436 [292]

231 5443 428 5506 εἰπεῖν,
465 5443 887 5511 Κατοικησάτω
933 5445 1004 5498 ἐν
1049 5445 1175 5510 τοῖς
1204 5449 1563 5520 σκηνώμασι
1612 5451 1717 5506 τοῦ
1748 5452 1895 5521 Σὴμ,

229 5526 314 5581 ὃτι
337 5528 444 5581 τῶν
468 5531 582 5592 τοῖς
616 5530 888 5595 Ἰουδαίοις
909 5533 1371 5601 εὐτρεπισθέντων
1417 5538 1511 5590 καὶ
1551 5539 1775 5602 ἐκείνοις
1798 5557 1905 5594 πα-

233 5616 714 5686 ρασκευασθέντων
743 5619 810 5673 τὰ
833 5619 960 5689 ἔθνη
980 5621 1078 5691 τὴν
1116 5622 1412 5677 ἀπόλαυσιν
1432 5624 1578 5696 ἔσχε.
1596 5627 1705 5681 Καὶ
1724 5645 1900 5698 γενη-

230 5700 399 5772 θήτω
424 5705 666 5760 Χαναὰν
697 5707 835 5773 παῖς
859 5708 1066 5764 αὐτοῦ.

303 5790 371 5860 η’.
399 5788 551 5857 Εἶδες
581 5795 699 5858 οἵας
725 5795 914 5850 ἔλαϐον
942 5798 1035 5850 καὶ
1063 5789 1204 5852 οὗτοι
1231 5798 1331 5869 τῆς
1361 5801 1770 5875 εὐγνωμοσύνης
1804 5805 1897 5870 τὰς

296 5982 325 6015 ⁸
351 5983 499 6034 δευὶι.
515 5983 562 6031 in
583 5995 734 6039 marg.
764 5986 883 6043 conj.
910 5983 966 6042 ἧς
988 5985 1026 6032 εἰ
1049 5984 1186 6042 αὐτὸς
1205 5985 1345 6035 αὐτὸν
1366 5990 1423 6036 δι’
1444 5985 1632 6035 ἑαυτοῦ.

1382 423 1451 481 IN
1484 424 1636 481 CAP.
1673 423 1744 478 I‘X
1783 421 2029 482 GENES.
2070 421 2303 482 HOMIL.
2343 422 2536 481 XXIX.

3582 418 3691 473 972

2015 541 2270 612 ἀμοιϐὰς,
2310 540 2405 595 καὶ
2438 538 2610 610 πόσην
2639 539 2843 603 ἐκείνος
2880 537 2968 594 διά
2994 539 3093 611 τῆς
3138 536 3466 611 προπετείας
3487 534 3683 591 ἐαυτοῦ

2020 629 2381 682 κατεσκέδασε
2397 626 2496 696 τὴν
2523 626 2768 698 ἀτιμίαν.
2814 626 2999 679 Ταῦτα
3032 626 3296 697 διηνεκῶς
3322 625 3535 697 ἔχωμεν
3567 625 3689 677 ἐπυ-

2019 714 2378 787 γεγραμμένα
2401 717 2469 786 τῇ
2493 712 2701 786 διανοίᾳ
2728 716 2795 785 τῇ
2817 714 3091 785 ἡμετέρᾳ,
3127 714 3216 768 ἵνα
3242 714 3349 767 τῶν
3382 712 3480 782 μὲν
3517 727 3689 782 μιμη-·

2016 803 2107 857 ταὶ
2131 803 2224 857 καί¹
2262 802 2500 874 ζηλωταὶ
2549 803 2800 872 γενέσθαι
2840 802 3176 874 δυνηθῶμεν,
3207 802 3300 855 τοῦ
3326 802 3404 859 δέ.
3424 801 3689 870 φύγωμεν

2015 890 2077 943 τὸ
2112 890 2384 962 μοχθηρὸν
2407 893 2505 961 τῆς
2524 889 2767 963 γνώμης,
2797 890 2893 944 καὶ
2916 890 3014 961 τῆς
3036 888 3368 961 προπετείας
3392 886 3491 959 τὴν
3524 888 3689 959 ὑπερ-

2016 978 2199 1050 ϐολήν.
2235 980 2345 1033 Καὶ
2367 977 2563 1047 ἔζησε,
2604 979 2758 1050 φησι,
2785 977 2915 1033 Νῶε
2935 977 3088 1048 μετὰ
3117 977 3226 1031 τὸν
3250 975 3688 1045 κατακλυσμὸν

2015 1067 2120 1135 ἐτη
2151 1069 2460 1137 τριακόσια
2502 1068 2899 1135 πεντήκονταο
2953 1065 3364 1136 καί’ἐγένοντο
3393 1066 3583 1120 πᾶσαι
3625 1069 3687 1121 αι

2015 1155 2226 1224 ἡμέραι
2248 1154 2375 1210 Νῶε
2404 1156 2732 1209 ἐννακόσια
2745 1155 3126 1223 πεντήκοντα
3137 1154 3262 1223 ἐτη,
3278 1154 3378 1209 καὶ
3401 1154 3682 1209 ἀπέθανε.

2014 1240 2107 1312 Μὴ
2144 1241 2372 1312 νομίσῃς
2412 1242 2469 1295 δέ
2500 1241 2659 1296 τοῦτο
2703 1241 2891 1306 ἁπλῶς
2936 1241 3354 1311 ἐκσημήνασθαι
3401 1240 3501 1312 τὴν
3533 1239 3685 1293 θείαν

2013 1329 2259 1399 Γραφὴν,
2290 1330 2408 1383 ἀλλ’
2433 1330 2534 1401 δρα
2563 1331 2658 1384 καὶ
2706 1328 2954 1384 ἐντεῦθεν
2993 1328 3088 1382 τοῦ
3129 1328 3339 1383 δικαίου
3358 1328 3460 1400 τὴν
3488 1328 3686 1399 ἐγκρά-

2013 1433 2163 1469 τειαν
2194 1416 2275 1469 ὅτι
2311 1415 2433 1470 οὔτε
2464 1417 2648 1480 ἀδείας
2684 1417 2776 1470 καὶ
2810 1416 3045 1480 ἀνέσεως
3073 1415 3404 1480 ἀπολαύσας,
3428 1415 3524 1469 καὶ
3558 1431 3684 1470 τοσ-

2013 1503 2170 1558 οῦτον
2194 1504 2428 1576 ἀριθμὸν
2459 1504 2595 1559 ἐτῶν
2623 1505 2908 1577 ἐπιζήσας,
2946 1505 3084 1576 μετά
3115 1505 3211 1575 τὴν
3245 1504 3355 1558 ἀπὸ
3387 1505 3487 1574 τῆς
3517 1503 3686 1558 κιϐωο

2012 1589 2106 1644 τοῦ
2154 1590 2365 1657 ἐξοδον,
2420 1590 2768 1653 παιδοποιίας
2820 1591 3079 1662 ἠνέσχετο
3126 1590 3331 1645 λοιπόν.
3380 1590 3518 1655 οὐδέ
3575 1590 3686 1662 7&9

2013 1677 2417 1750 ἐμνημόνευσεν
2467 1678 2500 1749 ἡ
2533 1677 2747 1747 Γραφὴ,
2778 1677 2860 1730 ὅτι
2889 1678 3105 1750 ἐτέρους
3128 1677 3252 1747 ἔσχε
3296 1676 3515 1740 παῖδας,
3546 1677 3691 1745 πλὴν

2011 1764 2216 1819 τούτων
2267 1764 2376 1818 τῶν
2416 1764 2605 1838 τριῶν.
2644 1764 2921 1818 Ἐντεῦθεν
2970 1764 3127 1818 πάλιν
3176 1762 3515 1833 λογίζουκτοῦ
3552 1763 3686 1834 Χάμ

2011 1853 2111 1922 τὴν
2140 1851 2341 1924 πολλὴν
2369 1851 2573 1923 ταύτην
2605 1851 2920 1915 ἀκολασίαν,
2948 1852 3029 1905 ὅτι
3049 1850 3173 1905 οὔτε
3193 1851 3283 1905 τὸν
3317 1851 3526 1922 πατέρα
3545 1850 3705 1923 ὁρῶν.

2009 1940 2280 2011 τοσαύτην
2304 1939 2746 2010 ἐπιδεικνύμενον
2770 1939 3097 2011 ἐγκράτειαν
3132 1939 3548 2011 ἐσωφρονίζετο,
3570 1938 3690 1991 ἀλλ’

2009 2027 2104 2080 ἀπ’
2135 2027 2381 2091 ἐναντίας
2428 2027 2506 2098 τῷ
2538 2026 2889 2098 γεγεννηκότι
2926 2026 3141 2080 ἅπαντα
3174 2026 3544 2098 διεπράττετο.
3595 2025 3688 2078 Διδ

2010 2114 2105 2167 καὶ
2128 2114 2353 2178 εἰκότως
2384 2113 2527 2167 ἅπαν
2553 2113 2614 2166 τὸ
2645 2112 2705 2178 ἐξ
2729 2112 2901 2167 αὐτοῦ
2934 2113 3089 2181 γένος
3119 2116 3185 2185 τῇ
3219 2113 3433 2184 δουλείᾳ
3471 2113 3688 2166 κατεδι-

2009 2199 2228 2267 κάζετο,
2250 2200 2338 2254 ἵνα
2359 2199 2575 2270 χαλινὸν
2601 2198 2697 2270 ἔχῃ
2722 2200 2818 2271 τῆς
2842 2199 3124 2271 μοχθηρᾶς
3144 2199 3541 2271 προαιρέσεως.“
3552 2194 3689 2253 Εἶτα

2008 2288 2256 2342 ἐντεῦθεν
2279 2288 2610 2360 διηγουμένη
2642 2291 2675 2359 ἡ
2712 2288 2831 2341 θεία
2865 2288 3055 2360 Γραφὴ
3079 2288 3207 2352 τοὺς
3230 2290 3293 2341 ἐκ
3335 2288 3442 2342 τῶν
3475 2288 3684 2342 παίδων

2006 2374 2318 2445 τεχθέντας,
2339 2376 2492 2448 φησί’
2513 2376 2641 2444 Χὰμ
2667 2375 2733 2428 δὲ
2753 2375 3045 2445 ἐγέννησε
3070 2374 3176 2429 τὸν
3202 2376 3374 2441 Χούς·
3395 2375 3487 2428 καὶ
3501 2375 3683 2428 πάλινο

2007 2462 2163 2529 Χοὺς
2191 2461 2258 2515 δὲ
2272 2462 2564 2532 ἐγέννησε
2588 2462 2696 2517 τὸν
2737 2460 2988 2532 Νεϐρώδ.
3057 2459 3247 2530 Οὗτος
3272 2463 3495 2531 ἤρξατο
3531 2458 3686 2517 εἶναι

2007 2550 2176 2620 γίγας
2204 2549 2301 2602 ἐπί
2331 2548 2441 2618 τῆς
2489 2550 2620 2619 γῆς.
2664 2545 2853 2617 Οὗτος
2898 2546 2978 2621 ἦν
3005 2550 3176 2620 γίγας
3214 2550 3477 2620 κυνηγὸς
3506 2551 3686 2604 ἐναν-

2006 2638 2138 2691 τίον
2168 2638 2412 2705 Kvplov.
2458 2637 2568 2694 Καί
2618 2655 2765 2702 τινες
2817 2638 2915 2710 μέν
2958 2655 3090 2709 φασι
3128 2637 3189 2691 τὸ
3222 2638 3534 2693 Ἐναντίον
3571 2641 3686 2691 Κυ-

1998 2734 2159 2802 ρίου,
2211 2734 2331 2787 ἀντὶ
2387 2734 2481 2788 τοῦ
2535 2734 2943 2806 ἐναντιούμενος
2987 2733 3065 2804 τῷ
3121 2732 3263 2805 Θεῷο
3323 2732 3433 2801 ἐγὼ
3485 2732 3540 2786 δέ
3586 2733 3687 2802 οὐχ

2006 2827 2247 2898 ἠγοῦμαι
2298 2827 2456 2881 τοῦτο
2523 2828 2851 2883 αἰνίττεσθαι
2894 2830 2994 2901 τὴν
3053 2827 3204 2881 θείαν
3267 2827 3512 2899 Γραφὴν,
3565 2827 3687 2880 ἀλλ’

2006 2924 2086 2976 ὅτι
2111 2923 2326 2994 ἰσχυρός
2342 2941 2424 2987 τις
2443 2918 2509 2995 ἦν
2538 2924 2631 2978 καὶ
2665 2925 2925 2996 ἀνδρεῖος.
2958 2923 3032 2977 Τὸ
3051 2922 3108 2976 δέ
3136 2921 3425 2978 ἀπέναντι
3463 2923 3685 2992 Κυρίου

2007 3018 2114 3073 τοῦ
2151 3017 2323 3085 Θεοῦ,
2353 3019 2491 3089 ἀντὶ,
2520 3019 2637 3085 τοῦ,
2670 3019 2761 3073 ὐπ’
2809 3017 2973 3073 αὐτοῦ
3026 3017 3351 3090 παραχθεὶς,
3400 3016 3491 3071 ὐπ’
3517 3016 3685 3070 αὐτοῦ

2006 3102 2297 3185 δεξάμενος
2349 3112 2443 3167 τοῦ
2486 3113 2620 3167 Θεοῦ
2680 3113 2779 3184 τὴν
2829 3113 3078 3183 εὐλογίαν
3115 3114 3167 3179 δ,
3199 3113 3233 3183 ἤ
3271 3113 3353 3166 ὅτι
3384 3111 3617 3183 ἤμελλεν
3654 3116 3685 3167 6

2007 3208 2139 3273 Θεδς
2160 3209 2231 3262 δι’
2250 3208 2414 3264 αὐτοῦ
2445 3204 2839 3281 θαυμάζεσθαι,
2865 3209 2941 3273 ὡς
2959 3208 3201 3263 τοιοῦτον
3221 3205 3559 3279 παραγαγὼν
3590 3209 3684 3260 καὶ

2006 3304 2185 3372 δείξας
2222 3306 2315 3359 ἐπὶ
2354 3305 2452 3376 τῆς
2487 3307 2609 3376 γῆς.
2649 3306 2809 3359 Ἀλλὰ
2850 3305 2945 3360 καὶ
2976 3298 3130 3369 οὗτος
3156 3305 3319 3359 πάλιν
3352 3302 3688 3375 μιμούμενος

2006 3402 2096 3456 τὸν
2123 3402 2406 3476 πρόγονον,
2444 3402 2538 3456 καὶ
2567 3401 2667 3454 οὐκ
2694 3403 2773 3465 εἰς
2797 3401 2914 3455 δέον
2948 3402 3289 3474 χρησάμενος
3319 3402 3433 3463 τοῖς
3457 3399 3557 3469 τῆς
3584 3395 3688 3467 φύ-

2009 3516 2146 3564 σεως
2172 3500 2605 3571 προτερήμασιν,
2641 3498 2827 3571 ἓτερον
2848 3497 3089 3562 δουλείας
3118 3498 3314 3568 ἐφεῦρε
3346 3495 3564 3567 τρόπον,
3590 3492 3685 3547 καὶ

2005 3596 2187 3668 ἄρχων
2218 3596 2309 3649 καὶ
2337 3595 2588 3665 βασιλεὺς
2616 3594 2864 3664 γενέσθαι
2898 3596 3243 3667 ἐπεχείρησε.
3278 3592 3541 3655 Βασιλεὺς
3571 3589 3685 3663 γάρ

2005 3692 2105 3746 οὐκ
2142 3691 2209 3746 ἂν
2242 3691 2452 3761 γένοιτό
2482 3708 2611 3745 ποτε
2638 3690 2712 3762 μὴ
2742 3690 2910 3744 ὄντων
2938 3691 3046 3745 τῶν
3074 3689 3413 3761 ἀρχομένων.
3442 3686 3589 3757 Αὕτη
3627 3686 3686 3740 δὲ

2005 3789 2153 3843 δοκεῖ
2178 3789 2277 3861 μὲν
2304 3789 2502 3860 μᾶλλον
2527 3787 2808 3858 ἐλευθερία
2836 3783 2973 3841 εἶναι
2998 3803 3009 3815 ·
3045 3786 3258 3841 δουλεία
3286 3785 3351 3839 δέ’
3378 3785 3493 3838 ἐστι
3528 3782 3689 3855 χαλε-

2006 3886 2229 3955 πωτάτη
2268 3884 2326 3937 ἐν
2370 3884 2679 3955 ἐλευθερίας
2720 3883 2892 3950 τάξει,
2935 3883 3045 3953 ὅσῳ
3091 3881 3186 3935 καὶ
3230 3881 3339 3934 τῶν
3384 3879 3686 3951 ἐλευθέρων

2007 3981 2219 4052 κρατεῖ.
2257 3979 2366 4032 Καὶ
2388 3980 2489 4049 ὅρα
2512 3979 2612 4049 τὴν
2642 3976 2971 4043 πλεονεξίαν,
3004 3978 3103 4029 ὅσα
3133 3977 3295 4028 ποιεῖ·
3334 3977 3435 4045 ὅρα
3458 3972 3551 4026 τοῦ
3580 3973 3686 4027 σώ-

2008 4092 2175 4149 ματος
2199 4073 2294 4145 τὴν
2319 4074 2470 4143 ἰσχὺν
2499 4073 2562 4127 οὐ
2595 4074 2862 4143 μένουσαν
2887 4073 2980 4126 ἐπὶ
3008 4071 3116 4125 τῶν
3138 4071 3352 4124 οἰκείων
3372 4071 3535 4140 ὅρων,
3564 4067 3680 4121 ἀλλ’

2004 4171 2090 4225 ἀεὶ
2114 4167 2207 4223 τοῦ
2247 4168 2486 4231 πλείονος
2510 4168 2821 4238 ἐφιεμένην,
2849 4167 3059 4239 καὶτῆς
3086 4166 3244 4237 δόξης
3268 4165 3604 4236 ὀρεγομένην
3626 4175 3676 4219 ι’.

2004 4267 2079 4319 Οὐ
2104 4264 2212 4336 γὰρ
2233 4264 2309 4327 ὡς
2332 4263 2725 4334 προϊστάμενος
2747 4261 2945 4329 αὐτῶν,
2970 4263 3288 4328 ὐπέταττεν,
3313 4260 3449 4315 ἀλλά
3470 4261 3562 4314 καί
3586 4260 3685 4314 πό-

2002 4361 2115 4424 λεις
2141 4359 2427 4432 ᾠκοδόμει,
2465 4359 2553 4413 ἵνα
2583 4359 2723 4430 ἄρχῃ
2763 4359 2872 4412 τῶν
2912 4358 3206 4430 πολεμίων.
3259 4356 3520 4412 Ἐκεῖθεν
3547 4355 3680 4427 γὰρ.

2004 4456 2190 4527 φησὶν,
2231 4455 2300 4508 ἐκ
2346 4453 2456 4522 τῆς
2502 4452 2611 4521 γῆς
2642 4453 2880 4522 ἐκείνης
2917 4453 3177 4521 ἐξῆλθεν
3208 4456 3241 4507 ό
3275 4450 3553 4519 Ἀσσοὺρ,
3584 4448 3684 4505 καί

2002 4548 2351 4619 ᾠκοδόμησε
2371 4548 2488 4616 τὴν
2511 4549 2734 4604 Νινευί.
2766 4548 2963 4603 Σκόπει
2995 4566 3083 4619 μοι
3104 4547 3265 4601 πάλιν
3287 4545 3539 4610 ἐνταῦθα,
3564 4545 3682 4610 πῶς

2003 4645 2152 4700 οὐδὲν
2185 4645 2503 4717 λυμαίνεται
2536 4645 2635 4717 τὴν
2668 4646 2943 4717 ἡμετέραν
2972 4645 3187 4716 φύσινῆ
3222 4643 3389 4698 κακία
3412 4641 3521 4695 τῶν
3550 4659 3685 4713 προ-

2003 4742 2195 4811 γόνων.
2226 4733 2384 4795 Οὗτοι
2401 4741 2507 4813 γὰρ
2529 4742 2579 4794 οἱ
2603 4740 2898 4805 Νινευϊται,
2926 4743 2974 4793 οί
2995 4741 3095 4811 τὴν
3115 4740 3208 4793 τοῦ
3233 4736 3367 4792 Θεοῦ
3388 4736 3685 4808 φιλανθρω-

2004 4839 2132 4892 πίαν
2154 4835 2304 4909 [295]
2320 4837 2408 4891 διά
2422 4837 2521 4907 τῆς
2542 4837 2832 4908 μετανοίας
2847 4836 3299 4905 ἐπισπασάμενοι,
3324 4834 3416 4888 καῖ
3436 4833 3536 4904 τὴν
3555 4833 3684 4887 ἀπόέ

2004 4952 2166 5004 φασιν
2184 4933 2276 4990 τοῦ
2297 4933 2565 4986 Δεσπότου
2596 4932 3078 5003 ἀνακαλεσάμενοι,
3115 4926 3258 4984 οὗτοι
3297 4930 3393 5001 μὲν
3419 4930 3681 5003 πρότερον

2003 5028 2159 5099 ἔσχον
2188 5028 2508 5099 προπάτορα
2538 5025 2629 5080 τὸν
2666 5026 2817 5099 Χάμ,
2852 5025 2941 5080 τὸν
2973 5024 3304 5097 πατραλοίαν
3333 5027 3560 5077 ἐκεῖνον·
3586 5023 3683 5076 ἐπ-

2004 5142 2120 5178 ειτα
2150 5124 2240 5177 τὸν
2270 5121 2516 5194 Νεϐρὼδ,
2540 5122 2825 5193 ἄνθρωπον
2853 5121 3111 5194 τύραννον
3140 5123 3233 5176 κα)⁵
3262 5120 3493 5189 αὐθάδη,
3517 5120 3677 5189 ἔγγο-

2003 5238 2091 5277 νον
2145 5219 2416 5292 ἐσχηκότα
2458 5218 2548 5274 τὺν
2582 5218 2832 5291 Ἀσσούρ.
2858 5218 3118 5288 Λέγονται
3143 5217 3197 5270 δὲ
3230 5217 3359 5279 ἴσως
3386 5215 3477 5270 καὶ
3501 5214 3679 5287 ἕτεροι

2003 5317 2327 5389 γεγενῆσθαι
2356 5319 2412 5369 ἐν
2436 5316 2619 5379 αὐτοῖς
2647 5314 2844 5385 βλᾶκες
2863 5316 2957 5369 καὶ
2978 5312 3448 5386 διατεθρυμμένοι,
3470 5309 3563 5365 καὶ
3585 5311 3676 5364 τὸν

2004 5416 2170 5488 ὐγρον
2205 5414 2299 5468 καὶ
2332 5413 2650 5486 διαρρέοντα
2674 5411 2873 5477 ζῶντες
2896 5412 3029 5482 βίον,
3065 5412 3202 5483 μέθῃ
3235 5411 3326 5463 καῖ
3356 5408 3551 5478 γέλωτι
3580 5408 3677 5462 καὶ

2002 5512 2210 5584 κώμοις
2240 5512 2331 5566 καὶ
2359 5510 2669 5581 χλευασίαις
2697 5509 2923 5571 ἑαυτοὺς
2943 5507 3316 5569 ἐκδεδωκότες·
3347 5505 3461 5559 ἀλλ’
3490 5503 3674 5575 ἐπειδὴ

2000 5607 2377 5679 ἠϐουλήθησαν
2404 5605 2604 5677 ἀκριϐῆ
2634 5604 2729 5676 τὴν
2770 5603 3059 5675 μετάνοιαν
3092 5599 3483 5665 ἐπιδείξασθαι.
3523 5598 3676 5654 οὐδὲν

2000 5704 2197 5767 αὐτοὺς
2230 5702 2531 5773 ἐλυμήνατο
2552 5701 2659 5754 τῶν
2682 5699 2961 5772 προγόνων
2981 5701 3014 5769 ή
3040 5698 3226 5763 κακία,
3251 5696 3387 5751 ἀλλά
3406 5693 3675 5766 τοσαύτην

2066 5862 2093 5901 ιι
2128 5864 2240 5913 fros
2264 5877 2380 5911 mss.
2404 5864 2489 5920 τήν
2512 5862 2780 5925 ἀναλογίαν,
2809 5861 3044 5925 alque_ita
3066 5857 3191 5918 legit
3217 5860 3478 5925 inl‘erpyes:

2000 5930 2085 6037 m:
2108 5927 2328 5983 Οιιειιηοι·
2355 5913 2468 5975 mss;
2497 5913 2779 5987 ὀρεγομένην
2801 5913 2887 5981 τὴ(
2911 5921 3065 5986 φύσιν,
3104 5913 3251 5982 άίίμιο
3276 5913 3358 5968 ἤιε
3381 5914 3503 5977 legit
3528 5913 3670 5959 νοιιις

2075 6000 2265 6050 crprcs.
