4078 6422
377 385 491 442 Ἦῗ)

322 516 328 520 ·
386 511 537 569 runt,
569 510 627 557 ut
662 517 833 574 usque
862 516 1006 560 nunc
1028 500 1333 558 celebretur
1359 497 1613 572 praeclara
1638 517 1827 559 eorum
1850 517 1964 573 pm-

392 594 643 649 nitentia.

465 683 678 738 Muralis
703 682 1076 737 exhortatio.-—
1091 681 1322 738 Proinde
1342 682 1462 736 illos
1479 690 1537 736 et
1561 697 1659 736 nos
1685 683 1974 747 imitemur,

390 783 445 830 et
470 791 591 828 cutn
619 774 852 830 sciamus
877 789 1049 845 neque
1075 784 1355 843 parentum
1380 774 1668 844 nequitiam
1696 788 1794 828 nos
1815 772 1978 828 laede-

392 881 476 928 re,
504 865 550 920 si
579 865 909 922 voluerimus
932 864 1269 934 resipiscere,
1301 880 1474 934 neque
1503 872 1782 933 parentum
1809 862 1978 916 virtu-

393 968 502 1014 tem
529 957 981 1026 nobis-prodesse,
1005 957 1052 1011 si
1082 955 1338 1012 fuerimus
1357 955 1706 1026 negligentes,
1729 968 1979 1024 magtmm

393 1051 466 1104 sit
483 1049 634 1102 nobis
651 1047 887 1103 studium
903 1047 1135 1111 virtutis,
1157 1053 1214 1101 et
1230 1054 1438 1117 gratam
1454 1045 1782 1100 voluntatem
1797 1051 1995 1098 esten--

395 1139 590 1194 damus
601 1174 622 1205 -,
652 1137 978 1193 ut-eamdem
1005 1152 1165 1208 quam
1188 1136 1316 1192 Sem
1340 1147 1393 1192 et
1421 1134 1651 1205 Japbeth
1686 1147 1984 1204 consequa-

397 1248 521 1286 mur
547 1231 976 1288 benedictionem
1009 1247 1025 1286 :
1065 1237 1124 1285 et
1163 1237 1279 1284 uta
1321 1227 1696 1284 mledictione
1721 1235 1778 1282 et
1815 1225 1986 1282 servi-

401 1333 536 1387 tute,
565 1337 724 1393 quam
748 1321 1005 1377 Chanaan
1041 1320 1284 1391 accepit,
1309 1320 1622 1386 liberemur,
1646 1326 1703 1374 et
1727 1332 1797 1373 ne
1823 1316 2012 1372 simus-

401 1413 550 1469 servi
577 1410 803 1484 peccati,
824 1410 921 1468 sed
941 1427 1122 1468 veram
1146 1410 1480 1482 possidentes
1506 1411 1828 1476 libertatem,
1852 1406 1990 1462 inel-

403 1503 585 1560 fabilia
611 1502 750 1558 bona
775 1501 1160 1571 adipiscamur,
1196 1501 1369 1572 gratia
1393 1509 1450 1557 et
1473 1498 1839 1554 misericordia
1882 1496 1993 1551 Do-

410 1594 542 1648 mini
569 1592 739 1648 nostri
764 1592 890 1648 .lesu
913 1591 1140 1658 Christi,
1161 1605 1281 1648 cum
1301 1604 1408 1662 quo
1428 1589 1591 1656 Patri,
1613 1587 1773 1644 simul
1797 1596 1852 1643 et
1873 1585 2006 1656 Spi-

408 1684 536 1740 ritui
561 1691 747 1740 sancto
769 1681 838 1740 sit
860 1682 1054 1754 gloria,
1073 1681 1383 1752 imperium,
1402 1680 1597 1748 honor,
1617 1693 1763 1737 nunc
1778 1687 1832 1737 et
1855 1691 1996 1736 sem-

408 1789 530 1846 per,
557 1775 690 1831 etin
713 1774 1030 1830 saeculorum
1054 1773 1269 1828 saecula.
1301 1772 1497 1828 Amen.

963 1903 1242 1961 HOMILIA
1279 1902 1452 1959 XXX;

453 2018 520 2075 Et
545 2029 657 2076 erat
671 2019 834 2075 omnis
859 2028 994 2074 terra
1014 2018 1203 2072 labiam
1223 2033 1402 2083 unum,
1424 2025 1472 2071 et
1490 2031 1588 2071 eoa:
1612 2031 1714 2070 una
1735 2013 1965 2070 omnibus

1019 2108 1171 2179 (Gen.
1202 2109 1264 2164 ll
1322 2107 1398 2181 l).

492 2246 542 2300 l.
574 2245 615 2298 Α
655 2243 956 2315 negligentia
981 2241 1240 2297 auditores
1258 2241 1452 2297 avertit.
1495 2239 1756 2312 Confessio
1775 2248 2008 2311 peccato-

417 2353 556 2391 rum.
581 2335 630 2388 11
637 2352 742 2390 orae
762 2335 980 2407 majores
1000 2334 1076 2388 uel
1096 2333 1317 2386 minores
1338 2348 1430 2402 pro
1451 2331 1766 2401 longitudine
1787 2330 2008 2386 dierum.

420 2425 526 2479 Cur
559 2442 744 2497 magna
773 2426 970 2479 dicatur
1005 2424 1112 2479 lucc
1150 2422 1487 2477 Iwbdomada.
1513 2451 1584 2462 —-
1609 2421 1751 2477 Ecce
1791 2419 2007 2476 tandem

421 2520 489 2575 ad
537 2519 695 2574 linem
739 2529 939 2575 sancta:
976 2516 1409 2588 Quadragesimte
1445 2515 1711 2581 venimus,
1737 2522 1792 2569 et
1821 2512 2009 2582 jejunii

422 2611 810 2682 navigationem
841 2611 1160 2680 perfecimus
1182 2650 1198 2675 ,
1230 2607 1665 2679 appulimusque,
1695 2605 1789 2661 Dei
1813 2605 2008 2676 gratia,

425 2699 972 2771 iii-portum..\lerum
1009 2714 1118 2754 non
1161 2697 1286 2754 ideo
1330 2697 1656 2768 negligentes
1686 2696 1874 2762 simus,
1915 2693 2010 2751 sed

426 2795 528 2849 hac
552 2793 619 2848 de
648 2807 806 2848 causa
852 2791 1043 2846 iterum
1074 2790 1247 2860 majus
1283 2788 1516 2844 studium
1536 2828 1553 2854 ,
1594 2787 1851 2856 majorem
1889 2785 2013 2842 dili-

425 2886 658 2956 gentiam
677 2924 692 2948 ,
723 2884 1087 2954 majoremque
1125 2881 1449 2951 vigilantiam
1483 2878 1852 2936 exhibeamus.
1880 2876 2018 2932 Nam

427 2975 741 3031 etanaucleri
763 2990 885 3028 cum
909 2989 1002 3044 per
1029 2972 1193 3027 multa
1220 2973 1386 3026 maria
1410 2969 1736 3035 transierint,
1762 2980 1817 3024 et
1844 2967 2016 3037 plenis

429 3069 594 3132 velis,
620 3065 1225 3134 eductisque'mercibus
1252 3061 1356 3136 (a)
1385 3061 1438 3119 in
1483 3070 1694 3132 portum
1727 3059 2031 3130 ingressuri.

431 3158 663 3224 fuerint,
692 3165 802 3211 tum
833 3155 1120 3210 maximam
1161 3167 1348 3210 curam
1381 3161 1437 3208 et
1480 3150 1889 3208 sollicitudinem
1921 3163 2018 3219 ge-

431 3256 580 3314 mut,
604 3262 672 3301 ne
698 3247 752 3301 in
781 3243 1057 3315 scopulum
1086 3244 1174 3301 vel
1201 3245 1254 3299 in
1281 3251 1488 3313 petram
1511 3241 1796 3312 quamdam
1825 3240 2018 3310 impin-

431 3346 580 3408 gaut,
606 3353 725 3406 qua:
751 3350 939 3391 omnes
965 3335 1170 3406 priores
1194 3334 1410 3390 labores
1435 3331 1596 3387 simul
1618 3328 1912 3400 disperdat.
1945 3329 2018 3385 Ita

432 3442 646 3497 quoque
688 3427 887 3481 faciunt
910 3439 1159 3480 cursores
1191 3442 1204 3479 :
1232 3439 1352 3478 cum
1377 3422 1521 3479 enim
1543 3421 1611 3478 ad
1636 3421 1794 3477 finem
1817 3419 2020 3476 stadio-

436 3535 556 3574 rum
579 3518 892 3588 pecveniuut
912 3557 927 3582 ,
956 3514 1410 3572 vehementiorem
1438 3520 1654 3568 servant
1693 3526 1936 3580 cursum,
1967 3519 2024 3566 ut

437 3618 636 3663 metam
660 3609 946 3678 attingant,
966 3615 1022 3664 et
1046 3607 1261 3677 pmmia
1288 3613 1613 3660 mereantur.
1637 3603 1863 3659 Athletae
1893 3617 2026 3674 quo-

437 3716 547 3770 que
571 3709 692 3770 post
721 3700 944 3769 plurima
971 3696 1258 3755 certamina
1288 3705 1344 3752 et
1361 3695 1629 3762 victorias,
1659 3710 1780 3750 cum
1808 3709 1904 3764 pro
1930 3709 2026 3749 co-

438 3807 575 3847 rona
603 3791 914 3847 certandum
945 3799 1064 3855 est,
1110 3789 1300 3859 majori
1326 3788 1446 3844 nisu
1475 3788 1654 3843 omnia
1694 3787 1925 3854 faciunt,
1969 3796 2029 3841 ut

441 3894 660 3953 accepta
688 3898 886 3938 corona
925 3882 1139 3937 abeant.
1183 3881 1367 3952 itaque
1401 3879 1848 3950 quemadmodum
1893 3894 2025 3933 nau-

441 3974 598 4042 cieri,
623 3982 678 4029 et
702 3987 978 4040 cursores,
1008 3983 1064 4028 et
1088 3971 1338 4036 athletae,
1367 3971 1458 4025 ubi
1485 3970 1552 4025 ad
1583 3969 1743 4025 finem
1785 3970 2029 4036 veniunt,

445 4065 614 4134 magis
638 4065 915 4122 enituntur
950 4071 1006 4120 et
1040 4063 1260 4132 vigilant
1293 4077 1308 4114 :
1344 4061 1532 4116 eodem
1559 4061 1718 4117 modo
1748 4069 1917 4116 etnos
1947 4059 2029 4114 fa-

444 4155 650 4208 ciamus
673 4161 924 4223 oportet,
951 4153 1073 4223 quia
1116 4153 1170 4208 in
1210 4165 1452 4223 magnam
1483 4151 1619 4205 hanc
1643 4149 2031 4208 hebdomadam

1361 389 1616 448 IIl-CAP.
1660 391 1707 446 Χ
1745 390 1832 447 ΕΤ
1871 389 1962 447 XI.
2003 388 2249 447 GENES.
2290 387 2518 446 ιιοιιιι..
2559 387 2730 446 XXX.

3553 386 3661 443 274

2083 500 2224 556 Deus
2250 500 2554 556 hominibus
2577 500 2948 556 reconciliatus
2969 506 3072 564 est,
3099 498 3289 554 czclmu
3335 498 3664 569 penetrabile

2079 589 2276 644 factum
2302 599 2404 654 est,
2436 591 2680 646 homines
2706 605 2827 645 cum
2848 591 3056 660 angelis
3075 592 3350 646 commixti
3376 598 3519 656 sunt,
3544 607 3664 660 quae

2082 679 2348 734 distabant
2371 681 2649 750 etnijuneta
2672 689 2814 745 sunt,
2833 695 2990 749 sepes
3007 681 3233 747 sublata,
3254 691 3460 750 septum
3487 697 3638 736 remo
3653 712 3669 723 -

2085 779 2230 839 ttun,
2251 772 2392 828 Deus
2416 772 2561 842 pacis
2584 773 2802 842 pacifica
2841 772 2966 828 fecit
2987 774 3189 841 omnia,
3213 789 3331 845 qua:
3358 775 3413 828 in
3443 775 3592 829 caelis
3618 772 3672 827 et

2086 879 2204 932 qua:
2231 863 2285 917 in
2315 865 2491 918 terris.
2515 863 2628 918 llac
2646 865 2821 934 itaque
2839 864 2906 922 de
2931 879 3089 920 causa
3114 881 3359 935 magnam
3381 866 3673 922 hebdoma-

2088 953 2210 1008 dam
2240 969 2511 1021 vocamus,
2535 957 2656 1025 quia
2684 965 2884 1010 tantam
2919 956 3070 1012 nobis
3092 956 3354 1012 donorum
3377 957 3673 1011 multitudi-

2090 1060 2214 1098 nem
2243 1045 2295 1099 in
2332 1045 2418 1100 illa
2456 1045 2783 1116 largitusest
2812 1047 3086 1101 Dominus.
3119 1047 3186 1101 Et
3211 1046 3407 1101 idcirco
3432 1047 3586 1101 multi
3611 1056 3667 1101 et

2087 1133 2349 1203 jejunium
2379 1135 2686 1202 intendunt,
2703 1146 2758 1190 et
2786 1136 3011 1206 vigilias,
3051 1146 3107 1191 et
3133 1137 3561 1206 pernoctationes
3587 1149 3677 1189 sa-

2092 1240 2242 1289 cras,
2288 1235 2345 1281 et
2385 1226 2781 1297 eleemosynas,
2811 1226 2933 1281 hinc
2966 1225 3278 1282 exhibentes
3316 1241 3476 1292 eum,
3511 1241 3674 1296 quem

2095 1317 2444 1374 hebdomadas
2474 1318 2598 1374 huic
2624 1327 2899 1388 pra-stant,
2932 1317 3210 1379 bormrcm.
3241 1318 3372 1374 Nam
3414 1319 3461 1374 si
3496 1318 3683 1374 Domi-

2097 1426 2198 1466 nus
2227 1411 2514 1468 taliabona
2543 1413 2596 1466 in
2635 1413 2723 1466 illa
2755 1413 2912 1468 nobis
2937 1413 3176 1482 donavit,
3202 1414 3474 1484 quinnodo
3495 1430 3603 1469 non
3627 1423 3684 1469 et

2101 1517 2200 1558 nos
2217 1502 2494 1570 debemus,
2509 1513 2773 1574 quantum
2798 1520 3102 1575 possumus,
3132 1509 3484 1563 reverentiam
3505 1518 3559 1562 et
3583 1507 3682 1563 ho-

2101 1608 2288 1650 norem
2311 1595 2635 1649 ostendere?

2171 1681 2437 1738 .luuitiunt
2458 1685 2704 1738 indictum
2735 1686 3048 1740 hebdomade
3077 1696 3276 1740 sancta.
3303 1716 3376 1728 -—
3398 1687 3684 1742 Enimvero

2105 1773 2460 1843 Imperatores
2481 1774 2584 1844 ipsi
2595 1776 2764 1845 gestis
2791 1775 2902 1831 suis
2927 1776 3200 1831 declarant
3222 1791 3391 1847 quam
3405 1776 3655 1832 venerabi
3668 1805 3688 1816 -

2106 1865 2182 1921 les
2207 1865 2327 1922 illos
2352 1865 2467 1922 dies
2507 1867 2770 1930 habeant,
2796 1866 3112 1922 mandantes
3143 1877 3201 1922 ut
3219 1867 3466 1923 erunibus
3485 1867 3592 1922 sint
3612 1868 3688 1922 in—

2105 1956 2275 2013 ducite
2295 1968 2350 2013 et
2374 1957 2522 2014 ferire
2550 1959 2614 2014 iis
2639 1960 2728 2028 qui
2748 1959 2996 2016 civilibus
3020 1960 3312 2030 funguntur
3336 1961 3582 2030 negotiis,
3610 1969 3690 2014 ut-

2106 2061 2212 2116 que
2239 2047 2554 2103 claudantur
2578 2048 2724 2103 fores
2743 2048 3063 2119 iudiciorum
3083 2089 3101 2116 ,
3129 2059 3184 2105 et
3208 2049 3550 2106 eliminentur
3576 2065 3693 2105 om-

2108 2154 2204 2195 nes
2233 2139 2406 2196 litium
2429 2149 2486 2195 et
2510 2140 2914 2219 contentionum
2942 2145 3171 2210 species,
3196 2156 3306 2212 quo
3331 2158 3524 2213 magna
3542 2152 3696 2198 tran-

2109 2229 2372 2298 quillitate
2385 2243 2446 2284 ac
2461 2230 2641 2299 quiete
2657 2231 2811 2286 liceat
2827 2230 3198 2300 adspiritualia
3215 2241 3359 2288 recte
3375 2233 3694 2301 perficienda

2111 2318 2382 2376 festinare.
2409 2320 2478 2376 Et
2499 2335 2605 2376 non
2625 2320 2729 2376 hoc
2744 2321 2940 2387 solum,
2960 2321 3056 2376 sed
3069 2331 3125 2377 et
3142 2322 3706 2379 aliamliberalitatem.

2112 2409 2405 2467 ostendunt
2430 2427 2446 2466 :
2468 2425 2563 2467 eos
2586 2412 2730 2466 enim
2754 2411 2848 2481 qui
2870 2412 2922 2466 in
2948 2411 3253 2468 carceribus
3278 2421 3424 2479 sunt,
3455 2428 3486 2468 a
3514 2415 3698 2468 vincu-

2114 2503 2180 2558 lis
2203 2504 2451 2570 solvunt,
2487 2512 2542 2560 et
2577 2519 2675 2574 pro
2702 2503 2935 2559 humana
2961 2504 3208 2562 facultate
3235 2505 3516 2560 Dominum
3545 2520 3700 2561 suum

2117 2594 2413 2654 imitantur.
2449 2595 2598 2652 Sicut
2635 2595 2779 2652 enim
2815 2595 2932 2667 ipse
2969 2609 3002 2649 a
3051 2595 3198 2667 gravi
3231 2610 3332 2650 nos
3363 2603 3700 2666 peccatorum

2116 2701 2332 2744 carcere
2386 2687 2606 2753 liberat,
2656 2694 2712 2742 et
2757 2685 3052 2742 innumeris
3097 2686 3252 2742 bonis
3277 2685 3444 2743 afficit
3471 2703 3483 2739 :
3513 2687 3703 2742 eodem

2118 2777 2280 2834 modo
2306 2787 2361 2834 et
2388 2777 2542 2833 nobis
2570 2792 2670 2846 pro
2697 2777 2836 2832 virili
2861 2780 3163 2836 faciendum
3183 2786 3284 2842 est,
3307 2788 3363 2831 ut
3392 2778 3560 2832 simus
3585 2777 3704 2831 imi-

2119 2877 2319 2926 tatores
2347 2868 2726 2924 misericordia:
2759 2868 2970 2924 Domini
2994 2868 3087 2923 Dei
3112 2869 3302 2924 nostri.
3333 2867 3550 2924 Vidistis
3571 2883 3704 2937 quo-

2121 2959 2282 3014 modo
2304 2959 2498 3029 singuli
2524 2958 2848 3014 inuomnibus
2862 2959 3133 3030 specimen
3159 2958 3382 3013 edamus
3404 2958 3520 3028 ejus
3539 2957 3711 3013 hono-

2122 3052 2197 3106 ris
2219 3066 2285 3108 ae
2305 3051 2638 3117 reverentiae,
2666 3065 2823 3120 quam
2851 3050 3164 3107 exhibemus
3192 3049 3380 3106 diebus
3399 3049 3582 3120 iis-qui
3609 3065 3707 3104 no-

2126 3141 2208 3197 bis
2236 3151 2314 3198 tot
2356 3142 2616 3198 bonorum
2654 3156 2830 3196 causa:
2871 3141 3034 3196 sunt?
3061 3140 3451 3213 Proinderrogo
3487 3156 3631 3196 nune
3663 3142 3708 3196 si

2123 3250 2378 3304 umquam
2403 3234 2558 3300 alias,
2584 3242 2641 3288 ut
2667 3213 2893 3303 repulsis
2917 3234 3258 3288 saecularibus
3279 3233 3710 3304 cogitationibus,

2125 3335 2181 3380 et
2207 3333 2386 3380 mente
2416 3333 2634 3395 purgata
2663 3339 2726 3380 ac
2765 3323 2909 3394 vigili
2936 3323 3040 3379 huc
3077 3323 3480 3379 conveniamus.
3527 3323 3712 3378 Nullus

2073 3484 2079 3492 ι
2125 3417 2405 3472 ecclesiam
2451 3415 2720 3485 ingressus
2749 3415 3033 3471 sa'culares
3058 3430 3214 3470 curas
3239 3431 3419 3470 secum
3449 3415 3628 3484 ducat,
3657 3425 3738 3471 ut--

2125 3509 2284 3577 digna
2312 3507 2551 3563 laborum
2578 3505 2824 3564 mercede
2857 3515 3091 3576 recepta,
3123 3508 3312 3562 iterum
3339 3506 3556 3561 domum
3587 3522 3714 3575 pro-

2132 3601 2297 3656 ficisci
2319 3600 2493 3656 liceat.
2525 3601 2637 3670 Age
2664 3600 2819 3670 igitur
2848 3609 3158 3654 consuetam
3182 3599 3330 3653 vobis
3355 3613 3592 3653 mensam
3620 3600 3716 3653 ite-

2131 3711 2250 3751 rum
2279 3709 2636 3765 proponamus
2656 3735 2671 3759 ,
2715 3702 2771 3749 et
2809 3692 2876 3748 de
2904 3692 2970 3748 iis
2998 3709 3114 3762 qua:
3144 3692 3279 3748 lecta
3310 3701 3450 3746 sunt
3470 3707 3533 3746 ex
3563 3693 3719 3748 beato

2135 3789 2302 3852 Moss,
2331 3787 2540 3843 caritati
2562 3796 2751 3843 vestrae
2776 3785 3076 3840 convivium
3101 3800 3367 3855 paremus,
3389 3784 3578 3840 eadem
3608 3785 3720 3854 ipsa

2136 3881 2444 3938 inmedium
2472 3878 2800 3935 adducentes
2819 3886 2875 3933 et
2893 3876 3188 3932 indicantes
3214 3875 3412 3931 divinae
3434 3876 3724 3944 Scriptura

2135 3972 2484 4043 diligentiam.
2521 3969 2655 4025 Nam
2694 3978 2971 4038 postquam
3015 3966 3253 4022 historiae
3297 3966 3366 4020 de
3413 3964 3567 4022 beato
3613 3964 3752 4020 Noe»

2139 4063 2298 4118 linem
2348 4060 2619 4129 imposuit,
2672 4057 3037 4129 genealogiam
3082 4063 3477 4123 consequor-iter
3525 4070 3555 4108 a
3597 4052 3756 4109 Sem-

2138 4154 2432 4218 exorditur,
2460 4163 2516 4208 et
2539 4151 2669 4206 dicit
2697 4168 2709 4204 :
2738 4150 2826 4206 2|.
2857 4147 3010 4221 (Gen.
3033 4147 3125 4218 l0)
3144 4147 3209 4200 Et
3237 4148 3360 4202 Seni
3385 4147 3494 4202 nati
3517 4157 3653 4212 sunt,
3681 4159 3728 4200 et

451 4245 543 4300 Dei
577 4248 744 4315 gratia
772 4246 1143 4315 pervenimus,
1175 4259 1317 4299 nunc
1357 4244 1588 4299 maxime
1611 4243 1796 4314 jejunii
1844 4258 2044 4299 cursus
2139 4247 2240 4316 ipsi
2266 4245 2400 4315 patri
2424 4243 2652 4298 omnium
2682 4242 2914 4309 ﬁliorum
2938 4238 3124 4305 lleber,
3154 4239 3302 4310 fratri
3341 4237 3568 4307 anlieth
3614 4253 3728 4289 ma-

449 4337 832 4403 intendeudus,
852 4345 906 4392 et
927 4337 1274 4392 ferventiorcs
1297 4334 1576 4390 fundandae
1604 4350 1812 4404 preces,
1839 4334 2037 4390 facien-

447 4430 624 4500 daque
639 4429 870 4500 diligens
889 4437 941 4484 et
963 4444 1092 4502 pura
1121 4436 1456 4498 peccatorum
1476 4424 1762 4490 confessio,
1787 4435 1843 4480 et
1868 4425 1921 4478 in
1942 4425 2040 4481 bo-

451 4521 534 4576 nis
560 4519 812 4590 operibus
835 4518 1088 4574 sedulitas
1122 4516 1440 4583 exhibenda,
1471 4517 1808 4586 eleemosyna
1854 4515 1996 4586 larga
2017 4556 2042 4584 ,

450 4611 675 4682 a‘quitas
697 4651 712 4677 ,
742 4609 1126 4675 mansuetudo,
1170 4609 1394 4679 aliaeque
1435 4609 1662 4662 virtutes
1695 4624 1709 4659 :
1752 4615 1810 4660 ut
1846 4606 2038 4662 talibus

451 4701 626 4756 ornati
645 4701 950 4767 virtutibus,
979 4699 1064 4756 ubi
1094 4700 1146 4753 in
1173 4699 1314 4754 diem
1343 4697 1670 4753 Dominicam
1698 4697 1918 4751 Pascha:
1941 4711 2041 4751 ve—

454 4793 710 4857 nerimus,
741 4792 955 4846 Domini
983 4791 1297 4848 liberalitate
1318 4790 1574 4845 fruamur.
1599 4791 1837 4860 Magnam
1859 4801 2038 4846 autem

453 4898 708 4938 vocamus
738 4881 1148 4948 hebdomadam,
1178 4896 1281 4936 non
1309 4879 1452 4950 quod
1479 4880 1747 4950 longiores
1769 4880 1822 4934 in
1844 4895 1904 4934 ea
1935 4881 2050 4935 sint

458 4975 604 5028 hora:
633 4991 646 5027 :
679 4984 806 5029 sunt
833 4973 974 5028 enim
1006 4972 1124 5027 alite
1147 4987 1265 5042 quae
1302 4970 1470 5025 multo
1500 4970 1730 5040 majores
1756 4969 1915 5024 horas
1942 4970 2039 5023 ha-

457 5065 618 5129 bent;
651 5079 823 5134 neque
847 5061 988 5132 quod
1019 5063 1196 5132 plures
1222 5061 1339 5117 dies
1367 5061 1562 5116 habeat
1589 5077 1602 5113 :
1631 5071 1713 5116 est
1733 5060 1874 5115 enim
1904 5059 2043 5117 idem

459 5171 714 5209 numerus
751 5155 803 5209 in
835 5153 934 5208 hac
971 5155 1195 5224 aliisque
1231 5150 1500 5208 omnibus.
1545 5152 1721 5220 Quare
1744 5166 1875 5223 ergo
1903 5153 2043 5207 illam

458 5261 712 5301 vocamus
733 5247 1014 5316 magnam?
1034 5244 1169 5313 Quia
1191 5244 1244 5299 in
1268 5244 1354 5298 illa
1374 5259 1563 5313 magna
1579 5243 1821 5314 qumdam
1841 5252 1894 5300 et
1914 5243 2050 5300 inef-

462 5339 639 5394 fabilia
670 5338 807 5392 bona
847 5337 1186 5409 contigerunt
1212 5335 1386 5390 nobis.
1427 5333 1484 5389 lu
1514 5335 1602 5390 illa
1637 5334 1783 5390 enim
1819 5334 2048 5389 solutum

460 5441 545 5485 l‘Sl
572 5429 767 5485 bellum
811 5429 1108 5495 diutinum,
1134 5427 1395 5482 exstincta
1432 5440 1603 5492 mors,
1631 5425 1936 5481 maledictio
1965 5425 2018 5480 in
2036 5456 2048 5466 -

461 5532 745 5592 terempta,
771 5520 967 5574 diaboli
989 5519 1225 5590 tyrannis
1241 5517 1518 5587 dissoluta,
1542 5533 1665 5575 vasa
1684 5517 1798 5587 ejus
1824 5516 2047 5587 direpta;

525 5654 599 5716 (a)
618 5655 700 5702 llis
714 5653 870 5702 innuit
890 5653 1270 5716 Plirysostomus,
1292 5665 1383 5703 suo
1406 5660 1631 5714 tempore
1653 5637 1702 5701 in
1722 5663 1859 5700 more
1883 5649 2051 5716 fuisse,

464 5723 518 5764 ιιι
537 5712 602 5764 ex
631 5716 862 5772 navibus,
897 5712 1118 5764 confecto
1150 5712 1469 5776 navigationis
1500 5712 1671 5769 cursu,
1708 5719 1970 5776 antequam
2005 5712 2052 5759 in

466 5784 657 5839 [unum
679 5779 964 5839 intrat-eun,
985 5789 1136 5827 onera
1161 5783 1214 5828 et
1235 5775 1437 5829 sarcina:
1464 5777 1808 5835 educerentur,
1830 5775 1953 5824 etin
1977 5787 2054 5822 su-

465 5838 634 5903 premo
653 5838 871 5890 tabulato
891 5848 1210 5900 ponerentur.

2132 4340 2266 4410 joris
2295 4338 2411 4407 ﬁlii.
2459 4333 2660 4390 Deinde
2684 4331 2928 4388 confecto
2948 4331 3220 4387 nominum
3240 4330 3484 4400 catalogo
3504 4329 3612 4384 ait:
3636 4329 3726 4381 25.

2143 4432 2212 4486 Et
2235 4431 2397 4485 Heber
2413 4430 2521 4483 nati
2541 4437 2656 4482 sunt
2683 4427 2784 4480 duo
2813 4426 2930 4495 ﬁlii,
2953 4441 3135 4479 nomen
3171 4424 3258 4477 nni
3284 4421 3478 4477 Phalec
3501 4437 3518 4476 :
3538 4422 3656 4492 quia
3681 4421 3733 4474 in

2143 4523 2330 4578 diebus.
2356 4522 2494 4577 illius
2523 4519 2684 4574 divisa
2717 4526 2792 4572 est
2838 4527 2998 4572 terra.
3037 4513 3330 4570 Considera
3359 4512 3628 4584 quomodo
3657 4512 3731 4565 sl-

2143 4617 2234 4689 gni
2263 4616 2338 4687 (a)
2366 4629 2472 4670 non
2505 4612 2676 4668 multo
2703 4617 2824 4679 post
2856 4607 3017 4665 futuri
3053 4605 3445 4677 praescientiam
3473 4602 3733 4658 vocabulo
3753 4635 3768 4646 νε

2146 4711 2256 4767 nati
2284 4709 2428 4778 pueri
2456 4705 2664 4772 indidit,
2691 4714 2749 4758 ut
2780 4717 2900 4757 eum
2927 4700 3124 4755 videris
3151 4714 3262 4753 rem
3287 4711 3452 4766 opere
3475 4694 3737 4766 adimple-

2148 4812 2279 4868 tam,
2310 4815 2418 4858 non
2443 4799 2578 4854 ultra
2602 4793 3042 4861 mireris,,videns
3066 4791 3320 4850 divinitus
3343 4789 3445 4846 hoc
3466 4791 3615 4860 pueri
3639 4806 3736 4843 no-

2149 4897 2291 4950 mine
2329 4891 2663 4963 praedictum.
2710 4886 2843 4943 Nam
2889 4893 3168 4956 postquam
3211 4883 3510 4952 catalogum
3549 4896 3736 4937 eorum

2149 4988 2294 5052 fecit,
2325 4984 2414 5055 qui
2445 4991 2640 5052 postea
2669 4981 2777 5034 nati
2817 4986 2964 5042 sunt,
2992 4976 3208 5047 inquit:
3242 4976 3294 5030 l.
3336 4975 3488 5046 (Cap.
3534 4972 3624 5042 ll)
3671 4969 3754 5025 Et-

2149 5087 2258 5136 erat
2296 5075 2460 5131 omnis
2485 5083 2620 5128 terra
2647 5071 2836 5126 labiutn
2881 5085 3073 5134 unum,
3099 5077 3146 5126 et
3187 5083 3295 5122 vox.
3320 5082 3423 5121 una
3464 5062 3735 5122 omnibus:

2153 5185 2259 5226 non
2306 5167 2374 5222 de
2424 5174 2564 5219 terra
2606 5163 2853 5231 loquens,
2882 5159 2976 5216 sed
3021 5159 3090 5214 de
3118 5158 3395 5213 hominum
3437 5170 3654 5226 genere,
3689 5163 3745 5210 ut

2155 5276 2252 5316 nos
2300 5256 2492 5311 doceat
2519 5268 2678 5310 unam
2710 5252 2941 5322 linguam
2967 5249 3112 5305 omni
3140 5248 3414 5304 hominum
3449 5247 3614 5302 finsse
3643 5259 3744 5299 na.-

2156 5360 2307 5405 turm.
2335 5346 2401 5400 Et
2420 5355 2527 5399 erat
2556 5345 2716 5399 mimis
2742 5353 2876 5398 terra
2901 5342 3090 5395 labium
3117 5356 3291 5407 unum,
3319 5347 3364 5394 et
3391 5354 3487 5392 v0.1:
3511 5353 3613 5390 una
3632 5353 3746 5390 ont-

2155 5444 2321 5498 nibus.
2351 5441 2562 5496 Labimn
2599 5454 2782 5504 unum,
2804 5451 3103 5492 sermonem
3129 5434 3278 5498 dicit,
3306 5441 3361 5488 et
3385 5432 3614 5502 idipsum
3646 5431 3744 5485 ite-

2159 5553 2275 5592 rum
2307 5551 2400 5606 per
2432 5548 2618 5588 vocem
2662 5531 2893 5595 indicat,
2923 5529 3228 5600 significans
3265 5540 3456 5582 omnes
3499 5539 3623 5579 usos
3650 5537 3740 5577 ea—

2160 5632 2281 5686 dem
2310 5643 2440 5684 voce
2467 5635 2523 5683 et
2561 5626 2754 5696 lingua.
2787 5624 2853 5678 Et
2877 5623 3020 5694 quod
3056 5621 3126 5676 de
3166 5619 3374 5690 loquela
3403 5619 3634 5680 dicatur,
3676 5613 3744 5668 Et

2221 5769 2294 5840 (a)
2329 5777 2395 5820 De
2431 5771 2570 5833 signo
2621 5781 2710 5818 seu
2748 5764 2977 5817 miraculo
3023 5761 3274 5813 divisionis
3338 5757 3610 5820 linguarum
3668 5749 3744 5794 10—

2163 5842 2341 5897 quitur.
