4078 6460
387 402 491 459 275

384 534 499 579 erat
543 519 704 574 omnis
743 526 874 572 terra
919 515 1107 570 labium
1149 530 1304 568 unum
1325 555 1340 579 ,
1372 511 1494 568 audi
1523 511 1848 580 Scripturam
1878 508 1981 561 alio

395 613 516 664 loco
552 609 856 664 dicentem:
917 606 1167 662 Venenum
1206 604 1440 674 aspidum
1481 600 1571 656 sub
1620 601 1765 654 labiis
1811 614 1983 652 eorum

395 704 416 770 l
449 701 594 757 Psnl.
633 701 755 756 159.
785 702 818 756 4
841 700 880 771 ).
916 700 992 754 Ita
1017 699 1156 753 solet
1183 697 1456 766 Scriptum
1484 694 1739 749 lahiorum
1768 691 1984 745 nomine

397 795 662 863 loquelam
693 794 984 864 appellare.
1015 791 1069 844 2.
1099 789 1162 844 Et
1180 793 1370 861 factum
1397 798 1468 842 est
1493 803 1605 840 cum
1633 792 1882 839 moverent
1909 782 1984 834 illi

392 887 455 938 ub
485 885 711 952 Oriente,
743 886 1036 938 inuenerunt
1056 897 1293 950 campum
1310 880 1364 933 in
1386 887 1523 932 terra
1544 877 1799 939 Seunaar,
1825 882 1871 927 et
1891 872 1985 925 Ita-

393 977 673 1030 bituverunt
702 977 830 1030 illic.

459 1067 520 1119 ἃ.
565 1066 805 1120 Humana
825 1077 1011 1120 natura
1035 1079 1230 1134 majora
1256 1078 1452 1131 semper
1475 1058 1685 1130 appetit.
1724 1056 1986 1111 Memoria

394 1169 598 1212 interna:
640 1158 911 1226 cupiditas.
945 1185 1016 1200 —-
1045 1155 1177 1210 Vide
1215 1151 1483 1224 quomodo
1523 1151 1750 1204 humana
1797 1156 1983 1202 natura

397 1263 503 1302 non
537 1256 710 1316 potest
733 1247 1026 1302 subsistere
1058 1245 1194 1299 intra
1221 1258 1348 1298 suos
1376 1242 1594 1309 limites,
1626 1239 1721 1295 sed
1757 1239 1985 1308 amplius

395 1339 800 1408 concupiscens,
835 1338 1037 1407 majora
1066 1351 1226 1406 supra
1255 1349 1316 1390 se
1333 1335 1556 1404 appetit.
1587 1334 1760 1403 Atque
1785 1331 1886 1385 hoc
1904 1339 1987 1385 est

395 1429 537 1498 quod
578 1429 866 1484 humanum
911 1442 1079 1498 genus
1107 1428 1438 1498 potissimum
1485 1425 1680 1495 perdit,
1726 1425 1848 1495 quia
1881 1437 1983 1477 non

394 1520 508 1574 vult
539 1528 739 1575 natura:
780 1534 895 1575 suae
935 1533 1242 1574 mensuram
1285 1532 1612 1588 agnoscere,
1642 1515 1736 1572 sed
1775 1530 1988 1584 semper

395 1611 600 1681 majora
644 1612 877 1683 appetit,
926 1620 982 1667 et
1010 1625 1128 1681 qua:
1157 1625 1316 1681 supra
1344 1625 1494 1666 suam
1521 1617 1648 1664 sunt
1673 1607 1983 1678 dignitatem

395 1704 538 1758 votis
576 1704 827 1774 concipit.
871 1703 1005 1758 Hinc
1043 1710 1100 1758 et
1126 1703 1221 1773 qui
1272 1701 1536 1756 mundana
1563 1700 1893 1770 suspiciunt,
1942 1697 1987 1754 si

396 1794 612 1863 quando
637 1795 804 1850 multo
823 1794 1208 1850 abundaverint
1235 1809 1388 1860 auro,
1415 1801 1469 1848 et
1495 1800 1739 1862 potentes
1768 1789 1984 1855 iuerint,

395 1887 551 1956 quasi
575 1887 722 1944 obliti
749 1901 860 1942 suae
881 1896 1106 1951 natum,
1139 1885 1190 1940 in
1215 1894 1414 1940 tantum
1433 1900 1492 1940 se
1519 1883 1783 1954 fastigium
1806 1881 1986 1938 eﬁ‘erri

399 1978 618 2044 volunt,
664 1979 837 2033 donec
885 1977 936 2031 in
985 1975 1305 2046 profundunt
1336 1976 1510 2045 ipsum
1539 1974 1872 2044 dejiciantur.
1920 1972 1986 2028 Et

397 2068 504 2124 hoc
551 2068 790 2125 videmus
835 2068 1071 2139 quotidie
1111 2069 1453 2138 contingere,
1481 2067 1722 2138 quamvis
1763 2081 1862 2121 nec
1888 2065 1990 2121 hac

398 2159 603 2216 ratione
650 2160 1043 2216 emendatiores
1079 2156 1312 2214 evadant
1355 2157 1445 2212 alii
1473 2176 1486 2212 :
1515 2157 1608 2212 sed
1638 2158 1737 2212 etsi
1766 2156 1833 2210 ad
1864 2171 1987 2226 par-

397 2267 524 2307 vum
545 2259 755 2321 tempus
776 2251 1159 2321 reprimuntur,
1177 2249 1354 2304 subito
1371 2257 1547 2303 tamen
1562 2248 1800 2304 omnium
1815 2246 1986 2310 obliti.

398 2344 592 2400 iterum
617 2341 859 2398 eamdem
890 2341 1143 2397 incedunt
1167 2341 1339 2406 viam,
1369 2348 1424 2394 et
1449 2339 1501 2393 in
1527 2337 1714 2394 eadem
1743 2336 1988 2407 prtecipi-

399 2434 470 2488 tia
496 2432 808 2488 deferuntur
856 2447 872 2484 :
923 2431 976 2487 id
1017 2429 1161 2501 quod
1198 2439 1254 2485 et
1280 2444 1422 2485 nunc
1457 2429 1642 2485 videre
1685 2429 1810 2484 licet
1852 2427 1988 2498 apud

400 2525 533 2578 istos
563 2522 780 2578 factum.
812 2521 878 2574 Et
900 2524 1093 2592 factum
1120 2529 1193 2574 est
1222 2536 1336 2574 cum
1357 2529 1606 2574 moverent
1626 2521 1702 2574 illi
1724 2519 1788 2574 ab
1811 2519 1991 2573 Orien-

402 2627 474 2682 te,
499 2615 792 2669 invenerunt
821 2629 1057 2683 campum
1084 2613 1136 2666 in
1156 2622 1290 2667 terra
1306 2612 1560 2679 Sennaar,
1582 2623 1637 2672 et.
1648 2613 1991 2666 habitaverunt

401 2708 528 2762 illic.
561 2705 690 2761 Vide
714 2705 982 2776 quomodo
1009 2705 1262 2776 paulatim
1289 2704 1447 2760 docet
1468 2720 1564 2760 nos
1596 2705 1841 2760 instabile
1871 2704 1991 2759 illo-

403 2812 521 2852 rum
553 2795 904 2868 pr0p0situm.
931 2795 1191 2865 Quoniam
1213 2795 1480 2861 viderunt,
1505 2795 1692 2867 inquit,
1721 2811 1989 2866 campum,

401 2891 694 2961 migrantes
717 2931 733 2956 ,
766 2898 819 2946 et
847 2889 1035 2945 relicto
1071 2889 1236 2960 priori
1263 2888 1380 2945 loco
1401 2931 1416 2958 ,
1447 2889 1554 2944 illic
1598 2889 1988 2944 habitaverunt.

403 2983 609 3041 Deinde
632 2983 796 3039 dicit:
827 2983 882 3038 ὅ.
920 2982 1059 3037 Dixit
1084 2983 1424 3053 unusquisque
1450 2982 1681 3050 proximo
1710 2998 1803 3036 suo
1836 2997 1854 3036 :
1893 2981 1991 3034 Ve-

403 3079 524 3144 nite,
556 3077 884 3146 conﬁciamus
908 3077 1105 3142 lateres,
1137 3084 1183 3131 et
1209 3092 1479 3146 coquamus
1507 3092 1591 3130 eos
1619 3076 1742 3146 igni.
1776 3074 1842 3128 Et
1869 3073 1993 3144 facti

403 3178 520 3224 sunt
549 3169 652 3223 illis
675 3169 856 3223 lateres
881 3169 934 3222 in
960 3167 1204 3238 lapidem,
1229 3177 1275 3220 et
1297 3166 1518 3220 bitumen
1543 3176 1648 3220 erat
1678 3166 1780 3221 illis
1805 3166 1989 3219 lutum.

405 3263 462 3315 4.
497 3258 560 3313 Et
585 3259 822 3314 dixerunt
851 3277 864 3313 :
906 3257 1079 3313 Venite
1097 3300 1113 3326 ,
1142 3258 1449 3328 ardiﬁcentus
1477 3258 1620 3312 nobis
1643 3257 1922 3320 civitatem,
1948 3265 1994 3309 et

404 3352 606 3416 turrim,
647 3351 794 3422 cujus
819 3359 972 3421 caput
999 3351 1092 3404 erit
1119 3367 1274 3421 usque
1308 3350 1360 3404 in
1397 3350 1614 3416 ctelum,
1656 3359 1702 3402 et
1747 3349 1995 3421 faciamus

404 3444 548 3498 nobis
588 3444 712 3514 ipsis
741 3461 920 3498 nomen
940 3485 954 3510 ,
988 3445 1282 3514 priusquam
1321 3445 1671 3515 disperguntur
1712 3459 1864 3513 super
1887 3459 1996 3496 ont-

405 3552 521 3591 nent
545 3547 748 3592 terram.
781 3537 912 3593 Vide
941 3537 1208 3608 quomodo
1237 3537 1525 3592 abutuntur
1543 3535 1812 3612 communi
1841 3549 1991 3600 voce,

405 3639 462 3684 et
481 3631 747 3701 quomodo
771 3646 964 3686 vanum
989 3631 1109 3686 vita:
1136 3631 1464 3701 propositum
1487 3630 1554 3684 sit
1577 3631 1860 3684 multorum
1883 3642 1997 3682 ma-

407 3723 584 3778 lorum
618 3724 848 3778 occasio.
888 3723 1082 3789 Venite,
1115 3725 1304 3794 inquit,
1340 3724 1584 3792 faciamus
1613 3723 1808 3787 lateres,
1838 3732 1886 3776 et
1911 3739 1999 3777 co-

408 3830 622 3879 quamus
648 3830 730 3867 cos
755 3814 881 3883 igni.
914 3813 977 3867 Et
1005 3813 1128 3882 facti
1152 3824 1270 3867 sunt
1303 3813 1406 3867 illis
1441 3813 1619 3867 lateres
1646 3815 1698 3866 in
1741 3812 1993 3883 lapidem,

409 3918 455 3959 rt
495 3905 713 3960 bitumen
754 3908 805 3960 in
851 3923 1064 3961 aenum.
1115 3907 1247 3963 Vide
1275 3917 1468 3976 quanta
1502 3909 1786 3962 securitate
1816 3907 1998 3961 volunt

408 3999 696 4064 :rditicare,
738 4000 1039 4054 nescientes
1071 3999 1198 4054 illud
1214 4035 1228 4057 .
1255 3999 1370 4053 Nisi
1397 3998 1649 4054 Dominus
1675 4000 1999 4068 a’diﬁcaverit

408 4091 633 4155 domum,
661 4090 715 4144 in
735 4107 918 4144 vanum
935 4091 1286 4145 laboraverunt
1304 4094 1392 4161 qui
1409 4091 1663 4160 adi/itaut
1685 4108 1796 4146 eam
1820 4090 1995 4162 (Psal.

409 4183 537 4238 ηδ.
572 4185 644 4254 1).
680 4182 742 4236 Et
770 4185 1093 4253 ardi/icemus,
1121 4184 1384 4254 inquiunt,
1414 4185 1555 4239 nobis
1577 4186 1862 4240 civitatem:
1891 4200 1997 4248 non

409 4277 542 4338 Deo,
574 4276 668 4330 sed
703 4275 865 4330 Nobis
892 4277 1034 4346 ipsis.
1063 4276 1218 4340 V'idc,
1251 4291 1368 4342 oro,
1399 4292 1557 4346 quam
1596 4277 1818 4331 invaluit
1843 4276 1999 4330 mali-

410 4369 482 4421 tia
509 4385 522 4420 :
553 4366 810 4421 habentes
833 4365 1009 4421 adhuc
1029 4375 1298 4422 recentem
1321 4368 1633 4421 memoriam
1660 4366 1925 4436 generalis
1947 4368 1998 4421 in

410 4460 615 4515 dilmio
642 4460 916 4519 interitus,
967 4460 1018 4512 in
1053 4469 1251 4513 tantam
1287 4460 1586 4516 inciderunt
1622 4462 1900 4516 insaniam.
1934 4460 2002 4514 Et

411 4553 745 4620 mdiﬁcemus,
775 4551 964 4620 inquit,
990 4551 1128 4606 nobis
1158 4553 1424 4617 ciuitatem,
1449 4563 1494 4606 et
1527 4555 1723 4618 turrim,
1751 4555 1898 4623 cujus
1918 4571 2003 4607 ca-

413 4653 503 4713 put
525 4645 617 4696 erit
638 4659 792 4711 usque
819 4644 872 4695 in
893 4644 1091 4696 cretum.
1115 4642 1340 4697 Nomine
1358 4643 1474 4698 calli
1502 4658 1762 4697 summam
1791 4644 2002 4697 illorum

415 4735 691 4792 audaciam
738 4735 1011 4806 Scriptura
1041 4735 1218 4788 divina
1250 4735 1504 4790 declarat.
1537 4734 1601 4788 Et
1627 4737 1894 4806 faciamus,
1925 4737 2005 4792 in-

412 4832 561 4900 quit,
604 4830 874 4900 nobisipsis
917 4846 1117 4884 nomen.
1161 4828 1381 4883 Vidistis
1437 4829 1668 4884 radicem
1714 4830 1870 4884 mali?
1903 4830 2003 4895 Ut,

417 4926 609 4998 inquit,
639 4936 949 4997 perpetuam
978 4925 1292 4978 memoriam
1314 4938 1726 4993 consequamur,
1755 4933 1813 4977 ut
1838 4924 2005 4978 nostri

417 5028 676 5090 perpetuo
726 5030 994 5073 memores
1040 5017 1148 5070 sint
1190 5017 1388 5085 posteri
1421 5033 1438 5071 ;
1472 5015 1576 5070 tale
1623 5013 1726 5070 erit
1765 5026 2006 5070 nostrum

417 5127 585 5182 opus,
615 5121 674 5165 ιιι
719 5124 1009 5180 numquam
1035 5108 1288 5164 oblivioni
1321 5107 1578 5162 tradatur.
1627 5107 1692 5161 Et
1721 5107 1821 5162 hoc
1852 5108 2010 5161 facia-

417 5218 538 5259 mus
569 5203 877 5274 Priusquam
909 5204 1257 5272 dispergamur
1277 5218 1427 5270 super
1451 5203 1629 5270 facient
1657 5201 1819 5253 omnis
1841 5210 2005 5253 terrae.

420 5296 639 5360 Adhuc,
674 5296 841 5366 inquit
864 5338 879 5360 ,
907 5295 1209 5364 coogregati
1241 5294 1381 5364 quod
1405 5293 1558 5347 nobis
1584 5294 1754 5348 visum
1781 5303 1862 5347 est
1889 5291 2011 5347 efﬁ-

419 5392 620 5443 ciamus
642 5430 656 5453 ,
689 5399 747 5442 ut
779 5389 1009 5458 posteris
1036 5398 1351 5457 perpetuum
1393 5403 1585 5442 nomen
1625 5388 2005 5457 relinquamus.

423 5484 561 5538 Sunt
589 5483 736 5536 multi
766 5484 926 5537 etiam
956 5481 1115 5535 hodie
1141 5481 1229 5550 qui
1260 5481 1380 5534 illos
1411 5481 1703 5544 imitantur,
1734 5489 1788 5534 et
1821 5479 2012 5534 talibus

423 5575 674 5646 cperihus
692 5573 952 5628 celebrari
976 5574 1179 5637 volunt,
1209 5573 1296 5640 qni
1328 5571 1635 5641 Splendidas
1662 5571 1852 5625 domus
1878 5571 2010 5624 aedi-

426 5668 608 5731 ﬁmnt,
633 5673 687 5719 et
715 5665 943 5731 lavacra,
972 5674 1026 5719 et
1053 5666 1285 5732 porticus
1307 5706 1321 5728 ,
1366 5673 1418 5718 ct
1449 5664 1842 5719 deambulacra.
1870 5664 2013 5728 Quo-

425 5777 541 5817 tum
569 5759 613 5815 si
634 5756 864 5829 aliquem
889 5756 1190 5825 rOgavcris,
1222 5771 1388 5824 quare
1411 5757 1480 5810 ita
1518 5756 1719 5810 laboret
1744 5764 1798 5810 et
1823 5755 2010 5824 fatige-

425 5862 533 5921 tur,
588 5861 871 5921 tantosque
928 5849 1270 5918 pecuniarum
1323 5858 1564 5920 sumptus
1604 5849 1778 5916 iaciat,
1813 5865 2010 5920 eosque

1068 398 1125 454 S.
1165 394 1443 452 JOANNIS
1470 389 1944 450 CliRYSOSTOMl
1982 388 2299 477 ARCIHEP.
2341 389 2873 452 CONSTANTINOP.

3567 401 3683 459 276

2094 509 2310 566 inutiles
2338 528 2352 566 :
2383 511 2513 566 nihil
2555 512 2698 569 aliud
2727 512 2931 582 audies,
2960 528 3118 585 quam
3145 515 3261 572 haec
3289 515 3469 584 verba,
3493 527 3548 572 ut
3580 519 3690 573 im-

2092 602 2333 657 mortalis
2356 614 2601 659 servetur
2627 607 2903 673 memoria,
2930 615 2986 662 et
3005 606 3215 662 dicatur
3242 608 3383 663 illius
3401 603 3520 664 esse
3542 610 3689 665 hanc
3739 592 3744 595 ’

2091 695 2327 762 domum,
2355 697 2496 752 illius
2526 696 2668 752 hunc
2691 713 2898 769 agrum.
2931 699 2999 754 At
3024 699 3127 755 hoc
3150 715 3256 756 non
3282 711 3365 757 est
3389 703 3600 758 laudem
3629 716 3690 759 et

2093 788 2438 853 memoriam,
2465 789 2560 842 sed
2593 789 2796 844 crimen
2839 789 2938 844 sibi
2978 805 3190 860 parare.
3232 791 3364 847 Nam
3405 795 3580 848 statim
3615 796 3686 850 ad

2093 875 2209 932 hmc
2235 877 2624 948 subjungentur
2649 879 2996 949 plurimarum
3019 883 3461 938 contumeliarum
3488 887 3684 950 verba;

2092 981 2284 1036 nempe
2305 967 2462 1038 hujus
2483 977 2566 1024 est
2583 969 2751 1035 avari,
2790 969 2947 1038 hujus
2975 973 3202 1042 rapacis,
3230 973 3386 1044 hujus
3407 975 3690 1031 viduarum

2092 1071 2145 1117 et
2174 1063 2532 1132 orphanorum
2564 1063 2884 1133 spoliatoris.
2915 1063 3080 1135 Igitur
3105 1067 3207 1122 hoc
3233 1083 3340 1121 non
3366 1078 3448 1124 est
3472 1084 3688 1123 memo-

2093 1153 2222 1207 riam
2239 1153 2471 1223 assequi,
2497 1154 2593 1209 sed
2619 1155 2891 1224 perpetuis
2915 1156 3076 1226 objici
3097 1157 3427 1224 criminibus,
3445 1168 3501 1214 et
3519 1163 3690 1216 etiam

2093 1251 2214 1312 post
2241 1253 2466 1299 mortem
2497 1244 2762 1313 infamari,
2786 1261 2851 1302 ac
2870 1255 3230 1318 spectatorum
3251 1251 3455 1321 linguas
3482 1267 3682 1310 acuere

2094 1335 2145 1388 in
2175 1333 2558 1403 blasphemiam
2578 1376 2592 1402 ,
2622 1346 2676 1391 et
2703 1337 3097 1393 accusationem
3133 1340 3251 1409 ejus
3280 1341 3368 1411 qui
3395 1342 3480 1396 illa
3510 1345 3690 1413 possi-

2093 1423 2202 1480 det.
2235 1426 2386 1493 Quod
2430 1427 2476 1482 si
2506 1428 2724 1483 omnino
2753 1438 3008 1484 aeternam
3037 1433 3351 1486 memoriam
3380 1447 3546 1500 amas,
3578 1451 3689 1504 ego

2094 1516 2185 1571 tibi
2217 1517 2355 1571 viam
2385 1519 2716 1584 monstrabo,
2739 1534 2840 1590 qua
2863 1520 3064 1590 poteris
3085 1536 3299 1591 semper
3321 1522 3594 1590 celebrari,
3628 1535 3692 1579 et

2093 1622 2212 1678 quas
2236 1607 2382 1663 dah.t
2406 1607 2499 1663 tibi
2525 1607 2772 1665 ﬁduciam
2800 1610 2852 1665 in
2876 1611 3054 1666 futuro
3081 1612 3300 1667 smcttlo.
3322 1611 3562 1681 Quonam
3586 1629 3690 1684 pa-

2094 1709 2181 1755 cto
2205 1699 2363 1771 igitur
2388 1701 2590 1771 poteris
2617 1711 2671 1757 et
2697 1704 3125 1769 commemorari,
3155 1712 3210 1758 et
3229 1704 3485 1759 celebrari
3507 1706 3690 1774 quoti-

2091 1793 2202 1862 die,
2227 1793 2588 1864 encomiisque
2609 1793 2763 1850 evehi
2786 1796 2944 1850 etiam
2971 1806 3091 1865 post
3117 1795 3256 1852 hanc
3284 1796 3488 1851 vitam?
3506 1797 3562 1853 Si
3585 1799 3690 1854 has

2094 1885 2344 1956 pecunias
2370 1885 2422 1940 in
2452 1901 2642 1942 manus
2672 1887 2890 1957 inopum
2922 1889 3220 1959 dispenses,
3254 1890 3457 1946 relictis
3494 1891 3690 1960 lapidi-

2092 1979 2212 2045 bus,
2237 1979 2441 2050 magnis
2466 1979 2724 2046 ardiﬁciis,
2762 1982 2917 2046 villis,
2941 1991 2994 2037 et
3019 1982 3245 2038 balneis.
3275 1983 3400 2038 [late
3425 1984 3685 2038 memoria

2093 2072 2405 2128 innumeros
2431 2072 2522 2127 tibi
2550 2072 2830 2128 thesauros
2855 2075 3124 2139 conciliat,
3153 2074 3269 2130 lucc
3287 2077 3542 2131 memoria
3569 2092 3692 2130 sar-

2092 2163 2266 2218 cinam
2297 2171 2634 2234 peccatorum
2666 2163 2896 2230 alleviat,
2929 2167 3042 2220 hare
3067 2166 3286 2220 multam
3315 2166 3406 2220 tibi
3437 2164 3686 2222 ﬁduciam

2092 2256 2233 2326 apud
2279 2257 2560 2311 Dominum
2607 2256 2875 2312 conciliat.
2919 2256 3126 2328 Cogita,
3177 2259 3435 2323 obsecro,
3468 2267 3521 2313 ct
3568 2259 3692 2314 haec

2094 2350 2256 2405 verba
2284 2364 2404 2419 qua:
2444 2349 2635 2420 singuli
2679 2349 2872 2404 dicturi
2909 2358 3068 2416 sunt,
3099 2359 3350 2406 vocantes
3378 2350 3686 2406 misericor-

2094 2441 2238 2510 dem,
2257 2441 2564 2512 benignum,
2587 2451 2942 2509 mansuetum,
2962 2457 3201 2511 suavem,
3229 2452 3334 2497 tam
3357 2442 3556 2512 largum
3576 2442 3690 2498 dis-

2095 2542 2456 2606 pensatorem.
2485 2532 2738 2602 Dispersit
2780 2534 2948 2601 enim,
2979 2534 3167 2602 inquit,
3203 2534 3340 2588 dedit
3361 2533 3688 2603 pauperibus;

2085 2626 2287 2696 justitia
2317 2627 2424 2696 ejus
2449 2635 2617 2679 manet
2654 2626 2707 2680 in
2737 2627 2980 2680 swculum
3009 2624 3180 2698 (I’sal.
3213 2627 3337 2681 ill.
3367 2623 3445 2696 9).
3489 2625 3688 2696 llujus-

2095 2715 2239 2771 modi
2261 2717 2400 2770 enim
2431 2725 2556 2772 sunt
2605 2717 2948 2786 pecuniarum
2989 2716 3218 2782 divitiae;
3272 2715 3530 2787 dispersa:
3569 2731 3687 2770 ma-

2097 2815 2256 2871 nent;
2304 2807 2348 2861 si
2394 2807 2722 2861 retineantur
2748 2814 2803 2861 et
2831 2807 3236 2872 concludantur,
3276 2809 3434 2863 etiam
3479 2822 3536 2862 se
3567 2821 3690 2862 ser-

2097 2905 2310 2951 vantem
2339 2909 2520 2952 secum
2566 2897 2815 2967 perdunt.
2864 2897 3116 2968 Dispersit
3144 2898 3306 2964 enim,
3337 2899 3525 2968 inquit,
3552 2897 3690 2952 dedit

2099 2990 2422 3061 pauperibus.
2446 2989 2550 3046 Sed
2578 2989 2698 3044 audi
2718 3005 2838 3060 qua:
2858 3000 3152 3060 sequuntur
3178 3007 3192 3043 :
3221 2989 3429 3044 Iustitia
3453 2990 3559 3060 ejus
3579 3006 3690 3042 ma-

2097 3094 2178 3136 net
2192 3083 2242 3136 in
2256 3081 2517 3137 secutum.
2538 3081 2656 3138 Uno
2671 3081 2758 3137 die
2773 3081 2984 3136 divitias
3003 3081 3272 3152 dispersit,
3292 3081 3557 3151 ctjustitia
3571 3080 3691 3149 ejus

2098 3186 2280 3230 manet
2315 3174 2369 3230 in
2404 3173 2657 3229 smculum
2678 3215 2694 3242 ,
2735 3182 2790 3230 et
2819 3174 3131 3229 memoriam
3162 3173 3287 3229 facit
3313 3172 3686 3227 immortalem.

2174 3268 2226 3323 3.
2262 3265 2525 3321 Memoria:
2549 3267 2628 3320 sui
2652 3265 2994 3336 relinquenda:
3021 3267 3151 3320 ratio
3181 3267 3390 3335 optima.
3409 3294 3479 3305 —
3499 3263 3690 3319 Vidisti

2099 3360 2435 3426 memoriam,
2459 3374 2579 3430 qua:
2607 3358 2734 3413 sein
2752 3373 2912 3413 omne
2932 3359 3186 3412 smculum
3208 3358 3486 3412 extendit?
3511 3355 3690 3410 vidisti

2029 3494 2038 3503 .
2099 3451 2412 3506 memoriam
2439 3449 2644 3518 magnis
2667 3457 2722 3504 et
2747 3447 3106 3503 inel'fabilibus
3134 3448 3346 3518 plenam
3370 3447 3560 3502 bonis?
3587 3446 3691 3501 Ta-

2099 3542 2240 3597 libus
2261 3540 2500 3597 :cdiﬁciis
2516 3540 2682 3596 nostri
2702 3542 3014 3595 memoriam
3044 3539 3348 3610 relinquere
3360 3540 3688 3594 Studeamus.

2103 3637 2235 3692 Nam
2257 3634 2522 3705 lapidibus
2546 3634 2860 3699 aediﬁcasse,
2883 3648 2990 3688 non
3018 3633 3187 3687 solum
3209 3632 3335 3686 nihil
3361 3632 3513 3686 nobis
3531 3630 3692 3701 prod-

2102 3741 2222 3783 esse
2269 3726 2503 3796 poterit,
2549 3724 2646 3781 sed
2674 3740 2774 3780 nos
2812 3725 3068 3780 continuo
3097 3733 3365 3794 tamquam
3412 3724 3690 3787 columna,

2106 3819 2252 3874 clara
2283 3833 2413 3872 voce
2445 3816 2741 3872 infamabit.
2776 3817 2840 3870 Et
2864 3831 2964 3870 nos
3003 3815 3128 3871 hinc
3154 3815 3364 3869 abimus
3389 3813 3694 3869 deterentes

2103 3917 2317 3982 peccata
2348 3909 2469 3964 inde
2497 3917 2668 3978 parta,
2691 3918 2744 3963 et
2766 3907 2989 3962 tedilicia
3018 3907 3105 3961 hic
3133 3905 3486 3976 relinquimus
3516 3923 3528 3958 :
3565 3905 3690 3974 quin

2104 4017 2205 4058 nec
2250 4001 2494 4071 frigidam
2548 4000 2692 4054 illam
2741 4009 2796 4054 et
2851 3999 3092 4053 inutilem
3144 3997 3457 4052 memoriam
3505 4010 3693 4050 conse-

2103 4092 2340 4163 quimur,
2368 4089 2462 4145 sed
2493 4089 2671 4160 potius
2720 4087 2931 4159 probris
2973 4088 3342 4157 deturpamur,
3395 4099 3695 4154 nomenque

2104 4187 2282 4241 statim
2313 4183 2504 4239 transit
2536 4182 2602 4236 ad
2629 4182 2877 4236 alterum.
2906 4181 3116 4235 Etenim
3149 4180 3226 4234 sic
3257 4194 3313 4233 se
3349 4193 3434 4232 res
3461 4177 3690 4239 habent,

2104 4289 2165 4333 ut
2191 4277 2260 4331 ab
2299 4276 2402 4330 hoc
2439 4274 2507 4330 ad
2535 4273 2698 4328 alium
2752 4281 3062 4338 transeant,
3093 4281 3148 4327 et
3185 4271 3252 4326 ab
3281 4272 3369 4326 illo
3408 4271 3600 4324 iterum
3643 4270 3694 4322 in

2106 4370 2289 4424 alium.
2338 4367 2405 4422 Et
2457 4365 2616 4420 hodie
2663 4365 2879 4435 quidem
2931 4365 3122 4418 donms
3171 4363 3448 4418 dicebatur
3501 4360 3692 4430 hujus,

2107 4474 2228 4516 cras
2294 4458 2434 4513 illius
2465 4500 2481 4524 ,
2536 4456 2831 4526 postridie,
2887 4455 3095 4510 dicetur
3151 4453 3392 4509 alterius.
3476 4451 3694 4506 Interim

2108 4561 2298 4621 Sponte
2347 4565 2445 4604 nos
2493 4550 2637 4619 ipsos
2687 4547 3017 4616 decipimus,
3079 4555 3328 4616 pumntes
3376 4558 3473 4598 nos
3520 4541 3694 4597 domi-

2108 4647 2255 4701 nium
2286 4643 2550 4714 quoddam
2583 4642 2857 4712 possidere
2877 4682 2891 4706 ,
2917 4641 3219 4694 nescientes
3262 4653 3359 4692 nos
3383 4637 3557 4691 solum
3601 4650 3697 4689 usu

2112 4737 2291 4808 petit-i,
2315 4745 2369 4790 et
2392 4734 2635 4797 velimus,
2662 4732 2912 4796 nolimus,
2933 4731 3052 4784 aliis
3079 4731 3193 4784 ι]ωο
3213 4728 3508 4785 concedere
3537 4746 3550 4780 :
3578 4742 3697 4781 nam

2112 4831 2254 4902 quod
2282 4829 2473 4900 quibus
2514 4827 2782 4888 nolumus,
2816 4824 2867 4877 id
2903 4824 3012 4893 jam
3044 4834 3328 4895 praetereo.
3359 4817 3590 4876 Omnino
3621 4831 3699 4873 ta-

2115 4940 2260 4988 men,
2293 4923 2338 4977 si
2369 4921 2681 4976 memoriam
2714 4917 3075 4986 concupiscis,
3107 4927 3162 4972 et
3190 4917 3346 4986 hujus
3377 4913 3468 4968 tibi
3498 4923 3699 4966 tantum

2115 5019 2348 5073 studium
2393 5026 2474 5072 est
2505 5034 2518 5070 :
2548 5015 2670 5069 andi
2713 5013 2986 5084 quomodo
3027 5011 3200 5065 vidua:
3247 5020 3512 5062 memores
3554 5013 3704 5059 erant

2115 5111 2394 5177 Tahithm,
2445 5117 2501 5164 et
2542 5107 2814 5178 quomodo
2854 5103 3272 5160 circumstabant
3306 5100 3523 5154 Petrum
3567 5097 3698 5150 ﬁen-

2118 5215 2232 5270 tes,
2272 5213 2327 5259 et
2381 5203 2809 5258 demonstrantes
2860 5200 3065 5253 tunicas
3103 5207 3157 5253 et
3201 5205 3412 5257 vestes.
3452 5208 3584 5264 quas
3626 5191 3699 5244 ia-

2116 5297 2291 5353 ciebat
2329 5296 2433 5350 illis
2477 5295 2702 5356 Dorcas,
2744 5309 2864 5349 cum
2909 5293 3083 5346 adhuc
3122 5297 3428 5360 superesset
3485 5288 3617 5356 (Act.
3650 5286 3699 5341 9.

2117 5389 2330 5459 59-“).
2377 5387 2564 5442 Vidisti
2600 5387 2791 5441 domus
2829 5386 3090 5439 animatas
3129 5398 3313 5437 vocem
3371 5381 3701 5443 emittentes,

2117 5493 2172 5537 et
2223 5492 2385 5535 tantm
2441 5481 2688 5545 virtutis,
2740 5490 2798 5533 ιιι
2843 5494 2875 5532 a
2915 5488 3088 5532 morte
3137 5476 3203 5529 ad
3251 5475 3410 5528 vitam
3458 5487 3700 5527 revocare

2117 5574 2352 5644 queant?
2379 5573 2509 5627 Nam
2542 5582 2819 5641 postquam
2846 5572 3316 5625 circumsteterunt
3348 5567 3587 5627 Petrum,
3619 5579 3708 5616 ett--

2121 5666 2255 5720 lidas
2309 5665 2574 5736 lacrymas
2622 5662 3045 5732 profundentes,
3091 5661 3378 5729 cibumque
3421 5668 3476 5712 et
3517 5656 3705 5727 quibus

2120 5773 2255 5826 Opus
2277 5757 2542 5810 habebant
2562 5765 2890 5825 qua-rentes,
2927 5753 3117 5808 Petrus
3138 5753 3326 5818 ejectis
3349 5750 3621 5813 omnibus,
3651 5756 3702 5800 et

2123 5851 2311 5922 positis
2348 5849 2573 5920 genibus
2597 5849 2804 5915 oravit;
2848 5856 3048 5902 etcum
3080 5845 3366 5902 excitasset
3396 5843 3574 5909 illam,
3610 5854 3695 5893 vo-
