  <div class='ocr_page' id='page_1' title='image "/cluster/home/n/w/nwhite01/storage/ocr_20150623/53:no.4:pt.1/coo.31924054869536/276.png"; bbox 0 0 4078 6472; ppageno 0'>
   <div class='ocr_carea' id='block_1_1' title="bbox 282 411 392 469">
    <p class='ocr_par' dir='ltr' id='par_1_1' title="bbox 282 411 392 469">
     <span class='ocr_line' id='line_1_1' title="bbox 282 411 392 469; baseline 0 0"><span class='ocrx_word' id='word_1_1' title='bbox 282 411 392 469; x_wconf 78' lang='lat'>275</span> 
     </span>
    </p>
   </div>
   <div class='ocr_carea' id='block_1_2' title="bbox 281 521 1946 601">
    <p class='ocr_par' dir='ltr' id='par_1_2' title="bbox 281 521 1946 601">
     <span class='ocr_line' id='line_1_2' title="bbox 281 521 1946 601; baseline 0.001 -22"><span class='ocrx_word' id='word_1_2' title='bbox 281 527 406 592; x_wconf 79' lang='grc' dir='ltr'>λιᾶς</span> <span class='ocrx_word' id='word_1_3' title='bbox 436 527 654 600; x_wconf 73' lang='grc' dir='ltr'>εἴρηται</span> <span class='ocrx_word' id='word_1_4' title='bbox 681 530 762 596; x_wconf 85' lang='grc' dir='ltr'>τδ,</span> <span class='ocrx_word' id='word_1_5' title='bbox 792 530 901 585; x_wconf 88' lang='lat' dir='ltr'>Kal</span> <span class='ocrx_word' id='word_1_6' title='bbox 940 524 1019 601; x_wconf 79' lang='grc' dir='ltr'>ἦν</span> <span class='ocrx_word' id='word_1_7' title='bbox 1044 521 1216 588; x_wconf 81' lang='grc' dir='ltr'>πᾶσα</span> <span class='ocrx_word' id='word_1_8' title='bbox 1253 529 1295 597; x_wconf 69' lang='grc' dir='ltr'>τ)</span> <span class='ocrx_word' id='word_1_9' title='bbox 1327 529 1403 600; x_wconf 71' lang='grc' dir='ltr'>τῆ</span> <span class='ocrx_word' id='word_1_10' title='bbox 1434 529 1637 599; x_wconf 66' lang='grc' dir='ltr'>χεῖλος</span> <span class='ocrx_word' id='word_1_11' title='bbox 1661 528 1751 594; x_wconf 78' lang='grc' dir='ltr'>ἓν,</span> <span class='ocrx_word' id='word_1_12' title='bbox 1782 527 1946 583; x_wconf 75' lang='grc' dir='ltr'>ἄκουε</span> 
     </span>
    </p>
   </div>
   <div class='ocr_carea' id='block_1_3' title="bbox 276 609 1952 688">
    <p class='ocr_par' dir='ltr' id='par_1_3' title="bbox 276 609 1952 688">
     <span class='ocr_line' id='line_1_3' title="bbox 276 609 1952 688; baseline 0.001 -22"><span class='ocrx_word' id='word_1_13' title='bbox 276 609 383 683; x_wconf 75' lang='grc' dir='ltr'>τῆς</span> <span class='ocrx_word' id='word_1_14' title='bbox 413 614 452 666; x_wconf 87' lang='grc' dir='ltr'><strong>Γ</strong></span> <span class='ocrx_word' id='word_1_15' title='bbox 456 615 635 685; x_wconf 81' lang='grc' dir='ltr'>ραφῆς</span> <span class='ocrx_word' id='word_1_16' title='bbox 662 615 893 687; x_wconf 84' lang='grc' dir='ltr'>ἀλλαχοῦ</span> <span class='ocrx_word' id='word_1_17' title='bbox 919 616 1186 688; x_wconf 82' lang='grc' dir='ltr'>λεγούσης</span> <span class='ocrx_word' id='word_1_18' title='bbox 1209 634 1221 647; x_wconf 91' lang='grc'><strong>·</strong></span> <span class='ocrx_word' id='word_1_19' title='bbox 1264 616 1380 682; x_wconf 84' lang='grc' dir='ltr'>Ἰὐς</span> <span class='ocrx_word' id='word_1_20' title='bbox 1416 617 1691 671; x_wconf 79' lang='grc' dir='ltr'><em>ἀσπίδων</em></span> <span class='ocrx_word' id='word_1_21' title='bbox 1728 613 1846 669; x_wconf 85' lang='grc' dir='ltr'>ὑπὸ</span> <span class='ocrx_word' id='word_1_22' title='bbox 1875 613 1952 668; x_wconf 81' lang='grc' dir='ltr'>τὰ</span> 
     </span>
    </p>
   </div>
   <div class='ocr_carea' id='block_1_4' title="bbox 277 699 1948 775">
    <p class='ocr_par' dir='ltr' id='par_1_4' title="bbox 277 699 1948 775">
     <span class='ocr_line' id='line_1_4' title="bbox 277 699 1948 775; baseline 0.001 -23"><span class='ocrx_word' id='word_1_23' title='bbox 277 700 455 767; x_wconf 67' lang='grc' dir='ltr'>χείλη</span> <span class='ocrx_word' id='word_1_24' title='bbox 477 699 694 757; x_wconf 85' lang='grc' dir='ltr'>αὐτῶν.</span> <span class='ocrx_word' id='word_1_25' title='bbox 724 701 911 767; x_wconf 80' lang='grc' dir='ltr'><strong>Οὕτως</strong></span> <span class='ocrx_word' id='word_1_26' title='bbox 935 700 1075 757; x_wconf 76' lang='grc' dir='ltr'>οἶδεν</span> <span class='ocrx_word' id='word_1_27' title='bbox 1099 706 1133 775; x_wconf 92' lang='grc' dir='ltr'>ή</span> <span class='ocrx_word' id='word_1_28' title='bbox 1166 703 1353 775; x_wconf 80' lang='grc' dir='ltr'>Γραφὴ</span> <span class='ocrx_word' id='word_1_29' title='bbox 1372 702 1450 773; x_wconf 88' lang='grc' dir='ltr'>τῷ</span> <span class='ocrx_word' id='word_1_30' title='bbox 1473 702 1566 756; x_wconf 89' lang='grc' dir='ltr'>τοῦ</span> <span class='ocrx_word' id='word_1_31' title='bbox 1594 702 1805 773; x_wconf 79' lang='grc' dir='ltr'>χείλους</span> <span class='ocrx_word' id='word_1_32' title='bbox 1828 700 1948 753; x_wconf 84' lang='grc' dir='ltr'>ὀνό-</span> 
     </span>
    </p>
   </div>
   <div class='ocr_carea' id='block_1_5' title="bbox 280 786 1950 861">
    <p class='ocr_par' dir='ltr' id='par_1_5' title="bbox 280 786 1950 861">
     <span class='ocr_line' id='line_1_5' title="bbox 280 786 1950 861; baseline 0.002 -22"><span class='ocrx_word' id='word_1_33' title='bbox 280 802 414 855; x_wconf 84' lang='grc' dir='ltr'>ματι</span> <span class='ocrx_word' id='word_1_34' title='bbox 441 786 537 858; x_wconf 82' lang='grc' dir='ltr'>τήν</span> <span class='ocrx_word' id='word_1_35' title='bbox 557 787 745 842; x_wconf 85' lang='grc' dir='ltr'>λαλιάν</span> <span class='ocrx_word' id='word_1_36' title='bbox 765 790 1210 861; x_wconf 85' lang='grc' dir='ltr'>προσαγορεύειν.</span> <span class='ocrx_word' id='word_1_37' title='bbox 1250 790 1358 844; x_wconf 86' lang='lat' dir='ltr'>Kal</span> <span class='ocrx_word' id='word_1_38' title='bbox 1387 788 1623 859; x_wconf 76' lang='grc' dir='ltr'>ἐγένετο</span> <span class='ocrx_word' id='word_1_39' title='bbox 1654 790 1723 843; x_wconf 85' lang='grc' dir='ltr'>ὲν</span> <span class='ocrx_word' id='word_1_40' title='bbox 1743 787 1823 854; x_wconf 84' lang='grc' dir='ltr'>τῷ</span> <span class='ocrx_word' id='word_1_41' title='bbox 1859 805 1950 842; x_wconf 84' lang='grc' dir='ltr'>κι-</span> 
     </span>
    </p>
   </div>
   <div class='ocr_carea' id='block_1_6' title="bbox 273 870 1952 947">
    <p class='ocr_par' dir='ltr' id='par_1_6' title="bbox 273 870 1952 947">
     <span class='ocr_line' id='line_1_6' title="bbox 273 870 1952 947; baseline 0.003 -21"><span class='ocrx_word' id='word_1_42' title='bbox 273 870 468 941; x_wconf 84' lang='grc' dir='ltr'>νῆσαι</span> <span class='ocrx_word' id='word_1_43' title='bbox 496 874 718 941; x_wconf 87' lang='grc' dir='ltr'>αὐτοὺς</span> <span class='ocrx_word' id='word_1_44' title='bbox 752 875 872 930; x_wconf 85' lang='grc' dir='ltr'>ἀπὸ</span> <span class='ocrx_word' id='word_1_45' title='bbox 907 875 1243 940; x_wconf 75' lang='grc' dir='ltr'>ἀνατολῶν,</span> <span class='ocrx_word' id='word_1_46' title='bbox 1291 870 1474 944; x_wconf 84' lang='grc' dir='ltr'>εὖρον</span> <span class='ocrx_word' id='word_1_47' title='bbox 1505 876 1713 933; x_wconf 82' lang='grc' dir='ltr'>πεδίον</span> <span class='ocrx_word' id='word_1_48' title='bbox 1750 875 1821 930; x_wconf 78' lang='grc' dir='ltr'>ἐν</span> <span class='ocrx_word' id='word_1_49' title='bbox 1873 874 1952 947; x_wconf 75' lang='grc' dir='ltr'>γῆ</span> 
     </span>
    </p>
   </div>
   <div class='ocr_carea' id='block_1_7' title="bbox 277 959 1246 1041">
    <p class='ocr_par' dir='ltr' id='par_1_7' title="bbox 277 959 1246 1041">
     <span class='ocr_line' id='line_1_7' title="bbox 277 959 1246 1041; baseline 0.006 -29"><span class='ocrx_word' id='word_1_50' title='bbox 277 959 583 1041; x_wconf 52' lang='grc' dir='ltr'>Σενναὰρι</span> <span class='ocrx_word' id='word_1_51' title='bbox 599 962 698 1015; x_wconf 80' lang='grc' dir='ltr'>καί</span> <span class='ocrx_word' id='word_1_52' title='bbox 722 962 1079 1030; x_wconf 79' lang='grc' dir='ltr'>κατῴκησαν</span> <span class='ocrx_word' id='word_1_53' title='bbox 1100 963 1246 1020; x_wconf 81' lang='grc' dir='ltr'>ἐκεῖ.</span> 
     </span>
    </p>
   </div>
   <div class='ocr_carea' id='block_1_8' title="bbox 355 1046 1951 1122">
    <p class='ocr_par' dir='ltr' id='par_1_8' title="bbox 355 1046 1951 1122">
     <span class='ocr_line' id='line_1_8' title="bbox 355 1046 1951 1122; baseline 0.001 -20"><span class='ocrx_word' id='word_1_54' title='bbox 355 1046 575 1119; x_wconf 83' lang='grc' dir='ltr'>β’.’⁹ορα</span> <span class='ocrx_word' id='word_1_55' title='bbox 601 1049 769 1120; x_wconf 85' lang='grc' dir='ltr'>πῶςή</span> <span class='ocrx_word' id='word_1_56' title='bbox 798 1050 1110 1122; x_wconf 79' lang='grc' dir='ltr'>ἀνθρωπίνη</span> <span class='ocrx_word' id='word_1_57' title='bbox 1134 1050 1299 1120; x_wconf 82' lang='grc' dir='ltr'>φύσις</span> <span class='ocrx_word' id='word_1_58' title='bbox 1327 1051 1425 1104; x_wconf 87' lang='grc' dir='ltr'>ούκ</span> <span class='ocrx_word' id='word_1_59' title='bbox 1439 1049 1951 1121; x_wconf 81' lang='grc' dir='ltr'>ἀνέχεταιῖστασθαι</span> 
     </span>
    </p>
   </div>
   <div class='ocr_carea' id='block_1_9' title="bbox 277 1132 1950 1210">
    <p class='ocr_par' dir='ltr' id='par_1_9' title="bbox 277 1132 1950 1210">
     <span class='ocr_line' id='line_1_9' title="bbox 277 1132 1950 1210; baseline 0.005 -26"><span class='ocrx_word' id='word_1_60' title='bbox 277 1132 376 1185; x_wconf 76' lang='grc' dir='ltr'>ἐπὶ</span> <span class='ocrx_word' id='word_1_61' title='bbox 422 1134 530 1187; x_wconf 89' lang='grc' dir='ltr'>τῶν</span> <span class='ocrx_word' id='word_1_62' title='bbox 571 1135 787 1190; x_wconf 89' lang='grc' dir='ltr'>οἰκείων</span> <span class='ocrx_word' id='word_1_63' title='bbox 819 1137 981 1207; x_wconf 83' lang='grc' dir='ltr'>ὅρων,</span> <span class='ocrx_word' id='word_1_64' title='bbox 1015 1137 1130 1191; x_wconf 87' lang='grc' dir='ltr'>ἀλλ’</span> <span class='ocrx_word' id='word_1_65' title='bbox 1164 1139 1250 1192; x_wconf 83' lang='grc' dir='ltr'>ἀεὶ</span> <span class='ocrx_word' id='word_1_66' title='bbox 1277 1136 1375 1192; x_wconf 90' lang='grc' dir='ltr'>τοῦ</span> <span class='ocrx_word' id='word_1_67' title='bbox 1417 1138 1659 1203; x_wconf 88' lang='grc' dir='ltr'>πλείονος</span> <span class='ocrx_word' id='word_1_68' title='bbox 1690 1138 1950 1210; x_wconf 81' lang='grc' dir='ltr'>ἐφιεμένη</span> 
     </span>
    </p>
   </div>
   <div class='ocr_carea' id='block_1_10' title="bbox 275 1218 1951 1296">
    <p class='ocr_par' dir='ltr' id='par_1_10' title="bbox 275 1218 1951 1296">
     <span class='ocr_line' id='line_1_10' title="bbox 275 1218 1951 1296; baseline 0.005 -26"><span class='ocrx_word' id='word_1_69' title='bbox 275 1218 531 1289; x_wconf 80' lang='grc' dir='ltr'>ὀρέγεται</span> <span class='ocrx_word' id='word_1_70' title='bbox 567 1220 676 1275; x_wconf 89' lang='grc' dir='ltr'>τῶν</span> <span class='ocrx_word' id='word_1_71' title='bbox 738 1221 1016 1292; x_wconf 88' lang='grc' dir='ltr'>μειζόνων.</span> <span class='ocrx_word' id='word_1_72' title='bbox 1061 1224 1171 1277; x_wconf 87' lang='lat' dir='ltr'>Kal</span> <span class='ocrx_word' id='word_1_73' title='bbox 1212 1224 1368 1277; x_wconf 83' lang='grc' dir='ltr'>τοῦτό</span> <span class='ocrx_word' id='word_1_74' title='bbox 1424 1224 1570 1277; x_wconf 89' lang='grc' dir='ltr'>ἐστιν</span> <span class='ocrx_word' id='word_1_75' title='bbox 1627 1223 1656 1277; x_wconf 83' lang='grc' dir='ltr'><strong>ὃ</strong></span> <span class='ocrx_word' id='word_1_76' title='bbox 1712 1226 1951 1296; x_wconf 90' lang='grc' dir='ltr'>μάλιστα</span> 
     </span>
    </p>
   </div>
   <div class='ocr_carea' id='block_1_11' title="bbox 278 1304 1949 1381">
    <p class='ocr_par' dir='ltr' id='par_1_11' title="bbox 278 1304 1949 1381">
     <span class='ocr_line' id='line_1_11' title="bbox 278 1304 1949 1381; baseline 0.005 -25"><span class='ocrx_word' id='word_1_77' title='bbox 278 1304 541 1360; x_wconf 85' lang='grc' dir='ltr'>ἀπόλλυσι</span> <span class='ocrx_word' id='word_1_78' title='bbox 596 1306 658 1359; x_wconf 83' lang='grc' dir='ltr'>τὸ</span> <span class='ocrx_word' id='word_1_79' title='bbox 694 1307 1033 1377; x_wconf 89' lang='grc' dir='ltr'>ἀνθρώπινον</span> <span class='ocrx_word' id='word_1_80' title='bbox 1078 1310 1254 1378; x_wconf 87' lang='grc' dir='ltr'>γένος,</span> <span class='ocrx_word' id='word_1_81' title='bbox 1293 1309 1353 1363; x_wconf 83' lang='grc' dir='ltr'>τὸ</span> <span class='ocrx_word' id='word_1_82' title='bbox 1387 1309 1467 1381; x_wconf 81' lang='grc' dir='ltr'>μὴ</span> <span class='ocrx_word' id='word_1_83' title='bbox 1520 1308 1804 1379; x_wconf 90' lang='grc' dir='ltr'>βούλεσθαι</span> <span class='ocrx_word' id='word_1_84' title='bbox 1851 1312 1949 1380; x_wconf 81' lang='grc' dir='ltr'>τῆς</span> 
     </span>
    </p>
   </div>
   <div class='ocr_carea' id='block_1_12' title="bbox 277 1391 1949 1468">
    <p class='ocr_par' dir='ltr' id='par_1_12' title="bbox 277 1391 1949 1468">
     <span class='ocr_line' id='line_1_12' title="bbox 277 1391 1949 1468; baseline 0.004 -25"><span class='ocrx_word' id='word_1_85' title='bbox 277 1391 488 1455; x_wconf 77' lang='grc' dir='ltr'>οἰκείας</span> <span class='ocrx_word' id='word_1_86' title='bbox 526 1393 741 1462; x_wconf 82' lang='grc' dir='ltr'>φύσεως</span> <span class='ocrx_word' id='word_1_87' title='bbox 782 1395 1167 1464; x_wconf 75' lang='grc' dir='ltr'>ἐπιγινώσκειν</span> <span class='ocrx_word' id='word_1_88' title='bbox 1197 1395 1266 1449; x_wconf 82' lang='grc' dir='ltr'>τὰ</span> <span class='ocrx_word' id='word_1_89' title='bbox 1318 1397 1518 1468; x_wconf 80' lang='grc' dir='ltr'>μέτρα,</span> <span class='ocrx_word' id='word_1_90' title='bbox 1572 1396 1682 1452; x_wconf 83' lang='grc' dir='ltr'>ἀλλ’</span> <span class='ocrx_word' id='word_1_91' title='bbox 1715 1398 1801 1451; x_wconf 72' lang='grc' dir='ltr'>ἀεὶ</span> <span class='ocrx_word' id='word_1_92' title='bbox 1839 1397 1949 1450; x_wconf 89' lang='grc' dir='ltr'>τῶν</span> 
     </span>
    </p>
   </div>
   <div class='ocr_carea' id='block_1_13' title="bbox 282 1477 1949 1555">
    <p class='ocr_par' dir='ltr' id='par_1_13' title="bbox 282 1477 1949 1555">
     <span class='ocr_line' id='line_1_13' title="bbox 282 1477 1949 1555; baseline 0.004 -25"><span class='ocrx_word' id='word_1_93' title='bbox 282 1477 546 1546; x_wconf 73' lang='grc' dir='ltr'>μειζόνων</span> <span class='ocrx_word' id='word_1_94' title='bbox 574 1479 839 1547; x_wconf 82' lang='grc' dir='ltr'>ἐφίεσθαι,</span> <span class='ocrx_word' id='word_1_95' title='bbox 854 1482 948 1535; x_wconf 76' lang='grc' dir='ltr'>καὶ</span> <span class='ocrx_word' id='word_1_96' title='bbox 976 1484 1046 1536; x_wconf 91' lang='grc' dir='ltr'>τά</span> <span class='ocrx_word' id='word_1_97' title='bbox 1074 1482 1214 1553; x_wconf 82' lang='grc' dir='ltr'>ὑπὲρ</span> <span class='ocrx_word' id='word_1_98' title='bbox 1248 1485 1348 1555; x_wconf 83' lang='grc' dir='ltr'>τὴν</span> <span class='ocrx_word' id='word_1_99' title='bbox 1381 1483 1540 1548; x_wconf 80' lang='grc' dir='ltr'>ἀξίαν</span> <span class='ocrx_word' id='word_1_100' title='bbox 1563 1483 1949 1552; x_wconf 76' lang='grc' dir='ltr'>φαντάζεσθαι.</span> 
     </span>
    </p>
   </div>
   <div class='ocr_carea' id='block_1_14' title="bbox 293 1563 1951 1642">
    <p class='ocr_par' dir='ltr' id='par_1_14' title="bbox 293 1563 1951 1642">
     <span class='ocr_line' id='line_1_14' title="bbox 293 1563 1951 1642; baseline 0.005 -26"><span class='ocrx_word' id='word_1_101' title='bbox 293 1563 574 1619; x_wconf 82' lang='grc' dir='ltr'>Ἐντεῦθεν</span> <span class='ocrx_word' id='word_1_102' title='bbox 612 1566 707 1620; x_wconf 76' lang='grc' dir='ltr'>καὶ</span> <span class='ocrx_word' id='word_1_103' title='bbox 733 1568 784 1620; x_wconf 88' lang='grc' dir='ltr'>οί</span> <span class='ocrx_word' id='word_1_104' title='bbox 813 1570 942 1639; x_wconf 78' lang='grc' dir='ltr'>περὶ</span> <span class='ocrx_word' id='word_1_105' title='bbox 979 1568 1047 1622; x_wconf 87' lang='grc' dir='ltr'>τὰ</span> <span class='ocrx_word' id='word_1_106' title='bbox 1078 1570 1171 1622; x_wconf 90' lang='grc' dir='ltr'>τοῦ</span> <span class='ocrx_word' id='word_1_107' title='bbox 1208 1570 1416 1640; x_wconf 84' lang='grc' dir='ltr'>κόσμου</span> <span class='ocrx_word' id='word_1_108' title='bbox 1449 1569 1778 1639; x_wconf 80' lang='grc' dir='ltr'>ἐπτοημένοι</span> <span class='ocrx_word' id='word_1_109' title='bbox 1817 1571 1951 1642; x_wconf 83' lang='grc' dir='ltr'>πρά-</span> 
     </span>
    </p>
   </div>
   <div class='ocr_carea' id='block_1_15' title="bbox 276 1650 1951 1727">
    <p class='ocr_par' dir='ltr' id='par_1_15' title="bbox 276 1650 1951 1727">
     <span class='ocr_line' id='line_1_15' title="bbox 276 1650 1951 1727; baseline 0.005 -26"><span class='ocrx_word' id='word_1_110' title='bbox 276 1666 488 1719; x_wconf 85' lang='grc' dir='ltr'>γματα,</span> <span class='ocrx_word' id='word_1_111' title='bbox 518 1650 734 1709; x_wconf 83' lang='grc' dir='ltr'>ἐπειδὰν</span> <span class='ocrx_word' id='word_1_112' title='bbox 771 1654 936 1709; x_wconf 80' lang='grc' dir='ltr'>πολὺν</span> <span class='ocrx_word' id='word_1_113' title='bbox 964 1655 1395 1727; x_wconf 88' lang='grc' dir='ltr'>περιϐάλλωνται</span> <span class='ocrx_word' id='word_1_114' title='bbox 1420 1656 1650 1709; x_wconf 88' lang='grc' dir='ltr'>πλοῦτον</span> <span class='ocrx_word' id='word_1_115' title='bbox 1675 1655 1769 1709; x_wconf 79' lang='grc' dir='ltr'>καὶ</span> <span class='ocrx_word' id='word_1_116' title='bbox 1792 1657 1951 1710; x_wconf 88' lang='grc' dir='ltr'>δυνα-</span> 
     </span>
    </p>
   </div>
   <div class='ocr_carea' id='block_1_16' title="bbox 280 1738 1948 1814">
    <p class='ocr_par' dir='ltr' id='par_1_16' title="bbox 280 1738 1948 1814">
     <span class='ocr_line' id='line_1_16' title="bbox 280 1738 1948 1814; baseline 0.005 -25"><span class='ocrx_word' id='word_1_117' title='bbox 280 1738 503 1808; x_wconf 87' lang='grc' dir='ltr'>στείαν,</span> <span class='ocrx_word' id='word_1_118' title='bbox 553 1740 740 1812; x_wconf 80' lang='grc' dir='ltr'>ὥσπερ</span> <span class='ocrx_word' id='word_1_119' title='bbox 798 1742 1276 1814; x_wconf 64' lang='grc' dir='ltr'>ἐπιλανθανόμενοι</span> <span class='ocrx_word' id='word_1_120' title='bbox 1314 1743 1415 1813; x_wconf 90' lang='grc' dir='ltr'>τῆς</span> <span class='ocrx_word' id='word_1_121' title='bbox 1459 1744 1665 1807; x_wconf 80' lang='grc' dir='ltr'>οἰκείας</span> <span class='ocrx_word' id='word_1_122' title='bbox 1713 1742 1948 1813; x_wconf 83' lang='grc' dir='ltr'>φύσεως,</span> 
     </span>
    </p>
   </div>
   <div class='ocr_carea' id='block_1_17' title="bbox 282 1828 1951 1903">
    <p class='ocr_par' dir='ltr' id='par_1_17' title="bbox 282 1828 1951 1903">
     <span class='ocr_line' id='line_1_17' title="bbox 282 1828 1951 1903; baseline -0.001 -18"><span class='ocrx_word' id='word_1_123' title='bbox 282 1831 449 1903; x_wconf 86' lang='grc' dir='ltr'>μέχρι</span> <span class='ocrx_word' id='word_1_124' title='bbox 480 1829 733 1885; x_wconf 84' lang='grc' dir='ltr'>τοσούτου</span> <span class='ocrx_word' id='word_1_125' title='bbox 764 1830 844 1893; x_wconf 91' lang='grc' dir='ltr'>εἰς</span> <span class='ocrx_word' id='word_1_126' title='bbox 877 1828 1007 1899; x_wconf 77' lang='grc' dir='ltr'>ὕψος</span> <span class='ocrx_word' id='word_1_127' title='bbox 1052 1830 1376 1901; x_wconf 79' lang='grc' dir='ltr'>ἐπαίρεσθαι</span> <span class='ocrx_word' id='word_1_128' title='bbox 1408 1829 1685 1900; x_wconf 67' lang='grc' dir='ltr'>βούλονται</span> <span class='ocrx_word' id='word_1_129' title='bbox 1706 1869 1721 1894; x_wconf 91' lang='grc'>,</span> <span class='ocrx_word' id='word_1_130' title='bbox 1757 1831 1951 1901; x_wconf 83' lang='grc' dir='ltr'>μέχρις</span> 
     </span>
    </p>
   </div>
   <div class='ocr_carea' id='block_1_18' title="bbox 279 1916 1949 1989">
    <p class='ocr_par' dir='ltr' id='par_1_18' title="bbox 279 1916 1949 1989">
     <span class='ocr_line' id='line_1_18' title="bbox 279 1916 1949 1989; baseline 0 -16"><span class='ocrx_word' id='word_1_131' title='bbox 279 1919 347 1973; x_wconf 80' lang='grc' dir='ltr'>ἂν</span> <span class='ocrx_word' id='word_1_132' title='bbox 376 1920 456 1982; x_wconf 88' lang='grc' dir='ltr'>είς</span> <span class='ocrx_word' id='word_1_133' title='bbox 488 1918 650 1974; x_wconf 79' lang='grc' dir='ltr'>αὐτὸν</span> <span class='ocrx_word' id='word_1_134' title='bbox 675 1918 768 1971; x_wconf 82' lang='grc' dir='ltr'>τὸν</span> <span class='ocrx_word' id='word_1_135' title='bbox 801 1917 1051 1988; x_wconf 76' lang='grc' dir='ltr'>πυθμένα</span> <span class='ocrx_word' id='word_1_136' title='bbox 1097 1916 1484 1989; x_wconf 87' lang='grc' dir='ltr'>κατενεχθῶσι.</span> <span class='ocrx_word' id='word_1_137' title='bbox 1527 1918 1637 1972; x_wconf 83' lang='lat' dir='ltr'>Kal</span> <span class='ocrx_word' id='word_1_138' title='bbox 1663 1917 1823 1973; x_wconf 90' lang='grc' dir='ltr'>τοῦτο</span> <span class='ocrx_word' id='word_1_139' title='bbox 1851 1918 1949 1973; x_wconf 80' lang='grc' dir='ltr'>ἴδοι</span> 
     </span>
    </p>
   </div>
   <div class='ocr_carea' id='block_1_19' title="bbox 275 2003 1945 2080">
    <p class='ocr_par' dir='ltr' id='par_1_19' title="bbox 275 2003 1945 2080">
     <span class='ocr_line' id='line_1_19' title="bbox 275 2003 1945 2080; baseline 0.002 -24"><span class='ocrx_word' id='word_1_140' title='bbox 275 2020 365 2069; x_wconf 91' lang='grc' dir='ltr'>τις</span> <span class='ocrx_word' id='word_1_141' title='bbox 393 2004 461 2058; x_wconf 82' lang='grc' dir='ltr'>ἂν</span> <span class='ocrx_word' id='word_1_142' title='bbox 488 2004 571 2073; x_wconf 81' lang='grc' dir='ltr'>ἐφ’</span> <span class='ocrx_word' id='word_1_143' title='bbox 601 2003 837 2074; x_wconf 78' lang='grc' dir='ltr'>ἑκάστης</span> <span class='ocrx_word' id='word_1_144' title='bbox 867 2005 1162 2074; x_wconf 80' lang='grc' dir='ltr'>συμϐαῖνον</span> <span class='ocrx_word' id='word_1_145' title='bbox 1197 2003 1429 2075; x_wconf 80' lang='grc' dir='ltr'>ἡμέρας.</span> <span class='ocrx_word' id='word_1_146' title='bbox 1470 2005 1566 2059; x_wconf 80' lang='grc' dir='ltr'>καὶ</span> <span class='ocrx_word' id='word_1_147' title='bbox 1607 2005 1728 2059; x_wconf 80' lang='grc' dir='ltr'>οὐδὲ</span> <span class='ocrx_word' id='word_1_148' title='bbox 1774 2006 1945 2080; x_wconf 84' lang='grc' dir='ltr'>ταύτῃ</span> 
     </span>
    </p>
   </div>
   <div class='ocr_carea' id='block_1_20' title="bbox 275 2092 1947 2167">
    <p class='ocr_par' dir='ltr' id='par_1_20' title="bbox 275 2092 1947 2167">
     <span class='ocr_line' id='line_1_20' title="bbox 275 2092 1947 2167; baseline 0.002 -20"><span class='ocrx_word' id='word_1_149' title='bbox 275 2093 407 2157; x_wconf 83' lang='grc' dir='ltr'>τοὺς</span> <span class='ocrx_word' id='word_1_150' title='bbox 461 2093 679 2156; x_wconf 74' lang='grc' dir='ltr'>λοιποὺς</span> <span class='ocrx_word' id='word_1_151' title='bbox 730 2093 1251 2163; x_wconf 70' lang='grc' dir='ltr'>σανρρονιζομένους,</span> <span class='ocrx_word' id='word_1_152' title='bbox 1299 2092 1436 2148; x_wconf 89' lang='grc' dir='ltr'>ἀλλά</span> <span class='ocrx_word' id='word_1_153' title='bbox 1464 2095 1596 2165; x_wconf 73' lang='grc' dir='ltr'>πρὸς</span> <span class='ocrx_word' id='word_1_154' title='bbox 1642 2095 1817 2167; x_wconf 86' lang='grc' dir='ltr'>βραχὺ</span> <span class='ocrx_word' id='word_1_155' title='bbox 1846 2096 1947 2167; x_wconf 81' lang='grc' dir='ltr'>μὲν</span> 
     </span>
    </p>
   </div>
   <div class='ocr_carea' id='block_1_21' title="bbox 278 2179 1944 2254">
    <p class='ocr_par' dir='ltr' id='par_1_21' title="bbox 278 2179 1944 2254">
     <span class='ocr_line' id='line_1_21' title="bbox 278 2179 1944 2254; baseline 0.004 -21"><span class='ocrx_word' id='word_1_156' title='bbox 278 2179 755 2250; x_wconf 86' lang='grc' dir='ltr'>συστελλομένους,</span> <span class='ocrx_word' id='word_1_157' title='bbox 792 2180 986 2252; x_wconf 89' lang='grc' dir='ltr'>ἀθρόον</span> <span class='ocrx_word' id='word_1_158' title='bbox 1012 2181 1069 2234; x_wconf 88' lang='grc' dir='ltr'>δέ</span> <span class='ocrx_word' id='word_1_159' title='bbox 1099 2181 1313 2234; x_wconf 88' lang='grc' dir='ltr'>πάντων</span> <span class='ocrx_word' id='word_1_160' title='bbox 1363 2180 1533 2252; x_wconf 88' lang='grc' dir='ltr'>λήθην</span> <span class='ocrx_word' id='word_1_161' title='bbox 1567 2186 1944 2254; x_wconf 80' lang='grc' dir='ltr'>ποιουμένους,</span> 
     </span>
    </p>
   </div>
   <div class='ocr_carea' id='block_1_22' title="bbox 275 2266 1948 2339">
    <p class='ocr_par' dir='ltr' id='par_1_22' title="bbox 275 2266 1948 2339">
     <span class='ocr_line' id='line_1_22' title="bbox 275 2266 1948 2339; baseline 0.004 -19"><span class='ocrx_word' id='word_1_162' title='bbox 275 2268 376 2321; x_wconf 71' lang='grc' dir='ltr'>καὶ</span> <span class='ocrx_word' id='word_1_163' title='bbox 397 2267 559 2321; x_wconf 91' lang='grc' dir='ltr'>πάλιν</span> <span class='ocrx_word' id='word_1_164' title='bbox 587 2266 685 2339; x_wconf 82' lang='grc' dir='ltr'>τήν</span> <span class='ocrx_word' id='word_1_165' title='bbox 703 2267 874 2339; x_wconf 79' lang='grc' dir='ltr'>αὐτὴν</span> <span class='ocrx_word' id='word_1_166' title='bbox 919 2268 1148 2333; x_wconf 88' lang='grc' dir='ltr'>ἐκείνοις</span> <span class='ocrx_word' id='word_1_167' title='bbox 1194 2266 1508 2337; x_wconf 78' lang='grc' dir='ltr'>βαδίζοντας</span> <span class='ocrx_word' id='word_1_168' title='bbox 1554 2270 1690 2334; x_wconf 84' lang='grc' dir='ltr'>ὁδὸν,</span> <span class='ocrx_word' id='word_1_169' title='bbox 1727 2273 1821 2326; x_wconf 77' lang='grc' dir='ltr'>καὶ</span> <span class='ocrx_word' id='word_1_170' title='bbox 1865 2276 1948 2339; x_wconf 87' lang='grc' dir='ltr'>εἰς</span> 
     </span>
    </p>
   </div>
   <div class='ocr_carea' id='block_1_23' title="bbox 274 2353 1946 2428">
    <p class='ocr_par' dir='ltr' id='par_1_23' title="bbox 274 2353 1946 2428">
     <span class='ocr_line' id='line_1_23' title="bbox 274 2353 1946 2428; baseline 0.004 -20"><span class='ocrx_word' id='word_1_171' title='bbox 274 2354 450 2409; x_wconf 82' lang='grc' dir='ltr'>αὐτὸν</span> <span class='ocrx_word' id='word_1_172' title='bbox 476 2353 567 2407; x_wconf 78' lang='grc' dir='ltr'>τὸν</span> <span class='ocrx_word' id='word_1_173' title='bbox 594 2353 835 2424; x_wconf 78' lang='grc' dir='ltr'>κρημνὸν</span> <span class='ocrx_word' id='word_1_174' title='bbox 874 2355 1283 2426; x_wconf 82' lang='grc' dir='ltr'>καταγομένους</span> <span class='ocrx_word' id='word_1_175' title='bbox 1304 2375 1317 2388; x_wconf 89' lang='grc'><strong>·</strong></span> <span class='ocrx_word' id='word_1_176' title='bbox 1364 2356 1498 2428; x_wconf 78' lang='grc' dir='ltr'>ὅπερ</span> <span class='ocrx_word' id='word_1_177' title='bbox 1527 2358 1620 2412; x_wconf 67' lang='grc' dir='ltr'>καλ⁵</span> <span class='ocrx_word' id='word_1_178' title='bbox 1651 2359 1745 2413; x_wconf 93' lang='grc' dir='ltr'>νῦν</span> <span class='ocrx_word' id='word_1_179' title='bbox 1799 2360 1946 2416; x_wconf 82' lang='grc' dir='ltr'>ἔστιν</span> 
     </span>
    </p>
   </div>
   <div class='ocr_carea' id='block_1_24' title="bbox 278 2437 1946 2511">
    <p class='ocr_par' dir='ltr' id='par_1_24' title="bbox 278 2437 1946 2511">
     <span class='ocr_line' id='line_1_24' title="bbox 278 2437 1946 2511; baseline 0.002 -19"><span class='ocrx_word' id='word_1_180' title='bbox 278 2439 412 2492; x_wconf 81' lang='grc' dir='ltr'>ἰδεῖν</span> <span class='ocrx_word' id='word_1_181' title='bbox 440 2437 532 2490; x_wconf 80' lang='grc' dir='ltr'>ἐπὶ</span> <span class='ocrx_word' id='word_1_182' title='bbox 565 2437 769 2491; x_wconf 88' lang='grc' dir='ltr'>τούτων</span> <span class='ocrx_word' id='word_1_183' title='bbox 798 2438 1039 2506; x_wconf 84' lang='grc' dir='ltr'>γεγονός.</span> <span class='ocrx_word' id='word_1_184' title='bbox 1070 2440 1178 2493; x_wconf 81' lang='grc' dir='ltr'>Καὶ</span> <span class='ocrx_word' id='word_1_185' title='bbox 1206 2441 1440 2511; x_wconf 78' lang='grc' dir='ltr'>ἐγένετο</span> <span class='ocrx_word' id='word_1_186' title='bbox 1469 2444 1538 2497; x_wconf 84' lang='grc' dir='ltr'>ἐν</span> <span class='ocrx_word' id='word_1_187' title='bbox 1573 2443 1653 2509; x_wconf 84' lang='grc' dir='ltr'>τῷ</span> <span class='ocrx_word' id='word_1_188' title='bbox 1701 2443 1946 2511; x_wconf 80' lang='grc' dir='ltr'>κινῆσαι</span> 
     </span>
    </p>
   </div>
   <div class='ocr_carea' id='block_1_25' title="bbox 271 2524 1943 2603">
    <p class='ocr_par' dir='ltr' id='par_1_25' title="bbox 271 2524 1943 2603">
     <span class='ocr_line' id='line_1_25' title="bbox 271 2524 1943 2603; baseline 0.004 -23"><span class='ocrx_word' id='word_1_189' title='bbox 271 2527 498 2593; x_wconf 82' lang='grc' dir='ltr'>αὐτοὺς</span> <span class='ocrx_word' id='word_1_190' title='bbox 518 2527 634 2581; x_wconf 82' lang='grc' dir='ltr'>ἀπὸ</span> <span class='ocrx_word' id='word_1_191' title='bbox 657 2525 987 2593; x_wconf 69' lang='grc' dir='ltr'>ἀνατολῶν,</span> <span class='ocrx_word' id='word_1_192' title='bbox 1020 2524 1204 2598; x_wconf 81' lang='grc' dir='ltr'>εὗρον</span> <span class='ocrx_word' id='word_1_193' title='bbox 1228 2533 1439 2587; x_wconf 83' lang='grc' dir='ltr'>πεδίον</span> <span class='ocrx_word' id='word_1_194' title='bbox 1463 2534 1531 2587; x_wconf 85' lang='grc' dir='ltr'>ἐν</span> <span class='ocrx_word' id='word_1_195' title='bbox 1559 2532 1637 2603; x_wconf 71' lang='grc' dir='ltr'>τῇ</span> <span class='ocrx_word' id='word_1_196' title='bbox 1659 2532 1943 2602; x_wconf 82' lang='grc' dir='ltr'>Σενναὰρ,</span> 
     </span>
    </p>
   </div>
   <div class='ocr_carea' id='block_1_26' title="bbox 272 2611 1947 2691">
    <p class='ocr_par' dir='ltr' id='par_1_26' title="bbox 272 2611 1947 2691">
     <span class='ocr_line' id='line_1_26' title="bbox 272 2611 1947 2691; baseline 0.003 -23"><span class='ocrx_word' id='word_1_197' title='bbox 272 2613 381 2668; x_wconf 78' lang='grc' dir='ltr'>καὶ</span> <span class='ocrx_word' id='word_1_198' title='bbox 406 2611 766 2681; x_wconf 79' lang='grc' dir='ltr'>κατῴκησαν</span> <span class='ocrx_word' id='word_1_199' title='bbox 786 2612 928 2668; x_wconf 83' lang='grc' dir='ltr'>ἐκεῖ.</span> <span class='ocrx_word' id='word_1_200' title='bbox 962 2615 1104 2686; x_wconf 89' lang='grc' dir='ltr'>Ὅρα</span> <span class='ocrx_word' id='word_1_201' title='bbox 1129 2617 1247 2682; x_wconf 89' lang='grc' dir='ltr'>πῶς</span> <span class='ocrx_word' id='word_1_202' title='bbox 1278 2620 1419 2675; x_wconf 78' lang='grc' dir='ltr'>κατὰ</span> <span class='ocrx_word' id='word_1_203' title='bbox 1465 2621 1658 2691; x_wconf 78' lang='grc' dir='ltr'>μικρὸν</span> <span class='ocrx_word' id='word_1_204' title='bbox 1690 2622 1834 2691; x_wconf 82' lang='grc' dir='ltr'>ἡμᾶς</span> <span class='ocrx_word' id='word_1_205' title='bbox 1871 2620 1947 2673; x_wconf 89' lang='grc' dir='ltr'>δι-</span> 
     </span>
    </p>
   </div>
   <div class='ocr_carea' id='block_1_27' title="bbox 270 2701 1944 2780">
    <p class='ocr_par' dir='ltr' id='par_1_27' title="bbox 270 2701 1944 2780">
     <span class='ocr_line' id='line_1_27' title="bbox 270 2701 1944 2780; baseline 0.004 -24"><span class='ocrx_word' id='word_1_206' title='bbox 270 2701 467 2757; x_wconf 82' lang='grc' dir='ltr'>δάσκει</span> <span class='ocrx_word' id='word_1_207' title='bbox 489 2704 586 2773; x_wconf 84' lang='grc' dir='ltr'>τῆς</span> <span class='ocrx_word' id='word_1_208' title='bbox 634 2702 859 2773; x_wconf 86' lang='grc' dir='ltr'>γνώμης</span> <span class='ocrx_word' id='word_1_209' title='bbox 904 2702 1084 2758; x_wconf 84' lang='grc' dir='ltr'>αὐτῶν</span> <span class='ocrx_word' id='word_1_210' title='bbox 1132 2705 1193 2759; x_wconf 81' lang='grc' dir='ltr'>τὺ</span> <span class='ocrx_word' id='word_1_211' title='bbox 1223 2707 1472 2762; x_wconf 84' lang='grc' dir='ltr'>ἄστατον.</span> <span class='ocrx_word' id='word_1_212' title='bbox 1520 2709 1741 2780; x_wconf 81' lang='grc' dir='ltr'>Ἐπειδὴ</span> <span class='ocrx_word' id='word_1_213' title='bbox 1785 2705 1944 2775; x_wconf 85' lang='grc' dir='ltr'>εἶδον,</span> 
     </span>
    </p>
   </div>
   <div class='ocr_carea' id='block_1_28' title="bbox 272 2786 1948 2860">
    <p class='ocr_par' dir='ltr' id='par_1_28' title="bbox 272 2786 1948 2860">
     <span class='ocr_line' id='line_1_28' title="bbox 272 2786 1948 2860; baseline 0.005 -21"><span class='ocrx_word' id='word_1_214' title='bbox 272 2789 434 2858; x_wconf 73' lang='grc' dir='ltr'>φησὶ,</span> <span class='ocrx_word' id='word_1_215' title='bbox 464 2786 613 2860; x_wconf 78' lang='grc'>[296]</span> <span class='ocrx_word' id='word_1_216' title='bbox 634 2787 695 2842; x_wconf 81' lang='grc' dir='ltr'>τὸ</span> <span class='ocrx_word' id='word_1_217' title='bbox 711 2789 914 2857; x_wconf 87' lang='grc' dir='ltr'>πεδίον,</span> <span class='ocrx_word' id='word_1_218' title='bbox 942 2792 1375 2860; x_wconf 84' lang='grc' dir='ltr'>μεταναστάντες</span> <span class='ocrx_word' id='word_1_219' title='bbox 1424 2796 1518 2848; x_wconf 75' lang='grc' dir='ltr'>καὶ</span> <span class='ocrx_word' id='word_1_220' title='bbox 1557 2795 1948 2859; x_wconf 85' lang='grc' dir='ltr'>καταλιπόντες</span> 
     </span>
    </p>
   </div>
   <div class='ocr_carea' id='block_1_29' title="bbox 270 2875 1944 2953">
    <p class='ocr_par' dir='ltr' id='par_1_29' title="bbox 270 2875 1944 2953">
     <span class='ocr_line' id='line_1_29' title="bbox 270 2875 1944 2953; baseline 0.004 -26"><span class='ocrx_word' id='word_1_221' title='bbox 270 2876 377 2946; x_wconf 81' lang='grc' dir='ltr'>τὴν</span> <span class='ocrx_word' id='word_1_222' title='bbox 413 2875 684 2947; x_wconf 88' lang='grc' dir='ltr'>προτέραν</span> <span class='ocrx_word' id='word_1_223' title='bbox 724 2875 958 2947; x_wconf 77' lang='grc' dir='ltr'>οἴκησιν,</span> <span class='ocrx_word' id='word_1_224' title='bbox 995 2879 1113 2931; x_wconf 78' lang='grc' dir='ltr'>ἐκεί</span> <span class='ocrx_word' id='word_1_225' title='bbox 1150 2880 1498 2951; x_wconf 81' lang='grc' dir='ltr'>κατῴκησαν.</span> <span class='ocrx_word' id='word_1_226' title='bbox 1562 2879 1693 2938; x_wconf 82' lang='grc' dir='ltr'>Εἶτά</span> <span class='ocrx_word' id='word_1_227' title='bbox 1747 2899 1944 2953; x_wconf 71' lang='grc' dir='ltr'>φησιν⁹</span> 
     </span>
    </p>
   </div>
   <div class='ocr_carea' id='block_1_30' title="bbox 270 2958 1947 3034">
    <p class='ocr_par' dir='ltr' id='par_1_30' title="bbox 270 2958 1947 3034">
     <span class='ocr_line' id='line_1_30' title="bbox 270 2958 1947 3034; baseline 0.004 -17"><span class='ocrx_word' id='word_1_228' title='bbox 270 2958 463 3017; x_wconf 79' lang='grc' dir='ltr'>Εἶπεν</span> <span class='ocrx_word' id='word_1_229' title='bbox 515 2961 771 3028; x_wconf 73' lang='grc' dir='ltr'>ἕκαστος</span> <span class='ocrx_word' id='word_1_230' title='bbox 810 2962 889 3028; x_wconf 87' lang='grc' dir='ltr'>τῷ</span> <span class='ocrx_word' id='word_1_231' title='bbox 936 2965 1205 3032; x_wconf 75' lang='grc' dir='ltr'>πλησίον</span> <span class='ocrx_word' id='word_1_232' title='bbox 1247 2966 1463 3022; x_wconf 82' lang='grc' dir='ltr'>αὑτοῦ·</span> <span class='ocrx_word' id='word_1_233' title='bbox 1524 2964 1722 3034; x_wconf 85' lang='grc' dir='ltr'>Δεῦτε,</span> <span class='ocrx_word' id='word_1_234' title='bbox 1770 2972 1947 3023; x_wconf 73' lang='grc' dir='ltr'>πλιν-</span> 
     </span>
    </p>
   </div>
   <div class='ocr_carea' id='block_1_31' title="bbox 271 3050 1940 3124">
    <p class='ocr_par' dir='ltr' id='par_1_31' title="bbox 271 3050 1940 3124">
     <span class='ocr_line' id='line_1_31' title="bbox 271 3050 1940 3124; baseline 0.004 -19"><span class='ocrx_word' id='word_1_235' title='bbox 271 3050 584 3119; x_wconf 78' lang='grc' dir='ltr'>θεύσωμεν</span> <span class='ocrx_word' id='word_1_236' title='bbox 632 3050 947 3117; x_wconf 72' lang='grc' dir='ltr'>πλίνθους,</span> <span class='ocrx_word' id='word_1_237' title='bbox 1004 3052 1104 3105; x_wconf 78' lang='grc' dir='ltr'>καὶ</span> <span class='ocrx_word' id='word_1_238' title='bbox 1150 3053 1506 3124; x_wconf 79' lang='grc' dir='ltr'>ὀπτήσωμεν</span> <span class='ocrx_word' id='word_1_239' title='bbox 1554 3057 1739 3122; x_wconf 84' lang='grc' dir='ltr'>αὐτὰς</span> <span class='ocrx_word' id='word_1_240' title='bbox 1779 3056 1940 3124; x_wconf 85' lang='grc' dir='ltr'>πυρί.</span> 
     </span>
    </p>
   </div>
   <div class='ocr_carea' id='block_1_32' title="bbox 271 3128 1945 3211">
    <p class='ocr_par' dir='ltr' id='par_1_32' title="bbox 271 3128 1945 3211">
     <span class='ocr_line' id='line_1_32' title="bbox 271 3128 1945 3211; baseline 0.004 -20"><span class='ocrx_word' id='word_1_241' title='bbox 271 3137 387 3191; x_wconf 86' lang='lat' dir='ltr'>Kal</span> <span class='ocrx_word' id='word_1_242' title='bbox 419 3136 652 3206; x_wconf 72' lang='grc' dir='ltr'>ἐγένετο</span> <span class='ocrx_word' id='word_1_243' title='bbox 680 3137 883 3203; x_wconf 83' lang='grc' dir='ltr'>αὐτοῖς</span> <span class='ocrx_word' id='word_1_244' title='bbox 917 3138 954 3205; x_wconf 77' lang='grc' dir='ltr'>ἡ</span> <span class='ocrx_word' id='word_1_245' title='bbox 982 3128 1233 3204; x_wconf 80' lang='grc' dir='ltr'>πλίνθος</span> <span class='ocrx_word' id='word_1_246' title='bbox 1254 3143 1341 3206; x_wconf 80' lang='grc' dir='ltr'>εὶς</span> <span class='ocrx_word' id='word_1_247' title='bbox 1367 3142 1561 3206; x_wconf 79' lang='grc' dir='ltr'>λίθον,</span> <span class='ocrx_word' id='word_1_248' title='bbox 1593 3142 1690 3195; x_wconf 84' lang='grc' dir='ltr'>καί</span> <span class='ocrx_word' id='word_1_249' title='bbox 1718 3142 1945 3211; x_wconf 69' lang='grc' dir='ltr'>ἄσφαλ-</span> 
     </span>
    </p>
   </div>
   <div class='ocr_carea' id='block_1_33' title="bbox 272 3218 1943 3294">
    <p class='ocr_par' dir='ltr' id='par_1_33' title="bbox 272 3218 1943 3294">
     <span class='ocr_line' id='line_1_33' title="bbox 272 3218 1943 3294; baseline 0.004 -18"><span class='ocrx_word' id='word_1_250' title='bbox 272 3239 383 3289; x_wconf 88' lang='grc' dir='ltr'>τος</span> <span class='ocrx_word' id='word_1_251' title='bbox 417 3218 496 3294; x_wconf 81' lang='grc' dir='ltr'>ἦν</span> <span class='ocrx_word' id='word_1_252' title='bbox 523 3222 725 3290; x_wconf 85' lang='grc' dir='ltr'>αὐτοῖς</span> <span class='ocrx_word' id='word_1_253' title='bbox 752 3225 786 3277; x_wconf 81' lang='grc' dir='ltr'>δ</span> <span class='ocrx_word' id='word_1_254' title='bbox 817 3224 1030 3291; x_wconf 73' lang='grc' dir='ltr'>πηλός.</span> <span class='ocrx_word' id='word_1_255' title='bbox 1062 3226 1174 3279; x_wconf 87' lang='lat' dir='ltr'><strong><em>Kal</em></strong></span> <span class='ocrx_word' id='word_1_256' title='bbox 1198 3223 1371 3280; x_wconf 80' lang='grc' dir='ltr'>εἷπον</span> <span class='ocrx_word' id='word_1_257' title='bbox 1390 3245 1404 3259; x_wconf 90' lang='grc'><strong>·</strong></span> <span class='ocrx_word' id='word_1_258' title='bbox 1444 3228 1643 3291; x_wconf 84' lang='grc' dir='ltr'>Δεῦτε,</span> <span class='ocrx_word' id='word_1_259' title='bbox 1670 3229 1766 3282; x_wconf 80' lang='grc' dir='ltr'>καί</span> <span class='ocrx_word' id='word_1_260' title='bbox 1786 3231 1943 3283; x_wconf 83' lang='grc' dir='ltr'>οἱκο-</span> 
     </span>
    </p>
   </div>
   <div class='ocr_carea' id='block_1_34' title="bbox 271 3311 1943 3387">
    <p class='ocr_par' dir='ltr' id='par_1_34' title="bbox 271 3311 1943 3387">
     <span class='ocr_line' id='line_1_34' title="bbox 271 3311 1943 3387; baseline 0.002 -21"><span class='ocrx_word' id='word_1_261' title='bbox 271 3311 633 3382; x_wconf 76' lang='grc' dir='ltr'>ὂομήσωμεν</span> <span class='ocrx_word' id='word_1_262' title='bbox 652 3311 888 3378; x_wconf 81' lang='grc' dir='ltr'>ἑαυτοῖς</span> <span class='ocrx_word' id='word_1_263' title='bbox 921 3312 1124 3379; x_wconf 77' lang='grc' dir='ltr'>πόλιν,</span> <span class='ocrx_word' id='word_1_264' title='bbox 1158 3314 1257 3369; x_wconf 78' lang='grc' dir='ltr'>καὶ</span> <span class='ocrx_word' id='word_1_265' title='bbox 1300 3317 1550 3387; x_wconf 74' lang='grc' dir='ltr'>πύργον,</span> <span class='ocrx_word' id='word_1_266' title='bbox 1591 3313 1663 3373; x_wconf 87' lang='grc' dir='ltr'>οὗ</span> <span class='ocrx_word' id='word_1_267' title='bbox 1692 3316 1863 3371; x_wconf 82' lang='grc' dir='ltr'>ἔσται</span> <span class='ocrx_word' id='word_1_268' title='bbox 1905 3317 1943 3385; x_wconf 77' lang='grc' dir='ltr'><em>ἠ</em></span> 
     </span>
    </p>
   </div>
   <div class='ocr_carea' id='block_1_35' title="bbox 271 3398 1946 3475">
    <p class='ocr_par' dir='ltr' id='par_1_35' title="bbox 271 3398 1946 3475">
     <span class='ocr_line' id='line_1_35' title="bbox 271 3398 1946 3475; baseline 0.001 -21"><span class='ocrx_word' id='word_1_269' title='bbox 271 3399 510 3468; x_wconf 66' lang='grc' dir='ltr'>κεφαλή</span> <span class='ocrx_word' id='word_1_270' title='bbox 545 3398 656 3466; x_wconf 79' lang='grc' dir='ltr'>ἕως</span> <span class='ocrx_word' id='word_1_271' title='bbox 687 3399 790 3453; x_wconf 82' lang='grc' dir='ltr'>τοῦ</span> <span class='ocrx_word' id='word_1_272' title='bbox 844 3401 1137 3468; x_wconf 79' lang='grc' dir='ltr'>οὐρανοῦ·</span> <span class='ocrx_word' id='word_1_273' title='bbox 1182 3403 1282 3456; x_wconf 81' lang='grc' dir='ltr'>καὶ</span> <span class='ocrx_word' id='word_1_274' title='bbox 1327 3405 1674 3475; x_wconf 81' lang='grc' dir='ltr'>ποιήσωμεν</span> <span class='ocrx_word' id='word_1_275' title='bbox 1710 3403 1946 3472; x_wconf 80' lang='grc' dir='ltr'>ἑαυτοῖς</span> 
     </span>
    </p>
   </div>
   <div class='ocr_carea' id='block_1_36' title="bbox 272 3483 1944 3561">
    <p class='ocr_par' dir='ltr' id='par_1_36' title="bbox 272 3483 1944 3561">
     <span class='ocr_line' id='line_1_36' title="bbox 272 3483 1944 3561; baseline 0.007 -26"><span class='ocrx_word' id='word_1_276' title='bbox 272 3485 466 3555; x_wconf 73' lang='grc' dir='ltr'>ὄνομα</span> <span class='ocrx_word' id='word_1_277' title='bbox 511 3483 626 3553; x_wconf 77' lang='grc' dir='ltr'>πρὸ</span> <span class='ocrx_word' id='word_1_278' title='bbox 672 3484 777 3538; x_wconf 85' lang='grc' dir='ltr'>τοῦ</span> <span class='ocrx_word' id='word_1_279' title='bbox 807 3484 1212 3555; x_wconf 78' lang='grc' dir='ltr'>διασπαρῆναι</span> <span class='ocrx_word' id='word_1_280' title='bbox 1255 3489 1415 3558; x_wconf 78' lang='grc' dir='ltr'>ἡμᾶς</span> <span class='ocrx_word' id='word_1_281' title='bbox 1457 3491 1556 3544; x_wconf 79' lang='grc' dir='ltr'>ἐπὶ</span> <span class='ocrx_word' id='word_1_282' title='bbox 1606 3492 1810 3559; x_wconf 82' lang='grc' dir='ltr'>πάσης</span> <span class='ocrx_word' id='word_1_283' title='bbox 1835 3494 1944 3561; x_wconf 89' lang='grc' dir='ltr'>τῆς</span> 
     </span>
    </p>
   </div>
   <div class='ocr_carea' id='block_1_37' title="bbox 271 3571 1946 3649">
    <p class='ocr_par' dir='ltr' id='par_1_37' title="bbox 271 3571 1946 3649">
     <span class='ocr_line' id='line_1_37' title="bbox 271 3571 1946 3649; baseline 0.005 -24"><span class='ocrx_word' id='word_1_284' title='bbox 271 3571 407 3643; x_wconf 82' lang='grc' dir='ltr'>τῆς.</span> <span class='ocrx_word' id='word_1_285' title='bbox 438 3573 579 3643; x_wconf 83' lang='grc' dir='ltr'>Ὅρα</span> <span class='ocrx_word' id='word_1_286' title='bbox 611 3572 727 3634; x_wconf 87' lang='grc' dir='ltr'>πῶς</span> <span class='ocrx_word' id='word_1_287' title='bbox 755 3571 855 3624; x_wconf 74' lang='grc' dir='ltr'>οὐκ</span> <span class='ocrx_word' id='word_1_288' title='bbox 878 3573 957 3635; x_wconf 85' lang='grc' dir='ltr'>είς</span> <span class='ocrx_word' id='word_1_289' title='bbox 977 3572 1093 3626; x_wconf 87' lang='grc' dir='ltr'>δέον</span> <span class='ocrx_word' id='word_1_290' title='bbox 1120 3574 1415 3646; x_wconf 80' lang='grc' dir='ltr'>ἐκέχρηντο</span> <span class='ocrx_word' id='word_1_291' title='bbox 1434 3581 1499 3647; x_wconf 85' lang='grc' dir='ltr'>τῇ</span> <span class='ocrx_word' id='word_1_292' title='bbox 1523 3579 1823 3649; x_wconf 61' lang='grc' dir='ltr'>ὁμοφωνίξι,</span> <span class='ocrx_word' id='word_1_293' title='bbox 1854 3583 1946 3634; x_wconf 80' lang='grc' dir='ltr'>καὶ</span> 
     </span>
    </p>
   </div>
   <div class='ocr_carea' id='block_1_38' title="bbox 270 3658 1945 3733">
    <p class='ocr_par' dir='ltr' id='par_1_38' title="bbox 270 3658 1945 3733">
     <span class='ocr_line' id='line_1_38' title="bbox 270 3658 1945 3733; baseline 0.004 -20"><span class='ocrx_word' id='word_1_294' title='bbox 270 3661 358 3713; x_wconf 81' lang='grc' dir='ltr'>ὅτι</span> <span class='ocrx_word' id='word_1_295' title='bbox 386 3660 421 3728; x_wconf 82' lang='grc' dir='ltr'><strong>ἡ</strong></span> <span class='ocrx_word' id='word_1_296' title='bbox 451 3658 653 3730; x_wconf 90' lang='grc' dir='ltr'>ματαία</span> <span class='ocrx_word' id='word_1_297' title='bbox 677 3659 768 3713; x_wconf 90' lang='grc' dir='ltr'>τοῦ</span> <span class='ocrx_word' id='word_1_298' title='bbox 810 3658 926 3729; x_wconf 86' lang='grc' dir='ltr'>βίου</span> <span class='ocrx_word' id='word_1_299' title='bbox 957 3660 1148 3715; x_wconf 85' lang='grc' dir='ltr'>τούτου</span> <span class='ocrx_word' id='word_1_300' title='bbox 1183 3661 1349 3733; x_wconf 83' lang='grc' dir='ltr'>βουλὴ</span> <span class='ocrx_word' id='word_1_301' title='bbox 1384 3663 1592 3731; x_wconf 72' lang='grc' dir='ltr'>γίνεται</span> <span class='ocrx_word' id='word_1_302' title='bbox 1617 3665 1725 3718; x_wconf 86' lang='grc' dir='ltr'>τῶν</span> <span class='ocrx_word' id='word_1_303' title='bbox 1759 3666 1945 3719; x_wconf 82' lang='grc' dir='ltr'>κακῶν</span> 
     </span>
    </p>
   </div>
   <div class='ocr_carea' id='block_1_39' title="bbox 272 3746 1947 3819">
    <p class='ocr_par' dir='ltr' id='par_1_39' title="bbox 272 3746 1947 3819">
     <span class='ocr_line' id='line_1_39' title="bbox 272 3746 1947 3819; baseline 0.005 -20"><span class='ocrx_word' id='word_1_304' title='bbox 272 3746 555 3812; x_wconf 83' lang='grc' dir='ltr'>ὑπόθεσις.</span> <span class='ocrx_word' id='word_1_305' title='bbox 609 3748 807 3814; x_wconf 87' lang='grc' dir='ltr'>Δεῦτε,</span> <span class='ocrx_word' id='word_1_306' title='bbox 865 3748 1036 3819; x_wconf 77' lang='grc' dir='ltr'>φησὶ,</span> <span class='ocrx_word' id='word_1_307' title='bbox 1086 3747 1431 3819; x_wconf 80' lang='grc' dir='ltr'>ποιήσωμεν</span> <span class='ocrx_word' id='word_1_308' title='bbox 1479 3753 1804 3817; x_wconf 78' lang='grc' dir='ltr'>πλίνθους,</span> <span class='ocrx_word' id='word_1_309' title='bbox 1846 3754 1947 3807; x_wconf 80' lang='grc' dir='ltr'>καί</span> 
     </span>
    </p>
   </div>
   <div class='ocr_carea' id='block_1_40' title="bbox 272 3832 1944 3905">
    <p class='ocr_par' dir='ltr' id='par_1_40' title="bbox 272 3832 1944 3905">
     <span class='ocr_line' id='line_1_40' title="bbox 272 3832 1944 3905; baseline 0.004 -18"><span class='ocrx_word' id='word_1_310' title='bbox 272 3832 635 3903; x_wconf 83' lang='grc' dir='ltr'>ὁπτήσωμεν</span> <span class='ocrx_word' id='word_1_311' title='bbox 658 3836 845 3901; x_wconf 80' lang='grc' dir='ltr'>αὐτὰς</span> <span class='ocrx_word' id='word_1_312' title='bbox 868 3836 1032 3903; x_wconf 83' lang='grc' dir='ltr'>πυρί.</span> <span class='ocrx_word' id='word_1_313' title='bbox 1067 3834 1182 3888; x_wconf 85' lang='lat' dir='ltr'>Kal</span> <span class='ocrx_word' id='word_1_314' title='bbox 1209 3835 1445 3905; x_wconf 79' lang='grc' dir='ltr'>ἐγένετο</span> <span class='ocrx_word' id='word_1_315' title='bbox 1470 3838 1674 3903; x_wconf 85' lang='grc' dir='ltr'>αὐτοῖς</span> <span class='ocrx_word' id='word_1_316' title='bbox 1702 3840 1739 3905; x_wconf 79' lang='grc' dir='ltr'>η</span> <span class='ocrx_word' id='word_1_317' title='bbox 1773 3840 1944 3893; x_wconf 71' lang='grc' dir='ltr'>πλίν-</span> 
     </span>
    </p>
   </div>
   <div class='ocr_carea' id='block_1_41' title="bbox 272 3914 1942 3987">
    <p class='ocr_par' dir='ltr' id='par_1_41' title="bbox 272 3914 1942 3987">
     <span class='ocr_line' id='line_1_41' title="bbox 272 3914 1942 3987; baseline 0.003 -18"><span class='ocrx_word' id='word_1_318' title='bbox 272 3917 382 3980; x_wconf 86' lang='grc' dir='ltr'>θος</span> <span class='ocrx_word' id='word_1_319' title='bbox 410 3916 499 3980; x_wconf 84' lang='grc' dir='ltr'>είς</span> <span class='ocrx_word' id='word_1_320' title='bbox 534 3916 708 3969; x_wconf 73' lang='grc' dir='ltr'>λίθον</span> <span class='ocrx_word' id='word_1_321' title='bbox 732 3956 748 3981; x_wconf 90' lang='grc'>,</span> <span class='ocrx_word' id='word_1_322' title='bbox 802 3917 901 3971; x_wconf 80' lang='grc' dir='ltr'>καί</span> <span class='ocrx_word' id='word_1_323' title='bbox 942 3915 1254 3985; x_wconf 66' lang='grc' dir='ltr'>ἄσφαλτος</span> <span class='ocrx_word' id='word_1_324' title='bbox 1300 3914 1380 3987; x_wconf 82' lang='grc' dir='ltr'>ἦν</span> <span class='ocrx_word' id='word_1_325' title='bbox 1417 3919 1621 3985; x_wconf 84' lang='grc' dir='ltr'>αὐτοῖς</span> <span class='ocrx_word' id='word_1_326' title='bbox 1651 3923 1683 3973; x_wconf 86' lang='grc' dir='ltr'>ό</span> <span class='ocrx_word' id='word_1_327' title='bbox 1726 3923 1942 3987; x_wconf 69' lang='grc' dir='ltr'>πηλός.</span> 
     </span>
    </p>
   </div>
   <div class='ocr_carea' id='block_1_42' title="bbox 271 4000 1948 4075">
    <p class='ocr_par' dir='ltr' id='par_1_42' title="bbox 271 4000 1948 4075">
     <span class='ocr_line' id='line_1_42' title="bbox 271 4000 1948 4075; baseline 0.004 -23"><span class='ocrx_word' id='word_1_328' title='bbox 271 4000 477 4053; x_wconf 77' lang='grc' dir='ltr'>Σκόπει</span> <span class='ocrx_word' id='word_1_329' title='bbox 502 4000 672 4070; x_wconf 85' lang='grc' dir='ltr'>πόσην</span> <span class='ocrx_word' id='word_1_330' title='bbox 694 4001 992 4070; x_wconf 83' lang='grc' dir='ltr'>ἀσφάλειαν</span> <span class='ocrx_word' id='word_1_331' title='bbox 1029 4002 1313 4070; x_wconf 75' lang='grc' dir='ltr'>ἐπινοῆσαι</span> <span class='ocrx_word' id='word_1_332' title='bbox 1363 4002 1638 4072; x_wconf 85' lang='grc' dir='ltr'>βούλονται</span> <span class='ocrx_word' id='word_1_333' title='bbox 1661 4008 1725 4075; x_wconf 83' lang='grc' dir='ltr'>τῇ</span> <span class='ocrx_word' id='word_1_334' title='bbox 1753 4008 1948 4059; x_wconf 81' lang='grc' dir='ltr'>οἰκοδο-</span> 
     </span>
    </p>
   </div>
   <div class='ocr_carea' id='block_1_43' title="bbox 275 4087 1942 4163">
    <p class='ocr_par' dir='ltr' id='par_1_43' title="bbox 275 4087 1942 4163">
     <span class='ocr_line' id='line_1_43' title="bbox 275 4087 1942 4163; baseline 0.002 -22"><span class='ocrx_word' id='word_1_335' title='bbox 275 4091 355 4158; x_wconf 79' lang='grc' dir='ltr'>μῇ</span> <span class='ocrx_word' id='word_1_336' title='bbox 379 4125 396 4153; x_wconf 88' lang='grc'>,</span> <span class='ocrx_word' id='word_1_337' title='bbox 430 4088 529 4142; x_wconf 88' lang='grc' dir='ltr'>ούκ</span> <span class='ocrx_word' id='word_1_338' title='bbox 571 4088 773 4152; x_wconf 78' lang='grc' dir='ltr'>εἰδότες</span> <span class='ocrx_word' id='word_1_339' title='bbox 818 4089 900 4143; x_wconf 85' lang='grc' dir='ltr'>ὅτι</span> <span class='ocrx_word' id='word_1_340' title='bbox 930 4129 947 4155; x_wconf 92' lang='grc'>,</span> <span class='ocrx_word' id='word_1_341' title='bbox 991 4088 1131 4142; x_wconf 81' lang='grc' dir='ltr'>Ἐὰν</span> <span class='ocrx_word' id='word_1_342' title='bbox 1169 4087 1255 4158; x_wconf 76' lang='grc' dir='ltr'>μὴ</span> <span class='ocrx_word' id='word_1_343' title='bbox 1305 4091 1521 4157; x_wconf 84' lang='grc' dir='ltr'>Κύριος</span> <span class='ocrx_word' id='word_1_344' title='bbox 1572 4090 1942 4163; x_wconf 74' lang='grc' dir='ltr'>οὶκοδομήσῃ</span> 
     </span>
    </p>
   </div>
   <div class='ocr_carea' id='block_1_44' title="bbox 269 4174 1939 4246">
    <p class='ocr_par' dir='ltr' id='par_1_44' title="bbox 269 4174 1939 4246">
     <span class='ocr_line' id='line_1_44' title="bbox 269 4174 1939 4246; baseline 0.004 -18"><span class='ocrx_word' id='word_1_345' title='bbox 269 4176 463 4242; x_wconf 73' lang='grc' dir='ltr'>οἷκον,</span> <span class='ocrx_word' id='word_1_346' title='bbox 484 4177 570 4241; x_wconf 81' lang='grc' dir='ltr'>εις</span> <span class='ocrx_word' id='word_1_347' title='bbox 585 4174 786 4245; x_wconf 83' lang='grc' dir='ltr'>μάτην</span> <span class='ocrx_word' id='word_1_348' title='bbox 814 4175 1152 4230; x_wconf 80' lang='grc' dir='ltr'>ἐκοπίασαν</span> <span class='ocrx_word' id='word_1_349' title='bbox 1173 4178 1226 4229; x_wconf 87' lang='grc' dir='ltr'>οί</span> <span class='ocrx_word' id='word_1_350' title='bbox 1250 4176 1704 4246; x_wconf 72' lang='grc' dir='ltr'>οἰκοδομοῦντες</span> <span class='ocrx_word' id='word_1_351' title='bbox 1733 4180 1939 4236; x_wconf 84' lang='grc' dir='ltr'>αὐτόν.</span> 
     </span>
    </p>
   </div>
   <div class='ocr_carea' id='block_1_45' title="bbox 268 4260 1942 4334">
    <p class='ocr_par' dir='ltr' id='par_1_45' title="bbox 268 4260 1942 4334">
     <span class='ocr_line' id='line_1_45' title="bbox 268 4260 1942 4334; baseline 0.002 -18"><span class='ocrx_word' id='word_1_352' title='bbox 268 4260 385 4316; x_wconf 78' lang='lat' dir='ltr'>Kal</span> <span class='ocrx_word' id='word_1_353' title='bbox 423 4260 927 4330; x_wconf 77' lang='grc' dir='ltr'>οίκοδομήσωμεν,</span> <span class='ocrx_word' id='word_1_354' title='bbox 980 4263 1166 4334; x_wconf 80' lang='grc' dir='ltr'>φησὶν,</span> <span class='ocrx_word' id='word_1_355' title='bbox 1211 4263 1448 4329; x_wconf 81' lang='grc' dir='ltr'>ἑαυτοῖς</span> <span class='ocrx_word' id='word_1_356' title='bbox 1496 4264 1697 4331; x_wconf 75' lang='grc' dir='ltr'>πόλιν,</span> <span class='ocrx_word' id='word_1_357' title='bbox 1727 4265 1823 4334; x_wconf 84' lang='grc' dir='ltr'>ούχ</span> <span class='ocrx_word' id='word_1_358' title='bbox 1860 4266 1942 4319; x_wconf 84' lang='grc' dir='ltr'>ὅτι</span> 
     </span>
    </p>
   </div>
   <div class='ocr_carea' id='block_1_46' title="bbox 268 4347 1939 4421">
    <p class='ocr_par' dir='ltr' id='par_1_46' title="bbox 268 4347 1939 4421">
     <span class='ocr_line' id='line_1_46' title="bbox 268 4347 1939 4421; baseline 0.001 -20"><span class='ocrx_word' id='word_1_359' title='bbox 268 4348 414 4419; x_wconf 81' lang='grc' dir='ltr'>Θεῷ,</span> <span class='ocrx_word' id='word_1_360' title='bbox 454 4347 567 4401; x_wconf 80' lang='grc' dir='ltr'>ἀλλ’</span> <span class='ocrx_word' id='word_1_361' title='bbox 600 4349 885 4414; x_wconf 84' lang='grc' dir='ltr'>Ἑαυτοῖς.</span> <span class='ocrx_word' id='word_1_362' title='bbox 921 4350 1064 4419; x_wconf 86' lang='grc' dir='ltr'>Ὅρα</span> <span class='ocrx_word' id='word_1_363' title='bbox 1092 4350 1232 4420; x_wconf 86' lang='grc' dir='ltr'>πόση</span> <span class='ocrx_word' id='word_1_364' title='bbox 1254 4349 1350 4419; x_wconf 85' lang='grc' dir='ltr'>τῆς</span> <span class='ocrx_word' id='word_1_365' title='bbox 1381 4348 1576 4413; x_wconf 86' lang='grc' dir='ltr'>κακίας</span> <span class='ocrx_word' id='word_1_366' title='bbox 1601 4352 1634 4421; x_wconf 92' lang='grc' dir='ltr'>ή</span> <span class='ocrx_word' id='word_1_367' title='bbox 1671 4350 1939 4416; x_wconf 84' lang='grc' dir='ltr'>ἐπίτασις·</span> 
     </span>
    </p>
   </div>
   <div class='ocr_carea' id='block_1_47' title="bbox 270 4436 1939 4513">
    <p class='ocr_par' dir='ltr' id='par_1_47' title="bbox 270 4436 1939 4513">
     <span class='ocr_line' id='line_1_47' title="bbox 270 4436 1939 4513; baseline 0.003 -23"><span class='ocrx_word' id='word_1_368' title='bbox 270 4437 497 4491; x_wconf 81' lang='grc' dir='ltr'>ἔναυλον</span> <span class='ocrx_word' id='word_1_369' title='bbox 534 4436 747 4508; x_wconf 77' lang='grc' dir='ltr'>ἔχοντες</span> <span class='ocrx_word' id='word_1_370' title='bbox 775 4437 874 4509; x_wconf 85' lang='grc' dir='ltr'>τὴν</span> <span class='ocrx_word' id='word_1_371' title='bbox 908 4440 1128 4510; x_wconf 88' lang='grc' dir='ltr'>μνήμην</span> <span class='ocrx_word' id='word_1_372' title='bbox 1149 4442 1247 4510; x_wconf 86' lang='grc' dir='ltr'>τῆς</span> <span class='ocrx_word' id='word_1_373' title='bbox 1282 4438 1658 4510; x_wconf 84' lang='grc' dir='ltr'>πανωλεθρίας</span> <span class='ocrx_word' id='word_1_374' title='bbox 1702 4441 1939 4513; x_wconf 89' lang='grc' dir='ltr'>ἐκείνης,</span> 
     </span>
    </p>
   </div>
   <div class='ocr_carea' id='block_1_48' title="bbox 270 4526 1939 4599">
    <p class='ocr_par' dir='ltr' id='par_1_48' title="bbox 270 4526 1939 4599">
     <span class='ocr_line' id='line_1_48' title="bbox 270 4526 1939 4599; baseline 0.003 -20"><span class='ocrx_word' id='word_1_375' title='bbox 270 4526 369 4579; x_wconf 76' lang='grc' dir='ltr'>ἐπὶ</span> <span class='ocrx_word' id='word_1_376' title='bbox 394 4526 662 4598; x_wconf 87' lang='grc' dir='ltr'>τοσαύτην</span> <span class='ocrx_word' id='word_1_377' title='bbox 694 4527 890 4597; x_wconf 91' lang='grc' dir='ltr'>μανίαν</span> <span class='ocrx_word' id='word_1_378' title='bbox 931 4527 1244 4595; x_wconf 88' lang='grc' dir='ltr'>ἐξώκειλαν.</span> <span class='ocrx_word' id='word_1_379' title='bbox 1281 4527 1392 4583; x_wconf 86' lang='lat' dir='ltr'><strong><em>Kal</em></strong></span> <span class='ocrx_word' id='word_1_380' title='bbox 1433 4528 1939 4599; x_wconf 77' lang='grc' dir='ltr'>οὶκοδομήσωμεν,</span> 
     </span>
    </p>
   </div>
   <div class='ocr_carea' id='block_1_49' title="bbox 270 4610 1938 4687">
    <p class='ocr_par' dir='ltr' id='par_1_49' title="bbox 270 4610 1938 4687">
     <span class='ocr_line' id='line_1_49' title="bbox 270 4610 1938 4687; baseline 0.003 -21"><span class='ocrx_word' id='word_1_381' title='bbox 270 4614 463 4685; x_wconf 74' lang='grc' dir='ltr'>φησὶν,</span> <span class='ocrx_word' id='word_1_382' title='bbox 498 4613 735 4680; x_wconf 80' lang='grc' dir='ltr'>ἑαυτοῖς</span> <span class='ocrx_word' id='word_1_383' title='bbox 762 4614 942 4668; x_wconf 78' lang='grc' dir='ltr'>πόλιν</span> <span class='ocrx_word' id='word_1_384' title='bbox 962 4614 1061 4668; x_wconf 78' lang='grc' dir='ltr'>καί</span> <span class='ocrx_word' id='word_1_385' title='bbox 1078 4617 1327 4685; x_wconf 77' lang='grc' dir='ltr'>πύργον,</span> <span class='ocrx_word' id='word_1_386' title='bbox 1354 4610 1425 4671; x_wconf 82' lang='grc' dir='ltr'>οὗ</span> <span class='ocrx_word' id='word_1_387' title='bbox 1448 4614 1618 4669; x_wconf 83' lang='grc' dir='ltr'>ἔσται</span> <span class='ocrx_word' id='word_1_388' title='bbox 1640 4618 1680 4685; x_wconf 80' lang='grc' dir='ltr'><strong><em>ἠ</em></strong></span> <span class='ocrx_word' id='word_1_389' title='bbox 1703 4617 1938 4687; x_wconf 65' lang='grc' dir='ltr'>κεφαλὴ</span> 
     </span>
    </p>
   </div>
   <div class='ocr_carea' id='block_1_50' title="bbox 269 4700 1940 4776">
    <p class='ocr_par' dir='ltr' id='par_1_50' title="bbox 269 4700 1940 4776">
     <span class='ocr_line' id='line_1_50' title="bbox 269 4700 1940 4776; baseline 0.002 -22"><span class='ocrx_word' id='word_1_390' title='bbox 269 4701 384 4768; x_wconf 82' lang='grc' dir='ltr'>ἓως</span> <span class='ocrx_word' id='word_1_391' title='bbox 417 4700 522 4755; x_wconf 88' lang='grc' dir='ltr'>τοῦ</span> <span class='ocrx_word' id='word_1_392' title='bbox 545 4701 825 4769; x_wconf 86' lang='grc' dir='ltr'>οὐρανοῦ.</span> <span class='ocrx_word' id='word_1_393' title='bbox 844 4700 934 4772; x_wconf 85' lang='grc' dir='ltr'>Τῷ</span> <span class='ocrx_word' id='word_1_394' title='bbox 951 4701 1173 4772; x_wconf 86' lang='grc' dir='ltr'>ὀνόματι</span> <span class='ocrx_word' id='word_1_395' title='bbox 1194 4702 1286 4755; x_wconf 91' lang='grc' dir='ltr'>τοῦ</span> <span class='ocrx_word' id='word_1_396' title='bbox 1308 4703 1535 4773; x_wconf 87' lang='grc' dir='ltr'>ούρανοῦ</span> <span class='ocrx_word' id='word_1_397' title='bbox 1556 4706 1588 4773; x_wconf 91' lang='grc' dir='ltr'>ή</span> <span class='ocrx_word' id='word_1_398' title='bbox 1613 4702 1731 4757; x_wconf 91' lang='grc' dir='ltr'>θεία</span> <span class='ocrx_word' id='word_1_399' title='bbox 1751 4704 1940 4776; x_wconf 81' lang='grc' dir='ltr'>Γραφὴ</span> 
     </span>
    </p>
   </div>
   <div class='ocr_carea' id='block_1_51' title="bbox 267 4787 1938 4863">
    <p class='ocr_par' dir='ltr' id='par_1_51' title="bbox 267 4787 1938 4863">
     <span class='ocr_line' id='line_1_51' title="bbox 267 4787 1938 4863; baseline 0.002 -21"><span class='ocrx_word' id='word_1_400' title='bbox 267 4791 372 4859; x_wconf 82' lang='grc' dir='ltr'>τῆς</span> <span class='ocrx_word' id='word_1_401' title='bbox 423 4788 631 4859; x_wconf 78' lang='grc' dir='ltr'>τόλμης</span> <span class='ocrx_word' id='word_1_402' title='bbox 681 4788 862 4842; x_wconf 79' lang='grc' dir='ltr'>αὐτῶν</span> <span class='ocrx_word' id='word_1_403' title='bbox 923 4787 1021 4859; x_wconf 83' lang='grc' dir='ltr'>τὴν</span> <span class='ocrx_word' id='word_1_404' title='bbox 1060 4789 1362 4861; x_wconf 83' lang='grc' dir='ltr'>ὑπερϐολὴν</span> <span class='ocrx_word' id='word_1_405' title='bbox 1399 4792 1531 4861; x_wconf 88' lang='grc' dir='ltr'>ήμῖν</span> <span class='ocrx_word' id='word_1_406' title='bbox 1587 4794 1938 4863; x_wconf 85' lang='grc' dir='ltr'>παραστῆσαι</span> 
     </span>
    </p>
   </div>
   <div class='ocr_carea' id='block_1_52' title="bbox 271 4874 1939 4949">
    <p class='ocr_par' dir='ltr' id='par_1_52' title="bbox 271 4874 1939 4949">
     <span class='ocr_line' id='line_1_52' title="bbox 271 4874 1939 4949; baseline 0.004 -20"><span class='ocrx_word' id='word_1_407' title='bbox 271 4874 562 4947; x_wconf 84' lang='grc' dir='ltr'>ἐϐουλήθη.</span> <span class='ocrx_word' id='word_1_408' title='bbox 616 4874 728 4929; x_wconf 86' lang='lat' dir='ltr'>Kal</span> <span class='ocrx_word' id='word_1_409' title='bbox 787 4875 1146 4945; x_wconf 83' lang='grc' dir='ltr'>ποιήσωμεν,</span> <span class='ocrx_word' id='word_1_410' title='bbox 1202 4879 1364 4946; x_wconf 77' lang='grc' dir='ltr'>φησὶν</span> <span class='ocrx_word' id='word_1_411' title='bbox 1388 4917 1403 4942; x_wconf 89' lang='grc'>,</span> <span class='ocrx_word' id='word_1_412' title='bbox 1460 4877 1696 4944; x_wconf 76' lang='grc' dir='ltr'>ἑαυτοῖς</span> <span class='ocrx_word' id='word_1_413' title='bbox 1730 4880 1939 4949; x_wconf 82' lang='grc' dir='ltr'>ὄνομα.</span> 
     </span>
    </p>
   </div>
   <div class='ocr_carea' id='block_1_53' title="bbox 270 4961 1940 5040">
    <p class='ocr_par' dir='ltr' id='par_1_53' title="bbox 270 4961 1940 5040">
     <span class='ocr_line' id='line_1_53' title="bbox 270 4961 1940 5040; baseline 0.001 -21"><span class='ocrx_word' id='word_1_414' title='bbox 270 4961 429 5028; x_wconf 84' lang='grc' dir='ltr'>Εἶδες</span> <span class='ocrx_word' id='word_1_415' title='bbox 449 4965 546 5037; x_wconf 81' lang='grc' dir='ltr'>τὴν</span> <span class='ocrx_word' id='word_1_416' title='bbox 586 4963 743 5036; x_wconf 80' lang='grc' dir='ltr'>ῥίζαν</span> <span class='ocrx_word' id='word_1_417' title='bbox 773 4966 870 5036; x_wconf 83' lang='grc' dir='ltr'>τῆς</span> <span class='ocrx_word' id='word_1_418' title='bbox 905 4967 1136 5031; x_wconf 88' lang='grc' dir='ltr'>κακίας;</span> <span class='ocrx_word' id='word_1_419' title='bbox 1166 4966 1304 5032; x_wconf 81' lang='grc' dir='ltr'>Ἵνα,</span> <span class='ocrx_word' id='word_1_420' title='bbox 1331 4966 1483 5037; x_wconf 85' lang='grc' dir='ltr'>φησὶ,</span> <span class='ocrx_word' id='word_1_421' title='bbox 1514 4969 1735 5039; x_wconf 86' lang='grc' dir='ltr'>μνήμης</span> <span class='ocrx_word' id='word_1_422' title='bbox 1762 4970 1940 5040; x_wconf 89' lang='grc' dir='ltr'>διηνε-</span> 
     </span>
    </p>
   </div>
   <div class='ocr_carea' id='block_1_54' title="bbox 271 5052 1940 5128">
    <p class='ocr_par' dir='ltr' id='par_1_54' title="bbox 271 5052 1940 5128">
     <span class='ocr_line' id='line_1_54' title="bbox 271 5052 1940 5128; baseline 0.001 -19"><span class='ocrx_word' id='word_1_423' title='bbox 271 5053 406 5116; x_wconf 84' lang='grc' dir='ltr'>κοῦς</span> <span class='ocrx_word' id='word_1_424' title='bbox 433 5052 852 5124; x_wconf 82' lang='grc' dir='ltr'>ἀπολαύσωμεν,</span> <span class='ocrx_word' id='word_1_425' title='bbox 882 5053 969 5106; x_wconf 81' lang='grc' dir='ltr'>ἵνα</span> <span class='ocrx_word' id='word_1_426' title='bbox 996 5055 1076 5117; x_wconf 89' lang='grc' dir='ltr'>εἰς</span> <span class='ocrx_word' id='word_1_427' title='bbox 1108 5055 1168 5107; x_wconf 81' lang='grc' dir='ltr'>τὸ</span> <span class='ocrx_word' id='word_1_428' title='bbox 1198 5055 1444 5126; x_wconf 81' lang='grc' dir='ltr'>διηνεκὲς</span> <span class='ocrx_word' id='word_1_429' title='bbox 1476 5056 1689 5126; x_wconf 89' lang='grc' dir='ltr'>ἔχωμεν</span> <span class='ocrx_word' id='word_1_430' title='bbox 1724 5075 1940 5128; x_wconf 82' lang='grc' dir='ltr'>μνημο-</span> 
     </span>
    </p>
   </div>
   <div class='ocr_carea' id='block_1_55' title="bbox 269 5139 1939 5214">
    <p class='ocr_par' dir='ltr' id='par_1_55' title="bbox 269 5139 1939 5214">
     <span class='ocr_line' id='line_1_55' title="bbox 269 5139 1939 5214; baseline 0.002 -20"><span class='ocrx_word' id='word_1_431' title='bbox 269 5139 542 5194; x_wconf 80' lang='grc' dir='ltr'>νεύεσθαι.</span> <span class='ocrx_word' id='word_1_432' title='bbox 568 5139 802 5209; x_wconf 85' lang='grc' dir='ltr'>Τοιαύτη</span> <span class='ocrx_word' id='word_1_433' title='bbox 828 5139 983 5210; x_wconf 85' lang='grc' dir='ltr'>ἡμῶν</span> <span class='ocrx_word' id='word_1_434' title='bbox 1018 5140 1170 5194; x_wconf 79' lang='grc' dir='ltr'>ἔσται</span> <span class='ocrx_word' id='word_1_435' title='bbox 1223 5142 1258 5212; x_wconf 92' lang='grc' dir='ltr'>ή</span> <span class='ocrx_word' id='word_1_436' title='bbox 1289 5142 1488 5212; x_wconf 79' lang='grc' dir='ltr'>πρᾶξις</span> <span class='ocrx_word' id='word_1_437' title='bbox 1516 5142 1608 5195; x_wconf 73' lang='grc' dir='ltr'>καὶ</span> <span class='ocrx_word' id='word_1_438' title='bbox 1660 5143 1721 5196; x_wconf 84' lang='grc' dir='ltr'>τὸ</span> <span class='ocrx_word' id='word_1_439' title='bbox 1759 5142 1939 5214; x_wconf 87' lang='grc' dir='ltr'>ἔργον,</span> 
     </span>
    </p>
   </div>
   <div class='ocr_carea' id='block_1_56' title="bbox 268 5228 1942 5304">
    <p class='ocr_par' dir='ltr' id='par_1_56' title="bbox 268 5228 1942 5304">
     <span class='ocr_line' id='line_1_56' title="bbox 268 5228 1942 5304; baseline 0.004 -22"><span class='ocrx_word' id='word_1_440' title='bbox 268 5228 348 5293; x_wconf 80' lang='grc' dir='ltr'>ὥς</span> <span class='ocrx_word' id='word_1_441' title='bbox 377 5229 643 5300; x_wconf 81' lang='grc' dir='ltr'>μηδέποτε</span> <span class='ocrx_word' id='word_1_442' title='bbox 662 5229 802 5302; x_wconf 76' lang='grc' dir='ltr'>λήθῃ</span> <span class='ocrx_word' id='word_1_443' title='bbox 830 5230 1320 5302; x_wconf 85' lang='grc' dir='ltr'>παραπεμφθῆναι.</span> <span class='ocrx_word' id='word_1_444' title='bbox 1351 5233 1463 5286; x_wconf 74' lang='grc' dir='ltr'>Καὶ</span> <span class='ocrx_word' id='word_1_445' title='bbox 1493 5232 1650 5286; x_wconf 90' lang='grc' dir='ltr'>τοῦτο</span> <span class='ocrx_word' id='word_1_446' title='bbox 1698 5236 1942 5304; x_wconf 86' lang='grc' dir='ltr'>ποιήσω-</span> 
     </span>
    </p>
   </div>
   <div class='ocr_carea' id='block_1_57' title="bbox 274 5316 1941 5390">
    <p class='ocr_par' dir='ltr' id='par_1_57' title="bbox 274 5316 1941 5390">
     <span class='ocr_line' id='line_1_57' title="bbox 274 5316 1941 5390; baseline 0.004 -21"><span class='ocrx_word' id='word_1_447' title='bbox 274 5334 379 5388; x_wconf 85' lang='grc' dir='ltr'>μεν</span> <span class='ocrx_word' id='word_1_448' title='bbox 402 5317 521 5385; x_wconf 81' lang='grc' dir='ltr'>Πρὸ</span> <span class='ocrx_word' id='word_1_449' title='bbox 548 5316 656 5372; x_wconf 82' lang='grc' dir='ltr'>τοῦ</span> <span class='ocrx_word' id='word_1_450' title='bbox 682 5316 1087 5385; x_wconf 78' lang='grc' dir='ltr'>διασπαρῆναι</span> <span class='ocrx_word' id='word_1_451' title='bbox 1112 5318 1208 5371; x_wconf 79' lang='grc' dir='ltr'>ἐπὶ</span> <span class='ocrx_word' id='word_1_452' title='bbox 1233 5318 1556 5386; x_wconf 80' lang='grc' dir='ltr'>προσώπου</span> <span class='ocrx_word' id='word_1_453' title='bbox 1588 5320 1793 5389; x_wconf 83' lang='grc' dir='ltr'>πάσης</span> <span class='ocrx_word' id='word_1_454' title='bbox 1830 5321 1941 5390; x_wconf 86' lang='grc' dir='ltr'>τῆς</span> 
     </span>
    </p>
   </div>
   <div class='ocr_carea' id='block_1_58' title="bbox 270 5394 1940 5468">
    <p class='ocr_par' dir='ltr' id='par_1_58' title="bbox 270 5394 1940 5468">
     <span class='ocr_line' id='line_1_58' title="bbox 270 5394 1940 5468; baseline 0.005 -23"><span class='ocrx_word' id='word_1_455' title='bbox 270 5394 410 5467; x_wconf 76' lang='grc' dir='ltr'>τῆς.</span> <span class='ocrx_word' id='word_1_456' title='bbox 455 5397 542 5460; x_wconf 81' lang='grc' dir='ltr'>Ὦς</span> <span class='ocrx_word' id='word_1_457' title='bbox 566 5397 666 5460; x_wconf 86' lang='grc' dir='ltr'>ἔτι,</span> <span class='ocrx_word' id='word_1_458' title='bbox 691 5395 846 5466; x_wconf 76' lang='grc' dir='ltr'>φησὶ,</span> <span class='ocrx_word' id='word_1_459' title='bbox 876 5395 1017 5449; x_wconf 86' lang='grc' dir='ltr'>κατά</span> <span class='ocrx_word' id='word_1_460' title='bbox 1046 5395 1238 5451; x_wconf 86' lang='grc' dir='ltr'>ταύτόν</span> <span class='ocrx_word' id='word_1_461' title='bbox 1270 5398 1456 5467; x_wconf 88' lang='grc' dir='ltr'>ἐσμεν,</span> <span class='ocrx_word' id='word_1_462' title='bbox 1485 5399 1565 5461; x_wconf 85' lang='grc' dir='ltr'>είς</span> <span class='ocrx_word' id='word_1_463' title='bbox 1602 5397 1761 5467; x_wconf 90' lang='grc' dir='ltr'>ἔργον</span> <span class='ocrx_word' id='word_1_464' title='bbox 1801 5400 1940 5468; x_wconf 85' lang='grc' dir='ltr'>ἀγά-</span> 
     </span>
    </p>
   </div>
   <div class='ocr_carea' id='block_1_59' title="bbox 272 5476 1940 5547">
    <p class='ocr_par' dir='ltr' id='par_1_59' title="bbox 272 5476 1940 5547">
     <span class='ocr_line' id='line_1_59' title="bbox 272 5476 1940 5547; baseline 0.001 -18"><span class='ocrx_word' id='word_1_465' title='bbox 272 5493 462 5547; x_wconf 79' lang='grc' dir='ltr'>γωμεν</span> <span class='ocrx_word' id='word_1_466' title='bbox 494 5476 555 5530; x_wconf 77' lang='grc' dir='ltr'>τὸ</span> <span class='ocrx_word' id='word_1_467' title='bbox 584 5477 741 5543; x_wconf 84' lang='grc' dir='ltr'>δόξαν</span> <span class='ocrx_word' id='word_1_468' title='bbox 768 5479 921 5547; x_wconf 82' lang='grc' dir='ltr'>ἡμῖν,</span> <span class='ocrx_word' id='word_1_469' title='bbox 956 5476 1041 5528; x_wconf 79' lang='grc' dir='ltr'>ἵνα</span> <span class='ocrx_word' id='word_1_470' title='bbox 1075 5476 1413 5530; x_wconf 86' lang='grc' dir='ltr'>ἀδιάλειπτον</span> <span class='ocrx_word' id='word_1_471' title='bbox 1461 5478 1680 5547; x_wconf 86' lang='grc' dir='ltr'>μνήμην</span> <span class='ocrx_word' id='word_1_472' title='bbox 1718 5479 1940 5531; x_wconf 86' lang='grc' dir='ltr'>καταλί-</span> 
     </span>
    </p>
   </div>
   <div class='ocr_carea' id='block_1_60' title="bbox 273 5554 1940 5627">
    <p class='ocr_par' dir='ltr' id='par_1_60' title="bbox 273 5554 1940 5627">
     <span class='ocr_line' id='line_1_60' title="bbox 273 5554 1940 5627; baseline 0.001 -17"><span class='ocrx_word' id='word_1_473' title='bbox 273 5573 469 5627; x_wconf 87' lang='grc' dir='ltr'>πωμεν</span> <span class='ocrx_word' id='word_1_474' title='bbox 519 5557 641 5618; x_wconf 87' lang='grc' dir='ltr'>ταῖς</span> <span class='ocrx_word' id='word_1_475' title='bbox 692 5557 771 5618; x_wconf 89' lang='grc' dir='ltr'>εἰς</span> <span class='ocrx_word' id='word_1_476' title='bbox 821 5554 883 5606; x_wconf 86' lang='grc' dir='ltr'>τὸ</span> <span class='ocrx_word' id='word_1_477' title='bbox 910 5554 1037 5622; x_wconf 87' lang='grc' dir='ltr'>ἐξῆς</span> <span class='ocrx_word' id='word_1_478' title='bbox 1075 5555 1309 5621; x_wconf 87' lang='grc' dir='ltr'>γενεαῖς.</span> <span class='ocrx_word' id='word_1_479' title='bbox 1354 5555 1472 5606; x_wconf 74' lang='grc' dir='ltr'>Είσὶ</span> <span class='ocrx_word' id='word_1_480' title='bbox 1510 5554 1693 5608; x_wconf 75' lang='grc' dir='ltr'>πολλοὶ</span> <span class='ocrx_word' id='word_1_481' title='bbox 1722 5557 1817 5610; x_wconf 73' lang='grc' dir='ltr'>καὶ</span> <span class='ocrx_word' id='word_1_482' title='bbox 1846 5555 1940 5611; x_wconf 92' lang='grc' dir='ltr'>νῦν</span> 
     </span>
    </p>
   </div>
   <div class='ocr_carea' id='block_1_61' title="bbox 269 5631 1942 5706">
    <p class='ocr_par' dir='ltr' id='par_1_61' title="bbox 269 5631 1942 5706">
     <span class='ocr_line' id='line_1_61' title="bbox 269 5631 1942 5706; baseline 0.001 -17"><span class='ocrx_word' id='word_1_483' title='bbox 269 5635 493 5697; x_wconf 84' lang='grc' dir='ltr'>τούτους</span> <span class='ocrx_word' id='word_1_484' title='bbox 527 5633 872 5706; x_wconf 84' lang='grc' dir='ltr'>μιμούμενοι,</span> <span class='ocrx_word' id='word_1_485' title='bbox 912 5632 1005 5685; x_wconf 68' lang='grc' dir='ltr'>καί¹</span> <span class='ocrx_word' id='word_1_486' title='bbox 1043 5632 1152 5686; x_wconf 84' lang='grc' dir='ltr'>ἀπὸ</span> <span class='ocrx_word' id='word_1_487' title='bbox 1174 5631 1428 5687; x_wconf 90' lang='grc' dir='ltr'>τοιούτων</span> <span class='ocrx_word' id='word_1_488' title='bbox 1459 5633 1708 5703; x_wconf 80' lang='grc' dir='ltr'>πράξεων</span> <span class='ocrx_word' id='word_1_489' title='bbox 1734 5652 1942 5706; x_wconf 88' lang='grc' dir='ltr'>μνημο-</span> 
     </span>
    </p>
   </div>
   <div class='ocr_carea' id='block_1_62' title="bbox 270 5709 1942 5783">
    <p class='ocr_par' dir='ltr' id='par_1_62' title="bbox 270 5709 1942 5783">
     <span class='ocr_line' id='line_1_62' title="bbox 270 5709 1942 5783; baseline -0.001 -15"><span class='ocrx_word' id='word_1_490' title='bbox 270 5714 526 5768; x_wconf 86' lang='grc' dir='ltr'>νεύεσθαι</span> <span class='ocrx_word' id='word_1_491' title='bbox 577 5711 889 5783; x_wconf 86' lang='grc' dir='ltr'>βουλόμενοι</span> <span class='ocrx_word' id='word_1_492' title='bbox 922 5751 937 5777; x_wconf 95' lang='grc'>,</span> <span class='ocrx_word' id='word_1_493' title='bbox 976 5712 1026 5763; x_wconf 91' lang='grc' dir='ltr'>οἰ</span> <span class='ocrx_word' id='word_1_494' title='bbox 1076 5710 1177 5773; x_wconf 88' lang='grc' dir='ltr'>τὰς</span> <span class='ocrx_word' id='word_1_495' title='bbox 1228 5709 1488 5780; x_wconf 73' lang='grc' dir='ltr'>λαμπρὰς</span> <span class='ocrx_word' id='word_1_496' title='bbox 1536 5711 1942 5781; x_wconf 88' lang='grc' dir='ltr'>οίκοδομοῦντες</span> 
     </span>
    </p>
   </div>
   <div class='ocr_carea' id='block_1_63' title="bbox 270 5789 1941 5860">
    <p class='ocr_par' dir='ltr' id='par_1_63' title="bbox 270 5789 1941 5860">
     <span class='ocr_line' id='line_1_63' title="bbox 270 5789 1941 5860; baseline -0.002 -14"><span class='ocrx_word' id='word_1_497' title='bbox 270 5793 472 5856; x_wconf 83' lang='grc' dir='ltr'>οἰκίας,</span> <span class='ocrx_word' id='word_1_498' title='bbox 504 5792 600 5845; x_wconf 61' lang='grc' dir='ltr'>καὶ⁵</span> <span class='ocrx_word' id='word_1_499' title='bbox 636 5790 704 5844; x_wconf 84' lang='grc' dir='ltr'>τὰ</span> <span class='ocrx_word' id='word_1_500' title='bbox 732 5790 952 5860; x_wconf 81' lang='grc' dir='ltr'>λουτρὰ,</span> <span class='ocrx_word' id='word_1_501' title='bbox 974 5789 1067 5842; x_wconf 70' lang='grc' dir='ltr'>καὶ</span> <span class='ocrx_word' id='word_1_502' title='bbox 1094 5789 1192 5851; x_wconf 83' lang='grc' dir='ltr'>τὰς</span> <span class='ocrx_word' id='word_1_503' title='bbox 1222 5789 1403 5851; x_wconf 77' lang='grc' dir='ltr'>στοὰς,</span> <span class='ocrx_word' id='word_1_504' title='bbox 1426 5789 1521 5843; x_wconf 78' lang='grc' dir='ltr'>καὶ</span> <span class='ocrx_word' id='word_1_505' title='bbox 1556 5790 1680 5852; x_wconf 84' lang='grc' dir='ltr'>τοὺς</span> <span class='ocrx_word' id='word_1_506' title='bbox 1708 5792 1941 5860; x_wconf 78' lang='grc' dir='ltr'>περιπάο</span> 
     </span>
    </p>
   </div>
   <div class='ocr_carea' id='block_1_64' title="bbox 270 5869 1942 5941">
    <p class='ocr_par' dir='ltr' id='par_1_64' title="bbox 270 5869 1942 5941">
     <span class='ocr_line' id='line_1_64' title="bbox 270 5869 1942 5941; baseline -0.009 -13"><span class='ocrx_word' id='word_1_507' title='bbox 270 5890 418 5936; x_wconf 86' lang='grc' dir='ltr'>τους.</span> <span class='ocrx_word' id='word_1_508' title='bbox 464 5871 592 5926; x_wconf 88' lang='grc' dir='ltr'>Ἐἀν</span> <span class='ocrx_word' id='word_1_509' title='bbox 618 5870 726 5941; x_wconf 92' lang='grc' dir='ltr'>γάρ</span> <span class='ocrx_word' id='word_1_510' title='bbox 748 5869 844 5923; x_wconf 77' lang='grc' dir='ltr'>καὶ</span> <span class='ocrx_word' id='word_1_511' title='bbox 871 5870 1072 5923; x_wconf 88' lang='grc' dir='ltr'>τούτων</span> <span class='ocrx_word' id='word_1_512' title='bbox 1098 5869 1328 5922; x_wconf 73' lang='grc' dir='ltr'>ἕκαστον</span> <span class='ocrx_word' id='word_1_513' title='bbox 1357 5870 1639 5941; x_wconf 83' lang='grc' dir='ltr'>ἐρωτήσῃς</span> <span class='ocrx_word' id='word_1_514' title='bbox 1664 5871 1805 5936; x_wconf 84' lang='grc' dir='ltr'>τίνος</span> <span class='ocrx_word' id='word_1_515' title='bbox 1825 5874 1942 5927; x_wconf 72' lang='grc' dir='ltr'>ἓνε-</span> 
     </span>
    </p>
   </div>
   <div class='ocr_carea' id='block_1_65' title="bbox 278 5946 1940 6025">
    <p class='ocr_par' dir='ltr' id='par_1_65' title="bbox 278 5946 1940 6025">
     <span class='ocr_line' id='line_1_65' title="bbox 278 5946 1940 6025; baseline -0.003 -16"><span class='ocrx_word' id='word_1_516' title='bbox 278 5968 374 6009; x_wconf 84' lang='grc' dir='ltr'>κεν</span> <span class='ocrx_word' id='word_1_517' title='bbox 409 5951 561 6006; x_wconf 76' lang='grc' dir='ltr'>πονεῖ</span> <span class='ocrx_word' id='word_1_518' title='bbox 583 5950 678 6005; x_wconf 72' lang='grc' dir='ltr'>καὶ</span> <span class='ocrx_word' id='word_1_519' title='bbox 696 5946 1144 6024; x_wconf 77' lang='grc' dir='ltr'>ταλαιπωρεῖται,</span> <span class='ocrx_word' id='word_1_520' title='bbox 1169 5946 1263 6024; x_wconf 80' lang='grc' dir='ltr'>καὶ</span> <span class='ocrx_word' id='word_1_521' title='bbox 1288 5947 1551 6018; x_wconf 84' lang='grc' dir='ltr'>τοσαύτην</span> <span class='ocrx_word' id='word_1_522' title='bbox 1581 5949 1940 6025; x_wconf 64' lang='grc' dir='ltr'>ἐπιδείκνυται</span> 
     </span>
    </p>
   </div>
   <div class='ocr_carea' id='block_1_66' title="bbox 1408 408 2588 501">
    <p class='ocr_par' dir='ltr' id='par_1_66' title="bbox 1408 408 2588 501">
     <span class='ocr_line' id='line_1_66' title="bbox 1408 408 2588 501; baseline -0.001 -31"><span class='ocrx_word' id='word_1_523' title='bbox 1408 412 1477 470; x_wconf 83' lang='grc' dir='ltr'>ΙΝ</span> <span class='ocrx_word' id='word_1_524' title='bbox 1512 414 1663 471; x_wconf 81' lang='lat' dir='ltr'>CAP.</span> <span class='ocrx_word' id='word_1_525' title='bbox 1699 411 1770 469; x_wconf 80' lang='lat' dir='ltr'>XI</span> <span class='ocrx_word' id='word_1_526' title='bbox 1805 408 2050 501; x_wconf 73' lang='lat' dir='ltr'>G_ENES.</span> <span class='ocrx_word' id='word_1_527' title='bbox 2088 408 2325 469; x_wconf 80' lang='lat' dir='ltr'>HOMIL.</span> <span class='ocrx_word' id='word_1_528' title='bbox 2354 412 2522 470; x_wconf 78' lang='lat' dir='ltr'><strong>XXX.</strong></span> <span class='ocrx_word' id='word_1_529' title='bbox 2582 483 2588 489; x_wconf 20' lang='grc' dir='ltr'><strong><em>ι</em></strong></span> 
     </span>
    </p>
   </div>
   <div class='ocr_carea' id='block_1_67' title="bbox 3611 413 3717 473">
    <p class='ocr_par' dir='ltr' id='par_1_67' title="bbox 3611 413 3717 473">
     <span class='ocr_line' id='line_1_67' title="bbox 3611 413 3717 473; baseline 0.038 -4"><span class='ocrx_word' id='word_1_530' title='bbox 3611 413 3717 473; x_wconf 77' lang='grc'>276</span> 
     </span>
    </p>
   </div>
   <div class='ocr_carea' id='block_1_68' title="bbox 2048 527 3715 605">
    <p class='ocr_par' dir='ltr' id='par_1_68' title="bbox 2048 527 3715 605">
     <span class='ocr_line' id='line_1_68' title="bbox 2048 527 3715 605; baseline 0.002 -25"><span class='ocrx_word' id='word_1_531' title='bbox 2048 527 2349 597; x_wconf 86' lang='grc' dir='ltr'>χρημάτων</span> <span class='ocrx_word' id='word_1_532' title='bbox 2372 527 2620 600; x_wconf 87' lang='grc' dir='ltr'>δαπάνην</span> <span class='ocrx_word' id='word_1_533' title='bbox 2647 529 2726 591; x_wconf 89' lang='grc' dir='ltr'>είς</span> <span class='ocrx_word' id='word_1_534' title='bbox 2752 528 2904 583; x_wconf 77' lang='grc' dir='ltr'>οὐδὲν</span> <span class='ocrx_word' id='word_1_535' title='bbox 2933 531 3068 594; x_wconf 84' lang='grc' dir='ltr'>δέον,</span> <span class='ocrx_word' id='word_1_536' title='bbox 3093 529 3245 585; x_wconf 82' lang='grc' dir='ltr'>οὐδὲν</span> <span class='ocrx_word' id='word_1_537' title='bbox 3273 530 3460 601; x_wconf 85' lang='grc' dir='ltr'>ἔτερον</span> <span class='ocrx_word' id='word_1_538' title='bbox 3483 531 3715 605; x_wconf 79' lang='grc' dir='ltr'>ἀκούσῃ,</span> 
     </span>
    </p>
   </div>
   <div class='ocr_carea' id='block_1_69' title="bbox 2050 607 3715 684">
    <p class='ocr_par' dir='ltr' id='par_1_69' title="bbox 2050 607 3715 684">
     <span class='ocr_line' id='line_1_69' title="bbox 2050 607 3715 684; baseline 0.002 -22"><span class='ocrx_word' id='word_1_539' title='bbox 2050 607 2084 679; x_wconf 78' lang='grc' dir='ltr'><strong>ἢ</strong></span> <span class='ocrx_word' id='word_1_540' title='bbox 2116 607 2291 664; x_wconf 90' lang='grc' dir='ltr'>ταῦτα</span> <span class='ocrx_word' id='word_1_541' title='bbox 2321 611 2389 663; x_wconf 82' lang='grc' dir='ltr'>τὰ</span> <span class='ocrx_word' id='word_1_542' title='bbox 2410 612 2649 680; x_wconf 76' lang='grc' dir='ltr'>ῥήματα,</span> <span class='ocrx_word' id='word_1_543' title='bbox 2696 611 2836 665; x_wconf 84' lang='grc' dir='ltr'>ὥστε</span> <span class='ocrx_word' id='word_1_544' title='bbox 2857 613 2956 683; x_wconf 81' lang='grc' dir='ltr'>τὴν</span> <span class='ocrx_word' id='word_1_545' title='bbox 2985 614 3204 683; x_wconf 88' lang='grc' dir='ltr'>μνήμην</span> <span class='ocrx_word' id='word_1_546' title='bbox 3236 614 3497 684; x_wconf 82' lang='grc' dir='ltr'>διηνεκῶς</span> <span class='ocrx_word' id='word_1_547' title='bbox 3546 613 3715 677; x_wconf 77' lang='grc' dir='ltr'>σώζε-</span> 
     </span>
    </p>
   </div>
   <div class='ocr_carea' id='block_1_70' title="bbox 2052 695 3718 770">
    <p class='ocr_par' dir='ltr' id='par_1_70' title="bbox 2052 695 3718 770">
     <span class='ocr_line' id='line_1_70' title="bbox 2052 695 3718 770; baseline 0.003 -22"><span class='ocrx_word' id='word_1_548' title='bbox 2052 695 2194 760; x_wconf 89' lang='grc' dir='ltr'>σθαι,</span> <span class='ocrx_word' id='word_1_549' title='bbox 2225 697 2321 750; x_wconf 77' lang='grc' dir='ltr'>καὶ</span> <span class='ocrx_word' id='word_1_550' title='bbox 2351 697 2569 751; x_wconf 86' lang='grc' dir='ltr'>ἀκούειν</span> <span class='ocrx_word' id='word_1_551' title='bbox 2596 699 2677 751; x_wconf 84' lang='grc' dir='ltr'>ὅτι</span> <span class='ocrx_word' id='word_1_552' title='bbox 2701 698 2795 752; x_wconf 91' lang='grc' dir='ltr'>τοῦ</span> <span class='ocrx_word' id='word_1_553' title='bbox 2827 699 2996 763; x_wconf 85' lang='grc' dir='ltr'>δεῖνος</span> <span class='ocrx_word' id='word_1_554' title='bbox 3027 702 3060 770; x_wconf 83' lang='grc' dir='ltr'><strong>ἡ</strong></span> <span class='ocrx_word' id='word_1_555' title='bbox 3090 701 3258 768; x_wconf 86' lang='grc' dir='ltr'>οἰκία,</span> <span class='ocrx_word' id='word_1_556' title='bbox 3293 702 3383 753; x_wconf 77' lang='grc' dir='ltr'>καὶ</span> <span class='ocrx_word' id='word_1_557' title='bbox 3425 701 3519 754; x_wconf 90' lang='grc' dir='ltr'>τοῦ</span> <span class='ocrx_word' id='word_1_558' title='bbox 3547 702 3718 764; x_wconf 82' lang='grc' dir='ltr'>δεῖνος</span> 
     </span>
    </p>
   </div>
   <div class='ocr_carea' id='block_1_71' title="bbox 2051 786 3718 860">
    <p class='ocr_par' dir='ltr' id='par_1_71' title="bbox 2051 786 3718 860">
     <span class='ocr_line' id='line_1_71' title="bbox 2051 786 3718 860; baseline 0.004 -22"><span class='ocrx_word' id='word_1_559' title='bbox 2051 786 2080 838; x_wconf 86' lang='grc' dir='ltr'>ό</span> <span class='ocrx_word' id='word_1_560' title='bbox 2112 786 2299 858; x_wconf 89' lang='grc' dir='ltr'>ἀγρός.</span> <span class='ocrx_word' id='word_1_561' title='bbox 2343 787 2503 841; x_wconf 81' lang='grc' dir='ltr'>Ἀλλά</span> <span class='ocrx_word' id='word_1_562' title='bbox 2546 786 2706 842; x_wconf 90' lang='grc' dir='ltr'>τοῦτο</span> <span class='ocrx_word' id='word_1_563' title='bbox 2726 789 2825 842; x_wconf 84' lang='grc' dir='ltr'>οὐκ</span> <span class='ocrx_word' id='word_1_564' title='bbox 2852 788 2967 842; x_wconf 88' lang='grc' dir='ltr'>ἔστι</span> <span class='ocrx_word' id='word_1_565' title='bbox 3001 790 3219 860; x_wconf 89' lang='grc' dir='ltr'>μνήμης</span> <span class='ocrx_word' id='word_1_566' title='bbox 3250 789 3551 854; x_wconf 83' lang='grc' dir='ltr'>ἀξιοῦσθαι,</span> <span class='ocrx_word' id='word_1_567' title='bbox 3582 790 3718 845; x_wconf 89' lang='grc' dir='ltr'>ἀλλά</span> 
     </span>
    </p>
   </div>
   <div class='ocr_carea' id='block_1_72' title="bbox 2055 871 3719 947">
    <p class='ocr_par' dir='ltr' id='par_1_72' title="bbox 2055 871 3719 947">
     <span class='ocr_line' id='line_1_72' title="bbox 2055 871 3719 947; baseline 0.003 -22"><span class='ocrx_word' id='word_1_568' title='bbox 2055 871 2253 942; x_wconf 81' lang='grc' dir='ltr'>μᾶλλον</span> <span class='ocrx_word' id='word_1_569' title='bbox 2309 875 2663 944; x_wconf 88' lang='grc' dir='ltr'>κατηγορίας.</span> <span class='ocrx_word' id='word_1_570' title='bbox 2721 875 2937 940; x_wconf 84' lang='grc' dir='ltr'>Εὐθέως</span> <span class='ocrx_word' id='word_1_571' title='bbox 2977 878 3084 947; x_wconf 86' lang='grc' dir='ltr'>γάρ</span> <span class='ocrx_word' id='word_1_572' title='bbox 3132 880 3243 940; x_wconf 84' lang='grc' dir='ltr'>τοῖς</span> <span class='ocrx_word' id='word_1_573' title='bbox 3273 877 3451 944; x_wconf 90' lang='grc' dir='ltr'>λόγοις</span> <span class='ocrx_word' id='word_1_574' title='bbox 3511 876 3719 941; x_wconf 85' lang='grc' dir='ltr'>τούτοις</span> 
     </span>
    </p>
   </div>
   <div class='ocr_carea' id='block_1_73' title="bbox 2050 959 3714 1037">
    <p class='ocr_par' dir='ltr' id='par_1_73' title="bbox 2050 959 3714 1037">
     <span class='ocr_line' id='line_1_73' title="bbox 2050 959 3714 1037; baseline 0.002 -22"><span class='ocrx_word' id='word_1_575' title='bbox 2050 959 2430 1031; x_wconf 76' lang='grc' dir='ltr'>ἐπεισέρχεται</span> <span class='ocrx_word' id='word_1_576' title='bbox 2455 961 2548 1015; x_wconf 81' lang='grc' dir='ltr'>καὶ</span> <span class='ocrx_word' id='word_1_577' title='bbox 2580 963 2650 1017; x_wconf 85' lang='grc' dir='ltr'>τὰ</span> <span class='ocrx_word' id='word_1_578' title='bbox 2682 964 2891 1034; x_wconf 89' lang='grc' dir='ltr'>μυρίων</span> <span class='ocrx_word' id='word_1_579' title='bbox 2933 964 3275 1035; x_wconf 84' lang='grc' dir='ltr'>κατηγοριῶν</span> <span class='ocrx_word' id='word_1_580' title='bbox 3301 965 3427 1029; x_wconf 79' lang='grc' dir='ltr'>ἀξια</span> <span class='ocrx_word' id='word_1_581' title='bbox 3462 967 3714 1037; x_wconf 81' lang='grc' dir='ltr'>ῥήματα·</span> 
     </span>
    </p>
   </div>
   <div class='ocr_carea' id='block_1_74' title="bbox 2050 1044 3717 1123">
    <p class='ocr_par' dir='ltr' id='par_1_74' title="bbox 2050 1044 3717 1123">
     <span class='ocr_line' id='line_1_74' title="bbox 2050 1044 3717 1123; baseline 0.005 -26"><span class='ocrx_word' id='word_1_582' title='bbox 2050 1044 2142 1099; x_wconf 86' lang='grc' dir='ltr'>τοῦ</span> <span class='ocrx_word' id='word_1_583' title='bbox 2176 1046 2346 1112; x_wconf 88' lang='grc' dir='ltr'>δεῖνος</span> <span class='ocrx_word' id='word_1_584' title='bbox 2375 1048 2468 1102; x_wconf 88' lang='grc' dir='ltr'>τοῦ</span> <span class='ocrx_word' id='word_1_585' title='bbox 2493 1048 2837 1114; x_wconf 87' lang='grc' dir='ltr'>πλεονέκτου,</span> <span class='ocrx_word' id='word_1_586' title='bbox 2857 1050 2950 1104; x_wconf 93' lang='grc' dir='ltr'>τοῦ</span> <span class='ocrx_word' id='word_1_587' title='bbox 2989 1050 3254 1122; x_wconf 73' lang='grc' dir='ltr'>ἅρπαγος,</span> <span class='ocrx_word' id='word_1_588' title='bbox 3286 1051 3379 1104; x_wconf 89' lang='grc' dir='ltr'>τοῦ</span> <span class='ocrx_word' id='word_1_589' title='bbox 3419 1054 3590 1123; x_wconf 85' lang='grc' dir='ltr'>χήρας</span> <span class='ocrx_word' id='word_1_590' title='bbox 3621 1052 3717 1105; x_wconf 84' lang='grc' dir='ltr'>καὶ</span> 
     </span>
    </p>
   </div>
   <div class='ocr_carea' id='block_1_75' title="bbox 2050 1130 3716 1210">
    <p class='ocr_par' dir='ltr' id='par_1_75' title="bbox 2050 1130 3716 1210">
     <span class='ocr_line' id='line_1_75' title="bbox 2050 1130 3716 1210; baseline 0.005 -26"><span class='ocrx_word' id='word_1_591' title='bbox 2050 1130 2318 1202; x_wconf 80' lang='grc' dir='ltr'>ὀρφανοὺς</span> <span class='ocrx_word' id='word_1_592' title='bbox 2344 1134 2747 1205; x_wconf 86' lang='grc' dir='ltr'>γυμνώσαντος.</span> <span class='ocrx_word' id='word_1_593' title='bbox 2802 1138 2918 1191; x_wconf 88' lang='grc' dir='ltr'>Ούκ</span> <span class='ocrx_word' id='word_1_594' title='bbox 2941 1137 3055 1191; x_wconf 83' lang='grc' dir='ltr'>ἔστι</span> <span class='ocrx_word' id='word_1_595' title='bbox 3102 1138 3281 1192; x_wconf 89' lang='grc' dir='ltr'>τοίνυν</span> <span class='ocrx_word' id='word_1_596' title='bbox 3305 1139 3461 1191; x_wconf 86' lang='grc' dir='ltr'>τοῦτο</span> <span class='ocrx_word' id='word_1_597' title='bbox 3497 1141 3716 1210; x_wconf 85' lang='grc' dir='ltr'>μνήμης</span> 
     </span>
    </p>
   </div>
   <div class='ocr_carea' id='block_1_76' title="bbox 2052 1218 3716 1295">
    <p class='ocr_par' dir='ltr' id='par_1_76' title="bbox 2052 1218 3716 1295">
     <span class='ocr_line' id='line_1_76' title="bbox 2052 1218 3716 1295; baseline 0.002 -23"><span class='ocrx_word' id='word_1_598' title='bbox 2052 1218 2367 1285; x_wconf 86' lang='grc' dir='ltr'>ἀπολαύειν,</span> <span class='ocrx_word' id='word_1_599' title='bbox 2398 1221 2532 1275; x_wconf 88' lang='grc' dir='ltr'>ἀλλά</span> <span class='ocrx_word' id='word_1_600' title='bbox 2565 1224 2918 1294; x_wconf 85' lang='grc' dir='ltr'>κατηγορίαις</span> <span class='ocrx_word' id='word_1_601' title='bbox 2959 1224 3228 1295; x_wconf 84' lang='grc' dir='ltr'>διηνεκέσι</span> <span class='ocrx_word' id='word_1_602' title='bbox 3268 1224 3576 1294; x_wconf 75' lang='grc' dir='ltr'>βάλλεσθαι,</span> <span class='ocrx_word' id='word_1_603' title='bbox 3621 1225 3716 1277; x_wconf 75' lang='grc' dir='ltr'>καὶ</span> 
     </span>
    </p>
   </div>
   <div class='ocr_carea' id='block_1_77' title="bbox 2054 1305 3716 1382">
    <p class='ocr_par' dir='ltr' id='par_1_77' title="bbox 2054 1305 3716 1382">
     <span class='ocr_line' id='line_1_77' title="bbox 2054 1305 3716 1382; baseline 0.002 -24"><span class='ocrx_word' id='word_1_604' title='bbox 2054 1305 2193 1375; x_wconf 85' lang='grc' dir='ltr'>μετά</span> <span class='ocrx_word' id='word_1_605' title='bbox 2250 1305 2476 1362; x_wconf 84' lang='grc' dir='ltr'>θάνατον</span> <span class='ocrx_word' id='word_1_606' title='bbox 2518 1309 2943 1380; x_wconf 88' lang='grc' dir='ltr'>στηλιτεύεσθαι,</span> <span class='ocrx_word' id='word_1_607' title='bbox 3000 1311 3094 1363; x_wconf 73' lang='grc' dir='ltr'>καὶ</span> <span class='ocrx_word' id='word_1_608' title='bbox 3151 1310 3250 1374; x_wconf 82' lang='grc' dir='ltr'>τὰς</span> <span class='ocrx_word' id='word_1_609' title='bbox 3309 1310 3417 1364; x_wconf 89' lang='grc' dir='ltr'>τῶν</span> <span class='ocrx_word' id='word_1_610' title='bbox 3465 1310 3716 1382; x_wconf 84' lang='grc' dir='ltr'>ὁρώντων</span> 
     </span>
    </p>
   </div>
   <div class='ocr_carea' id='block_1_78' title="bbox 2053 1390 3715 1468">
    <p class='ocr_par' dir='ltr' id='par_1_78' title="bbox 2053 1390 3715 1468">
     <span class='ocr_line' id='line_1_78' title="bbox 2053 1390 3715 1468; baseline 0.005 -26"><span class='ocrx_word' id='word_1_611' title='bbox 2053 1390 2297 1458; x_wconf 85' lang='grc' dir='ltr'>γλώττας</span> <span class='ocrx_word' id='word_1_612' title='bbox 2360 1395 2562 1465; x_wconf 82' lang='grc' dir='ltr'>ἀκονᾷν</span> <span class='ocrx_word' id='word_1_613' title='bbox 2619 1398 2698 1458; x_wconf 86' lang='grc' dir='ltr'>είς</span> <span class='ocrx_word' id='word_1_614' title='bbox 2737 1395 3080 1466; x_wconf 77' lang='grc' dir='ltr'>βλασφημίαν</span> <span class='ocrx_word' id='word_1_615' title='bbox 3113 1399 3207 1450; x_wconf 81' lang='grc' dir='ltr'>καὶ</span> <span class='ocrx_word' id='word_1_616' title='bbox 3242 1398 3573 1468; x_wconf 85' lang='grc' dir='ltr'>κατηγορίαν</span> <span class='ocrx_word' id='word_1_617' title='bbox 3620 1398 3715 1451; x_wconf 91' lang='grc' dir='ltr'>τοῦ</span> 
     </span>
    </p>
   </div>
   <div class='ocr_carea' id='block_1_79' title="bbox 2052 1476 3710 1554">
    <p class='ocr_par' dir='ltr' id='par_1_79' title="bbox 2052 1476 3710 1554">
     <span class='ocr_line' id='line_1_79' title="bbox 2052 1476 3710 1554; baseline 0.004 -25"><span class='ocrx_word' id='word_1_618' title='bbox 2052 1476 2224 1530; x_wconf 88' lang='grc' dir='ltr'>ταῦτα</span> <span class='ocrx_word' id='word_1_619' title='bbox 2248 1481 2608 1550; x_wconf 87' lang='grc' dir='ltr'>κτησαμένου.</span> <span class='ocrx_word' id='word_1_620' title='bbox 2635 1483 2698 1537; x_wconf 90' lang='grc' dir='ltr'>Εί</span> <span class='ocrx_word' id='word_1_621' title='bbox 2731 1483 2789 1536; x_wconf 87' lang='grc' dir='ltr'>δέ</span> <span class='ocrx_word' id='word_1_622' title='bbox 2821 1482 2955 1545; x_wconf 81' lang='grc' dir='ltr'>ὅλως</span> <span class='ocrx_word' id='word_1_623' title='bbox 2985 1487 3203 1554; x_wconf 91' lang='grc' dir='ltr'>μνήμης</span> <span class='ocrx_word' id='word_1_624' title='bbox 3234 1484 3363 1554; x_wconf 78' lang='grc' dir='ltr'>ἐρᾷς</span> <span class='ocrx_word' id='word_1_625' title='bbox 3414 1483 3710 1553; x_wconf 86' lang='grc' dir='ltr'>διηνεκοῦς,</span> 
     </span>
    </p>
   </div>
   <div class='ocr_carea' id='block_1_80' title="bbox 2051 1561 3713 1642">
    <p class='ocr_par' dir='ltr' id='par_1_80' title="bbox 2051 1561 3713 1642">
     <span class='ocr_line' id='line_1_80' title="bbox 2051 1561 3713 1642; baseline 0.005 -27"><span class='ocrx_word' id='word_1_626' title='bbox 2051 1561 2162 1630; x_wconf 91' lang='grc' dir='ltr'>ἐγώ</span> <span class='ocrx_word' id='word_1_627' title='bbox 2195 1581 2276 1618; x_wconf 91' lang='grc' dir='ltr'>σοι</span> <span class='ocrx_word' id='word_1_628' title='bbox 2311 1566 2573 1632; x_wconf 85' lang='grc' dir='ltr'>ὑποδείξω</span> <span class='ocrx_word' id='word_1_629' title='bbox 2593 1568 2729 1633; x_wconf 83' lang='grc' dir='ltr'>ὁδὸν,</span> <span class='ocrx_word' id='word_1_630' title='bbox 2759 1568 2826 1622; x_wconf 77' lang='grc' dir='ltr'>δι’</span> <span class='ocrx_word' id='word_1_631' title='bbox 2852 1563 2920 1640; x_wconf 78' lang='grc' dir='ltr'>ἦς</span> <span class='ocrx_word' id='word_1_632' title='bbox 2941 1570 3141 1642; x_wconf 81' lang='grc' dir='ltr'>δυνήσῃ</span> <span class='ocrx_word' id='word_1_633' title='bbox 3168 1571 3262 1623; x_wconf 76' lang='lat' dir='ltr'><strong><em>xal</em></strong></span> <span class='ocrx_word' id='word_1_634' title='bbox 3285 1569 3713 1641; x_wconf 89' lang='grc' dir='ltr'>μνημονεύεσθαι</span> 
     </span>
    </p>
   </div>
   <div class='ocr_carea' id='block_1_81' title="bbox 2048 1647 3715 1727">
    <p class='ocr_par' dir='ltr' id='par_1_81' title="bbox 2048 1647 3715 1727">
     <span class='ocr_line' id='line_1_81' title="bbox 2048 1647 3715 1727; baseline 0.005 -27"><span class='ocrx_word' id='word_1_635' title='bbox 2048 1647 2137 1701; x_wconf 82' lang='grc' dir='ltr'>διὰ</span> <span class='ocrx_word' id='word_1_636' title='bbox 2167 1650 2387 1716; x_wconf 85' lang='grc' dir='ltr'>παντὸς,</span> <span class='ocrx_word' id='word_1_637' title='bbox 2429 1652 2521 1705; x_wconf 76' lang='grc' dir='ltr'>καὶ</span> <span class='ocrx_word' id='word_1_638' title='bbox 2559 1653 2675 1722; x_wconf 87' lang='grc' dir='ltr'>μετ’</span> <span class='ocrx_word' id='word_1_639' title='bbox 2723 1655 2996 1725; x_wconf 75' lang='grc' dir='ltr'>εὐφημίας</span> <span class='ocrx_word' id='word_1_640' title='bbox 3027 1655 3228 1725; x_wconf 87' lang='grc' dir='ltr'>πολλῆς</span> <span class='ocrx_word' id='word_1_641' title='bbox 3274 1655 3369 1709; x_wconf 74' lang='grc' dir='ltr'>καὶ</span> <span class='ocrx_word' id='word_1_642' title='bbox 3403 1655 3600 1727; x_wconf 89' lang='grc' dir='ltr'>πολλήν</span> <span class='ocrx_word' id='word_1_643' title='bbox 3632 1673 3715 1708; x_wconf 88' lang='grc' dir='ltr'>σοι</span> 
     </span>
    </p>
   </div>
   <div class='ocr_carea' id='block_1_82' title="bbox 2048 1734 3713 1812">
    <p class='ocr_par' dir='ltr' id='par_1_82' title="bbox 2048 1734 3713 1812">
     <span class='ocr_line' id='line_1_82' title="bbox 2048 1734 3713 1812; baseline 0.005 -25"><span class='ocrx_word' id='word_1_644' title='bbox 2048 1734 2149 1806; x_wconf 82' lang='grc' dir='ltr'>τὴν</span> <span class='ocrx_word' id='word_1_645' title='bbox 2195 1738 2511 1810; x_wconf 75' lang='grc' dir='ltr'>παρρησίαν</span> <span class='ocrx_word' id='word_1_646' title='bbox 2543 1739 2602 1792; x_wconf 90' lang='grc' dir='ltr'>ἐν</span> <span class='ocrx_word' id='word_1_647' title='bbox 2637 1739 2716 1810; x_wconf 81' lang='grc' dir='ltr'>τῷ</span> <span class='ocrx_word' id='word_1_648' title='bbox 2767 1741 3225 1812; x_wconf 77' lang='grc' dir='ltr'>μέλλοντικαιρῷ</span> <span class='ocrx_word' id='word_1_649' title='bbox 3273 1742 3546 1812; x_wconf 80' lang='grc' dir='ltr'>παρέξεις.</span> <span class='ocrx_word' id='word_1_650' title='bbox 3588 1743 3713 1805; x_wconf 87' lang='grc' dir='ltr'>Πῶς</span> 
     </span>
    </p>
   </div>
   <div class='ocr_carea' id='block_1_83' title="bbox 2048 1816 3710 1900">
    <p class='ocr_par' dir='ltr' id='par_1_83' title="bbox 2048 1816 3710 1900">
     <span class='ocr_line' id='line_1_83' title="bbox 2048 1816 3710 1900; baseline 0.006 -27"><span class='ocrx_word' id='word_1_651' title='bbox 2048 1816 2140 1874; x_wconf 83' lang='grc' dir='ltr'>οὗν</span> <span class='ocrx_word' id='word_1_652' title='bbox 2182 1821 2385 1896; x_wconf 82' lang='grc' dir='ltr'>δυνήσῃ</span> <span class='ocrx_word' id='word_1_653' title='bbox 2434 1826 2528 1878; x_wconf 79' lang='grc' dir='ltr'>καὶ</span> <span class='ocrx_word' id='word_1_654' title='bbox 2569 1826 3001 1897; x_wconf 87' lang='grc' dir='ltr'>μνημονεύεσθαι</span> <span class='ocrx_word' id='word_1_655' title='bbox 3052 1828 3173 1881; x_wconf 90' lang='grc' dir='ltr'>καθ’</span> <span class='ocrx_word' id='word_1_656' title='bbox 3211 1829 3445 1899; x_wconf 77' lang='grc' dir='ltr'>ἑκάστην</span> <span class='ocrx_word' id='word_1_657' title='bbox 3480 1829 3710 1900; x_wconf 80' lang='grc' dir='ltr'>ἡμέραν,</span> 
     </span>
    </p>
   </div>
   <div class='ocr_carea' id='block_1_84' title="bbox 2049 1908 3714 1987">
    <p class='ocr_par' dir='ltr' id='par_1_84' title="bbox 2049 1908 3714 1987">
     <span class='ocr_line' id='line_1_84' title="bbox 2049 1908 3714 1987; baseline 0.006 -28"><span class='ocrx_word' id='word_1_658' title='bbox 2049 1908 2279 1973; x_wconf 73' lang='grc' dir='ltr'>καὶτοῖς</span> <span class='ocrx_word' id='word_1_659' title='bbox 2319 1910 2613 1982; x_wconf 84' lang='grc' dir='ltr'>ἐγκωμίοις</span> <span class='ocrx_word' id='word_1_660' title='bbox 2662 1912 2949 1982; x_wconf 88' lang='grc' dir='ltr'>βάλλεσθαι</span> <span class='ocrx_word' id='word_1_661' title='bbox 2998 1916 3093 1968; x_wconf 77' lang='grc' dir='ltr'>καὶ</span> <span class='ocrx_word' id='word_1_662' title='bbox 3144 1915 3282 1985; x_wconf 86' lang='grc' dir='ltr'>μετὰ</span> <span class='ocrx_word' id='word_1_663' title='bbox 3315 1914 3411 1987; x_wconf 81' lang='grc' dir='ltr'>τὴν</span> <span class='ocrx_word' id='word_1_664' title='bbox 3435 1915 3535 1985; x_wconf 89' lang='grc' dir='ltr'>τῆς</span> <span class='ocrx_word' id='word_1_665' title='bbox 3567 1915 3714 1987; x_wconf 87' lang='grc' dir='ltr'>ζωῆς</span> 
     </span>
    </p>
   </div>
   <div class='ocr_carea' id='block_1_85' title="bbox 2051 1997 3713 2076">
    <p class='ocr_par' dir='ltr' id='par_1_85' title="bbox 2051 1997 3713 2076">
     <span class='ocr_line' id='line_1_85' title="bbox 2051 1997 3713 2076; baseline 0.007 -27"><span class='ocrx_word' id='word_1_666' title='bbox 2051 1997 2382 2065; x_wconf 85' lang='grc' dir='ltr'>μετάστασιν</span> <span class='ocrx_word' id='word_1_667' title='bbox 2404 2016 2419 2065; x_wconf 91' lang='grc'><strong>;</strong></span> <span class='ocrx_word' id='word_1_668' title='bbox 2442 1999 2506 2053; x_wconf 82' lang='lat' dir='ltr'><strong><em>El</em></strong></span> <span class='ocrx_word' id='word_1_669' title='bbox 2532 2003 2690 2056; x_wconf 81' lang='grc' dir='ltr'>ταυτὶ</span> <span class='ocrx_word' id='word_1_670' title='bbox 2713 2003 2783 2057; x_wconf 90' lang='grc' dir='ltr'>τά</span> <span class='ocrx_word' id='word_1_671' title='bbox 2809 2004 3066 2076; x_wconf 90' lang='grc' dir='ltr'>χρήματα</span> <span class='ocrx_word' id='word_1_672' title='bbox 3090 2005 3169 2070; x_wconf 88' lang='grc' dir='ltr'>είς</span> <span class='ocrx_word' id='word_1_673' title='bbox 3196 2005 3295 2067; x_wconf 86' lang='grc' dir='ltr'>τὰς</span> <span class='ocrx_word' id='word_1_674' title='bbox 3324 2006 3432 2059; x_wconf 90' lang='grc' dir='ltr'>τῶν</span> <span class='ocrx_word' id='word_1_675' title='bbox 3465 2008 3713 2076; x_wconf 69' lang='grc' dir='ltr'>πενήτων</span> 
     </span>
    </p>
   </div>
   <div class='ocr_carea' id='block_1_86' title="bbox 2046 2083 3713 2163">
    <p class='ocr_par' dir='ltr' id='par_1_86' title="bbox 2046 2083 3713 2163">
     <span class='ocr_line' id='line_1_86' title="bbox 2046 2083 3713 2163; baseline 0.007 -26"><span class='ocrx_word' id='word_1_676' title='bbox 2046 2083 2328 2159; x_wconf 80' lang='grc' dir='ltr'>διανείμῃς</span> <span class='ocrx_word' id='word_1_677' title='bbox 2378 2090 2587 2159; x_wconf 84' lang='grc' dir='ltr'>χεῖρας,</span> <span class='ocrx_word' id='word_1_678' title='bbox 2624 2091 2784 2158; x_wconf 76' lang='grc' dir='ltr'>ἀφεὶς</span> <span class='ocrx_word' id='word_1_679' title='bbox 2821 2092 2944 2155; x_wconf 82' lang='grc' dir='ltr'>τοὺς</span> <span class='ocrx_word' id='word_1_680' title='bbox 2977 2091 3156 2156; x_wconf 87' lang='grc' dir='ltr'>λίθους</span> <span class='ocrx_word' id='word_1_681' title='bbox 3188 2094 3281 2146; x_wconf 70' lang='grc' dir='ltr'>καί⁸</span> <span class='ocrx_word' id='word_1_682' title='bbox 3327 2093 3427 2156; x_wconf 87' lang='grc' dir='ltr'>τάς</span> <span class='ocrx_word' id='word_1_683' title='bbox 3465 2094 3713 2163; x_wconf 82' lang='grc' dir='ltr'>μεγάλας</span> 
     </span>
    </p>
   </div>
   <div class='ocr_carea' id='block_1_87' title="bbox 2046 2172 3710 2250">
    <p class='ocr_par' dir='ltr' id='par_1_87' title="bbox 2046 2172 3710 2250">
     <span class='ocr_line' id='line_1_87' title="bbox 2046 2172 3710 2250; baseline 0.005 -26"><span class='ocrx_word' id='word_1_684' title='bbox 2046 2172 2349 2244; x_wconf 72' lang='grc' dir='ltr'>οἰκοδομὰς,</span> <span class='ocrx_word' id='word_1_685' title='bbox 2376 2176 2613 2240; x_wconf 73' lang='grc' dir='ltr'>καὶτοὺς</span> <span class='ocrx_word' id='word_1_686' title='bbox 2637 2175 2784 2248; x_wconf 73' lang='grc'>[297]</span> <span class='ocrx_word' id='word_1_687' title='bbox 2801 2179 3018 2248; x_wconf 81' lang='grc' dir='ltr'>ἀγροὺς,</span> <span class='ocrx_word' id='word_1_688' title='bbox 3050 2179 3141 2233; x_wconf 72' lang='grc' dir='ltr'>καί</span> <span class='ocrx_word' id='word_1_689' title='bbox 3169 2179 3238 2232; x_wconf 87' lang='grc' dir='ltr'>τά</span> <span class='ocrx_word' id='word_1_690' title='bbox 3262 2179 3536 2249; x_wconf 84' lang='grc' dir='ltr'>βαλανεῖα.</span> <span class='ocrx_word' id='word_1_691' title='bbox 3562 2181 3710 2250; x_wconf 83' lang='grc' dir='ltr'>Αὕτη</span> 
     </span>
    </p>
   </div>
   <div class='ocr_carea' id='block_1_88' title="bbox 2045 2259 3712 2339">
    <p class='ocr_par' dir='ltr' id='par_1_88' title="bbox 2045 2259 3712 2339">
     <span class='ocr_line' id='line_1_88' title="bbox 2045 2259 3712 2339; baseline 0.005 -27"><span class='ocrx_word' id='word_1_692' title='bbox 2045 2259 2078 2330; x_wconf 85' lang='grc' dir='ltr'><strong>ἡ</strong></span> <span class='ocrx_word' id='word_1_693' title='bbox 2117 2262 2303 2332; x_wconf 88' lang='grc' dir='ltr'>μνήμη</span> <span class='ocrx_word' id='word_1_694' title='bbox 2327 2263 2611 2328; x_wconf 84' lang='grc' dir='ltr'>ἀθάνατος,</span> <span class='ocrx_word' id='word_1_695' title='bbox 2638 2264 2776 2336; x_wconf 79' lang='grc' dir='ltr'>αὕτη</span> <span class='ocrx_word' id='word_1_696' title='bbox 2807 2268 2840 2337; x_wconf 89' lang='grc' dir='ltr'>ή</span> <span class='ocrx_word' id='word_1_697' title='bbox 2866 2267 3053 2336; x_wconf 86' lang='grc' dir='ltr'>μνήμη</span> <span class='ocrx_word' id='word_1_698' title='bbox 3085 2267 3290 2338; x_wconf 84' lang='grc' dir='ltr'>μυρίων</span> <span class='ocrx_word' id='word_1_699' title='bbox 3313 2284 3394 2320; x_wconf 89' lang='grc' dir='ltr'>σοι</span> <span class='ocrx_word' id='word_1_700' title='bbox 3425 2268 3712 2339; x_wconf 84' lang='grc' dir='ltr'>θησαυρῶν</span> 
     </span>
    </p>
   </div>
   <div class='ocr_carea' id='block_1_89' title="bbox 2047 2348 3716 2427">
    <p class='ocr_par' dir='ltr' id='par_1_89' title="bbox 2047 2348 3716 2427">
     <span class='ocr_line' id='line_1_89' title="bbox 2047 2348 3716 2427; baseline 0.005 -27"><span class='ocrx_word' id='word_1_701' title='bbox 2047 2348 2304 2418; x_wconf 81' lang='grc' dir='ltr'>πρόξενος</span> <span class='ocrx_word' id='word_1_702' title='bbox 2327 2350 2556 2418; x_wconf 84' lang='grc' dir='ltr'>γίνεται,</span> <span class='ocrx_word' id='word_1_703' title='bbox 2588 2350 2726 2423; x_wconf 78' lang='grc' dir='ltr'>αὕτη</span> <span class='ocrx_word' id='word_1_704' title='bbox 2760 2354 2793 2423; x_wconf 89' lang='grc' dir='ltr'>ή</span> <span class='ocrx_word' id='word_1_705' title='bbox 2820 2355 3007 2425; x_wconf 88' lang='grc' dir='ltr'>μνήμη</span> <span class='ocrx_word' id='word_1_706' title='bbox 3028 2353 3121 2407; x_wconf 90' lang='grc' dir='ltr'>τοῦ</span> <span class='ocrx_word' id='word_1_707' title='bbox 3153 2354 3373 2424; x_wconf 83' lang='grc' dir='ltr'>φορτίου</span> <span class='ocrx_word' id='word_1_708' title='bbox 3403 2354 3510 2407; x_wconf 92' lang='grc' dir='ltr'>τῶν</span> <span class='ocrx_word' id='word_1_709' title='bbox 3541 2357 3716 2427; x_wconf 83' lang='grc' dir='ltr'>ἀμαρ-</span> 
     </span>
    </p>
   </div>
   <div class='ocr_carea' id='block_1_90' title="bbox 2044 2437 3716 2513">
    <p class='ocr_par' dir='ltr' id='par_1_90' title="bbox 2044 2437 3716 2513">
     <span class='ocr_line' id='line_1_90' title="bbox 2044 2437 3716 2513; baseline 0.005 -26"><span class='ocrx_word' id='word_1_710' title='bbox 2044 2437 2304 2506; x_wconf 84' lang='grc' dir='ltr'>τημάτων</span> <span class='ocrx_word' id='word_1_711' title='bbox 2338 2437 2690 2506; x_wconf 79' lang='grc' dir='ltr'>κουφίζουσα,</span> <span class='ocrx_word' id='word_1_712' title='bbox 2735 2438 2936 2511; x_wconf 90' lang='grc' dir='ltr'>πολλήν</span> <span class='ocrx_word' id='word_1_713' title='bbox 2976 2457 3058 2492; x_wconf 89' lang='grc' dir='ltr'>σοι</span> <span class='ocrx_word' id='word_1_714' title='bbox 3104 2439 3201 2511; x_wconf 86' lang='grc' dir='ltr'>τὴν</span> <span class='ocrx_word' id='word_1_715' title='bbox 3234 2441 3546 2512; x_wconf 76' lang='grc' dir='ltr'>παρρησίαν</span> <span class='ocrx_word' id='word_1_716' title='bbox 3580 2460 3716 2513; x_wconf 90' lang='grc' dir='ltr'>προ-</span> 
     </span>
    </p>
   </div>
   <div class='ocr_carea' id='block_1_91' title="bbox 2047 2521 3717 2597">
    <p class='ocr_par' dir='ltr' id='par_1_91' title="bbox 2047 2521 3717 2597">
     <span class='ocr_line' id='line_1_91' title="bbox 2047 2521 3717 2597; baseline 0.005 -23"><span class='ocrx_word' id='word_1_717' title='bbox 2047 2521 2190 2586; x_wconf 83' lang='grc' dir='ltr'>ξενεῖ</span> <span class='ocrx_word' id='word_1_718' title='bbox 2210 2522 2363 2593; x_wconf 83' lang='grc' dir='ltr'>παρά</span> <span class='ocrx_word' id='word_1_719' title='bbox 2396 2522 2472 2594; x_wconf 83' lang='grc' dir='ltr'>τῷ</span> <span class='ocrx_word' id='word_1_720' title='bbox 2503 2524 2772 2596; x_wconf 80' lang='grc' dir='ltr'>Δεσπότῃ.</span> <span class='ocrx_word' id='word_1_721' title='bbox 2813 2526 3094 2596; x_wconf 90' lang='grc' dir='ltr'>Ἐννόησον</span> <span class='ocrx_word' id='word_1_722' title='bbox 3116 2527 3223 2595; x_wconf 89' lang='grc' dir='ltr'>γάρ</span> <span class='ocrx_word' id='word_1_723' title='bbox 3254 2545 3341 2597; x_wconf 75' lang='grc' dir='ltr'>μοι</span> <span class='ocrx_word' id='word_1_724' title='bbox 3372 2526 3462 2581; x_wconf 74' lang='grc' dir='ltr'>καὶ</span> <span class='ocrx_word' id='word_1_725' title='bbox 3485 2529 3622 2583; x_wconf 83' lang='grc' dir='ltr'>αὐτά</span> <span class='ocrx_word' id='word_1_726' title='bbox 3646 2531 3717 2583; x_wconf 80' lang='grc' dir='ltr'>τά</span> 
     </span>
    </p>
   </div>
   <div class='ocr_carea' id='block_1_92' title="bbox 2048 2610 3717 2687">
    <p class='ocr_par' dir='ltr' id='par_1_92' title="bbox 2048 2610 3717 2687">
     <span class='ocr_line' id='line_1_92' title="bbox 2048 2610 3717 2687; baseline 0.004 -23"><span class='ocrx_word' id='word_1_727' title='bbox 2048 2610 2287 2680; x_wconf 78' lang='grc' dir='ltr'>ῥήματα,</span> <span class='ocrx_word' id='word_1_728' title='bbox 2320 2611 2461 2684; x_wconf 77' lang='grc' dir='ltr'>ἅπερ</span> <span class='ocrx_word' id='word_1_729' title='bbox 2494 2612 2725 2676; x_wconf 80' lang='grc' dir='ltr'>ἔκαστος</span> <span class='ocrx_word' id='word_1_730' title='bbox 2760 2612 2942 2683; x_wconf 82' lang='grc' dir='ltr'>μέλλει</span> <span class='ocrx_word' id='word_1_731' title='bbox 2976 2613 3178 2682; x_wconf 81' lang='grc' dir='ltr'>λέγειν,</span> <span class='ocrx_word' id='word_1_732' title='bbox 3206 2615 3296 2669; x_wconf 76' lang='grc' dir='ltr'>τὸν</span> <span class='ocrx_word' id='word_1_733' title='bbox 3323 2615 3591 2687; x_wconf 87' lang='grc' dir='ltr'>ἐλεήμονα</span> <span class='ocrx_word' id='word_1_734' title='bbox 3624 2619 3717 2671; x_wconf 72' lang='grc' dir='ltr'>καί.</span> 
     </span>
    </p>
   </div>
   <div class='ocr_carea' id='block_1_93' title="bbox 2046 2697 3717 2774">
    <p class='ocr_par' dir='ltr' id='par_1_93' title="bbox 2046 2697 3717 2774">
     <span class='ocr_line' id='line_1_93' title="bbox 2046 2697 3717 2774; baseline 0.006 -26"><span class='ocrx_word' id='word_1_735' title='bbox 2046 2697 2449 2768; x_wconf 84' lang='grc' dir='ltr'>φιλάνθρωπον,</span> <span class='ocrx_word' id='word_1_736' title='bbox 2479 2697 2571 2751; x_wconf 70' lang='grc' dir='ltr'>τὸν</span> <span class='ocrx_word' id='word_1_737' title='bbox 2600 2699 2839 2770; x_wconf 86' lang='grc' dir='ltr'>ἐπιεικῆ,</span> <span class='ocrx_word' id='word_1_738' title='bbox 2872 2699 2963 2753; x_wconf 67' lang='grc' dir='ltr'>τὸν</span> <span class='ocrx_word' id='word_1_739' title='bbox 3013 2700 3265 2773; x_wconf 81' lang='grc' dir='ltr'>χρηστὸν,</span> <span class='ocrx_word' id='word_1_740' title='bbox 3298 2703 3388 2755; x_wconf 81' lang='grc' dir='ltr'>τὸν</span> <span class='ocrx_word' id='word_1_741' title='bbox 3419 2703 3556 2774; x_wconf 91' lang='grc' dir='ltr'>μετά</span> <span class='ocrx_word' id='word_1_742' title='bbox 3589 2704 3717 2757; x_wconf 86' lang='grc' dir='ltr'>πολ-</span> 
     </span>
    </p>
   </div>
   <div class='ocr_carea' id='block_1_94' title="bbox 2045 2783 3712 2862">
    <p class='ocr_par' dir='ltr' id='par_1_94' title="bbox 2045 2783 3712 2862">
     <span class='ocr_line' id='line_1_94' title="bbox 2045 2783 3712 2862; baseline 0.005 -27"><span class='ocrx_word' id='word_1_743' title='bbox 2045 2783 2143 2853; x_wconf 86' lang='grc' dir='ltr'>λῆς</span> <span class='ocrx_word' id='word_1_744' title='bbox 2167 2783 2445 2853; x_wconf 80' lang='grc' dir='ltr'>δαψιλείας</span> <span class='ocrx_word' id='word_1_745' title='bbox 2492 2784 2861 2853; x_wconf 86' lang='grc' dir='ltr'>διανείμαντα.</span> <span class='ocrx_word' id='word_1_746' title='bbox 2923 2787 3287 2856; x_wconf 81' lang='grc' dir='ltr'>Ἐσκόρπισε</span> <span class='ocrx_word' id='word_1_747' title='bbox 3319 2789 3427 2859; x_wconf 82' lang='grc' dir='ltr'>γὰρ</span> <span class='ocrx_word' id='word_1_748' title='bbox 3449 2828 3466 2854; x_wconf 86' lang='grc'>,</span> <span class='ocrx_word' id='word_1_749' title='bbox 3510 2792 3674 2862; x_wconf 77' lang='grc' dir='ltr'>φησὶν</span> <span class='ocrx_word' id='word_1_750' title='bbox 3697 2832 3712 2856; x_wconf 96' lang='grc'>,</span> 
     </span>
    </p>
   </div>
   <div class='ocr_carea' id='block_1_95' title="bbox 2044 2871 3715 2945">
    <p class='ocr_par' dir='ltr' id='par_1_95' title="bbox 2044 2871 3715 2945">
     <span class='ocr_line' id='line_1_95' title="bbox 2044 2871 3715 2945; baseline 0.005 -22"><span class='ocrx_word' id='word_1_751' title='bbox 2044 2871 2230 2924; x_wconf 79' lang='grc' dir='ltr'>ἔδωκε</span> <span class='ocrx_word' id='word_1_752' title='bbox 2258 2871 2382 2938; x_wconf 83' lang='grc' dir='ltr'>τοῖς</span> <span class='ocrx_word' id='word_1_753' title='bbox 2406 2872 2692 2940; x_wconf 82' lang='grc' dir='ltr'>πένησιν·</span> <span class='ocrx_word' id='word_1_754' title='bbox 2732 2873 2769 2940; x_wconf 78' lang='grc' dir='ltr'>η</span> <span class='ocrx_word' id='word_1_755' title='bbox 2801 2873 3154 2943; x_wconf 81' lang='grc' dir='ltr'>δικαιοσύνη</span> <span class='ocrx_word' id='word_1_756' title='bbox 3198 2875 3384 2929; x_wconf 84' lang='grc' dir='ltr'>αὐτοῦ</span> <span class='ocrx_word' id='word_1_757' title='bbox 3421 2875 3588 2944; x_wconf 83' lang='grc' dir='ltr'>μένει</span> <span class='ocrx_word' id='word_1_758' title='bbox 3626 2882 3715 2945; x_wconf 86' lang='grc' dir='ltr'>είς</span> 
     </span>
    </p>
   </div>
   <div class='ocr_carea' id='block_1_96' title="bbox 2045 2949 3712 3032">
    <p class='ocr_par' dir='ltr' id='par_1_96' title="bbox 2045 2949 3712 3032">
     <span class='ocr_line' id='line_1_96' title="bbox 2045 2949 3712 3032; baseline 0.004 -20"><span class='ocrx_word' id='word_1_759' title='bbox 2045 2958 2152 3013; x_wconf 83' lang='grc' dir='ltr'>τὸν</span> <span class='ocrx_word' id='word_1_760' title='bbox 2181 2958 2386 3014; x_wconf 73' lang='grc' dir='ltr'>αἰῶνα.</span> <span class='ocrx_word' id='word_1_761' title='bbox 2445 2959 2697 3013; x_wconf 86' lang='grc' dir='ltr'>Τοιοῦτον</span> <span class='ocrx_word' id='word_1_762' title='bbox 2726 2960 2833 3032; x_wconf 84' lang='grc' dir='ltr'>γὰρ</span> <span class='ocrx_word' id='word_1_763' title='bbox 2865 2963 2894 3015; x_wconf 87' lang='grc' dir='ltr'>ὁ</span> <span class='ocrx_word' id='word_1_764' title='bbox 2940 2961 3049 3014; x_wconf 88' lang='grc' dir='ltr'>τῶν</span> <span class='ocrx_word' id='word_1_765' title='bbox 3096 2949 3395 3032; x_wconf 75' lang='grc' dir='ltr'>χρημάτων</span> <span class='ocrx_word' id='word_1_766' title='bbox 3441 2963 3671 3028; x_wconf 90' lang='grc' dir='ltr'>πλοῦτος</span> <span class='ocrx_word' id='word_1_767' title='bbox 3695 2981 3712 2998; x_wconf 79' lang='grc' dir='ltr'><strong><em>ο</em></strong></span> 
     </span>
    </p>
   </div>
   <div class='ocr_carea' id='block_1_97' title="bbox 2048 3046 3714 3118">
    <p class='ocr_par' dir='ltr' id='par_1_97' title="bbox 2048 3046 3714 3118">
     <span class='ocr_line' id='line_1_97' title="bbox 2048 3046 3714 3118; baseline 0.004 -19"><span class='ocrx_word' id='word_1_768' title='bbox 2048 3046 2472 3117; x_wconf 84' lang='grc' dir='ltr'>σκορπιζόμενος</span> <span class='ocrx_word' id='word_1_769' title='bbox 2500 3047 2699 3116; x_wconf 82' lang='grc' dir='ltr'>μᾶλλον</span> <span class='ocrx_word' id='word_1_770' title='bbox 2737 3048 3076 3118; x_wconf 89' lang='grc' dir='ltr'>παραμένει·</span> <span class='ocrx_word' id='word_1_771' title='bbox 3116 3049 3464 3118; x_wconf 86' lang='grc' dir='ltr'>συνεχόμενος</span> <span class='ocrx_word' id='word_1_772' title='bbox 3509 3051 3567 3104; x_wconf 82' lang='grc' dir='ltr'>δὲ</span> <span class='ocrx_word' id='word_1_773' title='bbox 3618 3052 3714 3104; x_wconf 73' lang='grc' dir='ltr'>καὶ</span> 
     </span>
    </p>
   </div>
   <div class='ocr_carea' id='block_1_98' title="bbox 2044 3132 3709 3204">
    <p class='ocr_par' dir='ltr' id='par_1_98' title="bbox 2044 3132 3709 3204">
     <span class='ocr_line' id='line_1_98' title="bbox 2044 3132 3709 3204; baseline 0.005 -19"><span class='ocrx_word' id='word_1_774' title='bbox 2044 3132 2190 3187; x_wconf 88' lang='grc' dir='ltr'>ἔνδον</span> <span class='ocrx_word' id='word_1_775' title='bbox 2218 3132 2636 3202; x_wconf 88' lang='grc' dir='ltr'>ἀποκλειόμενος</span> <span class='ocrx_word' id='word_1_776' title='bbox 2667 3135 2761 3186; x_wconf 80' lang='grc' dir='ltr'>καὶ</span> <span class='ocrx_word' id='word_1_777' title='bbox 2786 3136 2911 3197; x_wconf 83' lang='grc' dir='ltr'>τοὺς</span> <span class='ocrx_word' id='word_1_778' title='bbox 2939 3134 3265 3204; x_wconf 85' lang='grc' dir='ltr'>κατέχοντας</span> <span class='ocrx_word' id='word_1_779' title='bbox 3299 3137 3709 3194; x_wconf 85' lang='grc' dir='ltr'>συναπόλλυσιν.</span> 
     </span>
    </p>
   </div>
   <div class='ocr_carea' id='block_1_99' title="bbox 2018 3220 3713 3292">
    <p class='ocr_par' dir='ltr' id='par_1_99' title="bbox 2018 3220 3713 3292">
     <span class='ocr_line' id='line_1_99' title="bbox 2018 3220 3713 3292; baseline 0.006 -22"><span class='ocrx_word' id='word_1_780' title='bbox 2018 3238 2021 3241; x_wconf 57' lang='grc' dir='ltr'>λ</span> <span class='ocrx_word' id='word_1_781' title='bbox 2057 3221 2412 3287; x_wconf 75' lang='grc' dir='ltr'>Ἐσκόρπισε</span> <span class='ocrx_word' id='word_1_782' title='bbox 2449 3221 2578 3292; x_wconf 90' lang='grc' dir='ltr'>γάρ,</span> <span class='ocrx_word' id='word_1_783' title='bbox 2617 3220 2802 3292; x_wconf 81' lang='grc' dir='ltr'>φησὶν,</span> <span class='ocrx_word' id='word_1_784' title='bbox 2845 3220 3029 3275; x_wconf 82' lang='grc' dir='ltr'>ἕδωκε</span> <span class='ocrx_word' id='word_1_785' title='bbox 3071 3224 3193 3288; x_wconf 85' lang='grc' dir='ltr'>τοῖς</span> <span class='ocrx_word' id='word_1_786' title='bbox 3237 3222 3514 3292; x_wconf 78' lang='grc' dir='ltr'>πένησιν.</span> <span class='ocrx_word' id='word_1_787' title='bbox 3572 3225 3713 3279; x_wconf 81' lang='grc' dir='ltr'>Ἀλλ’</span> 
     </span>
    </p>
   </div>
   <div class='ocr_carea' id='block_1_100' title="bbox 2045 3305 3713 3382">
    <p class='ocr_par' dir='ltr' id='par_1_100' title="bbox 2045 3305 3713 3382">
     <span class='ocr_line' id='line_1_100' title="bbox 2045 3305 3713 3382; baseline 0.004 -23"><span class='ocrx_word' id='word_1_788' title='bbox 2045 3305 2208 3360; x_wconf 82' lang='grc' dir='ltr'>ἄκουε</span> <span class='ocrx_word' id='word_1_789' title='bbox 2229 3309 2321 3360; x_wconf 76' lang='grc' dir='ltr'>καὶ</span> <span class='ocrx_word' id='word_1_790' title='bbox 2352 3307 2461 3361; x_wconf 90' lang='grc' dir='ltr'>τῶν</span> <span class='ocrx_word' id='word_1_791' title='bbox 2489 3308 2615 3377; x_wconf 83' lang='grc' dir='ltr'>ἐξῆς</span> <span class='ocrx_word' id='word_1_792' title='bbox 2635 3324 2648 3337; x_wconf 93' lang='grc'><strong>·</strong></span> <span class='ocrx_word' id='word_1_793' title='bbox 2693 3308 2765 3362; x_wconf 79' lang='lat' dir='ltr'>&#39;H</span> <span class='ocrx_word' id='word_1_794' title='bbox 2786 3308 3142 3378; x_wconf 75' lang='grc' dir='ltr'>δικαιοσύνη</span> <span class='ocrx_word' id='word_1_795' title='bbox 3190 3312 3379 3365; x_wconf 87' lang='grc' dir='ltr'>αὐτοῦ</span> <span class='ocrx_word' id='word_1_796' title='bbox 3418 3311 3587 3382; x_wconf 82' lang='grc' dir='ltr'>μένει</span> <span class='ocrx_word' id='word_1_797' title='bbox 3626 3316 3713 3379; x_wconf 79' lang='grc' dir='ltr'>είς</span> 
     </span>
    </p>
   </div>
   <div class='ocr_carea' id='block_1_101' title="bbox 2044 3392 3712 3471">
    <p class='ocr_par' dir='ltr' id='par_1_101' title="bbox 2044 3392 3712 3471">
     <span class='ocr_line' id='line_1_101' title="bbox 2044 3392 3712 3471; baseline 0.004 -24"><span class='ocrx_word' id='word_1_798' title='bbox 2044 3393 2152 3448; x_wconf 83' lang='grc' dir='ltr'>τὸν</span> <span class='ocrx_word' id='word_1_799' title='bbox 2176 3392 2380 3448; x_wconf 81' lang='grc' dir='ltr'>αἰῶνα.</span> <span class='ocrx_word' id='word_1_800' title='bbox 2429 3395 2518 3449; x_wconf 86' lang='grc' dir='ltr'>Ἐν</span> <span class='ocrx_word' id='word_1_801' title='bbox 2555 3397 2653 3467; x_wconf 79' lang='grc' dir='ltr'>μιᾷ</span> <span class='ocrx_word' id='word_1_802' title='bbox 2687 3396 2871 3467; x_wconf 82' lang='grc' dir='ltr'>ἡμέρᾳ</span> <span class='ocrx_word' id='word_1_803' title='bbox 2890 3396 2979 3450; x_wconf 87' lang='grc' dir='ltr'>τὸν</span> <span class='ocrx_word' id='word_1_804' title='bbox 3012 3397 3236 3452; x_wconf 89' lang='grc' dir='ltr'>πλοῦτον</span> <span class='ocrx_word' id='word_1_805' title='bbox 3281 3400 3592 3471; x_wconf 87' lang='grc' dir='ltr'>ἐσκόρπισε,</span> <span class='ocrx_word' id='word_1_806' title='bbox 3619 3402 3712 3454; x_wconf 64' lang='grc' dir='ltr'>καὶ</span> 
     </span>
    </p>
   </div>
   <div class='ocr_carea' id='block_1_102' title="bbox 2045 3483 3712 3558">
    <p class='ocr_par' dir='ltr' id='par_1_102' title="bbox 2045 3483 3712 3558">
     <span class='ocr_line' id='line_1_102' title="bbox 2045 3483 3712 3558; baseline 0.005 -24"><span class='ocrx_word' id='word_1_807' title='bbox 2045 3484 2078 3552; x_wconf 84' lang='grc' dir='ltr'>ἡ</span> <span class='ocrx_word' id='word_1_808' title='bbox 2108 3483 2415 3554; x_wconf 86' lang='grc' dir='ltr'>δικαιοσύνη</span> <span class='ocrx_word' id='word_1_809' title='bbox 2443 3483 2607 3536; x_wconf 81' lang='grc' dir='ltr'>αὑτοῦ</span> <span class='ocrx_word' id='word_1_810' title='bbox 2650 3486 2730 3546; x_wconf 87' lang='grc' dir='ltr'>είς</span> <span class='ocrx_word' id='word_1_811' title='bbox 2763 3483 2937 3537; x_wconf 87' lang='grc' dir='ltr'>πάντα</span> <span class='ocrx_word' id='word_1_812' title='bbox 2980 3484 3071 3539; x_wconf 82' lang='grc' dir='ltr'>τὸν</span> <span class='ocrx_word' id='word_1_813' title='bbox 3117 3485 3286 3539; x_wconf 78' lang='grc' dir='ltr'>αἰῶνα</span> <span class='ocrx_word' id='word_1_814' title='bbox 3318 3486 3582 3558; x_wconf 87' lang='grc' dir='ltr'>διαμένει,</span> <span class='ocrx_word' id='word_1_815' title='bbox 3618 3490 3712 3543; x_wconf 78' lang='grc' dir='ltr'>καὶ</span> 
     </span>
    </p>
   </div>
   <div class='ocr_carea' id='block_1_103' title="bbox 2043 3567 3005 3640">
    <p class='ocr_par' dir='ltr' id='par_1_103' title="bbox 2043 3567 3005 3640">
     <span class='ocr_line' id='line_1_103' title="bbox 2043 3567 3005 3640; baseline 0.003 -20"><span class='ocrx_word' id='word_1_816' title='bbox 2043 3571 2142 3639; x_wconf 82' lang='grc' dir='ltr'>τὴν</span> <span class='ocrx_word' id='word_1_817' title='bbox 2175 3570 2391 3638; x_wconf 89' lang='grc' dir='ltr'>μνήμην</span> <span class='ocrx_word' id='word_1_818' title='bbox 2409 3569 2669 3622; x_wconf 83' lang='grc' dir='ltr'>ἀθάνατον</span> <span class='ocrx_word' id='word_1_819' title='bbox 2696 3567 3005 3640; x_wconf 69' lang='grc' dir='ltr'>ἐργάζεται.</span> 
     </span>
    </p>
   </div>
   <div class='ocr_carea' id='block_1_104' title="bbox 2116 3651 3712 3732">
    <p class='ocr_par' dir='ltr' id='par_1_104' title="bbox 2116 3651 3712 3732">
     <span class='ocr_line' id='line_1_104' title="bbox 2116 3651 3712 3732; baseline 0.004 -22"><span class='ocrx_word' id='word_1_820' title='bbox 2116 3661 2186 3722; x_wconf 76' lang='grc' dir='ltr'>γ’.</span> <span class='ocrx_word' id='word_1_821' title='bbox 2210 3651 2363 3719; x_wconf 86' lang='grc' dir='ltr'>Εἶδες</span> <span class='ocrx_word' id='word_1_822' title='bbox 2381 3658 2600 3727; x_wconf 88' lang='grc' dir='ltr'>μνήμην</span> <span class='ocrx_word' id='word_1_823' title='bbox 2615 3657 2778 3710; x_wconf 79' lang='grc' dir='ltr'>παντὶ</span> <span class='ocrx_word' id='word_1_824' title='bbox 2789 3657 2864 3727; x_wconf 80' lang='grc' dir='ltr'>τῷ</span> <span class='ocrx_word' id='word_1_825' title='bbox 2877 3657 3557 3732; x_wconf 83' lang='grc' dir='ltr'>αίῶνιπαρεκτεινομένην;</span> <span class='ocrx_word' id='word_1_826' title='bbox 3576 3658 3712 3726; x_wconf 74' lang='grc' dir='ltr'>εἶδες</span> 
     </span>
    </p>
   </div>
   <div class='ocr_carea' id='block_1_105' title="bbox 2048 3744 3713 3818">
    <p class='ocr_par' dir='ltr' id='par_1_105' title="bbox 2048 3744 3713 3818">
     <span class='ocr_line' id='line_1_105' title="bbox 2048 3744 3713 3818; baseline 0.007 -25"><span class='ocrx_word' id='word_1_827' title='bbox 2048 3744 2271 3815; x_wconf 84' lang='grc' dir='ltr'>μνήμην</span> <span class='ocrx_word' id='word_1_828' title='bbox 2297 3745 2545 3814; x_wconf 86' lang='grc' dir='ltr'>μεγάλων</span> <span class='ocrx_word' id='word_1_829' title='bbox 2579 3745 2672 3798; x_wconf 72' lang='grc' dir='ltr'>καὶ</span> <span class='ocrx_word' id='word_1_830' title='bbox 2691 3745 3018 3817; x_wconf 72' lang='grc' dir='ltr'>ἀπορρήτων</span> <span class='ocrx_word' id='word_1_831' title='bbox 3045 3748 3321 3818; x_wconf 87' lang='grc' dir='ltr'>γέμουσαν</span> <span class='ocrx_word' id='word_1_832' title='bbox 3338 3748 3588 3816; x_wconf 87' lang='grc' dir='ltr'>ἁγαθῶν;</span> <span class='ocrx_word' id='word_1_833' title='bbox 3615 3753 3713 3805; x_wconf 70' lang='grc' dir='ltr'>Δια</span> 
     </span>
    </p>
   </div>
   <div class='ocr_carea' id='block_1_106' title="bbox 2045 3829 3712 3906">
    <p class='ocr_par' dir='ltr' id='par_1_106' title="bbox 2045 3829 3712 3906">
     <span class='ocr_line' id='line_1_106' title="bbox 2045 3829 3712 3906; baseline 0.004 -24"><span class='ocrx_word' id='word_1_834' title='bbox 2045 3829 2296 3883; x_wconf 87' lang='grc' dir='ltr'>τοιούτων</span> <span class='ocrx_word' id='word_1_835' title='bbox 2334 3830 2631 3900; x_wconf 78' lang='grc' dir='ltr'>οἰκοδομῶν</span> <span class='ocrx_word' id='word_1_836' title='bbox 2678 3832 3110 3903; x_wconf 90' lang='grc' dir='ltr'>μνημονεύεσθαι</span> <span class='ocrx_word' id='word_1_837' title='bbox 3175 3834 3586 3906; x_wconf 83' lang='grc' dir='ltr'>σπουδάζωμεν.</span> <span class='ocrx_word' id='word_1_838' title='bbox 3645 3838 3712 3889; x_wconf 76' lang='grc' dir='ltr'>Αἰ</span> 
     </span>
    </p>
   </div>
   <div class='ocr_carea' id='block_1_107' title="bbox 2045 3917 3714 3992">
    <p class='ocr_par' dir='ltr' id='par_1_107' title="bbox 2045 3917 3714 3992">
     <span class='ocr_line' id='line_1_107' title="bbox 2045 3917 3714 3992; baseline 0.004 -23"><span class='ocrx_word' id='word_1_839' title='bbox 2045 3917 2153 3988; x_wconf 75' lang='grc' dir='ltr'>γὰρ</span> <span class='ocrx_word' id='word_1_840' title='bbox 2179 3917 2266 3971; x_wconf 90' lang='grc' dir='ltr'>διά</span> <span class='ocrx_word' id='word_1_841' title='bbox 2302 3917 2410 3971; x_wconf 86' lang='grc' dir='ltr'>τῶν</span> <span class='ocrx_word' id='word_1_842' title='bbox 2454 3918 2614 3971; x_wconf 89' lang='grc' dir='ltr'>λίθων</span> <span class='ocrx_word' id='word_1_843' title='bbox 2644 3920 2704 3972; x_wconf 89' lang='grc' dir='ltr'>ού</span> <span class='ocrx_word' id='word_1_844' title='bbox 2740 3920 2900 3989; x_wconf 92' lang='grc' dir='ltr'>μόνον</span> <span class='ocrx_word' id='word_1_845' title='bbox 2941 3921 3085 3991; x_wconf 79' lang='grc' dir='ltr'>ήμᾶς</span> <span class='ocrx_word' id='word_1_846' title='bbox 3117 3921 3266 3975; x_wconf 82' lang='grc' dir='ltr'>οὐδὲν</span> <span class='ocrx_word' id='word_1_847' title='bbox 3318 3922 3594 3992; x_wconf 86' lang='grc' dir='ltr'>ὠφελῆσαι</span> <span class='ocrx_word' id='word_1_848' title='bbox 3621 3923 3714 3976; x_wconf 79' lang='grc' dir='ltr'>δύο</span> 
     </span>
    </p>
   </div>
   <div class='ocr_carea' id='block_1_108' title="bbox 2045 4004 3712 4081">
    <p class='ocr_par' dir='ltr' id='par_1_108' title="bbox 2045 4004 3712 4081">
     <span class='ocr_line' id='line_1_108' title="bbox 2045 4004 3712 4081; baseline 0.005 -27"><span class='ocrx_word' id='word_1_849' title='bbox 2045 4020 2251 4066; x_wconf 87' lang='grc' dir='ltr'>νανται,</span> <span class='ocrx_word' id='word_1_850' title='bbox 2287 4004 2423 4057; x_wconf 85' lang='grc' dir='ltr'>ἀλλὰ</span> <span class='ocrx_word' id='word_1_851' title='bbox 2451 4005 2544 4056; x_wconf 75' lang='grc' dir='ltr'>καὶ</span> <span class='ocrx_word' id='word_1_852' title='bbox 2576 4005 2697 4057; x_wconf 77' lang='grc' dir='ltr'>ἀντὶ</span> <span class='ocrx_word' id='word_1_853' title='bbox 2746 4006 2946 4075; x_wconf 89' lang='grc' dir='ltr'>στήλης</span> <span class='ocrx_word' id='word_1_854' title='bbox 2978 4006 3257 4074; x_wconf 88' lang='grc' dir='ltr'>διηνεκοῦς</span> <span class='ocrx_word' id='word_1_855' title='bbox 3286 4008 3442 4078; x_wconf 90' lang='grc' dir='ltr'>ήμῶν</span> <span class='ocrx_word' id='word_1_856' title='bbox 3484 4009 3712 4081; x_wconf 85' lang='grc' dir='ltr'>λαμπρᾷ</span> 
     </span>
    </p>
   </div>
   <div class='ocr_carea' id='block_1_109' title="bbox 2043 4088 3709 4165">
    <p class='ocr_par' dir='ltr' id='par_1_109' title="bbox 2043 4088 3709 4165">
     <span class='ocr_line' id='line_1_109' title="bbox 2043 4088 3709 4165; baseline 0.004 -24"><span class='ocrx_word' id='word_1_857' title='bbox 2043 4091 2109 4160; x_wconf 79' lang='grc' dir='ltr'>τῇ</span> <span class='ocrx_word' id='word_1_858' title='bbox 2141 4092 2291 4160; x_wconf 79' lang='grc' dir='ltr'>φωνῇ</span> <span class='ocrx_word' id='word_1_859' title='bbox 2316 4088 2642 4142; x_wconf 86' lang='grc' dir='ltr'>καταϐοῶσι.</span> <span class='ocrx_word' id='word_1_860' title='bbox 2674 4090 2782 4142; x_wconf 79' lang='lat' dir='ltr'>Kal</span> <span class='ocrx_word' id='word_1_861' title='bbox 2810 4090 2875 4143; x_wconf 88' lang='grc' dir='ltr'>τά</span> <span class='ocrx_word' id='word_1_862' title='bbox 2901 4090 3000 4160; x_wconf 84' lang='grc' dir='ltr'>μὲν</span> <span class='ocrx_word' id='word_1_863' title='bbox 3026 4093 3089 4143; x_wconf 87' lang='grc' dir='ltr'>ἐκ</span> <span class='ocrx_word' id='word_1_864' title='bbox 3114 4091 3317 4144; x_wconf 88' lang='grc' dir='ltr'>τούτων</span> <span class='ocrx_word' id='word_1_865' title='bbox 3338 4093 3709 4165; x_wconf 85' lang='grc' dir='ltr'>ἁμαρτήματα</span> 
     </span>
    </p>
   </div>
   <div class='ocr_carea' id='block_1_110' title="bbox 2044 4175 3707 4248">
    <p class='ocr_par' dir='ltr' id='par_1_110' title="bbox 2044 4175 3707 4248">
     <span class='ocr_line' id='line_1_110' title="bbox 2044 4175 3707 4248; baseline 0.004 -20"><span class='ocrx_word' id='word_1_866' title='bbox 2044 4176 2198 4228; x_wconf 73' lang='grc' dir='ltr'>αὐτοὶ</span> <span class='ocrx_word' id='word_1_867' title='bbox 2231 4175 2444 4245; x_wconf 89' lang='grc' dir='ltr'>ἔχοντες</span> <span class='ocrx_word' id='word_1_868' title='bbox 2503 4176 2727 4245; x_wconf 83' lang='grc' dir='ltr'>ἄπιμεν,</span> <span class='ocrx_word' id='word_1_869' title='bbox 2769 4175 2909 4229; x_wconf 88' lang='grc' dir='ltr'>αύτά</span> <span class='ocrx_word' id='word_1_870' title='bbox 2949 4176 3005 4229; x_wconf 81' lang='grc' dir='ltr'>δὲ</span> <span class='ocrx_word' id='word_1_871' title='bbox 3028 4176 3415 4242; x_wconf 82' lang='grc' dir='ltr'>καταλιπόντες</span> <span class='ocrx_word' id='word_1_872' title='bbox 3451 4181 3707 4248; x_wconf 84' lang='grc' dir='ltr'>ἐνταῦθα,</span> 
     </span>
    </p>
   </div>
   <div class='ocr_carea' id='block_1_111' title="bbox 2043 4262 3710 4339">
    <p class='ocr_par' dir='ltr' id='par_1_111' title="bbox 2043 4262 3710 4339">
     <span class='ocr_line' id='line_1_111' title="bbox 2043 4262 3710 4339; baseline 0.003 -24"><span class='ocrx_word' id='word_1_873' title='bbox 2043 4263 2164 4317; x_wconf 87' lang='grc' dir='ltr'>ούδέ</span> <span class='ocrx_word' id='word_1_874' title='bbox 2195 4262 2297 4332; x_wconf 86' lang='grc' dir='ltr'>τῆς</span> <span class='ocrx_word' id='word_1_875' title='bbox 2322 4262 2536 4335; x_wconf 73' lang='grc' dir='ltr'>ψυχρᾶς</span> <span class='ocrx_word' id='word_1_876' title='bbox 2564 4263 2779 4333; x_wconf 87' lang='grc' dir='ltr'>ἐκείνης</span> <span class='ocrx_word' id='word_1_877' title='bbox 2807 4265 2900 4315; x_wconf 76' lang='grc' dir='ltr'>καὶ</span> <span class='ocrx_word' id='word_1_878' title='bbox 2935 4264 3189 4334; x_wconf 89' lang='grc' dir='ltr'>ἀνονήτου</span> <span class='ocrx_word' id='word_1_879' title='bbox 3214 4265 3344 4336; x_wconf 89' lang='grc' dir='ltr'>παρ’</span> <span class='ocrx_word' id='word_1_880' title='bbox 3374 4265 3552 4318; x_wconf 86' lang='grc' dir='ltr'>αὐτῶν</span> <span class='ocrx_word' id='word_1_881' title='bbox 3581 4271 3710 4339; x_wconf 90' lang='grc' dir='ltr'>μνή-</span> 
     </span>
    </p>
   </div>
   <div class='ocr_carea' id='block_1_112' title="bbox 2047 4349 3705 4423">
    <p class='ocr_par' dir='ltr' id='par_1_112' title="bbox 2047 4349 3705 4423">
     <span class='ocr_line' id='line_1_112' title="bbox 2047 4349 3705 4423; baseline 0.003 -20"><span class='ocrx_word' id='word_1_882' title='bbox 2047 4366 2152 4420; x_wconf 86' lang='grc' dir='ltr'>μης</span> <span class='ocrx_word' id='word_1_883' title='bbox 2179 4349 2473 4419; x_wconf 84' lang='grc' dir='ltr'>ἀξιούμεθα</span> <span class='ocrx_word' id='word_1_884' title='bbox 2493 4366 2506 4380; x_wconf 74' lang='grc' dir='ltr'><strong><em>ο</em></strong></span> <span class='ocrx_word' id='word_1_885' title='bbox 2538 4349 2673 4402; x_wconf 87' lang='grc' dir='ltr'>ἀλλά</span> <span class='ocrx_word' id='word_1_886' title='bbox 2707 4353 2824 4415; x_wconf 83' lang='grc' dir='ltr'>ταῖς</span> <span class='ocrx_word' id='word_1_887' title='bbox 2851 4349 2950 4421; x_wconf 80' lang='grc' dir='ltr'>μὲν</span> <span class='ocrx_word' id='word_1_888' title='bbox 2978 4351 3341 4423; x_wconf 82' lang='grc' dir='ltr'>κατηγορίαις</span> <span class='ocrx_word' id='word_1_889' title='bbox 3380 4351 3705 4423; x_wconf 89' lang='grc' dir='ltr'>βαλλόμεθα,</span> 
     </span>
    </p>
   </div>
   <div class='ocr_carea' id='block_1_113' title="bbox 2043 4435 3708 4512">
    <p class='ocr_par' dir='ltr' id='par_1_113' title="bbox 2043 4435 3708 4512">
     <span class='ocr_line' id='line_1_113' title="bbox 2043 4435 3708 4512; baseline 0.004 -23"><span class='ocrx_word' id='word_1_890' title='bbox 2043 4439 2078 4508; x_wconf 90' lang='grc' dir='ltr'>ή</span> <span class='ocrx_word' id='word_1_891' title='bbox 2096 4437 2153 4490; x_wconf 80' lang='grc' dir='ltr'>δὲ</span> <span class='ocrx_word' id='word_1_892' title='bbox 2181 4435 2522 4507; x_wconf 89' lang='grc' dir='ltr'>προσηγορία</span> <span class='ocrx_word' id='word_1_893' title='bbox 2554 4436 2871 4507; x_wconf 87' lang='grc' dir='ltr'>μεθίσταται</span> <span class='ocrx_word' id='word_1_894' title='bbox 2895 4436 3098 4501; x_wconf 79' lang='grc' dir='ltr'>εὐθέως</span> <span class='ocrx_word' id='word_1_895' title='bbox 3118 4439 3197 4500; x_wconf 88' lang='grc' dir='ltr'>είς</span> <span class='ocrx_word' id='word_1_896' title='bbox 3226 4437 3431 4510; x_wconf 83' lang='grc' dir='ltr'>ἐτερον.</span> <span class='ocrx_word' id='word_1_897' title='bbox 3463 4441 3574 4494; x_wconf 80' lang='grc' dir='ltr'>Καὶ</span> <span class='ocrx_word' id='word_1_898' title='bbox 3600 4442 3708 4512; x_wconf 80' lang='grc' dir='ltr'>γὰρ</span> 
     </span>
    </p>
   </div>
   <div class='ocr_carea' id='block_1_114' title="bbox 2042 4523 3707 4596">
    <p class='ocr_par' dir='ltr' id='par_1_114' title="bbox 2042 4523 3707 4596">
     <span class='ocr_line' id='line_1_114' title="bbox 2042 4523 3707 4596; baseline 0.002 -19"><span class='ocrx_word' id='word_1_899' title='bbox 2042 4523 2212 4587; x_wconf 76' lang='grc' dir='ltr'>οὓτως</span> <span class='ocrx_word' id='word_1_900' title='bbox 2242 4523 2386 4594; x_wconf 79' lang='grc' dir='ltr'>ἔχει’</span> <span class='ocrx_word' id='word_1_901' title='bbox 2422 4524 2529 4577; x_wconf 82' lang='grc' dir='ltr'>ἀπὸ</span> <span class='ocrx_word' id='word_1_902' title='bbox 2556 4524 2744 4577; x_wconf 89' lang='grc' dir='ltr'>τούτου</span> <span class='ocrx_word' id='word_1_903' title='bbox 2772 4526 2849 4588; x_wconf 89' lang='grc' dir='ltr'>εἰς</span> <span class='ocrx_word' id='word_1_904' title='bbox 2872 4524 3057 4596; x_wconf 71' lang='grc' dir='ltr'>ἕτερον</span> <span class='ocrx_word' id='word_1_905' title='bbox 3091 4525 3423 4595; x_wconf 84' lang='grc' dir='ltr'>μεταϐαίνει,</span> <span class='ocrx_word' id='word_1_906' title='bbox 3475 4529 3565 4581; x_wconf 76' lang='grc' dir='ltr'>καὶ</span> <span class='ocrx_word' id='word_1_907' title='bbox 3611 4529 3707 4581; x_wconf 84' lang='grc' dir='ltr'>ἀπ’</span> 
     </span>
    </p>
   </div>
   <div class='ocr_carea' id='block_1_115' title="bbox 2042 4610 3708 4685">
    <p class='ocr_par' dir='ltr' id='par_1_115' title="bbox 2042 4610 3708 4685">
     <span class='ocr_line' id='line_1_115' title="bbox 2042 4610 3708 4685; baseline 0.002 -21"><span class='ocrx_word' id='word_1_908' title='bbox 2042 4612 2251 4665; x_wconf 86' lang='grc' dir='ltr'>ἐκείνου</span> <span class='ocrx_word' id='word_1_909' title='bbox 2278 4613 2356 4673; x_wconf 89' lang='grc' dir='ltr'>είς</span> <span class='ocrx_word' id='word_1_910' title='bbox 2386 4610 2543 4666; x_wconf 82' lang='grc' dir='ltr'>ἄλλον</span> <span class='ocrx_word' id='word_1_911' title='bbox 2570 4612 2751 4665; x_wconf 87' lang='grc' dir='ltr'>πάλιν.</span> <span class='ocrx_word' id='word_1_912' title='bbox 2804 4612 2915 4665; x_wconf 79' lang='lat' dir='ltr'>Kal</span> <span class='ocrx_word' id='word_1_913' title='bbox 2967 4615 3205 4683; x_wconf 90' lang='grc' dir='ltr'>σήμερον</span> <span class='ocrx_word' id='word_1_914' title='bbox 3235 4613 3332 4682; x_wconf 86' lang='grc' dir='ltr'>μὲν</span> <span class='ocrx_word' id='word_1_915' title='bbox 3366 4615 3397 4685; x_wconf 92' lang='grc' dir='ltr'>ή</span> <span class='ocrx_word' id='word_1_916' title='bbox 3423 4615 3566 4667; x_wconf 86' lang='grc' dir='ltr'>οἰκία</span> <span class='ocrx_word' id='word_1_917' title='bbox 3589 4614 3708 4668; x_wconf 86' lang='grc' dir='ltr'>ἐλέ-</span> 
     </span>
    </p>
   </div>
   <div class='ocr_carea' id='block_1_116' title="bbox 2042 4698 3705 4771">
    <p class='ocr_par' dir='ltr' id='par_1_116' title="bbox 2042 4698 3705 4771">
     <span class='ocr_line' id='line_1_116' title="bbox 2042 4698 3705 4771; baseline 0.001 -19"><span class='ocrx_word' id='word_1_918' title='bbox 2042 4715 2169 4768; x_wconf 88' lang='grc' dir='ltr'>γετο</span> <span class='ocrx_word' id='word_1_919' title='bbox 2192 4699 2284 4753; x_wconf 89' lang='grc' dir='ltr'>τοῦ</span> <span class='ocrx_word' id='word_1_920' title='bbox 2314 4700 2501 4764; x_wconf 87' lang='grc' dir='ltr'>δεῖνος,</span> <span class='ocrx_word' id='word_1_921' title='bbox 2531 4699 2718 4770; x_wconf 74' lang='grc' dir='ltr'>αὔριον</span> <span class='ocrx_word' id='word_1_922' title='bbox 2742 4699 2797 4752; x_wconf 80' lang='grc' dir='ltr'>δὲ</span> <span class='ocrx_word' id='word_1_923' title='bbox 2827 4698 2921 4751; x_wconf 88' lang='grc' dir='ltr'>τοῦ</span> <span class='ocrx_word' id='word_1_924' title='bbox 2940 4699 3128 4765; x_wconf 87' lang='grc' dir='ltr'>δεῖνος,</span> <span class='ocrx_word' id='word_1_925' title='bbox 3161 4700 3255 4752; x_wconf 76' lang='grc' dir='ltr'>καὶ</span> <span class='ocrx_word' id='word_1_926' title='bbox 3288 4700 3548 4771; x_wconf 56' lang='grc' dir='ltr'>μετάιτὴν</span> <span class='ocrx_word' id='word_1_927' title='bbox 3577 4702 3705 4771; x_wconf 83' lang='grc' dir='ltr'>ἑξῆς</span> 
     </span>
    </p>
   </div>
   <div class='ocr_carea' id='block_1_117' title="bbox 2043 4785 3709 4857">
    <p class='ocr_par' dir='ltr' id='par_1_117' title="bbox 2043 4785 3709 4857">
     <span class='ocr_line' id='line_1_117' title="bbox 2043 4785 3709 4857; baseline 0.002 -20"><span class='ocrx_word' id='word_1_928' title='bbox 2043 4785 2203 4839; x_wconf 75' lang='grc' dir='ltr'>πάλιν</span> <span class='ocrx_word' id='word_1_929' title='bbox 2246 4785 2455 4856; x_wconf 84' lang='grc' dir='ltr'>ἐτέρου.</span> <span class='ocrx_word' id='word_1_930' title='bbox 2486 4787 2593 4839; x_wconf 80' lang='grc' dir='ltr'>Καὶ</span> <span class='ocrx_word' id='word_1_931' title='bbox 2623 4785 2916 4856; x_wconf 88' lang='grc' dir='ltr'>ἀπατῶμεν</span> <span class='ocrx_word' id='word_1_932' title='bbox 2950 4785 3165 4848; x_wconf 75' lang='grc' dir='ltr'>ἑκόντες</span> <span class='ocrx_word' id='word_1_933' title='bbox 3193 4785 3436 4852; x_wconf 80' lang='grc' dir='ltr'>ἑαυτοὺς,</span> <span class='ocrx_word' id='word_1_934' title='bbox 3472 4787 3709 4857; x_wconf 83' lang='grc' dir='ltr'>νομίζον·</span> 
     </span>
    </p>
   </div>
   <div class='ocr_carea' id='block_1_118' title="bbox 2040 4871 3706 4943">
    <p class='ocr_par' dir='ltr' id='par_1_118' title="bbox 2040 4871 3706 4943">
     <span class='ocr_line' id='line_1_118' title="bbox 2040 4871 3706 4943; baseline 0.001 -18"><span class='ocrx_word' id='word_1_935' title='bbox 2040 4890 2129 4936; x_wconf 87' lang='grc' dir='ltr'>τες</span> <span class='ocrx_word' id='word_1_936' title='bbox 2156 4872 2472 4926; x_wconf 89' lang='grc' dir='ltr'>δεσποτείαν</span> <span class='ocrx_word' id='word_1_937' title='bbox 2516 4871 2637 4925; x_wconf 79' lang='grc' dir='ltr'>τινὰ</span> <span class='ocrx_word' id='word_1_938' title='bbox 2662 4871 2981 4942; x_wconf 86' lang='grc' dir='ltr'>κεκτῆσθαι,</span> <span class='ocrx_word' id='word_1_939' title='bbox 3038 4872 3137 4924; x_wconf 85' lang='grc' dir='ltr'>οὐκ</span> <span class='ocrx_word' id='word_1_940' title='bbox 3189 4872 3387 4935; x_wconf 80' lang='grc' dir='ltr'>εἰδότες</span> <span class='ocrx_word' id='word_1_941' title='bbox 3423 4873 3505 4925; x_wconf 80' lang='grc' dir='ltr'>ὅτι</span> <span class='ocrx_word' id='word_1_942' title='bbox 3546 4874 3706 4943; x_wconf 92' lang='grc' dir='ltr'>μόνον</span> 
     </span>
    </p>
   </div>
   <div class='ocr_carea' id='block_1_119' title="bbox 2042 4956 3706 5031">
    <p class='ocr_par' dir='ltr' id='par_1_119' title="bbox 2042 4956 3706 5031">
     <span class='ocr_line' id='line_1_119' title="bbox 2042 4956 3706 5031; baseline -0.002 -17"><span class='ocrx_word' id='word_1_943' title='bbox 2042 4964 2140 5031; x_wconf 86' lang='grc' dir='ltr'>τῆς</span> <span class='ocrx_word' id='word_1_944' title='bbox 2168 4962 2416 5031; x_wconf 88' lang='grc' dir='ltr'>χρήσεως</span> <span class='ocrx_word' id='word_1_945' title='bbox 2442 4957 2807 5027; x_wconf 87' lang='grc' dir='ltr'>ἀπολαύομεν,</span> <span class='ocrx_word' id='word_1_946' title='bbox 2840 4957 2933 5011; x_wconf 71' lang='grc' dir='ltr'>καὶ</span> <span class='ocrx_word' id='word_1_947' title='bbox 2966 4956 3181 5019; x_wconf 81' lang='grc' dir='ltr'>ἑκόντες</span> <span class='ocrx_word' id='word_1_948' title='bbox 3207 4956 3301 5009; x_wconf 75' lang='grc' dir='ltr'>καὶ</span> <span class='ocrx_word' id='word_1_949' title='bbox 3338 4958 3560 5021; x_wconf 81' lang='grc' dir='ltr'>ἄκοντες</span> <span class='ocrx_word' id='word_1_950' title='bbox 3589 4959 3706 5011; x_wconf 90' lang='grc' dir='ltr'>ἐτέ-</span> 
     </span>
    </p>
   </div>
   <div class='ocr_carea' id='block_1_120' title="bbox 2046 5039 3705 5116">
    <p class='ocr_par' dir='ltr' id='par_1_120' title="bbox 2046 5039 3705 5116">
     <span class='ocr_line' id='line_1_120' title="bbox 2046 5039 3705 5116; baseline 0 -17"><span class='ocrx_word' id='word_1_951' title='bbox 2046 5064 2158 5116; x_wconf 85' lang='grc' dir='ltr'>ροις</span> <span class='ocrx_word' id='word_1_952' title='bbox 2182 5047 2384 5100; x_wconf 88' lang='grc' dir='ltr'>τούτων</span> <span class='ocrx_word' id='word_1_953' title='bbox 2409 5043 2870 5115; x_wconf 66' lang='grc' dir='ltr'>παραχωροῦμενθ</span> <span class='ocrx_word' id='word_1_954' title='bbox 2907 5045 2989 5098; x_wconf 83' lang='grc' dir='ltr'>ὅτι</span> <span class='ocrx_word' id='word_1_955' title='bbox 3022 5044 3130 5115; x_wconf 84' lang='grc' dir='ltr'>γὰρ</span> <span class='ocrx_word' id='word_1_956' title='bbox 3180 5045 3274 5097; x_wconf 79' lang='grc' dir='ltr'>καὶ</span> <span class='ocrx_word' id='word_1_957' title='bbox 3301 5039 3383 5108; x_wconf 75' lang='grc' dir='ltr'>οἷς</span> <span class='ocrx_word' id='word_1_958' title='bbox 3430 5044 3491 5098; x_wconf 88' lang='grc' dir='ltr'>ού</span> <span class='ocrx_word' id='word_1_959' title='bbox 3520 5045 3705 5116; x_wconf 80' lang='grc' dir='ltr'>βουλό⁴</span> 
     </span>
    </p>
   </div>
   <div class='ocr_carea' id='block_1_121' title="bbox 2045 5131 3704 5206">
    <p class='ocr_par' dir='ltr' id='par_1_121' title="bbox 2045 5131 3704 5206">
     <span class='ocr_line' id='line_1_121' title="bbox 2045 5131 3704 5206; baseline -0.002 -18"><span class='ocrx_word' id='word_1_960' title='bbox 2045 5133 2203 5206; x_wconf 87' lang='grc' dir='ltr'>μεθα,</span> <span class='ocrx_word' id='word_1_961' title='bbox 2238 5133 2394 5187; x_wconf 89' lang='grc' dir='ltr'>τοῦτο</span> <span class='ocrx_word' id='word_1_962' title='bbox 2421 5133 2560 5195; x_wconf 85' lang='grc' dir='ltr'>τέως</span> <span class='ocrx_word' id='word_1_963' title='bbox 2589 5131 2848 5203; x_wconf 87' lang='grc' dir='ltr'>παρίημι.</span> <span class='ocrx_word' id='word_1_964' title='bbox 2882 5131 3057 5195; x_wconf 90' lang='grc' dir='ltr'>Ὂλως</span> <span class='ocrx_word' id='word_1_965' title='bbox 3081 5132 3137 5185; x_wconf 85' lang='grc' dir='ltr'>δὲ</span> <span class='ocrx_word' id='word_1_966' title='bbox 3183 5134 3231 5185; x_wconf 86' lang='grc' dir='ltr'>εἰ</span> <span class='ocrx_word' id='word_1_967' title='bbox 3261 5133 3479 5203; x_wconf 85' lang='grc' dir='ltr'>μνήμης</span> <span class='ocrx_word' id='word_1_968' title='bbox 3511 5133 3704 5185; x_wconf 88' lang='grc' dir='ltr'>ἐπιθυ-</span> 
     </span>
    </p>
   </div>
   <div class='ocr_carea' id='block_1_122' title="bbox 2045 5217 3705 5292">
    <p class='ocr_par' dir='ltr' id='par_1_122' title="bbox 2045 5217 3705 5292">
     <span class='ocr_line' id='line_1_122' title="bbox 2045 5217 3705 5292; baseline -0.001 -18"><span class='ocrx_word' id='word_1_969' title='bbox 2045 5225 2187 5292; x_wconf 85' lang='grc' dir='ltr'>μεῖς,</span> <span class='ocrx_word' id='word_1_970' title='bbox 2227 5222 2322 5275; x_wconf 73' lang='grc' dir='ltr'>καὶ</span> <span class='ocrx_word' id='word_1_971' title='bbox 2342 5219 2500 5274; x_wconf 90' lang='grc' dir='ltr'>τοῦτό</span> <span class='ocrx_word' id='word_1_972' title='bbox 2527 5235 2609 5272; x_wconf 92' lang='grc' dir='ltr'>σοι</span> <span class='ocrx_word' id='word_1_973' title='bbox 2631 5218 3113 5289; x_wconf 83' lang='grc' dir='ltr'>περισπούδαστον,</span> <span class='ocrx_word' id='word_1_974' title='bbox 3130 5218 3294 5272; x_wconf 83' lang='grc' dir='ltr'>ἄκουε</span> <span class='ocrx_word' id='word_1_975' title='bbox 3326 5217 3443 5281; x_wconf 87' lang='grc' dir='ltr'>πῶς</span> <span class='ocrx_word' id='word_1_976' title='bbox 3468 5219 3524 5271; x_wconf 89' lang='lat' dir='ltr'>al</span> <span class='ocrx_word' id='word_1_977' title='bbox 3539 5220 3705 5290; x_wconf 86' lang='grc' dir='ltr'>χῆραι</span> 
     </span>
    </p>
   </div>
   <div class='ocr_carea' id='block_1_123' title="bbox 2044 5304 3707 5380">
    <p class='ocr_par' dir='ltr' id='par_1_123' title="bbox 2044 5304 3707 5380">
     <span class='ocr_line' id='line_1_123' title="bbox 2044 5304 3707 5380; baseline -0.002 -18"><span class='ocrx_word' id='word_1_978' title='bbox 2044 5309 2349 5380; x_wconf 82' lang='grc' dir='ltr'>ἐμέμνηντο</span> <span class='ocrx_word' id='word_1_979' title='bbox 2379 5310 2476 5379; x_wconf 86' lang='grc' dir='ltr'>τῆς</span> <span class='ocrx_word' id='word_1_980' title='bbox 2505 5306 2765 5371; x_wconf 87' lang='grc' dir='ltr'>Ταϐιθᾶς,</span> <span class='ocrx_word' id='word_1_981' title='bbox 2787 5305 2880 5358; x_wconf 72' lang='grc' dir='ltr'>καὶ</span> <span class='ocrx_word' id='word_1_982' title='bbox 2909 5305 3025 5368; x_wconf 86' lang='grc' dir='ltr'>πῶς</span> <span class='ocrx_word' id='word_1_983' title='bbox 3059 5304 3150 5357; x_wconf 83' lang='grc' dir='ltr'>τὸν</span> <span class='ocrx_word' id='word_1_984' title='bbox 3182 5304 3384 5374; x_wconf 87' lang='grc' dir='ltr'>Πέτρον</span> <span class='ocrx_word' id='word_1_985' title='bbox 3404 5307 3707 5378; x_wconf 69' lang='grc' dir='ltr'>,περιεστή-</span> 
     </span>
    </p>
   </div>
   <div class='ocr_carea' id='block_1_124' title="bbox 2043 5390 3706 5463">
    <p class='ocr_par' dir='ltr' id='par_1_124' title="bbox 2043 5390 3706 5463">
     <span class='ocr_line' id='line_1_124' title="bbox 2043 5390 3706 5463; baseline -0.003 -12"><span class='ocrx_word' id='word_1_986' title='bbox 2043 5414 2231 5452; x_wconf 90' lang='grc' dir='ltr'>κεισαν</span> <span class='ocrx_word' id='word_1_987' title='bbox 2259 5397 2539 5450; x_wconf 77' lang='grc' dir='ltr'>κλαίουσαι</span> <span class='ocrx_word' id='word_1_988' title='bbox 2566 5395 2659 5448; x_wconf 76' lang='grc' dir='ltr'>καὶ</span> <span class='ocrx_word' id='word_1_989' title='bbox 2707 5391 3147 5462; x_wconf 86' lang='grc' dir='ltr'>ἐπιδεικνύμεναι</span> <span class='ocrx_word' id='word_1_990' title='bbox 3176 5390 3408 5461; x_wconf 88' lang='grc' dir='ltr'>χιτῶνας</span> <span class='ocrx_word' id='word_1_991' title='bbox 3439 5392 3536 5445; x_wconf 79' lang='grc' dir='ltr'>καὶ</span> <span class='ocrx_word' id='word_1_992' title='bbox 3588 5393 3706 5463; x_wconf 86' lang='grc' dir='ltr'>ίμά-</span> 
     </span>
    </p>
   </div>
   <div class='ocr_carea' id='block_1_125' title="bbox 2041 5472 3707 5550">
    <p class='ocr_par' dir='ltr' id='par_1_125' title="bbox 2041 5472 3707 5550">
     <span class='ocr_line' id='line_1_125' title="bbox 2041 5472 3707 5550; baseline -0.004 -12"><span class='ocrx_word' id='word_1_993' title='bbox 2041 5502 2152 5546; x_wconf 89' lang='grc' dir='ltr'>τια,</span> <span class='ocrx_word' id='word_1_994' title='bbox 2178 5484 2277 5537; x_wconf 87' lang='grc' dir='ltr'>ὃσα</span> <span class='ocrx_word' id='word_1_995' title='bbox 2304 5481 2472 5536; x_wconf 83' lang='grc' dir='ltr'>ἐποίει</span> <span class='ocrx_word' id='word_1_996' title='bbox 2508 5480 2623 5550; x_wconf 86' lang='grc' dir='ltr'>μετ’</span> <span class='ocrx_word' id='word_1_997' title='bbox 2644 5479 2823 5533; x_wconf 83' lang='grc' dir='ltr'>αὐτῶν</span> <span class='ocrx_word' id='word_1_998' title='bbox 2851 5476 2985 5532; x_wconf 79' lang='grc' dir='ltr'>οὖσα</span> <span class='ocrx_word' id='word_1_999' title='bbox 3013 5479 3047 5548; x_wconf 84' lang='grc' dir='ltr'>ἡ</span> <span class='ocrx_word' id='word_1_1000' title='bbox 3072 5478 3302 5548; x_wconf 79' lang='grc' dir='ltr'>Δορκάς.</span> <span class='ocrx_word' id='word_1_1001' title='bbox 3356 5472 3510 5540; x_wconf 79' lang='grc' dir='ltr'>Εἶδες</span> <span class='ocrx_word' id='word_1_1002' title='bbox 3561 5479 3707 5532; x_wconf 82' lang='grc' dir='ltr'>οἰκο-</span> 
     </span>
    </p>
   </div>
   <div class='ocr_carea' id='block_1_126' title="bbox 2041 5555 3705 5634">
    <p class='ocr_par' dir='ltr' id='par_1_126' title="bbox 2041 5555 3705 5634">
     <span class='ocr_line' id='line_1_126' title="bbox 2041 5555 3705 5634; baseline -0.004 -19"><span class='ocrx_word' id='word_1_1003' title='bbox 2041 5563 2207 5634; x_wconf 84' lang='grc' dir='ltr'>δομάς</span> <span class='ocrx_word' id='word_1_1004' title='bbox 2235 5560 2508 5632; x_wconf 76' lang='grc' dir='ltr'>ἐμψύχους</span> <span class='ocrx_word' id='word_1_1005' title='bbox 2544 5560 2726 5629; x_wconf 81' lang='grc' dir='ltr'>φωνὰς</span> <span class='ocrx_word' id='word_1_1006' title='bbox 2769 5558 3020 5627; x_wconf 86' lang='grc' dir='ltr'>ἀφιείσας</span> <span class='ocrx_word' id='word_1_1007' title='bbox 3043 5597 3059 5623; x_wconf 92' lang='grc'>,</span> <span class='ocrx_word' id='word_1_1008' title='bbox 3098 5557 3191 5610; x_wconf 74' lang='grc' dir='ltr'>καὶ</span> <span class='ocrx_word' id='word_1_1009' title='bbox 3241 5555 3510 5625; x_wconf 89' lang='grc' dir='ltr'>τοσαύτην</span> <span class='ocrx_word' id='word_1_1010' title='bbox 3553 5557 3705 5627; x_wconf 79' lang='grc' dir='ltr'>ἰσχὺν</span> 
     </span>
    </p>
   </div>
   <div class='ocr_carea' id='block_1_127' title="bbox 2041 5636 3701 5713">
    <p class='ocr_par' dir='ltr' id='par_1_127' title="bbox 2041 5636 3701 5713">
     <span class='ocr_line' id='line_1_127' title="bbox 2041 5636 3701 5713; baseline -0.005 -18"><span class='ocrx_word' id='word_1_1011' title='bbox 2041 5641 2291 5713; x_wconf 90' lang='grc' dir='ltr'>ἐχούσας,</span> <span class='ocrx_word' id='word_1_1012' title='bbox 2332 5639 2407 5703; x_wconf 82' lang='grc' dir='ltr'>ὡς</span> <span class='ocrx_word' id='word_1_1013' title='bbox 2436 5640 2531 5692; x_wconf 74' lang='grc' dir='ltr'>καὶ</span> <span class='ocrx_word' id='word_1_1014' title='bbox 2585 5637 2692 5692; x_wconf 79' lang='grc' dir='ltr'>ἀπὸ</span> <span class='ocrx_word' id='word_1_1015' title='bbox 2730 5636 2961 5691; x_wconf 90' lang='grc' dir='ltr'>θανάτου</span> <span class='ocrx_word' id='word_1_1016' title='bbox 3006 5639 3085 5699; x_wconf 89' lang='grc' dir='ltr'>εἰς</span> <span class='ocrx_word' id='word_1_1017' title='bbox 3126 5636 3271 5705; x_wconf 83' lang='grc' dir='ltr'>ζωὴν</span> <span class='ocrx_word' id='word_1_1018' title='bbox 3303 5636 3701 5704; x_wconf 77' lang='grc' dir='ltr'>ἐπαναγαγετνς</span> 
     </span>
    </p>
   </div>
   <div class='ocr_carea' id='block_1_128' title="bbox 2055 5714 3705 5792">
    <p class='ocr_par' dir='ltr' id='par_1_128' title="bbox 2055 5714 3705 5792">
     <span class='ocr_line' id='line_1_128' title="bbox 2055 5714 3705 5792; baseline -0.005 -18"><span class='ocrx_word' id='word_1_1019' title='bbox 2055 5719 2272 5792; x_wconf 58' lang='grc' dir='ltr'>Ἐπειδὴ</span> <span class='ocrx_word' id='word_1_1020' title='bbox 2288 5719 2412 5792; x_wconf 35' lang='grc' dir='ltr'>μγάρ</span> <span class='ocrx_word' id='word_1_1021' title='bbox 2442 5718 2805 5792; x_wconf 75' lang='grc' dir='ltr'>περιέστησαν</span> <span class='ocrx_word' id='word_1_1022' title='bbox 2836 5715 2926 5769; x_wconf 82' lang='grc' dir='ltr'>τὸν</span> <span class='ocrx_word' id='word_1_1023' title='bbox 2953 5714 3198 5792; x_wconf 60' lang='grc' dir='ltr'>βέτρον,</span> <span class='ocrx_word' id='word_1_1024' title='bbox 3257 5714 3351 5792; x_wconf 75' lang='grc' dir='ltr'>καὶ</span> <span class='ocrx_word' id='word_1_1025' title='bbox 3378 5715 3446 5792; x_wconf 74' lang='grc' dir='ltr'>τᾲ</span> <span class='ocrx_word' id='word_1_1026' title='bbox 3495 5715 3705 5792; x_wconf 62' lang='grc' dir='ltr'>δάκρυα</span> 
     </span>
    </p>
   </div>
   <div class='ocr_carea' id='block_1_129' title="bbox 2047 5721 3706 5865">
    <p class='ocr_par' dir='ltr' id='par_1_129' title="bbox 2047 5721 3706 5865">
     <span class='ocr_line' id='line_1_129' title="bbox 2055 5721 3705 5840; baseline -0.005 -66"><span class='ocrx_word' id='word_1_1027' title='bbox 2055 5721 2275 5840; x_wconf 63' lang='grc' dir='ltr'>Ἐπειδὶέ</span> <span class='ocrx_word' id='word_1_1028' title='bbox 2304 5721 2412 5788; x_wconf 84' lang='grc' dir='ltr'>γὰρ</span> <span class='ocrx_word' id='word_1_1029' title='bbox 2442 5721 2805 5788; x_wconf 77' lang='grc' dir='ltr'>περιέστησαν</span> <span class='ocrx_word' id='word_1_1030' title='bbox 2836 5721 2926 5769; x_wconf 83' lang='grc' dir='ltr'>τὸν</span> <span class='ocrx_word' id='word_1_1031' title='bbox 2973 5721 3198 5783; x_wconf 82' lang='grc' dir='ltr'>Πέτρον,</span> <span class='ocrx_word' id='word_1_1032' title='bbox 3257 5721 3351 5767; x_wconf 81' lang='grc' dir='ltr'>καὶ</span> <span class='ocrx_word' id='word_1_1033' title='bbox 3378 5721 3446 5767; x_wconf 86' lang='grc' dir='ltr'>τὰ</span> <span class='ocrx_word' id='word_1_1034' title='bbox 3495 5721 3705 5792; x_wconf 62' lang='grc' dir='ltr'>δάκρυα</span> 
     </span>
     <span class='ocr_line' id='line_1_130' title="bbox 2047 5783 3706 5865; baseline -0.005 -22"><span class='ocrx_word' id='word_1_1035' title='bbox 2047 5789 2225 5861; x_wconf 76' lang='grc' dir='ltr'>θερμὰ</span> <span class='ocrx_word' id='word_1_1036' title='bbox 2283 5787 2489 5856; x_wconf 86' lang='grc' dir='ltr'>ξέχεαν,</span> <span class='ocrx_word' id='word_1_1037' title='bbox 2522 5786 2619 5857; x_wconf 82' lang='grc' dir='ltr'>τὴν</span> <span class='ocrx_word' id='word_1_1038' title='bbox 2648 5786 2853 5865; x_wconf 76' lang='grc' dir='ltr'>τροφὴν</span> <span class='ocrx_word' id='word_1_1039' title='bbox 2884 5785 2977 5838; x_wconf 78' lang='grc' dir='ltr'>καὶ</span> <span class='ocrx_word' id='word_1_1040' title='bbox 3011 5784 3109 5865; x_wconf 82' lang='grc' dir='ltr'>τήν</span> <span class='ocrx_word' id='word_1_1041' title='bbox 3136 5784 3396 5865; x_wconf 76' lang='grc' dir='ltr'>χορηγίαν</span> <span class='ocrx_word' id='word_1_1042' title='bbox 3416 5783 3706 5865; x_wconf 78' lang='grc' dir='ltr'>ἐπιζητου-</span> 
     </span>
    </p>
   </div>
   <div class='ocr_carea' id='block_1_130' title="bbox 2049 5860 3704 5935">
    <p class='ocr_par' dir='ltr' id='par_1_130' title="bbox 2049 5860 3704 5935">
     <span class='ocr_line' id='line_1_131' title="bbox 2049 5860 3704 5935; baseline -0.009 -11"><span class='ocrx_word' id='word_1_1043' title='bbox 2049 5860 2158 5935; x_wconf 84' lang='grc' dir='ltr'>σαι,</span> <span class='ocrx_word' id='word_1_1044' title='bbox 2192 5866 2434 5921; x_wconf 86' lang='grc' dir='ltr'>ἐκϐαλὼν</span> <span class='ocrx_word' id='word_1_1045' title='bbox 2466 5866 2697 5928; x_wconf 79' lang='grc' dir='ltr'>πάντας,</span> <span class='ocrx_word' id='word_1_1046' title='bbox 2733 5864 2916 5935; x_wconf 75' lang='grc' dir='ltr'>φησὶν,</span> <span class='ocrx_word' id='word_1_1047' title='bbox 2946 5865 2974 5916; x_wconf 88' lang='grc' dir='ltr'>ὁ</span> <span class='ocrx_word' id='word_1_1048' title='bbox 3004 5864 3227 5934; x_wconf 88' lang='grc' dir='ltr'>Πέτρος,</span> <span class='ocrx_word' id='word_1_1049' title='bbox 3264 5860 3377 5924; x_wconf 76' lang='grc' dir='ltr'>θεὶς</span> <span class='ocrx_word' id='word_1_1050' title='bbox 3406 5860 3473 5912; x_wconf 85' lang='grc' dir='ltr'>τά</span> <span class='ocrx_word' id='word_1_1051' title='bbox 3494 5860 3704 5935; x_wconf 82' lang='grc' dir='ltr'>’γόνατα</span> 
     </span>
    </p>
   </div>
   <div class='ocr_carea' id='block_1_131' title="bbox 2048 5933 3733 6027">
    <p class='ocr_par' dir='ltr' id='par_1_131' title="bbox 2048 5933 3733 6027">
     <span class='ocr_line' id='line_1_132' title="bbox 2048 5933 3733 6027; baseline -0.008 -27"><span class='ocrx_word' id='word_1_1052' title='bbox 2048 5933 2415 6018; x_wconf 81' lang='grc' dir='ltr'>προσηύξατο,</span> <span class='ocrx_word' id='word_1_1053' title='bbox 2448 5945 2541 6000; x_wconf 67' lang='grc' dir='ltr'>καὶ</span> <span class='ocrx_word' id='word_1_1054' title='bbox 2563 5933 2872 6016; x_wconf 80' lang='grc' dir='ltr'>ἀναστήσας</span> <span class='ocrx_word' id='word_1_1055' title='bbox 2894 5940 3063 6012; x_wconf 81' lang='grc' dir='ltr'>αὐτὴν</span> <span class='ocrx_word' id='word_1_1056' title='bbox 3086 5933 3329 6010; x_wconf 75' lang='grc' dir='ltr'>ἐφώνησε</span> <span class='ocrx_word' id='word_1_1057' title='bbox 3356 5936 3480 6000; x_wconf 76' lang='grc' dir='ltr'>τοὺς</span> <span class='ocrx_word' id='word_1_1058' title='bbox 3517 5933 3706 6003; x_wconf 76' lang='grc' dir='ltr'>ἁγίους</span> <span class='ocrx_word' id='word_1_1059' title='bbox 3731 6025 3733 6027; x_wconf 13' lang='grc' dir='ltr'><strong><em>ι</em></strong></span> 
     </span>
    </p>
   </div>
  </div>
