4078 6412
389 417 494 472 9.71

382 531 527 586 cavit
567 534 784 584 sanctos
821 535 876 581 et
914 524 1120 590 viduas,
1163 530 1219 578 et
1255 520 1488 577 reddidit
1514 534 1635 577 eam
1663 519 1859 573 vivam.
1907 518 1965 572 Si

385 620 702 677 memoriam
723 617 940 690 quaeris,
968 615 1015 671 si
1038 629 1220 670 veram
1246 612 1468 682 gloriam
1490 625 1661 678 amas,
1690 608 1828 663 hanc
1855 608 1972 662 imi-

386 725 533 778 tare,
562 711 697 766 tales
721 710 913 764 domus
935 716 1154 762 exstrue
1174 746 1190 770 ,
1219 705 1330 760 noli
1369 711 1618 771 sumptus
1647 709 1768 755 tuos
1797 697 1970 754 inani-

387 806 546 861 matis
577 801 909 874 impendere,
937 798 1031 854 sed
1059 813 1180 854 eum
1211 797 1319 852 illis
1343 795 1432 866 qui
1458 793 1698 864 ejusdem
1728 799 1850 846 sunt
1877 803 1972 860 ge.

387 897 534 950 neris
583 891 1004 949 misericordiam
1055 889 1234 944 facito.
1289 888 1416 942 Haec
1465 884 1625 940 laude
1677 883 1837 953 digna
1891 889 1975 935 est

387 987 670 1051 memoria,
701 986 815 1039 haec
851 996 1104 1053 magnum
1148 981 1354 1034 lucrum
1393 975 1566 1031 all‘ert.
1605 973 1870 1029 Cancrum
1905 969 1973 1024 ad

389 1081 696 1136 institutum
727 1075 1012 1132 redeamus
1031 1114 1048 1140 ,
1079 1080 1136 1128 et
1161 1071 1437 1126 videamus
1462 1067 1675 1122 illorum
1714 1065 1972 1129 virorum,

388 1171 478 1241 qui
507 1180 630 1223 tunc
654 1177 829 1232 erant,
857 1164 1156 1220 audaciam.
1199 1161 1418 1216 Illorum
1444 1158 1588 1214 enim
1627 1155 1936 1211 all'ectiones
1954 1195 1972 1222 ,

391 1273 612 1332 nostrae,
643 1264 690 1318 si
719 1275 909 1331 sapere
953 1256 1298 1319 voluerimus,
1327 1250 1688 1308 emendationi
1716 1248 1974 1304 serviunt.

391 1358 444 1412 4.
478 1355 540 1409 Ει
587 1354 920 1423 ωιιιβεεηιιιι,
962 1350 1152 1420 inquit,
1201 1347 1347 1401 nobis
1383 1344 1664 1408 civitatem,
1693 1349 1738 1395 et
1776 1339 1975 1402 turrim,

391 1449 538 1520 cujus
566 1455 719 1516 caput
745 1444 836 1498 erit
861 1458 1017 1512 usque
1034 1442 1090 1494 in
1115 1439 1319 1503 caelum,
1347 1445 1394 1490 et
1421 1434 1671 1504 faciamus
1700 1431 1840 1486 nobis
1854 1431 1980 1499 ipsis

393 1555 575 1594 nomen
621 1537 915 1607 priusquam
959 1534 1311 1603 disperguntur
1352 1543 1506 1597 super
1557 1532 1765 1579 terram.
1817 1520 1980 1577 Vides

392 1631 665 1702 quomodo
689 1627 1090 1697 corruptionem
1116 1623 1310 1678 animae
1339 1635 1450 1675 suae
1485 1617 1680 1687 ubique
1703 1613 1978 1670 exhibent.

396 1726 465 1780 Et
511 1723 858 1792 wdiﬁcemus,
899 1718 1094 1788 inquit,
1137 1714 1279 1768 nobis
1317 1711 1605 1766 ciuitatem:
1633 1715 1689 1763 et
1727 1707 1923 1761 iterum
1967 1721 1982 1758 :

399 1817 674 1871 Faciamus
694 1813 835 1867 nobis
859 1811 988 1881 ipsis
1009 1823 1210 1862 nomen.
1240 1804 1369 1859 Vide
1395 1799 1664 1873 quomodo
1682 1799 1844 1855 etiam
1867 1806 1985 1867 post

399 1908 710 1979 generalem
735 1904 977 1960 omnium
1019 1899 1294 1956 interitum
1325 1911 1430 1951 non
1471 1894 1678 1949 minora
1722 1890 1858 1946 mala
1888 1904 1984 1958 ag-

394 1998 728 2070 grediantur.
759 1994 896 2064 Quid
936 2007 1065 2064 ergo
1093 1991 1228 2046 lict?
1257 1987 1527 2058 quomodo
1561 1985 1630 2039 ah
1657 1984 1863 2038 insania
1889 1994 1984 2035 sua

404 2087 802 2160 reprimuntur?
827 2084 1104 2141 Pollicitus
1125 2090 1210 2138 est
1241 2082 1401 2146 Deus,
1431 2093 1490 2133 se
1519 2092 1626 2132 non
1653 2076 1791 2129 ultra
1817 2073 1988 2128 factu-

400 2199 520 2237 rum
545 2181 827 2245 diluvium,
867 2178 1122 2233 nimirum
1153 2171 1537 2229 misericordiae
1561 2184 1674 2225 sua:
1699 2174 1989 2222 consuetu-

396 2276 582 2330 dinem
610 2287 874 2329 servans:
900 2271 974 2326 illi
999 2279 1179 2324 autem
1202 2281 1377 2336 neque
1402 2263 1574 2335 [mnis
1594 2258 1990 2318 emendatiorcs

402 2367 527 2422 facti
553 2374 700 2432 sunt,
729 2379 904 2435 neque
933 2360 1208 2418 beneﬁciis
1236 2358 1505 2414 meliores.

479 2458 599 2512 Non
640 2465 755 2512 sunt
782 2466 964 2510 temere
989 2450 1357 2509 condemnandi
1388 2450 1593 2518 fratres,
1622 2461 1781 2517 neque
1805 2459 1868 2498 ea:
1896 2457 1992 2496 au-

403 2552 516 2606 dita
552 2549 912 2623 judicandum.
937 2575 1010 2588 -—
1034 2545 1174 2602 Audi
1194 2559 1314 2614 quia
1355 2550 1689 2612 sequuntur,
1714 2546 1775 2593 ut
1816 2537 1994 2592 discas

406 2641 694 2698 ineﬂ'ahilis
741 2637 1128 2696 misericordis
1177 2636 1271 2691 Dei
1319 2631 1766 2704 magnitudinem.
1821 2629 1877 2684 5.
1929 2626 1994 2681 Et

406 2734 686 2798 descendit,
720 2731 910 2801 inquit,
944 2728 1197 2783 Dominus
1225 2725 1363 2779 Deus
1383 2765 1399 2791 ,
1424 2733 1480 2778 ιιι
1506 2722 1696 2776 videret
1721 2720 1993 2784 civitatem,

409 2839 459 2884 et
486 2827 691 2892 turrim,
720 2840 873 2897 quam
900 2820 1219 2890 atdiﬁcabant
1251 2817 1348 2886 ﬁlii
1389 2815 1668 2869 hominum.
1701 2810 1838 2866 Vide
1865 2824 1999 2878 quo-

406 2919 569 2977 modo
591 2918 824 2971 humano
852 2927 1005 2968 more
1043 2910 1320 2981 Scriptura
1351 2901 1700 2977 loquiturpEt
1719 2901 1996 2965 descendit,

414 3016 610 3087 inquit,
644 3012 897 3068 Dominus
924 3008 1093 3072 Deus;
1120 3017 1228 3061 non
1273 3009 1333 3058 ut
1362 3001 1596 3056 humano
1624 2996 1784 3052 modo
1807 2994 1998 3049 intelli-

407 3123 620 3180 gamus,
649 3105 744 3162 sed
771 3113 831 3159 ut
858 3114 954 3172 per
979 3099 1084 3155 hoc
1110 3095 1436 3160 erudiamur,
1471 3103 1762 3160 numquam
1795 3095 2001 3141 temere

413 3175 606 3256 iratrcs
631 3191 1091 3256 condemnandos,
1123 3201 1299 3258 neque
1318 3184 1500 3239 auditu
1520 3180 1635 3236 solo
1655 3175 2001 3250 iudicandum

409 3306 558 3355 esse,
591 3289 692 3344 nisi
723 3285 966 3358 pluribus
993 3279 1326 3354 argumentis
1353 3274 1502 3344 prius
1527 3273 1660 3328 certi
1685 3269 1999 3326 reddamur.

411 3383 604 3440 Omnia
624 3383 766 3437 enim
791 3394 824 3433 a
855 3378 966 3432 Deo
994 3375 1113 3430 ideo
1139 3374 1287 3436 liunt,
1309 3377 1364 3425 et
1389 3367 1458 3424 oh
1479 3367 1584 3420 hoc
1607 3373 1754 3418 tanta
1781 3360 1848 3415 ad
1877 3374 2003 3415 eru-

410 3474 673 3530 diendum
715 3472 1005 3525 humanum
1032 3478 1202 3536 genus
1234 3462 1402 3516 utitur
1443 3455 1709 3513 sermonis
1745 3462 2008 3520 attempe-

418 3568 650 3624 ratione.
708 3562 777 3618 Et
824 3559 1107 3623 descendit,
1167 3554 1371 3625 inquit,
1419 3549 1672 3604 Dominus
1721 3543 1894 3608 Deus,
1951 3548 2007 3593 ut

421 3660 613 3714 videret
641 3657 891 3711 ciuitatem
917 3662 964 3707 et
993 3649 1190 3705 turrim.
1231 3646 1362 3702 Vide
1387 3639 1655 3714 quomodo
1680 3653 1788 3692 non
1827 3634 2007 3690 statim

420 3754 492 3807 ab
523 3751 673 3806 initio
699 3749 913 3803 illorum
941 3742 1184 3814 reprimit
1210 3739 1495 3803 insaniam,
1527 3733 1622 3790 sed
1649 3732 1899 3788 diuturna
1927 3727 2008 3783 le-

425 3846 593 3900 nitate
635 3843 822 3909 utitur,
871 3846 926 3894 et
971 3843 1246 3906 exspectat
1281 3831 1452 3887 donec
1488 3837 1704 3882 omnem
1752 3821 2010 3876 malitiam

425 3948 577 3993 suam
614 3947 777 4004 opere
817 3930 1114 3993 declarent,
1162 3932 1220 3981 et
1259 3933 1386 3978 tunc
1429 3929 1652 3976 conatus
1687 3930 1874 3972 eorum
1913 3914 2012 3966 im-

427 4026 574 4096 pedit
622 4023 696 4078 Ne
720 4022 862 4078 enim
889 4019 1010 4091 quis
1034 4019 1216 4072 dicere
1235 4013 1425 4085 possit,
1447 4010 1770 4066 deliberasse
1794 4004 2012 4075 quidem

429 4119 571 4181 illos,
596 4115 690 4170 sed
736 4130 855 4183 qua:
891 4112 1275 4173 decreverant,
1306 4106 1358 4160 in
1397 4116 1666 4173 opusnon
1703 4098 2010 4162 deduxisse,

432 4209 770 4280 przcstolatur
806 4204 981 4260 donec
1035 4201 1218 4255 animo
1266 4196 1590 4252 destinatum
1643 4203 1779 4260 opus
1821 4201 2012 4256 aggre-

436 4301 684 4361 diantur,
716 4307 772 4350 ut
810 4305 936 4349 tunc
973 4297 1238 4348 monstret
1274 4287 1352 4343 eis
1391 4299 1552 4356 quam
1595 4281 1799 4337 inutilia
1845 4288 2018 4333 atten-

434 4394 617 4447 tarint.
653 4389 719 4444 Et
758 4388 1036 4455 descendit,
1069 4385 1271 4456 inquit,
1303 4381 1552 4436 Dominus
1577 4382 1736 4437 Deus.
1754 4383 1808 4429 ut
1832 4373 2018 4428 videret

433 4486 708 4547 civitatum,
735 4497 797 4535 ac
827 4481 1034 4543 turrim,
1065 4493 1217 4548 quam
1249 4473 1574 4542 aediﬁcabant
1615 4468 1708 4536 ﬁlii
1736 4466 2016 4522 hominum.

439 4575 476 4628 ι’
487 4574 572 4629 ide
598 4570 982 4628 misericordiae
1006 4565 1415 4624 excellentiam:
1447 4559 1688 4633 permisit
1722 4558 1842 4613 illos
1868 4556 2019 4611 labo-

438 4669 588 4721 ribus
614 4681 734 4720 sese
760 4663 1020 4734 aﬂligere,
1044 4670 1104 4716 ut
1119 4673 1296 4715 remm
1319 4653 1652 4726 experientia
1679 4649 2022 4722 praeceptoris

439 4763 562 4816 loco
600 4757 705 4814 illis
737 4764 901 4812 esset.
953 4753 1022 4808 Et
1064 4752 1316 4822 quoniam
1351 4748 1482 4803 vidit
1527 4744 1782 4800 malitiam
1820 4740 2024 4796 invale-

439 4866 609 4919 sccre,
641 4860 698 4907 et
724 4849 968 4905 morbum
1005 4845 1240 4909 intendi,
1269 4857 1374 4897 non
1416 4853 1587 4909 usque
1613 4837 1682 4892 ad
1718 4835 1878 4891 linem
1907 4846 2027 4904 pcr-

441 4949 628 5013 mittlt,
657 4945 752 5000 sed
775 4958 925 4998 suam
947 4937 1184 4996 declarat
1207 4937 1498 5010 bonitatem
1528 4948 1544 4985 :
1576 4928 2025 5002 quemadmodum

443 5041 682 5095 medicus
707 5037 880 5092 bonus
903 5033 1091 5088 videns
1117 5030 1360 5086 morbum
1387 5026 1590 5096 augeri,
1619 5034 1674 5078 et
1694 5022 1844 5076 ulcus
1874 5020 2025 5074 incn-
2064 5089 2072 5094 _

444 5133 612 5188 rabile
641 5129 776 5194 ﬁeri,
813 5127 992 5182 statim
1037 5124 1278 5180 sectione
1301 5120 1495 5183 utitur,
1530 5126 1588 5171 ut
1612 5126 1828 5170 omnem
1855 5109 2028 5166 morbi

443 5237 664 5278 causam
713 5221 880 5276 tollat.
915 5218 968 5275 6.
1017 5216 1083 5271 Et
1122 5215 1274 5280 dixit,
1320 5211 1509 5282 inquit,
1557 5207 1805 5262 Dominus
1845 5204 1982 5259 Deus
2009 5217 2030 5258 :

453 5317 584 5372 Ecce
609 5331 766 5387 genus
797 5327 952 5367 unum
980 5319 1028 5364 et
1063 5308 1250 5363 (obium
1287 5320 1449 5359 unum
1474 5303 1697 5358 omnium
1723 5312 1743 5354 .°
1785 5299 1886 5353 hoc
1917 5306 2028 5361 est,

451 5427 557 5466 vox
579 5424 681 5464 una
709 5415 764 5464 et
787 5405 962 5476 lingua
987 5419 1114 5458 una.
1141 5401 1208 5455 Et
1235 5401 1328 5454 hoc
1345 5407 1600 5469 creperum
1623 5399 1806 5468 facere,
1826 5403 1874 5448 et
1901 5409 2034 5447 nunc

451 5519 552 5559 non
578 5502 843 5557 cessabunt
869 5499 932 5552 ab
959 5498 1023 5552 iis
1047 5511 1158 5567 qua:
1181 5495 1501 5549 decreverunt
1529 5491 1712 5558 facere.

523 5597 578 5651 4.
617 5595 761 5650 Solet
808 5593 942 5647 Deus
979 5592 1252 5645 admonere
1297 5597 1568 5656 antequam
1611 5581 1807 5653 puniat.
1835 5606 1907 5619 --
1936 5579 2033 5633 At-

454 5687 615 5743 tende
646 5683 854 5738 Domini
891 5679 1334 5737 misericordiam.
1373 5675 1634 5743 Quoniam
1677 5681 1901 5726 eiulatus
1929 5670 2034 5724 im-

457 5780 736 5849 pediturus
761 5785 895 5840 erat,
939 5775 1166 5846 primum
1206 5769 1573 5843 purgationem
1619 5766 1717 5822 sibi
1762 5773 1945 5835 parat,
1983 5773 2038 5818 et

459 5871 612 5943 quasi
637 5868 869 5927 ostendit
903 5865 1105 5940 peccati
1133 5878 1320 5921 eorum
1365 5857 1818 5931 magnitudinem,
1849 5865 1903 5913 ct
1933 5857 2033 5912 im-

1406 404 1468 462 IN
1503 404 1660 463 CAP.
1699 401 1791 459 XI.
1835 397 2079 461 GENES.
2120 402 2349 461 HOMIL.
2391 403 2553 467 XXX.

3557 425 3661 484 278

2087 519 2368 589 probitatis
2398 537 2696 591 excessum,
2730 525 2977 599 ipsosque
3014 530 3211 588 abusus
3246 549 3366 591 esse
3394 537 3585 610 linguae
3611 553 3666 599 et

2083 611 2233 665 vocis
2275 615 2646 668 consonantia.
2679 615 2808 671 Ecce
2847 621 3022 686 enim,
3060 623 3260 693 inquit,
3302 643 3457 696 genus
3506 648 3664 686 unum

2079 707 2124 751 et
2183 698 2372 754 lubium
2418 719 2573 757 unum
2613 708 2855 761 omnium.
2907 708 2976 764 Et
3020 711 3113 765 hoc
3148 728 3404 784 carperent
3460 724 3627 790 facere

2078 797 2126 841 et
2178 806 2313 882 nunc
2353 808 2454 846 non
2503 795 2768 850 cessabunt
2821 799 2884 851 ab
2934 801 2998 855 iis
3036 816 3151 869 quia
3203 765 3539 864 decreverunt.
3546 765 3664 882 "1;:

2079 895 2210 934 cere.
2238 880 2334 936 ilic
2352 883 2494 938 enim
2525 885 2615 939 Dei
2646 902 2764 942 mos
2781 899 2887 956 est,
2918 900 2976 943 ut
2997 893 3276 961 ptitiiturus
3303 898 3450 965 prius
3472 880 3670 957 indicet

2079 987 2240 1044 quam
2271 989 2460 1047 magna
2486 977 2593 1032 sint
2618 991 2867 1050 peccata,
2901 993 2956 1038 et
2980 986 3145 1040 veluti
3173 987 3541 1047 defensionem
3574 995 3671 1048 all-

2080 1079 2239 1134 quam
2262 1066 2360 1122 sibi
2384 1077 2556 1137 paret,
2585 1086 2647 1126 ac
2673 1081 2800 1127 tunc
2829 1075 3043 1130 tandem
3071 1080 3344 1148 corripiat.
3367 1081 3498 1136 Nam
3531 1091 3672 1137 tem-

2082 1170 2213 1224 pore
2236 1156 2452 1224 diluvii,
2506 1175 2628 1215 cum
2673 1164 2944 1219 terribiles
2987 1167 3106 1222 illas
3151 1171 3324 1225 minas
3364 1172 3670 1240 intentaret,

2081 1244 2214 1301 dicit
2251 1248 2525 1318 Scriptura
2571 1269 2584 1305 :
2620 1251 2689 1306 Ut
2723 1263 2890 1308 autent
2937 1257 3060 1310 vidit
3097 1258 3260 1327 Dens,
3312 1263 3450 1332 quod
3494 1265 3672 1317 multi-

2083 1336 2285 1406 plicata:
2312 1349 2429 1392 sunt
2456 1341 2666 1396 malitia:
2703 1343 2984 1411 hominum,
3018 1355 3065 1400 et
3105 1353 3446 1421 unusquisque
3485 1355 3674 1424 cogitat

2083 1426 2137 1479 in
2158 1428 2308 1481 corde
2333 1444 2428 1482 suo
2453 1431 2721 1501 diligenter
2741 1435 2793 1487 in
2816 1434 2954 1488 mala
2978 1451 3009 1488 α
3026 1437 3292 1506 juventute
3325 1440 3476 1511 (Gen.
3507 1443 3559 1496 6.
3589 1444 3669 1513 5).

2087 1515 2277 1571 Vidisti
2301 1520 2572 1588 quomodo
2599 1523 2746 1592 prius
2771 1526 3086 1580 monstravit
3112 1530 3326 1585 malitia:
3349 1547 3533 1586 eorum
3563 1549 3676 1587 ma-

2085 1607 2453 1677 gnitudinem,
2484 1620 2539 1666 et
2581 1623 2764 1682 postea
2809 1615 2938 1670 dicit
2963 1634 2977 1670 :
3001 1614 3191 1672 Delebo
3232 1620 3485 1675 hominem
3515 1622 3675 1693 (Ibid.

2087 1717 2135 1754 υ.
2161 1702 2261 1767 7)?
2288 1703 2364 1758 lla
2400 1712 2455 1758 et
2481 1720 2624 1759 nunc
2651 1723 2666 1759 :
2696 1705 2826 1760 Ecce
2855 1723 3012 1777 genus
3040 1725 3198 1762 unum
3228 1720 3275 1764 et
3305 1711 3496 1766 labium
3517 1730 3679 1768 unum

2088 1797 2338 1864 omnium,
2386 1797 2555 1851 ethoc
2600 1809 2858 1869 creperum
2886 1801 3077 1870 facere.
3116 1803 3174 1857 Si
3205 1817 3329 1858 cum
3373 1815 3517 1860 tanta
3553 1823 3682 1863 con-

2089 1887 2296 1953 cordia,
2327 1897 2382 1943 et
2424 1889 2618 1960 lingua:
2658 1892 2864 1948 unitate
2912 1893 2963 1946 in
3003 1902 3204 1950 tantam
3249 1896 3552 1953 inciderunt
3596 1903 3681 1954 in-

2090 1981 2334 2035 saniam:
2365 1982 2451 2036 ubi
2493 1991 2706 2050 tempus
2751 1986 3099 2052 processerit,
3143 1989 3412 2056 quomodo
3456 2005 3561 2044 non
3588 1991 3684 2046 de-

2093 2075 2290 2128 teriora
2326 2076 2700 2131 attentabunt‘!
2727 2077 2850 2133 Non
2889 2081 3152 2135 cessabunt
3192 2083 3339 2138 enim
3375 2085 3440 2138 ab
3483 2083 3544 2139 iis
3571 2101 3687 2155 quc

2091 2165 2419 2222 decreverunt
2448 2172 2616 2238 facere
2639 2185 2659 2223 :
2687 2171 2819 2226 nihil
2846 2186 3034 2227 eorum
3068 2174 3322 2244 impetum
3351 2186 3406 2232 et
3435 2176 3683 2231 ardorem

2094 2261 2296 2316 morari
2321 2263 2537 2333 poterit,
2557 2263 2652 2318 sed
2673 2265 2853 2319 omnia
2874 2280 2993 2335 quae
3017 2276 3322 2322 statuerunt
3339 2283 3543 2335 secum,
3573 2279 3686 2323 stu-

2093 2351 2297 2410 debunt
2348 2356 2628 2425 perlicere,
2675 2358 2730 2412 ni
2779 2359 2959 2412 statim
3008 2373 3108 2430 pro
3144 2363 3427 2417 attentatis
3473 2376 3687 2431 poenam

2097 2447 2267 2502 luant.
2296 2447 2352 2502 Id
2384 2457 2598 2518 qquue
2642 2449 2877 2505 inveniet
2919 2451 3114 2521 aliquis
3151 2459 3208 2506 et
3248 2452 3316 2507 de
3355 2454 3690 2523 protoplasto

2096 2537 2300 2594 factum
2353 2554 2496 2616 esse.
2523 2537 2808 2611 Ejectums
2845 2540 2990 2597 enim
3020 2542 3166 2597 illum
3209 2543 3350 2598 Deus
3389 2558 3418 2596 a
3459 2542 3690 2612 paradisi

2100 2631 2334 2687 incolatu
2355 2672 2371 2698 ,
2413 2634 2524 2697 ait,
2558 2634 2686 2701 Quis
2729 2635 3049 2688 annuntiavit
3078 2635 3167 2688 tibi
3195 2635 3328 2703 quod
3353 2635 3520 2688 nudus
3560 2649 3692 2688 esses

2100 2721 2265 2793 (Ibid.
2295 2725 2350 2778 5.
2387 2724 2518 2794 ll)?
2543 2724 2613 2778 Et
2641 2724 2834 2779 iterum
2859 2740 2873 2778 :
2906 2724 3041 2780 Ecce
3065 2726 3226 2779 Adam
3256 2729 3422 2795 factus
3451 2736 3522 2780 est
3548 2727 3694 2796 quasi

2101 2828 2233 2868 unus
2253 2829 2317 2868 ea:
2341 2814 2483 2868 nobis
2508 2830 2528 2869 :
2553 2825 2608 2868 ut
2632 2817 2760 2868 sciat
2792 2815 2980 2868 bonum
3020 2824 3070 2870 et
3099 2815 3310 2869 malum.
3358 2815 3424 2869 Et
3459 2833 3592 2870 nunc
3631 2833 3696 2870 ne

2103 2904 2236 2974 forte
2263 2906 2503 2958 extendat
2531 2919 2739 2956 manum
2767 2919 2936 2970 suam,
2962 2912 3009 2958 et
3047 2906 3265 2976 accipiat
3291 2905 3354 2958 de
3383 2905 3521 2975 ligno
3555 2906 3692 2972 vine,

2103 3005 2153 3049 et
2177 2995 2428 3060 comedat,
2457 3003 2503 3049 et
2543 2995 2674 3048 vivat
2698 2995 2753 3048 in
2790 2995 3051 3049 naculum.
3097 2993 3162 3049 Et
3203 2996 3366 3050 emisit
3397 2996 3542 3050 illum
3588 2996 3696 3050 Do-

2105 3091 2274 3146 minus
2299 3091 2362 3145 de
2378 3091 2618 3161 paradiso
2640 3087 2802 3162 (Ibid.
2824 3104 2874 3144 υ.
2891 3088 2982 3143 22.
3002 3086 3118 3161 25).
3140 3090 3312 3144 Etiam
3331 3103 3472 3145 nunc
3489 3090 3692 3160 inquit:

2107 3184 2239 3239 Ecce
2263 3199 2421 3256 genus
2452 3197 2610 3237 unum
2635 3192 2683 3236 et
2711 3182 2900 3236 labinm
2925 3198 3084 3236 unum
3114 3183 3360 3248 omnium,
3391 3192 3437 3238 et
3465 3184 3560 3237 hoc
3588 3198 3693 3238 cae-

2109 3287 2291 3349 penmt
2318 3278 2485 3347 facere
2516 3290 2535 3330 :
2560 3285 2609 3329 et
2635 3290 2772 3328 nunc
2799 3290 2902 3329 non
2927 3275 3190 3330 cessabunt
3214 3276 3277 3329 ab
3303 3277 3365 3331 iis
3392 3291 3505 3346 qua
3530 3277 3698 3329 decre-

2107 3377 2282 3422 verunt
2310 3371 2498 3437 facere.
2529 3367 2587 3420 7.
2622 3365 2825 3432 Venite,
2855 3374 2901 3424 et
2932 3365 3288 3420 descendentes
3326 3367 3700 3438 confundendis

2107 3460 2550 3530 illorumlinguas,
2573 3468 2704 3512 utne
2718 3457 2895 3510 audiat
2912 3457 3433 3528 unusquisqnevocem
3453 3455 3696 3526 proximi.

2110 3551 2245 3608 Vide
2284 3553 2478 3607 lterum
2510 3551 2797 3607 verborum
2825 3558 3234 3619 attemperatam
3278 3551 3562 3605 rationem.
3603 3549 3702 3603 γε.

2111 3645 2233 3709 nite,
2262 3643 2464 3712 inquit,
2492 3649 2538 3696 et
2577 3641 2956 3696 descendentes.
2987 3640 3124 3708 Quid
3166 3641 3356 3695 volunt
3392 3640 3492 3695 sibi
3539 3638 3701 3695 verba

2114 3734 2230 3790 lucc
2254 3735 2277 3789 ?
2301 3734 2520 3805 Opusne
2547 3733 2709 3788 habet
2733 3733 3116 3803 cooperatione
3145 3733 3400 3787 Dominus
3422 3731 3491 3786 ad
3517 3745 3704 3786 corre-

2113 3828 2347 3883 ctionem
2366 3828 2390 3881 ἳ
2409 3841 2478 3882 an
2499 3825 2736 3882 subsidio
2750 3826 2816 3880 ad
2833 3827 3040 3880 illorum
3057 3825 3474 3880 destructionem
3491 3825 3516 3878 ?
3532 3824 3704 3878 Absit.

2114 3917 2220 3973 Sed
2263 3921 2399 3973 sicut
2437 3918 2546 3988 jam
2591 3918 2725 3972 dixit
2760 3917 3034 3986 Scriptura
3059 3932 3073 3969 :
3103 3913 3378 3969 Descendit
3402 3913 3701 3969 Dominus:

2115 4008 2316 4064 docens
2347 4023 2445 4063 nos
2471 4019 2567 4078 per
2593 4007 2695 4062 hoc
2713 4022 2777 4062 se
2792 4006 3069 4061 evidenter
3095 4003 3311 4060 malitia:
3348 4003 3562 4059 illorum
3592 4020 3706 4058 ma-

2118 4103 2454 4172 gnitudinem
2474 4099 2674 4155 vidisse
2697 4114 2711 4153 :
2736 4100 2807 4153 ita
2829 4106 2881 4153 et
2903 4097 2991 4152 hic
3008 4095 3138 4151 dicit
3161 4110 3175 4149 :
3209 4095 3402 4160 Venite,
3428 4107 3474 4150 et
3498 4096 3708 4150 descen-

2119 4199 2311 4252 dentes.
2354 4196 2563 4250 Dictum
2593 4191 2734 4247 haud
2762 4191 2922 4247 dubie
2948 4200 3031 4245 est
3063 4205 3160 4245 ceu
3187 4190 3254 4244 ad
3291 4189 3494 4245 honore
3531 4203 3705 4258 pares.

2137 4289 2326 4355 Venite,
2376 4287 2566 4358 inquit,
2608 4296 2654 4340 et
2690 4285 3046 4339 descendentes
3089 4281 3460 4354 confundamus
3507 4282 3710 4336 illorum

2123 4382 2346 4452 linguas,
2365 4391 2419 4434 ιιι
2441 4395 2502 4434 ne
2518 4377 2694 4432 audiat
2714 4376 3057 4446 unusquisque
3073 4391 3240 4428 vocem
3255 4373 3493 4443 proximi.
3518 4372 3708 4440 Quem-

2124 4472 2445 4535 admodum,
2500 4468 2706 4539 inquit,
2751 4468 2967 4538 cippum
3017 4464 3302 4536 quemdam
3353 4472 3708 4533 perpetuum,

2128 4564 2293 4620 talem
2349 4561 2456 4617 illis
2493 4568 2915 4629 statuoqxcuam
2948 4557 3097 4611 omni
3137 4555 3336 4610 sacculo
3380 4553 3714 4620 duraturam,

2127 4665 2186 4711 ut
2217 4653 2364 4710 nullo
2395 4662 2638 4722 tempore
2663 4651 2779 4704 haec
2806 4648 3209 4704 obliviscantur.
3235 4645 3368 4700 Nam
3414 4646 3535 4714 quia
3567 4645 3719 4698 abusi

2128 4758 2254 4805 sunt
2278 4747 2427 4804 vocis
2447 4743 2732 4802 concordia
2753 4785 2768 4809 ,
2806 4741 2926 4797 ideo
2948 4740 3096 4795 vocis
3124 4736 3435 4792 diversitate
3470 4734 3720 4805 castigari

2130 4854 2227 4897 eos
2252 4839 2396 4894 volo.
2428 4835 2519 4892 Sic
2545 4836 2686 4891 enim
2711 4832 2909 4901 ubique
2935 4831 3110 4884 facere
3131 4825 3410 4882 consuevit
3438 4825 3715 4880 Dominus.

2133 4932 2246 4988 lloc
2266 4930 2334 4984 ab
2365 4928 2516 4982 initio
2541 4925 2682 4980 circa
2711 4922 2992 4976 mulierem
3015 4917 3211 4972 factum
3237 4924 3322 4971 est
3349 4929 3362 4969 :
3393 4915 3714 4970 abutebatur

2131 5025 2224 5080 illa
2252 5025 2458 5080 honore
2482 5031 2762 5082 concesso,
2795 5013 2937 5070 unde
2965 5011 3195 5082 subjecit
3218 5023 3336 5065 eam
3366 5007 3504 5063 viro.
3537 5010 3603 5063 Et
3639 5009 3719 5064 si-

2134 5115 2337 5174 militer
2378 5113 2512 5170 Adae
2549 5108 2816 5177 contigit:
2848 5105 2972 5176 quia
3015 5101 3158 5159 enim
3199 5115 3265 5156 ex
3295 5099 3462 5154 multa
3501 5111 3722 5170 proSpe.

2138 5212 2314 5274 ritate,
2347 5199 2938 5278 paradisiqueincolalu
2965 5192 3099 5251 nihil
3128 5193 3259 5248 lucri
3287 5192 3432 5259 fecit,
3461 5193 3557 5247 sed
3589 5207 3725 5261 prte-

2137 5298 2429 5356 varicando
2455 5309 2628 5366 parum
2656 5288 2923 5354 obnoxius
2949 5293 3032 5341 est
3076 5284 3277 5349 lactus,
3325 5282 3483 5352 eiecit
3505 5298 3628 5338 eum
3658 5295 3724 5340 ex

2141 5391 2421 5464 paradiso:
2452 5398 2506 5442 et
2531 5397 2742 5456 pinnam
2769 5381 2818 5435 ei
2858 5385 3168 5448 perpetuam
3209 5374 3463 5444 injunxit,
3490 5373 3676 5428 dicens
3710 5391 3727 5430 :

2140 5461 2334 5553 spinas
2373 5488 2421 5532 et
2462 5475 2670 5530 tribulos
2711 5468 3009 5542 germinabit
3046 5465 3136 5520 an
3161 5474 3295 5519 terra
3319 5461 3476 5533 (Gen.
3509 5462 3568 5519 δ.
3613 5463 3726 5533 l8).

2143 5575 2344 5630 ilorum
2370 5583 2583 5640 quoque
2617 5563 2832 5621 malitia:
2877 5573 3115 5623 cursum,
3143 5556 3266 5625 quia
3302 5554 3508 5608 unitate
3537 5554 3730 5624 linguae

2147 5662 2414 5727 honorati,
2444 5659 2647 5712 honore
2693 5665 2954 5708 concesso
2998 5649 3051 5701 in
3093 5645 3290 5701 malum
3335 5644 3725 5708 abutebantur,

2149 5761 2287 5814 Deus
2315 5771 2409 5826 per
2445 5753 2740 5821 linguarum
2774 5746 3081 5799 varietatem
3121 5737 3379 5794 cohibuit.
3411 5733 3479 5788 Et
3507 5738 3726 5801 confun-

2148 5825 2346 5917 dumus,
2395 5844 2585 5916 inquit,
2630 5841 2833 5894 illorum
2879 5837 3126 5907 linguam,
3174 5840 3226 5883 ut
3254 5845 3315 5883 nc
3353 5825 3528 5879 audiat
3577 5829 3736 5870 unas-
