4078 6416
448 410 558 467 2⁸19

445 532 653 602 quisque
676 544 842 584 uocem
870 525 1090 598 proximi
1112 541 1132 581 :
1160 535 1219 581 ut
1250 527 1389 582 sicut
1417 526 1611 596 lingum
1641 525 1819 579 unitas
1843 532 2032 579 contu-

450 621 692 677 bernium
738 619 883 685 fecit,
910 619 983 673 ita
1010 618 1208 687 lingnm
1244 616 1529 672 diversitas
1561 615 1853 686 dispergat.
1899 613 2029 669 Nam

446 710 641 777 quibus
672 723 776 763 non
797 717 881 763 est
902 708 1044 762 idem
1066 720 1247 761 sermo
1263 714 1318 761 et
1348 706 1547 775 lingua,
1578 704 1846 774 quomodo
1872 703 2031 758 simul

450 799 692 855 habitare
713 799 1047 870 possunt?8.
1068 797 1137 852 Et
1157 798 1391 868 dispersit
1412 796 1550 862 fuas,
1574 795 1762 864 inquit,
1786 793 2031 848 Dominus

444 889 585 943 Deus
605 890 668 943 ab
690 889 782 943 illo
813 890 923 943 loco
943 906 1095 959 super
1115 890 1296 959 faciem
1326 888 1569 943 universa:
1595 895 1762 951 terra,
1791 884 2030 939 et’cessa-
2065 902 2073 909 ’

445 990 623 1033 munt
647 980 959 1048 aediﬁcantes
986 980 1237 1033 civitatem
1275 988 1322 1031 et
1358 978 1556 1030 turrim.
1588 975 1893 1031 Considera
1923 975 2031 1031 Do-

444 1071 576 1126 mini
609 1072 1055 1139 misericordiam,
1085 1072 1138 1125 in
1166 1079 1418 1140 quantam
1443 1068 1605 1123 animi
1636 1068 2028 1122 haesitationem

443 1161 592 1231 ipsos
631 1162 859 1231 impulit.
892 1163 1210 1217 Amentibus
1255 1160 1400 1215 enim
1442 1171 1626 1230 postea
1665 1159 1873 1216 similes
1918 1158 2033 1215 fue-

442 1264 590 1309 runt.
621 1254 691 1309 Et
717 1256 805 1310 ille
845 1254 1058 1324 quidem
1101 1254 1399 1322 imperabat
1426 1253 1549 1318 hoc,
1579 1262 1637 1308 et
1676 1253 1813 1308 alius
1837 1267 2031 1322 suppe-

442 1346 647 1401 ditabat
669 1346 808 1401 aliud
834 1362 849 1411 ;
873 1346 1182 1415 inutilisque
1203 1344 1301 1399 fuit
1329 1348 1508 1399 omnis
1535 1340 1749 1398 illorum
1772 1354 1995 1398 conatus
2011 1360 2038 1398 ι

442 1436 567 1492 ideo
597 1437 929 1493 Cessaverunt
972 1437 1234 1507 adiﬁcare
1270 1438 1519 1490 ciuitatem
1545 1445 1594 1489 et
1631 1436 1832 1489 turrim.
1876 1435 1945 1489 9'.‘
1964 1433 2030 1487 Et

440 1529 633 1582 idcirco
646 1540 882 1582 uocatum
927 1538 1001 1582 est
1031 1543 1214 1581 nomen
1250 1526 1412 1591 ﬁlius,
1453 1526 1735 1597 Confusio,
1760 1526 1879 1595 quia
1921 1524 2029 1579 illic

437 1620 671 1688 confudit
693 1618 947 1672 Dominus
995 1617 1134 1672 Deus
1160 1618 1297 1672 labia
1330 1618 1495 1671 omnia
1517 1625 1667 1670 terra:
1688 1632 1708 1670 :
1730 1625 1778 1670 et
1807 1616 1924 1669 hinc
1949 1615 2032 1669 di-

438 1712 623 1781 spersit
666 1712 804 1780 ipsos
843 1709 1096 1766 Dominus
1136 1709 1273 1764 Deus
1307 1711 1361 1763 in
1399 1725 1597 1762 omnem
1641 1718 1850 1762 terram.
1898 1707 2030 1763 Vide

437 1814 637 1875 quanta
670 1805 819 1872 ﬁant,
851 1814 909 1859 ιιι
938 1803 1195 1859 memoria
1223 1803 1378 1872 hujus
1402 1802 1525 1857 iacti
1556 1802 1608 1856 in
1635 1801 1812 1857 omnia
1834 1800 2028 1856 saecula

440 1890 714 1960 pert-adat.
743 1890 980 1943 Primum
1004 1890 1297 1957 linguarum
1323 1886 1380 1941 ﬁt
1403 1886 1618 1954 divisio,
1643 1887 1752 1941 imo
1771 1894 1897 1940 ante
1925 1884 2029 1940 hoc

440 1982 674 2037 nominis
699 1982 1024 2053 appellatio:
1053 1980 1247 2036 Phalee
1270 1980 1412 2034 enim
1441 1994 1657 2040 nomen.
1686 1980 1828 2050 quod
1850 1979 2028 2036 Hebcr

443 2075 555 2129 ﬁlio
585 2075 861 2143 imposuit,
886 2074 1228 2144 partitionem
1257 2073 1543 2143 signilicat.
1569 2072 1771 2127 Deinde
1802 2072 1904 2128 loci
1925 2086 2026 2142 ap-

438 2164 660 2234 pellatio
687 2161 964 2236 :Confusio
990 2165 1132 2219 enim
1155 2174 1376 2219 vocatus
1402 2171 1514 2230 est,
1536 2162 1589 2217 id
1615 2163 1756 2232 quod
1787 2162 2023 2235 Babylon

435 2264 613 2310 sonat.
645 2256 982 2313 Postremum
1016 2256 1194 2311 [leber
1236 2256 1349 2326 ipse
1395 2255 1592 2310 mansit
1626 2255 1768 2310 idem
1804 2269 2026 2311 servans

439 2346 659 2412 idioma,
686 2346 829 2417 quod
869 2355 925 2401 et
958 2354 1114 2401 antea
1163 2345 1432 2411 habebat,
1462 2353 1525 2400 ut
1565 2344 1906 2400 manifestum
1945 2345 2027 2400 di-

434 2438 661 2492 visionis
689 2437 847 2508 bujus
887 2439 1096 2508 signum
1126 2437 1266 2492 foret
1292 2437 1399 2507 (a).
1427 2437 1617 2492 Vidisti
1665 2453 1757 2508 per
1781 2446 1912 2508 quot
1938 2452 2025 2493 res

437 2527 799 2584 immortalem
829 2529 1079 2598 nullaque
1108 2527 1376 2583 oblivione
1401 2526 1683 2584 delendam
1712 2529 1873 2598 hujus
1901 2528 2025 2585 lacti

435 2619 753 2675 memoriam
794 2620 997 2674 servari
1049 2619 1311 2674 voluerit?
1354 2618 1487 2675 Hinc
1533 2620 1677 2674 enim
1722 2628 1875 2690 pater
1916 2619 2025 2676 ﬁlio

439 2719 625 2777 postea
652 2710 942 2781 cogebatur
978 2710 1160 2766 dicere
1186 2725 1403 2766 causam
1450 2721 1555 2765 tam
1585 2711 1816 2767 diversa:
1855 2712 2020 2768 vocis.

440 2800 506 2854 Et
536 2816 671 2870 puer
689 2815 721 2854 a
754 2810 904 2871 patre
927 2800 1202 2871 qumrebat
1231 2816 1398 2870 quare
1432 2802 1513 2856 sic
1538 2801 1688 2857 locus
1725 2802 1816 2858 ille
1840 2803 2031 2873 appel-

434 2891 638 2946 laretur
662 2910 676 2946 :
707 2890 826 2947 ideo
849 2907 1079 2962 namque
1101 2890 1338 2963 Babylon
1365 2891 1541 2947 dictus
1562 2901 1646 2947 est
1669 2892 1818 2949 locus
1838 2909 1855 2959 ;
1878 2893 2022 2965 quod

430 2991 514 3038 est
534 2982 806 3049 confusio,
833 2984 974 3054 quod
996 2983 1104 3039 illic
1131 2984 1386 3039 Dominus
1408 2984 1547 3040 Deus
1563 2984 2021 3042 eonl'uderitlabia

438 3075 702 3130 universae
729 3085 905 3144 terrm,
935 3085 989 3133 et
1018 3076 1087 3132 ab
1112 3077 1203 3131 illo
1233 3077 1351 3132 loco
1378 3077 1692 3146 disperserit
1718 3078 1857 3134 illos.
1884 3079 2019 3135 Nam

431 3176 719 3237 utrumque
746 3167 849 3223 loci
876 3167 1163 3237 appellatio
1191 3168 1319 3222 mihi
1349 3168 1656 3239 signiﬁcare
1685 3169 1934 3236 videtur,
1965 3180 2021 3228 et

431 3256 578 3326 quod
595 3257 802 3327 linguas
811 3257 1132 3325 confuderit,
1152 3267 1206 3314 et
1220 3259 1363 3329 quod
1385 3260 1508 3314 inde
1519 3259 1785 3331 dispersio
1800 3270 1914 3316 orta
1927 3262 2017 3318 sit.

499 3350 554 3404 5.
582 3349 892 3415 Audivistis,
922 3351 1124 3419 dilecti,
1157 3352 1297 3408 unde
1328 3352 1454 3424 ipsis
1479 3353 1828 3423 dispersionis
1848 3357 2021 3412 varie-

429 3441 659 3511 tatisque
683 3440 981 3511 linguarum
1002 3450 1119 3498 orta
1139 3443 1208 3497 sit
1233 3458 1411 3498 causa.
1434 3443 1744 3514 Fugiamus,
1766 3445 2016 3515 obsecro,

432 3544 504 3585 ne
534 3531 631 3597 hos
660 3530 967 3587 imitemur:
1000 3541 1054 3586 et
1080 3531 1146 3588 iis
1159 3548 1277 3602 quae
1300 3534 1454 3588 nobis
1480 3534 1620 3590 Deus
1646 3538 1914 3593 concessit
1950 3553 2021 3594 ne

431 3619 714 3675 abutamur
742 3638 763 3678 :
788 3637 852 3677 ac
881 3633 1124 3677 naturam
1168 3623 1457 3679 humanam
1485 3625 1913 3694 considerantes,
1953 3643 2017 3684 ea

432 3712 799 3768 consultemus
836 3729 956 3783 quae
985 3716 1238 3771 mortales
1277 3716 1520 3772 homines
1545 3717 1773 3774 deceant
1802 3737 1817 3773 :
1845 3729 1901 3776 et
1926 3736 2019 3776 co.

428 3804 663 3875 gitantes
714 3807 993 3875 praesentis
1028 3808 1152 3862 vitae
1200 3808 1558 3878 fragilitatem,
1585 3825 1648 3866 ac
1672 3828 1829 3882 quam
1854 3814 2018 3869 breve

426 3889 497 3943 sit
530 3897 739 3960 tempus
773 3892 896 3947 vita:
918 3903 1136 3957 nostrae,
1185 3894 1405 3948 multam
1455 3910 1552 3964 per
1576 3896 1840 3952 bonorum
1884 3913 2017 3968 ope-

425 3995 545 4035 rum
572 3982 882 4038 exercitium
908 3984 1157 4039 ﬁduciam
1185 3984 1573 4040 recondamus:
1614 3995 1670 4042 et
1711 4002 1817 4042 non
1843 3988 2013 4044 solum

428 4088 525 4142 per
554 4073 650 4128 hos
679 4075 795 4130 dies
835 4090 1111 4147 servemus
1159 4076 1347 4148 jejunii
1393 4076 1683 4145 fervorem,
1714 4079 1807 4135 sed
1852 4081 2014 4136 etiam

426 4166 787 4239 clcemosynm
826 4169 1122 4240 largitatem
1162 4180 1216 4225 et
1263 4186 1479 4240 precum
1504 4172 1893 4228 assiduitatem.
1918 4173 2012 4229 Et-

433 4258 570 4311 enim
597 4257 800 4329 jejunio
826 4276 1014 4330 preces
1038 4277 1253 4331 semper
1280 4263 1591 4333 conjunctas
1631 4280 1751 4320 esse
1780 4274 2009 4336 oportet.

428 4349 497 4403 Et
524 4351 665 4420 quod
695 4351 796 4407 hoc
833 4369 1017 4408 verum
1069 4355 1157 4422 sit,
1213 4356 1333 4410 audi
1372 4355 1643 4412 Christum
1699 4357 2009 4414 dicentem:

431 4440 542 4494 Hoc
569 4457 724 4511 genus
748 4443 1110 4498 dwmoniorum
1131 4463 1233 4499 non
1262 4447 1513 4517 egreditur
1539 4448 1639 4503 nisi
1656 4451 1710 4503 in
1729 4451 2017 4518 precatione

424 4542 470 4585 et
489 4532 687 4603 jejunio
707 4532 920 4606 (Matth.
951 4536 1038 4591 l7.
1069 4534 1180 4608 20).
1206 4537 1273 4592 Et
1299 4539 1487 4616 iterum
1516 4540 1582 4594 de
1597 4542 1852 4610 apostolis
1877 4542 2013 4597 dici-

430 4631 517 4677 tur
549 4641 563 4678 :
592 4620 733 4677 Nam
759 4640 875 4679 cum
897 4636 1144 4692 orassent,
1178 4628 1366 4698 inquit,
1398 4640 1446 4684 et
1485 4632 1826 4703 jejunassent,
1872 4651 2012 4689 com-

428 4714 793 4770 mendoverunt
828 4732 914 4772 eos
957 4714 1203 4783 Domino,
1248 4720 1300 4773 in
1327 4736 1474 4790 quem
1511 4724 1830 4778 crediderant
1873 4724 2010 4796 (Act.

431 4806 517 4861 14.
547 4804 662 4879 22).
697 4806 764 4861 Et
782 4808 970 4863 iterum
992 4807 1161 4879 inquit
1187 4810 1471 4880 Apostolus
1502 4830 1515 4867 :
1549 4813 1632 4868 Ne
1656 4814 1905 4883 fraudetis
1933 4817 2007 4871 in-

420 4902 593 4968 uicem,
627 4903 725 4956 nisi
748 4904 800 4956 in
816 4905 1102 4973 precatione
1120 4912 1168 4959 et
1185 4905 1380 4975 ieiunio
1402 4907 1476 4978 (l.
1499 4906 1618 4962 Cor.
1642 4908 1692 4962 7.
1717 4909 1793 4979 5).
1823 4909 2011 4965 Vidisti

425 4992 691 5062 quomodo
709 4993 972 5064 jejunium
1003 4997 1104 5052 hoc
1121 4997 1361 5053 subsidio
1387 4999 1656 5070 indigeat?
1687 5000 1837 5056 Tune
1866 5002 2010 5056 enim

427 5083 758 5153 potissimum
788 5100 977 5155 preces
1010 5100 1131 5141 cum
1161 5088 1455 5144 attentione
1486 5089 1640 5157 ﬁunt,
1675 5106 1795 5146 cum
1847 5106 2014 5160 expe-

428 5172 589 5226 ditior
611 5184 693 5228 εει
740 5191 891 5231 mens
920 5186 1127 5243 nostra,
1171 5195 1343 5249 neque
1366 5191 1602 5250 gravata,
1645 5197 1818 5251 neque
1864 5182 2007 5237 malo

428 5262 736 5321 deliciarum
756 5282 920 5324 onere
941 5284 1123 5340 pressa
1149 5270 1326 5354 fuerit.
1357 5272 1542 5342 Magna
1569 5288 1715 5327 arma
1731 5283 1856 5328 sunt
1886 5289 2010 5343 pre-

488 5455 562 5514 (α)
593 5458 646 5508 Id
669 5463 797 5524 quod
820 5464 899 5535 hic
921 5467 988 5515 ait
1007 5466 1396 5530 chrysostomus,
1431 5470 1679 5520 Heberum
1702 5484 1885 5547 nempe
1908 5475 2008 5581 pri-

488 5530 549 5564 Im
570 5530 791 5573 servasse
808 5524 1086 5581 dialectum.
1104 5529 1301 5581 qualem
1319 5531 1534 5581 Adamus
1550 5530 1857 5581 loauebatnr-
1872 5534 1902 5581 ιΙ
1927 5536 2008 5581 nd.

420 5525 791 5600 .‘Si‘.’l'.if’":‘3§§9
803 5524 1086 5600 Ψεὲβεωιρν
1101 5524 1306 5600 malem.
1319 5524 1534 5600 Αάειηιιδ
1550 5524 1857 5594 loquebatui.
1872 5524 2008 5593 illud.

419 5575 614 5684 “(£13m
626 5614 641 5636 ,
661 5582 847 5650 aliquot
867 5575 1533 5641 όίῐιῖὸιιιιὲιῖυιῖε-ῖιᾶιιῦξῖιιῖιῖ
1550 5575 1830 5644 -εὲιῗῖιξῖιῖ
1844 5575 2009 5645 belli}

420 5640 491 5684 Ile
529 5650 584 5684 cr
603 5652 802 5684 muscum
829 5645 1036 5684 Iinmmm
1061 5653 1329 5684 αιιιιυιλιωνίι
1378 5666 1470 5684 nnn
1499 5655 1561 5684 3m
1585 5664 1772 5684 ιωιιιιιηι
1797 5664 1867 5684 ηυο
1904 5658 2004 5684 “to,

420 5640 584 5709 ltebcr
603 5640 803 5709 priscam
828 5645 1037 5709 linguam
1059 5653 1351 5709 servaverit,
1376 5640 1471 5703 non
1497 5655 1562 5703 ita
1573 5640 1900 5706 ‘éér'ialﬁ’ési.’
1903 5640 2008 5707 ἰίῐέῖ

418 5705 801 5777 [integritatem
824 5705 928 5756 utra
951 5709 1189 5759 dialectus
1209 5705 1495 5777 primigenia
1519 5715 1692 5777 fuerit,
1708 5705 2009 5769 Hebraicaue

419 5759 792 5842 aitmtl_baldaica_i
800 5838 810 5842 _
818 5779 919 5842 pro
940 5776 1149 5842 utraque
1180 5759 1411 5842 opinione
1420 5759 1569 5828 "sit—ant
1579 5759 1697 5830 vii-0'1;
1708 5759 2006 5842 ’ὲῖέὲὶῐέιὶᾶἇ

417 5828 724 5884 argumenta,
747 5837 857 5886 quin
880 5827 1082 5889 longius
1095 5827 1230 5883 casei
1251 5833 1463 5887 referre.

1171 408 1229 466 S.
1268 407 1546 466 JOANNIS
1571 406 2046 465 CHRYSOSTOMI
2084 407 2399 467 ARCHIEP.
2438 411 2977 475 CONRTANTINOP.

3622 435 3739 494 980

2139 538 2253 593 ces,
2299 541 2485 597 magna
2528 531 2818 599 securitas,
2866 548 3090 605 magnus
3137 535 3452 613 thesaurus,
3504 561 3741 619 magnus

2142 627 2346 686 portus,
2373 621 2665 676 tutissimus
2693 622 2843 679 locus
2874 642 2890 680 :
2930 627 3105 684 modo
3117 629 3281 688 sobrii
3311 644 3365 690 et
3392 636 3580 708 vigiles
3611 643 3731 697 Do-

2140 706 2341 762 minum
2371 708 2645 779 adeamus,
2689 724 2871 770 mente
2891 725 3074 772 nostra
3096 720 3326 792 undique
3351 706 3594 796 collecta,
3616 731 3734 787 ini-

2138 796 2386 869 micoque
2415 809 2613 855 nostrae
2639 804 2827 859 salutis
2873 807 3021 863 nullo
3070 808 3217 865 aditu
3260 817 3543 883 permisso.
3588 818 3736 875 Cum

2139 885 2274 940 sciat
2301 886 2445 942 enim
2471 889 2718 947 inimicus
2748 903 2947 960 noster,
2974 911 3073 952 nos
3100 914 3196 969 per
3225 910 3433 973 tempus
3461 907 3585 963 illud
3602 924 3737 992 pos-

2137 991 2197 1033 se
2239 979 2318 1035 de
2336 981 2400 1035 iis
2425 997 2542 1053 qua:
2570 983 2637 1039 ad
2683 994 2920 1043 nostram
2950 990 3178 1047 salutem
3203 996 3431 1053 attinent
3463 979 3635 1071 loqui,
3672 1011 3738 1057 et

2138 1080 2352 1139 peccata
2372 1073 2634 1141 conﬁteri,
2659 1084 2714 1132 et
2729 1078 2946 1133 vulnera
2975 1082 3182 1139 medico
3208 1089 3512 1157 ostendere,
3552 1100 3605 1147 et
3628 1109 3729 1149 sa-

2138 1163 2358 1218 nitatem
2401 1166 2654 1235 consequi
2685 1184 2699 1221 :
2728 1168 2850 1224 ideo
2898 1173 3130 1230 maxime
3172 1185 3297 1232 tunc
3324 1180 3552 1245 obsistit,
3603 1188 3736 1239 oin-

2137 1252 2328 1323 niaque
2356 1253 2482 1309 facit
2510 1266 2566 1311 et
2595 1266 2807 1323 tractat,
2838 1268 2897 1315 ut
2936 1277 3035 1318 nos
3087 1268 3390 1335 supplantet
3410 1313 3424 1336 ,
3454 1273 3738 1344 negligem

2138 1349 2323 1412 tesque
2341 1343 2547 1399 reddat.
2574 1345 2805 1404 Proinde
2828 1350 3126 1420 vigilemus,
3146 1355 3390 1425 obsecro,
3416 1370 3468 1416 et
3491 1343 3734 1421 scientes

2137 1435 2289 1491 illius
2311 1437 2550 1504 insidias,
2579 1441 2810 1496 maxime
2829 1452 3070 1515 tempore
3097 1448 3188 1503 illo
3208 1464 3425 1519 operam
3452 1453 3643 1510 demus
3666 1468 3735 1512 ut

2135 1525 2286 1594 quasi
2319 1535 2635 1595 praesentem
2662 1530 2812 1586 illum
2843 1544 2967 1589 ante
2994 1537 3179 1592 oculos
3206 1550 3435 1597 stantem
3481 1545 3735 1602 videntes

2135 1629 2523 1687 oppugnemus,
2556 1629 2609 1674 et
2631 1624 3004 1692 cogitationem
3031 1642 3267 1695 omnem,
3290 1648 3409 1702 quae
3437 1650 3532 1689 nos
3553 1637 3739 1692 inter-

2136 1708 2356 1765 turbare
2379 1712 2564 1779 possit,
2594 1714 2914 1783 repellamus
2942 1735 2969 1773 τ’
2991 1720 3192 1790 totique
3214 1723 3447 1780 nitamur
3465 1727 3628 1782 Deum
3660 1739 3733 1785 ut

2134 1796 2289 1853 decet
2309 1800 2605 1870 alloqui,‘ut
2633 1819 2740 1859 non
2763 1808 2938 1862 solum
2966 1810 3148 1877 verba,
3178 1813 3272 1868 sed
3294 1822 3511 1872 etmens
3537 1821 3730 1874 verbo-

2134 1906 2251 1945 rum
2280 1906 2463 1949 eomes
2484 1895 2549 1949 ad
2581 1897 2748 1952 Deum
2772 1901 3048 1957 accedant.
3076 1904 3205 1959 Nam
3232 1907 3276 1961 si
3304 1908 3477 1978 lingua
3504 1914 3743 1981 quidem-

2134 1981 2369 2051 proi'erat
2411 1983 2597 2051 verba,
2630 2001 2784 2044 mens
2811 2000 2989 2045 autem
3020 1992 3447 2067 foris-evagetur,
3476 2015 3594 2070 qua:
3618 2003 3747 2056 de»

2133 2073 2205 2126 mi
2235 2083 2357 2127 sunt
2383 2074 2644 2141 lustrans,
2673 2088 2727 2133 et
2757 2079 3053 2150 imaginans
3089 2099 3209 2154 qua:
3250 2086 3301 2141 in
3331 2088 3447 2143 loro
3467 2102 3719 2160 aguntur,

2131 2166 2279 2221 nulla
2309 2166 2462 2222 nobis
2483 2168 2808 2239 utilitas-cst,
2829 2172 3069 2230 fortassis
3095 2185 3272 2232 autem
3293 2189 3369 2234 ειί
3391 2181 3562 2251 major
3588 2199 3751 2239 con-

2129 2256 2418 2312 demnatio.
2476 2258 2765 2317 Enimvero
2808 2264 2853 2317 si
2906 2279 3026 2319 cum
3063 2267 3311 2323 homines
3336 2271 3575 2338 adimus,
3611 2283 3722 2327 tam

2130 2348 2367 2404 studiose
2392 2349 2442 2404 id
2459 2351 2685 2418 agimus,
2717 2360 2775 2407 ut
2794 2368 2959 2424 prope
2984 2364 3188 2412 stantes
3212 2372 3584 2429 smpenumero
3609 2381 3716 2419 non
3732 2394 3745 2407 λ

2131 2439 2426 2508 videamus,
2475 2442 2568 2497 sed
2599 2442 2899 2512 colligimus
2924 2455 3190 2515 mentem,
3221 2458 3277 2504 et
3298 2450 3366 2504 ad
3391 2466 3513 2505 eum
3543 2467 3583 2506 ε.
3608 2453 3720 2508 Ιιιιιι

2128 2539 2433 2599 spectamus
2466 2530 2533 2585 ad
2576 2547 2734 2602 quem
2765 2533 3068 2591 accedimus
3101 2550 3340 2607 :quanto
3368 2540 3535 2610 magis
3576 2544 3739 2612 apud:

2130 2618 2298 2674 Deum
2330 2619 2472 2680 idem
2506 2621 2682 2676 facere
2710 2632 2958 2691 oportet,
2989 2637 3043 2681 et
3068 2626 3265 2696 jugiter
3295 2631 3541 2698 precibus
3585 2632 3716 2688 insi.-

2125 2711 2308 2768 stere?
2329 2712 2554 2784 Propter
2570 2714 2673 2770 hoc
2696 2723 2751 2771 et
2779 2714 2974 2773 Paulus
2992 2718 3234 2776 scribens
3259 2720 3466 2777 dicebat
3496 2742 3511 2777 :
3541 2723 3715 2778 Orate»

2126 2813 2199 2858 tes
2227 2804 2281 2858 in
2305 2805 2453 2860 omni
2475 2816 2725 2877 tempore,
2764 2818 2906 2864 orate
2940 2820 2987 2864 et
3014 2810 3068 2864 in
3096 2812 3281 2879 spiritu
3308 2812 3467 2884 (Eph.
3496 2814 3550 2870 6.
3588 2818 3674 2887 l8)
3700 2835 3733 2871 :.

2127 2911 2243 2950 non:
2263 2897 2440 2967 lingua
2471 2906 2697 2967 tantum,
2724 2908 2778 2956 ct
2801 2916 2923 2957 cum
2947 2914 3226 2974 perpetua,
3258 2906 3450 2978 inquit,
3481 2909 3713 2980 vigilan-

2126 2988 2220 3054 tia,
2248 2989 2342 3045 scd
2370 2987 2436 3043 Et
2456 2990 2510 3044 in
2552 2991 2752 3061 Spiritu.
2784 2993 3103 3063 Spirituales
3137 2998 3279 3052 enim
3303 3039 3327 3065 ,
3372 2999 3558 3071 inquit,
3608 3002 3719 3058 sint

2123 3089 2317 3135 vestrae
2347 3082 2651 3152 petitiones,
2680 3085 2859 3141 sobria
2885 3087 2961 3141 sit.
3009 3089 3169 3157 ratio,
3202 3099 3258 3146 et
3282 3091 3348 3146 iis
3376 3108 3494 3163 qua:
3520 3095 3716 3151 diculn-

2124 3179 2215 3225 tur
2240 3186 2393 3227 mens
2418 3174 2679 3228 attendat.
2710 3175 2859 3231 Talia
2888 3180 3071 3248 petite,
3094 3182 3272 3251 qualia
3298 3198 3347 3238 a.
3381 3184 3489 3240 Deo
3526 3195 3716 3256 petere

2125 3264 2397 3332 convenit,
2447 3274 2505 3320 ut
2529 3275 2585 3321 et
2603 3267 2767 3337 petita
2793 3268 3079 3327 obtineatis
3109 3283 3210 3329 aet
3244 3276 3299 3329 in
3339 3275 3470 3331 illud
3508 3278 3716 3334 incum-

2124 3354 2335 3423 hcntes,
2362 3365 2418 3411 et
2465 3358 2558 3413 toti
2592 3360 2969 3431 expcrgel'acti,
2996 3363 3162 3419 sobrii
3207 3374 3262 3421 et
3288 3376 3465 3422 mente
3501 3370 3711 3440 vigiles,

2124 3464 2230 3504 non
2258 3451 2577 3518 oscitantes,
2597 3467 2698 3508 nec
2726 3468 2825 3509 vos
2851 3453 3140 3525 fricantes,
3166 3466 3222 3513 et
3246 3457 3373 3515 hinc
3407 3460 3532 3517 inde
3557 3478 3717 3517 men-

2110 3551 2232 3596 ‘tem
2265 3546 2538 3599 vertentes
2561 3561 2580 3597 :
2626 3544 2721 3600 sed
2746 3560 2868 3600 eum
2911 3547 3102 3604 timore
3129 3557 3185 3604 et
3212 3558 3447 3607 tremore
3484 3531 3711 3608 salutem

2122 3642 2357 3688 vestram
2387 3634 2701 3703 operemini.
2732 3633 2920 3690 Beatus
2946 3638 3112 3701 enim,
3141 3638 3331 3708 inquit,
3374 3640 3464 3710 qui
3508 3652 3723 3711 propter

2081 3748 2085 3752 ν
2125 3723 2359 3794 pietatem
2383 3727 2558 3780 metuit
2583 3727 2754 3780 omnia
2786 3725 2968 3800 (Prov.
2996 3727 3088 3785 28.
3114 3729 3227 3802 ωε
3248 3730 3490 3802 Magnum
3512 3733 3719 3789 bonum

2124 3815 2381 3884 precatio.
2399 3815 2531 3870 Nam
2553 3817 2598 3871 si
2621 3816 2824 3872 homini
2851 3819 2981 3889 quis
2995 3820 3223 3890 loquens
3242 3823 3437 3879 virtute
3464 3825 3725 3894 praedito,

2124 3920 2228 3961 non
2254 3921 2474 3975 parvum
2497 3907 2620 3963 inde
2647 3908 2874 3965 fructum
2901 3913 3122 3982 percipit
3145 3930 3161 3969 :
3184 3916 3397 3985 quantis
3427 3916 3582 3971 bonis
3599 3933 3716 3973 non

2123 3998 2328 4053 fruetur
2378 4000 2445 4067 is,
2489 4003 2573 4056 cui
2613 4017 2732 4056 cum
2775 4004 2886 4060 Deo
2918 4005 3238 4076 colloquium
3288 4007 3486 4064 fuerit?
3527 4009 3725 4066 Oratio

2122 4094 2266 4147 enim
2292 4093 2614 4165 colloquium
2638 4104 2721 4150 est
2762 4110 2883 4151 eum
2923 4097 3052 4153 Deo.
3085 4098 3236 4166 Quod
3280 4109 3338 4181 ut
3378 4102 3537 4169 scias,
3584 4105 3708 4159 audi

2123 4187 2437 4257 prophetam
2492 4187 2756 4243 dicentem
2789 4187 3125 4245 :Jucundum
3180 4193 3244 4246 sit
3305 4192 3412 4247 Deo
3456 4195 3715 4267 eloquium-

2121 4296 2286 4334 meum
2313 4280 2484 4351 (Psal.
2511 4281 2634 4336 105.
2657 4282 2749 4351 54)
2780 4300 2793 4335 :
2822 4281 2925 4337 hoc
2945 4290 3046 4348 est,
3070 4298 3249 4340 sermo
3278 4286 3717 4356 meusjucundus

2121 4381 2373 4441 appareat
2405 4372 2533 4426 Deo.
2559 4372 2747 4426 Annon
2772 4373 2913 4428 enim
2931 4383 3190 4443 praestare.
3208 4386 3380 4445 potest
3402 4379 3704 4448 priusquam

2122 4462 2405 4530 petamus?
2432 4462 2627 4517 Verum
2666 4472 2882 4533 propter
2908 4462 3010 4519 hoc
3029 4463 3209 4520 diﬂ'ert
3227 4473 3286 4521 et
3305 4479 3598 4538 exspectat,
3653 4479 3706 4523 ut

2120 4553 2455 4607 occasionem
2501 4554 2749 4624 accipiat,
2779 4570 2881 4624 qua
2907 4557 3050 4623 juste
3095 4570 3193 4611 nos
3242 4571 3336 4611 sua
3376 4559 3712 4627 proxitlentia

2119 4641 2308 4711 dignos
2330 4643 2506 4698 iaciat.
2527 4642 2653 4699 Sive
2668 4655 2846 4700 autem
2873 4660 3264 4716 consequamur
3288 4648 3429 4717 quod
3455 4652 3699 4719 petimus,

2118 4734 2231 4788 sive
2261 4750 2364 4788 non
2394 4749 2807 4805 consequamur,
2834 4750 3238 4805 perseveremus
3262 4754 3475 4810 semper
3499 4742 3551 4796 in
3582 4758 3713 4797 ora-

2121 4827 2265 4881 tione
2293 4843 2307 4879 :
2342 4835 2398 4883 ει
2423 4843 2528 4883 ηοη
2554 4828 2725 4883 solum
2753 4830 2949 4898 gratias
2976 4845 3195 4901 agamus
3221 4833 3265 4886 si
3291 4848 3699 4904 consequamur,

2117 4920 2210 4974 sed
2238 4918 2442 4975 etiamsi
2467 4921 2732 4990 repulsam
2761 4922 2904 4990 passi
2937 4920 3215 4978 fuerimus.
3244 4923 3380 4979 Nam
3416 4925 3701 4997 denegare,

2117 5027 2237 5065 enm
2268 5013 2404 5066 Deus
2431 5012 2562 5079 vult,
2603 5027 2713 5067 non
2741 5013 2915 5068 minus
2945 5023 3027 5068 est
3054 5029 3212 5085 quam
3240 5016 3285 5070 si
3326 5019 3703 5074 concessisset.

2117 5102 2395 5158 Nescimus
2421 5104 2692 5159 enim-nos
2718 5121 2837 5175 quae
2881 5105 3035 5160 nobis
3060 5107 3380 5175 conducant,
3413 5111 3551 5165 sicut
3591 5112 3703 5182 ipse

2117 5195 2283 5248 novit.
2314 5195 2496 5265 itaque
2520 5196 2634 5251 sive
2660 5197 2767 5251 voti
2795 5208 3093 5267 compotes,
3123 5213 3235 5254 swe
3260 5201 3495 5270 imputes
3515 5203 3702 5268 simus,

2116 5286 2315 5356 gratias
2338 5300 2498 5356 agere
2515 5286 2793 5343 debemus.
2819 5288 2889 5343 Et
2912 5289 3039 5358 quid
3069 5290 3302 5357 miraris,
3331 5293 3373 5346 si
3406 5308 3503 5346 nos
3534 5295 3711 5349 nesciw

2119 5392 2236 5431 IlltlS
2259 5376 2386 5448 quid
2413 5378 2568 5432 nobis
2604 5378 2806 5450 prosit?
2846 5379 3041 5435 Paulus
3064 5421 3080 5446 ,
3128 5382 3247 5436 talis
3281 5392 3335 5436 et
3386 5392 3563 5438 tantus
3601 5386 3700 5459 vir,

2116 5483 2308 5524 arcana
2344 5469 2529 5525 audire
2570 5470 2762 5541 dignus
2798 5471 3028 5536 habitus,
3081 5471 3439 5542 ignnt'abatse
3478 5490 3538 5527 ca
3583 5491 3702 5545 qwe

2116 5577 2221 5616 non
2261 5562 2623 5631 expediebant
2676 5565 2902 5633 precari.
2949 5564 3079 5619 Nam
3110 5566 3233 5635 quia
3278 5565 3493 5621 videbat
3523 5581 3581 5622 se
3627 5577 3701 5622 lui

2114 5652 2377 5708 molestiis
2418 5654 2582 5724 cingi,
2619 5668 2685 5709 ac
2711 5655 3026 5711 circumdari
3054 5656 3259 5711 crebris
3298 5658 3700 5726 tentationibus,

2114 5742 2303 5797 orabat
2327 5751 2383 5798 ut
2411 5743 2480 5807 ab
2505 5745 2582 5799 eis
2604 5744 2951 5811 liberaretur,
2996 5746 3153 5817 idque
3181 5763 3285 5800 non
3332 5749 3498 5803 semel
3530 5765 3699 5819 neque

2121 5834 2336 5903 iterum,
2391 5836 2485 5891 sed
2513 5845 2568 5892 et
2606 5835 2822 5906 Saepius.
2854 5835 2951 5892 Ter
2980 5838 3148 5908 enim,
3194 5837 3387 5909 inquit,
3432 5838 3700 5895 Dominum
