4078 6404
294 371 407 429 279

305 492 339 561 ἡ
370 482 648 557 όμοφωνία
688 482 788 554 τὴν
837 481 1146 551 συνοίκησιν
1195 475 1499 550 εἰργάζετο,
1547 475 1719 534 οὕτως
1758 472 1792 543 ἡ
1826 469 1966 561 διαί-

300 559 452 647 ρεσις
493 573 595 642 τῆς
640 573 826 642 φωνῆς
867 570 967 640 τὴν
1016 566 1313 638 διασπορὰν
1345 566 1527 627 αὐτοῖς
1560 559 1964 647 κατασκευάσῃ.

299 643 363 717 in
401 662 475 733 μὴ
519 661 618 732 τὴν
655 658 825 729 αὐτὴν
861 657 1072 727 ἔχοντες
1108 656 1291 725 φωνὴν
1322 654 1416 707 καὶ
1457 649 1709 714 διάλεξιν,
1741 645 1859 708 πῶς
1886 643 1969 733 Δἂν

297 730 739 819 ἠδύναντονκατά
779 744 945 799 ταύτὸ
978 745 1180 808 οἰκεῖν;
1220 741 1329 795 Καὶ
1363 739 1705 804 διέσπειρεν
1728 730 1967 797 αὐτοὺς,

299 818 458 908 φησι,
485 834 697 902 Κύριος
726 835 760 887 ό
794 831 938 897 Θεὸς
970 829 1200 884 ἐκεῖθεν
1227 828 1326 881 ἐπὶ
1385 823 1738 894 προσώπουιθΙ
1767 818 1973 885 πάσης

298 926 415 994 τῆς
453 923 587 993 τῆς,
625 922 725 976 καί
764 921 1112 975 ἐπαύσαντο
1153 915 1610 985 οἰκοδομοῦντες
1633 910 1749 978 τὴν
1792 909 1975 961 πόλιν

299 1014 402 1068 καὶ
441 1013 548 1067 τὸν
597 1011 849 1079 πύργον.
896 1007 1039 1078 Ὅρα
1084 1004 1354 1058 Δεσπότου
1409 997 1839 1071 φιλανθρωπίαν,
1892 995 1972 1058 εἰς

297 1102 435 1173 ὅσην
465 1099 662 1161 αὐτοὺς
691 1095 941 1150 ἐνέϐαλεν
974 1093 1305 1165 ἀμηχανίαν.
1335 1091 1445 1144 Καὶ⁸
1476 1089 1586 1159 γὰρ
1632 1083 1976 1157 μαινομένοις

298 1172 487 1245 λοιπὸν
539 1187 799 1241 ἐοίκασιν.
842 1185 900 1236 Ὀ
938 1182 1035 1254 μὲν
1066 1181 1358 1235 ἐπέταττεν
1398 1177 1605 1246 ἕτερον,
1641 1177 1669 1228 6
1698 1173 1755 1226 δὲ
1787 1172 1975 1243 ἕτερον

299 1274 546 1330 ἐπεδίδου
568 1289 582 1303 ο
634 1272 729 1325 καλ⁸
777 1269 1032 1339 ἀνόνητος
1075 1266 1258 1328 αὐτοῖς
1286 1262 1472 1316 λοιπὸν
1503 1258 1571 1333 ἦν
1603 1261 1751 1314 πᾶσα
1783 1259 1816 1328 ή
1852 1260 1974 1311 ἐπι-

300 1364 576 1435 χείρησις.
629 1359 721 1412 Διὸ
773 1356 882 1412 Καὶ
934 1354 1280 1409 ἐπαύσαντο
1352 1347 1822 1435 οίκοδομοὕοι-τεςΔ
1860 1344 1978 1412 τὴν

296 1432 485 1504 πόλιν
520 1448 619 1502 καὶ
652 1446 760 1500 τὸν
796 1445 1045 1513 πύργον.
1074 1440 1179 1495 Διά
1219 1439 1395 1493 τοῦτο
1430 1435 1656 1502 ἐκλήθη
1697 1433 1762 1487 τὸ
1790 1432 1978 1500 ὄνομα

216 1516 225 1531 ’
296 1535 515 1605 αὐτῆς,
543 1534 849 1604 Σύγχυσις
871 1548 885 1561 ⁸
918 1529 1008 1583 ὅτι
1051 1530 1180 1581 ἐκεῖ
1215 1525 1473 1594 συνέχεε
1520 1522 1735 1591 Κύριος
1761 1524 1794 1576 ὁ
1834 1519 1977 1586 Θεὸς

298 1625 377 1680 τὰ
427 1625 599 1692 χείλη
634 1620 839 1687 πάσης
869 1618 988 1685 ’τῆς
1029 1615 1171 1686 γῆς’
1217 1614 1316 1668 καὶ
1366 1611 1596 1666 ἐκεῖθεν
1639 1609 1978 1676 διέσπειρεν

298 1711 524 1777 αὐτοὺς
560 1710 777 1776 Κύριος
817 1709 849 1760 ό
883 1704 1026 1770 Θεὸς
1073 1703 1173 1757 ἐπὶ
1217 1699 1421 1767 πάσης
1451 1697 1562 1766 τῆς
1608 1696 1742 1767 γῆς.
1778 1695 1976 1749 Σκόπει

300 1799 446 1853 πόσα
485 1797 714 1865 γίνεται,
759 1793 898 1847 ὥστε
930 1790 1027 1862 τὴν
1071 1790 1291 1861 μνήμην
1330 1787 1493 1841 παντὶ
1522 1786 1600 1855 τῷ
1641 1783 1798 1837 αἰῶνι
1842 1798 1979 1851 συμ-

299 1882 776 1957 παρεκτείνεσθαι.
804 1878 1025 1952 Πρῶτον
1066 1876 1164 1948 μὲν
1197 1877 1231 1946 ἡ
1258 1875 1366 1929 τῶν
1393 1872 1652 1943 γλωσσῶν
1691 1870 1977 1957 διαίρεσις,

304 1954 507 2043 μᾶλλον
537 1970 594 2022 δὲ
620 1969 714 2021 καὶ
748 1966 855 2037 πρὸ
888 1963 1079 2018 τούτου
1105 1964 1140 2033 ἡ
1169 1960 1263 2014 τοῦ
1289 1960 1562 2030 ὀνόματος
1589 1954 1932 2043 προσηγορία
1959 1970 1973 1986 ο

299 2042 367 2113 τὸ
391 2058 568 2112 Φαλέκ
596 2055 703 2126 γὰρ
731 2054 920 2123 ὄνομα,
960 2051 1097 2121 ὅπερ
1125 2051 1154 2103 6
1180 2047 1350 2118 Ἔϐερ
1393 2046 1631 2116 ἐπέθηκε
1674 2042 1752 2115 τῷ
1787 2042 1940 2096 παιδὶ
1959 2081 1975 2106 ,

306 2143 579 2217 μερισμὸν
615 2139 889 2211 σημαίνει.
916 2138 1148 2190 Ἔπειτα
1190 2137 1222 2206 ἡ
1263 2132 1357 2187 τοῦ
1389 2135 1554 2186 τόπου
1598 2129 1939 2202 προσηγορία
1961 2147 1975 2162 ·

301 2216 574 2300 Σύγχυσις
604 2227 714 2298 γάρ
747 2228 774 2279 6
810 2225 971 2298 τόπος
1012 2221 1326 2293 ὠνομάσθη,
1351 2221 1489 2290 ὅπερ
1537 2219 1653 2271 ἐστὶ
1698 2216 1975 2271 Βαϐυλών.

305 2320 543 2374 Ἔπειτα
599 2315 761 2377 αὐτὸς
804 2314 833 2366 ὁ
855 2312 1025 2382 Ἔϐερ
1051 2309 1208 2378 ἔμενε
1238 2308 1336 2381 τὴν
1363 2307 1532 2375 αὐτὴν
1560 2305 1698 2375 ἔχων
1724 2302 1977 2368 διάλεξιν,

299 2409 485 2478 ἥνπερ
527 2402 622 2458 καὶ
660 2401 946 2473 πρότερον,
980 2399 1069 2451 ἵνα
1112 2398 1207 2451 καὶ
1266 2395 1425 2450 τοῦτο
1476 2394 1700 2464 σημεῖον
1755 2391 1982 2478 ἐναργές

301 2477 530 2565 γένηται
575 2490 674 2561 τῆς
728 2486 1069 2559 διαιρέσεως.
1122 2481 1275 2548 Εἶδες
1328 2481 1417 2537 διά
1470 2481 1654 2564 πόσων
1704 2477 1981 2550 ἠϐουλήθη

299 2580 527 2650 διηνεκῆ
571 2578 669 2644 τὴν
721 2575 941 2645 μνήμην
988 2570 1367 2637 διασώζεσθαι,
1399 2570 1496 2624 καὶ
1543 2567 1812 2640 μηδέποτε
1842 2565 1980 2637 λήθῃ

303 2664 678 2739 παραδοθῆναι
705 2662 765 2714 τὸ
796 2660 917 2714 τότε
951 2657 1349 2730 γεγενημένον;
1382 2657 1494 2710 Καὶ
1527 2656 1636 2728 γὰρ
1667 2655 1726 2720 ἐξ
1772 2653 1981 2708 ἐκείνου

303 2752 493 2808 λοιπὸν
522 2749 703 2820 πατὴρ
729 2747 879 2801 παιδὶ
906 2747 1152 2816 ἀνάγκην
1190 2740 1302 2816 εἶχε
1337 2745 1437 2815 τὴν
1472 2743 1652 2798 αἰτίαν
1676 2742 1854 2811 λέγειν
1882 2740 1984 2812 τῆς

304 2835 698 2911 ἑτεροφωνίας,
729 2835 826 2889 καὶ
856 2836 988 2897 παῖς
1028 2832 1178 2904 παρὰ
1212 2832 1418 2903 πατρὸς
1467 2830 1755 2902 μανθάνειν
1802 2830 1984 2901 ἐζήτει

302 2927 413 2997 τῆς
439 2924 533 2977 τοῦ
566 2922 733 2976 τόπου
776 2918 1146 2991 προσηγορίας
1194 2918 1291 2988 τὴν
1335 2916 1544 2970 αἰτίαν·
1577 2914 1834 2969 Βαϐυλὼν
1875 2915 1983 2987 γάρ

301 3014 400 3067 διὰ
429 3010 585 3065 τοῦτο
616 3011 645 3064 6
676 3008 840 3071 τόπος
881 3004 1208 3077 ὠνομάσθη,
1255 3005 1390 3076 ὅπερ
1430 3004 1545 3057 ἐστὶ
1575 3002 1855 3073 σύγχυσις,
1902 3004 1985 3057 ὅτι

305 3102 430 3154 ἐκεῖ
467 3098 684 3168 συνέχεε
718 3094 919 3166 Κύριος
952 3095 980 3147 ὁ
1016 3093 1148 3157 Θεὸς
1180 3093 1249 3146 τά
1287 3091 1441 3163 χείλη
1482 3091 1662 3161 πάσης
1705 3093 1805 3162 τῆς
1849 3090 1982 3160 γῆς,

304 3187 411 3242 καὶ
436 3185 646 3239 ἐκεῖθεν
689 3182 996 3252 διέσπειρεν
1026 3179 1243 3244 αὐτούς.
1284 3178 1591 3249 Ἀμφότερα
1625 3178 1662 3245 ἡ
1692 3176 1788 3231 τοῦ
1818 3177 1984 3231 τόπου

305 3271 654 3344 προσηγορία
691 3269 979 3339 σημαίνειν
1031 3285 1123 3338 μοι
1149 3267 1314 3333 δοκεῖ,
1345 3265 1441 3319 καὶ
1475 3267 1557 3318 ὅτι
1589 3264 1690 3327 τὰς
1736 3260 1988 3333 γλώσσας

308 3359 556 3430 συνέχεε,
585 3355 679 3410 καὶ
705 3354 931 3408 αὐτόθεν
963 3355 1062 3425 τὴν
1097 3353 1398 3424 διασπορὰν
1428 3352 1747 3423 ὑπέμειναν.

386 3515 447 3570 ε’.
465 3512 784 3580 Ἠκούσατε,
811 3510 1102 3583 ἀγαπητοὶ,
1120 3510 1282 3564 πόθεν
1304 3510 1484 3574 αὐτοῖς
1512 3511 1544 3582 ἡ
1570 3511 1665 3582 τῆς
1686 3510 1988 3580 διασπορᾶς

305 3610 573 3673 ὑπόθεσις
606 3609 817 3677 γέγονε,
847 3608 942 3662 καὶ
976 3606 1084 3661 τῶν
1117 3606 1371 3675 γλωττῶν
1414 3607 1448 3678 ἡ
1486 3607 1767 3678 διαίρεσις.
1798 3606 1989 3675 Φύγω-

309 3714 441 3768 μεν,
481 3692 806 3768 παρακαλῶ,
838 3693 936 3765 τὴν
974 3694 1228 3764 μίμησιν,
1262 3694 1357 3748 καὶ
1386 3696 1498 3757 τοῖς
1532 3694 1683 3766 παρά
1727 3691 1821 3746 τοῦ
1854 3692 1988 3746 Θεοῦ

305 3783 735 3857 ⁸παρασχεθεῖσιν
770 3783 901 3852 ἡμῖν
935 3781 1014 3844 εἰς
1040 3780 1156 3834 δέον
1193 3779 1542 3853 χρησώμεθα,
1577 3782 1670 3834 καὶ
1697 3780 1798 3853 τὴν
1828 3781 1989 3849 φύσιν

301 3871 417 3941 τὴν
446 3867 791 3939 ἀνθρωπίνην
827 3866 1129 3930 ἐννοοῦντες
1162 3866 1303 3920 οὕτω
1351 3865 1755 3938 βουλευώμεθα,
1790 3866 1865 3931 ὼς
1908 3868 1989 3919 εἰ-

303 3958 416 4022 κὸς
451 3955 769 4028 ἀνθρώπους
798 3952 1185 4025 βουλεύσασθαι
1216 3953 1443 4024 θνητοὺς
1471 3954 1863 4024 τυγχάνοντας·
1896 3955 1990 4008 καὶ

237 4058 248 4067 ‘
303 4047 654 4119 λογιζόμενοι
702 4044 797 4099 τοῦ
848 4043 1115 4115 παρόντος
1163 4042 1280 4114 βίου
1328 4044 1391 4095 τὸ
1444 4043 1730 4113 ἐπίκηρον,
1780 4043 1873 4096 καὶ
1914 4044 1990 4108 ὡς

308 4134 529 4209 βραχὺς
559 4134 587 4186 6
617 4131 716 4201 τῆς
753 4130 897 4199 ζωῆς
934 4128 1090 4199 ἡμῶν
1119 4128 1329 4200 χρόνος,
1370 4129 1567 4201 πολλὴν
1601 4130 1811 4192 ἑαυτοῖς
1851 4133 1993 4202 παῤ-

312 4221 520 4295 ρησίαν
563 4215 1003 4290 προαποθώμεθα
1046 4215 1134 4268 διά
1171 4218 1272 4287 τῆς
1318 4216 1427 4270 τῶν
1475 4216 1697 4285 ἀγαθῶν
1739 4216 1991 4289 πράξεων

308 4305 611 4380 ἐργασίας
636 4303 731 4357 καὶ
757 4302 831 4374 μὴ
865 4304 1022 4373 μόνον
1044 4304 1142 4372 τῆς
1164 4302 1415 4374 νηστείας
1449 4304 1549 4374 τὴν
1575 4304 1824 4357 ἐπίτασιν
1854 4303 1993 4358 κατά

307 4395 421 4458 τὰς
469 4391 681 4464 ἡμέρας
711 4390 935 4453 ,ταύτας
984 4387 1398 4459 ἐπιδειξώμεθα,
1440 4389 1578 4443 ἀλλά
1613 4391 1707 4444 καὶ
1761 4390 1993 4464 ἐλεημο-‹

312 4463 501 4550 σύνης
527 4478 805 4548 δαψίλειαν
854 4479 950 4530 καὶ
1000 4476 1306 4548 προσευχὰς
1344 4477 1601 4539 ἐκτενεῖς.
1637 4478 1748 4531 Καὶ
1787 4463 1896 4549 γὰρ
1925 4480 1990 4549 τῇ

310 4567 549 4639 νηστείᾳ
592 4563 691 4635 τὴν
741 4562 1045 4634 προσευχὴν
1084 4563 1171 4616 ἀεὶ
1223 4562 1573 4632 συνεζεῦχθαι
1613 4563 1711 4617 δεῖ.
1755 4564 1867 4618 Καὶ
1912 4565 1994 4618 ὅτι

309 4654 480 4711 τοῦτό
509 4657 655 4707 ἐστιν
680 4651 899 4722 ἀληθὲς,
923 4652 1084 4706 ἄκουε
1117 4649 1213 4703 τοῦ
1238 4650 1476 4722 Χριστοῦ
1502 4650 1747 4719 λέγοντος
1764 4668 1777 4681 ·
1814 4652 1994 4706 Τοῦτο

310 4744 385 4799 τὸ
414 4744 590 4812 γένος
618 4741 730 4795 οὐκ
759 4737 906 4812 [501]
943 4738 1343 4807 ἐκπορεύεται,
1371 4738 1425 4791 εί
1468 4736 1554 4807 μή
1588 4738 1658 4791 ἐν
1682 4737 1995 4808 προσευχῇ

311 4829 424 4885 καὶ
460 4827 730 4896 νηστείᾳ.
769 4826 877 4881 Καὶ
908 4826 1072 4880 πάλιν
1111 4816 1203 4878 ἐπὶ
1230 4825 1336 4880 τῶν
1369 4825 1699 4879 ἀποστόλων·
1727 4828 1994 4893 Προσευ-

312 4917 570 4986 ξάμενοι
616 4914 747 4985 γὰρ,
802 4914 935 4984 φησί
954 4952 970 4977 ,
1011 4913 1113 4967 καί
1168 4912 1629 4981 νηστεύσαντες¹
1670 4913 1995 4981 παρέθεντο

311 5002 546 5069 αὐτοὺς
584 5001 666 5068 τῷ
702 5001 915 5071 Κιιρίῳ,
949 5003 1037 5067 εἷς
1062 5001 1135 5055 ὃν
1169 5001 1694 5056 πεπιστεύκεισαν.
1727 5001 1837 5055 Καὶ
1886 5001 1995 5055 πά-

313 5092 408 5145 λιν
435 5092 464 5144 6
497 5089 839 5152 Ἀπόστολος’
870 5087 967 5157 Μὴ
1005 5087 1409 5157 ἀποστερεῖτε,
1441 5090 1627 5160 φησίν,
1659 5088 1993 5156 ἀλλήλους,

312 5180 375 5234 εί
403 5176 492 5247 μὴ
546 5179 616 5232 ἐν
651 5175 964 5245 προσευχῇ
1012 5175 1109 5229 καί
1165 5176 1437 5245 νηστείᾳ.
1472 5171 1626 5240 Εἶδες
1667 5176 1785 5239 πῶς
1827 5176 1997 5231 δεῖται

313 5268 426 5337 τῆς
466 5263 713 5318 ἐντεῦθεν
744 5263 1058 5339 συμμαχίας
1100 5264 1134 5334 ἡ
1165 5263 1418 5335 νηστεία;
1454 5265 1589 5317 Τότε
1621 5264 1730 5336 γάρ
1764 5265 1997 5336 μάλιστα

316 5354 424 5408 καί
470 5353 609 5423 μετά
648 5350 861 5424 νὴψεως
894 5353 949 5404 αἱ
998 5351 1299 5422 προσευχαὶ
1346 5340 1607 5421 γίνονται,
1660 5354 1996 5424 κουφοτέρας

316 5442 427 5512 τῆς
460 5441 698 5503 διανοίας
724 5438 1118 5509 τυγχανούσης,
1152 5438 1246 5491 καὶ
1277 5438 1452 5492 οὐδενὶ
1482 5438 1843 5511 βαρουμένης,
1877 5440 1997 5494 οὐδὲ

320 5527 436 5583 ὑπὸ
464 5527 556 5582 τοῦ
584 5524 820 5597 πονηροῦ
848 5527 946 5598 τῆς
968 5527 1178 5596 τρυφῆς
1209 5525 1430 5597 φορτίου
1459 5527 1809 5598 πιεζομένης.
1834 5528 1998 5598 Μέγα

317 5615 440 5686 γὰρ
470 5614 631 5668 ὅπλον
657 5615 691 5685 ἡ
729 5613 883 5685 εὐχὴ,
924 5612 1133 5685 μεγάλη
1178 5613 1468 5682 ἀσφάλεια,
1500 5614 1673 5685 μέγας
1701 5615 1997 5689 θησαυρὸς,

320 5702 508 5778 μέγας
541 5701 727 5774 λιμήν,
749 5702 946 5757 ἄσυλον
971 5700 1198 5773 χωρίον’
1234 5701 1394 5773 μόνον
1421 5701 1517 5758 ἐὰν
1543 5704 1805 5776 νήφοντες
1838 5722 2002 5777 προσ-

394 5936 424 5964 ⁸
445 5934 663 5996 Quatuor
682 5946 801 5985 mss.
821 5936 875 5984 et
894 5931 1025 5985 Bibl.
1047 5933 1122 5982 ἐπὶ
1140 5933 1415 5997 πρόσωπον.

1439 359 1513 414 1N
1548 357 1705 417 CAP.
1738 350 1809 409 ΧῘ
1854 352 2097 410 GENES.
2138 352 2366 413 "OMIL.
2408 356 2578 412 XXX.

3635 357 3742 414 τεο

2076 468 2242 540 ίωμεν
2269 470 2348 536 τῷ
2381 471 2647 542 Δεσπότῃ,
2677 471 2771 526 καὶ
2802 470 3138 542 πανταχόθεν
3176 468 3499 540 συνάγοντες
3532 470 3740 525 ἑαυτῶν

2072 556 2174 625 τὴν
2223 557 2481 621 διάνοιαν,
2513 558 2655 612 οὕτω
2694 559 2790 630 τὴν
2836 558 3095 630 πρόσοδον
3136 557 3437 628 ποιώμεθα,
3472 559 3740 629 μηδεμίαν

2075 645 2426 715 παρείσδυσιν
2461 646 2693 709 διδόντες
2732 646 2810 717 τῷ
2844 646 3021 717 ἐχθρῷ
3050 647 3151 716 τῆς
3182 646 3454 715 σωτηρίας
3479 645 3576 715 τῆς
3603 646 3742 715 ἡμεο

2070 731 2255 802 τέρας.
2294 733 2510 803 Ἐπειδὴ
2546 735 2654 804 γὰρ
2697 729 2835 787 οἶδεν
2878 735 2958 787 ὅτι
3009 732 3151 786 κατὰ
3182 733 3271 787 τὸν
3313 732 3500 803 καιρὸν
3533 734 3742 786 ἐκεῖνον

2070 817 2346 889 δυνάμεθα
2379 818 2636 889 περὶτῶν
2673 821 3003 890 συνεχόντων
3033 822 3177 891 ἡμᾶς
3220 820 3606 891 διαλεχθέντες,
3650 820 3742 873 καὶ

2071 904 2141 957 τὰ
2190 906 2553 977 ἡμαρτημένα
2605 907 3084 979 ἐξαγορεύσαντες,
3116 909 3209 960 καὶ
3247 908 3316 961 τά
3351 907 3643 978 τραύματα
3667 903 3743 976 τῷ

2077 992 2246 1064 ἰατρῷ
2273 993 2563 1058 δείξαντες,
2596 995 2797 1065 πολλῆς
2834 997 3112 1065 ἐπιτυχεῖν
3144 995 3241 1066 τῆς
3267 994 3585 1065 θεραπείας,
3621 993 3743 1046 τότε

2077 1082 2312 1152 μάλιστα
2341 1083 2622 1151 ἐφίσταται
2655 1085 2749 1137 καὶ
2782 1084 2958 1137 πάντα
2982 1086 3126 1137 ποιεῖ
3155 1084 3248 1136 καὶ
3274 1083 3743 1153 πραγματεύεται,

2073 1169 2216 1223 ὥστε
2244 1171 2539 1242 ἐκκροῦσαι
2581 1174 2730 1242 ἡμᾶς
2774 1173 2869 1225 καὶ
2906 1174 2986 1235 είς
3030 1170 3611 1243 ρᾳθυμίανιὲμϐαλεῖν.
3655 1169 3745 1223 Διὸ

2074 1258 2352 1328 νήφωμεν,
2393 1260 2717 1331 παρακαλῶ,
2749 1261 2843 1315 καὶ
2886 1260 3084 1325 εἰδότες
3108 1259 3274 1314 αὑτοῦ
3307 1260 3405 1324 τάς
3432 1257 3745 1322 ἐπιϐουλάς,

2080 1345 2314 1415 μάλιστα
2342 1347 2484 1400 κατά
2512 1347 2603 1400 τὸν
2630 1347 2818 1422 καιρὸν
2854 1350 3058 1401 ἐκεῖνον
3096 1347 3510 1418 σπουδάζωμεν,
3548 1345 3745 1400 ὡσανεὶ

2079 1433 2320 1504 παρόντα
2355 1433 2452 1486 καὶ
2491 1434 2596 1506 πρὸ
2618 1434 2726 1487 τῶν
2749 1434 3040 1506 ὀφθαλμῶν
3066 1435 3221 1506 ήμῶν
3246 1433 3457 1487 ἑστῶτα
3488 1432 3746 1505 ὁρῶντες,

2076 1518 2249 1584 οὕτως
2286 1520 2447 1574 αὑτὸν
2479 1521 2882 1593 διακρούεσθαι,
2934 1523 3029 1575 καὶ
3062 1522 3241 1576 πάντα
3269 1521 3527 1592 λογισμὸν
3559 1523 3745 1576 διατα-

2081 1609 2344 1680 ράττοντα
2369 1611 2525 1681 ἡμῶν
2547 1611 2644 1681 τὴν
2669 1611 2903 1665 διάνοιαν
2936 1609 3412 1673 ἀπωθεῖσθαι,.καὶ
3441 1611 3594 1675 ὅλους
3620 1612 3731 1664 ἐαυ·

2075 1699 2203 1761 τοὺς
2232 1697 2546 1761 συντείνειν,
2587 1698 2683 1752 καὶ
2714 1699 2918 1769 ἀκριϐῆ
2948 1698 3220 1752 ποιεῖσθαι
3249 1697 3346 1769 τὴν
3374 1697 3632 1763 ἔντευξιν,
3661 1699 3747 1752 ἵνα

2080 1784 2155 1855 μὴ
2186 1785 2347 1856 μόνον
2377 1786 2411 1856 ἡ
2444 1785 2659 1854 γλῶττα
2689 1786 3011 1856 φθέγγηται,
3040 1786 3176 1840 ἀλλά
3201 1785 3295 1840 καὶ
3323 1785 3583 1857 ἡδιάνοια
3613 1803 3745 1856 συμ-

2077 1872 2237 1945 ϐαίνῃ
2270 1875 2383 1937 τοῖς
2406 1873 2738 1944 λεγομένοις.
2775 1874 2902 1927 Ἐἀν
2929 1873 3039 1945 γὰρ
3069 1875 3102 1944 ἡ
3130 1873 3347 1942 γλῶττα
3373 1872 3473 1944 μὲν
3500 1873 3747 1944 προφέρῃ

2075 1960 2146 2013 τὰ
2181 1962 2420 2031 ῥήματα,
2467 1964 2499 2031 ἡ
2543 1961 2598 2015 δὲ
2642 1962 2849 2016 διάνοια
2898 1960 3004 2026 ἔξω
3051 1961 3343 2033 ῥέμϐηται,
3374 1960 3442 2014 τά
3470 1960 3613 2015 κατά
3649 1961 3749 2031 τὴν

2070 2048 2254 2101 οἰκίαν
2274 2047 2706 2119 περισκοποῦσα,
2733 2048 2800 2102 τά
2825 2049 2965 2102 κατά
2994 2047 3092 2118 τὴν
3114 2048 3318 2121 ἀγοράν
3343 2047 3746 2119 φανταζομένη,

2075 2134 2228 2188 οὐδὲν
2250 2136 2380 2203 ἡμῖν
2409 2134 2598 2203 ὄφελος
2620 2134 2793 2201 ἔσται,
2823 2135 2964 2206 τάχα
2990 2135 3047 2188 δὲ
3078 2132 3172 2188 καὶ
3196 2134 3394 2188 πλείων
3422 2136 3455 2205 ἡ
3484 2136 3748 2205 κατάκρι-

2080 2238 2185 2285 σις.
2226 2222 2289 2275 Εἰ
2318 2221 2428 2293 γάρ
2475 2221 2747 2292 ἀνθρώπῳ
2794 2222 3106 2292 προσιόντες
3147 2222 3417 2294 τοσαύτην
3448 2220 3750 2276 ἐπιδεικνύ-

2082 2309 2222 2381 μεθα
2271 2309 2368 2381 τὴν
2397 2310 2650 2381 σπουδὴν,
2689 2311 2764 2375 ὡς
2813 2310 2947 2381 μηδὲ
2976 2312 3101 2374 τοὺς
3137 2311 3365 2382 πλησίον
3393 2309 3751 2383 παρεστῶτας

2080 2398 2340 2462 πολλάκις
2386 2400 2540 2470 ὁρᾷν,
2591 2399 2727 2453 ἀλλά
2761 2398 3050 2453 συντείνειν
3093 2398 3300 2452 ἑαυτῶν
3347 2399 3446 2470 τὴν
3490 2399 3748 2466 διάνοιαν,

2081 2486 2330 2540 κάκεῖνον
2400 2486 2560 2555 μόνον
2625 2486 3024 2556 φαντάζεσθαι,
3080 2480 3125 2554 ᾧ
3174 2486 3487 2558 προσίωμεν
3508 2500 3525 2518 ⁸
3571 2485 3752 2557 πολλῷ

2084 2573 2288 2645 μᾶλλον
2325 2575 2417 2627 ἐπὶ
2443 2573 2538 2627 τοῦ
2567 2573 2702 2627 Θεοῦ
2730 2574 2887 2628 τοῦτο
2918 2578 3089 2629 ποιεῖν
3116 2576 3265 2646 ἡμᾶς
3292 2575 3421 2646 χρὴ,
3461 2574 3557 2628 καὶ
3596 2591 3752 2627 συνε-

2083 2660 2321 2732 χῶςικαὶ
2371 2661 2731 2725 ἀδιαλείπτως
2774 2664 2891 2725 ταῖς
2926 2664 3252 2734 προσευχαῖς
3299 2663 3750 2733 προσκαρτερεῖν.

2082 2748 2182 2803 Διά
2211 2749 2318 2820 γάρ
2347 2748 2504 2802 τοῦτο
2534 2749 2628 2802 καί
2675 2748 2887 2813 Παῦλος
2925 2748 3154 2820 γράφων
3197 2748 3372 2817 ἔλεγε,
3408 2748 3754 2817 Προσευχό-

2078 2853 2251 2906 μενοι
2296 2836 2368 2889 ἐν
2396 2835 2575 2889 παντὶ
2614 2835 2817 2902 καιρῷ,
2859 2837 3273 2906 προσεύχεσθε
3318 2835 3418 2889 καί
3465 2836 3536 2889 ἐν
3568 2836 3752 2889 πνεύ-

2077 2940 2249 2994 ματιο
2299 2924 2373 2996 μὴ
2425 2922 2645 2996 γλώσσῃ
2681 2924 2860 2993 μόνον,
2893 2926 2987 2977 καὶ
3037 2926 3175 2995 μετά
3223 2924 3529 2996 ἀγρυπνίαις
3573 2923 3754 2993 διηνε-

2084 3011 2235 3075 κοῦς,
2267 3012 2450 3079 φησὶν,
2482 3010 2620 3064 ἀλλά
2651 3011 2741 3064 καί¹
2765 3012 2822 3064 ἐν
2850 3012 2986 3083 αὐτῇ
3017 3016 3082 3083 τῇ
3103 3012 3272 3082 ψυχῇ,
3299 3014 3401 3065 Ἐν
3440 3013 3752 3080 πνεύματι.

2084 3099 2434 3170 Πνευματικά
2470 3100 2601 3169 γὰρ,
2636 3100 2822 3169 φησὶν,
2853 3097 2993 3152 ἔστω
3030 3099 3184 3170 ὑμῶν
3220 3098 3290 3151 τά
3328 3100 3622 3169 αἰτήματα,
3658 3116 3757 3170 νη-

2085 3187 2232 3258 φέτω
2262 3189 2291 3241 6
2333 3187 2611 3256 λογισμὸς,
2649 3185 3004 3240 συντεινέσθω
3037 3189 3070 3257 ἡ
3117 3187 3322 3241 διάνοια
3363 3189 3475 3251 τοῖς
3526 3187 3756 3257 λεγομέ-

2084 3290 2215 3337 νοις.
2255 3272 2494 3327 Τοιαῦτα
2522 3271 2778 3335 αἰτείσθε,
2809 3267 2895 3325 οἷα
2924 3271 3070 3335 εἰκὸς
3098 3272 3248 3343 παρὰ
3276 3272 3371 3326 τοῦ
3396 3273 3529 3327 Θεοῦ
3560 3275 3752 3336 αἰτεῖν,

2086 3361 2175 3415 ἵνα
2204 3359 2431 3414 καὶτῶν
2457 3359 2794 3429 αἰτουμένων
2823 3359 3116 3430 ἐπιτύχητε
3135 3376 3148 3391 ’
3190 3361 3285 3413 καὶ
3319 3364 3400 3423 εἰς
3432 3361 3562 3414 αὐτὸ
3586 3362 3758 3431 ἀγρυ-

2087 3445 2257 3516 πνῆτε
2302 3445 2735 3517 διεγηγερμένοι,
2769 3446 3050 3515 νήφοντες,
3096 3445 3458 3516 ἐγρηγορότες
3494 3445 3593 3516 τὴν
3636 3447 3756 3500 διά-

2086 3550 2253 3596 νοιαν,
2286 3534 2360 3605 μὴ
2395 3532 2770 3604 χασμώμενοι,
2820 3533 2915 3586 καὶ
2954 3531 3243 3603 κνώμενοι,
3276 3534 3370 3585 καὶ
3399 3527 3497 3587 ὧδε
3532 3535 3756 3588 κάκεῖσε

2086 3620 2178 3674 τὸν
2217 3619 2477 3690 λογισμὸν
2510 3620 2917 3692 περιαγόμενοι,
2952 3620 3088 3674 ἀλλά
3124 3620 3263 3690 μετά
3291 3619 3458 3688 φόϐου
3501 3620 3594 3673 καὶ
3632 3620 3758 3692 τρό-

2093 3725 2194 3779 μου
2213 3708 2310 3779 τὴν
2331 3709 2538 3761 ἑαυτῶν
2561 3707 2830 3779 σωτηρίαν
2856 3707 3280 3780 κατεργάζεσθε.
3304 3706 3602 3777 Μακάριος
3625 3706 3754 3777 γὰρ,

2091 3798 2276 3869 φησὶν,
2312 3795 2375 3864 ὃς
2405 3796 2819 3864 καταπτήσσει
2875 3797 3073 3852 πάντα
3105 3797 3179 3850 δι’
3223 3797 3559 3851 εὐλάϐειαν.
3598 3798 3758 3865 Μέγα

2089 3883 2295 3953 ἀγαθὸν
2326 3886 2359 3954 ἡ
2392 3885 2543 3954 εὐχή.
2575 3886 2636 3938 Εἰ
2665 3884 2776 3955 γὰρ
2810 3883 3084 3956 ἀνθρώπῳ
3118 3902 3202 3948 τις
3229 3883 3608 3954 διαλεγόμενος
3636 3886 3759 3936 ένα-

2096 3971 2255 4042 ρέτῳ,
2286 3972 2347 4025 οὐ
2401 3971 2604 4042 μικράν
2634 3971 2693 4037 ἐξ
2740 3970 2906 4025 αὐτοῦ
2941 3970 3246 4041 καρποῦται
3274 3969 3370 4040 τὴν
3406 3969 3694 4039 ὠφέλειαν,
3729 3971 3759 4023 6

2090 4057 2213 4128 Θεῷ
2244 4058 2586 4125 διαλέγεσθαι
2635 4057 2990 4122 καταξιωθεὶς
3045 4057 3226 4110 πόσων
3264 4058 3365 4110 οὐκ
3391 4057 3757 4113 ἀπολαύσεται

2090 4145 2200 4199 τῶν
2222 4145 2476 4214 ἀγαθῶν;
2513 4147 2579 4198 Ἡ
2613 4146 2721 4217 γὰρ
2746 4144 2877 4215 εὐχὴ
2915 4143 3144 4208 διάλεξίς
3177 4147 3291 4197 ἐστι
3317 4145 3453 4214 πρὸς
3484 4145 3575 4197 τὸν
3601 4146 3756 4201 Θεόν.

2092 4234 2202 4288 Καὶ
2228 4233 2313 4287 ἵνα
2356 4234 2552 4307 μάθῃς,
2594 4234 2755 4288 ἄκουε
2789 4233 2882 4287 τοῦ
2933 4234 3211 4305 προφήτου
3251 4232 3518 4300 λέγοντος,
3551 4233 3745 4288 Ἡδυν·

2093 4322 2218 4390 θείη
2237 4320 2315 4386 τῷ
2333 4319 2455 4386 Θεῷ
2477 4323 2514 4389 ἠ
2529 4320 2777 4390 διαλογή
2796 4338 2915 4390 μου
2932 4319 3085 4391 1502]
3129 4319 3272 4373 τοῦτ’
3290 4320 3454 4381 ἔστιν,
3473 4322 3507 4390 ἡ
3527 4320 3761 4386 διάλεξίς

2096 4427 2196 4480 μου
2225 4410 2381 4479 ἡδεῖα
2421 4410 2612 4480 φανείη
2641 4408 2719 4479 τῷ
2752 4407 2890 4477 Θεῷ.
2935 4409 3026 4480 Μὴ
3055 4410 3162 4481 γὰρ
3193 4408 3287 4462 καὶ
3312 4409 3440 4480 πρὶν
3465 4408 3498 4479 ἡ
3523 4410 3757 4480 αἰτήσωο

2096 4511 2215 4564 μεν,
2249 4495 2349 4548 οὐκ
2375 4494 2604 4563 ἠδύνατο
2625 4496 2924 4566 παρασχεῖν
2947 4510 2962 4559 ;
3000 4493 3158 4547 Ἀλλά
3184 4493 3272 4548 διὰ
3301 4494 3462 4548 τοῦτο
3478 4494 3757 4564 ἀναμένει,

2093 4581 2181 4633 ἴνα
2219 4581 2472 4652 ἀφορμὴν
2503 4580 2640 4651 λάϐῃ
2672 4582 2800 4651 παρ’
2833 4579 2988 4651 ἡμῶν
3016 4580 3109 4633 τοῦ
3151 4578 3371 4642 δικαίως
3399 4581 3547 4651 ἡμᾶς
3575 4578 3758 4644 ἀξιοῦν

2092 4668 2191 4738 τῆς
2214 4668 2344 4739 παρ’
2393 4667 2558 4722 αὐτοῦ
2592 4667 2866 4739 προνοίας.
2917 4666 3035 4721 Κᾶν
3062 4666 3405 4737 ἐπιτύχωμεν
3448 4668 3625 4721 τοίνυν
3652 4667 3759 4722 τῶν

2094 4754 2449 4825 αἰτηθέντων,
2492 4752 2594 4807 κᾶν
2620 4753 2695 4823 μὴ
2732 4752 3100 4822 ἐπιτύχωμεν,
3137 4751 3541 4822 παραμένωμεν
3572 4755 3639 4823 τῇ
3676 4755 3747 4806 αί-

2093 4842 2270 4912 τήσει,
2321 4840 2415 4894 καὶ
2466 4840 2541 4910 μὴ
2608 4839 2766 4910 μόνον
2811 4838 3262 4909 ἐπιτυγχάνοντες
3326 4839 3758 4909 εὐχαριστῶμεν,

2094 4928 2231 4982 ἀλλά
2278 4928 2372 4981 καὶ
2411 4927 2897 4995 ἀποτυγχάνοντες.
2948 4926 3022 4978 Τὸ
3068 4924 3177 4997 γὰρ
3222 4927 3531 4996 ἀποτυχεῖν,
3563 4926 3692 4979 ὅταν
3733 4927 3758 4981 6

2094 5015 2228 5079 Θεὸς
2264 5014 2539 5085 βούληται,
2581 5014 2680 5066 οὐκ
2718 5012 2944 5067 ἔλασσόν
2986 5015 3103 5066 ἐστι
3146 5011 3240 5065 τοῦ
3284 5014 3577 5084 ἐπιτυχεῖν.
3624 5010 3767 5067 Οὑδέ

2094 5102 2203 5176 γὰρ
2230 5103 2389 5173 ίσμεν
2426 5100 2496 5154 τά
2524 5102 2686 5172 ἡμεῖς
2716 5100 3064 5171 συμφέροντα
3107 5102 3238 5171 ἡμῖν
3274 5099 3465 5165 οὕτως,
3496 5100 3573 5163 ὡς
3599 5099 3758 5163 αὐτὸς

2103 5191 2412 5244 ἐπίσταται.
2440 5188 2602 5240 Ὥστε
2630 5183 2746 5253 οὖν,
2795 5186 2897 5241 κᾶν
2922 5186 3286 5257 ἐπιτύχωμεν,
3321 5186 3425 5240 κᾶν
3473 5186 3759 5257 ἀποτύχω-

2098 5295 2218 5350 μεν,
2250 5276 2588 5348 εὐχαριστεῖν
2614 5276 2918 5347 ὀφείλομεν.
2967 5275 3076 5329 Καὶ
3098 5275 3152 5327 τί
3179 5274 3477 5344 θαυμάζεις
3513 5274 3563 5327 εἰ
3601 5276 3760 5346 ἡμεῖς

2094 5373 2196 5427 οὐκ
2224 5371 2383 5442 ῐσμεν
2407 5371 2477 5425 τά
2503 5370 2883 5442 συμφέροντας
2920 5367 3131 5431 Παῦλος
3158 5367 3187 5418 ό
3209 5366 3461 5430 τοσοῦτος
3496 5366 3589 5420 καὶ
3609 5366 3758 5438 τηλι-

2096 5464 2309 5529 κοῦτος,
2338 5467 2368 5519 6
2392 5464 2502 5518 τῶν
2527 5465 2854 5535 ἀπορρήτων
2898 5461 3121 5515 ἐκείνων
3159 5460 3431 5527 ἀξιωθεὶς,
3480 5461 3664 5532 ἡγνόει
3695 5461 3760 5515 τὸ

2101 5557 2176 5629 μὴ
2214 5555 2563 5627 συμφέροντα
2602 5555 2790 5610 αἰτῶν.
2827 5554 3044 5625 Ἐπειδὴ
3094 5554 3203 5626 γὰρ
3236 5553 3382 5625 ἐώρα
3433 5554 3625 5610 ἑαυτὸν
3668 5559 3756 5610 κυο

2097 5647 2392 5721 κλούμενον
2424 5648 2529 5702 ὑπὸ
2573 5648 2682 5703 τῶν
2711 5647 2903 5702 δεινῶν
2946 5648 3041 5703 καὶ
3083 5647 3192 5703 τῶν
3218 5646 3533 5720 ἐπαλλήλων
3569 5666 3760 5721 πειρα-

2100 5742 2275 5816 σμῶν,
2311 5740 2514 5812 ηὔξατο
2540 5739 2746 5796 τούτων
2776 5728 3176 5813 ἀπαλλαγῆναι,
3226 5742 3321 5796 καὶ
3352 5742 3450 5811 οὐχ
3474 5740 3621 5806 ἅπαξ
3643 5743 3759 5795 οὐδὲ

2099 5837 2370 5909 δεύτερον,
2399 5833 2535 5889 ἀλλά
2580 5834 2674 5888 καὶ
2717 5834 2996 5899 πολλάκις.
3032 5835 3237 5903 Τρίτον
3287 5835 3415 5905 γὰρ,
3459 5834 3611 5904 φησὶ,
3660 5834 3761 5887 τὸν

2103 5925 2322 5997 Κύριον
2345 5925 2749 5996 παρεκάλεσα.
2774 5926 2847 5982 Τὸ
2877 5926 2933 5981 δὲ
2964 5926 3192 5995 Τρίτον,
3226 5925 3482 5987 πολλάκις
3522 5921 3768 5991 παρεκά-
