4078 6412
327 490 509 561 rogaui
537 489 615 561 (2.
641 489 762 548 Car.
793 491 882 548 12.
906 492 984 563 8).
1012 488 1140 559 Ter,
1168 492 1225 548 id
1248 503 1361 559 est,
1407 497 1616 550 vocavit
1661 511 1807 566 saepe
1850 507 1907 552 et

327 598 438 639 non
469 584 791 655 impetravit.
818 586 1107 642 Videamus
1127 602 1254 658 ergo
1276 589 1545 658 quomodo
1563 587 1784 645 aﬂ‘crtus
1799 588 1913 643 fue-

328 676 421 730 rit.
448 673 586 731 Num
612 675 873 745 gravatim
901 678 1051 732 tulit?
1082 694 1209 732 num
1234 679 1447 750 segnior
1473 678 1611 733 fuit?
1638 695 1765 734 num
1808 680 1914 735 ob-

330 765 569 833 torpuit.’
606 766 842 821 Minime.
872 766 978 822 Sed
1004 768 1130 837 quid
1153 767 1365 838 inquit?
1400 769 1537 823 Dixit
1567 787 1580 825 :
1612 768 1808 841 Suﬂicit
1829 769 1917 823 tibi

334 856 502 924 gratia
530 871 663 910 mea.
716 855 893 911 Virtus
935 858 1068 913 enim
1098 874 1212 911 mea
1236 858 1292 913 in
1317 859 1611 927 inﬁrmitate
1658 860 1918 930 perﬁcitur

331 944 499 1016 (Ibid.
531 962 582 1002 ν.
608 947 688 1017 9).
717 949 830 1003 Non
855 950 1026 1004 solum
1056 965 1160 1005 non
1189 950 1432 1007 liberavit
1467 951 1616 1007 illum
1636 953 1918 1021 prmseuti-

332 1037 437 1092 bus
461 1039 638 1102 malis,
684 1040 784 1096 sed
814 1041 867 1095 in
917 1042 1048 1111 ipsis
1077 1057 1420 1112 perseverare
1452 1044 1714 1113 permisit.
1750 1045 1876 1099 Esto
1902 1061 1916 1098 :

334 1127 434 1185 sed
481 1128 902 1186 undediscimus
927 1147 1051 1186 eum
1093 1148 1200 1187 non
1248 1135 1481 1202 graviter
1518 1134 1744 1189 tulisse?
1780 1132 1918 1189 Audi

336 1217 560 1277 Paulum
579 1220 869 1289 dicentem,
920 1231 1201 1293 postquam
1230 1223 1415 1279 didicit
1437 1239 1504 1278 ea
1527 1240 1648 1294 qua:
1693 1224 1920 1279 Domino

334 1308 530 1378 placita
567 1318 724 1365 erant
750 1328 767 1366 :
794 1309 1031 1367 Libenter
1054 1314 1211 1385 igitur
1232 1314 1494 1384 gloriabor
1519 1316 1574 1370 in
1606 1315 1918 1385 infirmitati-

334 1399 430 1453 bus
452 1401 596 1455 meis.
624 1400 742 1455 Non
784 1403 978 1467 solum,
1014 1402 1206 1472 inquit,
1255 1403 1508 1475 deinceps
1546 1405 1760 1459 liberari
1812 1420 1919 1464 non

336 1491 572 1560 requiro,
599 1493 692 1548 sed
717 1494 980 1564 etmajori
1005 1497 1273 1565 voluptate
1298 1496 1567 1566 glorialmr
1584 1498 1640 1550 in
1663 1496 1791 1551 illis.
1831 1497 1921 1551 Vi-

336 1578 463 1634 disti
484 1589 690 1649 gratam
714 1582 989 1637 animum?
1033 1584 1210 1638 vidisti
1229 1584 1349 1653 ejus
1374 1585 1425 1639 in
1456 1586 1621 1639 Deum
1651 1586 1922 1641 aurorem?

336 1667 477 1723 Audi
496 1670 657 1727 etiam
675 1671 941 1726 dicentem
968 1689 985 1727 :
1024 1672 1161 1737 Quid
1189 1677 1321 1727 enim
1345 1690 1611 1744 precemur
1629 1685 1683 1728 ut
1704 1684 1920 1746 oportet,

338 1760 586 1815 nescimus
615 1761 792 1832 (Rom.
812 1763 873 1819 8.
893 1763 1007 1834 26).
1034 1764 1391 1836 ‘Impossibile,
1439 1767 1632 1837 inquit,
1656 1777 1761 1833 est,
1799 1783 1921 1823 cum

341 1864 442 1905 nos
469 1853 712 1907 homines
765 1854 952 1921 simus,
998 1855 1177 1909 omina
1207 1864 1355 1909 cuto
1397 1857 1557 1911 scire.
1600 1856 1924 1926 Relinqueno

340 1942 466 1997 dum
497 1958 626 2013 ergo
665 1945 768 2000 hoc
790 1955 872 2000 est
902 1946 1148 2001 omnium
1192 1946 1512 2012 Conditori;
1554 1947 1924 2015 suntettdaque

335 2043 466 2090 sunt
495 2050 619 2089 cum
643 2036 837 2105 gaudio
858 2046 913 2092 et
951 2037 1221 2107 voluptate
1234 2050 1588 2106 quacumque
1610 2037 1725 2106 ipse
1749 2036 1927 2091 \olur-

343 2124 458 2191 rit;
490 2140 591 2180 nec
634 2126 984 2196 spectandum
1012 2128 1079 2185 ad
1133 2127 1369 2195 speciem
1411 2141 1598 2181 eorum
1644 2142 1769 2196 quae
1796 2143 1924 2182 eve-

343 2215 516 2280 niunt,
538 2215 632 2271 sed
657 2216 789 2286 quid
816 2227 1091 2287 acceptum
1116 2217 1182 2270 sit
1208 2216 1451 2270 Domino.
1473 2216 1572 2284 Qui
1593 2218 1738 2272 enim
1758 2217 1927 2286 magis

342 2306 444 2360 scit
474 2304 604 2375 quid
628 2305 780 2363 nobis
804 2308 991 2377 prosit,
1016 2321 1174 2377 quam
1204 2306 1302 2376 ipsi
1330 2320 1450 2373 nos,
1471 2306 1586 2377 ipse
1608 2306 1764 2365 novit
1789 2322 1926 2376 quo-

344 2396 504 2453 modo
528 2396 672 2453 salus
692 2408 874 2454 nostra
899 2396 1154 2467 iuranda.

414 2483 469 2537 6.
506 2484 757 2540 Nostrum
788 2501 917 2557 ergo
962 2501 1123 2541 unum
1170 2485 1239 2539 sit
1281 2499 1435 2556 opus,
1464 2485 1734 2540 continuis
1794 2485 1927 2539 insi-

343 2583 487 2630 stere
515 2576 780 2645 precibus,
812 2587 868 2632 et
895 2590 1002 2633 non
1034 2592 1179 2646 :rgre
1220 2576 1360 2631 ferre
1397 2576 1442 2633 si
1470 2577 1745 2631 differatur
1787 2577 1928 2646 quod

346 2664 600 2732 petimus,
648 2666 743 2721 sed
793 2666 1013 2723 multum
1054 2667 1363 2736 patientiam
1413 2666 1688 2723 exhibere.
1739 2666 1923 2736 Neque

347 2753 490 2809 enim
534 2755 776 2814 abnuens
802 2771 988 2825 preces
1032 2765 1241 2815 nostras
1262 2755 1445 2815 dil'l'crt
1489 2774 1502 2811 :
1543 2757 1637 2813 sed
1683 2757 1783 2815 hac
1816 2767 1933 2813 arte

345 2844 562 2901 sedulos
584 2860 683 2903 nos
707 2844 973 2912 efﬁciens,
1016 2846 1084 2903 ad
1112 2846 1455 2916 semetipsum
1484 2854 1736 2916 perpetuo
1762 2855 1932 2905 attra-

349 2935 478 2992 here
508 2939 638 2991 vult.
678 2937 811 2992 Nam
850 2948 902 2999 et
930 2947 1083 3008 pater
1111 2937 1275 3008 prolis
1316 2952 1503 2993 amans
1530 2953 1652 2992 cum
1699 2952 1729 2992 a
1766 2951 1934 3007 puero

346 3036 582 3098 rogatur,
604 3028 817 3095 abnuit,
841 3043 945 3084 nou
986 3027 1128 3099 Quod
1157 3028 1288 3084 dare
1326 3029 1480 3093 nolit,
1523 3029 1617 3083 sed
1645 3038 1702 3087 ut
1725 3028 1793 3084 ad
1819 3027 1932 3084 diu-

348 3118 454 3172 tius
473 3116 790 3174 adstantium
817 3119 1107 3190 pertrahat.
1136 3116 1264 3175 llaec
1287 3120 1466 3188 itaque
1496 3119 1727 3175 scientes
1746 3133 1813 3177 ne
1833 3118 1933 3175 de-

348 3224 650 3280 speremus,
668 3227 737 3268 ue
756 3227 1030 3269 cessemus
1045 3226 1167 3266 eum
1188 3210 1336 3266 adire
1349 3253 1365 3279 ,
1395 3222 1452 3267 et
1477 3226 1664 3282 preces
1690 3211 1933 3269 fundere.

349 3305 557 3360 Etenim
583 3305 628 3358 si
648 3305 919 3361 crudelem
940 3316 995 3361 et
1019 3305 1367 3363 inhumanum
1389 3305 1538 3360 illum
1564 3306 1823 3376 judicem,
1842 3305 1932 3376 qui

347 3420 521 3477 neque
540 3407 707 3464 Deum:
727 3404 966 3472 timebat,
988 3406 1225 3463 mulieris
1239 3401 1495 3459 sedulitas
1512 3398 1707 3470 coegit,
1726 3408 1781 3454 et
1810 3412 1936 3468 pro-

348 3499 555 3552 vocavit
573 3507 631 3554 ut
653 3496 755 3553 sibi
780 3504 1115 3552 succurreret
1138 3494 1293 3567 (Luc.
1318 3490 1480 3549 183.
1507 3507 1613 3562 sqq.
1638 3492 1658 3561 )
1691 3507 1706 3543 :
1737 3497 1936 3559 quanto

346 3590 517 3660 magis
558 3603 695 3657 nos,
737 3589 785 3644 si
824 3588 1151 3644 voluerimus
1198 3588 1340 3642 illam
1386 3584 1580 3641 imitari
1630 3581 1933 3646 mulierem,

346 3678 420 3735 ad
468 3679 834 3750 opitulandum
877 3679 1033 3735 nobis
1060 3677 1470 3749 provocabimus
1498 3682 1833 3733 mansuetqu
1879 3679 1937 3726 et

344 3772 750 3830 misericordem
781 3783 1023 3828 nostrum
1066 3770 1372 3836 Dominum,
1405 3766 1837 3839 conmatieutem,
1879 3769 1940 3823 et

347 3862 416 3919 ad
443 3863 671 3918 salutem
700 3872 937 3920 nostram
961 3860 1368 3920 occurrentem?
1393 3858 1503 3918 Nos
1530 3872 1661 3928 ergo
1685 3856 1933 3915 institas»-

348 3968 492 4019 mus,
542 3964 600 4009 ut
630 3954 848 4013 difficile
893 3954 1220 4023 avellamur,
1275 3960 1331 4009 et
1374 3960 1633 4023 perpetuo
1688 3948 1939 4019 precibus

350 4044 741 4111 incumbamus,
770 4054 877 4100 tam
902 4046 1010 4112 die,
1033 4060 1193 4116 quam
1219 4049 1410 4106 noctu;
1433 4041 1541 4095 imo
1559 4040 1729 4109 magis
1753 4046 1941 4104 noctu,

340 4136 567 4207 quando
586 4137 767 4196 nullus
792 4137 1129 4202 interturbat,
1159 4133 1376 4206 quando
1417 4146 1609 4201 magna
1658 4130 1937 4200 cogimus-

352 4244 481 4283 num
526 4228 914 4298 tranquiliitas,
966 4227 1182 4299 quando
1228 4224 1406 4282 nullus
1457 4222 1602 4279 domi
1651 4219 1933 4285 tumultus.

348 4320 566 4390 quando
618 4322 794 4376 nullus
831 4328 917 4377 est
940 4321 1029 4391 qui
1056 4320 1128 4374 ab
1154 4333 1371 4377 accessu
1392 4315 1669 4389 prohibeat
1692 4325 1747 4371 et
1768 4312 1938 4391 abdit-

350 4422 460 4481 cat,
485 4413 700 4484 quando
720 4422 904 4469 erecta
922 4390 1078 4469 mens
1097 4410 1275 4468 omnia
1308 4410 1592 4480 diligenter
1618 4405 1822 4463 referre
1841 4390 1941 4474 po-

356 4512 464 4560 test
486 4504 785 4560 animarum
814 4504 1045 4560 medico.
1072 4504 1132 4559 Si
1178 4502 1323 4558 enim
1373 4502 1560 4556 beatus
1608 4497 1796 4563 David,
1847 4511 1942 4554 rex

353 4597 514 4652 sisqu
529 4612 592 4654 ac
617 4597 895 4668 propheta,
913 4597 1074 4653 tantis
1102 4594 1387 4667 implicitus
1422 4591 1670 4663 negotiis,
1701 4603 1939 4661 purpura

348 4697 411 4744 et
436 4687 738 4745 diademate
765 4690 991 4743 amictus
1013 4727 1029 4754 ,
1061 4687 1201 4743 dicat
1231 4705 1246 4742 :
1274 4685 1448 4741 Medis
1489 4691 1635 4743 nocte
1677 4679 1942 4751 surgebam

350 4781 424 4833 ad
441 4780 782 4849 conﬁtendum
804 4779 892 4835 tibi
910 4794 1062 4852 super
1065 4778 1268 4850 judicia
1281 4776 1498 4848 iustitia:
1511 4783 1611 4828 tua!
1638 4770 1840 4844 (PsaM
1857 4770 1940 4826 l8.

355 4870 449 4940 62)
484 4888 511 4926 :-
528 4869 656 4941 quid
686 4884 784 4925 nos
811 4870 1048 4927 dicemus
1073 4870 1165 4939 qui
1192 4868 1447 4938 privatam
1490 4874 1547 4921 et
1593 4863 1818 4921 otiosam
1862 4866 1942 4914 vi-

352 4969 469 5016 tam
491 4960 720 5030 agimus,
773 4974 950 5028 neque
1000 4958 1187 5014 eadem
1215 4972 1336 5027 quae
1382 4956 1474 5014 ille
1509 4950 1773 5011 facimus?
1810 4949 1942 5005 Nam

367 5065 494 5107 cum
510 5051 567 5105 in
593 5048 682 5105 die
706 5048 891 5107 multis
905 5048 1334 5105 circumdaretur
1373 5045 1539 5107 curis,
1586 5043 1812 5113 negotiis
1828 5083 1846 5109 ,
1891 5051 1947 5097 et

354 5144 698 5211 tuumltibus,
720 5159 819 5200 nec
838 5151 1052 5213 tempus
1074 5143 1339 5201 inveniret
1358 5150 1543 5211 aptum
1563 5153 1662 5197 suo
1683 5139 1749 5194 ad
1777 5138 1945 5195 Deum

356 5235 623 5299 secessui,
655 5235 1049 5306 tranquillitatis
1072 5245 1305 5305 tempus,
1343 5232 1485 5302 quod
1509 5232 1600 5289 alii
1624 5246 1815 5289 somno
1840 5231 1944 5286 im-

361 5326 603 5395 pendunt
626 5328 680 5383 in
725 5328 974 5383 mollibus
1007 5327 1190 5385 stratis
1214 5325 1608 5392 recumbentes,
1639 5334 1693 5380 et
1720 5323 1845 5381 hinc
1890 5331 1947 5379 et

360 5417 489 5474 inde
526 5434 587 5475 se
611 5430 907 5489 versantes,
946 5435 1043 5477 rex
1085 5421 1247 5476 tantis
1284 5418 1560 5477 districtus
1584 5417 1750 5476 curis.
1786 5430 1943 5471 acce-

359 5508 525 5565 dendi
551 5507 617 5564 ad
642 5510 807 5565 Deum
829 5519 1038 5581 tempus
1057 5509 1305 5575 faciebat,
1329 5508 1552 5566 seorsim
1575 5506 1942 5575 Deoioquens,

331 5609 421 5655 .et
462 5602 688 5657 silicem
731 5601 1054 5671 intentatque
1080 5599 1372 5671 precationi
1413 5598 1644 5663 deditus,
1695 5596 1944 5666 perﬁcio-

363 5692 458 5749 ιω
483 5705 834 5762 quaternisque
877 5690 1124 5758 volebat;
1161 5699 1218 5746 et
1263 5689 1596 5751 orationibus
1642 5687 1757 5745 suis
1802 5686 1944 5743 bella

362 5783 707 5855 conﬁciebat,
750 5791 1060 5857 tropcaqns
1081 5790 1349 5855 statuens,
1400 5781 1676 5847 uictorias)
1705 5779 1945 5843 vicer

1353 383 1423 443 ΙΝ
1456 385 1616 447 CAP.
1654 384 1748 445 ιι.
1788 385 2031 446 GENES.
2072 383 2306 444 HOIlL.
2344 383 2540 441 XXXI.

3490 374 3602 430 ξω

2020 498 2323 569 copulabat.
2366 496 2563 552 Habuit
2585 493 2729 552 enim
2754 493 2949 550 invicta
2970 506 3138 562 arma,
3184 503 3417 563 superna
3458 490 3604 544 scili-

2017 600 2106 645 cet
2130 588 2397 659 prmsidia,
2430 602 2549 657 quae
2594 600 2702 642 non
2726 586 2898 641 solum
2922 586 2988 641 ad
3015 585 3244 640 humana
3270 583 3406 639 bella
3433 580 3602 636 conli—

2016 678 2208 737 cicada
2234 678 2525 745 sufﬁciunt,
2549 677 2644 734 sed
2659 678 2820 733 etiam
2836 677 2903 732 ad
2921 678 3225 733 dmuumum
3248 674 3496 730 cohortes
3516 671 3604 724 fu—

2021 770 2245 842 gandas.
2276 769 2440 840 Igitur
2466 777 2522 824 et
2544 783 2641 823 nos
2668 768 2812 824 hunc
2833 768 3111 823 imitemur
3126 765 3319 837 privati
3342 773 3391 821 et
3422 761 3600 815 idiotas

2016 876 2222 932 metu,
2262 861 2351 932 qui
2375 860 2600 915 otiosam
2630 867 2690 915 et
2729 860 2965 929 quietam
3011 861 3172 910 vitam
3225 857 3599 923 agimus,eum

2014 952 2115 1024 qui
2166 952 2224 1007 in
2266 965 2502 1022 purpura
2547 958 2607 1006 ct
2648 949 2952 1007 diademate
3003 946 3385 1002 monachorum
3438 947 3602 997 vitam

2016 1044 2450 1100 transcendebat.
2474 1041 2612 1098 Audi
2637 1041 2781 1098 enim
2798 1055 2923 1095 eum
2944 1039 3135 1095 iterum
3160 1034 3287 1091 alibi
3314 1033 3601 1088 dicentem:

2021 1134 2202 1191 Factis
2247 1145 2367 1189 sunt
2406 1135 2537 1189 mihi
2575 1134 2814 1204 lacrymta
2852 1147 2979 1186 utere
3026 1145 3185 1201 panes
3226 1129 3313 1182 die
3353 1142 3416 1179 ac
3465 1134 3609 1178 nocte

2018 1224 2197 1296 (Psal.
2223 1227 2314 1281 41.
2344 1225 2424 1298 4).
2474 1224 2664 1281 Vidisti
2696 1224 2930 1280 animum
2955 1222 3013 1276 in
3040 1221 3292 1279 continua
3339 1231 3605 1288 compun-

2017 1319 2237 1375 ctioue?
2264 1318 2526 1373 Alimouia
2550 1331 2691 1384 mea,
2712 1316 2905 1386 inquit,
2931 1314 3081 1384 panis
3101 1325 3277 1374 sucus,
3298 1309 3604 1364 convivium

2019 1424 2204 1465 meum
2238 1409 2370 1464 nihil
2399 1407 2541 1463 aliud
2558 1416 2716 1463 erant
2734 1421 2896 1476 «am
2923 1405 3175 1476 lacrymae
3201 1412 3307 1456 tam
3336 1400 3423 1455 die
3445 1412 3606 1468 quum

2024 1509 2201 1555 nocte.
2229 1498 2299 1553 Et
2318 1500 2512 1554 iterum
2546 1514 2561 1552 :
2586 1496 2834 1551 laboravi
2861 1496 2915 1549 in
2935 1494 3121 1566 gemitu
3145 1507 3275 1557 meo,
3306 1489 3483 1543 Ιαυιιὺυ
3517 1502 3608 1555 per

2023 1590 2252 1661 singulas
2296 1600 2465 1644 noctes
2493 1590 2672 1645 lectum
2710 1603 2878 1641 uacum
2902 1584 3078 1657 (Paul.
3104 1583 3163 1638 6.
3186 1579 3421 1653 ‘7).Quid
3460 1578 3608 1635 dicc-

2022 1694 2167 1744 mus,
2194 1681 2279 1734 vel
2309 1679 2435 1750 quid
2463 1676 2926 1748 respondebimus,
2956 1674 3046 1745 qui
3074 1687 3249 1742 neque
3299 1685 3420 1727 eam
3461 1683 3609 1723 com—-

2023 1772 2367 1841 [uinctiouem
2394 1769 2649 1826 exhibere
2667 1769 2934 1831 volumus,
2957 1780 3118 1835 quam
3141 1778 3237 1818 rex
3263 1769 3339 1815 tot
3358 1760 3612 1828 obseptus

2024 1861 2253 1930 negotiis
2276 1860 2561 1915 exhilmitl
2586 1858 2874 1926 Quidnam,
2898 1856 3004 1922 die,
3034 1871 3152 1919 oro,
3172 1854 3343 1909 oculis
3373 1851 3479 1905 illis
3500 1849 3611 1904 for-

2022 1951 2226 2006 mosius
2254 1959 2515 2020 perpetuo
2541 1950 2895 2021 lacrymarum
2920 1947 3117 2007 imbre.
3143 1955 3199 2005 et
3223 1945 3375 2015 quasi
3405 1957 3614 2010 marga-

2024 2045 2248 2099 ritarum
2267 2044 2467 2098 decore
2489 2043 2724 2097 ornatis?
2742 2029 2945 2095 Vidisti
2976 2054 3157 2109 regem
3181 2077 3198 2104 ,
3224 2037 3318 2106 qui
3366 2033 3613 2088 noctibus

2026 2144 2187 2205 atque
2206 2135 2399 2190 diebus
2417 2133 2672 2204 lacrymis
2700 2130 3053 2202 precibusque
3084 2128 3298 2183 deditus
3322 2125 3420 2180 fuit
3447 2142 3462 2178 :
3491 2138 3615 2194 spe-

2024 2234 2112 2281 cta
2137 2233 2194 2280 et
2238 2224 2516 2280 doctorem
2556 2224 2706 2279 orbis
2752 2222 2807 2277 in
2849 2235 3067 2279 carcere
3106 2217 3466 2288 compeditum
3507 2230 3612 2270 una

2024 2330 2150 2371 cum
2171 2315 2305 2381 Sila,
2332 2324 2387 2370 et
2412 2322 2654 2370 orantem
2677 2323 2784 2368 tota
2812 2321 2989 2379 nocte,
3020 2325 3195 2380 neque
3219 2309 3422 2372 dolore,
3441 2321 3615 2376 neque

2029 2406 2258 2461 vinculis
2282 2405 2575 2476 prohiberi,
2616 2403 2713 2459 sed
2742 2417 2809 2463 co
2836 2402 3005 2472 magis
3029 2400 3296 2471 ingentem
3324 2397 3614 2453 fervidum-

2025 2514 2137 2569 que
2161 2513 2398 2553 amorem
2417 2497 2693 2553 declarare
2718 2510 2845 2565 erga
2873 2493 3157 2550 hominum
3187 2509 3201 2545 :
3228 2490 3425 2543 Paulus
3446 2488 3614 2552 enim,

2033 2590 2233 2661 inquit,
2269 2597 2322 2642 et
2345 2587 2485 2644 Silus
2508 2588 2674 2642 media
2715 2595 2859 2640 nocte
2900 2592 3104 2640 orantes
3138 2580 3413 2635 laudabant
3458 2577 3618 2631 Deum

2030 2681 2281 2761 (destiti.
2310 2678 2425 2749 25).
2456 2677 2621 2733 David
2646 2677 2698 2732 in
2737 2689 2903 2747 regno
2922 2683 2980 2729 et
3027 2672 3327 2729 diademate
3369 2668 3620 2742 lacrymis

2029 2781 2088 2827 et
2112 2773 2360 2842 precibus
2385 2780 2549 2826 totam
2568 2770 2728 2827 vitam
2753 2766 3089 2832 insumebat;
3111 2763 3416 2835 Apostolus,
3442 2762 3533 2831 qui
3562 2761 3614 2813 iu

2032 2864 2250 2918 tertium
2278 2862 2471 2918 caelum
2499 2871 2703 2929 raptus,
2724 2859 2810 2914 cui
2852 2870 3048 2913 arcana
3082 2863 3210 2911 sunt
3233 2854 3466 2911 revelata
3500 2865 3619 2922 my-

2030 2953 2409 3019 steria,media
2422 2963 2587 3012 nocte
2602 2952 2655 3007 iu
2669 2949 2896 3005 vinculis
2922 2962 3109 3018 preces
3133 2956 3189 3001 et
3214 2944 3399 3004 laudes
3426 2944 3621 2999 odere-

2033 3040 2128 3096 bat
2150 3040 2407 3107 Domino;
2434 3048 2492 3096 et
2530 3055 2629 3096 rex
2668 3039 2845 3095 niedia
2874 3048 3031 3093 nocte
3058 3034 3460 3106 expergefactus
3485 3047 3619 3087 cou-

2038 3132 2310 3199 fitehatur,
2336 3140 2394 3187 et
2416 3131 2643 3204 apostoli
2667 3130 2842 3185 media
2874 3138 3034 3185 nocte
3052 3128 3329 3183 continuas
3359 3138 3544 3195 preces
3566 3130 3623 3178 et

2037 3223 2222 3280 laudes
2241 3223 2551 3279 reddebant.
2585 3222 2710 3278 illos
2739 3222 3010 3276 imitemur
3056 3228 3111 3280 et
3146 3232 3265 3285 nos,
3312 3226 3366 3272 et
3392 3230 3611 3286 precum

2036 3315 2352 3372 assiduitate
2375 3315 2537 3370 vitam
2566 3323 2804 3370 nostram
2850 3312 3175 3376 muniamus,
3205 3318 3259 3364 et
3282 3308 3486 3365 nullum
3524 3321 3624 3360 no-

2037 3407 2120 3463 bis
2155 3422 2413 3477 omquasu
2451 3406 2557 3465 erit
2582 3404 2937 3463 obstaculum.
2980 3401 3121 3457 Nihil
3162 3401 3305 3455 enim
3350 3409 3436 3454 cst
3479 3397 3623 3468 quod

2032 3499 2229 3555 obesse
2255 3496 2410 3552 nobis
2447 3497 2635 3566 possit,
2666 3492 2828 3549 modo
2855 3492 3020 3548 sobrii
3047 3491 3236 3547 simus.
3275 3488 3411 3543 Num
3430 3487 3547 3543 loco
3566 3494 3624 3542 et

2037 3599 2280 3661 tenuiore
2300 3589 2460 3645 nobis
2478 3603 2613 3659 opus
2636 3585 2762 3643 est?
2786 3585 2974 3641 Omnis
3003 3583 3172 3652 locus,
3206 3596 3372 3637 clune
3414 3590 3624 3649 tempus

2038 3682 2166 3739 huic
2182 3681 2424 3739 secessui
2451 3679 2722 3735 convenit.
2752 3677 2884 3733 Nam
2914 3676 3107 3732 iterum
3142 3672 3268 3731 audi
3304 3670 3624 3743 magistrum

2040 3774 2189 3831 orbis
2227 3773 2495 3828 dicentem
2520 3789 2536 3827 :
2568 3769 2635 3825 In
2659 3770 2797 3824 omni
2825 3769 2934 3823 loco
2959 3767 3178 3821 levantes
3220 3774 3422 3820 sanctas
3446 3778 3627 3815 manus

2034 3864 2223 3935 absque
2262 3864 2342 3918 ira
2376 3873 2423 3917 et
2445 3860 2807 3931 disceptatione
2834 3858 2912 3930 (l.
2944 3856 3080 3912 Tim.
3104 3854 3265 3924 2.8).
3290 3854 3347 3908 Si
3386 3861 3624 3908 mentem

2042 3956 2296 4012 habueris
2322 3964 2597 4025 purgatam
2626 3952 2696 4006 ab
2724 3950 2922 4007 illicitis
2960 3947 3367 4011 aﬂ‘ectiouibus,
3413 3945 3530 3999 sive
3573 3943 3627 3996 in

2044 4049 2182 4115 foro,
2210 4047 2325 4102 sive
2351 4045 2520 4111 domi,
2548 4045 2666 4100 sive
2692 4045 2746 4098 in
2772 4041 2876 4107 via,
2895 4041 2981 4095 vel
3002 4041 3055 4094 in
3080 4052 3319 4101 carcere,
3338 4036 3423 4091 vel
3445 4035 3498 4089 in
3525 4048 3630 4087 ma-

2043 4139 2113 4205 ri,
2138 4137 2225 4201 vel
2255 4137 2310 4191 in
2356 4134 2672 4199 diversorio,
2708 4132 2794 4188 vel
2823 4132 2875 4186 iu
2904 4128 3155 4195 officina,
3201 4136 3257 4183 et
3308 4126 3631 4193 ubicumque

2041 4230 2209 4286 fueris
2237 4214 2577 4293 constitutus,
2604 4225 2806 4296 poteris
2822 4224 3066 4278 invocato
3089 4222 3201 4276 Deo
3218 4220 3324 4274 voti
3342 4218 3457 4273 fieri
3480 4232 3633 4272 como

2040 4337 2162 4392 pos.
2191 4319 2348 4387 Quod
2375 4334 2497 4375 cum
2524 4318 2778 4383 sciurus,
2803 4315 3026 4371 obsecro
3048 4322 3108 4368 ut
3133 4327 3255 4368 cum
3276 4311 3482 4381 jejunio
3510 4323 3632 4378 prc-

2043 4413 2198 4468 cibus
2222 4409 2552 4481 diligentiam
2592 4406 2963 4472 adhibeamus,
2995 4402 3293 4460 subsidium
3319 4401 3474 4457 nobis
3508 4398 3635 4454 inde

2045 4514 2297 4576 parantes
2327 4521 2343 4558 :
2376 4516 2485 4574 quo
2507 4514 2794 4572 supernam
2820 4497 3092 4568 assequuti
3118 4497 3368 4567 gratiam,
3396 4503 3450 4548 et
3494 4506 3634 4561 prse-

2046 4608 2256 4654 seutem
2283 4600 2446 4650 vitam
2476 4595 2547 4650 ita
2574 4607 2794 4664 agamus
2815 4601 2876 4646 ut
2898 4591 3014 4646 Dee
3039 4591 3319 4661 probetur,
3334 4595 3392 4641 et
3415 4586 3472 4639 in
3493 4583 3634 4637 iutu—

2048 4708 2111 4748 ro
2136 4688 2558 4747 misericordiam
2587 4686 2819 4757 aliquam
2841 4682 3232 4753 adipiscamur,
3254 4676 3424 4749 gratia
3449 4684 3505 4730 et
3534 4674 3636 4729 mi-

2047 4780 2405 4838 serationibus
2454 4775 2668 4833 Domini
2706 4773 2884 4835 nostri
2916 4772 3046 4835 less
3077 4769 3305 4832 Christi,
3353 4780 3475 4821 cum
3528 4779 3637 4833 qitu

2048 4872 2193 4928 Patri
2236 4879 2292 4927 et
2319 4868 2537 4940 Spiritui
2562 4874 2747 4922 saneto
2770 4865 2842 4920 sit
2864 4862 3034 4934 gloria
3053 4901 3071 4929 ,
3122 4858 3426 4929 imperium,
3448 4864 3505 4909 et
3536 4856 3636 4908 ho-

2047 4979 2168 5030 nor,
2190 4968 2411 5017 mineet
2428 4972 2669 5028 semper,
2690 4956 2816 5011 etin
2839 4952 3034 5009 stecula
3061 4949 3399 5007 seculorum.
3428 4947 3626 5001 Amen.

2580 5086 2863 5145 llOMlLlA
2898 5082 3098 5140 XXXI.

2051 5209 2120 5266 Et
2165 5209 2357 5287 accepit
2404 5206 2579 5265 Thom
2607 5205 2794 5263 Abram
2840 5209 2886 5260 el
2924 5198 3137 5263 Nachor
3154 5194 3289 5264 [ilics
3308 5186 3636 5257 suas,etLot

2120 5303 2285 5373 ﬁlium
2326 5300 2482 5362 Aram
2512 5296 2610 5373 filii
2646 5295 2764 5360 sui;
2792 5301 2840 5349 et
2864 5291 3054 5354 Suram
3087 5301 3270 5345 nurum
3294 5298 3472 5348 suam,
3502 5295 3630 5341 uxo-

2118 5411 2225 5449 rem
2264 5402 2432 5454 autem
2452 5389 2642 5450 Abram
2680 5386 2775 5457 filii
2814 5385 2893 5443 sui
2934 5399 2957 5451 ;
3003 5389 3049 5441 et
3091 5378 3261 5434 eduxit
3308 5391 3392 5435 eos
3413 5389 3477 5428 ea:
3503 5382 3635 5425 terra

2121 5483 2505 5552 Chaldreorum,
2544 5489 2604 5539 ut
2638 5477 3072 5550 proﬁciscerentur
3108 5469 3166 5523 in
3211 5477 3394 5522 terram
3431 5462 3632 5519 Chana-

2121 5591 2345 5633 meorum
2393 5590 2414 5629 :
2455 5582 2503 5631 et
2545 5571 2674 5635 venit
2701 5583 2859 5638 usque
2893 5564 3122 5629 (litamus
3141 5600 3158 5629 ,
3199 5567 3246 5615 et
3265 5556 3503 5613 habitavit
3526 5553 3634 5609 illis

2149 5666 2277 5722 Ceu.
2305 5666 2388 5723 ll.
2415 5664 2526 5723 31).

2149 5666 2277 5722 Ceu.
2305 5666 2328 5723 Ι
2376 5703 2388 5719 .
2415 5664 2477 5722 3i
2511 5702 2526 5717 .

2125 5669 2177 5847 ξ.
2221 5664 2647 5858 Ιηεοῖιιβεζοὺίε
2678 5770 2854 5838 habeo
2890 5766 3122 5843 gratias.
3161 5760 3649 5836 quodbeﬂemum.
