4078 6422
505 393 610 449 985

499 490 568 546 de
591 488 832 544 oratione
856 502 1162 544 sermonem
1185 502 1305 542 cum
1337 487 1609 555 voluptate
1629 485 1970 552 susceperitis
1989 525 2004 547 ,
2033 493 2086 538 et

505 593 651 636 tanto
675 581 850 636 studio
879 580 944 635 ad
974 580 1300 636 audiendum
1330 579 1629 634 conﬂuatis.
1664 578 1790 632 Illud
1822 577 1961 630 enim
1989 590 2087 629 nos

501 673 675 727 reddit
703 674 993 728 alacriores
1017 715 1032 738 ,
1058 682 1120 727 ut
1143 672 1242 727 hoc
1265 672 1540 741 spirituale
1567 669 1864 724 convivium
1894 667 2088 736 largius

499 765 651 819 vobis
694 780 1078 835 preponamus.
1120 765 1251 832 Quia
1293 773 1346 818 et
1375 763 1603 832 agricola
1632 760 1676 816 si
1708 759 1919 830 quando
1945 759 2088 812 videt

497 871 684 923 agrum
713 865 765 910 et
789 856 928 926 jacta
959 856 1165 910 semina
1197 857 1458 908 virescere
1483 863 1535 906 et
1565 851 1861 919 germinare
1883 890 1899 916 ,
1932 863 2088 918 sege-

501 953 716 1014 temque
744 960 969 1000 vernare
988 985 1004 1011 ,
1034 945 1163 998 nihil
1194 943 1334 1013 quod
1360 942 1426 996 ad
1455 957 1513 996 se
1533 942 1720 995 attinet
1749 939 2085 1005 intermittit,

499 1035 736 1102 quotidie
779 1044 1158 1104 congruentem
1200 1034 1338 1089 illius
1383 1047 1566 1088 curam
1607 1047 1807 1101 agens,
1849 1039 1904 1084 et
1931 1039 2088 1084 nocte

499 1124 691 1194 dieque
719 1126 1062 1180 considerans
1080 1167 1095 1192 ,
1123 1140 1190 1180 ne
1215 1124 1351 1179 forte
1373 1123 1498 1193 quid
1521 1121 1731 1176 labores
1751 1135 1876 1175 suos
1897 1119 2085 1174 laedat:

500 1215 660 1269 simili
705 1217 864 1271 modo
905 1225 959 1271 et
986 1231 1086 1287 ego
1113 1215 1443 1286 spiritualem
1474 1215 1614 1269 hunc
1642 1228 1827 1282 agrum
1849 1221 2088 1266 vestrum

500 1305 730 1372 ﬂorere,
775 1315 830 1361 et
875 1322 1058 1360 semen
1104 1306 1206 1361 hoc
1249 1305 1528 1374 spirituale
1569 1304 1620 1358 in
1664 1302 1868 1357 sinibus
1896 1311 2089 1356 vestra:

501 1397 695 1450 ruentis
736 1397 952 1451 recondi
979 1396 1166 1452 videns
1189 1438 1205 1464 ,
1242 1398 1449 1468 gaudeo
1481 1403 1536 1451 et
1564 1396 1735 1461 laetor,
1760 1394 2090 1462 multumque

495 1497 615 1538 sum
647 1487 838 1540 anxius
859 1527 875 1550 ,
909 1502 1017 1540 non
1045 1487 1296 1556 ignorans
1322 1502 1479 1556 quam
1509 1487 1772 1554 malignus
1799 1484 1868 1538 sit
1895 1483 2086 1550 hostis,

497 1575 587 1644 qui
615 1584 808 1630 vestra:
850 1578 1004 1632 saluti
1036 1578 1334 1632 insidiatur.
1363 1577 1498 1633 Nam
1529 1575 1974 1648 quemadmodum
2005 1575 2091 1646 pi-

499 1677 632 1720 raue
673 1668 888 1736 quando
932 1669 1118 1724 vident
1162 1685 1352 1725 navem
1392 1669 1572 1723 multis
1600 1669 1868 1724 mercibus
1893 1682 2089 1722 onera-

500 1766 637 1822 tam,
677 1770 732 1813 et
775 1761 1027 1828 plurimas
1067 1762 1422 1816 advehentem
1451 1761 1661 1816 divitias
1685 1802 1699 1825 ,
1733 1769 1859 1815 tunc
1881 1761 2093 1830 potissi-

499 1863 646 1902 mum
691 1852 869 1904 varias
912 1853 1204 1906 moliuntur
1249 1853 1501 1918 insidias,
1542 1861 1601 1908 ut
1646 1853 1849 1922 possint
1885 1865 2092 1906 merces

499 1953 688 1993 omnes
715 1939 1046 2010 demergere,
1076 1957 1138 1996 ac
1158 1954 1402 1998 vectores
1428 1943 1546 1997 illos
1567 1943 1799 2012 spoliare
1828 1961 1841 1996 :
1871 1943 1941 1996 ita
1963 1957 2092 1998 sane

496 2038 554 2084 et
599 2031 876 2099 diabolus,
927 2047 1048 2088 cum
1086 2035 1280 2089 viderit
1317 2034 1620 2103 spirituales
1656 2035 1853 2090 multas
1879 2034 2091 2090 divitias

499 2131 845 2178 coacervatas
861 2164 875 2189 ,
910 2125 1238 2181 alacritatem
1264 2125 1523 2180 fervidam
1546 2167 1562 2194 ,
1589 2134 1824 2181 mentem
1845 2125 2054 2196 vigilem
2071 2164 2088 2192 ,

499 2221 557 2266 et
606 2213 843 2283 quotidie
885 2215 1098 2270 divitias
1143 2217 1362 2286 augeri,
1403 2217 1671 2271 cruciatur
1725 2231 1789 2271 ac
1843 2217 2092 2272 dentibus

499 2302 742 2372 frondet,
785 2315 842 2358 et
877 2307 1026 2374 quasi
1054 2305 1226 2376 pirata
1252 2307 1531 2373 circumit,
1561 2307 1970 2377 innumerasque
1995 2323 2092 2364 ex-

499 2393 700 2463 cogitat
726 2403 871 2450 artes
896 2435 924 2462 ,.
945 2406 1002 2450 ut
1027 2397 1073 2452 si
1102 2413 1204 2467 qua
1226 2397 1309 2454 vel
1337 2414 1559 2468 parvum
1591 2398 1825 2453 inveniat
1850 2398 2051 2453 aditum
2072 2439 2090 2467 ,

500 2499 600 2538 nos
639 2483 874 2540 denudet
915 2501 980 2542 ac
1017 2489 1247 2556 spoliet,
1289 2497 1343 2543 ct
1369 2489 1623 2560 quidquid
1652 2490 1806 2544 nobis
1825 2499 1910 2545 est
1935 2491 2092 2560 spiri-

501 2576 723 2630 tualium
760 2576 1064 2632 divitiarum
1104 2579 1464 2648 deprtedetur.
1503 2582 1669 2652 Igitur
1696 2582 1861 2637 sobrii
1887 2582 2090 2652 simus,

499 2682 716 2736 quzeso,
761 2676 816 2722 et
859 2677 1058 2739 quanto
1107 2671 1278 2741 magis
1317 2672 1617 2741 spiritualcs
1649 2682 1851 2727 nostra:
1875 2674 2095 2728 faculta-

499 2765 582 2812 tes
615 2768 898 2828 crcscunt,
947 2769 1094 2816 tanto
1131 2763 1298 2834 magis
1335 2771 1392 2818 et
1417 2763 1608 2834 vigilia:
1645 2773 1844 2834 nostra:
1861 2780 2094 2835 augean-

498 2857 603 2914 tur,
627 2859 686 2904 ut
705 2851 938 2922 undique
958 2853 1302 2909 excludamus
1319 2854 1560 2920 insidias,
1584 2865 1638 2910 et
1663 2855 2090 2912 benevolentiam

501 2941 595 2997 Dei
641 2943 748 2997 vita
799 2945 999 3014 optima
1041 2947 1196 3000 nobis
1233 2948 1616 3016 conciliantes,
1663 2950 1926 3019 superiori
1973 2950 2092 3006 loco

494 3042 736 3097 stemus,
779 3049 938 3104 quam
982 3045 1040 3090 ut
1084 3037 1225 3092 illius
1261 3037 1436 3107 jacula
1484 3054 1677 3095 nocere
1713 3051 1927 3110 queant.
1957 3042 2092 3098 Mala

497 3123 642 3178 enim
672 3124 838 3180 bestia
869 3135 984 3193 est,
1016 3139 1068 3182 et
1097 3127 1419 3197 multiplices
1445 3130 1868 3186 machinationes
1894 3135 2090 3188 struit:

499 3223 556 3269 et
595 3215 808 3284 quando
852 3233 959 3271 non
1002 3228 1180 3288 potest
1207 3229 1354 3274 recta
1383 3236 1481 3275 nos
1509 3221 1576 3275 ad
1604 3221 1726 3276 vitia
1754 3223 1970 3278 allicere
1991 3265 2006 3291 ,
2039 3233 2093 3279 et

498 3306 610 3360 suis
645 3307 782 3363 dolis
823 3307 1103 3374 inescare;
1147 3327 1256 3365 non
1295 3312 1438 3366 enim
1479 3313 1650 3383 cogit,
1684 3313 1766 3367 vel
1793 3315 1898 3370 vim
1927 3315 2087 3382 facit,

501 3397 643 3452 absit
666 3416 680 3452 :
705 3399 798 3454 sed
820 3399 1018 3470 decipit
1045 3412 1247 3456 tantum
1268 3443 1284 3470 ,
1307 3414 1360 3458 et
1381 3419 1516 3474 quos
1543 3405 1875 3476 negligentes
1903 3407 2048 3463 videt
2073 3450 2089 3475 ,

502 3490 847 3560 supplantat;
889 3493 1101 3562 quando
1140 3495 1298 3564 igitur
1331 3497 1558 3551 salutem
1588 3507 1824 3553 nostram
1856 3499 2091 3569 nequitia

499 3597 597 3636 sua
639 3584 922 3640 manifeste
966 3586 1162 3642 laedere
1202 3589 1420 3657 nequit,
1461 3603 1606 3660 swpe
1645 3605 1740 3660 per
1778 3592 1890 3662 ipsa
1930 3609 2092 3663 opera

500 3671 710 3729 virtutis
728 3714 743 3738 ,
773 3690 894 3744 qua:
921 3676 1124 3746 agimus
1148 3717 1163 3744 ,
1193 3679 1494 3735 clanculum
1523 3696 1646 3736 esca
1672 3683 1846 3749 illata,
1878 3684 2094 3740 divitias

501 3772 712 3818 nostras
737 3765 911 3834 perdit
930 3780 1138 3820 omnes.

575 3855 659 3910 Ea:
694 3857 838 3912 bonis
870 3860 1102 3930 aperibus
1128 3874 1258 3914 vana
1276 3861 1441 3931 gloria
1465 3863 1706 3916 cavenda.
1737 3893 1807 3903 —-
1835 3863 1969 3928 Quid
1996 3865 2090 3935 igi-

503 3958 590 4002 tar
623 3958 706 4003 est
742 3949 875 4015 hoc,
918 3951 1058 4021 quod
1098 3953 1261 4008 dico?
1288 3969 1465 4024 operte
1495 3955 1722 4024 pretium
1767 3957 1908 4012 enim
1939 3956 2095 4013 fuerit

501 4043 834 4097 manifestius
874 4043 1185 4112 explicare,
1217 4054 1275 4098 ut
1301 4045 1446 4099 illius
1470 4046 1702 4116 cognitis
1729 4047 1968 4114 insidiis,
2001 4048 2094 4102 da-

499 4148 683 4188 mnum
720 4134 861 4204 quod
892 4134 1013 4190 inde
1040 4136 1276 4191 nascitur
1299 4177 1315 4202 ,
1347 4137 1517 4192 vitare
1549 4139 1834 4207 possimus.
1868 4139 2094 4205 Quando

499 4225 644 4279 videt
683 4242 782 4281 nos
808 4226 947 4280 nuda
977 4229 1105 4282 vitia
1141 4229 1223 4282 vix
1255 4229 1572 4294 admittere,
1601 4240 1656 4285 et
1683 4230 1869 4302 fugere
1897 4233 2093 4286 intem-

501 4318 825 4386 perantiam,
874 4320 1254 4373 continentiam
1299 4336 1427 4375 vero
1469 4322 1760 4390 amplexari
1809 4341 1824 4377 :
1875 4323 1940 4377 ad
1980 4323 2095 4378 hazc

499 4410 738 4463 aversari
768 4410 1068 4475 avaritiam,
1098 4410 1222 4466 odio
1252 4411 1451 4466 habere
1479 4413 1810 4483 iniustitiam,
1839 4415 2015 4469 ridere
2040 4423 2095 4470 et

502 4510 851 4554 contemnere
892 4501 1150 4568 delicias,
1187 4502 1406 4571 jejuuiis
1443 4514 1621 4558 autem
1647 4514 1703 4560 et
1731 4506 1974 4574 precibus
2000 4522 2096 4561 va-

502 4605 628 4645 care
651 4631 667 4655 ,
691 4605 755 4645 ac
773 4591 1130 4662 eleemosynis
1157 4592 1286 4648 dare
1310 4608 1528 4662 operam
1560 4612 1574 4649 :
1602 4603 1728 4650 tunc
1756 4596 1916 4650 alium
1949 4611 2096 4651 com-

504 4681 807 4736 miniscitur
857 4682 1037 4736 dolum
1070 4721 1085 4746 ,
1132 4697 1240 4752 quo
1284 4684 1594 4754 pessumdet
1639 4700 1829 4742 omnes
1883 4697 2095 4743 nostras

500 4787 634 4843 Opes
653 4814 670 4839 ,
709 4781 894 4844 totque
922 4773 1060 4830 bona
1083 4790 1246 4844 opera
1275 4785 1458 4832 nostra
1483 4778 1673 4832 reddat
1701 4779 1929 4834 inutilia.
1959 4780 2090 4836 Nam

501 4864 590 4934 qui
620 4880 808 4935 magna
846 4867 1146 4922 constantia
1180 4867 1602 4926 machinationes
1626 4871 1792 4941 ipsius
1815 4874 2092 4942 vicerunt,

500 4955 626 5009 facit
646 4964 704 5009 ut
729 4955 882 5018 bonis
903 4959 1158 5028 Operibus
1178 4959 1462 5028 inﬂentur,
1490 4973 1543 5017 et
1568 4963 1635 5018 ad
1662 4963 1950 5019 humanam
1973 4982 2096 5037 spe-

501 5058 642 5104 ctent
665 5049 888 5119 gloriam
907 5093 922 5120 ,
954 5067 1060 5122 quo
1081 5053 1287 5108 scilicet
1307 5069 1338 5109 a
1359 5057 1486 5110 vera
1509 5071 1603 5112 eos
1630 5057 1798 5128 gloria
1826 5057 2092 5115 deturbet.

506 5143 717 5198 Etenim
751 5144 840 5214 qui
867 5145 1144 5214 spirituale
1170 5145 1296 5216 quid
1328 5146 1527 5204 faciens
1558 5148 1846 5204 humanam
1876 5151 2098 5221 respicit

502 5234 756 5303 gloriam,
800 5237 1102 5292 mercedem
1142 5255 1291 5293 suam
1337 5239 1424 5295 hic
1465 5242 1698 5312 accipit,
1744 5252 1796 5298 et
1827 5242 1936 5313 jam
1959 5245 2095 5299 ultra

505 5329 673 5384 Deum
709 5345 814 5385 non
859 5331 1021 5388 habet
1048 5331 1372 5388 debitorem.
1408 5336 1452 5388 A
1482 5335 1674 5405 quibus
1700 5335 1843 5390 enim
1872 5337 2093 5406 gloriam

505 5422 698 5490 quierit
720 5465 736 5489 ,
760 5424 828 5478 ab
850 5424 913 5484 iis
935 5424 1120 5480 laudes
1149 5434 1337 5481 nactus
1364 5434 1466 5493 est,
1492 5436 1546 5482 et
1570 5441 1628 5482 se
1646 5429 1821 5497 privat
1842 5428 1944 5483 illis
1965 5445 2097 5500 quas

507 5511 766 5568 Dominus
802 5517 1077 5584 promisit,
1114 5527 1298 5586 utpote
1326 5518 1541 5588 majoris
1568 5518 1769 5574 faciens
1795 5531 2096 5574 momenta-

507 5619 664 5659 neam
704 5607 976 5662 hominum
1012 5609 1255 5676 laudem,
1274 5625 1432 5680 quam
1459 5611 1550 5666 Dei
1580 5627 1819 5667 omnium
1849 5613 2098 5668 condito-

432 5741 439 5762 ,
508 5697 581 5750 ris
615 5713 628 5748 :
659 5696 709 5751 id
751 5699 893 5768 quod
934 5699 1178 5754 Christus
1209 5702 1276 5756 de
1304 5701 1550 5772 precibus
1570 5744 1584 5768 ,
1617 5703 1976 5775 eleemosynis
1998 5744 2012 5769 ,
2042 5711 2095 5758 et

507 5785 719 5858 ieiuniis
759 5797 914 5843 antea
951 5789 1166 5860 docuit,
1207 5791 1284 5848 sic
1320 5791 1507 5850 dicens
1547 5812 1562 5850 :
1607 5795 1823 5862 Quando
1840 5795 1875 5864 j
1892 5796 2049 5865 juuas
2073 5833 2094 5864 ,

1243 393 1305 449 S.
1343 389 1624 452 JOANNIS
1661 387 2133 446 CliRYSOSTOMl
2174 384 2493 443 ARCHIEP.
2525 384 3063 442 CONSTANTINOP.

3662 387 3794 446 284

2192 497 2324 550 unge
2365 489 2516 548 caput
2554 489 2726 547 tuum,
2768 490 2815 533 et
2857 480 2970 532 tura
3001 480 3182 548 faciem
3205 487 3339 532 tuam
3363 519 3378 546 ,
3407 488 3462 532 ut
3487 495 3548 533 ne
3568 479 3800 535 videaris

2191 572 2473 624 hominibus
2507 572 2753 639 jejunum
2776 611 2790 632 ,
2833 571 2922 623 sed
2963 569 3110 622 Patri
3138 579 3222 623 tuo
3250 572 3333 632 qui
3360 581 3430 624 est
3457 572 3508 624 in
3536 572 3733 626 occulto
3770 586 3802 636 ;

2191 672 2235 714 et
2261 655 2415 715 Pater
2453 673 2599 726 tuus,
2625 663 2712 733 qui
2741 663 2869 716 videt
2899 664 2952 716 in
2986 664 3209 728 occulto,
3250 664 3423 717 reddet
3448 664 3534 717 tibi
3561 665 3793 732 (Matth.

2191 753 2242 808 6.
2293 755 2380 807 17.
2432 755 2544 823 18).
2579 753 2645 807 Et
2687 757 2878 808 iterum
2905 771 2918 806 :
2952 754 3168 820 Quando
3193 756 3348 825 facies
3376 755 3744 824 eleerrtorynam
3770 797 3791 818 ,

2191 862 2253 898 ne
2275 846 2390 898 tuba
2441 862 2594 900 canas
2611 887 2626 911 ,
2652 847 2852 910 inquit,
2875 857 2990 899 ante
3015 855 3090 912 te,
3118 847 3248 899 sicut
3272 848 3548 916 hypocrita:
3580 848 3794 912 faciunt

2191 937 2244 989 in
2281 937 2550 1006 synagogis
2584 947 2630 988 et
2670 936 2848 1006 plateis
2868 977 2882 1000 ,
2926 945 2981 988 ut
3008 936 3354 1006 glori/iocatur
3383 937 3446 989 ab
3471 936 3787 992 hominibus.

2192 1028 2348 1082 Amen
2379 1030 2491 1080 dico
2520 1028 2654 1081 vobis
2673 1069 2687 1093 ,
2720 1038 3016 1097 acceperunt
3048 1029 3324 1082 mercedem
3351 1045 3497 1081 suam
3524 1027 3682 1096 (Ibid.
3719 1045 3793 1083 υ.

2191 1118 2270 1187 2).
2303 1118 2520 1172 Vidistis
2559 1117 2860 1187 quomodo,
2907 1118 2992 1186 qtti
3022 1117 3160 1171 hanc
3186 1117 3406 1187 gloriam
3435 1118 3678 1186 inquirit,
3709 1117 3796 1171 il-

2194 1207 2300 1261 lam
2327 1207 2564 1261 amittit?
2593 1207 2693 1271 Qui
2714 1217 2892 1260 autem
2919 1207 3166 1260 virtutem
3195 1207 3262 1260 ita
3289 1215 3542 1275 operatur
3560 1248 3576 1272 ,
3603 1216 3662 1260 ut
3692 1207 3784 1260 la-

2195 1307 2309 1353 tere
2353 1298 2479 1353 velit
2518 1297 2802 1362 homines,
2845 1297 2897 1350 in
2940 1296 3028 1352 die
3073 1297 3163 1351 illo
3188 1297 3405 1350 terribili
3436 1297 3602 1366 palam
3629 1296 3788 1351 acci-

2195 1389 2304 1459 piet
2339 1404 2370 1442 a
2415 1388 2638 1442 Domino
2681 1388 3107 1442 retributionem.
3150 1387 3280 1441 Nam
3330 1386 3482 1440 Pater
3513 1397 3621 1440 tuus
3644 1428 3660 1448 ,
3691 1389 3789 1456 qui

2194 1480 2323 1532 ridet
2353 1479 2405 1532 in
2442 1478 2669 1545 occulto,
2710 1479 2882 1532 reddet
2909 1479 2998 1532 tibi
3030 1479 3082 1530 in
3114 1479 3380 1548 manifesto
3405 1476 3565 1548 (Ibid.
3604 1494 3654 1530 υ.
3695 1479 3784 1547 4).

2193 1568 2272 1623 Ne
2305 1567 2538 1636 cogites,
2584 1567 2788 1638 inquit,
2833 1567 3034 1623 nullum
3060 1567 3331 1621 hominem
3365 1575 3416 1621 te
3443 1566 3652 1622 laudare
3675 1609 3689 1630 ,
3721 1575 3788 1622 et

2196 1668 2248 1714 te
2274 1659 2523 1713 virtutem
2567 1658 2703 1712 clam
2739 1673 2992 1712 exercere
3025 1676 3038 1711 :
3073 1658 3166 1712 sed
3213 1657 3313 1713 hoc
3341 1659 3543 1728 cogita,
3577 1669 3786 1713 tantam

2195 1749 2307 1804 fore
2335 1749 2490 1819 paulo
2513 1757 2632 1818 post
2655 1749 2858 1803 Domini
2885 1749 3254 1804 liberalitatem
3275 1791 3290 1814 ,
3314 1757 3370 1802 ιιι
3389 1764 3495 1803 non
3515 1750 3652 1802 sinat
3675 1749 3787 1805 huc

2194 1841 2331 1895 clam
2373 1841 2458 1895 vel
2501 1841 2553 1894 in
2592 1840 2800 1895 occulto
2830 1855 2948 1894 esse
2980 1858 2995 1894 :
3023 1839 3116 1894 sed
3146 1851 3407 1909 prwsente
3433 1841 3577 1895 omni
3604 1840 3782 1894 homi-

2194 1947 2322 1986 num
2365 1946 2594 2002 genere,
2638 1931 2706 1985 ab
2743 1931 2910 1985 Adam
2959 1946 3126 1999 usque
3167 1930 3234 1984 ad
3261 1930 3775 1986 consummationem

2195 2025 2377 2078 sa:cull
2421 2033 2473 2079 te
2519 2023 2774 2094 praedicet
2818 2032 2874 2078 et
2909 2033 3162 2090 coronet,
3213 2035 3691 2094 susceptorumque
3725 2026 3782 2080 in

2193 2114 2493 2170 exercenda
2519 2116 2716 2170 virtute
2740 2113 2982 2168 laborum
3015 2116 3229 2184 praemia
3256 2116 3469 2169 tribuat.
3491 2115 3602 2183 Qua
3623 2115 3786 2186 igitur

2192 2209 2536 2263 excusatione
2572 2209 2716 2278 digni
2760 2207 2955 2262 fuerint
2981 2209 3015 2262 ii
3042 2207 3130 2277 qui
3160 2207 3397 2262 laborem
3421 2208 3630 2262 virtutis
3659 2223 3782 2262 sus-

2197 2300 2403 2364 tinent,
2441 2307 2494 2353 et
2538 2307 2757 2368 propter
2798 2309 3225 2353 momentaneam
3264 2307 3320 2353 et
3367 2299 3522 2354 vilem
3550 2298 3783 2354 futilem-

2195 2408 2299 2463 que
2347 2392 2623 2447 hominum
2663 2391 2887 2462 gloriam
2913 2432 2928 2460 ,
2975 2401 3174 2446 interna
3205 2391 3294 2446 illa
3324 2391 3640 2462 semetipsos
3670 2391 3782 2461 pri-

2195 2496 2322 2539 vant
2345 2484 2369 2537 1

2265 2576 2319 2629 2.
2352 2575 2588 2630 Obsecro
2617 2575 2793 2646 igitur,
2817 2584 2874 2629 ut
2897 2588 2995 2629 nos
3022 2573 3156 2629 bene
3185 2573 3507 2639 muniamus,
3531 2582 3587 2629 et
3608 2575 3783 2644 quod-

2194 2683 2421 2738 cumque
2465 2668 2740 2737 spirituale
2783 2683 2919 2738 opus
2961 2668 3354 2738 aggrediemur,
3409 2668 3511 2723 hoc
3563 2667 3783 2722 studea-

2195 2778 2315 2817 mus
2367 2763 2418 2816 in
2462 2762 2842 2836 promptuariis
2891 2761 3053 2814 animi
3122 2761 3288 2814 nostri
3340 2761 3676 2826 recondere,
3727 2769 3785 2813 ut

2196 2853 2376 2908 laudet
2419 2867 2516 2917 nos
2553 2854 2737 2908 oculus
2781 2853 2870 2907 ille
2915 2853 3004 2921 qui
3041 2866 3332 2922 numquam
3365 2851 3663 2906 dormitat:
3717 2866 3785 2905 ne

2195 2956 2416 3017 propter
2453 2945 2726 3000 hominum
2771 2944 2986 3010 laudes,
3032 2957 3177 3014 saepe
3205 2942 3272 2996 ad
3307 2943 3530 3013 gratiam
3557 2951 3783 3011 captan-

2195 3037 2318 3092 dam
2357 3037 2509 3092 datas
2532 3078 2547 3104 ,
2577 3035 2776 3106 indigni
2801 3034 3102 3091 efficiamur
3129 3034 3334 3088 Domini
3363 3033 3627 3088 laudibus.
3659 3033 3786 3088 lla‘c

2197 3132 2340 3187 enim
2381 3131 2537 3185 ambo
2577 3129 2875 3200 perniciosa
2902 3137 3026 3183 sunt
3047 3169 3062 3193 ,
3093 3136 3147 3182 et
3177 3126 3333 3181 saluti
3363 3136 3558 3181 nostra:
3584 3126 3740 3180 noxia
3767 3143 3783 3191 ;

2197 3222 2470 3294 Spiritualc
2516 3220 2713 3291 aliquid
2761 3219 3034 3290 operando
3090 3219 3173 3272 ad.
3209 3218 3495 3272 humanam
3540 3228 3785 3286 spretare

2195 3314 2449 3385 gloriam,
2497 3323 2552 3367 et
2591 3313 2726 3367 bene
2768 3310 2976 3380 agendo
3013 3309 3242 3364 sublime
3282 3311 3348 3364 de
3376 3323 3436 3363 se
3459 3323 3668 3377 sapere.
3703 3307 3786 3361 ld-

2198 3410 2341 3463 circo
2360 3407 2570 3462 sobrios
2591 3419 2712 3459 esse
2738 3419 2835 3459 nos
2864 3413 3076 3474 oportet
3104 3417 3167 3457 ac
3193 3402 3377 3471 vigiles
3400 3443 3414 3464 ,
3439 3409 3494 3456 et
3512 3415 3785 3471 apponere

2196 3498 2350 3554 nobis
2391 3497 2698 3569 quotidiana
2743 3511 2774 3552 e
2811 3495 2977 3549 sacris
3015 3495 3205 3549 Litoris
3243 3495 3560 3564 pharmaca,
3607 3495 3676 3546 ita
3730 3501 3786 3546 ut

2198 3589 2510 3659 perniciosis
2557 3586 2927 3641 aﬂ‘cctionibus
2972 3586 3088 3639 istis
3138 3601 3244 3639 non
3291 3584 3620 3638 irretiamur.
3652 3583 3784 3637 Nam

2197 3680 2298 3736 etsi
2341 3681 2459 3749 quis
2503 3679 2779 3733 innumera
2825 3677 2961 3732 bona
2991 3691 3153 3746 Opera
3185 3676 3401 3741 fecerit,
3429 3675 3786 3745 virtutemque

2197 3786 2410 3827 onmem
2439 3770 2747 3836 absolverit,
2775 3771 2819 3824 si
2852 3778 3027 3824 tamen
3057 3784 3303 3838 maguum
3331 3766 3457 3837 quid
3485 3766 3552 3820 de
3577 3782 3639 3821 se
3657 3781 3783 3821 sen-

2199 3864 2328 3928 tiat,
2358 3863 2598 3917 omnium
2625 3861 2957 3917 miserrimus
2987 3859 3160 3914 fuerit.
3191 3857 3342 3926 Quod
3375 3857 3527 3912 nobis
3558 3857 3786 3912 manife-

2197 3965 2337 4011 stum
2385 3965 2468 4009 est
2509 3970 2574 4009 ex
2611 3954 2676 4008 iis
2712 3968 2832 4022 qua:
2871 3951 3140 4006 Pharisato
3165 3949 3510 4011 acciderunt,
3541 3949 3630 4016 qui
3659 3949 3784 4002 dunt

2199 4063 2389 4118 magna
2425 4047 2492 4102 de
2521 4061 2581 4101 se
2607 4046 2807 4111 sensit,
2835 4052 2891 4098 et
2922 4044 3259 4112 publicanum
3283 4041 3611 4109 contempsit
3635 4039 3782 4111 (Luc.

2200 4138 2325 4209 18),
2373 4139 2549 4192 subito
2587 4137 2820 4192 deterior
2860 4136 3028 4190 factus
3071 4142 3154 4189 est
3178 4132 3488 4201 publicano,
3516 4140 3568 4184 et
3599 4145 3785 4184 omnes

2198 4232 2455 4285 virtutum
2499 4229 2712 4284 divitias
2759 4227 2930 4297 lingtta
2973 4241 3068 4280 sua
3113 4224 3298 4280 effudit
3340 4241 3354 4276 :
3401 4239 3465 4277 ac
3489 4237 3548 4277 se
3578 4223 3784 4276 nudans

2197 4336 2530 4391 vacuumque
2567 4321 2896 4375 constituens
2921 4359 2934 4383 ,
2977 4317 3293 4387 stupendum
3337 4325 3393 4369 et
3432 4331 3626 4368 novum
3654 4330 3786 4367 nau-

2200 4414 2422 4483 fragium
2465 4412 2700 4482 pertulit.
2744 4409 2875 4464 Cnm
2916 4409 3056 4464 enim
3087 4408 3152 4462 ad
3183 4417 3389 4478 portum
3420 4406 3784 4474 pervenisset,

2199 4521 2387 4560 omnes
2427 4517 2637 4558 merces
2678 4516 2801 4555 suas
2828 4499 3135 4556 submersit.
3167 4499 3297 4553 Nam
3339 4499 3383 4551 si
3425 4497 3474 4552 id
3516 4496 3784 4550 infortunii

2202 4608 2419 4670 propter
2465 4609 2654 4666 preces
2697 4594 2909 4663 indigne
2939 4593 3161 4647 emissas
3188 4591 3427 4653 accidat,
3461 4588 3683 4658 perinde
3707 4597 3785 4641 est

2199 4707 2262 4745 ac
2283 4690 2326 4744 si
2352 4689 2470 4759 quis
2495 4687 2546 4741 in
2573 4685 2748 4740 medio
2773 4694 2925 4754 portu
2947 4681 3275 4751 naufragium
3300 4680 3456 4733 faciat
3502 4678 3786 4746 Propterea

2199 4792 2254 4839 et
2284 4782 2526 4837 Christus
2553 4779 2824 4848 discipulis
2852 4778 2962 4831 suis
2993 4775 3304 4844 pra-cipiens
3327 4814 3343 4838 ,
3376 4771 3586 4826 diccbat
3615 4788 3630 4823 :
3663 4770 3786 4824 Cum

2201 4875 2371 4929 omnia
2399 4872 2612 4944 [caeritis
2635 4911 2649 4932 ,
2677 4868 2826 4921 dicite
2874 4883 2893 4921 :
2933 4866 3075 4920 Servi
3105 4863 3304 4918 inutiles
3321 4879 3493 4916 sumus
3516 4859 3668 4933 (an.
3701 4861 3784 4914 17.

2203 4964 2315 5036 10).
2343 4963 2460 5031 Quo
2485 4961 2627 5016 dicto
2653 4959 2859 5012 munire
2883 4971 2977 5012 eos
2998 4956 3147 5020 vult,
3175 4963 3229 5009 et
3249 4968 3405 5023 quam
3431 4951 3738 5022 longissime
3757 4963 3787 5004 a

2203 5055 2503 5128 pernicioso
2545 5053 2636 5108 illo
2682 5051 2868 5104 morbo
2902 5049 3158 5103 alienare.
3188 5045 3437 5110 Vidistis,
3481 5042 3787 5107 carissimi,

2200 5147 2468 5219 quomodo
2512 5144 2557 5199 is
2600 5142 2690 5212 qui
2733 5141 3016 5194 humanam
3065 5139 3286 5210 gloriam
3323 5137 3523 5200 ambit,
3566 5135 3791 5204 ejusque

2200 5239 2367 5312 gratia
2396 5236 2604 5291 virtutis
2633 5233 2888 5289 exercitia
2917 5231 3056 5296 adit,
3091 5229 3369 5283 utilitatem
3393 5226 3591 5280 nullam
3620 5226 3790 5294 perci-

2203 5335 2278 5403 pit
2309 5349 2321 5384 :
2351 5339 2405 5385 et
2448 5337 2568 5399 post
2605 5327 2901 5381 exantlatos
2929 5338 3116 5378 omnes
3140 5319 3348 5375 virtutis
3375 5319 3586 5373 labores
3612 5360 3627 5380 ,
3653 5319 3696 5372 si
3724 5317 3791 5371 de

2203 5426 2266 5479 iis
2302 5423 2544 5477 videatur
2581 5420 2743 5473 altmn
2775 5431 2996 5485 sapere,
3023 5428 3259 5469 ommum
3287 5426 3482 5466 vacuus
3514 5408 3793 5476 nudus-pte

2202 5515 2431 5571 evadat?
2472 5511 2758 5581 Fugiamus
2798 5510 2987 5577 igitur,
3021 5506 3280 5569 obsecro,
3319 5501 3645 5571 perniciosas
3676 5500 3794 5553 illas

2200 5606 2540 5670 affectiones,
2573 5614 2627 5658 et
2659 5602 2722 5656 ad
2761 5602 2907 5654 illum
2942 5613 3155 5666 semper
3187 5596 3396 5665 vigilem
3423 5593 3634 5647 oculum
3666 5607 3792 5661 spc-

2202 5707 2410 5753 ctemus
2452 5705 2698 5750 tantum:
2738 5708 2802 5749 ac
2848 5692 2976 5747 nihil
3017 5703 3299 5744 commune
3341 5686 3632 5741 habeamus
3670 5699 3794 5738 cum

2207 5791 2371 5848 nostri
2393 5791 2603 5862 generis
2626 5786 2924 5846 hominibus
2943 5825 2957 5853 ,
2981 5797 3153 5857 neque
3173 5781 3240 5848 ab
3265 5781 3344 5838 cis
3367 5779 3566 5837 iaudari
3589 5793 3797 5850 quara—
