4078 6406
287 362 398 418 985

289 475 460 544 ξασθε
507 475 635 547 χθὲς
660 476 787 539 τοὺς
815 474 941 546 περὶ
978 474 1077 543 τῆς
1120 472 1288 544 εὐχῆς
1327 472 1540 542 λόγους,
1565 471 1659 525 καὶ
1699 471 1784 525 ὅτι
1827 467 1968 538 μετά

284 563 561 636 τοσαύτης
630 562 867 632 σπουδῆς
942 559 1265 634 συντρέχετε
1332 560 1464 633 περὶ
1521 559 1624 631 τὴν
1679 557 1965 630 ἀκρόασιν.

287 652 463 706 Τοῦτο
493 652 603 722 7&9
630 650 726 706 καὶ
755 650 904 722 ἡμᾶς
949 649 1392 723 προθυμοτέρους
1434 643 1808 720 ἀπεργάζεται
1829 685 1846 710 ,
1874 643 1969 698 καὶ

289 735 1104 814 παρασκευάζειδαψιλεστέραν
1131 736 1261 810 ὑμῖν
1288 736 1643 809 παρατιθέναι
1662 735 1762 806 τὴν
1788 731 1971 786 ἑστίαι

289 845 377 883 σιν
397 827 602 898 ταύτην
635 826 736 900 τὴν
761 826 1156 897 πνευματικήν.
1198 820 1350 878 Ἐπεί
1388 824 1482 878 καὶ
1521 822 1778 894 γηπόνος,
1814 816 1968 875 ἐπει-

287 914 389 969 δὰν
417 912 505 987 ἴδῃ
527 913 628 986 τὴν
659 912 901 986 ἄρουραν
946 913 1041 967 καὶ
1069 912 1137 966 τὰ
1171 909 1619 983 καταϐαλλόμενα
1673 911 1968 982 σπέρματα

288 1001 662 1055 πολλαπλάσια
676 999 1044 1063 δεικνύουσαν,
1068 1002 1162 1055 καὶ
1177 1000 1432 1072 κομῶντα
1446 998 1515 1053 τά
1538 998 1684 1071 λήῖα,
1706 998 1768 1051 οὐ
1793 998 1970 1051 παύε-

286 1106 380 1142 ται
417 1087 487 1142 τὰ
523 1089 652 1160 παρ’
683 1086 877 1142 ἐαυτοῦ
923 1087 1044 1142 καθ’
1087 1086 1327 1160 ἑκάστην
1377 1085 1669 1158 εἰσφέρων,
1730 1080 1825 1139 καὶ
1866 1084 1967 1156 τὴν

288 1172 677 1244 προσήκουσαν
731 1169 1050 1243 ἐπιμέλειαν
1086 1168 1430 1243 ποιούμενος,
1473 1170 1569 1225 καὶ
1614 1170 1966 1243 περισκοπῶν

287 1259 385 1313 καὶ
421 1261 478 1313 ἐν
516 1258 672 1313 νυκτὶ
704 1258 800 1313 καὶ
851 1260 911 1313 ἐν
953 1258 1157 1330 ἡμέρᾳ,
1191 1260 1266 1331 μή
1297 1259 1400 1314 πού
1429 1274 1480 1312 τι
1504 1258 1812 1329 λυμήνηται
1853 1258 1969 1320 τοῖς

288 1347 474 1411 πόνοις
499 1359 525 1388 ι
558 1346 724 1401 αὐτοῦ
746 1363 760 1377 ·
786 1345 877 1399 τὸν
924 1345 1086 1401 αὐτὸν
1112 1346 1177 1419 δὴ
1205 1347 1405 1419 τρόπον
1444 1344 1601 1414 κάγὼ
1638 1342 1779 1415 ὁρῶν
1809 1342 1966 1415 ὑμῶν

285 1434 389 1506 τὴν
418 1435 658 1506 ἄρουραν
682 1433 887 1505 ταύτην
916 1435 1016 1505 τὴν
1048 1435 1426 1505 πνευματικὴν
1475 1432 1618 1487 οὕτω
1643 1430 1964 1493 θάλλουσαν,

287 1522 387 1576 καὶ
438 1523 530 1575 τὸν
564 1521 931 1593 πνευματικὸν
988 1519 1179 1576 τοῦτον
1212 1520 1413 1592 σπόρον
1442 1521 1553 1583 τοῖς
1580 1520 1680 1591 τῆς
1728 1517 1966 1583 διανοίας

286 1610 514 1674 κόλποις
562 1611 1136 1683 παρακατατιθέμενον
1164 1651 1180 1675 ,
1227 1608 1364 1682 ὁμοῦ
1399 1610 1493 1663 καὶ
1542 1607 1716 1680 χαίρω
1749 1607 1844 1662 καὶ
1879 1607 1968 1660 εὐ-

289 1697 610 1770 φραίνομαι,
641 1698 737 1752 καὶ
760 1697 927 1752 πολὺν
958 1697 1068 1769 ἔχω
1092 1698 1184 1751 τὸν
1227 1695 1379 1769 [505]
1411 1695 1618 1765 ἀγῶνα,
1669 1693 1826 1758 εἰδὼς
1870 1693 1967 1748 τοῦ

288 1785 490 1857 ἐχθροῦ
525 1785 620 1840 καὶ
651 1784 938 1839 ἐπιϐούλου
972 1785 1074 1855 τῆς
1103 1784 1379 1856 σωτηρίας
1422 1784 1520 1855 τῆς
1565 1785 1839 1855 ἡμετέρας
1865 1782 1965 1854 τὴν

288 1873 579 1944 πονηρίαν.
633 1872 898 1944 Καθάπερ
946 1871 1056 1943 7&9
1097 1873 1147 1925 οἱ
1189 1872 1330 1925 κατά
1371 1871 1644 1926 θάλατταν
1684 1870 1965 1941 πειραταὶ,

289 1959 513 2014 ἐπειδὰν
540 1959 693 2013 ἴδωσι
723 1958 856 2013 ναῦν
884 1958 1093 2013 πολλῶν
1117 1958 1352 2030 φορτίων
1384 1956 1841 2029 πεπληρωμένην,
1871 1958 1967 2011 καὶ

290 2047 526 2101 πλοῦτον
550 2047 755 2115 ἄφατον
782 2045 1149 2117 ἐπαγομένην,
1200 2046 1322 2099 τότε
1354 2044 1590 2116 μάλιστα
1623 2043 1825 2116 πολλὴν
1868 2043 1967 2116 τὴν

292 2135 586 2207 ἐπιϐουλὴν
641 2132 1060 2199 ἐπιδείκνυνται,
1114 2133 1253 2188 ὥστε
1287 2134 1466 2188 πάντα
1515 2130 1815 2187 καταδῦσαι
1874 2130 1968 2186 τὸν

289 2223 514 2292 φόρτον,
532 2222 626 2276 καὶ
641 2222 882 2292 γυμνοὺς
902 2222 998 2275 καὶ
1019 2221 1259 2293 ἐρήμους
1287 2222 1414 2284 τοὺς
1438 2218 1776 2291 ἐμπλέοντας
1799 2235 1969 2273 κατα-

290 2307 493 2376 στῆσαι
512 2322 525 2335 ·
551 2304 696 2359 οὕτω
713 2304 777 2377 δὴ
813 2304 908 2358 καὶ
927 2306 958 2359 ό
979 2302 1244 2368 διάϐολος,
1267 2303 1396 2357 ὅταν
1426 2302 1511 2376 ίδῃ
1538 2301 1707 2356 πολὺν
1736 2300 1968 2355 πλοῦτον

289 2388 632 2461 συνηγμένον
669 2388 1060 2459 πνευματικὸν,
1095 2388 1191 2443 καὶ
1223 2386 1534 2458 προθυμίαν
1583 2386 1834 2452 ζέουσαν,
1872 2385 1969 2439 καὶ

281 2473 530 2528 διάνοιαν
553 2471 988 2543 διεγηγερμένην
1013 2511 1030 2536 ,
1072 2472 1166 2525 καὶ
1209 2470 1331 2525 καθ’
1363 2470 1600 2540 ἑκάστην
1631 2468 1848 2540 ἡμέραν
1875 2466 1968 2521 τὸν

288 2552 524 2609 πλοῦτον
550 2552 937 2625 αὐξανόμενον,
968 2554 1225 2608 δάκνεται
1254 2553 1350 2607 καὶ
1367 2551 1542 2625 τρίζει
1572 2549 1698 2614 τοὺς
1722 2550 1968 2614 ὀδόντας,

284 2638 390 2692 καὶ
411 2635 657 2707 καθάπερ
685 2637 951 2709 πειρατὴς
976 2635 1120 2691 οὕτω
1149 2635 1500 2709 περιέρχεται
1520 2632 1718 2705 μυρίας
1736 2631 1970 2686 ἐπινοῶν

292 2719 564 2793 μηχανὰς,
597 2718 740 2773 ὥστε
775 2718 1032 2790 βραχεῖάν
1059 2735 1179 2773 τινα
1215 2719 1396 2790 εὑρεῖν
1438 2716 1643 2772 είσοδον
1665 2754 1683 2779 ,
1740 2716 1836 2769 καὶ
1868 2730 1968 2784 γυ-

288 2804 466 2876 μνοὺς
497 2804 590 2857 καὶ
620 2804 861 2875 ἐρήμους
887 2804 1035 2875 ἡμᾶς
1062 2803 1361 2874 ἀποφῆναι,
1394 2804 1490 2858 καὶ
1531 2801 1759 2873 συλῆσαι
1789 2799 1970 2855 πάντα

288 2887 387 2942 τὸν
421 2884 647 2939 πλοῦτον
673 2886 835 2957 ήμῶν
861 2886 954 2940 τόν
973 2886 1361 2957 πνευματικόν.
1383 2885 1485 2940 Διά
1499 2902 1586 2940 τοι
1608 2884 1766 2939 τοῦτο
1787 2885 1970 2957 νήφω-

291 2987 420 3041 μεν,
451 2968 774 3040 παρακαλῶ,
797 2969 891 3023 καὶ
911 2970 1021 3040 ὅσῳ
1050 2968 1118 3023 ἂν
1148 2969 1216 3023 τά
1246 2970 1346 3041 τῆς
1376 2966 1695 3039 περιουσίας
1719 2968 1853 3040 ήμῖν
1872 2964 1970 3020 αὖ·

289 3053 456 3124 ξηται
480 3055 579 3123 τῆς
608 3052 1003 3124 πνευματικῆς,
1036 3051 1275 3123 τοσούτῳ
1316 3052 1410 3106 καὶ
1439 3052 1507 3107 τὰ
1533 3051 1636 3123 τῆς
1661 3051 1969 3124 ἀγρυπνίας

290 3136 669 3199 ἐπιτεινέσθω,
715 3137 811 3191 καὶ
839 3135 1177 3206 πανταχόθεν
1206 3134 1640 3206 ἀποτειχίζωμεν
1690 3135 1840 3205 αὐτῷ
1868 3134 1968 3200 τὰς

290 3221 542 3290 ἐφόδους,
567 3220 665 3280 καίΙ
692 3218 780 3274 διὰ
806 3219 907 3290 τῆς
946 3219 1176 3290 ἀρίστης
1221 3217 1499 3281 πολιτείας
1525 3217 1624 3288 τὴν
1674 3217 1825 3288 παρά
1872 3216 1968 3272 τοῦ

288 3300 435 3357 Θεοῦ
468 3301 682 3356 εὖνοιαν
708 3300 1170 3372 ἐπισπασάμενοι,
1196 3300 1505 3371 ἀνωτέρως
1542 3301 1773 3362 ἑαυτοὺς
1800 3314 1968 3354 κατα-

291 3386 587 3456 στήσωμεν
609 3384 722 3439 τῶν
746 3384 843 3441 τοῦ
877 3384 1123 3439 διαϐόλου
1145 3382 1336 3453 βελῶν.
1368 3381 1611 3453 Πονηρὺν
1633 3382 1743 3454 γάρ
1765 3384 1883 3436 ἐστι
1908 3384 1970 3437 τὸ

289 3468 505 3539 θηρίον,
537 3468 633 3523 καὶ
661 3467 1034 3533 πολυπλόκους
1056 3466 1169 3537 ἔχει
1201 3466 1298 3529 τὰς
1325 3466 1571 3539 μηχανάς
1588 3482 1602 3497 ’
1628 3466 1723 3518 καὶ
1746 3466 1969 3521 ἐπειδὰν

294 3552 376 3624 μὴ
404 3551 606 3623 δυνηθῇ
631 3551 692 3616 ἐξ
721 3550 937 3615 εὐθείας
961 3552 1099 3622 πρὸς
1127 3550 1228 3622 τὴν
1256 3549 1456 3604 κακίαν
1480 3549 1628 3621 ἡμᾶς
1671 3549 1965 3621 ὐποσῦραι,

290 3636 393 3692 καὶ
421 3636 508 3690 δια
558 3634 658 3707 τῆς
692 3636 910 3707 ἀπάτης
939 3635 1192 3693 δελεάσαι
1212 3650 1226 3665 ’
1257 3634 1379 3688 οὐδὲ
1409 3633 1518 3702 γὰρ
1547 3632 1811 3705 βιάζεται,
1848 3634 1968 3688 οὐδὲ

292 3719 621 3789 ἀναγκάζει,
662 3720 737 3791 μή
770 3721 1001 3788 γένοιτο,
1025 3718 1140 3773 ἀλλ’
1177 3720 1362 3790 ἀπατᾷ
1400 3718 1581 3790 μόνον,
1612 3717 1709 3771 καὶ
1748 3717 1969 3771 ἐπειδὰν

290 3803 385 3875 ζόη
411 3798 806 3873 ῥᾳθυμοῦντας,
837 3801 1218 3866 ὑποσκελίζει·
1256 3802 1386 3854 ὅταν
1433 3796 1528 3854 οῦν
1580 3798 1656 3871 μή
1685 3798 1752 3852 δι’
1800 3798 1971 3870 αὐτῆς

290 3887 396 3957 τῆς
425 3887 626 3952 κακίας
651 3887 946 3959 προφανῶς
969 3882 1172 3958 δυνηθῇ
1203 3887 1269 3957 τῇ
1300 3885 1550 3957 ήμετέρα
1599 3883 1845 3955 σωτηρίᾳ
1874 3883 1968 3937 λυ-

295 3969 593 4041 μήνασθαι,
646 3968 907 4034 πολλάκις
933 3969 1001 4025 δι’
1028 3966 1211 4024 αὐτῶν
1247 3969 1354 4021 τῶν
1389 3966 1489 4036 τῆς
1535 3966 1737 4036 ἀρετῆς
1769 3965 1967 4037 ἔργων,

291 4050 375 4107 ὧν
401 4054 700 4124 μετίωμεν,
729 4054 791 4108 τὸ
821 4050 1020 4124 δέλεαρ
1046 4052 1301 4107 ἐμϐαλὼν
1349 4049 1722 4112 λανθανόντως
1754 4048 1970 4103 ᾶπαντα

290 4140 390 4196 τὸν
420 4140 648 4197 πλοῦτον
676 4142 957 4196 κατέδυσε.

370 4229 438 4283 Τί
465 4225 558 4284 οὖν
581 4230 750 4295 ἐστιν,
775 4230 804 4282 ὃ
828 4246 901 4300 φη
911 4245 1002 4299 μι;
1025 4229 1319 4296 ἀναγκαῖον
1342 4225 1451 4298 7&9
1473 4226 1604 4280 αὐτὸ
1634 4227 1970 4297 σαφέστερον

292 4314 494 4376 αἰπειν,
527 4313 614 4366 ἵνα
642 4310 983 4382 διδαχθέντες
1002 4310 1168 4365 αὐτοῦ
1216 4309 1316 4373 τὰς
1348 4307 1662 4373 ἐπιϐουλὰς,
1692 4308 1971 4378 διαφύγω-

297 4413 404 4467 μεν
427 4396 529 4467 τὴν
557 4395 805 4449 ἐντεῦθεν
842 4393 1063 4465 βλάϐην.
1095 4394 1264 4447 Ὅταν
1311 4391 1395 4463 ίδῃ
1430 4390 1505 4462 μὴ
1556 4391 1795 4453 εὐκόλως
1818 4391 1967 4462 ἡμᾶς

292 4481 768 4552 καταδεχομένους
816 4479 1029 4550 γυμνὴν
1082 4477 1180 4547 τὴν
1217 4474 1438 4538 κακίαν,
1477 4473 1615 4528 ἀλλὰ
1670 4475 1969 4545 φεύγοντας

298 4566 405 4638 μὲν
434 4564 534 4633 τὴν
568 4562 878 4631 ἀσέλγειαν,
911 4561 1007 4631 τὴν
1056 4558 1115 4612 δέ
1145 4556 1499 4629 σωφροσύνην
1532 4556 1967 4628 ἀσπαζομένους,

296 4648 399 4702 καὶ
431 4645 594 4700 πάλιν
610 4645 710 4717 τὴν
739 4643 1052 4709 πλεονεξίαν
1067 4639 1603 4712 ἀποστρεφομένους,
1626 4642 1722 4693 καὶ
1753 4639 1972 4710 μισοῦν-

294 4747 402 4794 τας
434 4729 535 4800 τὴν
571 4726 806 4792 ἀδικίαν,
865 4725 958 4780 καὶ
994 4724 1094 4795 τῆς
1123 4722 1338 4792 τρυφῆς
1384 4720 1820 4789 καταγελῶντας,
1875 4721 1971 4773 καὶ

296 4807 580 4883 νηστείαις
604 4809 699 4863 καὶ
715 4808 1046 4880 προσευχαῖς
1074 4806 1300 4867 ἐαυτοὺς
1322 4803 1708 4866 ἐκδεδωκότας,
1732 4804 1827 4857 καὶ
1842 4804 1971 4873 περὶ

295 4894 402 4963 τὴν
434 4891 807 4963 ἐλεημοσύνην
854 4888 1288 4951 ἐσπουδακόταςο
1322 4886 1447 4940 τότε
1474 4885 1658 4939 λοιπόν
1695 4886 1970 4956 μεθοδεύει

297 4974 499 5048 ἐτέραν
530 4975 797 5047 μηχανὴν,
820 4974 889 5028 δι’
914 4969 983 5046 ῆς
1008 4972 1168 5043 ἡμῶν
1189 4970 1288 5041 τὴν
1317 4968 1578 5040 εὐπορίαν
1620 4968 1839 5022 ἃπασαν
1882 4968 1973 5022 λυ-

301 5056 578 5131 μήνασθαι
608 5057 914 5130 δυνήσεται,
934 5057 1029 5110 καὶ
1054 5054 1291 5108 τοσαῦτα
1316 5051 1715 5123 κατορθώματα
1737 5052 1973 5122 ἀνόνητα

294 5142 437 5214 ἡμῖν
461 5140 763 5207 ἀποδεῖξαι.
793 5139 934 5199 Τοὺς
958 5138 1068 5209 γὰρ
1094 5135 1233 5208 μετά
1265 5133 1460 5189 πολλοῦ
1492 5131 1587 5187 τοῦ
1637 5133 1792 5186 τόνου
1819 5151 1973 5206 περι-

297 5223 599 5295 γεγονότας
626 5220 789 5276 αὐτοῦ
813 5221 920 5274 τῶν
957 5217 1217 5292 μηχανῶν
1234 5214 1641 5289 παρασκευάζει
1678 5216 1822 5287 μέγα
1842 5233 1973 5288 φρο-

297 5308 417 5361 νεῖν
448 5307 540 5359 ἐπὶ
560 5305 671 5370 τοῖς
696 5301 1105 5375 κατορθώμασι,
1132 5301 1229 5356 καί¹
1254 5300 1393 5371 πρὸς
1415 5298 1514 5371 τὴν
1538 5298 1648 5350 τῶν
1669 5297 1974 5369 ἀνθρώπων

297 5386 636 5444 ἀποϐλέπειν
686 5387 843 5454 δόξαν
867 5426 883 5453 ,
935 5385 1023 5440 ἶνα
1055 5385 1158 5455 τῆς
1209 5380 1446 5454 ἀληθοῦς
1501 5376 1658 5451 δόξης
1719 5381 1973 5434 ἐκπεσεῖν

298 5471 532 5543 ποιήσῃ.
572 5470 630 5524 '0
661 5470 771 5541 7&9
803 5468 1005 5541 μετιών
1025 5484 1080 5520 τι
1102 5466 1210 5520 τῶν
1248 5464 1656 5535 πνευματικῶν,
1689 5466 1786 5516 καὶ
1838 5464 1974 5534 πρὸς

297 5551 657 5624 ἀνθρωπίνην
682 5550 907 5622 ἀφορῶν
922 5549 1100 5614 δόξαν,
1129 5547 1323 5619 ἀπέχει
1358 5546 1447 5600 τὸν
1475 5545 1667 5617 μισθὸν
1695 5545 1859 5599 αὐτοῦ
1884 5549 1972 5598 ἐν-

296 5636 496 5690 τεῦθεν
523 5636 647 5708 ήδη,
688 5636 782 5690 καί¹
809 5636 910 5688 οὐκ
937 5633 1015 5687 ἐτι
1043 5632 1228 5686 λοιπὸν
1252 5629 1534 5702 ὀφειλέτην
1553 5629 1667 5700 ἔχει
1695 5628 1785 5682 τδν
1813 5629 1970 5683 Θεόν.

300 5719 443 5791 Παρ*
475 5714 553 5774 ὧν
589 5719 698 5790 7&9
752 5718 1058 5788 ἐπεζήτησε
1115 5711 1457 5783 δοξασθῆναι,
1517 5711 1800 5781 ἀπήλαυσε
1858 5710 1971 5764 τῶν

301 5802 563 5865 ἐπαίνων,
592 5800 862 5854 κάκείνων
888 5798 998 5852 τῶν
1019 5795 1446 5867 ἐπηγγελμένων
1469 5792 1621 5864 παρὰ
1646 5791 1743 5846 τοῦ
1764 5793 1969 5846 Δεσπό-

303 5899 400 5936 του
424 5883 797 5955 ἀπεστέρησεν
845 5880 1058 5944 ἐαυτὸν,
1114 5878 1459 5951 προτιμήσας
1496 5874 1603 5946 τὴν
1634 5878 1965 5948 πρόσκαιρον

376 6020 400 6050 ⁸
425 6023 698 6083 Λυμῆνηται
730 6020 838 6075 τοὺς
854 6021 1039 6073 πόνους.
1063 6016 1145 6064 Sic
1169 6022 1273 6063 Iros
1289 6027 1402 6061 mxs.

729 6126 1000 6185 ΡΑτιιοι..
1047 6122 1167 6179 GR.
1216 6122 1373 6180 LIII.

1434 353 1499 410 IN
1537 354 1695 410 CAP.
1732 351 1801 409 ιιι
1843 346 2090 407 οειιεε.
2131 346 2369 408 ηωιη..
2407 350 2596 407 XXXI.

3642 351 3752 408 εει

2075 463 2354 536 εὐφημίαν
2391 469 2489 523 καὶ
2514 468 2613 540 τὴν
2655 468 2809 542 παρὰ
2845 467 2956 523 τῶν
3000 467 3280 541 ὁμογενῶν
3327 469 3428 541 τῆς
3463 467 3615 541 παρά
3646 469 3744 524 τοῦ

2073 550 2294 607 πάντων
2314 553 2671 628 δημιουργοῦ.
2700 557 2810 610 Καὶ
2834 554 2993 611 τοῦτο
3013 556 3301 629 προλαϐὼν
3318 557 3503 624 αὐτὸς,
3538 557 3634 613 καὶ
3652 556 3747 611 ἐπὶ

2073 635 2405 706 προσευχῆς,
2447 637 2543 691 καὶ
2570 638 2664 691 ἐπὶ
2695 638 3084 711 ἐλεημοσύνης,
3116 639 3210 694 καὶ
3241 640 3337 695 ἐπὶ
3354 641 3611 713 νηστείας
3636 639 3747 696 ἐδί-

2072 720 2254 787 δαξεν.
2282 719 2426 774 οὕτω
2451 720 2626 790 λέγων
2641 738 2655 751 ο
2686 721 2869 776 Ὅταν
2886 723 3210 792 νηστεύῃς,
3228 718 3477 793 ἄλειψαί
3497 738 3618 780 σου
3632 725 3752 793 τὴν

2072 803 2373 873 κεφαλὴν,
2391 804 2491 858 καί
2514 803 2582 859 τό
2608 805 2931 873 πρόσωπόν
2958 820 3076 861 σου
3101 807 3294 876 vim,
3310 806 3460 880 [506]
3481 808 3644 874 ὅπως
3658 806 3750 878 μὴ

2071 886 2272 956 φανῇς
2292 887 2417 955 τοῖς
2439 888 2774 957 ἀνθρώποις
2798 890 3131 957 νηστεύων,
3148 890 3309 946 ἀλλὰ
3334 891 3416 957 τῷ
3437 892 3620 960 Πατρί
3627 908 3750 947 σου

2071 968 2154 1035 τῷ
2168 969 2241 1024 ἐν
2263 969 2344 1035 τῷ
2362 969 2604 1039 κρυπτῷ
2619 985 2635 1002 ⁸
2667 973 2766 1027 καί
2800 975 2833 1026 ὁ
2863 973 3064 1043 Πατήρ
3083 987 3223 1035 σου,
3253 976 3287 1028 ό
3304 974 3557 1038 ,Βλέπων
3574 975 3646 1029 ἐν
3662 972 3747 1040 τῷ

2072 1050 2335 1119 κρυπτῷ,
2379 1053 2682 1110 ἀποδώσει
2708 1067 2829 1109 σοι.
2882 1054 2993 1111 Καὶ
3020 1054 3182 1111 πάλιν
3196 1071 3211 1087 ο
3254 1056 3442 1113 ’Ὅταν
3465 1055 3534 1110 δὲ
3559 1056 3747 1126 ποιῇς(

2070 1134 2495 1207 ἐλεημοσύνην
2514 1174 2531 1202 ,
2550 1138 2639 1207 μὴ
2665 1138 3003 1207 σαλπίσῃς,
3028 1139 3215 1208 φησὶν,
3241 1138 3586 1209 ἔμπροσθέν
3603 1155 3745 1205 σου,

2069 1215 2275 1289 ὥσπερ
2304 1223 2360 1275 οἱ
2387 1221 2700 1290 ὑποκριταί
2747 1222 3031 1277 ποιοῦσιν
3071 1222 3144 1276 ἐν
3198 1221 3330 1286 ταῖς
3368 1221 3749 1292 συναγωγαῖς

2071 1303 2171 1358 καί
2193 1302 2265 1357 ἐν
2282 1302 2413 1369 ταῖς
2435 1304 2676 1373 ῥύμαις,
2708 1304 2868 1371 ὅπως
2897 1303 3286 1370 δοξασθῶσιν
3334 1303 3457 1362 ὑπὸ
3493 1305 3612 1361 τῶν
3637 1306 3747 1361 ἁν-

2072 1388 2339 1457 θρώπων.
2372 1390 2562 1461 Ἀμὴν
2586 1391 2741 1461 λέγω
2759 1391 2925 1461 ὑμῖν,
2958 1390 3260 1461 ἀπέχουσι
3279 1391 3388 1447 τὸν
3401 1392 3627 1463 μισθὸν
3643 1394 3753 1447 αὐ-

2072 1473 2207 1530 τῶν.
2234 1471 2388 1540 Εἶδες
2431 1475 2549 1539 πῶς
2593 1476 2625 1529 ό
2648 1475 2855 1548 ταύτην
2884 1475 2983 1549 τὴν
3016 1474 3176 1543 δόξαν
3204 1477 3481 1548 ἐπιζητῶν
3528 1477 3750 1550 ἐκείνης

2072 1557 2465 1628 ἀπεστέρηται,
2502 1560 2533 1612 ό
2559 1556 2623 1611 δέ
2661 1557 2746 1613 διὰ
2776 1559 2936 1613 τοῦτο
2963 1558 3064 1631 τὴν
3090 1559 3293 1631 ἀρετὴν
3323 1559 3744 1632 μετερχόμενος,

2073 1640 2169 1695 καὶ
2196 1641 2479 1697 λανθάνειν
2504 1642 2827 1714 βουλόμενος
2849 1643 2974 1709 τοὺς
3001 1642 3344 1714 ἀνθρώπους,
3375 1643 3496 1697 κατ’
3527 1643 3746 1715 ἐκείνην

2069 1725 2171 1797 τὴν
2195 1724 2410 1798 ἡμέραν
2440 1725 2539 1797 τὴν
2567 1725 2807 1799 φοϐερὰν
2830 1728 2892 1781 ἐν
2911 1726 2993 1797 τῷ
3044 1726 3266 1798 φανερῷ
3312 1726 3548 1798 λήψεται
3591 1726 3747 1799 παρά

2071 1808 2164 1862 τοῦ
2194 1808 2467 1863 Δεσπότου
2511 1809 2613 1873 τὰς
2636 1809 2890 1881 ἀμοιϐάς.
2932 1809 2987 1864 '0
3013 1810 3126 1880 7&9
3167 1809 3370 1878 Παττὰ)
3397 1820 3535 1876 σου,
3556 1811 3744 1882 φησὶν,

2071 1892 2106 1945 ὁ
2131 1890 2386 1955 ,ϐλέπων
2415 1891 2486 1945 ἐν
2521 1891 2603 1958 τῷ
2631 1891 2895 1961 κρυπτῷ,
2947 1891 3249 1949 ἀποδώσει
3281 1908 3383 1949 σοι
3429 1895 3499 1949 έν
3529 1895 3612 1962 τῷ
3632 1913 3748 1966 φα-

2070 1974 2240 2042 νερῷ.
2262 1975 2355 2045 Μὴ
2380 1973 2538 2028 τοῦτο
2570 1974 2764 2039 ἐννόει,
2795 1976 2980 2047 φησὶν,
3007 1976 3091 2030 ότι
3115 1976 3288 2041 οὐδεὶς
3308 1977 3417 2030 τῶν
3439 1977 3747 2050 ἀνθρώπων

2071 2055 2305 2128 ἐπῄνεσέ
2357 2073 2441 2120 σε,
2477 2057 2574 2111 καίΙ
2622 2057 2706 2112 ὅτι
2747 2057 3026 2112 λανθάνων
3083 2058 3324 2131 μετέρχῃ
3374 2059 3474 2132 τὴν
3504 2060 3744 2133 ἀρετήν·

2069 2141 2187 2195 ἀλλ’
2211 2141 2389 2196 ἐκεῖνο
2403 2141 2642 2211 λογίζου,
2665 2142 2745 2196 ὅτι
2781 2141 3017 2214 τοσαύτη
3044 2141 3138 2195 τοῦ
3173 2142 3447 2197 Δεσπότου
3499 2141 3656 2198 ἔσται
3707 2145 3745 2214 ἠ

2071 2224 2352 2297 φιλοτιμία
2380 2226 2499 2298 μετ’
2525 2225 2588 2280 οὐ
2618 2225 2754 2280 πολὺ
2779 2267 2794 2290 ,
2833 2225 2921 2289 ὡς·
2959 2224 3034 2298 μὴ
3076 2225 3446 2292 λανθανόντως
3469 2266 3486 2290 ,
3527 2227 3652 2299 μηδ’
3685 2230 3745 2284 ἐν

2071 2308 2394 2380 ἀποκρύφῳ,
2427 2309 2567 2364 ἀλλά
2597 2308 2797 2373 παντὸς
2822 2308 2918 2363 τοῦ
2945 2309 3051 2364 τῶν
3080 2309 3382 2381 ἀνθρώπων
3427 2311 3620 2381 γένους
3647 2313 3744 2368 τοῦ

2072 2391 2185 2447 ἀπδ
2222 2391 2395 2462 Ἀδὰμ
2428 2392 2589 2464 μέχρι
2616 2393 2717 2464 τῆς
2739 2392 3049 2457 συντελείας
3097 2393 3363 2465 παρόντος
3408 2397 3746 2469 ἀνακηρύξει

2075 2491 2138 2530 σε
2170 2477 2266 2530 καὶ
2319 2475 2654 2545 στεφανώσει
2678 2516 2694 2541 ,
2735 2477 2832 2530 καὶ
2867 2476 2978 2530 τῶν
3005 2476 3184 2530 πόνων
3234 2477 3335 2549 τῆς
3396 2479 3597 2550 ἀρετῆς
3644 2482 3748 2547 τάς

2074 2556 2309 2628 ἀμοιϐὰς
2337 2556 2628 2612 ἀποδώσει.
2658 2558 2827 2622 Ποίας
2850 2555 2945 2613 οὖν
2971 2559 3041 2614 ἂν
3066 2555 3176 2614 εἶεν
3212 2560 3510 2630 ἀπολογίας
3536 2562 3675 2631 αξιοι
3692 2565 3743 2618 οί

2073 2642 2169 2696 καὶ
2188 2640 2280 2696 τὸν
2297 2640 2458 2695 πόνον
2475 2640 2577 2711 τῆς
2600 2642 2804 2713 ἀρετῆς
2834 2642 3219 2713 ὑπομένοντες,
3237 2644 3332 2698 καὶ
3347 2644 3435 2699 διά
3453 2646 3553 2718 τὴν
3576 2647 3747 2718 πρόσ-

2072 2741 2285 2798 καιρον.
2318 2725 2414 2780 καὶ
2437 2726 2649 2797 εὐτελῆ,
2683 2725 2779 2780 καὶ
2809 2725 3048 2797 ματαίαν
3079 2726 3239 2790 δόξαν
3285 2728 3387 2796 τὴν
3435 2729 3589 2799 παρὰ
3634 2729 3746 2785 τῶν

2071 2805 2349 2875 ὁμογενῶν
2384 2805 2488 2877 τῆς
2520 2805 2724 2861 ἀνωθεν
2746 2807 2913 2879 τιμῆς
2941 2807 3168 2873 ἑαυτοὺς
3200 2808 3670 2880 ἀποστεροῦντεςς

2145 2920 2209 2991 β’.
2229 2919 2681 2993 ’Δσφαλιζώμεθα
2700 2920 2897 2980 τοίνυν.
2928 2918 3252 2993 παρακαλῶ,
3267 2918 3362 2975 καὶ
3375 2922 3513 2995 ὅπερ
3531 2923 3598 2978 ἂν
3612 2942 3748 2981 κατ-

2070 3007 2389 3080 αξιωθῶμεν
2408 3007 2567 3080 ἔργον
2586 3006 2954 3078 πνευματικὸν
2979 3004 3244 3077 μετιέναι,
3265 3006 3423 3060 τοῦτο
3438 3008 3601 3062 παντὶ
3619 3007 3747 3082 τρό-

2073 3111 2161 3164 πῳ
2189 3091 2529 3163 πανταχόθεν
2558 3092 2616 3145 ἐν
2639 3090 2752 3154 τοῖς
2787 3088 3055 3162 ταμιείοις
3081 3088 3182 3159 τῆς
3213 3087 3454 3153 διανοίας
3474 3090 3574 3159 τῆς
3604 3093 3746 3162 ημε-

2070 3177 2233 3248 τέρας
2256 3175 2519 3246 κρύπτειν
2549 3173 2959 3245 σπουδάζωμεν.
2987 3172 3076 3227 ἵνα
3103 3173 3310 3226 ἐκεῖνον
3326 3173 3418 3228 τὸν
3443 3174 3745 3245 ἀκοίμητον

2071 3256 2349 3329 ὀφθαλμόν
2374 3258 2588 3330 ἔχωμεν
2612 3256 2923 3328 ἐπαινέτην,
2954 3257 3049 3310 καί⁸
3084 3255 3159 3329 μὴ
3182 3256 3272 3311 διὰ
3292 3257 3393 3330 τὴν
3407 3256 3518 3311 τῶν
3542 3257 3745 3330 ἀνθρώ-

2071 3360 2191 3397 πων
2208 3342 2503 3413 εὐφημίαν.
2538 3340 2634 3395 καὶ
2664 3341 2790 3404 τοὺς
2807 3338 2942 3411 πρὸς
2965 3339 3127 3411 χάριν
3153 3338 3412 3406 πολλάκις
3428 3341 3747 3410 γινομένους

2072 3428 2347 3501 ἐπαίνους,
2385 3426 2484 3498 τῆς
2529 3424 2683 3497 παρά
2734 3422 2829 3477 τοῦ
2880 3421 3152 3477 Δεσπότου
3184 3424 3461 3496 εὐφημίας
3518 3424 3748 3489 ἐαυτούς

2071 3511 2323 3580 ἀναξίους
2348 3510 2805 3580 καταστήσωμεν.
2838 3506 2948 3562 Καὶ
2966 3507 3074 3578 γὰρ
3090 3507 3374 3579 ἀμφότερα
3393 3507 3632 3580 ὀλέθρια,
3650 3508 3748 3562 καὶ

2069 3593 2214 3664 λύμη
2243 3593 2343 3663 τῆς
2363 3591 2641 3663 ἡμετέρας
2670 3588 2967 3661 σωτηρίας,
2988 3589 3083 3643 καὶ
3105 3590 3167 3642 τὸ
3182 3589 3318 3660 πρὸς
3350 3589 3508 3655 δόξαν
3534 3589 3747 3660 ἀνθρω-

2072 3676 2232 3747 πίνην
2286 3674 2577 3744 ἀφορῶντα
2624 3692 2676 3727 τι
2713 3672 3143 3744 διαπράττεσθαι
3176 3670 3287 3725 τῶν
3335 3671 3742 3742 πνευματικῶν,

2073 3767 2167 3818 καὶ
2187 3765 2248 3819 τὸ
2288 3762 2430 3836 μέγα
2466 3764 2684 3835 φρονεῖν
2715 3762 2802 3830 ἐφ’
2829 3755 2913 3825 οἷς
2945 3759 3011 3813 ἂν
3036 3750 3393 3831 1κατορθῶσαι
3421 3759 3642 3832 δυνηθῇ.
3667 3760 3747 3814 Δι’

2072 3849 2101 3903 ὃ
2127 3848 2318 3918 νήφειν
2347 3845 2454 3917 χρὴ
2502 3844 2600 3898 καὶ
2634 3840 2993 3916 ἐγρηγορέναι
3020 3881 3035 3906 ,
3071 3842 3166 3896 καὶ
3215 3842 3285 3895 τά
3309 3841 3417 3896 ἀπὸ
3457 3843 3557 3911 τῆς
3594 3841 3747 3908 θείας

2073 3930 2295 4004 Γραφῆς
2320 3930 2587 4000 φάρμακα
2621 3927 2919 3980 ἐπιτιθέναι
2950 3924 3189 3997 συνεχῶς
3217 3925 3453 3988 ἑαυτοῖς,
3486 3924 3626 3979 ὥστε
3667 3926 3745 3999 μὴ

2072 4013 2276 4069 ἁλῶναι
2321 4015 2434 4074 τοῖς
2464 4008 2730 4080 ὀλεθρίοις
2761 4008 2971 4071 τούτοις
3005 4006 3224 4062 πάθεσι.
3280 4005 3399 4061 Κᾶν
3431 4008 3541 4078 γὰρ
3575 4009 3744 4079 μυρία

2071 4112 2154 4157 τις
2206 4092 2586 4164 κατωρθωκὼς
2614 4086 2671 4163 ᾖ,
2706 4089 2801 4143 καὶ
2830 4090 3046 4144 ἃπασαν
3101 4089 3199 4161 τὴν
3230 4090 3432 4161 ἀρετὴν
3463 4089 3742 4156 διανύσας.

2077 4176 2216 4246 μέγα
2235 4177 2292 4231 δέ
2312 4178 2482 4247 φρονῇ
2519 4172 2735 4227 πάντων
2756 4172 3115 4243 ἐλεεινότερος
3136 4171 3202 4226 ἂν
3218 4172 3427 4241 γένοιτο
3447 4172 3541 4226 καὶ
3556 4173 3745 4228 ἀθλιώ-

2074 4277 2247 4330 τερος.
2274 4259 2387 4314 Καὶ
2413 4255 2569 4312 τοῦτο
2591 4255 2750 4327 δῆλον
2786 4257 2921 4328 ἡμῖν
2951 4254 3277 4327 γεγένηται,
3315 4255 3373 4322 ἐξ
3400 4248 3475 4308 ὧν
3512 4255 3542 4308 ό
3576 4256 3743 4326 Φαρι-

2078 4345 2225 4407 σαῖος
2253 4345 2458 4407 ἐκεῖνος
2485 4340 2769 4411 ὑπέμεινε,
2807 4339 3018 4410 μεγάλα
3050 4340 3327 4410 φρονήσας
3359 4339 3502 4393 κατά
3538 4338 3632 4393 τοῦ
3656 4355 3747 4393 τε·

2074 4424 2266 4487 λώνου,
2325 4424 2421 4478 καὶ
2450 4422 2687 4477 ἐλάττων
2719 4419 2812 4475 τοῦ
2861 4419 3093 4475 τελώνου
3132 4420 3329 4492 ἀθρόον
3357 4421 3618 4490 γεγονὼς,
3653 4422 3746 4475 καὶ

2072 4509 2161 4563 διὰ
2189 4508 2290 4577 τῆς
2321 4507 2524 4570 οίκείας
2550 4505 2800 4577 γλώττης
2831 4506 3009 4560 πάντα
3056 4502 3222 4561 αὐτοῦ
3255 4505 3348 4558 τὸν
3384 4503 3612 4560 πλοῦτον
3644 4505 3746 4573 τῆς

2074 4591 2277 4665 ἀρετῆς
2300 4590 2520 4661 ἐκχέας,
2542 4590 2637 4645 καὶ
2658 4588 2868 4661 γυμνὸν
2894 4589 2988 4643 καὶ⁵
3017 4588 3223 4661 ἐρημον
3252 4587 3445 4643 ἐαυτὸν
3475 4589 3745 4658 καταστήο

2076 4692 2197 4740 σας,
2226 4674 2321 4727 καὶ
2336 4673 2486 4740 ξένον
2507 4673 2602 4727 καὶ
2631 4671 2818 4726 καινὸν
2832 4672 3092 4741 ναυάγιον
3118 4671 3437 4740 ὑπομείνας.
3468 4670 3563 4733 El:
3581 4669 3746 4725 αὐτὸν

2074 4759 2185 4830 7&9
2219 4756 2387 4811 ἐλθὼν
2423 4755 2517 4810 τὸν
2545 4755 2739 4826 λιμένα
2771 4755 2988 4810 ᾶπαντα
3021 4754 3114 4807 τὸν
3153 4755 3351 4826 φόρτον
3397 4750 3562 4806 αὐτοῦ
3610 4771 3742 4807 κατ-

2076 4841 2251 4914 έδυσε.
2297 4837 2375 4892 Τδ
2409 4837 2518 4909 γὰρ
2554 4837 2647 4890 ἀπ’
2678 4836 2844 4907 εὐχῆς
2885 4837 2985 4906 τῆς
3018 4834 3078 4889 οὗ
3111 4833 3339 4898 δεόντως
3369 4835 3743 4914 γεγενημένης

2076 4912 2234 4977 τοῦτο
2263 4918 2474 4985 παθεῖν,
2524 4916 2708 4987 ὅμοιόν
2737 4919 2855 4971 ἐστι
2880 4916 2958 4987 τῷ
2982 4917 3038 4969 ἐν
3066 4914 3215 4986 αὐτῷ
3251 4915 3404 4985 μέσῳ
3448 4912 3526 4985 τῷ
3562 4915 3744 4985 λιμένι

2075 5006 2331 5071 ναυάγιον
2354 5004 2658 5072 ὑπομεῖναι.
2688 5000 2787 5054 Διά
2810 5018 2893 5054 τοι
2919 4999 3076 5053 τοῦτο
3103 4999 3199 5054 καὶ
3216 5000 3244 5053 ό
3260 4997 3493 5068 Χριστὸς
3521 5014 3741 5069 παραγ-

2076 5089 2280 5156 γέλλων
2316 5088 2428 5150 τοῖς
2463 5082 2732 5155 μαθηταῖς
2762 5083 2967 5152 ἔλεγεν,
2998 5085 3184 5137 Ὅταν
3206 5081 3405 5136 πάντα
3423 5081 3741 5149 ποιήσητε,

2075 5173 2302 5243 λέγετε,
2322 5167 2411 5222 ὅτι
2450 5165 2689 5235 Ἀχρεῖοι
2716 5166 2926 5221 δοῦλοί
2953 5165 3139 5234 ἐσμεν
3156 5181 3169 5194 ·
3194 5161 3624 5233 ἀσφαλιζόμενος
3645 5162 3745 5243 αὐέ

2074 5255 2222 5316 τοὺς,
2259 5249 2354 5305 καὶ
2384 5250 2448 5302 ἐκ
2502 5246 2696 5301 πολλοῦ
2724 5245 2819 5300 τοῦ
2858 5246 3223 5317 διαστήματος
3275 5244 3598 5316 βουλόμενος
3645 5242 3743 5299 τοῦ

2075 5335 2317 5408 ὀλεθρίου
2346 5331 2536 5387 τούτου
2560 5330 2767 5395 πάθους
2800 5329 2956 5394 ἐκτὸς
2990 5328 3183 5393 αὐτοὺς
3215 5327 3488 5398 γενέσθαι.
3538 5327 3742 5408 Είδετε,

2078 5407 2368 5487 ἀγαπητοὶ,
2404 5413 2521 5478 πῶς
2543 5412 2665 5467 οὕτε
2691 5414 2721 5466 ό
2752 5414 2888 5484 πρὸς
2909 5408 3067 5477 δόξαν
3101 5410 3445 5482 ἀνθρωπίνην
3475 5407 3743 5480 κεχηνὼς,

2079 5498 2229 5575 ι’ἔιΟἸ]
2258 5498 2353 5553 καὶ
2380 5498 2467 5552 διὰ
2493 5495 2696 5567 ταύτην
2740 5496 2809 5550 τά
2832 5496 2930 5567 τῆς
2971 5494 3172 5566 ἀρετῆς
3202 5492 3339 5566 ἔργα
3376 5492 3597 5565 μετιὼν,
3632 5492 3748 5575 ἔχει

2076 5574 2199 5639 τινὰ
2223 5583 2430 5651 δνησιν,
2461 5580 2556 5634 καὶ
2580 5581 2665 5634 ότι
2696 5580 2788 5633 καὶ
2814 5577 2952 5649 μετὰ
2977 5577 3038 5631 τὸ
3065 5575 3407 5650 κατορθῶσαι
3450 5576 3629 5631 πάντα
3677 5574 3749 5630 τὰ

2076 5670 2176 5739 τῆς
2200 5662 2424 5737 ἀρετῆς,
2456 5663 2504 5715 εί
2531 5660 2673 5729 δόξει
2702 5660 2845 5733 μέγα
2878 5661 3097 5731 φρονεῖν
3129 5658 3224 5712 ἐπὶ
3264 5657 3494 5724 τούτοις,
3525 5658 3745 5713 πάντων

2078 5750 2280 5819 ἔρημος
2306 5744 2513 5813 γίνεται
2543 5744 2635 5797 καὶ
2659 5742 2864 5813 γυμνός
2887 5758 2903 5808 ;
2932 5742 3227 5812 Φεύγωμεν
3255 5741 3453 5806 τοίνυν,
3490 5752 3744 5819 παρακα-

2077 5813 2377 5894 λῶξταῦτα
2397 5825 2465 5879 τὰ
2490 5824 2709 5897 ὀλέθρια
2733 5825 2902 5895 πάθη,
2923 5824 3016 5877 καὶ
3041 5824 3176 5895 πρὸς
3198 5825 3404 5877 ἐκεῖνον
3429 5821 3585 5891 μόνον
3605 5813 3738 5887 όρῶο

2085 5929 2181 5983 μεν
2213 5911 2305 5964 τὸν
2330 5907 2629 5978 ἀκοίμητον
2657 5906 2954 5979 ὀφθαλμὸν,
3001 5908 3097 5972 καὶ
3125 5907 3290 5976 μηδὲν
3328 5903 3504 5958 κοινὸν
3528 5901 3743 5983 ἔχωμεν

2081 5978 2215 6067 0:90;
2238 5993 2365 6057 τοὺς
2395 5978 2709 6063 ὁμογενεῖς,
2718 5991 2852 6062 μηδὲ
2877 5989 3221 6060 ἐπιζητῶμεν
3244 5988 3334 6039 τὸν
3363 5983 3512 6053 παρὰ
3536 5978 3742 6034 τούτων

3277 6094 3353 6153 18
