4078 6414
372 380 378 387 ε
417 361 527 414 9.35
1135 352 1190 407 ς..
1233 347 1524 408 JOANNIS
1560 340 2052 402 CHRYSQSTOMI
2091 341 2413 399 ARCHIEP.
2447 331 3003 413 CQNSTANTINOP.

372 494 373 497 ‘
429 480 666 537 ἔπαινον,
703 473 818 527 ἀλλ’
849 469 1147 543 ἀρκώμεθα
1173 468 1252 539 τῷ
1280 468 1432 540 παρὰ
1458 467 1551 521 τοῦ
1589 465 1878 519 Δεσπότου.
1916 452 2001 514 οὗ

426 563 459 614 ὁ
493 560 740 623 ἔπαινος
763 556 892 626 γάρ,
921 555 1106 625 φησὶν,
1136 554 1247 607 οὐκ
1280 552 1350 616 ἐξ
1377 550 1723 619 ἀνθρώπων,
1762 546 1900 602 ἀλλ’
1934 546 2003 598 ἐκ

427 643 596 696 Θεοῦ.
621 640 731 693 Καὶ
768 639 879 709 ὅσῳ
909 638 977 691 ἂν
1012 634 1148 707 πρὸς
1178 635 1399 706 μείζονα
1430 632 1757 702 ἐπιδιδῶμεν
1782 629 2002 701 ἀρετὴν,

424 722 663 793 τοσούτῳ
686 721 886 792 μᾶλλον
902 719 1130 782 ἐαυτούς
1152 716 1462 789 μετριάζειν
1478 712 2001 785 παρασκευάζωμεν,

425 809 520 861 καὶ
537 803 916 860 συνεστάλθαι.
952 802 1071 857 Κᾶν
1096 800 1206 871 7&9
1225 799 1362 871 πρὸς
1391 799 1564 868 αὐτὴν
1589 795 1885 865 φθάσωμεν
1905 793 2007 862 τῆς

424 892 626 964 ἀρετῆς
656 890 757 962 τήν
811 888 1079 960 κορυφὴν,
1130 884 1227 940 ἐάν
1258 880 1565 953 ἀντιθῶμεν
1592 880 1690 945 τὰς
1725 878 1880 964 παρά
1910 878 2007 933 τοῦ

425 962 697 1028 Δεσπότου
754 971 1072 1043 εὐεργεσίας
1133 967 1269 1039 μετὰ
1323 965 1523 1036 πολλῆς
1565 962 2007 1035 εὐγνωμοσύνης.

424 1059 545 1111 τότε
573 1056 753 1120 καλῶς
777 1053 1041 1124 ὀψόμεθα,
1062 1053 1143 1105 ὅτι
1164 1051 1286 1104 οὐδὲ
1311 1049 1373 1103 τὸ
1399 1048 1687 1103 πολλοστὸν
1713 1047 1880 1119 μέρος
1897 1045 2009 1100 τῶν

427 1140 580 1212 παρά
606 1139 700 1192 τοῦ
734 1137 870 1191 Θεοῦ
903 1138 983 1199 εἰς
1009 1136 1156 1205 ἡμᾶς
1181 1131 1550 1204 ὑπηργμένων
1584 1130 2004 1201 εἰσηνέγκαμεν.

428 1225 541 1276 Καὶ
580 1221 690 1294 γὰρ
726 1222 957 1281 ἕκαστος
1000 1216 1109 1270 τῶν
1147 1216 1319 1282 άγίων
1366 1212 1615 1268 ἐντεῦθεν
1648 1212 2005 1294 ηὐδοκίμησε.

430 1306 541 1360 Καὶ
574 1293 667 1359 ἵνα
687 1302 883 1375 μάθῃς,
901 1302 1063 1356 άκουε
1082 1298 1177 1352 τοῦ
1206 1299 1306 1369 τῆς
1320 1296 1643 1368 οἰκουμένης
1664 1293 2007 1355 διδασκάλου,

429 1393 527 1462 τῆς
547 1387 956 1458 οὐρανομήκους
977 1383 1192 1453 ἐκείνης
1218 1382 1418 1453 ψυχῆς,
1450 1380 1571 1445 πῶς
1611 1381 1750 1450 μετὰ
1774 1378 2010 1462 τοσαῦτα

430 1458 851 1542 κατορθώματα,
883 1466 1023 1539 μετά
1045 1466 1144 1538 τὴν
1169 1464 1440 1534 τοσαύτην
1463 1462 1669 1518 ἀνωθεν
1711 1458 2014 1533 μαρτυρίαν

432 1556 692 1621 (Σκεῦος
709 1554 839 1624 7&9,
861 1550 1048 1621 φησὶν,
1073 1548 1334 1619 éxJom'c
1370 1548 1506 1602 έστί
1528 1565 1629 1616 μοι
1656 1542 1878 1612 οὗτος),
1912 1545 2014 1598 οὐκ

430 1637 845 1691 ἐπιλανθάνεται
875 1634 985 1688 τῶν
1008 1632 1228 1686 οἰκείων
1249 1628 1756 1701 πλημμελημάτων,
1779 1628 1893 1681 ἀλλ’
1915 1628 2017 1697 ἀμ·

433 1723 554 1790 φοῖν
572 1720 745 1773 ταῦτα
779 1715 1156 1789 περιστρέφει,
1193 1714 1289 1768 καὶ
1324 1714 1468 1784 ὑπὲρ
1518 1706 1594 1766 ὧν
1634 1711 1868 1783 μάλιστα
1913 1727 2014 1763 πεο

437 1804 841 1877 πληροφόρητο,
890 1801 973 1853 δτι
1026 1797 1127 1869 τὴν
1156 1796 1508 1868 συγχώρησιν
1537 1796 1755 1862 ἐδέξατο
1786 1795 1874 1849 διὰ
1919 1792 2015 1847 τοῦ

437 1886 831 1957 βαπτίσματος,
860 1883 979 1936 οὐδὲ
1014 1882 1217 1934 τούτων
1263 1879 1711 1933 ἐπιλανθάνεσθαι
1740 1878 2013 1948 ἀνέχεται,

434 1969 573 2024 ἀλλά
598 1970 693 2039 βοᾷ
727 1967 821 2021 καί
846 1967 1013 2033 λέγει,
1043 1965 1124 2018 ὅτι
1171 1962 1531 2030 Ἐλάχιστός
1570 1962 1685 2029 εἰμι
1721 1960 1840 2014 τῶν
1870 1960 2018 2014 ἀπο-

434 2054 694 2115 στόλων,
750 2048 847 2103 καί
878 2050 989 2101 οὐκ
1018 2047 1134 2116 εἰμί
1169 2045 1377 2109 ἱκανὸς
1408 2042 1719 2097 καλεῖσθαι
1757 2043 2019 2097 ἀπόστο-
2054 2070 2055 2073 η

382 2164 383 2167 η
435 2141 566 2202 λος,
593 2132 723 2189 Εἶτα
748 2134 837 2187 ἵνα
861 2132 961 2203 τὴν
995 2127 1300 2203 ὑπερϐολὴν
1325 2126 1493 2182 αὐτοῦ
1522 2125 1900 2203 παιδευθῶμεν
1920 2126 2018 2195 τῆς

435 2201 955 2288 ταπεινοφροσύνης,
984 2201 1319 2285 προσέθηκε,
1338 2211 1492 2288 Διότι
1517 2208 1731 2273 ἐδίωξα
1756 2201 1872 2276 τὴν
1889 2210 2021 2263 Ἕκα

436 2287 713 2367 κλησίαν
733 2297 840 2351 τοῦ
875 2296 1042 2350 Θεοῦ.
1076 2294 1142 2348 Τί
1180 2296 1374 2359 ποιεῖς,
1404 2287 1450 2347 ὦ
1474 2292 1686 2356 Παῦλες
1728 2292 1787 2346 '0
1818 2292 2020 2346 Δεσπό-

436 2400 538 2455 της
563 2381 653 2436 διὰ
674 2381 773 2452 τὴν
792 2379 1003 2433 οἰκείαν
1023 2376 1336 2446 φιλοτιμίαν
1369 2374 1711 2446 συνεχώρησε
1728 2415 1744 2440 ,
1788 2376 1884 2429 καὶ
1916 2376 2021 2428 ἀπ-

440 2464 660 2535 ήλειψεν
708 2464 922 2517 ἅπαντα
958 2460 1033 2513 τὰ
1064 2458 1432 2531 ἡμαρτημένα
1475 2474 1580 2522 σοι,
1610 2457 1704 2511 καὶ
1738 2457 1804 2510 σύ
1851 2456 2022 2511 ταῦτα

441 2546 732 2617 στρέφειςς
761 2542 905 2606 Ναὶ,
937 2538 1052 2596 οἶδα
1071 2581 1088 2605 ,
1124 2542 1293 2611 φησὶ,
1325 2541 1423 2595 καὶ
1453 2540 1554 2594 οὐκ
1591 2539 1773 2609 ἀγνοῶ
1799 2539 1894 2593 τοῦ
1923 2542 2021 2592 Δε-

445 2630 645 2683 σπότου
678 2626 773 2680 τοῦ
828 2624 962 2696 ἐμοῦ
1002 2625 1103 2695 τὴν
1133 2625 1289 2679 λύσιν
1312 2640 1325 2653 ’
1361 2624 1478 2678 ἀλλ’
1517 2624 1644 2678 ὅταν
1685 2624 1922 2691 ἐννοήσω
1953 2622 2024 2675 τά

441 2712 567 2783 ἐμοὶ
597 2710 954 2781 εἰργασμένα,
988 2709 1083 2761 καὶ
1134 2708 1230 2761 ῖδω
1267 2706 1330 2761 τὸ
1373 2706 1609 2775 πέλαγος
1639 2706 1739 2777 τῆς
1764 2704 1858 2760 τοῦ
1889 2704 2022 2759 Θεοῦ

444 2793 871 2864 φιλανθρωπίας.
905 2791 1027 2844 τότε
1061 2789 1317 2861 μανθάνω
1348 2789 1531 2853 καλῶς
1550 2830 1565 2853 ,
1594 2790 1679 2843 ὅτι
1711 2789 1892 2860 χάριτι
1928 2788 2025 2841 αὐ-

443 2878 536 2932 τοῦ
567 2877 660 2932 καί
681 2874 1061 2946 φιλανθρωπίᾳ
1087 2873 1204 2943 εἰμί
1231 2873 1260 2926 ὃ
1280 2873 1418 2943 εἰμι.
1450 2871 1633 2926 Εἰπὼν
1651 2872 1783 2944 7&9,
1807 2872 2023 2925 ὅτιούκ

444 2962 561 3027 εἰμί
589 2959 796 3025 ἱκανὸς
843 2955 1156 3011 καλεῖσθαι
1205 2955 1572 3021 ἀπόστολος,
1632 2953 1781 3009 διότι
1810 2952 2026 3017 ἐδίωξα

442 3046 559 3112 τὴν
596 3044 966 3109 Ἐκκλησίαν
1004 3039 1110 3093 τοῦ
1162 3036 1332 3103 Θεοῦ,
1388 3038 1634 3107 ἐπήγαγε
1658 3053 1673 3069 ·
1708 3035 1907 3105 Χάριτι
1957 3032 2026 3088 δὲ

447 3128 597 3182 Θεοῦ
626 3128 740 3195 εἰμι
772 3124 806 3178 ὅ
837 3125 970 3192 εἰμι.
1010 3120 1150 3186 Ἐγὼ
1189 3122 1307 3191 μὲν,
1339 3121 1494 3190 φησί,
1527 3118 1793 3190 τοσαύτην
1819 3118 2027 3172 ἐπεδει-

449 3210 628 3280 ξάμην
656 3207 755 3279 τὴν
779 3206 977 3278 μανίαν
996 3222 1010 3235 ο
1042 3206 1076 3274 ή
1101 3204 1157 3257 δὲ
1191 3202 1395 3273 ἀφατος
1422 3202 1587 3257 αὐτοῦ
1631 3202 1906 3273 ἀγαθότης
1931 3200 2026 3255 καὶ

445 3297 478 3365 ή
508 3293 665 3365 χάρις
690 3292 790 3362 τὴν
822 3288 1166 3360 συγχώρησιν
1193 3285 1505 3358 ἐχαρίσατο.
1536 3281 1687 3349 Εἶδες
1707 3284 1883 3357 ψυχὴν
1908 3301 2029 3338 συν-

444 3375 837 3448 τετριμμένην,
863 3374 957 3427 καὶ
984 3370 1095 3424 τῶν
1122 3370 1230 3442 πρὸ
1246 3367 1342 3423 τοῦ
1376 3367 1750 3440 βαπτίσματος
1775 3371 2027 3439 ήμαρτη-

445 3461 627 3530 μένων
672 3455 934 3528 διηνεκῶς
962 3454 1060 3526 τὴν
1093 3454 1313 3524 μνήμην
1350 3451 1789 3523 περιφέρουσανς
1826 3449 2025 3505 Τοῦτον

446 3542 512 3613 δὴ
534 3541 628 3595 καὶ
659 3542 816 3610 ἡμεῖς
848 3535 1237 3608 μιμησώμεθα,
1262 3534 1359 3588 καὶ
1385 3533 1454 3587 τὰ
1490 3534 1624 3604 μετά
1655 3533 1716 3587 τὸ
1745 3534 2028 3605 βάπτισμα

450 3626 581 3694 ημῖν
625 3619 1011 3692 ἡμαρτημένα,
1052 3616 1224 3671 ταῦτα
1264 3616 1387 3669 καθ’
1420 3615 1657 3687 ἑκάστην
1695 3616 1905 3688 ἡμέραν
1938 3634 2028 3687 μι-

455 3705 840 3778 μνιγσκὸμενοι,
874 3701 968 3754 καὶ
995 3700 1258 3769 διηνεκῶς
1288 3701 1346 3752 ἐν
1378 3702 1444 3771 τῇ
1493 3700 1704 3771 διανοίᾳ
1748 3700 2030 3774 περιπρέο

452 3805 663 3857 φοντες,
697 3785 967 3856 μηδέποτε
999 3781 1370 3853 συγχωρῶμεν
1390 3782 1470 3845 εἰς
1494 3782 1665 3853 λήθην
1682 3783 1830 3852 ήμᾶς
1852 3783 2029 3837 αὐτῶν

451 3873 732 3944 ἐμπεσεῖν.
775 3866 983 3930 Ἱκανὸς
1009 3865 1120 3937 7&9
1146 3866 1279 3937 ἡμῖν
1321 3864 1536 3936 χαλινὸς
1560 3864 1719 3920 τοῦτο
1742 3868 2029 3938 γενήσεται

450 3955 587 4028 πρὸς
618 3953 679 4007 τὸ
728 3948 1081 4005 συνεστάλθαι
1135 3950 1230 4004 καὶ
1271 3947 1601 4022 μετριάζειν.
1656 3951 1767 4003 Καὶ
1795 3950 1846 4004 τί
1888 3949 2029 4018 λέγω

450 4036 685 4099 Παῦλον,
716 4035 808 4089 τὸν
846 4032 1098 4087 τοσοῦτον
1137 4032 1231 4085 καὶ
1282 4031 1628 4101 τηλικοῦτον;
1664 4031 1850 4096 Θέλεις
1902 4033 2028 4087 ἰδεῖν

451 4120 547 4175 καὶ
566 4121 690 4183 τοῦς
725 4119 783 4170 ἐν
807 4119 875 4188 τῇ
906 4115 1117 4186 Παλαιᾷ
1165 4112 1414 4169 ἐντεῦθεν
1452 4114 1686 4185 μάλιστα
1736 4114 2027 4187 εὐδοκιμή-

454 4219 675 4266 σαντας,
701 4200 811 4254 ἀπὸ
838 4198 933 4253 τοῦ
967 4198 1276 4269 μετριάζειν
1306 4196 1444 4266 μετὰ
1469 4198 1641 4270 μυρία
1673 4197 2030 4269 κατορθώμα-

451 4301 538 4345 τα,
554 4283 646 4336 καὶ⁸
659 4283 758 4354 τὴν
778 4283 983 4351 ἄφατον
1003 4278 1317 4351 παρρησίαν
1337 4295 1351 4342 ς
1370 4278 1566 4331 ’Δκουε
1581 4276 1673 4332 τοῦ
1690 4279 2028 4351 πατριάρχου

453 4366 720 4430 λέγοντος,
746 4362 884 4432 μετά
910 4362 1008 4431 τὴν
1044 4361 1258 4430 ὁμιλίαν
1285 4359 1381 4430 τὴν
1410 4360 1545 4431 πρὸς
1573 4360 1664 4414 τὸν
1694 4360 1848 4424 Θεὸν,
1893 4363 2030 4431 μετὰ

455 4447 550 4519 τήν
578 4443 907 4514 ἐπαγγελίαν
935 4443 1031 4513 τὴν
1059 4444 1139 4506 εἰς
1166 4442 1326 4495 αὐτὸν
1344 4442 1720 4514 γεγενημένην
1738 4459 1752 4473 ·
1790 4441 1933 4514 Ἐγὼ
1964 4443 2033 4498 δέ

454 4531 568 4600 εἰμι
606 4526 683 4598 γῆ
718 4526 816 4580 καί
848 4525 1097 4590 σποδός.

524 4624 592 4680 γ’.
813 4607 951 4661 Ἀλλ’
976 4606 1162 4679 ἐπειδὴ
1182 4607 1275 4661 τοῦ
1297 4608 1638 4680 πατριάρχου
1664 4607 1960 4680 ἐμνήσθην,
1981 4611 2031 4663 εἰ

452 4695 619 4759 δοκεῖ,
656 4692 726 4747 τά
760 4693 999 4764 σήμερον
1027 4690 1442 4761 ἀναγνωσθέντα
1473 4689 1763 4765 προθῶμεν
1808 4691 1902 4744 ἐπί
1932 4694 2032 4762 τῆς

454 4779 725 4850 ὑμετέρας
779 4775 1003 4846 ἀγάπης
1022 4814 1039 4837 ,
1071 4775 1156 4828 ἵνα
1188 4773 1362 4828 ταῦτα
1393 4773 1802 4842 ἀναπτύξαντες
1830 4775 2031 4844 ἴδωμεν

450 4863 551 4935 τῆς
578 4860 779 4933 ἀρετῆς
810 4858 904 4912 τοῦ
937 4857 1147 4911 δικαίου
1176 4857 1275 4929 τήν
1309 4858 1638 4929 ὑπερϐολήν.
1677 4859 1787 4912 Καὶ
1831 4859 2029 4921 ἔλαϐε,

454 4946 608 5015 φησὶ.
637 4943 833 5010 etwa
848 4940 956 4994 τὸν
977 4941 1036 4994 Ἀ
1044 4941 1194 5008 ϐραμ
1216 4940 1313 4993 καὶ
1334 4940 1444 4993 τὸν
1461 4939 1675 5009 Ναχώρ
1698 4939 1841 5007 τοὺς
1862 4941 2034 5006 υἱοὺς

451 5025 656 5085 αὐτοῦ,
691 5024 786 5078 καὶ
820 5023 926 5077 τὸν
951 5020 1080 5076 Λὼτ
1111 5022 1220 5076 τὸν
1237 5022 1373 5077 υἱὸν
1391 5022 1499 5077 τοῦ
1519 5023 1654 5078 υἱοῦ
1685 5023 1896 5088 αὐτοῦ,
1929 5023 2031 5077 καί

452 5111 567 5176 τὴν
598 5108 797 5177 Σάραν
822 5105 937 5171 τὴν
954 5104 1198 5172 νύμφην
1218 5103 1427 5167 αὑτοῦ,
1457 5104 1712 5175 γυναῖκα
1734 5105 1804 5158 δὲ
1816 5106 2034 5174 Ἀϐραμ

451 5192 562 5247 τοῦ
593 5190 727 5245 υἱοῦ
757 5187 944 5243 αὑτοῦ
968 5202 982 5215 ⁸
1009 5185 1108 5240 καὶ
1123 5185 1418 5256 ἐξήγαγεν
1434 5186 1658 5254 αὐτοὺς
1690 5186 1760 5240 ἐκ
1790 5184 1901 5254 τῆς
1921 5187 2035 5257 χώ-

453 5292 563 5343 ρας·
592 5272 710 5326 τῶν
737 5269 1070 5330 Χαλδαίων.
1102 5267 1464 5336 πορευθῆναι
1500 5272 1588 5334 εἰς
1634 5269 1749 5337 τὴν
1774 5268 1893 5338 γῆν
1915 5269 2036 5323 τῶν

454 5354 823 5413 Χαναναίων,
844 5352 941 5404 καὶ
962 5346 1148 5422 ἦλθεν
1173 5350 1281 5417 ἕως
1303 5349 1541 5418 Χαῤῥὰν
1560 5352 1655 5404 καί
1688 5350 2037 5420 κατῴκησεν

456 5437 606 5490 ἐκεῖ·
642 5436 739 5489 καί
792 5435 1071 5506 ἐγένοντο
1122 5432 1312 5489 πᾶσαι
1367 5435 1427 5486 αι
1473 5432 1683 5502 ἡμέραι
1734 5433 1929 5502 Θάρῤα
1966 5435 2037 5487 ἐν

457 5520 696 5586 Χαρρὰν
743 5518 848 5584 ἔτη
896 5516 1175 5570 διακόσια
1211 5515 1391 5569 πέντε
1413 5555 1427 5578 ,
1490 5516 1589 5569 καὶ
1637 5515 1937 5571 ἀπέθανεν
1966 5518 2037 5571 ἐν

459 5602 716 5673 Χαρράν.
746 5600 901 5655 Μετά
944 5600 1229 5672 ἀκριϐείας
1280 5599 1656 5672 προσέχωμεν,
1708 5601 2034 5672 παρακαλῶ,

458 5690 572 5751 τοῖς
610 5684 1054 5752 ἀναγνωσθεῖσιν,
1108 5685 1194 5736 ἵνα
1222 5683 1542 5754 δυνηθῶμεν
1592 5683 1916 5737 καταλαϐεῖν
1944 5685 2036 5738 τὸν

459 5767 586 5821 νοῦν
634 5765 742 5819 τῶν
782 5765 1262 5835 ἐγγεγραμμένων.
1315 5766 1444 5819 ’ἰδοῦ
1477 5766 1585 5835 γάρ
1637 5767 1695 5818 ἐν
1734 5766 2037 5837 προοιμίοις

462 5850 609 5905 δοκεῖ
637 5849 856 5917 ζήτημα
876 5841 1014 5897 εἶναι
1037 5848 1093 5898 ἐν
1110 5849 1223 5909 τοῖς
1246 5847 1575 5917 εἰρημένοιςσ
1601 5847 1705 5901 Τοῦ
1734 5849 1841 5921 γὰρ
1867 5868 2033 5920 μακα”

471 5935 586 6008 ρίου
615 5930 806 5983 τούτου
836 5928 1135 5999 προφήτου,
1158 5927 1250 5980 τοῦ
1283 5929 1558 5991 Μωῦσέως
1585 5928 1747 5999 λέγω,
1772 5933 2033 5996 εἰπόντος,

3584 335 3700 392 286

2112 461 2194 513 ὅτι
2225 460 2445 514 Ἔλασε
2478 455 2676 524 Θάρῤα
2695 453 2805 509 τὸν
2824 450 3052 518 Ἀϐραμ
3078 448 3177 502 καὶ
3207 447 3317 503 τὸν
3342 450 3581 520 Ναχώρ,
3604 455 3713 509 και

2110 540 2405 611 ἐξήγαγεν
2434 539 2502 593 ἐκ
2537 537 2652 608 γῆς
2688 532 3037 595 Χαλδαίων,
3071 527 3439 599 πορευθῆναι
3468 534 3557 599 εις
3587 534 3712 601 τὴν

2112 625 2231 695 γῆν
2253 624 2374 678 τῶν
2399 622 2773 685 Χαναναίων,
2810 615 2913 675 καὶ
2940 611 3131 685 ἦλθεν
3153 615 3267 683 ἕως
3304 616 3565 685 Χαρρὰν,
3604 619 3709 674 και

2111 705 2466 773 κατῴκησεν
2490 703 2646 760 ἐκεῖο
2686 705 2716 757 6
2741 703 3014 775 μακάριος
3042 698 3318 768 Στέφανος
3340 699 3716 770 ἐγκωμιάζων

2111 793 2238 856 τούς
2275 789 2561 853 Ἰουδαίους
2590 788 2775 861 φησίψ
2819 788 2874 841 '0
2902 783 3051 853 Θεὸς
3082 778 3191 853 τῆς
3219 782 3409 849 δόξης
3433 781 3600 852 ὤφθη
3623 783 3716 850 τῷ

2113 874 2290 944 πατρί
2319 873 2489 945 ἡμῶν
2521 874 2780 941 Ἀϐραὰμ
2815 862 2944 926 δντι
2976 872 3047 923 ἐν
3079 868 3533 936 Μεσοποταμιᾳ,
3562 867 3719 935 πρὶν

2112 960 2153 1027 ἣ
2174 949 2527 1024 κατοικῆσαι
2558 956 2745 1011 αὐτὸν
2767 957 2839 1009 ἐν
2864 953 3118 1025 Χαρρὰν,
3142 950 3442 1015 κάκεῖθεν,
3460 952 3612 1019 μετὰ
3638 951 3716 1004 τὸ

2114 1040 2444 1097 ἀποθανεῖν
2476 1042 2585 1095 τὸν
2621 1039 2847 1107 πατέρα
2876 1040 3095 1100 αὑτοῦ,
3122 1034 3460 1106 μετῴκισεν
3495 1036 3713 1089 αὐτόν.

2115 1128 2183 1181 Τί
2203 1121 2298 1181 οὖν
2327 1126 2511 1186 ἐστιν;
2553 1123 2893 1178 ἐναντιοῦται
2930 1123 3098 1192 ἑαυτῇ
3133 1123 3169 1193 ἡ
3198 1118 3319 1173 θεία
3351 1118 3543 1190 Γραφή
3569 1136 3584 1182 ;
3616 1117 3720 1190 Μὴ

2114 1211 2355 1279 γένοιτο·
2390 1209 2528 1264 ἀλλά
2568 1207 2796 1261 συνιδεῖν
2825 1207 2890 1259 ἐκ
2913 1206 3105 1259 τούτου
3152 1203 3443 1276 προσήκει,
3478 1203 3560 1256 ὅτι
3584 1202 3717 1256 θεο-

2117 1292 2306 1361 φιλοῦς
2332 1292 2485 1356 ὄντος
2510 1290 2603 1345 τοῦ
2634 1290 2825 1353 παιδὸς
2849 1329 2864 1351 ,
2902 1288 3092 1358 ὀφθεὶς
3133 1285 3286 1356 αὐτῷ
3307 1286 3339 1338 6
3365 1285 3498 1348 Θεὸς
3536 1301 3720 1354 προσ-

2118 1370 2279 1441 έταξε
2298 1373 2694 1447 μεταναστῆναι
2714 1372 2945 1427 ἐκεῖθεν.
2970 1373 3079 1426 Καὶ
3092 1370 3250 1424 τοῦτο
3271 1368 3433 1438 γνούς
3467 1370 3496 1421 6
3513 1367 3719 1439 Θάῤῥα

2116 1460 2147 1511 6
2173 1459 2362 1512 τούτου
2391 1457 2594 1528 πατὴρ.
2616 1458 2665 1510 εἰ
2694 1455 2786 1509 καὶ
2813 1454 3040 1517 ἄπιστος
3065 1452 3381 1523 ἐτύγχανεν,
3418 1450 3535 1505 ἀλλ’
3554 1451 3720 1520 ὅμως

2120 1542 2226 1595 ὐπὸ
2262 1541 2356 1595 τοῦ
2388 1540 2522 1611 πρὸς
2566 1540 2658 1593 τὸν
2710 1538 2876 1593 παῖδα
2931 1537 3159 1607 φίλτρου
3196 1534 3523 1605 κοινωνῆσαι
3551 1533 3719 1603 αὐτῷ

2120 1624 2443 1689 κατεδέξατο
2479 1623 2578 1694 τῆς
2608 1621 2941 1692 ἀποδημίας,
2979 1620 3076 1672 καὶ
3103 1618 3276 1672 ἐλθὼν
3310 1617 3392 1681 εἰς
3428 1616 3525 1688 τὴν
3549 1617 3716 1687 Χαρο

2124 1709 2243 1780 ῥᾶν,
2294 1708 2456 1760 κάκεῖ
2499 1708 2850 1775 κατοικήσας,
2902 1703 3044 1756 οὕτω
3080 1700 3382 1774 μετήλλαξε
3426 1700 3519 1753 τὸν
3557 1699 3712 1769 βίον·

2121 1793 2215 1848 καὶ
2238 1792 2359 1845 τότε
2388 1791 2742 1849 κελεύσαντος
2769 1786 2866 1841 τοῦ
2903 1786 3037 1839 Θεοῦ
3066 1785 3457 1857 μετανίσταται
3491 1785 3572 1846 εἰς
3603 1784 3720 1853 τὴν

2122 1873 2433 1930 Χαναναίαν
2453 1874 2482 1925 6
2508 1872 2874 1942 πατριάρχης.
2909 1870 3126 1940 Ἀμέλει
3158 1868 3221 1922 οὐ
3252 1869 3515 1939 πρότερον
3543 1865 3720 1920 αὐτὸν

2121 1961 2152 2012 6
2175 1957 2307 2022 Θεὸς
2350 1956 2561 2009 ἐκεῖθεν
2610 1955 2900 2024 ἀνέστησε,
2936 1954 3130 2024 μέχρις
3148 1955 3238 2008 ὅτε
3263 1953 3460 2025 Θάῤῥα
3495 1950 3718 2005 ἐτελεύ-

2122 2058 2274 2110 τησε.
2306 2039 2437 2093 Τότε
2461 2039 2570 2109 γάρ
2593 2038 2733 2108 μετά
2748 2039 2850 2109 τὴν
2877 2037 3087 2091 ἐκείνου
3115 2035 3392 2106 τελευτήν,
3421 2035 3576 2107 φησι,
3593 2034 3714 2088 Καὶ

2123 2122 2254 2179 εἷπε
2284 2125 2501 2189 Κύριος
2522 2120 2603 2187 τῷ
2628 2122 2843 2187 Ἄδραμ
2864 2138 2880 2153 ο
2917 2121 3170 2185 Ἔξελθε
3196 2121 3267 2175 ἐκ
3292 2119 3404 2186 τῆς
3428 2119 3543 2189 τῆς
3563 2133 3713 2181 σου.

2124 2209 2221 2262 καί
2253 2207 2321 2261 ἐκ
2346 2206 2458 2274 τῆς
2485 2206 2838 2274 συγγενείας
2860 2218 3000 2269 σου,
3025 2204 3124 2259 καί
3150 2203 3220 2258 ἐκ
3267 2204 3376 2258 τοῦ
3397 2204 3565 2257 οῑκου
3598 2200 3716 2256 τοῦ

2127 2293 2349 2359 πατρός
2370 2304 2510 2349 σου,
2541 2288 2640 2342 καί
2673 2287 2850 2356 δεῦρο
2878 2289 2966 2353 εἰς
2994 2285 3133 2355 γῆν,
3170 2285 3254 2354 ἣν
3280 2286 3357 2341 ἄν
3384 2303 3482 2341 σοι
3507 2284 3711 2349 δείξω.

2127 2375 2235 2431 Kal
2268 2372 2504 2438 ποιήσω
2530 2387 2605 2426 σε
2634 2373 2724 2437 εἰς
2753 2371 2922 2437 ἔθνος
2944 2370 3118 2441 μέγα.
3148 2372 3248 2426 καί
3272 2369 3588 2441 εὐλογήσω
3607 2387 3716 2434 σε,

2127 2457 2225 2513 καί
2244 2456 2566 2527 μεταλυνῶ
2610 2455 2676 2509 τὸ
2715 2457 2903 2524 ὄνομα
2930 2471 3069 2519 σου,
3102 2454 3203 2510 καί
3246 2456 3367 2522 ἐστι
3394 2453 3720 2525 εὐλογημέ-

2126 2561 2234 2608 νος
2251 2558 2267 2574 ο
2300 2538 2399 2594 καί
2454 2538 2770 2610 εὐλογήσω
2824 2538 2968 2605 τοὺς
3009 2538 3417 2608 εὐλογοῦντὰς
3445 2552 3519 2592 σε
3542 2578 3560 2603 ,
3607 2538 3715 2592 και

2127 2625 2271 2691 τοὺς
2292 2622 2747 2693 καταρωμένους
2770 2635 2845 2675 σε
2871 2621 3281 2692 καταράσομαι
3298 2639 3314 2653 ’
3344 2622 3443 2677 καί
3465 2621 3713 2676 ἐνευλο-

2128 2708 2495 2778 τηθήσονται
2522 2707 2594 2760 ἐν
2613 2705 2713 2760 σοι
2734 2704 2927 2762 πᾶσαι
2954 2708 3016 2760 αἰ
3047 2705 3232 2775 φυλαὶ
3257 2703 3368 2773 τῆς
3385 2703 3516 2775 τῆς.
3537 2705 3721 2758 Ἕκα-

2132 2809 2255 2845 στον
2278 2791 2387 2845 τῶν
2406 2788 2714 2860 εἰρημένων
2738 2789 2876 2860 μετά
2900 2787 3184 2859 ἀκρισείας
3208 2788 3290 2841 διε
3299 2785 3718 2861 ρευνησώμεθα,

2131 2874 2221 2927 ἵνα
2247 2873 2447 2944 ἴδωμεν
2473 2872 2579 2940 τῆς
2607 2871 2833 2942 γνώμης
2859 2869 2954 2925 τοῦ
2979 2871 3319 2942 πατριάρχου
3349 2869 3413 2924 τὸ
3443 2868 3717 2938 φιλόθεον.

2200 2956 2292 3027 Μὴ
2321 2954 2432 3026 γὰρ
2459 2953 2646 3017 ἁπλῶς
2673 2953 3127 3026 παραδράμωμεν
3147 2954 3210 3007 τὸ
3256 2953 3566 3025 εἰρημένον,
3594 2951 3720 3006 ἀλλ’

2131 3038 2474 3109 ἐννοήσωμεν
2507 3037 2630 3101 ὅσος
2655 3035 2754 3091 τοῦ
2779 3039 3152 3107 ἐπιτάγματος
3169 3040 3201 3091 6
3217 3037 3404 3105 δγκος.
3437 3035 3719 3101 Ἔξελθε,

2131 3120 2317 3191 φησὶν,
2363 3120 2430 3175 ἐκ
2486 3118 2598 3187 τῆς
2629 3118 2742 3188 m'c
2769 3133 2909 3181 σου,
2967 3119 3068 3174 καί
3099 3120 3169 3173 ἐκ
3202 3115 3313 3185 τῆς
3359 3118 3723 3187 συγγενείας

2131 3219 2271 3268 σου,
2306 3204 2405 3258 καί
2437 3204 2505 3258 ἐκ
2531 3203 2641 3257 τοῦ
2666 3203 2838 3257 οῖκου
2860 3202 2967 3257 τοῦ
2998 3202 3224 3271 πατρός
3243 3217 3386 3265 σου,
3411 3200 3512 3256 καί
3536 3200 3723 3269 δεῦρο

2131 3289 2221 3353 εἰς
2242 3284 2360 3355 τὴν
2385 3285 2523 3356 γῆν,
2551 3283 2630 3354 ἣν
2659 3285 2740 3340 ἄν
2764 3301 2864 3340 σοι
2894 3283 3092 3349 δείξω.
3128 3283 3432 3349 Κατάλιπε,
3460 3282 3614 3353 φησὶ,
3644 3283 3720 3337 τά

2132 3370 2267 3440 δῆλα
2286 3369 2380 3424 καὶ
2407 3369 2478 3425 τά
2494 3368 2914 3441 ὡμολογημένα,
2941 3367 3040 3423 καὶ
3069 3366 3407 3440 προτίμησον
3436 3366 3506 3421 τά
3544 3367 3723 3435 ἄδηλα

2134 3453 2228 3509 καί
2258 3453 2327 3510 τά
2361 3453 2437 3525 μὴ
2466 3452 2789 3523 φαινόμενα.
2807 3450 3011 3506 Σκόπει
3043 3450 3162 3515 πῶς
3197 3448 3257 3515 ἐξ
3297 3452 3475 3523 ἀρχῆς
3521 3452 3619 3505 καὶ
3649 3453 3719 3506 ἐκ

2134 3536 2435 3610 προοιμίων
2457 3534 2795 3608 ἐγυμνάζετο
2821 3537 2851 3589 6
2869 3536 3077 3599 δίκαιος
3104 3534 3173 3588 τὰ
3198 3534 3272 3606 μὴ
3288 3535 3586 3605 φαινόμενα
3606 3535 3723 3589 τῶν

2134 3617 2478 3689 φαινομένων
2506 3619 2798 3691 προτιμᾷν,
2825 3618 2920 3672 καί⁵
2950 3618 3021 3672 τά
3055 3617 3315 3685 μέλλοντα
3359 3616 3469 3670 τῶν
3495 3618 3552 3670 ἐν
3588 3634 3722 3688 χερ-

2136 3703 2221 3756 σὶν
2268 3701 2457 3756 ὄντων.
2508 3701 2645 3755 Οὐδὲ
2674 3701 2784 3773 7&9
2813 3700 2875 3754 τὸ
2904 3701 3069 3771 τυχὸν
3098 3696 3168 3772 ἦν
3220 3700 3358 3771 δπερ
3390 3699 3720 3754 ἐπετάττετο

2134 3786 2378 3857 ποιῆσαι,
2431 3783 2586 3857 [509]
2638 3784 2963 3839 καταλιπεῖν
2984 3785 3086 3856 τήν
3123 3785 3250 3855 γῆν,
3283 3783 3412 3837 ἔνθα
3460 3783 3722 3837 τοσοῦτον

2133 3868 2317 3939 ᾤκησε
2345 3866 2560 3938 χρόνον,
2586 3867 2684 3922 καὶ
2700 3868 2802 3940 τὴν
2823 3867 3143 3936 συγγένειαν
3160 3868 3398 3931 ἅπασαν,
3422 3868 3519 3920 καὶ
3540 3867 3722 3922 πάντα

2133 3950 2229 4003 τοῦ
2262 3949 2472 4021 πατρὸς
2493 3950 2587 4003 τὸν
2612 3943 2784 4012 οἷκον,
2815 3952 2910 4005 καὶ
2941 3951 3118 4004 ἐλθεῖν
3138 3950 3269 4005 ἔνθα
3303 3950 3378 4020 μὴ
3405 3949 3548 4021 ᾔδει,
3581 3950 3721 4021 μηδὲ

2134 4033 2423 4103 ἠπίστατο.
2458 4034 2536 4087 οὐ
2563 4033 2673 4104 γὰρ
2696 4029 2851 4087 εἶπεν
2876 4034 2957 4096 εἰς
2983 4034 3146 4087 ποίαν
3178 4032 3344 4087 αὐτὸν
3372 4031 3556 4102 χώραν
3590 4031 3720 4102 βού-

2135 4117 2287 4171 λεται
2327 4119 2682 4189 μεταστῆσαι.
2712 4116 2848 4171 ἀλλὰ
2873 4116 2953 4186 τῷ
2972 4117 3265 4189 ἀδιορίστῳ
3289 4115 3384 4170 τοῦ
3414 4116 3721 4186 ἐπιτάγμα-

2135 4218 2225 4264 τος
2258 4200 2532 4271 ἐγύμναζε
2568 4198 2664 4254 τοῦ
2710 4198 3057 4271 πατριάρχου
3094 4199 3156 4253 τὸ
3210 4197 3479 4268 φιλόθεον.
3537 4196 3722 4267 Δεῦρο

2136 4280 2265 4352 γάρ,
2299 4282 2482 4353 φησὶν.
2510 4283 2598 4347 εἰς
2624 4279 2739 4349 τὴν
2773 4280 2910 4349 γὴν,
2944 4279 3025 4348 ἦν
3050 4281 3129 4335 ἄν
3154 4296 3255 4335 σοι
3276 4281 3472 4345 δείξω.
3504 4282 3720 4352 Ἐννόη-

2138 4365 2229 4418 σόν
2272 4382 2384 4435 μοι,
2432 4364 2707 4435 ἀγαπητέ,
2740 4365 2889 4429 ὅπως
2925 4362 3136 4435 ὑψηλῆς
3195 4363 3364 4417 ἐδεῖτο
3396 4363 3624 4435 γνώμης
3660 4365 3723 4418 τὸ

2136 4446 2435 4517 ἐπίταγμα,
2472 4448 2567 4500 καὶ
2595 4447 2838 4517 μηδεμιᾷ
2867 4446 3211 4519 προσπαθείᾳ
3238 4445 3272 4517 ἢ
3303 4446 3561 4518 συνηθείᾳ
3590 4465 3722 4501 κατ-

2136 4529 2420 4599 εχομένης.
2459 4530 2522 4582 Εἰ
2545 4529 2653 4601 γὰρ
2688 4529 2781 4582 νῦν
2818 4530 2956 4598 μετὰ
3010 4529 3069 4583 τὸ
3118 4527 3395 4582 ἐπιδοῦναι
3438 4531 3540 4600 τὴν
3565 4531 3725 4583 εὐσέ-

2137 4613 2310 4674 ϐειαν,
2343 4610 2515 4676 οὕτως
2543 4613 2652 4665 εἰσί
2685 4612 2867 4665 πολλοὶ
2899 4615 2966 4683 τῇ
2996 4610 3255 4681 συνηθείᾳ
3279 4611 3719 4683 προσδεδεμένοι,

2135 4694 2212 4757 ὡς
2244 4693 2338 4745 καὶ
2371 4693 2629 4765 μυριάκις
2660 4694 2726 4747 ἂν
2754 4693 2979 4758 ἕλοιντο,
3009 4692 3111 4746 κᾶν
3140 4693 3356 4763 ἀνάγκη
3392 4694 3718 4767 κατεπείγῃ,

2138 4777 2315 4830 πάντα
2345 4776 2654 4846 ὑπομεῖναι,
2679 4776 2713 4847 ῆ
2734 4775 2842 4828 τῶν
2860 4776 3041 4830 τόπων
3062 4776 3415 4846 μεταστῆναι,
3433 4775 3564 4830 ἔνθα
3590 4778 3725 4848 πρός

2136 4876 2293 4930 τερον
2315 4859 2416 4920 τὴν
2445 4858 2860 4930 οἴκησιν-ἔσχον,
2898 4858 3188 4913 καὶταῦτα
3226 4860 3328 4914 οὐκ
3362 4860 3457 4914 ἐπὶ
3493 4859 3604 4914 τῶν
3629 4877 3723 4913 τυ-

2136 4944 2343 5015 χόντων
2368 4941 2528 5013 μόνον
2557 4940 2767 5013 ἀνδρῶν
2796 4940 2944 4995 ἔστιν
2990 4941 3138 5005 ἰδεῖν,
3179 4942 3316 4995 ἀλλὰ
3359 4943 3453 4995 καί
3504 4943 3600 4994 ἐπὶ
3626 4960 3722 5012 φυ-

2137 5027 2342 5095 γόντων
2371 5025 2498 5085 τούς
2523 5026 2582 5078 ἐν
2612 5024 2763 5095 μέσῳ
2789 5022 3070 5093 θορύϐους,
3105 5024 3313 5078 καὶτὸν
3338 5024 3449 5077 τῶν
3472 5024 3724 5096 μοναχῶν

2139 5107 2411 5179 ἑλομένων
2451 5106 2595 5175 βίον·
2639 5104 2818 5175 πολλῷ
2860 5106 2925 5176 δὴ
2982 5106 3182 5176 μᾶλλον
3227 5108 3348 5161 τότε
3397 5108 3489 5161 τὸν
3515 5107 3722 5161 δίκαιον

2137 5189 2322 5244 τοῦτον
2377 5189 2524 5252 εἰκὸς
2577 5183 2646 5259 ἦν
2671 5188 2995 5258 δυσχερᾶναι
3028 5189 3165 5261 πρὸς
3196 5189 3257 5243 τὸ
3289 5190 3592 5262 ἐπίταγμα,
3625 5191 3723 5244 καὶ

2137 5272 2494 5343 ὀκνηρότερον
2520 5270 2877 5341 καταστῆναι.
2898 5270 3141 5337 Ἔξελθε,
3159 5270 3312 5343 φησὶ,
3336 5271 3431 5325 καὶ
3454 5273 3721 5326 κατάλιπε

2138 5356 2265 5417 τοὺς
2285 5356 2585 5423 συγγενεῖς,
2605 5353 2804 5406 καὶτὸν
2825 5349 2973 5409 οἶκον
2989 5354 3080 5408 τὸν
3101 5353 3392 5424 πατρικὸν,
3421 5355 3517 5408 καὶ
3536 5354 3725 5422 Δεῦρο

2139 5440 2226 5505 εἰς
2251 5437 2386 5507 γῆν.
2415 5435 2585 5503 ἣνᾶν
2608 5453 2708 5491 σοι
2729 5436 2925 5502 δείξω.
2948 5438 3083 5490 Τίνα
3096 5431 3190 5492 οὗν
3206 5436 3307 5491 οὐκ
3334 5438 3402 5492 ἂν
3421 5435 3721 5508 ἐθορύόησε

2139 5521 2298 5575 ταυτὶ
2329 5520 2398 5574 τά
2435 5520 2690 5591 ρήματα;
2741 5520 2878 5574 Οὐτε
2904 5520 2997 5574 τὸν
3020 5520 3208 5585 τόπον,
3244 5518 3370 5574 οὐτε
3410 5521 3510 5593 τὴν
3539 5521 3724 5593 χώραν

2139 5603 2305 5674 δήλην
2348 5601 2497 5673 αὐτῷ
2524 5605 2687 5667 ποιεῖ,
2717 5600 2857 5657 ἀλλά
2882 5602 2963 5673 τῷ
2994 5602 3282 5675 ἀδιορίστῳ
3313 5603 3590 5673 βασανίζει
3626 5604 3726 5657 τοῦ

2131 5686 2350 5740 δικαίου
2376 5686 2476 5757 τήν
2509 5684 2757 5758 γνώμην.
2800 5684 2864 5740 Εἰ
2890 5686 3000 5759 7&9
3036 5687 3222 5758 ἕτερός
3252 5704 3338 5751 τις
3385 5683 3455 5759 ἦν
3478 5689 3508 5741 6
3539 5688 3727 5742 κελευ-

2143 5769 2312 5833 σθεὶς,
2342 5769 2437 5823 καὶ
2455 5763 2537 5833 εἷς
2568 5769 2677 5823 τῶν
2700 5768 2931 5833 πολλῶν,
2962 5767 3115 5824 εἶπεν
3130 5769 3219 5824 ἀν’
3249 5764 3451 5826 Ἐστωο
3480 5769 3725 5832 κελεύεις

2145 5868 2214 5922 με
2228 5851 2544 5906 καταλιπεῖν
2560 5853 2661 5925 τήν
2685 5853 2790 5923 γῆν
2812 5851 2939 5906 ἔνθα
2962 5853 3057 5906 νῦν
3080 5853 3236 5917 οἰκῶ,
3258 5855 3359 5924 τὴν
3382 5855 3719 5923 συγγένειαν,

2142 5934 2234 5987 τὸν
2278 5931 2426 5987 οἷκον
2472 5934 2564 5988 τὸν
2596 5935 2859 6005 πατρικόν
2878 5951 2891 5965 ο
2944 5935 3088 5998 τίνος
3118 5935 3303 5991 ἕνεκεν
3353 5937 3471 6004 οὐχὶ
3504 5937 3597 5991 καὶ
3627 5934 3720 5991 τὸν
