4078 6412
418 364 524 418 185
1367 349 1432 406 IN
1469 347 1630 404 CAP.
1665 347 1756 401 XI.
1800 346 1886 400 ET
1926 343 2016 398 XII

418 490 537 528 nios
566 489 579 526 :
609 469 702 526 sed
731 468 963 524 contenti
984 468 1150 522 simus
1173 463 1438 520 dominica
1465 461 1640 516 laude.
1674 460 1832 530 Cujus
1856 461 1970 512 taus
1990 499 2007 524 ,

417 567 620 637 inquit,
667 581 768 617 non
806 579 870 617 ea:
908 559 1221 623 hominibus,
1251 555 1342 610 sed
1368 571 1435 609 ea:
1459 553 1567 608 Deo
1607 551 1782 624 (Rom.
1809 550 1863 604 2.
1889 550 2009 620 29).

420 659 486 713 Et
527 672 632 727 quo
676 655 842 723 magis
873 650 1157 706 virtutibus
1184 646 1574 717 locupletamur
1597 653 1652 700 et
1678 643 1970 698 crescimus
1995 681 2010 704 ,

421 750 520 804 hoc
551 748 719 818 magis
747 744 972 800 modesti
1004 745 1170 798 simus
1191 751 1246 796 et
1266 739 1624 794 humiliemur.
1656 736 1789 792 Nam
1815 735 1914 790 etsi
1945 733 2011 788 ad

417 856 684 897 summum
726 837 934 892 virtutis
980 836 1185 904 apicem
1229 831 1631 903 pertigerimus,
1673 828 1720 883 si
1765 826 1817 882 id
1864 833 2014 895 grato

419 934 602 986 animo
627 946 748 986 eum
784 929 874 982 Dei
900 926 1170 982 beneﬁciis
1197 938 1568 992 comparemus
1586 962 1599 985 ,
1630 919 1786 974 facile
1812 917 2016 972 videbi-

357 1083 366 1090 ,
419 1039 539 1079 mus
559 1065 574 1089 ,
623 1038 689 1076 ne
730 1020 1003 1074 minimam
1047 1016 1260 1088 quidem
1289 1025 1492 1086 partem
1521 1026 1621 1067 nos
1645 1026 1830 1066 eorum
1851 1051 1867 1076 ,
1898 1023 2016 1078 qua:

420 1119 473 1173 in
507 1131 605 1170 nos
643 1112 909 1177 contulit,
938 1110 1274 1180 adaequasse.
1305 1107 1437 1161 llinc
1466 1104 1608 1160 enim
1636 1115 1825 1156 omnes
1847 1098 2015 1154 sancti

420 1205 626 1276 probati
672 1204 914 1266 fuerunt,
955 1211 1010 1257 et
1045 1201 1155 1254 Deo
1180 1197 1404 1267 accepti.
1434 1195 1547 1250 Hoc
1576 1203 1634 1248 ut
1654 1193 1859 1257 discas,
1889 1190 2016 1244 audi

419 1299 698 1354 doctorem
739 1294 915 1356 orbis,
959 1292 1190 1346 animam
1229 1289 1371 1343 illam
1402 1303 1520 1358 quae
1549 1286 1600 1340 in
1632 1283 1821 1339 caelum
1853 1297 2019 1351 usque

423 1391 706 1463 pertingit,
749 1386 1018 1458 quomodo
1067 1392 1186 1455 post
1231 1391 1309 1436 tot
1354 1380 1607 1450 praeclara
1652 1391 1850 1447 Opera,
1902 1382 2022 1443 post

425 1494 627 1542 tantum
645 1482 712 1536 de
729 1481 860 1536 ca-lo
891 1475 1249 1534 testimonium
1272 1472 1408 1545 (Vas
1423 1471 1586 1537 enim,
1614 1468 1803 1538 inquit,
1824 1467 2024 1520 electio-

421 1581 500 1634 nis
523 1588 596 1632 est
619 1575 744 1629 mihi
767 1574 848 1627 hic
876 1572 1011 1644 [Ach
1039 1570 1091 1625 9.
1120 1567 1280 1640 15]),
1314 1581 1419 1619 non
1450 1563 1779 1618 obliviscitur
1803 1573 2021 1615 suorum

421 1669 738 1728 delictorum
761 1709 776 1734 ,
807 1666 899 1722 sed
921 1662 1180 1719 ambabus
1211 1658 1486 1722 manibus,
1513 1665 1571 1710 ut
1597 1653 1779 1720 aiunt,
1807 1667 1867 1706 ea
1901 1665 2020 1704 ver-

422 1773 540 1829 sat,
573 1770 625 1817 et
656 1775 828 1830 neque
852 1771 1036 1812 eorum
1067 1752 1381 1809 memoriam
1410 1746 1681 1804 obliterari
1713 1745 1931 1816 patitur,
1955 1742 2022 1796 de

421 1855 615 1924 quibus
659 1850 990 1906 certissimus
1024 1853 1174 1910 erat,
1220 1844 1334 1912 ipsa
1380 1856 1475 1910 per
1514 1838 1832 1908 baptismum
1863 1835 2024 1889 fuisse

422 1946 663 2008 dimissa,
685 1943 778 1998 sed
794 1942 986 1996 clamat
1004 1947 1056 1994 et
1072 1936 1198 1992 dicit
1223 1953 1239 1990 :
1266 1934 1509 1988 Minimus
1528 1948 1640 1986 sum
1660 1928 2022 1999 apostolorum,

423 2047 472 2092 et
505 2052 606 2090 non
643 2050 756 2088 sum
792 2032 974 2102 dignus
1003 2028 1173 2083 uocari
1203 2025 1462 2096 apostolus
1490 2021 1566 2096 (Ι.
1594 2021 1711 2075 Cor.
1744 2021 1829 2075 15.
1855 2016 1933 2090 9).
1961 2018 2024 2072 Et

424 2140 630 2196 postea,
649 2133 707 2178 ut
727 2125 992 2194 ingentem
1017 2121 1132 2189 ejus
1160 2118 1430 2172 discamus
1455 2113 1826 2176 humilitatem,
1846 2109 2022 2164 addit:

427 2217 506 2272 Eo
533 2217 666 2285 quod
691 2221 1018 2286 persequutus
1042 2227 1150 2264 sum
1185 2207 1464 2262 Ecclesium
1497 2204 1610 2258 Dti.
1642 2202 1778 2270 Quid
1807 2202 1920 2272 agis
1940 2243 1953 2264 ,
1983 2215 2016 2256 0

426 2309 632 2364 Paule?
676 2306 933 2361 Dominus
974 2318 1069 2372 per
1109 2297 1528 2355 misericordiam
1568 2309 1718 2349 suam
1751 2291 1946 2348 delevit
1973 2301 2027 2344 et

425 2401 626 2457 dimisit
669 2399 847 2452 omnia
889 2405 1104 2465 peccata
1148 2402 1257 2457 tua,
1301 2399 1356 2444 et
1396 2398 1451 2442 tu
1500 2401 1562 2442 ea
1598 2385 1772 2440 adhuc
1797 2381 2026 2438 subinde

430 2507 610 2549 versas
631 2533 646 2556 ,
691 2501 745 2545 ct
784 2485 1094 2544 memoras?
1139 2483 1314 2538 Etiam
1346 2499 1358 2534 :
1387 2480 1500 2534 seio
1528 2478 1670 2533 enim
1692 2517 1707 2542 ,
1741 2475 1947 2545 inquit,
1974 2483 2028 2527 et

429 2603 536 2643 non
579 2586 766 2656 ignoro
795 2580 1080 2634 Dominum
1107 2591 1284 2630 meum
1317 2574 1404 2627 illa
1431 2571 1699 2626 dimisisse
1733 2585 1745 2620 :
1775 2566 1868 2622 sed
1900 2566 2025 2619 dum

429 2693 635 2734 mecum
663 2673 943 2731 considero
969 2686 1087 2741 qua:
1109 2667 1324 2723 fecerim
1345 2705 1360 2731 ,
1387 2675 1442 2719 et
1465 2663 1621 2716 video
1645 2660 1836 2715 divinae
1860 2663 2028 2711 mise-

429 2770 673 2827 ricordia:
713 2769 932 2838 pelagus
961 2781 973 2816 :
1011 2774 1135 2816 tunc
1168 2761 1335 2830 probe
1356 2757 1503 2812 disco
1529 2769 1614 2808 me
1640 2751 1809 2822 gratia
1841 2761 1895 2804 et
1923 2749 2026 2801 nii-

428 2861 720 2920 sericordia
769 2858 858 2912 Dei
893 2871 1013 2912 esse
1043 2855 1093 2908 id
1122 2851 1260 2922 quod
1291 2865 1429 2904 sum.
1461 2846 1590 2901 Nam
1623 2859 1743 2898 cum
1773 2840 2026 2910 dixisset,

431 2957 555 3011 Non
597 2971 710 3009 sum
756 2952 941 3022 dignus
974 2948 1141 3002 vocari
1166 2945 1428 3015 apostolus
1448 2982 1463 3006 ,
1491 2957 1549 2994 eo
1579 2937 1712 3009 quod
1748 2935 2025 2989 Ecclesium

430 3051 526 3104 Dei
553 3065 666 3103 sum
696 3053 1018 3116 persequutus
1039 3082 1054 3105 ,
1079 3039 1316 3096 subdidit
1347 3055 1360 3090 :
1394 3033 1574 3090 Gratia
1599 3042 1771 3084 autem
1801 3027 1896 3082 Dei
1917 3043 2027 3080 sum

431 3146 486 3200 id
525 3143 660 3216 quod
703 3159 814 3198 sum
855 3138 1088 3208 (lbid.v.
1130 3134 1240 3203 10).
1282 3132 1394 3201 Ego
1415 3122 1864 3216 quidem,inqnit,
1889 3127 2027 3174 tanta

434 3235 644 3293 ferebar
666 3233 871 3288 insania
895 3247 909 3296 ;
940 3226 1220 3284 ineliabilis
1251 3233 1430 3278 autem
1461 3219 1579 3289 ejus
1601 3215 1812 3272 bonitas
1833 3221 1888 3266 et
1906 3225 2027 3282 gra-

433 3334 502 3386 tia
535 3327 903 3384 remissionem
927 3321 1094 3377 dedit.
1119 3316 1338 3372 Vidistis
1359 3313 1590 3367 animam
1615 3307 1901 3362 contritam
1930 3343 1945 3368 ,
1975 3310 2031 3357 et

433 3423 744 3480 memoriam
789 3424 1128 3488 peccatorum
1149 3452 1166 3476 ,
1209 3424 1330 3479 quze
1371 3413 1496 3460 ante
1525 3401 1846 3472 baptismum
1877 3412 2028 3450 com-

436 3519 678 3580 miserat,
710 3485 967 3581 perpetuo
998 3501 1462 3561 circumferentem
1489 3496 1511 3548 'l
1537 3494 1685 3548 lllmn
1708 3500 1763 3546 ct
1787 3503 1885 3543 nos
1911 3485 2027 3542 inii-

436 3619 644 3671 temur,
693 3580 748 3658 et
789 3614 976 3656 eorum
1019 3611 1139 3667 quae
1185 3601 1306 3663 post
1349 3587 1672 3658 baptismum
1715 3580 2031 3636 admisimus

434 3698 672 3770 quotidie
717 3706 984 3749 memores
1003 3731 1019 3757 ,
1050 3687 1410 3753 continuoque
1438 3696 1498 3734 ea
1529 3680 1580 3732 in
1607 3683 1786 3730 mente
1809 3686 2029 3726 versan-

435 3765 516 3845 tes
539 3831 553 3854 ,
581 3799 870 3856 numquam
901 3780 1270 3852 permittamus
1296 3783 1352 3829 ut
1376 3773 1614 3842 ipsorum
1630 3765 2030 3822 oblivisciimur.

437 3883 549 3937 lloc
577 3854 957 3936 enimfrenum
982 3871 1211 3928 sufﬁciet
1236 3868 1303 3922 ad
1331 3860 1723 3921 bumiliandum
1745 3871 1865 3924 nos,
1890 3865 1945 3910 et
1964 3854 2030 3908 ad

435 3971 755 4028 modestiam
795 3963 1234 4037 ingencrandam.
1266 3959 1333 4012 Et
1361 3955 1486 4028 quid
1513 3954 1636 4009 dico
1662 3951 1883 4006 Paulum
1914 3957 2032 4001 tan-

437 4076 548 4121 tum
575 4073 630 4118 et
659 4062 816 4116 talem
849 4060 1020 4114 virum
1045 4057 1066 4110 ?
1101 4054 1192 4108 Vis
1222 4052 1406 4105 videre
1434 4047 1594 4102 etiam
1621 4059 1716 4103 eos
1740 4043 1830 4113 qui
1859 4042 1913 4095 in
1936 4037 2032 4093 v'e-

438 4161 537 4215 teri
583 4159 697 4227 lege
743 4155 866 4208 hinc
909 4153 1140 4205 maxime
1177 4147 1518 4205 claruerunt,
1548 4136 1690 4208 quod
1722 4145 1844 4206 post
1873 4135 2032 4187 innu-

439 4265 586 4306 meia
618 4225 754 4302 bona
777 4258 937 4315 opera
955 4284 972 4310 ,
999 4250 1055 4297 et
1079 4236 1402 4293 ineffabilem
1431 4231 1572 4302 apud
1597 4231 1763 4286 Deum
1787 4225 2032 4281 ﬁduciam

440 4340 669 4397 modesti
717 4336 950 4392 fuerint?
992 4331 1130 4388 Audi
1165 4328 1292 4400 quid
1338 4326 1483 4381 dicat
1520 4319 1855 4392 patriarcha,
1882 4325 2032 4388 post-

439 4451 598 4506 quam
627 4426 1071 4486 consuetudinem
1093 4438 1214 4477 cum
1247 4422 1354 4473 Deo
1383 4415 1602 4478 habuit,
1637 4421 1693 4467 et
1717 4413 1852 4465 facta
1878 4417 1961 4464 est
1981 4408 2033 4463 ei

441 4499 726 4596 promissio
767 4538 782 4575 :
829 4520 940 4592 Ego
979 4527 1148 4571 autem
1178 4555 1192 4580 ,
1241 4511 1410 4581 inquit
1433 4550 1448 4569 ,
1497 4516 1632 4560 terra
1669 4520 1781 4557 sum
1821 4511 1869 4555 et
1907 4499 2034 4554 cinis

443 4611 596 4683 (Gen.
633 4609 718 4663 l8.
748 4607 862 4676 ετ).

515 4707 568 4760 5.
609 4673 877 4759 Cancrum
919 4695 1042 4767 quia
1069 4693 1120 4748 in
1149 4688 1464 4760 patriarclue
1489 4681 1814 4738 mentionem
1841 4673 2034 4732 incidi-

446 4815 566 4856 mus
587 4839 599 4864 ,
623 4797 668 4852 si
693 4795 895 4865 placet,
920 4805 984 4845 ea
1006 4802 1126 4857 quae
1149 4781 1308 4836 hodie
1335 4781 1469 4832 lecta
1494 4781 1620 4829 sunt
1637 4814 1654 4839 ,
1676 4781 2037 4840 proponamus

445 4857 657 4949 caritati
694 4857 888 4940 vestrae
910 4922 926 4948 ,
971 4893 1079 4948 quo
1123 4874 1225 4929 illis
1251 4869 1530 4939 eitplicatis
1557 4864 1830 4918 videamus
1858 4857 2037 4913 excel-

451 4987 646 5040 lentem
675 4977 802 5050 justi
827 4977 1096 5030 virtutem.
1125 4969 1213 5024 51.
1244 4963 1313 5018 Et
1338 4961 1530 5030 accepit
1553 4999 1570 5025 ,
1600 4956 1765 5050 inquit
1787 4994 1815 5050 τ’
1837 4950 2038 5050 Titarra

452 5078 638 5132 Abram
675 5046 722 5126 et
751 5069 961 5124 Naclior
990 5064 1122 5134 ﬁlios
1151 5075 1267 5114 suos
1291 5099 1307 5124 ,
1333 5065 1379 5110 et
1405 5054 1501 5108 Lot
1529 5051 1696 5121 ﬁlium
1721 5047 1816 5116 ﬁlii
1840 5046 1920 5099 sui
1950 5051 2040 5097 :et

454 5170 640 5224 Suram
681 5178 864 5218 nurum
900 5173 1045 5218 suam
1064 5197 1080 5221 ,
1121 5166 1328 5206 uxorem
1353 5155 1520 5200 autem
1549 5143 1697 5196 Abrae
1725 5139 1820 5206 ﬁlii
1847 5139 1961 5197 sui,
1990 5144 2040 5186 et

455 5257 628 5313 eduxit
666 5271 750 5308 eos
779 5266 842 5306 ea:
866 5260 1000 5304 terra
1025 5244 1402 5303 Chaldaeorum,
1446 5245 1500 5288 ut
1526 5230 1961 5304 proﬁciscerentur
1986 5225 2040 5276 in

456 5363 636 5404 terram
660 5345 1083 5400 Chananatorum,
1109 5345 1153 5389 et
1177 5333 1307 5388 venit
1328 5343 1481 5396 usque
1499 5324 1567 5378 ad
1591 5322 1843 5383 Charron,
1875 5327 1920 5370 et
1951 5315 2043 5368 ha-

454 5443 626 5498 bitarit
655 5439 778 5493 illic.
808 5435 895 5489 '52.
932 5432 996 5485 Et
1025 5435 1224 5494 fuerunt
1245 5439 1415 5478 omnes
1441 5419 1548 5472 dies
1577 5415 1786 5469 Tharrte
1805 5411 1857 5462 in
1880 5406 2044 5462 Char-

455 5552 569 5589 ran.
609 5531 729 5583 unni
765 5529 963 5578 ducenti
1004 5520 1220 5585 quinque
1239 5555 1254 5580 ,
1282 5523 1326 5567 et
1359 5521 1586 5563 mortuus
1614 5514 1684 5558 est
1714 5505 1765 5555 in
1791 5501 2039 5554 Charran.

458 5628 707 5683 Animum
735 5621 1037 5688 diligenter,
1065 5613 1309 5666 obsecro.
1339 5606 1404 5658 iis
1433 5617 1552 5674 qute
1578 5599 1712 5653 lecta
1739 5602 1862 5649 sunt
1887 5590 2042 5645 adhi-

455 5724 680 5774 beamus
704 5754 718 5778 ,
766 5685 1095 5764 ut'mcntcm
1141 5716 1323 5756 eorum
1342 5740 1355 5759 ,
1389 5710 1507 5763 qua:
1529 5693 1578 5745 in
1602 5688 1812 5756 scriptis
1839 5685 2002 5738 latent
2026 5723 2041 5743 ,

460 5773 943 5881 deprehendamus.
979 5798 1115 5851 Ecce
1145 5792 1285 5848 enim
1320 5802 1445 5842 mox
1472 5785 1523 5838 in
1554 5778 1812 5854 principio
1837 5773 2042 5828 videtur

2026 381 2041 396 .
2083 343 2329 400 GENES.
2373 345 2602 402 llOMIL.
2643 345 2836 401 XXXI.

3606 352 3713 405 9.86

2123 472 2244 512 esse
2291 459 2534 528 qumstio.
2568 458 2700 513 Nam
2730 473 2853 514 cum
2882 459 2971 515 ille
2995 459 3183 516 beatus
3213 461 3468 533 [ropheta
3489 504 3507 528 ,
3544 463 3717 520 Moses

2120 549 2334 617 inquam
2359 590 2374 614 ,
2401 548 2593 603 dixerit
2624 567 2637 603 :
2665 550 2869 620 Accepit
2894 549 3096 606 Tliarra
3123 553 3311 606 Abram
3331 563 3378 609 et
3402 554 3632 622 Nachor,
3670 571 3718 611 et

2118 639 2288 693 eduxit
2324 656 2387 694 ea:
2413 650 2545 694 terra
2584 641 2961 703 Chaldu’orum,
2992 654 3047 696 ut
3075 645 3511 712 proﬁciscerentur
3535 647 3588 701 in
3615 657 3715 702 ter-

2118 746 2226 782 ram
2248 729 2657 784 Chananazorum
2687 746 2707 785 :
2734 741 2781 784 et
2807 731 2938 786 venit
2965 750 3121 802 usque
3143 735 3212 787 ad
3234 734 3486 804 Charran,
3506 749 3554 792 et
3576 739 3719 792 habi-

2120 820 2240 872 tavit
2264 820 2371 873 illic
2393 835 2412 874 :
2443 821 2633 875 beatus
2661 822 2964 892 Stephanus
2991 823 3207 880 Judasos
3239 826 3483 894 laudans,
3511 829 3714 899 inquit:

2121 910 2258 965 Deus
2295 912 2473 983 gloria:
2509 914 2643 967 visus
2677 923 2749 968 est
2777 916 2908 983 putri
2935 927 3106 971 nostro
3133 917 3388 972 Abraham
3406 961 3421 985 ,
3453 937 3567 975 cum
3593 934 3718 976 esset

2122 1005 2174 1057 in
2208 1002 2593 1073 MesOpotamia,
2620 1007 2918 1077 priusquam
2940 1010 3185 1063 habitaret
3213 1011 3264 1064 in
3285 1010 3539 1077 Charran,
3567 1024 3613 1068 et
3640 1016 3719 1069 il—

2123 1095 2254 1161 linc,
2299 1107 2561 1166 postquam
2591 1108 2815 1153 mortuus
2843 1111 2915 1153 est
2950 1111 3093 1166 pater
3118 1104 3226 1173 ejus
3247 1144 3261 1166 ,
3292 1104 3543 1174 proﬁcisci
3563 1106 3720 1176 jussit

2123 1185 2262 1254 (Act.
2306 1187 2359 1241 7.
2401 1187 2456 1240 2.
2487 1188 2567 1258 4).
2598 1189 2734 1256 Quid
2775 1191 2966 1260 igitur?
2996 1193 3328 1250 dissitlentnc
3356 1210 3386 1250 a
3419 1197 3608 1266 seipsis
3635 1197 3719 1251 di-
3785 1225 3789 1231 -

2123 1280 2260 1334 vina:
2302 1279 2634 1351 Scriptum?
2675 1283 2865 1348 Absit;
2906 1283 3000 1338 sed
3053 1301 3116 1340 ex
3158 1286 3260 1341 hoc
3296 1287 3724 1344 animadvertere

2129 1371 2288 1438 licet,
2319 1373 2460 1442 quod
2491 1388 2610 1427 cum
2639 1373 2778 1428 ﬁlius
2806 1375 3084 1445 religiosus
3114 1386 3291 1444 esset,
3319 1378 3464 1432 visus
3491 1379 3542 1434 ei
3571 1379 3714 1435 Deus

2127 1460 2408 1530 imperavit
2447 1472 2503 1517 ut
2546 1463 2668 1518 inde
2706 1465 2977 1534 migraret.
3003 1465 3158 1534 Quod
3187 1476 3245 1522 ut
3267 1469 3482 1538 agnovit
3511 1468 3716 1525 Tharra

2130 1562 2278 1621 pater
2297 1553 2435 1623 ejus,
2466 1553 2589 1610 licet
2617 1555 2846 1610 inﬁdelis
2872 1567 3036 1623 esset,
3059 1568 3291 1614 attamen
3319 1559 3390 1614 ob
3409 1575 3646 1616 amorem
3667 1561 3720 1616 in

2128 1644 2294 1698 lilium
2337 1647 2516 1700 socius
2555 1646 2628 1701 illi
2673 1649 3116 1717 peregrinationis
3161 1663 3280 1704 esse
3321 1650 3508 1704 voluit.
3553 1651 3618 1706 Et
3663 1663 3720 1706 nt

2127 1737 2274 1790 venit
2291 1737 2342 1791 in
2364 1737 2624 1804 Charran,
2642 1754 2704 1794 ac
2728 1739 2832 1794 illic
2851 1739 3106 1795 habitavit
3126 1741 3472 1812 aliquamdiu,
3492 1742 3598 1796 vita
3622 1743 3722 1799 hac

2128 1828 2359 1882 exl‘essit
2391 1845 2403 1880 :
2439 1828 2736 1897 patriarcha
2765 1840 2941 1885 autem
2972 1841 3095 1886 tunc
3115 1830 3339 1900 jubente
3367 1833 3478 1888 Deo
3503 1833 3553 1886 in
3580 1832 3722 1888 Cha-

2130 1933 2372 1972 nameam
2388 1921 2673 1974 concessit.
2702 1921 2936 1990 Denique
2965 1939 3071 1976 non
3102 1932 3258 1976 antea
3285 1938 3409 1977 eum
3441 1924 3578 1977 Dens
3602 1925 3724 1979 inde

2127 2009 2389 2077 evocavit,
2404 2010 2574 2064 donec
2593 2021 2834 2065 mortuus
2851 2012 3169 2066 estTharra.
3189 2013 3340 2068 Tunc
3353 2013 3498 2068 enim
3523 2015 3610 2068 illo
3633 2015 3724 2069 dc-

2130 2099 2330 2169 functo,
2345 2101 2517 2171 inquit
2534 2103 2576 2156 :l
2592 2141 2604 2154 .
2616 2101 2765 2173 (Cap.
2780 2106 2795 2156 l
2808 2101 2864 2174 2)
2886 2103 2949 2157 Et
2965 2105 3094 2158 dixit
3111 2105 3356 2159 Dominus
3369 2105 3545 2160 Abrte:
3563 2105 3722 2176 Egre-

2128 2191 2246 2244 dere
2266 2191 2328 2244 de
2349 2200 2483 2244 terra
2514 2201 2621 2258 tua,
2650 2201 2698 2245 et
2728 2192 2790 2245 de
2814 2197 3110 2263 cognatione
3136 2203 3224 2246 tua
3247 2234 3262 2258 ,
3293 2203 3340 2248 et
3366 2194 3428 2249 de
3454 2195 3603 2249 domo
3629 2213 3724 2264 pu-

2129 2284 2219 2337 tris
2242 2285 2346 2349 tui,
2381 2295 2427 2337 et
2453 2285 2564 2338 veni
2592 2286 2644 2338 in
2675 2294 2860 2338 turam
2885 2303 3036 2351 quam
3067 2298 3408 2341 monstrat-ero
3435 2289 3539 2341 tibi.
3570 2287 3623 2342 2.
3662 2288 3725 2342 Et

2131 2375 2318 2446 faciam
2345 2385 2391 2428 te
2419 2377 2471 2428 in
2491 2387 2688 2446 gentem
2712 2393 2948 2446 magnam
2972 2391 2992 2429 :
3011 2386 3056 2429 et
3079 2377 3366 2431 bencdicam
3391 2377 3514 2445 tibi,
3538 2387 3586 2432 et
3612 2395 3723 2432 nta-

2130 2467 2382 2537 gniﬁcabo
2422 2483 2602 2521 nomen
2631 2477 2804 2534 tuum,
2843 2476 2889 2522 et
2920 2469 3018 2521 eris
3047 2467 3338 2523 benedictus
3363 2484 3383 2532 ,'
3411 2470 3466 2524 5.
3498 2481 3545 2523 et
3574 2469 3715 2524 benc-

2131 2559 2296 2611 dicam
2323 2557 2724 2613 benedicentibus
2748 2567 2820 2625 te,
2854 2568 2900 2613 et
2930 2559 3282 2613 maledicentes
3309 2569 3354 2612 te
3381 2560 3680 2614 maledicum
3706 2580 3724 2625 ;

2131 2659 2176 2701 et
2201 2649 2552 2703 benedicentur
2581 2650 2633 2703 in
2661 2658 2707 2703 te
2731 2665 2904 2703 omnes
2927 2651 3088 2703 tribus
3116 2659 3281 2704 teme.
3322 2649 3540 2721 Singula
3583 2651 3721 2707 diota

2131 2739 2415 2809 diligenter
2455 2749 2884 2810 perscrutemur,
2928 2750 2985 2795 ut
3030 2741 3333 2811 religiosam
3372 2750 3427 2796 et
3463 2743 3602 2812 piam
3635 2759 3727 2813 pa-

2134 2830 2376 2884 triarclne
2406 2840 2644 2886 mentem
2667 2831 2960 2885 videamus.

2206 2921 2463 2986 Quantum
2496 2921 2560 2975 sit
2590 2922 2805 2991 patriam
2834 2938 2979 2975 suam
3003 2922 3375 2992 relinquere.—
3391 2921 3473 2977 Ne
3503 2934 3726 2994 praetcr-

2131 3029 2319 3067 eamus
2362 3013 2536 3068 obiter
2576 3013 2753 3077 dicta,
2802 3013 2895 3067 sed
2939 3013 3425 3072 animadvertamus
3471 3023 3726 3082 quantum

2135 3103 2339 3173 imperii
2384 3102 2614 3174 pondus.
2644 3103 2899 3172 Egredere
2919 3145 2933 3168 ,
2963 3103 3167 3173 inquit,
3194 3103 3259 3158 de
3283 3113 3415 3158 terra
3445 3114 3531 3158 tua
3553 3146 3569 3173 ,
3598 3115 3644 3160 et
3666 3109 3728 3159 de

2133 3195 2429 3265 cognatione
2455 3203 2539 3249 tua
2559 3236 2572 3260 ,
2599 3205 2646 3249 et
2675 3197 2738 3248 de
2760 3196 2907 3249 domo
2934 3196 3094 3264 patris
3119 3196 3220 3261 tui,
3251 3207 3297 3249 et
3323 3195 3433 3250 ueni
3467 3197 3520 3250 in
3545 3207 3728 3251 terram

2132 3309 2281 3360 quam
2315 3302 2656 3346 monstravero
2685 3290 2791 3344 tibi.
2825 3290 2983 3357 Quasi
3010 3289 3213 3344 diceret
3243 3305 3258 3343 :
3289 3289 3550 3358 Relinque
3577 3301 3720 3344 (ιρι-ω

2132 3394 2186 3438 et
2214 3385 2462 3439 omnibus
2498 3393 2682 3453 aperta
2702 3425 2716 3449 ,
2749 3391 2804 3437 et
2830 3384 2967 3453 elige
2994 3383 3161 3452 magis
3194 3383 3392 3437 incerta
3421 3392 3474 3438 et
3502 3398 3607 3437 non
3635 3400 3726 3453 ap-

2135 3475 2394 3545 parentia.
2453 3472 2745 3528 Considera
2799 3473 3067 3544 quomodo
3119 3473 3186 3527 ab
3237 3474 3387 3527 initio
3438 3486 3724 3529 exercetur

2128 3569 2324 3634 justus,
2350 3575 2406 3620 ut
2437 3565 2704 3636 praeligat
2729 3580 2833 3618 non
2860 3564 3166 3634 apparentia
3192 3579 3300 3633 prae
3321 3566 3718 3633 apparentibus,

2134 3670 2189 3714 et
2216 3658 2388 3712 futura
2436 3673 2544 3728 pra:
2592 3657 2656 3712 iis
2685 3673 2802 3727 qua:
2827 3657 2877 3709 in
2911 3657 3154 3712 manibus
3198 3667 3342 3710 sunt.
3372 3656 3554 3726 Neque
3585 3659 3727 3712 enim

2137 3752 2354 3821 vulgare
2382 3761 2433 3804 et
2462 3765 2679 3819 parvum
2721 3747 2917 3818 aliquid
2945 3758 3060 3801 erat
3089 3748 3160 3810 id,
3189 3747 3330 3818 quod
3361 3747 3410 3802 ei
3443 3757 3498 3801 ut
3529 3751 3727 3804 faceret

2133 3842 2473 3914 praxcipiebat
2499 3842 2638 3895 Deus
2658 3858 2669 3891 :
2691 3855 2882 3910 nempe
2899 3848 2955 3894 ut
2977 3848 3170 3893 terram
3195 3838 3539 3909 relinqueret,
3563 3854 3724 3908 quam

2136 3935 2457 3989 inhabitarat
2495 3941 2642 3986 tanto
2681 3941 2939 4000 tempore,
2971 3940 3026 3984 et
3067 3946 3280 3984 onmem
3325 3932 3724 4000 cognationem.

2135 4036 2187 4081 et
2216 4034 2378 4079 totam
2423 4026 2586 4094 patris
2611 4023 2848 4087 domum,
2893 4023 3094 4090 iretque
3122 4023 3365 4075 nesciens
3392 4030 3447 4075 et
3475 4021 3726 4091 ignorans

2136 4131 2414 4188 quorsum.
2441 4115 2556 4169 Non
2583 4115 2722 4169 enim
2751 4113 2974 4180 dixitei,
2999 4113 3226 4183 inquam
3249 4114 3518 4182 regionem
3551 4124 3728 4169 trans-

2136 4210 2280 4264 ferre
2320 4223 2440 4262 cum
2485 4207 2664 4271 vellet,
2694 4205 2788 4260 sed
2817 4206 3065 4259 mandato
3092 4204 3366 4259 indeﬁnito
3392 4205 3533 4274 pium
3565 4207 3728 4275 patri-

2137 4303 2352 4356 arcbam
2392 4300 2651 4355 exercuit.
2692 4296 2816 4352 Veni
2857 4297 3022 4360 enim,
3062 4296 3250 4366 inquit,
3282 4295 3336 4348 in
3365 4306 3546 4349 terram
3577 4312 3728 4365 quam

2138 4402 2477 4449 monstravere
2508 4391 2614 4444 tibi.
2646 4390 2854 4460 Cogita,
2885 4404 3088 4458 quasso,
3121 4389 3335 4454 dilecte,
3364 4403 3522 4457 quam
3561 4387 3729 4442 subli-

2137 4501 2279 4540 mem
2321 4484 2555 4538 animum
2589 4480 2893 4551 requirebat
2921 4482 3022 4534 hoc
3056 4479 3401 4533 mandatum:
3445 4477 3534 4547 qui
3575 4477 3732 4547 plane

2139 4577 2280 4631 nulla
2305 4575 2389 4630 vel
2414 4572 2717 4636 :m‘ectione,
2746 4571 2829 4626 vel
2858 4570 3241 4624 consuctmline
3269 4568 3514 4638 impediri
3544 4577 3725 4637 potuc-

2139 4669 2228 4722 rit.
2268 4665 2324 4722 Si
2351 4665 2494 4720 enim
2525 4678 2687 4729 nunc,
2720 4671 2839 4731 post
2875 4670 3016 4714 tanta
3067 4659 3337 4729 religionis
3383 4659 3726 4720 incrementa,

2141 4760 2291 4814 multi
2321 4759 2457 4814 adeo
2482 4764 2603 4813 sunt
2646 4754 3015 4810 consuetudini
3062 4768 3174 4806 sua:
3213 4750 3430 4820 alligati,
3462 4759 3518 4802 ut
3559 4750 3732 4816 potius

2142 4851 2326 4911 multa.
2354 4850 2454 4904 etsi
2497 4845 2785 4902 necessitas
2833 4854 3036 4914 urgeat,
3059 4841 3345 4911 omniaque
3375 4840 3515 4896 ferre
3543 4840 3731 4905 velint,

2141 4958 2300 5013 quam
2328 4941 2440 4994 loca
2469 4947 2675 4993 mutare
2714 4936 2766 4990 in
2811 4935 3003 5006 quibus
3032 4935 3178 5003 prius
3205 4932 3469 4986 habebant
3506 4932 3722 4986 domici-

2144 5033 2270 5088 lium
2296 5031 2382 5084 :id
2407 5029 2547 5099 quod
2577 5043 2678 5082 noo
2703 5027 2875 5081 solum
2900 5042 2928 5079 a
2961 5023 3265 5095 vulgaribus
3289 5023 3591 5078 hominibus
3617 5023 3732 5078 ﬁeri

2142 5125 2407 5186 videmus,
2430 5121 2523 5176 sed
2545 5121 2704 5174 etiam
2731 5121 2798 5172 ab
2820 5119 2883 5171 iis
2909 5117 2997 5186 qui
3015 5132 3047 5171 e
3068 5116 3246 5170 medio
3273 5117 3502 5168 tumultu
3527 5115 3734 5185 fugere,

2144 5227 2200 5272 et
2226 5215 2571 5271 mooasticam
2603 5213 2762 5266 vitam
2785 5211 3095 5280 delegerunt
3122 5226 3133 5260 :
3157 5219 3358 5276 quanto
3383 5209 3549 5277 magis
3589 5209 3732 5264 veri-

2144 5309 2318 5365 simile
2346 5316 2460 5362 erat
2479 5305 2680 5372 jnsmm
2710 5303 2854 5356 illum
2882 5300 2948 5355 ad
2991 5300 3092 5355 hoc
3112 5298 3420 5353 mandatum
3446 5298 3734 5354 tardiorem

2147 5403 2302 5457 fore?
2331 5399 2618 5470 Egredere,
2654 5397 2841 5464 inquit,
2874 5403 2926 5448 et
2966 5393 3204 5462 relinque
3240 5400 3514 5462 cognatos,
3553 5399 3608 5445 et
3634 5391 3734 5447 do-

2148 5508 2292 5548 tnum
2325 5500 2618 5561 paternam,
2652 5495 2706 5542 et
2731 5486 2847 5539 veni
2875 5487 2925 5538 in
2957 5493 3150 5538 terram
3181 5498 3341 5552 quam
3369 5493 3738 5538 ιιιοιιεειιιινειιο

2149 5586 2262 5638 tibi.
2302 5583 2471 5650 Quem
2503 5596 2606 5632 non
2651 5577 2922 5631 turbarent
2947 5575 3108 5629 verba
3155 5574 3294 5628 ista?
3321 5572 3503 5642 Neque
3543 5573 3737 5635 locum,

2151 5691 2322 5746 neque
2361 5673 2630 5742 regionem
2661 5679 2862 5723 certam
2907 5668 2955 5720 ei
3003 5666 3265 5736 designat,
3311 5665 3402 5719 sed
3460 5663 3736 5717 indefinito

2155 5775 2422 5840 przecepto
2451 5772 2684 5817 mentem
2721 5761 2962 5831 explorat
3001 5759 3147 5830 justi.
3197 5758 3324 5812 Nam
3364 5757 3407 5811 si
3433 5757 3551 5828 quis
3578 5755 3733 5818 alius,
