4078 6416
431 401 528 453 287
1138 393 1194 447 S.
1233 390 1510 446 JU.\‘N.\'IS
1548 388 2017 445 CllllYSOSTOMI
2059 387 2370 442 AlilllllEP.
2413 387 2942 444 CONSTANTINOP.

427 525 480 568 et
507 529 538 568 e
580 511 733 583 vulgo
769 510 957 563 fuisset
1003 509 1046 562 is
1074 508 1163 577 qui
1192 507 1496 562 mandatum
1523 506 1748 575 accepit,
1783 504 2004 559 dixisset

431 607 647 674 utique:
693 602 856 668 Esto;
886 601 1148 671 praecipis,
1193 607 1253 655 ut
1280 599 1573 669 relinquam
1618 607 1814 652 terram
1841 613 2001 666 quam

428 696 684 760 inhabito,
711 693 1099 764 cognationem,
1130 691 1346 746 domum
1370 700 1644 760 paternam
1670 707 1682 742 :
1706 704 1871 758 quare
1897 703 2002 742 non

424 789 582 841 etiam
608 787 780 840 locum
802 785 1062 850 declaras,
1086 784 1137 837 in
1161 797 1320 852 quem
1338 797 1427 836 me
1455 780 1716 850 proficisci
1738 779 1912 849 jubes,
1945 789 2004 832 ut

423 877 704 932 certiorem
767 893 854 933 me
907 875 1102 931 reddas
1135 883 1399 944 quantum
1441 874 1511 929 sit
1550 873 1650 927 iter
1696 872 2002 943 agendum?

424 970 576 1028 Unde
601 971 743 1025 enim
773 967 1300 1034 nossevalcam‘hac,
1323 980 1481 1037 quam
1507 966 1772 1036 relinquo,
1792 964 2002 1019 uberio-

423 1077 536 1116 rem
560 1070 614 1116 et
643 1061 1064 1130 prmstantiorem
1093 1060 1236 1113 illam
1263 1056 1420 1113 esse?
1449 1057 1521 1111 At
1540 1057 1712 1126 justus
1746 1055 1877 1110 nihil
1906 1056 2001 1108 ho-

423 1167 540 1205 rum
565 1151 646 1206 vel
675 1149 830 1210 dixit,
854 1149 936 1205 vel
967 1148 1212 1217 cogitavit
1236 1165 1250 1201 :
1281 1147 1375 1203 sed
1403 1147 1690 1217 respiciens
1709 1145 1776 1199 ad
1799 1146 2002 1214 magni-

424 1241 658 1296 tudinem
687 1255 874 1295 eorum
900 1254 1015 1307 qua:
1044 1239 1298 1307 imperata
1328 1246 1500 1302 erant,
1535 1236 1600 1290 iis
1641 1251 1761 1306 qua:
1800 1236 1850 1289 in
1882 1250 1998 1290 ma-

423 1332 578 1386 nibus
607 1331 834 1385 habebat
876 1331 1072 1384 incerta
1105 1328 1438 1400 praeferebat.
1467 1328 1626 1398 Atqui
1668 1327 1714 1383 si
1755 1341 1859 1381 non
1889 1335 1996 1381 tam

419 1435 734 1489 generosum
760 1419 1025 1489 spiritum,
1060 1435 1159 1474 nec
1185 1429 1289 1474 tam
1318 1418 1737 1488 philosophicam
1764 1427 1996 1472 mentem

421 1511 726 1574 habuisset,
767 1524 866 1564 nec
909 1509 1176 1564 didicisset
1213 1524 1308 1580 per
1344 1509 1520 1562 omnia
1559 1507 1668 1562 Deo
1707 1507 1997 1576 parendum

416 1616 569 1663 esse;
611 1599 800 1655 fuisset
828 1609 1001 1654 tamen
1032 1601 1080 1653 ei
1111 1607 1166 1654 et
1191 1598 1330 1654 aliud
1359 1599 1521 1654 etiam
1548 1598 1719 1668 ipsum
1744 1613 1848 1651 non
1872 1612 1996 1666 par-

420 1708 541 1746 vum
569 1691 1037 1761 impedimentum;
1067 1705 1258 1759 nempe
1282 1705 1427 1744 mors
1456 1690 1639 1760 patris.
1666 1689 1824 1743 Scitis
1851 1687 1994 1742 enim

419 1782 612 1836 multos
641 1796 1008 1850 sa-penumero
1048 1791 1265 1850 propter
1301 1781 1542 1850 sepulcra
1568 1789 1910 1849 cognatorum
1941 1780 1992 1834 in

417 1872 521 1926 illis
559 1873 687 1926 locis
715 1871 850 1926 mori
878 1871 1134 1942 deligere,
1181 1871 1266 1926 ubi
1307 1879 1557 1940 parentes
1583 1885 1768 1925 eorum
1799 1870 1992 1925 mortui

414 1973 467 2015 et
493 1963 680 2032 sepulti
707 1969 851 2016 sunt.

481 2054 536 2108 4.
571 2051 866 2107 Verisimile
887 2051 1044 2122 igitur
1061 2058 1176 2106 erat
1199 2059 1252 2105 et
1276 2056 1476 2120 justum
1499 2049 1638 2104 hunc
1660 2091 1676 2116 ,
1700 2049 1799 2104 nisi
1826 2049 1992 2104 Deum

412 2141 696 2212 plurimum
717 2151 978 2207 amasset,
1014 2141 1133 2194 talia
1166 2140 1398 2210 potuisse
1426 2140 1659 2209 cogitare
1685 2157 1698 2192 :
1727 2139 1866 2195 Ecce
1895 2156 1992 2210 pa—

412 2245 494 2287 ter
518 2240 736 2304 propter
774 2247 925 2286 suum
955 2233 1007 2286 in
1040 2248 1124 2286 me
1169 2245 1406 2287 amorem
1433 2247 1466 2288 e
1489 2231 1650 2286 domo
1678 2246 1772 2286 sua
1812 2233 1990 2302 profe-

409 2334 559 2390 ctus,
582 2324 834 2394 pristinas
863 2322 1277 2378 consuetudines
1302 2322 1562 2392 despexit,
1595 2333 1650 2378 ct
1673 2324 1992 2393 contemptis

410 2413 658 2468 unmibus
685 2411 789 2466 huc
817 2427 984 2482 usque
1003 2413 1189 2477 venit;
1220 2414 1369 2482 quasi
1396 2413 1595 2469 diceret
1619 2432 1632 2466 :
1663 2414 1883 2485 Propter
1907 2431 1992 2470 me

409 2506 464 2560 in
490 2503 660 2559 aliena
688 2512 830 2559 terra
854 2505 959 2558 vita
982 2503 1261 2558 defunctus
1283 2513 1364 2558 est
1391 2522 1405 2561 :
1436 2520 1534 2575 ego
1559 2516 1737 2559 autem
1765 2521 1868 2560 non
1892 2506 1986 2561 da-

409 2604 562 2649 turus
586 2607 702 2647 sum
745 2607 983 2664 operam,
1030 2602 1088 2647 ut
1118 2604 1234 2662 post
1263 2603 1486 2649 mortem
1525 2610 1620 2664 par
1645 2596 1693 2650 ei
1735 2596 1949 2651 reddam
1971 2639 1986 2664 ,

409 2685 505 2741 sed
554 2686 740 2740 relicto
790 2700 911 2740 cum
961 2685 1276 2756 cognatione
1324 2688 1489 2756 patris
1535 2689 1816 2758 sepulcro,
1867 2689 1991 2746 hinc

407 2778 636 2833 abeam?
664 2778 822 2848 Atqui
851 2778 980 2832 nihil
1009 2777 1197 2832 borum
1237 2778 1560 2833 alacritatem
1589 2780 1704 2850 ejus
1735 2784 1989 2837 remorari

407 2870 577 2939 potuit
609 2887 622 2923 :
667 2869 759 2924 sed
790 2869 970 2923 omnia
1009 2869 1142 2924 levia
1189 2878 1240 2923 et
1283 2868 1454 2924 facilia
1498 2870 1546 2925 ei
1576 2873 1990 2941 repnnscntabat

405 2977 532 3015 suns
562 2960 613 3015 in
647 2961 811 3014 Deum
839 2975 1008 3015 amor.
1040 2959 1302 3015 Fortassis
1326 2970 1380 3015 et
1407 2961 1533 3015 illud
1566 2974 1742 3017 mente
1769 2973 1990 3018 tractas-

405 3059 521 3117 set,
552 3050 810 3121 siquidem
852 3049 1098 3105 humanis
1128 3050 1422 3106 rationibus
1450 3067 1536 3106 res
1573 3067 1696 3107 suas
1725 3054 1988 3109 moderari

406 3140 698 3194 voluisset:
730 3139 788 3194 ln
820 3138 918 3194 hac
941 3147 1117 3206 (eunte,
1144 3154 1248 3210 qna
1286 3155 1425 3194 nunc
1454 3140 1521 3195 ad
1553 3151 1870 3210 postremam
1901 3159 1987 3199 se-

407 3240 614 3284 nectam
658 3232 838 3296 tendo,
863 3246 1114 3302 quorsum
1159 3232 1399 3289 abiturus
1438 3233 1596 3287 sum?
1625 3250 1729 3288 non
1773 3235 1986 3290 fratrem

405 3336 614 3376 mecum
655 3321 877 3388 ducens,
908 3337 1081 3391 neque
1109 3332 1364 3392 cognatos
1390 3338 1597 3378 mecum
1629 3324 1828 3380 habens
1847 3366 1864 3391 ,
1895 3328 1986 3380 sed

401 3413 472 3468 ab
494 3411 741 3467 omnibus
763 3412 1170 3482 consanguineis
1199 3421 1580 3483 sequestratus.
1605 3415 1875 3484 quomodo
1899 3431 1988 3470 so-

405 3507 611 3561 litarins
639 3515 695 3560 et
718 3505 1028 3576 peregrinus
1053 3506 1105 3559 in
1137 3514 1333 3560 terram
1361 3505 1588 3560 alienam
1618 3521 1856 3578 pergam,
1888 3523 1983 3562 ne-

405 3596 548 3652 scius
592 3595 679 3651 ubi
711 3595 923 3650 errandi
964 3595 1086 3649 finis
1115 3596 1318 3650 futurus
1341 3596 1453 3651 sit?
1477 3597 1628 3663 Quod
1656 3599 1702 3652 si
1733 3599 1908 3654 medio
1935 3594 1986 3652 in

404 3686 596 3740 itinere
621 3685 895 3754 contingat
915 3700 1000 3740 me
1026 3685 1132 3739 vita
1156 3685 1394 3756 defungi,
1422 3701 1539 3756 quae
1569 3695 1730 3741 tanta:
1759 3689 1987 3744 miseria:

405 3778 563 3830 fuerit
594 3775 832 3830 utilitas?
858 3776 975 3846 quis
1001 3791 1087 3830 me
1107 3783 1373 3830 mortuum
1398 3777 1603 3832 curabit
1625 3793 1831 3845 senem,
1863 3795 1984 3848 per-

401 3868 953 3937 egrinum.carentem
999 3865 1250 3930 civitate,
1309 3877 1580 3921 carentem
1617 3868 1816 3923 domo?
1857 3868 1989 3924 For-

404 3958 560 4011 tassis
612 3972 747 4011 uxor
794 3957 996 4012 vicinos
1041 3958 1316 4025 exorabit,
1367 3967 1424 4014 ut
1471 3959 1985 4016 commiserationem

401 4049 684 4119 quamdam
708 4051 761 4104 in
785 4065 871 4105 me
897 4051 1204 4118 exhibeant,
1231 4060 1285 4106 et
1300 4051 1442 4121 jnsta
1473 4067 1538 4107 ex
1569 4053 1817 4108 collatitia
1849 4056 1986 4125 stipe

403 4141 577 4196 faciet.
595 4141 805 4208 Quanto
833 4144 996 4197 satius
1027 4142 1204 4209 fuerit,
1226 4153 1280 4197 ut
1309 4145 1422 4214 ipse
1451 4145 1596 4200 brevi
1626 4146 1764 4216 quod
1793 4162 1983 4219 super-

406 4241 482 4284 ist
511 4239 749 4300 tempore
789 4231 873 4285 hic
906 4233 1144 4287 residens
1194 4233 1355 4288 vitam
1400 4236 1701 4300 terininem,
1742 4253 1899 4306 quam
1939 4239 1982 4293 si

405 4337 565 4376 St'nex
600 4322 722 4374 hinc
764 4330 820 4376 et
845 4321 967 4376 inde
1009 4338 1185 4391 vager,
1216 4333 1270 4378 et
1297 4326 1534 4378 omnium
1564 4328 1869 4383 scommatis
1898 4329 1984 4383 in-

406 4425 605 4475 cessar,
634 4411 723 4479 qui
743 4425 914 4480 neque
941 4412 990 4464 in
1015 4422 1170 4466 :rtate
1192 4412 1281 4466 illa
1306 4413 1515 4483 quietus
1537 4415 1730 4476 vivam.
1754 4418 1847 4472 sed
1868 4419 1984 4473 loca

407 4501 538 4554 locis
563 4510 792 4564 mutans,
824 4501 1007 4556 nnll‘ibi
1036 4503 1359 4557 subsistam?
1387 4503 1650 4560 Caeterum
1686 4506 1860 4576 justus
1886 4510 1985 4564 istc

407 4591 537 4646 nihil
569 4591 758 4645 horum
802 4591 1081 4660 cogitavit.
1111 4592 1206 4646 sed
1244 4593 1567 4664 prmeipienti
1595 4595 1812 4652 obedire
1845 4599 1985 4653 festi-

405 4683 568 4737 navit.
607 4681 714 4736 Sed
744 4682 877 4737 forte
914 4681 1107 4736 dixerit
1133 4683 1431 4753 quispiam:
1471 4685 1552 4738 Ad
1591 4685 1983 4742 incitamentum

405 4775 534 4828 satis
563 4773 661 4827 fuit
685 4775 756 4839 ei,
798 4771 920 4826 Veni
948 4773 999 4826 in
1027 4782 1210 4827 terram
1240 4791 1391 4844 quam
1420 4775 1506 4828 tibi
1534 4785 1913 4843 monstrarem;
1939 4788 1987 4833 ct

401 4865 591 4934 [nciam
633 4873 678 4918 te
702 4865 753 4918 in
781 4873 977 4934 gentem
1007 4881 1272 4935 magnam,
1305 4876 1349 4918 et
1381 4867 1666 4920 benedicnm
1691 4877 1755 4920 te.
1791 4869 1984 4924 Verum

402 4953 541 5008 istud
571 4953 763 5022 ipsum,
787 4954 885 5008 nisi
909 4954 1026 5023 pius
1047 4953 1250 5021 fuisset,
1277 4958 1405 5010 satis
1425 4967 1541 5013 erat
1565 4959 1631 5012 ad
1658 4958 1982 5015 reddendum

403 5059 526 5099 cum
558 5045 882 5114 segniorem,
915 5056 966 5099 et
1001 5045 1066 5098 ad
1089 5045 1444 5103 obedientiam
1468 5048 1633 5118 magis
1659 5052 1986 5106 cunctabun-

401 5137 550 5191 dum.
583 5137 715 5192 Nam
747 5139 791 5192 si
819 5151 958 5191 unus
989 5137 1179 5208 aliquis
1208 5154 1240 5193 e
1266 5139 1424 5208 vulgo
1451 5141 1655 5208 fuisset,
1685 5143 1862 5199 dicere
1887 5161 1984 5214 po-

405 5229 588 5284 tuisset
611 5247 624 5282 :
652 5230 828 5296 Quare
856 5246 942 5285 me
971 5245 1192 5300 peregre
1220 5231 1480 5299 proficisci
1497 5233 1675 5300 jubes,
1703 5243 1758 5288 et
1784 5236 1834 5288 in
1857 5237 1984 5290 alie-

407 5332 526 5372 nam
556 5327 748 5373 terram
772 5319 1028 5374 abducis?
1055 5335 1219 5389 quare
1239 5324 1282 5374 si
1311 5336 1394 5373 me
1415 5337 1661 5392 magnum
1686 5323 1859 5380 facere
1881 5327 1980 5394 vis,

406 5423 512 5464 non
539 5410 626 5464 hic
651 5426 898 5481 magnum
937 5412 1109 5466 facis?
1141 5426 1308 5480 quare
1336 5413 1386 5466 in
1417 5413 1576 5468 domo
1615 5424 1830 5484 paterna
1864 5433 1983 5471 ver-

405 5509 636 5564 santem,
674 5510 761 5554 tua
789 5501 1156 5555 benedictione
1180 5517 1284 5556 non
1316 5501 1589 5571 dignaris?
1613 5506 1763 5570 Quod
1789 5507 1834 5561 si
1859 5522 1986 5561 con-

404 5593 572 5662 tingat
621 5591 920 5660 priusquam
966 5592 1268 5659 perveniam
1311 5592 1362 5645 iu
1392 5593 1563 5646 locum
1603 5609 1759 5664 quem
1795 5596 1982 5664 jubes,

407 5683 751 5750 defatigatum
780 5697 866 5735 me
897 5683 1100 5736 itineris
1129 5685 1398 5738 laboribus
1427 5688 1620 5755 perire,
1649 5699 1704 5741 et
1731 5689 1890 5741 vitam
1923 5689 1984 5741 li-

411 5775 544 5839 nire,
573 5787 691 5840 qum
722 5771 849 5823 mihi
879 5787 940 5822 cx
972 5772 1245 5838 promissis
1273 5774 1513 5828 utilitas?
1541 5777 1610 5830 At
1638 5777 1767 5833 nihil
1791 5779 1982 5834 borum

3581 398 3682 453 288

2109 500 2192 554 vel
2221 501 2272 554 in
2305 513 2482 556 mente
2520 501 2913 573 suscipiendum
2939 505 3166 569 censuit,
3196 506 3314 571 sed,
3353 508 3491 562 sicut
3519 511 3686 568 tidclis

2108 605 2315 656 servus,
2361 592 2427 646 ad
2474 592 2646 647 solum
2688 591 2970 663 imperium
3011 593 3265 663 obcdivit,
3309 599 3436 653 nihil
3478 603 3686 660 curiose

2107 697 2374 752 quaerens,
2407 684 2714 754 nullumque
2738 684 2882 739 aliud
2921 686 3187 756 negotium
3219 698 3557 758 pra-texens;
3593 694 3685 749 sed

2107 771 2510 841 obtemperavit,
2556 783 2762 829 eertum
2794 774 3016 841 habens,
3065 778 3371 850 neutiquam
3416 783 3686 840 mendacia

2106 879 2227 920 esse
2261 863 2352 920 Dei
2381 866 2675 935 promissa:
2711 866 2777 921 Et
2813 869 3002 939 faciam
3031 879 3079 924 te
3108 870 3162 924 in
3198 882 3393 942 gentem
3431 891 3686 944 magnam,

2106 955 2292 1026 inquit,
2320 966 2366 1010 et
2391 957 2678 1012 benedicam
2703 971 2770 1024 te,
2807 971 2854 1012 et
2886 961 3218 1032 magni/icabo
3243 979 3422 1018 nomen
3454 975 3614 1029 tuum,
3641 978 3688 1020 et

2104 1047 2201 1100 eris
2227 1047 2532 1102 benedictus.
2559 1049 2801 1120 Magnum
2833 1052 3198 1120 promissionis
3223 1055 3448 1122 pondus.
3480 1054 3688 1109 Faciam

2104 1145 2171 1197 te.
2223 1137 2408 1207 inquit,
2459 1140 2512 1193 in
2555 1152 2752 1210 gentem
2794 1158 3050 1212 magnam,
3095 1153 3142 1196 et
3185 1143 3472 1199 benedicam
3519 1157 3592 1210 te,
3636 1159 3687 1201 et

2103 1229 2439 1296 magniﬁcabo
2468 1245 2649 1283 nomen
2677 1240 2838 1284 tuum.
2871 1230 2984 1285 Non
3029 1232 3200 1285 solum
3225 1235 3366 1302 genti
3400 1250 3602 1305 magna:
3633 1247 3686 1290 to

2103 1317 2407 1385 prieficiam,
2425 1327 2480 1372 et
2505 1333 2696 1374 nomen
2719 1329 2866 1373 tuum
2884 1321 3134 1375 extollam
3160 1339 3172 1374 :
3197 1322 3289 1376 sed
3310 1333 3361 1378 et
3383 1322 3686 1380 Benedicam

2101 1414 2168 1471 te,
2197 1416 2242 1459 et
2270 1408 2366 1462 eris
2393 1409 2696 1463 benedictus.
2729 1409 2806 1463 Ne
2839 1421 3011 1480 putes,
3051 1412 3264 1479 dilecte,
3301 1429 3499 1469 meram
3531 1431 3684 1486 repe-

2102 1497 2341 1553 titionem
2364 1514 2504 1565 esse,
2532 1507 2587 1555 et
2617 1500 2756 1570 idem
2777 1500 2857 1555 bis
2887 1501 3132 1571 proferri,
3157 1517 3277 1558 cum
3305 1503 3500 1559 dicitur
3517 1505 3681 1562 Bene-

2099 1589 2268 1644 dicam
2312 1600 2392 1657 te,
2423 1601 2471 1646 et
2514 1593 2613 1648 eris
2662 1593 2962 1647 benedictus.
2997 1594 3161 1649 Tanta
3192 1597 3332 1651 enin:
3365 1607 3436 1662 te,
3478 1597 3677 1669 inquit,

2099 1681 2466 1738 benedictione
2505 1684 2786 1754 dignabor,
2837 1695 2892 1740 ut
2919 1686 3005 1740 illa
3035 1686 3088 1740 in
3130 1702 3290 1742 omne
3311 1691 3566 1743 saeculum
3608 1691 3682 1744 sit

2098 1770 2372 1827 duratura.
2417 1772 2536 1827 Eris
2573 1775 2717 1829 enim
2745 1776 3053 1840 benedictus,
3080 1777 3150 1830 ita
3179 1785 3237 1831 ut
3272 1792 3460 1833 omnes
3487 1783 3680 1834 sumini

2100 1859 2318 1916 honoris
2361 1863 2478 1917 loco
2517 1861 2746 1918 habituri
2793 1864 2920 1930 sint,
2949 1866 2994 1921 si
3039 1866 3118 1920 eis
3147 1875 3322 1921 tecum
3351 1867 3681 1924 familiaritas

2097 1954 2388 2023 contingat.
2409 1953 2566 2009 Vides
2590 1955 2858 2025 quomodo
2879 1966 3035 2011 antea
3061 1965 3114 2012 et
3141 1957 3209 2012 ab
3234 1958 3383 2012 initio
3410 1959 3460 2014 ei
3491 1962 3680 2029 praedi-

2097 2043 2170 2096 cit
2211 2044 2504 2099 claritatem
2532 2059 2690 2115 quam
2730 2045 2805 2101 illi
2831 2047 3053 2102 daturus
3079 2057 3213 2102 erat.
3250 2047 3465 2103 Faciam
3492 2060 3558 2114 te,
3593 2052 3676 2104 in-

2096 2133 2232 2201 quit,
2261 2133 2314 2186 in
2343 2143 2537 2204 gentem
2567 2151 2822 2205 magnam,
2854 2147 2902 2190 et
2931 2137 3262 2208 magniﬁcabo
3291 2157 3470 2193 nomen
3498 2152 3637 2196 tuum
3660 2185 3677 2208 ,

2096 2232 2144 2276 et
2171 2223 2460 2278 benedicam
2487 2234 2553 2289 te,
2580 2236 2630 2280 et
2655 2227 2754 2281 eris
2777 2227 3079 2281 benedictus.
3114 2227 3313 2283 Idcirco
3335 2241 3390 2284 et
3415 2227 3580 2287 ιιιάωί
3609 2233 3682 2286 de

2097 2314 2395 2382 patriarcha
2419 2316 2787 2385 superbientes
2827 2316 3074 2372 volebant
3096 2333 3156 2372 se
3193 2317 3246 2373 in
3285 2319 3404 2389 ejus
3428 2321 3681 2376 familiam

2099 2405 2388 2473 intrudere,
2417 2418 2470 2462 et
2496 2407 2741 2463 dicebant
2773 2426 2786 2463 :
2819 2407 2944 2464 Filii
2973 2410 3230 2463 Abraham
3254 2427 3442 2466 sumus.
3475 2410 3580 2466 Sed
3622 2423 3684 2468 ut

2096 2496 2302 2551 discant
2328 2511 2388 2552 se
2417 2509 2634 2570 propter
2663 2499 2832 2556 malos
2855 2514 3032 2556 mores
3061 2500 3304 2571 indignos
3331 2517 3450 2557 esse
3475 2502 3562 2556 illa
3595 2503 3676 2556 fa-

2098 2587 2239 2642 milia
2269 2598 2323 2643 et
2349 2604 2560 2660 genere,
2580 2589 2709 2646 dicit
2728 2591 2806 2646 eis
2831 2590 3112 2647 Christus:
3145 2591 3207 2648 Si
3225 2593 3322 2661 lilii
3349 2593 3564 2649 Abraluc
3588 2611 3673 2648 es-

2095 2679 2234 2745 setis,
2277 2696 2432 2750 Opera
2475 2682 2691 2736 Abrahae
2731 2682 2963 2751 faceretis
3005 2684 3176 2754 utique
3221 2683 3409 2754 (Joan.
3441 2685 3496 2740 8.
3541 2685 3611 2740 39
3633 2687 3678 2754 ).

2094 2768 2326 2825 Joannes
2366 2785 2596 2842 quoque,
2642 2771 2914 2828 Zachariae
2943 2773 3101 2840 filius,
3131 2789 3253 2829 cum
3285 2774 3352 2827 ad
3392 2775 3680 2832 Jordanem

2095 2865 2424 2921 confluerent
2448 2865 2701 2936 baptizari
2730 2868 3023 2937 cupientes,
3065 2867 3279 2922 diccbat
3321 2869 3435 2923 cis:
3481 2867 3680 2939 Proge-

2094 2955 2202 3008 nies
2239 2956 2542 3026 viperarum,
2586 2958 2698 3027 quis
2723 2958 3017 3012 monstravit
3063 2958 3200 3012 vobis
3233 2959 3408 3029 fugere
3434 2977 3466 3013 a
3503 2961 3683 3029 futura

2093 3045 2216 3099 ira?
2255 3044 2432 3100 Facite
2465 3048 2620 3116 igitur
2657 3049 2876 3118 fructum
2923 3049 3132 3118 dignum
3174 3049 3496 3119 panitentice,
3539 3057 3588 3104 et
3616 3067 3682 3104 ne

2094 3141 2414 3207 prwsumatis
2455 3140 2637 3204 dicere,
2688 3137 2896 3194 Patrem
2941 3140 3183 3194 habemus
3228 3140 3503 3195 Abt-altam.
3547 3140 3682 3195 Dico

2093 3229 2226 3281 enim
2249 3228 2406 3292 vobis,
2437 3228 2574 3299 quod
2600 3239 2758 3298 potest
2787 3227 2927 3283 Deus
2952 3245 3016 3283 ea:
3041 3230 3296 3298 lapidibus
3324 3231 3432 3284 istis
3454 3231 3678 3286 excitare

2093 3320 2229 3389 ﬁlios
2279 3318 2496 3374 Αιναιιω
2561 3319 2790 3390 (Matth.
2833 3320 2886 3374 δ.
2927 3319 3022 3374 7-9
3042 3320 3082 3391 ).
3146 3320 3360 3376 Vidistis
3405 3322 3678 3390 quomodo

2093 3423 2343 3478 magnum
2381 3408 2522 3479 apud
2556 3423 2747 3464 oumes
2783 3411 2903 3479 ejus
2949 3424 3142 3465 novuen
3182 3408 3378 3465 fuerit?
3418 3410 3523 3469 Sed
3550 3421 3677 3468 ante

2092 3509 2342 3555 eventum
2364 3499 2492 3570 justi
2520 3502 2690 3570 pietas
2727 3510 3073 3566 monstratur,
3109 3501 3374 3572 quomodo
3401 3502 3554 3558 dictis
3580 3505 3674 3559 Dei

2092 3589 2403 3655 crediderit,
2453 3599 2509 3646 et
2556 3592 2736 3666 omnia
2778 3607 2897 3662 qua:
2946 3593 3257 3648 videbantur
3301 3609 3422 3649 esse
3456 3595 3673 3665 gravia.

2093 3694 2283 3748 magna
2307 3678 2564 3738 facilitate
2585 3681 2899 3750 susceperit.
2927 3681 2989 3736 Et
3013 3683 3322 3749 bencdicam,
3353 3685 3555 3755 inquit,
3579 3686 3671 3740 be-

2091 3768 2381 3826 nedicentes
2405 3779 2472 3833 te,
2491 3779 2541 3824 et
2571 3771 2918 3827 maledicentes
2945 3783 2991 3827 te
3022 3774 3318 3829 ntaledicam
3346 3791 3366 3828 :
3389 3786 3435 3830 et
3461 3778 3669 3830 benedi-

2093 3871 2268 3914 centur
2289 3862 2341 3913 in
2371 3869 2420 3916 te
2442 3877 2617 3917 omnes
2641 3864 2798 3919 tribus
2825 3875 2990 3920 terra.
3021 3866 3154 3922 Vide
3183 3867 3451 3937 quomodo
3478 3878 3673 3926 attent-

2094 3961 2246 4020 perat
2270 3964 2573 4008 sermonem
2601 3953 2763 4022 Deus,
2782 3965 2837 4010 et
2853 3965 3107 4026 quantum
3137 3959 3385 4016 amicitia:
3413 3971 3674 4017 moristrat

2091 4051 2486 4110 argumentum.
2519 4043 2661 4110 Illos,
2692 4046 2880 4115 inquit,
2911 4049 3112 4103 amicos
3139 4050 3366 4117 habebo,
3394 4053 3484 4122 qui
3511 4055 3672 4108 bene-

2092 4137 2212 4190 vole
2236 4148 2361 4205 erga
2401 4144 2459 4190 te
2489 4146 2648 4192 erunt
2683 4137 2858 4193 affecti
2881 4157 2897 4194 :
2923 4149 2978 4195 et
3016 4141 3132 4197 illos
3162 4143 3403 4198 inimicos
3444 4143 3666 4209 habebo,

2089 4226 2180 4296 qui
2209 4241 2334 4296 erga
2356 4235 2410 4282 te
2437 4229 2708 4283 contrario
2733 4229 2894 4284 modo
2917 4242 3076 4286 erum
3099 4233 3273 4288 allecti
3296 4250 3311 4287 :
3341 4235 3392 4289 id
3414 4235 3558 4305 quod
3587 4237 3668 4290 vis

2092 4317 2184 4372 lilii
2212 4333 2336 4388 erga
2366 4328 2546 4388 patres
2573 4319 2870 4376 faciendum
2896 4333 3164 4391 putarent,
3207 4335 3266 4380 ut
3287 4327 3504 4382 eosdem
3537 4345 3671 4397 quos

2090 4408 2166 4463 illi
2192 4409 2452 4465 haberent
2476 4411 2677 4465 amicos
2703 4419 2760 4466 et
2785 4413 3048 4468 inimicos.
3080 4415 3311 4471 Maxima
3331 4459 3346 4482 ,
3378 4417 3594 4486 dilecti,
3618 4420 3668 4472 in

2091 4499 2446 4570 patriarcham
2474 4500 2566 4557 Dei
2589 4503 2704 4558 haec
2728 4513 2807 4558 est
2834 4503 3224 4561 benevolentia.
3251 4505 3376 4562 Illos
3399 4512 3563 4574 enim,
3594 4513 3672 4563 in-

2089 4590 2224 4661 quit,
2253 4589 2587 4654 benedicam,
2611 4595 2700 4664 qui
2726 4595 3041 4651 benediceut
3067 4597 3160 4651 tibi
3187 4615 3200 4651 :
3227 4607 3284 4653 et
3306 4599 3427 4653 illus
3453 4601 3672 4656 maledi-

2089 4699 2230 4750 cam,
2257 4685 2347 4754 qui
2375 4685 2696 4742 ma-ledicent
2720 4687 2814 4741 tibi
2847 4705 2860 4741 :
2895 4689 2960 4742 Et
2980 4690 3330 4744 benedicentur
3355 4693 3410 4746 in
3433 4702 3481 4747 te
3502 4710 3670 4748 omnes

2092 4774 2248 4827 tribus
2274 4784 2439 4829 teme.
2470 4776 2608 4831 Ecce
2635 4786 2692 4832 et
2719 4777 2938 4833 alterius
2966 4780 3302 4836 liberalitatis
3339 4782 3668 4838 additamen-

2090 4873 2221 4918 tum.
2264 4865 2465 4921 Omnes
2488 4869 2631 4923 enim
2659 4868 2824 4923 tribus
2871 4880 3028 4926 terra
3071 4873 3360 4938 enitemur,
3407 4885 3464 4928 ut
3493 4876 3544 4929 in
3581 4886 3670 4931 tuo

2090 4956 2307 5012 nomine
2331 4958 2731 5028 benedieantus,
2753 4969 2809 5016 et
2833 4975 2920 5016 res
2945 4977 3068 5018 suas
3093 4973 3181 5017 tua
3200 4964 3557 5034 appellatione
3578 4965 3667 5020 bo~

2091 5049 2352 5101 nestiores
2373 5048 2587 5103 faciant.

2163 5139 2216 5193 5.
2245 5139 2500 5206 Audistis,
2527 5141 2726 5205 dilecti,
2748 5145 2925 5212 qualia
2943 5146 3222 5213 imperavit
3238 5146 3497 5201 Dominus
3517 5146 3672 5202 Chal-

2089 5229 2206 5282 duco
2235 5231 2372 5296 seni,
2395 5233 2483 5300 qui
2515 5246 2689 5302 neque
2716 5234 2884 5304 legem
2907 5247 3148 5299 noverat,
3179 5253 3354 5307 neque
3384 5237 3668 5308 pmpbeta-

2091 5336 2206 5374 rum
2239 5322 2440 5390 legerat
2465 5323 2710 5378 vaticinia
2738 5327 2778 5391 ¹,
2807 5342 2978 5396 neque
3007 5328 3164 5381 ullam
3189 5329 3347 5383 aliam
3375 5331 3667 5385 doctrinam

2089 5423 2368 5479 acceperat
2385 5414 2412 5467 ‘t
2439 5413 2654 5469 Vidistis
2678 5428 2876 5485 quanta
2903 5429 3286 5488 praeceptorum
3313 5422 3520 5476 moles?
3539 5438 3670 5491 quo-

2091 5505 2249 5558 modo
2273 5505 2340 5558 ad
2367 5521 2429 5560 ea
2458 5507 2778 5576 perficienda
2809 5511 3022 5565 sublimi
3051 5514 3340 5582 etjtm-nili
3367 5517 3548 5570 animo
3580 5517 3670 5569 ha-

2090 5595 2245 5649 bebat
2267 5601 2442 5666 opus?
2474 5599 2656 5655 Videte
2681 5602 2902 5669 posthac
2922 5611 2977 5658 et
3001 5605 3311 5672 patriarcha:
3336 5607 3668 5676 probitatem,

2155 5729 2174 5767 ¹λ
2210 5727 2262 5800 In
2285 5743 2478 5800 graeco,
2503 5745 2592 5790 pain
2615 5747 2808 5796 emat;
2844 5747 3048 5800 ιηηάηι,
3072 5736 3209 5800 quod
3243 5740 3390 5786 etiam
3423 5738 3514 5786 hoc
3533 5739 3674 5788 modo

2092 5799 2259 5851 posset
2284 5793 2619 5856 interpretari,
2634 5793 2785 5857 ncipte
2807 5793 3181 5861 campi-opimis
3205 5807 3418 5849 uersatus
3434 5801 3607 5862 fuerat.
