4078 6436
488 454 597 510 287

491 565 676 630 τόπον,
708 563 840 618 ἔνθα
862 565 1158 634 ἀφικέσθαι
1183 582 1250 637 με
1282 565 1664 638 προστάττεις,
1688 566 1849 637 δῆλον
1880 568 2072 630 ποιεῖς,

492 649 581 702 ῖνα
631 647 831 702 ειδέναι
862 647 972 719 ἐχω
1015 647 1120 702 κάν
1155 648 1252 703 τοῦ
1298 649 1662 721 διαστήματος
1712 652 1774 702 τὸ
1814 648 2074 720 μέγεθος;

494 729 668 784 Πόθεν
698 730 808 802 γάρ
839 748 929 802 μοι
957 732 1135 785 ἐκεῖνο
1160 731 1436 804 γνώριμον
1466 732 1534 786 ἂν
1564 732 1796 801 γένοιτο,
1835 733 1917 785 ὅτι
1954 731 2079 785 ταύ-

491 829 613 884 της,
664 807 734 884 ἧς
786 812 1203 884 καταλιμπάνω,
1271 814 1497 885 βελτίων
1541 814 1842 885 ὀφθήσεται
1891 815 2075 885 ἐκείνη

496 895 698 967 μᾶλλον
725 897 821 951 καὶ
840 897 1192 969 εὐπορωτέρα
1210 914 1225 962 ;
1257 898 1396 952 Ἀλλ’
1422 900 1452 953 ό
1469 898 1678 963 δίκαιος
1700 899 1853 953 οὐδὲν
1872 898 2079 952 τούτων

493 978 617 1033 οὐδὲ
643 972 820 1044 εἶπεν,
851 980 972 1033 οὐδὲ
1005 981 1286 1050 ἐνενόησεν
1303 997 1316 1011 ’
1353 981 1490 1035 ἀλλὰ
1513 981 1650 1053 πρὸς
1673 982 1735 1036 τὸ
1761 981 1868 1035 τῶν
1898 983 2079 1034 ἐπιτε-

490 1062 773 1132 ταγμένων
810 1061 1040 1132 μέγεθος
1084 1063 1313 1129 ἀπιδὼν,
1372 1065 1441 1119 τά
1476 1064 1647 1135 άδηλα
1695 1064 1804 1120 τῶν
1835 1067 1893 1119 ἐν
1920 1064 2078 1136 χερσὶ

492 1145 789 1215 προετίθει.
839 1146 1032 1199 Καίτοι
1061 1147 1109 1200 εί
1150 1146 1226 1219 μὴ
1255 1147 1460 1219 ὑψηλὸν
1514 1145 1627 1220 εἶχε
1676 1148 1951 1221 φρόνημα,
1984 1148 2078 1202 καὶ

490 1227 783 1298 φιλόσοφον
805 1227 1056 1300 γνώμην,
1087 1230 1183 1283 καὶ
1211 1231 1568 1286 ἐπεπαίδευτο
1590 1232 1777 1286 πάντα
1793 1230 2076 1285 πείθεσθαι

489 1310 568 1381 τῷ
596 1310 739 1381 Θεῷ,
778 1313 874 1365 xal
905 1298 1092 1383 ἕτερον
1111 1313 1173 1366 οὐ
1206 1310 1582 1391 μικρὺνγείχεν
1608 1317 1675 1371 ἂν
1702 1316 1954 1388 κώλυμα,
1974 1315 2076 1370 ἀὐο

486 1396 587 1464 τὴν
613 1394 707 1449 τοῦ
741 1396 949 1467 πατρὸς
976 1396 1078 1469 τὴν
1101 1397 1382 1469 τελευτήν.
1438 1400 1580 1454 ἰστε
1629 1399 1738 1472 γὰρ
1764 1402 1848 1454 ὃτι
1890 1399 2075 1454 πολλοὶ

488 1477 750 1541 πολλάκις
779 1479 868 1533 διά
896 1480 1022 1544 τοὺς
1059 1482 1262 1551 τάφους
1292 1481 1401 1535 τῶν
1449 1482 1838 1554 προσηκόντων
1869 1483 2074 1537 εἴλοντο

487 1563 600 1624 τοῖς
637 1561 822 1626 τόποις
860 1564 1090 1629 ἐκείνοις
1125 1564 1498 1632 ἐναποθανεῖν,
1531 1565 1659 1620 ἔνθα
1687 1566 1779 1620 τὸν
1801 1566 1914 1637 βίον
1944 1582 2073 1620 κατ-

484 1644 682 1698 έλυσαν
709 1646 758 1698 οί
789 1649 987 1715 γονεῖς.

553 1743 619 1799 δ’.
643 1742 805 1809 Εἰκὸς
820 1745 999 1799 τοίνυν
1011 1740 1080 1817 ἦν
1098 1747 1193 1800 καὶ
1213 1746 1304 1800 τὸν
1318 1747 1523 1803 δίκαιον
1539 1746 1745 1812 τοῦτον,
1774 1748 1888 1817 εἴγε
1908 1751 1982 1820 μὴ
2003 1744 2071 1820 ῆν

488 1825 693 1901 σφόδρα
721 1828 988 1899 φιλόθεος,
1021 1832 1117 1885 καὶ
1148 1831 1306 1886 τοῦτο
1340 1832 1692 1902 λογίσασθαι,
1739 1835 1822 1888 ὅτι
1870 1835 1928 1888 '0
1970 1835 2071 1905 μέν

485 1912 669 1983 πατὴρ
687 1911 778 1967 διά
807 1913 873 1968 τὸ
901 1914 1031 1985 περὶ
1056 1914 1158 1986 ἐμὲ
1187 1914 1410 1987 φίλτρον
1426 1915 1635 1971 οἴκοθεν
1669 1916 1952 1988 ἐξανέστη,
1977 1919 2071 1972 καὶ

484 1993 774 2064 συνηθείας
824 1995 1061 2058 παλαιᾶς
1102 1998 1376 2071 ὑπερεῖδε,
1408 2000 1504 2054 καὶ
1541 1999 1760 2053 πάντων
1799 1999 2068 2071 ἀνώτερος

484 2077 725 2147 γεγονὼς
751 2079 913 2151 μέχρι
939 2080 1133 2135 τούτου
1164 2083 1513 2155 παρεγένετο,
1542 2085 1636 2138 καὶ
1661 2085 1847 2156 σχεδὸν
1870 2088 2066 2152 εἰπεῖν,

480 2159 551 2214 δι’
582 2162 683 2233 ἐμὲ
712 2163 774 2216 ἐν
795 2163 1053 2237 ἀλλοτρία
1081 2165 1175 2219 τὸν
1210 2165 1322 2237 βίον
1361 2167 1655 2223 κατέλυσεν
1677 2184 1693 2199 ’
1729 2166 1844 2238 ἐγὼ
1869 2168 1925 2222 δὲ
1947 2170 2068 2225 οὐδὲ

485 2245 626 2315 μετά
655 2245 747 2300 τὸν
770 2244 1000 2301 θάνατον
1030 2248 1131 2319 τὴν
1159 2249 1285 2320 ίσην
1313 2247 1464 2321 αὐτῷ
1498 2249 1734 2321 ἀμοιϐὴν
1771 2252 2066 2307 ἀποδοῦναι

482 2327 791 2395 σπουδάζω,
827 2328 964 2384 ἀλλὰ
995 2330 1313 2385 καταλιπὼν
1335 2332 1474 2403 μετά
1503 2333 1602 2404 τῆς
1633 2335 1951 2403 συγγενείας
1968 2335 2065 2390 τοῦ

481 2411 688 2483 πατρὸς
717 2412 809 2467 τὸν
840 2413 1006 2469 αὐτοῦ
1042 2412 1247 2484 τάφον,
1298 2415 1671 2487 ἀπελεύσομαι
1692 2433 1707 2481 ;
1730 2416 1874 2471 Ἀλλ’
1915 2418 2066 2490 ὅμως

480 2496 636 2550 οὐδὲν
660 2495 870 2551 τούτων
898 2497 1064 2552 αὐτοῦ
1097 2496 1450 2571 ἀπαμϐλῦναι
1473 2498 1573 2570 τὴν
1604 2501 1781 2573 ὁρμὴν
1805 2502 2027 2573 ι’σχυσεν
2045 2519 2060 2533 ο

480 2579 618 2634 ἀλλά
649 2579 827 2633 πάντα
841 2579 1040 2635 εὔκολα
1056 2581 1227 2653 αὐτῷ,
1257 2582 1350 2636 καὶ
1378 2583 1537 2656 ῥᾴδια
1577 2583 1866 2653 φαίνεσθαι
1891 2587 2064 2639 ἐποίει

477 2664 541 2716 τὸ
571 2665 699 2735 περὶ
718 2664 812 2717 τὸν
830 2663 963 2717 Θεὸν
982 2664 1225 2737 φίλτρον.
1252 2664 1405 2719 Ἐπεὶ
1433 2666 1653 2720 κάκεῖνο
1668 2667 1736 2722 ἂν
1759 2669 2060 2741 ἐνενόησεν,

478 2747 593 2813 εἴγε
621 2746 982 2818 ἀνθρωπίνοις
1007 2748 1289 2818 λογισμοῖς
1315 2749 1385 2802 τά
1410 2748 1534 2803 καθ’
1564 2749 1754 2804 ἑαυτὸν
1774 2747 2062 2824 ἐπιτρέψαι

476 2828 748 2895 ἐϐούλετο,
782 2830 871 2883 Ἐν
896 2830 1103 2902 ἡλικίᾳ,
1126 2831 1319 2900 λέγων,
1333 2831 1578 2904 τοιαύτη,
1608 2832 1704 2886 καὶ
1719 2833 1906 2887 λοιπὸν
1928 2835 2064 2906 πρὸς

477 2913 657 2985 γῆρας
690 2913 916 2984 ἔσχατον
949 2913 1187 2968 ἐλαύνων
1218 2915 1322 2969 ποῦ
1348 2914 1758 2987 ἀπελεύσομαι;
1807 2917 1957 2990 [510]
1984 2920 2061 2971 υύ

476 2997 573 3051 τὸν
601 2995 832 3066 ἀδελφὸν
870 2997 1265 3068 ἐπιφερόμενος
1282 3037 1299 3062 ,
1339 2998 1402 3053 οὐ
1444 2998 1572 3062 τοὺς
1604 3003 1886 3069 συγγενεῖς
1924 3001 2063 3072 έχων

480 3081 600 3154 μεθ’
634 3080 853 3146 ἐαυτοῦ,
885 3080 1023 3136 ἀλλά
1051 3081 1268 3135 πάντων
1291 3080 1403 3136 τῶν
1429 3082 1569 3155 πρὸς
1593 3083 1751 3153 γένος
1784 3085 2062 3158 διαφερόν-

473 3181 586 3219 των
617 3181 709 3236 μοι
740 3164 1166 3236 κεχωρισμένος,
1197 3163 1316 3228 πῶς
1356 3164 1562 3236 ἕρημος
1603 3167 1698 3221 καὶ
1739 3167 1890 3236 ξένος
1918 3167 2061 3223 οὕτω
2120 3200 2121 3203 η

473 3249 576 3321 τὴν
603 3247 891 3321 ἀλλοτρίαν
915 3248 1322 3320 καταλήψομαι,
1352 3249 1474 3303 οὐδέ
1503 3249 1663 3314 εἰδὼς
1700 3252 1835 3305 ὅπου
1864 3254 2061 3325 στήσοο

477 3349 577 3404 μαι
624 3333 725 3404 τῆς
774 3331 1016 3401 πλάνης;
1059 3332 1124 3385 El
1177 3330 1235 3384 δὲ
1285 3332 1381 3385 καὶ
1419 3332 1561 3388 κατά
1595 3334 1767 3406 μέσην
1801 3335 1899 3408 τὴν
1940 3337 2060 3391 ὁδὸν

476 3414 660 3486 συμϐῇ
697 3432 764 3485 με
788 3415 1091 3470 καταλῦσαι
1111 3415 1202 3468 τὸν
1229 3414 1365 3486 βίον,
1387 3415 1441 3469 τί
1461 3416 1526 3470 τὸ
1550 3417 1741 3488 δφελος
1767 3419 1868 3490 τῆς
1882 3421 2060 3475 τοιαύ-

471 3515 576 3568 της
604 3497 1014 3568 ταλαιπωρίαςς
1050 3498 1134 3562 τίς
1165 3515 1232 3570 με
1257 3499 1567 3571 περιστελεῖ
1585 3500 1680 3555 τὸν
1693 3503 1944 3574 γέροντα,
1965 3507 2059 3561 τὸν

473 3580 648 3649 ξένον,
671 3581 763 3636 τὸν
783 3582 996 3647 ἄπολιν,
1026 3581 1121 3636 τὸν
1146 3583 1364 3649 ἀοικον;
1395 3584 1557 3649 Ἴσως
1577 3585 1611 3656 ἡ
1632 3587 1770 3657 γυνὴ
1796 3589 1923 3653 τοὺς
1943 3606 2005 3658 γε
2014 3591 2059 3643 ί-

471 3681 633 3730 τονας
655 3664 1028 3738 παρακαλέσει
1049 3664 1393 3737 συμπάθειάν
1410 3683 1535 3721 τινα
1549 3668 1943 3737 ἐπιδείξασθαι,
1966 3674 2058 3728 καὶ

469 3749 531 3816 ἐξ
557 3748 748 3820 ἐράνου
777 3748 921 3814 τινὸς
960 3748 1056 3803 καὶ
1093 3751 1452 3821 συνεισφορᾶς
1484 3751 1553 3806 τά
1574 3751 1884 3824 καθήκοντα
1921 3757 2059 3829 πλη-

471 3830 657 3903 ρώσει.
697 3831 806 3886 Καὶ
852 3831 1003 3902 πόσῳ
1046 3830 1253 3903 βέλτιον
1282 3832 1446 3887 αὐτὸν
1486 3833 1578 3889 τὸν
1629 3834 1832 3907 βραχὺν
1868 3839 2057 3910 χρόνον

469 3910 565 3970 τὸν
606 3914 1032 3985 ὑπολειπόμενον
1075 3915 1208 3987 ἡμῖν
1246 3916 1327 3979 εἰς
1359 3914 1526 3986 ζωὴν,
1574 3917 1940 3989 καθεζόμενον
1970 3925 2057 3976 ἐν-

467 3996 645 4052 ταῦθα
676 3996 978 4051 καταλῦσαί
1004 4015 1073 4070 με
1096 3999 1188 4052 τὸν
1209 3998 1346 4069 βίον,
1378 3998 1412 4071 ἢ
1445 3999 1583 4070 μετά
1611 4001 1791 4073 γῆρας
1816 3997 1918 4057 ὧδε
1954 4007 2053 4058 κά-

468 4084 620 4135 κεῖσε
644 4080 1046 4153 περιέλκεσθαι,
1077 4082 1171 4136 καὶ
1204 4083 1275 4137 τὰ
1312 4082 1465 4154 παρά
1506 4084 1725 4139 πάντων
1758 4087 2052 4158 ὑπομένειν

469 4161 801 4235 σκώμματα,
835 4163 911 4229 ὡς
941 4164 1063 4217 οὐδὲ
1099 4166 1157 4219 ἐν
1188 4164 1374 4237 ἡλικίᾳ
1411 4165 1637 4238 τοιαύτῃ
1663 4167 1957 4238 δυνηθέντα
1993 4174 2051 4225 ἐν

468 4248 671 4320 ήσυχίᾳ
688 4248 917 4317 διάγειν,
947 4247 1084 4302 ἀλλά
1117 4249 1317 4313 τόπους
1340 4251 1406 4303 ἐκ
1436 4250 1618 4304 τόπων
1642 4252 1916 4323 ἀμείϐειν,
1958 4257 2050 4309 καὶ

469 4330 725 4404 μηδαμοῦ
766 4330 1053 4399 ίστασθαις
1092 4329 1253 4386 Ἀλλά
1287 4334 1495 4388 τούτων
1521 4334 1692 4405 μηδὲν
1726 4336 2050 4406 ὑπολογισά-

469 4432 633 4487 μενος
660 4417 689 4470 ό
715 4414 921 4479 δίκαιος
963 4410 1119 4481 οὗτος
1151 4417 1445 4472 ὑπακούειν
1473 4417 1699 4473 ἔσπευδε
1743 4419 1824 4492 τῷ
1859 4422 2049 4477 ἐπιτάυ

465 4514 658 4569 γματι.
695 4497 835 4551 Ἀλλ’
872 4497 1002 4563 ίσως
1042 4500 1185 4555 είποι
1223 4517 1310 4564 τις
1347 4500 1436 4565 ἂν,
1477 4501 1562 4555 ὅτι
1599 4502 1780 4556 ίκανδν
1802 4499 1872 4576 ῆν
1903 4506 2050 4576 αὐτῷ

465 4582 551 4646 είς
579 4581 893 4653 προτροπὴν
915 4580 975 4635 τὸ
998 4580 1178 4651 λέγειν
1207 4599 1221 4612 ·
1249 4582 1433 4652 Δεῦρο
1456 4585 1545 4650 είς
1576 4583 1693 4653 τὴν
1711 4585 1849 4655 γῆν,
1870 4586 1951 4656 ἣν
1971 4589 2050 4643 ἄν

460 4680 567 4720 σοι
581 4663 778 4730 δείξω·
792 4664 889 4719 καὶ
910 4666 1145 4724 ποιήσω
1174 4680 1249 4721 σε
1266 4668 1353 4734 είς
1367 4667 1543 4735 ἔθνος
1561 4666 1735 4737 μέγα,
1758 4669 1855 4723 καὶ
1877 4672 2049 4726 εὐλο-

462 4747 633 4819 γήσω
651 4762 746 4804 σε.
768 4746 943 4803 Τοῦτο
964 4748 1147 4803 τοίνυν
1169 4748 1301 4804 αὐτὸ
1338 4750 1593 4822 μάλιστα,
1619 4751 1668 4803 εί
1700 4752 1775 4823 μὴ
1801 4754 2048 4821 φιλόθεος

459 4827 556 4903 ῆν,
584 4831 745 4904 ἢρκει
784 4831 1144 4905 ὀκνηρότερον
1170 4834 1333 4888 αὐτὸν
1369 4835 1499 4907 περὶ
1531 4834 1632 4906 τὴν
1673 4837 1919 4910 ὑπακοὴν
1956 4841 2046 4911 ἐρ-

461 4915 757 4985 γάσασθαι.
794 4917 1053 4971 Ἦδύνατο
1089 4917 1199 4990 γὰρ
1237 4921 1433 4985 είπεῖν,
1480 4920 1530 4973 εί
1574 4920 1684 4974 τῶν
1719 4922 1928 4977 πολλῶν
1962 4920 2043 4990 εἷς

459 4994 553 5071 ἦν,
579 5000 660 5054 ὅτι
676 4999 833 5066 Τίνος
855 5000 1040 5055 ἐνεκεν
1065 5004 1144 5066 είς
1164 5003 1264 5076 τὴν
1285 5003 1442 5076 ξένην
1471 5024 1537 5077 με
1558 5004 1736 5076 άπάγε
1746 5025 1812 5073 ις,
1837 5008 1932 5063 καὶ
1946 5009 2045 5083 τὴν

458 5083 747 5155 ἀλλοτρίαν
792 5100 860 5155 με
897 5083 1227 5140 καταλαϐεῖν
1278 5087 1560 5155 κελεύεις;
1602 5088 1701 5143 Διά
1744 5091 1798 5143 τί
1837 5092 1947 5162 γάρ
1974 5110 2042 5162 με

456 5167 718 5228 ἐνταῦθα.
751 5166 867 5237 είγε
899 5166 1079 5238 βούλει
1122 5169 1298 5240 μέγαν
1333 5171 1577 5243 ποιῆσαι,
1619 5174 1680 5226 οὐ
1704 5177 1913 5241 ποιείς;
1954 5176 2044 5232 διὰ

452 5253 511 5306 τί
534 5251 627 5305 ἐπὶ
653 5250 751 5321 τῆς
773 5250 951 5315 οίκίας
966 5251 1066 5324 τῆς
1082 5250 1343 5326 πατρῴας
1355 5253 1607 5324 διάγοντα
1631 5258 1733 5311 οὐκ
1759 5256 1929 5324 ἀξιοῖς
1943 5261 2043 5331 τῆς

456 5335 561 5407 σῆς
587 5333 871 5404 εὐλογίαςς
908 5335 998 5399 Ὠς
1034 5335 1082 5389 εί
1107 5335 1346 5409 συμϐαίη
1382 5354 1471 5409 με,
1516 5341 1645 5412 πρὶν
1673 5338 1706 5413 ἦ
1737 5341 1938 5410 φθάσαι
1961 5346 2042 5408 είς

451 5416 550 5472 τὸν
575 5434 737 5472 τοπον
764 5416 894 5472 ἔνθα
914 5417 1177 5483 κελεύεις,
1200 5421 1641 5492 κατεργασθέντα
1657 5424 1876 5480 ὑπὺτῶν
1898 5428 2041 5482 κατὰ

452 5500 557 5572 τὴν
577 5501 891 5573 ὁδοιπορίαν
931 5502 1196 5574 καμάτων
1242 5504 1334 5557 καὶ
1378 5504 1763 5578 διαφθαρῆναι,
1799 5509 1896 5562 καὶ
1948 5509 2039 5564 τὸν

455 5582 573 5654 βίον
596 5582 922 5647 καταλῦσαι,
948 5584 1001 5638 τί
1024 5602 1115 5657 μοι
1140 5584 1202 5637 τὸ
1231 5585 1423 5656 ὄφελος
1443 5589 1554 5641 τῶν
1576 5589 1998 5663 ἐπηγγελμένων
2020 5612 2034 5658 ;

467 5664 610 5719 Ἀλλ’
642 5665 799 5719 οὐδὲν
829 5666 1035 5721 τούτων
1075 5668 1199 5722 οὐδὲ
1233 5671 1313 5732 είς
1343 5668 1553 5724 ἔννοιαν
1597 5671 1780 5727 λαϐεῖν
1819 5675 2038 5728 κατεδέ-

451 5748 606 5815 ξατο,
640 5748 798 5812 ἀλλὰ,
839 5749 1091 5822 καθάπερ
1123 5750 1422 5823 εὐγνώμων
1462 5753 1700 5825 οίκέτης,
1740 5754 1818 5826 τῷ
1848 5756 2038 5812 ἐπιτά-

449 5848 624 5901 γματι
677 5831 837 5903 μόνον
887 5833 1184 5905 ὑπήκουεν,
1237 5836 1300 5888 οὐ
1351 5835 1868 5908 περιεργαζόμενος,
1913 5838 2034 5893 οὑδέ

454 5917 952 5991 πολυπραγμονῶν,
982 5920 1098 5976 ἀλλ’
1126 5922 1394 5990 ἐπείθετο,
1427 5926 1521 5979 καὶ
1547 5924 2038 6000 πεπληροφορημέ-

1412 451 1476 506 ίΝ
1515 453 1667 509 CAP.
1704 451 1781 506 XI‘
1812 451 1898 507 ΕΤ
1942 451 2028 507 XII
2067 450 2315 511 GlzNES.
2359 455 2588 515 HOMIL.
2635 460 2820 515 XXXI.

3672 470 3776 526 388

2179 585 2269 634 νος
2291 572 2608 645 ἐτύγχανεν,
2630 576 2712 629 ὅτι
2734 575 2980 645 ἀψευδεῖς
3007 572 3148 648 ἦσαν
3183 579 3239 633 al
3263 577 3357 633 τοῦ
3379 579 3514 633 Θεοῦ
3540 584 3773 651 ἐπαγγεσ

2184 651 2315 707 λίαι·
2333 657 2442 710 Kal
2466 658 2704 724 ποιήσω
2735 677 2810 713 σε
2831 662 2919 726 εἰς
2938 660 3112 728 ἔθνος
3135 663 3308 732 μέγα,
3328 665 3423 717 καί
3455 667 3776 735 εὐλογήσω

2181 754 2276 799 σε,
2304 740 2401 792 καὶ
2421 741 2742 811 μεγαλυνῶ
2757 743 2823 797 τὸ
2840 743 3027 811 ὄνομα
3039 758 3177 810 σου,
3194 747 3291 800 καὶ
3314 747 3429 816 ἔσῃ
3446 751 3771 819 εὐλογημέο

2181 837 2306 886 νος.
2323 823 2512 891 Μέγας
2535 824 2637 896 τῆς
2658 825 3006 897 ὑποσχέσεως
3033 828 3062 880 ό
3085 828 3265 894 ὄγκος.
3290 832 3530 900 ιιοιήσω
3550 850 3644 898 σε,
3669 852 3772 906 φη-

2185 907 2289 969 σὶν,
2306 910 2395 975 είς
2407 909 2585 977 ἔθνος
2596 909 2772 981 μέγα,
2790 911 2887 967 καί
2902 912 3221 983 εὐλογήσω
3229 930 3324 980 σε,
3337 917 3437 971 καί
3448 917 3770 988 μεγαλυνῶ

2181 994 2246 1046 τὸ
2260 994 2448 1065 ὄνομά
2461 1010 2598 1053 σου.
2617 999 2690 1052 Οὐ
2713 999 2872 1070 μόνον
2886 1001 3030 1056 ἔθνει
3050 1020 3109 1056 σε
3129 1003 3349 1075 μεγάλῳ
3360 1006 3663 1075 ἐπιστήσω,
3674 1007 3771 1062 καὶ

2180 1083 2241 1137 τὸ
2254 1083 2428 1156 ὄνομά
2455 1104 2550 1141 σου
2579 1090 2722 1160 μέγα
2736 1091 2842 1145 ἀπε
2850 1093 3145 1163 ργάσομαι,
3164 1094 3300 1149 ἀλλά
3322 1097 3416 1151 καὶ
3435 1097 3765 1166 Εὐλογήσω

2178 1188 2272 1229 σε.
2292 1173 2391 1229 καί
2404 1174 2519 1245 ἔσῃ
2533 1179 2959 1249 εὐλογημένος.
2979 1183 3071 1253 Μὴ
3087 1184 3335 1256 νομίσῃς,
3353 1185 3627 1256 ἀγαπητὴ
3644 1203 3769 1241 ταυ-

2177 1259 2428 1329 τολογίαν
2447 1260 2587 1319 εἶναι
2601 1265 2663 1318 τὸ
2676 1267 2966 1338 εἰρημένον
2981 1268 3061 1333 τὸ,
3079 1271 3186 1324 Καί
3204 1273 3524 1342 εὐλογήσω
3548 1289 3646 1336 σε,
3667 1275 3766 1328 καί

2178 1344 2295 1415 ἔσῃ
2347 1350 2777 1422 εὐλογημένος.
2814 1355 3098 1427 Τοσαύτης
3144 1374 3227 1424 σε,
3277 1363 3466 1431 φησὶν,
3516 1362 3768 1430 εὐλογίας

2177 1433 2417 1501 ἀξιώσω,
2433 1437 2511 1503 ὡς
2531 1440 2697 1494 παντὶ
2712 1440 2792 1512 τῷ
2810 1442 2967 1497 αἰῶνι
2986 1447 3548 1516 συμπαρεκτείνεσθαι
3568 1452 3759 1521 αὐτήν.

2194 1525 2352 1594 Ἔσῃ
2380 1525 2490 1598 γάρ
2517 1530 2949 1601 εὐλογημένος,
2978 1533 3054 1597 ὡς
3089 1534 3319 1590 ἕκαστον
3349 1537 3471 1591 ἀντὶ
3496 1541 3763 1611 μεγίστης

2175 1611 2341 1683 τιμῆς
2370 1614 2607 1688 σπουδὴν
2640 1618 2913 1682 ποιεῖσθαι
2960 1620 3208 1675 είσωθεῖν
3256 1624 3446 1678 ἑαυτὸν
3491 1626 3572 1689 εἰς
3606 1626 3706 1697 τὴν
3734 1639 3760 1667 ι
3834 1630 3843 1637 ’

2082 1746 2097 1755 ,
2176 1697 2312 1769 πρὸς
2341 1699 2401 1752 σέ
2428 1702 2758 1775 οίκειότητα.
2786 1706 2929 1778 Ὅρα
2971 1706 3088 1772 πῶς
3118 1709 3326 1765 ἀνωθεν
3349 1712 3446 1765 καὶ
3476 1714 3542 1766 ἐκ
3577 1730 3763 1784 προοι-

2178 1786 2316 1854 μίων
2340 1786 2491 1860 αὐτῷ
2529 1791 2790 1863 προέλεγε
2811 1794 2908 1866 τὴν
2939 1797 3318 1868 περιφάνειαν,
3337 1799 3395 1853 ἐν
3488 1804 3764 1873 καταστή-

2177 1889 2291 1926 σειν
2312 1873 2474 1930 αύτὸν
2495 1876 2708 1948 ἔμελλε.
2729 1881 2971 1948 Ποιήσω
2986 1899 3083 1948 σε,
3102 1885 3286 1956 φησὶν,
3301 1888 3388 1953 εις
3400 1886 3577 1954 ἔθνος
3580 1885 3757 1958 μέγα.

2172 1959 2269 2014 καί
2280 1964 2603 2033 μεγαλυνῶ
2621 1966 2687 2022 τὸ
2706 1967 2894 2039 ὄνομὰ
2917 1986 3055 2038 σου,
3073 1972 3173 2026 καί
3194 1975 3511 2044 εὐλογήσω
3528 1992 3622 2044 σε,
3656 1979 3756 2032 καί

2171 2046 2287 2135 έσῃ
2320 2051 2743 2123 εὐλογημένος.
2779 2056 2878 2110 Διά
2914 2056 3075 2112 τοῦτο
3114 2061 3208 2115 καὶ
3248 2063 3297 2115 ol
3339 2062 3582 2117 Ἰουδαῖοι
3613 2065 3757 2135 μέγα

2171 2134 2321 2209 [5H]
2338 2138 2661 2210 φρονοῦντες
2685 2143 2777 2196 ἐπὶ
2797 2142 2874 2215 τῷ
2901 2146 3216 2221 πατριάρχη
3245 2149 3530 2205 ἐϐούλοντο
3547 2134 3628 2215 είς
3656 2154 3757 2224 τὴν

2168 2223 2359 2279 τούτου
2400 2228 2720 2298 συγγένειαν
2784 2233 3010 2299 ἑαυτοὺς
3062 2237 3330 2303 εἰσωθείν,
3383 2240 3480 2294 καὶ
3522 2241 3708 2310 ἔλεγον
3737 2258 3753 2274 ο

2176 2310 2361 2401 Τέκνα
2401 2317 2507 2372 τοῦ
2564 2319 2812 2390 Ἀϐραάμ
2868 2322 3077 2393 ἐσμεν.
3131 2326 3271 2380 Ἀλλ’
3336 2329 3423 2383 ἵνα
3484 2331 3750 2401 μάθωσιν,

2172 2400 2256 2454 ὃτι
2315 2401 2425 2457 ἀπὸ
2483 2405 2581 2475 τῆς
2622 2406 2734 2463 τῶν
2783 2410 3001 2480 τρόπων
3058 2413 3260 2480 κακίας
3314 2400 3523 2482 ἀνάξιοι
3554 2421 3755 2490 τυγχά-

2170 2492 2445 2578 νουσιτῆς
2481 2496 2823 2563 συγγενείας,
2866 2499 3000 2571 φησὶ
3042 2501 3179 2573 πρὸς
3211 2504 3408 2570 αὐτοὺς
3433 2508 3462 2560 ὁ
3494 2508 3754 2578 Χριστὸς,

2174 2575 2241 2665 Εἰ
2273 2577 2458 2665 τέκνα
2484 2580 2591 2635 τοῦ
2627 2583 2883 2656 Ἀϐραὰμ
2917 2582 3043 2657 ἦτε,
3089 2588 3161 2643 τὰ
3194 2590 3341 2662 ἔργα
3365 2593 3471 2647 τοῦ
3508 2575 3753 2665 Ἆϐραὰμ

2164 2664 2418 2753 ἐποιεῖτε
2434 2665 2530 2721 ἄν.
2568 2670 2678 2725 Kal
2713 2670 2965 2745 Ἰωάννης
2985 2675 3043 2728 δὲ
3075 2677 3104 2729 ὁ
3134 2677 3228 2731 τοῦ
3267 2680 3565 2752 Ζαχαρίου,
3589 2664 3751 2753 ήνίκα

2168 2752 2457 2824 συνέρρεον
2486 2756 2568 2819 είς
2587 2756 2679 2810 τὸν
2712 2758 2983 2831 Ἰορδάνην
3014 2765 3063 2815 οί
3104 2763 3469 2836 βαπτισθῆναι
3491 2752 3749 2826 σπεύδον-

2164 2855 2276 2901 τες,
2318 2840 2471 2910 ἔλεγε
2509 2842 2646 2914 πρὸς
2688 2845 2919 2912 αὐτούς·
2953 2849 3313 2920 Γεννήματα
3337 2853 3616 2923 ἐχιδνῶν,
3658 2859 3746 2924 τίς

2163 2926 2483 2993 ὑπέδειξεν
2500 2930 3025 3002 ὑμῑνφεύγεινάπὸ
3041 2938 3154 3008 τῆς
3169 2943 3517 3011 μελλούσης
3540 2943 3742 3014 ὀργῆςς

2166 3019 2466 3106 ῼοιήσατε
2483 3016 2599 3076 οὖν
2613 3026 2843 3092 καρπὸν
2863 3025 2945 3092 ἇξ
2948 3045 3043 3081 ιον
3057 3028 3167 3098 τῆς
3177 3033 3520 3100 μετανοίας,
3544 3037 3639 3089 καὶ
3656 3036 3745 3106 μὴ

2163 3105 2380 3196 δόξητε
2410 3109 2648 3180 λέγειν,
2689 3112 2780 3167 ὅτι
2806 3116 3043 3185 Πατέρα
3074 3118 3294 3191 ἔχομεν
3316 3122 3422 3177 τὸν
3465 3105 3742 3196 Ἀϐρααμ.

2162 3193 2326 3265 Λέγω
2354 3196 2466 3266 γὰρ
2498 3198 2661 3268 ὑμῖν,
2701 3198 2792 3255 ὅτι
2833 3201 3086 3260 δύναται
3118 3210 3153 3261 δ
3187 3208 3333 3276 Θεὸς
3378 3210 3479 3265 και
3522 3212 3591 3267 ἐκ
3625 3193 3743 3268 τῶν

2160 3282 2349 3337 λίθων
2367 3284 2596 3339 τούτων
2614 3286 2834 3358 ἐγεῷαι
2856 3288 3040 3345 τέκνα
3056 3291 3138 3359 τῷ
3152 3294 3418 3367 Ἀϐραάμ.
3451 3294 3603 3363 Εἶδες
3626 3299 3744 3364 πῶς

2166 3368 2308 3439 μέγα
2328 3371 2494 3426 αὐτοῦ
2521 3373 2582 3427 τὸ
2605 3375 2777 3447 ὄνομα
2801 3378 2953 3449 παρὰ
2969 3381 3133 3433 πᾶσιν
3152 3377 3254 3454 ῆνς
3293 3384 3455 3439 Ἀλλά
3478 3388 3615 3450 τέως
3638 3389 3746 3459 πρὸ

2161 3459 2262 3529 τῆς
2288 3459 2566 3526 ἐκϐάσεως
2588 3463 2651 3516 τὸ
2680 3464 2924 3535 φιλόθεον
2953 3467 3045 3521 τοῦ
3071 3469 3280 3525 δικαίου
3307 3472 3601 3542 δείκνυται,
3626 3477 3744 3542 πῶς

2159 3549 2273 3612 τοῖς
2289 3549 2440 3621 παρά
2461 3550 2557 3604 τοῦ
2572 3552 2708 3606 Θεοῦ
2726 3554 2970 3626 ῥηθεῖσιν
2993 3557 3301 3626 ἐπίστευσε,
3320 3564 3414 3618 καὶ
3439 3565 3654 3620 ἅπαντα
3673 3569 3745 3623 τὰ

2159 3636 2424 3695 δοκοῦντα
2446 3637 2583 3696 εἶναι
2607 3645 2842 3717 φορτικὰ
2863 3649 2984 3718 μετ’
3004 3650 3257 3715 εὐκολίας
3277 3655 3612 3727 κατεδέχετο.
3633 3662 3740 3715 Kal

2157 3729 2495 3800 εὐλογήσω,
2530 3733 2685 3803 φησὶ,
2728 3735 2865 3803 τοὺς
2902 3740 3307 3810 εὐλογοῦντάς
3342 3761 3436 3810 σε,
3475 3747 3574 3801 καί
3602 3749 3745 3818 τοὺς

2159 3818 2615 3889 καταρωμένους
2638 3837 2712 3876 σε
2743 3825 3155 3896 καταράσομαι
3171 3845 3187 3860 ο
3223 3831 3323 3884 καί
3344 3831 3743 3904 ένευλογηθή-

2159 3916 2372 3960 σονται
2399 3906 2470 3960 ἐν
2504 3909 2605 3963 σοι
2625 3909 2817 3965 πᾶσαι
2839 3914 2899 3965 al
2923 3915 3109 3981 φυλαὶ
3140 3914 3252 3985 τῆς
3274 3917 3411 3986 γῆς.
3442 3920 3584 3991 Ὅρα
3603 3923 3742 3978 Θεοῦ

2161 3993 2587 4061 συγκατάϐασιν,
2631 3996 2728 4049 καὶ
2759 3997 2935 4067 πόσης
2976 3999 3128 4070 αὐτῷ
3168 4002 3351 4069 φιλίας
3383 4005 3625 4062 δείκνυσι
3652 4028 3741 4062 τε·

2159 4079 2416 4149 κμήριον.
2436 4080 2726 4148 Ἐκείνους,
2743 4084 3096 4154 φησὶ,φίλους
3119 4091 3436 4162 ποιήσομαι,
3452 4097 3579 4159 τοὺς
3600 4098 3739 4165 πρὸς

2160 4165 2219 4218 σὲ
2242 4165 2480 4237 γνησίως
2504 4166 2902 4238 διακειμένους,
2941 4174 3036 4227 καὶ
3062 4175 3306 4241 ἐκείνους
3335 4181 3584 4254 ἐχθροὺς,
3612 4188 3737 4251 τοὺς

2155 4254 2413 4318 ἐναντίως
2433 4256 2572 4327 πρὸς
2607 4257 2668 4311 σὲ
2716 4258 2937 4330 ἔχοντας
2954 4277 2971 4297 ο
3004 4265 3140 4338 ὅπερ
3181 4269 3368 4338 σχεδὸν
3393 4272 3515 4327 οὐδὲ
3547 4277 3739 4341 παῖδες

2156 4341 2292 4413 πρὸς
2321 4344 2562 4431 πατέρας
2602 4346 2866 4414 ἐπιδεῖξαι
2909 4350 3214 4424 ἀνέχονται,
3257 4357 3318 4411 τὸ
3368 4360 3494 4424 τοὺς
3541 4363 3738 4431 αὐτοὺς

2155 4429 2426 4526 πριεῖσθαι
2459 4433 2645 4499 αὐτοῖς
2678 4437 2772 4491 καὶ
2810 4438 3000 4508 φίλους
3046 4442 3142 4498 καὶ
3179 4445 3430 4519 ἐχθρούς.
3483 4429 3734 4526 Μεγίστη

2153 4514 2266 4585 οὖν,
2302 4520 2575 4593 άγαπητὲ,
2605 4525 2641 4596 ή
2681 4527 2813 4598 περὶ
2857 4527 2949 4583 τὸν
2991 4514 3339 4607 πατριάρχην
3358 4538 3453 4592 τοῦ
3475 4514 3611 4595 Θεοῦ
3648 4514 3737 4595 εὖΞ

2153 4622 2293 4661 νοια.
2338 4609 2631 4675 Ἐκείνους.
2681 4615 2868 4684 φησὶν,
2905 4617 3189 4691 εὐλογήσω
3223 4625 3351 4688 τοὺς
3379 4626 3736 4696 εὐλογοῦντάς

2154 4710 2235 4760 σε,
2272 4696 2366 4783 καὶ
2394 4697 2636 4762 ἐκείνους
2666 4702 2996 4775 καταρῶμαι
3031 4708 3158 4773 τοὺς
3178 4714 3601 4783 καταρωμένους
3633 4733 3692 4770 σε
3714 4732 3733 4751 ο

2151 4783 2261 4872 καί
2281 4782 2865 4855 ἐνευλογηθήσονται
2891 4792 2963 4845 έν
2982 4795 3082 4848 σοί
3110 4794 3301 4851 πᾶσαι
3321 4782 3382 4853 αἱ
3408 4782 3596 4868 φυλαί
3623 4803 3734 4872 τῆς

2149 4868 2284 4959 γῆς.
2338 4871 2466 4959 Ἰδοὺ
2502 4875 2789 4948 προσθήκη
2830 4881 2924 4933 καὶ
2957 4881 3152 4952 ἐτέρας
3187 4885 3513 4959 φιλοτιμίας.
3552 4868 3733 4948 Πᾶσαι

2149 4957 2280 5047 γάρ,
2317 4958 2503 5047 φησὶν,
2525 4962 2582 5014 al
2619 4962 2783 5030 φυλαὶ
2810 4965 2909 5036 τῆς
2930 4966 3034 5038 γῆς
3063 4971 3156 5022 ἐπὶ
3184 4970 3262 5041 τῷ
3292 4957 3376 5045 σῷν
3396 4975 3620 5047 ὀνόματι
3646 4979 3733 5033 ἐν·

2148 5044 2487 5115 ευλογεῖσθαι
2524 5050 2909 5137 σπουδάσουσι,
2942 5057 3035 5110 καὶ
3066 5057 3173 5111 ἀπὸ
3198 5060 3296 5132 τῆς
3318 5060 3429 5133 ’σῆς
3456 5044 3730 5137 προσηγο-

2151 5133 2271 5203 ρίας
2299 5134 2596 5205 σεμνότερα
2620 5135 2689 5191 τά
2716 5139 2839 5194 καθ’
2865 5142 3091 5207 ἑαυτοὺς
3117 5133 3638 5218 ἐγκαταστήσουσιν.

2218 5219 2290 5315 ε’1
2298 5220 2615 5289 Ἠκούσατε,
2631 5225 2926 5298 ἀγαπητοὶ,
2937 5224 3026 5284 οἷα
3041 5233 3302 5299 ἐπέταξεν
3315 5238 3344 5287 ό
3361 5238 3639 5314 Δεσπότης
3654 5243 3731 5315 τῷ

2147 5307 2421 5400 Χαλδαίῳ,
2444 5309 2523 5382 τῷ
2542 5313 2790 5384 γέροντι,
2807 5316 2886 5387 τῷ
2916 5322 3054 5389 μήτε
3080 5320 3246 5391 νόμον
3281 5324 3567 5392 ἐγνωκότι,
3587 5307 3728 5400 μήτε

2146 5397 2783 5471 προφήτακοέντυχόντι,
2808 5404 2947 5475 μήτε
2982 5405 3176 5478 ἐτέρας
3203 5407 3553 5478 διδασκαλίας
3583 5397 3731 5483 τινὸς

2145 5483 2548 5572 ἁπολαύσαντις
2574 5488 2757 5543 Εἷδετε
2786 5491 2911 5557 ὅσος
2931 5491 3042 5546 τῶν
3067 5496 3457 5569 ἐπιταγμάτων
3478 5502 3507 5554 ό
3534 5502 3727 5572 ὅγκοςς

2145 5571 2262 5663 πῶς
2295 5573 2503 5663 ὑψηλῆς
2526 5592 2671 5641 τινος
2697 5578 2791 5632 καὶ
2823 5581 3080 5653 νεανικῆς
3107 5583 3360 5656 δεόμενος
3385 5586 3565 5661 ψυχῆς
3580 5571 3729 5663 πρὸς

2144 5659 2241 5732 τὴν
2290 5662 2497 5717 τούτων
2525 5664 2908 5739 ἐκπλήρωσιν;
2949 5668 3182 5727 Βλέπετε
3235 5674 3422 5731 λοιπὸν
3463 5659 3569 5735 καὶ
3631 5659 3726 5734 τοῦ

2145 5749 2484 5822 πατριάρχου
2518 5753 2618 5825 τὴν
2650 5754 3092 5832 εὐγνωμοσύνην,
3121 5760 3269 5829 ὅπως
3297 5766 3430 5837 ἡμῖν
3463 5767 3496 5835 ἦ
3536 5767 3725 5838 Γραφὴ

2210 5888 2236 5952 ρ
2257 5878 2411 5952 εεινὶίί
2431 5884 2642 5952 σπουδὴν
2664 5884 2898 5952 ποιεῖσθαι
2932 5888 3205 5952 εἰσαχθῆναι
3233 5891 3376 5941 αὐτὸν
3398 5892 3462 5948 είς
3480 5893 3584 5947 τήν.
3619 5892 3722 5941 Ιο-

2138 5941 2236 5992 rel.
2267 5943 2479 5993 εἰσωθεῖν
2501 5946 2568 6002 είς
2584 5947 2684 6005 τήν.
2721 5950 2943 6007 Quatuor
2965 5941 3079 6002 lusi
3107 5941 3333 6012 ἰσωθῆναι
3358 5941 3499 6002 αὐτόν
3524 5941 3589 6009 είς
3613 5954 3715 6013 τήν.
