4078 6450
429 453 535 509 289

430 569 675 641 φανεράν
711 570 882 642 αὐτὴν
930 570 1245 645 καθίστησι.
1299 572 1412 628 Kal
1467 573 1785 642 ἐπορεύθη,
1832 571 2017 643 φησιν.

433 654 659 722 Ἀϐραμ
679 655 834 708 καΘά
863 652 1173 722 ἐλάλησεν
1195 652 1356 721 αὺτῷ
1378 656 1597 724 Κύριος
1637 659 1670 711 ό
1714 657 1859 721 Θεός
1877 671 1891 685 ·
1920 654 2021 709 καὶ

428 734 617 805 ᾤχετο
634 736 764 806 μετ’
780 735 969 791 αὐτοῦ
992 735 1142 792 Λώτ.
1162 739 1276 809 Οὐχ
1290 738 1479 803 ἁπλῶς
1497 734 1672 804 εἶπεν,
1699 739 2019 807 Ἐπορεύθη

433 822 671 890 Ἀϐραμ,
701 819 860 885 ἀλλά,
897 818 1179 890 Καθάπερ
1212 821 1524 890 ἐλάλησεν
1552 822 1713 888 αὐτῷ
1740 823 1957 889 Κύριος
1987 824 2023 876 ό

431 903 599 968 Θεός.
639 902 957 968 Ἀκόλουθα,
981 903 1139 977 φησὶ,
1170 903 1250 974 τῷ
1288 905 1630 976 ἐπιτάγματι
1676 904 1893 960 ἅπαντα
1937 905 2020 959 δι-

430 985 728 1057 επράξατο.
752 981 923 1042 Εῐπεν
956 986 1171 1056 ἀφεῖναι
1197 987 1394 1053 πάντα,
1425 987 1521 1041 καὶ
1556 988 1897 1055 συγγένειαν,
1925 988 2023 1042 καὶ

428 1063 580 1124 οἷκον
606 1085 622 1101 ο
664 1070 761 1123 καί⁵
801 1070 1038 1141 ἀφῆκεν.
1069 1065 1239 1124 Εἶπεν
1286 1070 1462 1124 ἐλθεῖν
1510 1072 1591 1134 είς
1633 1071 1756 1141 γῆν,
1806 1072 1875 1142 ἠν
1920 1070 2022 1124 οὑκ

430 1150 549 1223 ᾔδει
571 1169 585 1186 ο
619 1151 966 1220 κατεδέξατο.
1009 1154 1409 1225 Ἐπηγγείλατο
1450 1155 1701 1225 ποιήσειν
1742 1156 1823 1217 εἰς
1867 1153 2024 1217 ἐθνος

434 1234 601 1304 μέγα,
652 1235 750 1289 καὶ
803 1234 1125 1305 εύλογήσειν
1151 1249 1166 1265 ο
1219 1236 1548 1290 ἐπίστευσεν
1595 1236 1679 1290 ὅτι
1730 1236 1879 1290 ἐσται
1931 1235 2023 1290 καὶ

427 1318 608 1373 τοῦτο.
651 1317 767 1373 Kal
802 1317 1056 1390 καθάπερ
1084 1318 1347 1391 ἐλάλησεν
1379 1318 1533 1391 αὑτῷ
1563 1319 1769 1391 Κύριος
1801 1320 1833 1373 6
1865 1319 2021 1383 Θεὸς,

429 1403 603 1467 οὕτως
632 1401 931 1473 ἐπορεύθη·
957 1402 1080 1456 ἀντὶ
1113 1401 1231 1464 τοῦ.
1266 1401 1560 1457 ἐπίστευσε
1600 1406 1716 1469 τοῖς
1744 1402 1898 1475 παρὰ
1926 1402 2023 1457 τοῦ

427 1484 565 1540 Θεοῦ
611 1484 878 1557 ῥηθεῖσιν,
910 1483 1065 1538 οὑδέν
1119 1483 1430 1550 ἐνδοιάσας,
1479 1484 1601 1539 οὐδὲ
1642 1484 2020 1556 ἀμφιϐάλλων,

429 1566 547 1622 ἀλλ’
562 1566 966 1637 ἐστηριγμένην
985 1565 1127 1637 ἔχων
1146 1564 1247 1638 τὴν
1269 1565 1510 1621 διάνοιαν
1524 1566 1727 1622 καὶτὸν
1742 1565 2020 1637 λογισμὸν,

427 1650 603 1715 οὑτως
636 1647 943 1722 ἐπορεύθη·
978 1648 1062 1703 διὸ
1104 1650 1199 1703 καὶ
1237 1648 1441 1719 πολλῆς
1481 1650 1695 1715 εὐνοίας
1728 1648 1881 1723 ισιε]
1916 1649 2025 1704 ἀπ-

428 1734 634 1808 ήλαυσε
674 1733 827 1807 παρά
870 1730 967 1786 τοῦ
1009 1731 1306 1787 Δεσπότου.
1340 1734 1450 1788 Kal
1480 1730 1687 1802 ᾤχετο,
1728 1734 1883 1805 φησὶ,
1923 1734 2025 1788 καί

430 1816 564 1875 Λώτ
589 1818 718 1888 μετ’
763 1815 973 1871 αὑτοῦ.
1003 1814 1162 1878 Τίνος
1200 1815 1420 1880 ἐνεκεν,
1456 1816 1704 1881 είπόντος
1732 1815 1826 1870 τοῦ
1863 1815 2021 1882 Θεοῦ,

432 1900 689 1967 Ἔξελθε
712 1900 783 1955 ἐκ
806 1897 921 1969 τῆς
960 1897 1078 1969 γῆς
1109 1914 1251 1965 σου,
1282 1898 1381 1953 καί
1417 1899 1488 1953 ἐκ
1530 1898 1644 1968 τῆς
1668 1899 2023 1971 συγγενείας

425 1997 569 2047 σου,
603 1981 703 2038 καί
755 1983 827 2036 ἐκ
868 1980 978 2036 τοῦ
1013 1980 1186 2035 οτκου
1223 1981 1331 2035 τοῦ
1377 1981 1604 2050 πατρός
1649 1997 1785 2047 σου,
1834 1981 2022 2036 τοῦτον

427 2066 764 2136 ἐπεφέρετο;
795 2064 934 2136 Οὐχὶ
959 2063 1289 2137 παρακούων
1309 2063 1406 2120 τοῦ
1431 2064 1726 2131 Δεσπότου,
1744 2065 1861 2119 ἀλλ’
1890 2067 2023 2132 ι’σως

426 2148 616 2221 ἐπειδὴ
642 2148 762 2214 νέος
784 2143 876 2220 ἦν,
917 2148 1014 2203 καὶ
1045 2148 1255 2221 πατρὸς
1285 2147 1473 2222 χώραν
1502 2148 1656 2220 αὑτῷ
1684 2149 1890 2221 ἐπεῖχε,
1922 2149 2025 2204 κά-

429 2236 607 2298 κεῖνος
637 2232 726 2286 διά
758 2230 1165 2305 φιλοστοργίαν,
1195 2233 1294 2286 καὶ
1320 2232 1425 2304 τὴν
1457 2230 1570 2287 τῶν
1594 2232 1812 2304 τρόπων
1848 2231 2023 2287 ἐπιεί-

429 2332 603 2380 κειαν,
617 2313 1092 2379 δυσαποσπάστως
1109 2309 1226 2385 εἶχε
1245 2313 1341 2369 τοῦ
1361 2314 1593 2381 δικαίου,
1606 2314 1812 2386 ταύτης
1835 2315 2024 2372 ἐνεκεν

427 2400 526 2471 τῆς
554 2399 735 2461 αίτίας
759 2397 863 2452 οὑκ
889 2396 1144 2467 ἀνέχεται
1181 2396 1345 2450 αὑτὸν
1374 2395 1712 2452 καταλιπεῖν.
1740 2397 1943 2453 Λοιπὸν
1965 2399 2023 2453 δέ

429 2485 526 2538 καὶ
567 2486 627 2537 ἐν
663 2481 818 2546 τάξει
845 2479 1036 2543 παιδὸς
1066 2479 1229 2535 αὑτὸν
1267 2475 1414 2551 εἶχεν
1434 2519 1450 2544 ,
1474 2481 1536 2533 ἐν
1577 2478 1767 2551 ἡλικία
1796 2479 2024 2553 τοιαύτῃ

429 2567 630 2631 παῖδας
655 2565 799 2637 ἔχειν
832 2563 910 2637 μὴ
944 2562 1196 2635 δυνηθεὶς
1223 2562 1312 2617 διά
1332 2563 1433 2634 τὴν
1456 2562 1558 2633 τῆς
1590 2562 1772 2635 Σάρας
1801 2563 2023 2634 στείρω⁴

430 2669 539 2708 σιν.
565 2651 776 2715 ι’Δλλως
799 2649 857 2704 δὲ
886 2648 983 2703 καὶ
1007 2650 1036 2703 6
1064 2647 1267 2720 τρόπος
1295 2644 1394 2701 τοῦ
1418 2645 1541 2701 νέου
1570 2646 1632 2701 06
1666 2646 1804 2701 πολὺ
1832 2647 2022 2701 ἀπέδει

429 2736 525 2791 τοῦ
551 2733 788 2789 δικαίου.
807 2732 949 2786 Αὐτὸ
970 2731 1083 2802 γάρ
1110 2729 1271 2785 τοῦτο
1290 2729 1374 2796 τὸ,
1402 2730 1782 2802 προκειμένων
1800 2732 1911 2786 τῶν
1928 2730 2023 2786 δύο

428 2818 705 2891 ἀδελφῶν,
736 2818 1063 2890 προσνεῖμαι
1103 2813 1294 2869 ἐαυτὸν
1332 2814 1412 2886 τῷ
1452 2812 1681 2887 δικαίῳ,
1732 2813 1910 2887 πόσης
1952 2810 2022 2887 ἦν

431 2903 721 2967 συνέσεως,
753 2900 815 2955 τδ
840 2899 1119 2972 διακρῖναι
1150 2899 1246 2953 καὶ
1271 2898 1566 2970 δοκιμάσαι
1588 2898 1695 2953 τίνι
1725 2898 1835 2954 τῶν
1861 2898 2022 2953 θείων

427 2986 537 3042 δέοι
568 2986 639 3041 τά
671 2983 795 3040 καθ’
838 2984 1032 3038 ἐαυτὸν
1064 2983 1396 3055 ἐπιτρέψαι;
1436 2983 1548 3037 Καὶ
1582 2981 1644 3037 τὸ
1671 2981 1885 3037 ἑλέσθαι
1922 2984 2023 3056 τήν

429 3069 761 3142 ἀποδημίαν,
800 3067 896 3121 καὶ
926 3065 1058 3120 αὑτὸ
1102 3066 1265 3122 πάλιν
1298 3066 1498 3138 δεῖγμα
1537 3065 1642 3137 τῆς
1671 3066 1782 3120 τῶν
1804 3066 2022 3140 τρόπων

428 3151 498 3224 ἦν
532 3151 914 3224 κοσμιότητος.
960 3150 1024 3204 El
1064 3148 1175 3223 γὰρ
1212 3151 1306 3205 καὶ
1351 3151 1414 3205 τὸ
1444 3149 1753 3204 τελευταῖον
1791 3151 1850 3205 ἐν
1878 3168 2023 3207 τισιν

429 3237 578 3304 ἔδοξε
596 3234 1010 3307 διαμαρτάνειν,
1035 3234 1197 3306 ἡνίκα
1214 3236 1327 3299 τοῖς
1347 3234 1639 3307 πρωτείοις
1654 3235 1902 3307 ἐπεπήδη
1910 3253 2019 3303 σεν,

430 3319 549 3374 ἀλλ’
578 3321 731 3391 ὅμως
758 3318 880 3374 κατ’
910 3318 1056 3389 ῖχνος
1084 3317 1181 3371 τοῦ
1218 3317 1430 3372 δικαίου
1463 3316 1762 3384 ἐσπούδαζε
1794 3319 2022 3391 πορεύε-

431 3403 578 3459 σθαι.
609 3404 721 3458 Καὶ
744 3401 835 3458 διὰ
860 3401 1021 3456 τοῦτο
1057 3401 1151 3455 καὶ
1169 3402 1199 3455 6
1223 3399 1432 3464 δίκαιος
1462 3401 1719 3456 κοινωνὸν
1750 3400 2023 3473 ἐλάμϐανε

428 3489 528 3560 τῆς
552 3486 884 3558 ὁδοιπορίας,
913 3486 1166 3548 κάκεῖνος
1208 3483 1349 3555 μετά
1387 3482 1699 3556 προθυμίας
1742 3485 1842 3556 τῆς
1882 3487 2022 3540 οῖκοι

427 3570 712 3642 διατριϐῆς
736 3571 837 3640 τὴν
868 3568 1024 3639 ξένην
1057 3567 1449 3639 προετίμησεν.
1477 3563 1610 3623 Εἶτα
1647 3568 1732 3622 ἵνα
1760 3568 2023 3641 μάθωμεν

429 3655 512 3708 ὅτι
548 3653 611 3707 οὑ
637 3652 906 3722 νεανίσκῳ
931 3651 1046 3705 ὖντι
1073 3649 1153 3721 τῷ
1182 3651 1500 3722 πατριάρχη
1535 3651 1710 3706 ταῦτα
1728 3653 2023 3706 ἐπέταττεν

428 3737 458 3792 6
478 3735 780 3807 Δεσπότης,
810 3734 924 3788 ἀλλ’
963 3733 1065 3805 ἠδη
1097 3733 1235 3804 πρὸς
1263 3733 1441 3805 γῆρας
1471 3733 1771 3800 ἐλαύνοντι,
1809 3735 1899 3788 ὅτε
1927 3735 2024 3790 καὶ

429 3819 794 3891 ὀκνηρότερον
826 3817 1017 3871 λοιπὸν
1055 3819 1104 3870 οί
1138 3816 1358 3881 πλείους
1398 3818 1511 3871 τῶν
1550 3817 1854 3888 ἀνθρώπων
1884 3820 2022 3892 πρὸς

428 3903 530 3967 τάς
550 3902 865 3975 ἀποδημίας
884 3901 1207 3966 διάκεινται,
1227 3901 1395 3972 φησίν
1413 3917 1427 3933 ’
1450 3903 1666 3970 Ἀϐραμ
1684 3901 1754 3956 δὲ
1772 3898 1852 3974 ἦν
1871 3902 2023 3956 ἐτῶν

426 3986 837 4058 ἐϐδομήκοντα
864 3987 1065 4049 πέντε,
1086 3984 1186 4039 ὅτε
1208 3981 1471 4054 ἐξῆλθεν
1488 3985 1557 4040 ἐκ
1578 3984 1838 4055 Χαρῤάν.
1868 3983 2022 4051 Εἶδες

427 4073 549 4137 πῶς
585 4071 710 4127 οῦτε
740 4074 775 4144 ή
820 4071 1038 4144 ἡλικία,
1068 4071 1197 4125 οὑτε
1238 4070 1424 4144 ἐτερὸν
1456 4089 1512 4125 τι
1555 4071 1664 4125 τῶν
1704 4072 2020 4143 δυναμένων

426 4156 591 4210 αὐτὸν
630 4154 1045 4211 ἐπισπάσασθαι
1073 4155 1211 4226 πρδς
1237 4154 1336 4225 τὴν
1369 4157 1511 4211 οἴκοι
1557 4157 1883 4229 παραμονὴν
1911 4157 2021 4211 κώ-

427 4242 490 4295 λυ
498 4257 577 4312 μα
602 4239 753 4313 αὐτῷ
788 4240 1035 4309 γέγονεν,
1065 4239 1207 4295 ἀλλά
1238 4241 1457 4295 πάντων
1495 4240 1771 4313 ἀνώτερος
1802 4242 2021 4311 ἐγένετο

428 4322 568 4378 ότοῦ
582 4324 720 4379 Θεοῦ
743 4323 1108 4387 πόθος.”οταν
1134 4325 1246 4396 γὰρ
1263 4325 1298 4395 ἡ
1324 4322 1473 4396 ψυχὴ
1496 4324 1901 4396 διεγηγερμένη
1923 4326 2020 4381 καὶ

429 4408 677 4477 νήφουσα
704 4402 763 4480 ᾗ,
805 4408 986 4462 πάντα
1017 4407 1299 4478 διατέμνει
1345 4408 1413 4461 τά
1443 4407 1766 4479 κωλύματα,
1799 4409 1896 4463 κα)⁵
1920 4410 2016 4482 ὅλη

429 4489 643 4556 γίνεται
663 4488 760 4543 τοῦ
788 4488 1146 4558 ποθουμένου,
1168 4488 1265 4542 καὶ
1291 4489 1382 4542 ὑπ’
1407 4488 1619 4554 οὐδενὸς
1640 4490 1749 4543 τῶν
1777 4492 1836 4544 ἐν
1867 4491 2020 4564 μέσῳ

429 4571 772 4645 φαινομένων
794 4572 1074 4644 δυσχερῶν
1091 4570 1462 4635 διακόπτεται,
1482 4571 1617 4627 ἀλλά
1637 4574 1815 4627 πάντα
1840 4592 2019 4645 παρα-

428 4657 639 4729 τρέχει,
666 4656 763 4710 καὶ
789 4657 851 4710 ού
885 4655 1148 4727 πρότερον
1177 4655 1418 4719 ἵσταται,
1455 4657 1651 4728 μέχρις
1687 4655 1755 4712 ἂν
1786 4659 2019 4733 ἐπιτύχῃ

427 4740 524 4796 τοῦ
552 4739 1018 4811 σπουδαζομένου.
1032 4739 1133 4794 Διά
1150 4756 1233 4792 τοι
1255 4737 1414 4792 τοῦτο
1446 4739 1538 4793 καὶ
1566 4741 1595 4792 6
1617 4739 1824 4805 δίκαιος
1840 4736 2014 4808 οὗτος,

429 4824 527 4878 καὶ
555 4822 662 4876 ὑπὸ
688 4821 781 4877 τοῦ
811 4823 998 4895 γήρως
1027 4823 1120 4877 καὶ
1153 4822 1259 4875 ὑπὸ
1293 4821 1498 4890 ἐτέρων
1527 4822 1788 4877 πλειόνων
1814 4824 2019 4878 κωλύε-

428 4907 554 4963 σθαι
577 4907 898 4978 δυνάμενος,
923 4906 1100 4960 πάντα
1129 4905 1430 4978 διαρρήξας
1452 4905 1522 4960 τὰ
1542 4907 1739 4978 δεσμά,
1764 4909 2017 4981 καθάπερ
2070 4934 2077 4943 ο

425 4989 548 5055 νέος
578 4990 675 5044 καὶ
704 4989 975 5061 σφριγῶν,
1008 4990 1104 5043 καὶ
1135 4989 1241 5042 ὑπὸ
1275 4988 1502 5060 μηδενὸς
1537 4989 1900 5062 κωλυόμενος,
1932 4991 2019 5047 οὑ-

426 5092 534 5139 τως
557 5073 785 5129 ἔσπευδε
814 5075 909 5128 καί¹
935 5073 1196 5144 ἠπείγετο
1234 5074 1314 5137 εἰς
1348 5072 1508 5144 ἔργον
1537 5076 1764 5143 ἀγαγεῖν
1797 5075 1891 5129 τοῦ
1927 5078 2020 5130 Δε-

426 5156 628 5212 σπότου
645 5157 709 5210 τὺ
728 5157 1031 5229 ἐπίταγμα.
1051 5156 1185 5210 Οὐδὲ
1206 5155 1315 5228 γάρ
1333 5150 1443 5209 οἷόν
1462 5154 1522 5209 τέ
1547 5174 1675 5209 ποτε
1691 5156 2016 5230 βουληθέντα

425 5243 550 5297 τινά
575 5243 823 5313 γενναῖόν
849 5262 905 5299 τι
944 5244 1039 5299 καὶ
1089 5243 1334 5315 ἀνδρεῖον
1386 5243 1779 5310 ἐπιδείξασθαι,
1812 5246 2017 5317 ἑτέρως

424 5327 587 5383 τοῦτο
618 5331 699 5394 είς
749 5329 910 5402 ἔργον
944 5318 1205 5400 ἀγαγεῖν,
1249 5329 1324 5401 μὴ
1367 5331 1631 5403 πρότερον
1665 5333 1830 5385 αὑτὸν
1879 5334 2016 5404 πρὸς

428 5415 645 5471 ἅπαντα
668 5416 738 5471 τά
781 5417 1045 5489 μέλλοντα
1077 5417 1228 5489 αὑτῷ
1259 5418 1396 5490 πρὸς
1427 5418 1524 5490 τὴν
1554 5422 1810 5488 τοιαύτην
1837 5420 2016 5490 ἐγχεί-

428 5520 587 5574 ρησιν
617 5506 872 5573 ἐμποδὼν
902 5505 1157 5561 ἵστασθαι
1207 5504 1689 5576 παραταξάμενον.
1737 5507 1910 5562 Τοῦτο
1949 5508 2014 5580 δὴ

426 5589 618 5659 σαφῶς
638 5591 734 5644 καὶ
757 5593 786 5645 6
807 5592 1013 5656 δίκαιος
1035 5588 1189 5656 οὗτος
1214 5592 1597 5658 ἐπιστάμενος,
1622 5594 1798 5648 πάντα
1830 5613 2012 5666 παρα-

422 5674 671 5747 δραμὼν,
706 5677 798 5729 καὶ
826 5679 962 5748 μήτε
988 5678 1302 5751 συνήθειαν,
1335 5680 1474 5751 μήτε
1508 5679 1849 5749 συγγένειαν,
1873 5684 2012 5752 μήτε

424 5762 605 5816 οἰκίαν
641 5764 938 5833 πατρικὴν,
978 5767 1117 5836 μήτε
1167 5766 1371 5836 τάφον,
1407 5766 1547 5839 μήτε
1575 5769 1637 5822 τὸ
1676 5772 1852 5840 γῆρας
1880 5771 2014 5824 αὑτὸ

424 5846 802 5918 λογισάμενος,
826 5849 906 5912 εἰς
929 5851 1105 5905 ἐκεῖνο
1155 5851 1314 5923 μόνον
1344 5852 1546 5907 ἔτεινεν
1574 5855 1742 5909 αὑτοῦ
1778 5857 1875 5928 τὴν
1906 5859 2012 5912 διά-

425 5954 596 5998 νοιαν,
628 5937 780 5999 ὅπως
810 5936 1014 6008 δυνηθῇ
1050 5939 1341 6009 πληρῶσαι
1381 5941 1442 5993 τὸ
1487 5945 1830 6015 προσταχθὲν
1862 5948 2011 6018 παρά

427 6023 522 6074 τοῦ
548 6021 842 6075 Δεσπότου.
863 6022 973 6075 Καὶ
1006 6018 1075 6094 ἦν
1104 6024 1231 6077 ίδεῖν
1256 6028 1487 6096 πρᾶγμα
1515 6027 1710 6083 πολλοῦ
1733 6032 2010 6103 θαύματος

431 6108 621 6177 γέμον,
653 6105 942 6177 ἄνθρωπον
971 6110 1029 6163 ἐν
1061 6109 1209 6181 γήρᾳ
1235 6108 1518 6185 βαθυτάτῳ
1555 6115 1695 6184 μετά
1732 6123 2005 6189 γυναικὸς,

1119 459 1179 513 8.
1207 457 1498 515 JOANNIS
1532 452 2022 514 CIIRYSOSTOMI
2060 449 2382 509 ARCIIIEP.
2420 452 2973 514 CONSTANTINOP.

3610 454 3715 511 290

2130 570 2224 623 καὶ
2243 570 2417 640 αὐτῆς
2438 569 2846 642 προϐεϐηκυίας
2876 570 3084 637 λοιπὸν,
3108 572 3205 626 καὶ
3232 570 3467 643 πλήθους
3490 571 3716 625 οίκετῶν

2133 652 2617 723 μετανιστάμενον,
2658 654 2753 707 καὶ
2791 653 2914 707 οὐδὲ
2956 654 3091 708 ὅπου
3134 652 3288 725 λήξει
3319 653 3470 725 αὐτῷ
3505 653 3577 707 τά
3617 655 3717 724 τῆς

2130 735 2340 807 πλάνης
2377 734 2578 790 εἰδότα.
2622 735 2687 788 El
2712 735 2770 789 δέ
2797 753 2883 800 τις
2911 737 3134 790 κάκεῖνο
3160 737 3398 801 συνετῶς
3420 736 3717 803 λογίσαιτο,

2132 818 2274 890 πόση
2319 820 2443 872 κατ’
2470 820 2677 872 ἐκεῖνον
2715 818 2809 874 τὸν
2852 819 3048 892 καιρὸν
3078 819 3214 874 ὁδῶν
3247 822 3282 889 ή
3322 821 3581 875 δυσκολία
3611 814 3715 890 ἦν’

2135 901 2259 955 ούδέ
2287 900 2445 973 [515]
2466 901 2577 973 γὰρ
2605 901 2861 974 καθάπερ
2888 903 2987 957 νῦν
3022 903 3163 974 μετά
3200 904 3388 968 ἀδείας
3430 904 3563 973 ἐξῆν
3607 903 3720 956 ἐπι-

2133 983 2422 1054 μίγνυσθαι
2451 1000 2600 1047 τισι,
2632 986 2730 1039 καὶ
2771 984 2946 1050 οὕτως
2977 986 3218 1051 εὐκόλως
3258 988 3360 1051 τάς
3407 986 3721 1057 ἀποδημίας

2130 1066 2421 1135 ποιεῖσθαι,
2450 1067 2552 1137 τῆς
2576 1069 2751 1140 ἀρχῆς
2778 1069 2920 1124 κατά
2946 1070 3147 1133 τόπους
3169 1068 3337 1139 οὑσης
3354 1069 3719 1141 διῃρημένης.

2130 1152 2226 1206 zeal
2245 1150 2709 1222 ἀναγκαζομένων
2726 1150 2834 1205 τῶν
2848 1151 3193 1207 διοδευόντων
3216 1152 3325 1207 ἀπὸ
3344 1152 3619 1224 ἀρχόντων
3638 1152 3724 1215 εἰς

2131 1234 2402 1306 ἄρχοντας
2441 1234 2791 1307 μεταπηδᾷν,
2824 1237 2923 1289 καὶ
2954 1236 3075 1290 καθ’
3121 1237 3363 1306 ἐκάστην
3394 1236 3581 1307 σχεδὸν
3611 1234 3724 1289 ἀπδ

2131 1318 2411 1389 βασιλείας
2430 1320 2510 1375 είς
2532 1318 2815 1390 βασιλείαν
2839 1321 3185 1391 μεταϐαίνειν
3207 1337 3222 1351 ο
3243 1322 3338 1374 καὶ
3360 1319 3521 1373 τοῦτο
3540 1319 3723 1373 τοίνυν

2135 1402 2318 1456 ίκανδν
2342 1398 2412 1473 ἦν
2441 1401 2671 1472 κώλυμα
2697 1402 2776 1474 τῷ
2803 1403 3017 1473 δικαίῳ.
3041 1404 3157 1473 είγε
3192 1402 3267 1474 μὴ
3293 1403 3462 1457 πολὺν
3495 1396 3607 1473 εἶχε
3626 1401 3723 1455 τὸν

2131 1485 2299 1539 πόθον
2336 1484 2432 1538 καὶ
2473 1484 2571 1555 τὴν
2615 1486 2681 1539 ἐκ
2724 1484 2821 1539 τοῦ
2870 1485 3245 1556 ἐπιτάγματος
3274 1487 3541 1556 ὑπακοήν.
3579 1484 3723 1539 Ἀλλ’

2131 1560 2306 1631 οὗτος,
2341 1566 2594 1639 καθάπερ
2616 1567 2881 1639 ἀράχνην,
2904 1568 3076 1624 ταῦτα
3112 1569 3291 1623 πάντα
3317 1568 3622 1633 διασπάσας
3646 1569 3723 1623 τά

2131 1650 2452 1721 κωλύματα,
2472 1651 2567 1705 καὶ
2592 1653 2659 1722 τῇ
2691 1649 2872 1704 πίστει
2890 1651 3185 1723 νευρωθεὶς
3204 1652 3297 1705 τὸν
3321 1652 3603 1723 λογισμὸν,
3626 1654 3725 1706 καὶ

2130 1732 2210 1803 τῷ
2237 1733 2507 1804 ἀξιώματι
2545 1733 2638 1787 τοῦ
2670 1733 3148 1805 ἐπαγγειλαμένου
3183 1734 3483 1798 πεποιθὼς,
3515 1736 3727 1803 ἥπτετο

2129 1816 2231 1885 τῆς
2254 1816 2578 1887 ὁδοιπορίας.
2626 1816 2735 1871 Kal
2761 1817 2974 1879 ἔλαϐε,
3013 1817 3213 1888 φησὶν,
3262 1819 3479 1886 Ἅϐραμ
3520 1817 3728 1886 Σάραν

2129 1898 2247 1968 τὴν
2272 1899 2529 1969 γυναῖκα
2556 1899 2763 1966 αὐτοῦ,
2797 1899 2899 1954 καί
2926 1900 3059 1955 Λὼτ
3085 1900 3196 1955 τὸν
3234 1903 3374 1957 υίὸν
3403 1902 3512 1957 τοῦ
3541 1902 3726 1957 ἁδελ-

2130 1981 2250 2052 φοῦ
2283 1982 2495 2045 αὑτοῦ,
2524 1982 2622 2036 xul
2651 1981 2851 2037 πάντα
2881 1983 2955 2038 τὰ
2981 1983 3337 2054 ὑπάρχοντα
3367 1986 3583 2049 αὐτῶν,
3601 1985 3727 2042 ὅσα

2129 2066 2470 2133 ἐκτήσαντο
2489 2068 2562 2121 ἐν
2580 2066 2845 2136 Χσῤῥὰν,
2870 2068 2969 2122 καὶ
2994 2067 3218 2138 ἐξῆλθε
3239 2068 3605 2140 πορευθῆναι
3629 2073 3723 2136 εις

2134 2149 2252 2221 γῆν
2279 2149 2547 2206 Χαναάν.

2203 2241 2281 2299 ς’.
2306 2234 2449 2304 Ὅρα
2462 2232 2566 2304 τῆς
2583 2233 2804 2306 Γραφῆς
2820 2233 2919 2306 τὴν
2933 2234 3244 2308 ἀκρίϐειαν,
3265 2236 3382 2300 πῶς
3401 2238 3533 2308 ⁴ἡμῖν
3548 2234 3727 2290 amv-

2129 2333 2198 2370 τα
2224 2317 2515 2387 διηγεῖται,
2546 2316 2633 2369 ἵνα
2669 2315 2758 2370 διά
2784 2316 3000 2371 πάντων
3025 2318 3284 2389 μάθωμεν
3311 2318 3403 2372 τοῦ
3423 2317 3632 2373 δικαίου
3658 2318 3727 2373 1:6

2130 2399 2394 2470 φιλόθεον.
2435 2401 2545 2456 Kal
2592 2400 2791 2465 ἔλαϐε,
2839 2401 3025 2472 φησὶν,
3068 2400 3270 2470 Σάρων
3303 2400 3418 2471 τὴν
3464 2405 3729 2472 γυναῖκα

2129 2482 2338 2544 αὐτοῦ,
2366 2482 2465 2537 καί
2489 2482 2620 2538 Λὼτ
2648 2482 2758 2537 τὸν
2783 2485 2921 2538 υἱὸν
2949 2483 3057 2539 τοῦ
3083 2483 3354 2555 ἀδελφοῦ
3381 2485 3588 2548 αὐτοῦ,
3619 2486 3726 2539 καί

2130 2565 2329 2619 πάντα
2354 2565 2472 2620 ὅσα
2494 2565 2833 2631 ἐκτήσαντο
2854 2565 2925 2619 ἐν
2943 2567 3205 2636 Χαρῤάν,
3225 2568 3337 2639 Οὐχ
3360 2567 3545 2632 ἀπλῶς
3573 2563 3724 2632 εἶπε,

2129 2646 2336 2703 Πάντα
2365 2648 2484 2703 ὅσα
2508 2648 2844 2714 ἐκτήσαντο
2884 2649 2955 2703 ἐν
2983 2651 3245 2717 Χαρῤὰν,
3276 2650 3389 2705 ἀλλ’
3422 2651 3508 2704 ἵνα
3536 2652 3729 2722 μάθω-

2135 2747 2257 2800 μεν,
2281 2731 2363 2785 ὂτι
2390 2730 2544 2784 οὐδὲν
2585 2731 2692 2785 τῶν
2745 2730 2857 2784 ἀπὸ
2884 2731 2994 2786 τῶν
3034 2731 3315 2787 Χαλδαίων
3356 2734 3667 2805 ἐπηγάγετο
3696 2737 3728 2789 6

2131 2814 2502 2886 πατριάρχης,
2534 2814 2671 2869 ἀλλά
2693 2816 2914 2870 πάντων
2936 2816 3160 2870 ἐκείνων
3182 2817 3292 2872 τῶν
3325 2820 3592 2892 πατρῴων
3618 2838 3729 2875 παι

2133 2899 2464 2970 ραχωρήσας
2489 2896 2572 2969 τῷ
2599 2898 2834 2970 ἀδελφῷ,
2860 2897 3035 2963 οὑτως
3060 2899 3207 2971 ἐξῄει
3229 2902 3413 2956 ἐκεῖνα
3440 2903 3577 2973 μόνα
3600 2905 3729 2959 ἐπε-

2131 2981 2463 3051 φερόμενος,
2489 2980 2591 3034 ὅσα
2620 2981 2703 3045 είς
2728 2981 2829 3053 τὴν
2860 2980 3086 3053 Χαρρὰν
3116 2983 3355 3056 ἠδυνήθη
3393 2985 3725 3056 κτήσασθαι.

2131 3065 2241 3117 Kal
2264 3062 2423 3118 τοῦτο
2442 3063 2501 3118 δέ
2529 3062 2704 3118 ἐποίει
2721 3065 2749 3118 6
2773 3063 3075 3134 θαυμάσιος
3104 3057 3280 3133 οὗτος,
3305 3067 3429 3138 οὑχ),
3448 3069 3576 3140 περὶ
3601 3070 3730 3124 πολ-

2130 3144 2223 3204 λοῦ
2250 3144 2573 3216 ποιούμενος
2601 3145 2793 3210 ταῦτα,
2827 3147 2948 3201 οὐδὲ
2969 3146 3045 3210 ὡς
3080 3148 3487 3220 φιλοχρίιματκ
3516 3153 3725 3221 τυγχά-

2132 3246 2261 3295 νων,
2289 3228 2404 3282 ἀλλ’
2430 3229 2520 3283 ἵνα
2547 3230 2713 3283 πᾶσιν
2738 3228 2839 3302 ἔχῃ
2865 3228 3140 3284 δεικνύναι
3165 3230 3255 3284 διά
3280 3232 3381 3303 τῆς
3405 3233 3725 3303 περιουσίας

2130 3312 2298 3367 αὐτοῦ
2326 3310 2420 3365 τοῦ
2449 3311 2585 3365 Θεοῦ
2616 3310 2716 3383 τὴν
2748 3311 2879 3383 περὶ
2908 3312 3076 3367 αὑτὸν
3108 3314 3385 3386 πρόνοιαν.
3430 3317 3491 3370 Ὁ
3510 3315 3620 3387 γάρ
3656 3318 3728 3372 ἐκ

2128 3396 2229 3465 τῆς
2258 3394 2541 3449 Χαλδαίων
2573 3394 2680 3464 γῆς
2723 3395 2884 3449 αὐτὸν
2917 3396 3234 3469 ἀναστήσας
3253 3439 3266 3453 .
3305 3399 3399 3452 καὶ
3443 3399 3605 3454 πάλιν
3632 3402 3726 3453 ἐν-

2129 3477 2319 3531 τεῦθεν
2348 3477 2759 3548 μετοικισθῆναι
2794 3478 3127 3548 προστάξας,
3157 3480 3322 3545 αὑτὸς
3349 3476 3419 3551 ἦν
3442 3484 3471 3535 6
3499 3482 3592 3535 καὶ
3620 3484 3732 3553 τὴν

2132 3561 2453 3634 περιουσίαν
2488 3558 2641 3631 αὐτῷ
2690 3559 2872 3625 αὔξων
2924 3560 3011 3631 ἐφ’
3062 3563 3301 3635 ἐκάστης
3323 3603 3339 3625 ,
3369 3565 3462 3618 καὶ
3500 3565 3728 3620 ἃπασαν

2129 3645 2419 3700 δυσκολίαν
2444 3644 2686 3713 ἀναιρῶν
2708 3659 2724 3674 ⁸
2753 3644 2895 3699 ὥστε
2926 3645 3023 3699 καὶ
3050 3646 3208 3700 τοῦτο
3231 3647 3363 3701 αὑτὸ
3396 3648 3595 3719 δεῖγμα
3622 3650 3726 3721 τῆς

2131 3726 2377 3798 φιλοθέου
2409 3727 2576 3782 αὑτοῦ
2610 3726 2837 3798 γνώμης
2877 3727 3164 3798 ἐτύγχανε,
3192 3730 3430 3804 τοσαῦτα
3463 3734 3725 3804 ἐπιφερόο

2133 3825 2314 3880 μενον,
2339 3809 2480 3863 οὑτω
2509 3808 2598 3864 διά
2620 3811 2802 3881 πάσης
2847 3811 2983 3866 ίέναι
3007 3812 3105 3882 τῆς
3133 3803 3275 3866 ὀδοῦ.
3305 3814 3575 3878 Ἕκαστος
3610 3803 3726 3887 γὰρ

2128 3890 2239 3945 τῶν
2263 3891 2513 3964 ὁρώντων
2546 3892 2772 3955 είκότως
2804 3892 2901 3961 τὴν
2938 3893 3120 3949 αἰτίαν
3148 3895 3439 3966 μανθάνειν
3468 3896 3725 3952 ἐϐούλετο

2129 3975 2228 4045 τῆς
2255 3973 2351 4028 τοῦ
2392 3974 2604 4029 δικαίου
2633 3975 2963 4047 ἀποδημίας.
3000 3971 3136 4030 Εἶτα
3179 3978 3603 4050 πυνθανόμενος,
3634 3981 3723 4035 ὅτι

2127 4057 2224 4112 τοῦ
2252 4058 2388 4112 Θεοῦ
2433 4057 2787 4122 κελεύσαντος
2818 4060 2911 4112 ἐπὶ
2950 4059 3050 4131 τὴν
3092 4059 3380 4132 ἀλλοτρίαν
3406 4063 3721 4132 μεθίστατο,

2127 4141 2197 4194 τά
2219 4143 2396 4196 οἰκεῖα
2419 4139 2757 4205 καταλιπὼν,
2774 4140 2840 4194 δι’
2857 4141 3039 4196 αὐτῶν
3060 4142 3170 4197 τῶν
3191 4142 3369 4216 ἔργων
3386 4144 3721 4214 ἐδιδάσκετο,

2129 4224 2224 4276 καὶ
2243 4223 2343 4294 τῆς
2367 4240 2427 4277 τε
2452 4223 2701 4293 ὑπακοῆς
2720 4222 2814 4276 τοῦ
2834 4223 3047 4279 δικαίου
3068 4225 3130 4279 τὸ
3154 4227 3402 4295 φιλόθεον
3422 4229 3721 4299 ἐμάνθανε,

2128 4308 2345 4377 καὶτῆς
2366 4307 2496 4377 περὶ
2521 4305 2684 4361 αὐτὸν
2710 4307 2969 4379 προνοίας
2986 4307 3082 4363 τοῦ
3100 4309 3237 4364 Θεοῦ
3262 4310 3362 4382 τὴν
3387 4312 3718 4384 ὑπερϐολήν.

2126 4392 2237 4445 Kal
2277 4389 2519 4459 ἐξῆλθε,
2552 4390 2708 4459 φησὶ,
2751 4390 3121 4460 πορευθῆναι
3168 4394 3256 4458 εὶς
3293 4393 3411 4464 γῆν
3451 4396 3718 4453 Χανιιάν.

2130 4476 2298 4531 Πόθεν
2321 4474 2460 4547 ᾔδει,
2489 4474 2573 4529 ὃτι
2595 4477 2675 4539 είς
2700 4475 2799 4547 τὴν
2824 4477 3145 4532 Χαναναίων
3170 4478 3276 4550 γῆν
3299 4478 3451 4550 λήξει
3476 4480 3629 4552 αὑτῷ
3648 4481 3724 4536 τὰ

2128 4559 2228 4629 τῆς
2258 4558 2589 4630 ἀποδημίας,
2624 4557 2800 4612 καίτοι
2831 4558 2925 4612 τοῦ
2957 4559 3332 4628 ἐπιτάγματος
3362 4560 3535 4625 οὕτως
3566 4562 3721 4633 ἔχον·

2126 4653 2240 4701 τος,
2291 4635 2373 4689 ὅτι
2420 4635 2603 4704 Δεῦρο
2636 4639 2724 4703 είς
2765 4635 2882 4705 τὴν
2933 4637 3073 4707 γῆν,
3112 4637 3195 4706 ἦν
3241 4637 3321 4692 ἄν
3362 4657 3463 4694 σοι
3508 4640 3721 4708 δείξω;

2132 4719 2294 4782 Ἴσως
2321 4718 2351 4771 6
2391 4716 2525 4782 Θεὸς
2563 4718 2713 4789 αὑτῷ
2761 4719 3045 4773 καὶτοῦτο
3090 4722 3384 4791 ἐμήνυσεν,
3427 4722 3715 4789 ὑποδείξας

2127 4798 2294 4854 αὑτοῦ
2327 4800 2395 4871 τῇ
2424 4798 2636 4873 διανοίᾳ
2655 4799 2755 4872 τὴν
2784 4801 2907 4873 γῆν,
2930 4802 3013 4866 είς
3043 4802 3112 4873 ἦν
3148 4802 3400 4856 ἐϐούλετο
3425 4804 3588 4858 αὑτὸν
3614 4822 3719 4858 κα-

2125 4882 2412 4951 ταστῆσαι.
2464 4882 2564 4936 Διά
2613 4884 2724 4954 γάρ
2759 4883 2955 4949 τοῦτο,
2988 4885 3152 4956 ήνίκα
3202 4885 3352 4956 αὑτῷ
3385 4888 3717 4952 ἐπέταττεν,

2124 4966 2447 5037 ἀδιορίστως
2460 4965 2634 5036 ἐλεγε,
2653 4966 2836 5035 Δεῦρο
2847 4970 2933 5034 είς
2948 4967 3062 5036 τὴν
3077 4967 3194 5038 γῆν
3210 4969 3291 5037 ἣν
3303 4970 3383 5023 ἄν
3396 4986 3497 5024 σοι
3514 4970 3718 5035 δείξω,

2125 5047 2212 5100 ἵνα
2265 5048 2398 5118 ἡμῖν
2441 5047 2723 5120 ἐκκαλύψῃ
2772 5049 2868 5103 τοῦ
2897 5051 3107 5104 δικαίου
3158 5051 3258 5124 τὴν
3306 5053 3526 5123 ἀρετήν.
3580 5048 3718 5106 Εἶτα

2123 5130 2312 5202 ἐπειδὴ
2349 5129 2418 5183 τά
2452 5132 2583 5203 παρ’
2614 5131 2808 5186 ἐαυτοῦ
2867 5135 3005 5202 μετά
3048 5134 3249 5207 πολλῆς
3295 5137 3393 5207 τῆς
3433 5135 3717 5205 δαψιλείας

2124 5214 2430 5282 είσήνεγκε,
2449 5213 2659 5284 ταχέως
2678 5215 2773 5269 καὶ
2793 5216 2957 5280 αὑτὸς
2982 5217 3078 5289 τὴν
3097 5218 3298 5285 γνῶσιν
3319 5218 3468 5289 αὑτῷ
3486 5220 3716 5291 ἐνέθηκε

2122 5296 2220 5365 τῆς
2250 5296 2377 5366 γῆς,
2408 5298 2489 5361 εἰς
2519 5297 2587 5369 ἣν
2627 5298 2880 5353 ἐϐούλετο
2921 5302 3084 5357 αὑτὸν
3105 5301 3204 5370 τὴν
3240 5302 3454 5373 οἴκησιν
3483 5305 3715 5375 ποιήσα-

2126 5378 2270 5431 σθαι.
2315 5378 2530 5450 Ἐπειδὴ
2569 5381 2678 5450 γὰρ
2706 5382 2962 5455 προεώρα
2999 5384 3098 5453 τῆς
3131 5385 3337 5457 ἀρετῆς
3377 5384 3472 5438 τοῦ
3500 5387 3715 5442 δικαίου

2121 5461 2185 5513 τὸ
2213 5461 2441 5531 μέγεθος
2463 5503 2478 5527 ,
2510 5461 2600 5517 διά
2643 5462 2801 5518 τοῦτο
2843 5466 2939 5520 καὶ
2976 5466 3188 5520 οἴκοθεν
3224 5468 3389 5522 αὑτὸν
3420 5469 3713 5540 ἀνέστησε,

2124 5545 2216 5597 καὶ
2242 5544 2366 5598 οὔτε
2399 5545 2491 5598 τὸν
2525 5545 2752 5617 ἀδελφὸν
2781 5548 2966 5602 λαϐεῖν
2996 5551 3258 5617 ἐπέταξεν
3282 5592 3296 5615 ,
3335 5552 3524 5623 ἐπειδὴ
3550 5552 3711 5606 ἐϐούο

2121 5627 2242 5680 λετο
2261 5627 2452 5684 τοῦτον
2477 5630 2792 5685 διδάσκαλον
2820 5632 2915 5687 νῦν
2945 5635 3044 5705 μὲν
3073 5637 3184 5698 τοῖς
3213 5637 3352 5689 κατά
3382 5636 3481 5707 τὴν
3511 5635 3715 5689 Παλαι-

2124 5709 2309 5782 στίνην
2328 5712 2499 5767 ἆπασι
2529 5714 2804 5783 γενέσθαι,
2834 5717 2974 5787 μετά
3000 5715 3153 5791 [316]
3181 5718 3359 5790 βραχὺ
3389 5719 3449 5773 δὲ
3480 5719 3570 5774 καὶ
3599 5721 3711 5785 τοῖς

2122 5791 2264 5846 κατά
2294 5794 2394 5866 τὴν
2417 5794 2709 5864 Αἴγυπτον.

2194 5872 2349 5938 Εἶδες
2374 5877 2492 5941 πῶς
2520 5878 2620 5932 οὑκ
2643 5881 2703 5933 ἐν
2745 5881 2811 5951 τῇ
2839 5880 3021 5948 φύσει,
3050 5881 3165 5936 ἀλλ’
3197 5884 3256 5937 ἐν
3285 5887 3353 5956 τῇ
3394 5883 3710 5956 προαιρέσει

2122 5960 2220 6028 τῆς
2250 5957 2474 6032 γνώμης
2506 5962 2607 6033 τῆς
2640 5962 2913 6034 ἡμετέρας
2943 5967 3115 6019 κεῖται
3144 5966 3236 6019 καὶ
3261 5967 3331 6021 τά
3360 5968 3459 6038 τῆς
3485 5967 3707 6038 ἀρετῆς,

2122 6046 2211 6098 καὶ
2238 6043 2308 6097 τὰ
2351 6046 2453 6114 τῆς
2502 6048 2733 6113 κακίας;
2780 6048 2910 6101 Ἰδοὺ
2950 6049 3059 6121 γὰρ
3099 6051 3239 6103 κατά
3281 6051 3381 6121 μὲν
3420 6050 3519 6121 τὴν
3544 6051 3705 6118 φύσιν

2118 6127 2336 6198 ἀδελφοὶ
2373 6128 2663 6200 ἐτύγχανον
2698 6132 2726 6185 ὅ
2759 6147 2820 6185 τε
2875 6131 3239 6204 πατριάρχης,
3279 6135 3372 6187 καὶ
3418 6133 3448 6185 6
3477 6131 3702 6203 Ναχὼρ,

2944 6434 3052 6440 *—
3198 6436 3280 6444 ί-ςη
3388 6439 3444 6446 ἡ
3510 6439 3548 6444 ι-
3608 6438 3660 6446 πη
