4078 6430
427 519 534 572 289

414 620 689 696 quomodo
713 618 870 675 nobis
895 633 1012 674 eam
1045 616 1320 685 Scriptura
1347 615 1667 670 manifestet.
1699 615 1751 668 4.
1789 613 1853 665 Et
1885 628 2006 681 pro-

419 719 580 786 fectus
608 722 703 779 est,
749 712 938 782 inquit,
969 709 1178 774 Abram,
1210 709 1339 762 sicut
1377 708 1610 776 loquutus
1647 718 1717 760 est
1746 707 1792 759 ei
1827 704 2008 758 Domi-

416 827 513 864 nus
543 808 702 874 Deus,
737 817 784 860 et
813 807 898 861 ivit
931 823 1046 860 cum
1085 823 1144 859 eo
1188 804 1302 860 Lat.
1345 803 1458 859 Non
1499 801 1813 872 simpliciter
1853 798 2006 864 dixit,

418 898 489 952 Et
514 904 768 970 profectus
790 907 864 952 est
885 897 1072 951 Abram
1093 912 1111 950 ε
1136 895 1250 962 sed,
1287 896 1432 951 Sicut
1457 893 1690 964 loquutus
1717 901 1790 947 est
1818 892 1864 946 ei
1898 889 2011 944 Do-

417 993 588 1046 minus
621 989 778 1045 Deus.
809 989 1023 1054 Omnia,
1057 988 1249 1058 inquit,
1291 987 1414 1042 fecit
1444 1001 1562 1054 quae
1594 984 1660 1039 ad
1687 991 2010 1053 praceptum

419 1085 524 1138 huc
547 1083 903 1154 pertinebant.
935 1081 1078 1135 Dixit
1097 1089 1155 1134 nt
1172 1079 1498 1149 relinqueret
1517 1077 1717 1138 omnia.
1740 1085 1796 1130 et
1816 1087 2013 1144 cogna-

419 1179 620 1234 tionetn
648 1187 703 1232 et
728 1177 978 1242 domum;
1007 1185 1063 1230 et
1087 1174 1320 1244 reliquit.
1355 1172 1496 1227 Dixit
1521 1181 1576 1225 ut
1605 1171 1708 1224 iret
1732 1170 1783 1222 in
1813 1176 2012 1223 terram

415 1286 576 1338 quam
605 1268 876 1323 nesciret:
914 1265 1321 1336 obtemperavit.
1363 1262 1616 1318 Promisit
1647 1261 1788 1315 Deus
1825 1274 1886 1314 se
1930 1256 2012 1312 fa-

417 1372 631 1414 cturum
675 1376 796 1413 etim
824 1358 876 1413 in
920 1369 1133 1427 gentem
1175 1369 1444 1426 magnam,
1472 1362 1528 1408 et
1569 1351 2011 1408 benedicturum:

415 1450 645 1505 credidit
672 1450 868 1503 Abram
898 1449 1058 1503 etiam
1090 1448 1192 1502 hoc
1219 1455 1558 1502 eventurum.
1583 1443 1734 1498 Sicut
1764 1441 2014 1510 loquutus

417 1555 503 1599 est
531 1546 579 1598 ei
610 1545 886 1608 Dominus,
918 1547 986 1596 ita
1017 1540 1288 1611 profectus
1313 1548 1400 1595 est
1429 1556 1443 1592 :
1474 1537 1524 1591 id
1552 1545 1655 1602 est,
1697 1533 1924 1589 credidit
1950 1533 2015 1587 iis

415 1651 540 1706 qua:
567 1635 665 1689 sibi
687 1651 717 1688 a
745 1634 859 1689 Deo
880 1642 1008 1688 sunt
1035 1633 1197 1700 dicta,
1228 1631 1358 1685 nihil
1387 1629 1671 1688 ﬂuctuans,
1696 1625 1826 1679 nihil
1855 1624 2014 1678 dubi-

417 1738 560 1795 tans,
591 1728 683 1782 sed
708 1727 919 1781 firmato
944 1727 1124 1780 animo
1153 1725 1222 1778 ita
1249 1723 1517 1792 profectus
1536 1730 1620 1776 est
1642 1739 1656 1776 :
1680 1720 1883 1774 ideirco
1909 1727 1963 1772 et
1983 1733 2013 1771 a

419 1821 647 1874 Domino
676 1835 921 1889 magnam
963 1818 1194 1872 obtinuit
1229 1817 1472 1888 gratiam.
1503 1814 1572 1868 Et
1597 1814 1704 1880 ivit,
1735 1812 1926 1882 inquit.
1967 1820 2016 1864 et

417 1911 518 1966 Lat
554 1929 671 1966 cunt
698 1929 783 1967 eo.
815 1913 992 1979 Quare
1025 1926 1148 1966 eum
1195 1910 1451 1963 Dominus
1476 1907 1670 1962 dixerit
1699 1924 1714 1960 :
1762 1905 2016 1974 Egredere

415 2006 484 2057 de
508 2015 640 2058 terra
665 2014 774 2069 tua,
804 2013 852 2059 et
871 2004 936 2056 de
950 2003 1254 2073 cegnatione
1281 2012 1368 2055 tua
1389 2009 1437 2054 et
1460 1999 1525 2053 de
1548 1999 1698 2052 domo
1720 1997 1880 2067 patris
1899 1995 1972 2048 tui
1995 2009 2014 2057 ,°

417 2096 562 2149 hunc
590 2094 922 2165 assumpsit?
967 2093 1083 2147 Non
1115 2092 1214 2147 fuit.
1256 2090 1570 2146 inobediens
1614 2088 1877 2143 Domino:
1919 2085 2013 2140 sed

417 2188 558 2243 forte
583 2189 705 2258 quia
731 2186 913 2257 juveni
943 2197 1059 2240 erat.
1102 2184 1267 2254 patris
1298 2183 1418 2238 loco
1443 2181 1763 2253 praefectus:
1796 2186 1850 2233 et
1886 2177 2012 2242 ille,

414 2281 492 2337 ob
531 2281 855 2351 singularem
899 2294 1177 2342 amorem,
1223 2290 1540 2345 morumque
1587 2273 1934 2336 suavitatem,
1984 2284 2013 2322 a

414 2375 560 2444 justo
585 2372 766 2428 divelli
794 2371 980 2438 noluit,
1022 2370 1122 2425 hac
1146 2370 1213 2423 de
1251 2382 1410 2423 causa
1441 2368 1638 2421 Abram
1681 2379 1802 2418 eum
1835 2361 2007 2417 relin-

416 2480 585 2536 quere
613 2462 784 2520 noluit
813 2481 827 2517 :
861 2463 1078 2531 insuper
1121 2475 1242 2516 eum
1291 2459 1382 2512 filii
1423 2459 1540 2512 loco
1581 2465 1763 2526 postea
1795 2452 2012 2518 habuit;

417 2558 719 2628 prtesertim
748 2555 890 2627 quod
920 2565 1026 2610 tam
1068 2553 1383 2624 grandazvus
1418 2551 1624 2606 nullum
1649 2547 1823 2604 adhuc
1849 2545 2015 2600 habe-

419 2657 504 2704 ret
530 2649 696 2703 tilium
734 2657 959 2719 propter
985 2645 1133 2701 Sara:
1180 2643 1540 2700 sterilitatem.
1572 2640 1819 2710 Alioquin
1855 2637 2017 2694 etiam

420 2755 604 2796 mores
646 2738 1007 2794 adolescentis
1035 2753 1139 2792 non
1165 2737 1390 2790 multum
1417 2749 1447 2787 a
1473 2734 1602 2803 justi
1629 2731 1893 2802 probitate
1925 2728 2020 2782 ab-

417 2843 593 2890 erant.
622 2832 754 2888 Nam
785 2831 888 2886 hoc
916 2832 1090 2900 ipsum
1118 2828 1282 2899 quod,
1303 2827 1594 2897 propositis
1610 2825 1659 2879 ei
1687 2823 1896 2878 duobus
1915 2821 2025 2875 fra-

424 2926 618 2993 tribus,
643 2925 760 2995 ipse
791 2923 937 2994 justo
970 2921 1295 2986 adhaereret,
1334 2927 1546 2990 quanta:
1578 2915 1871 2986 prudentia:
1900 2912 2019 2976 fuit,

417 3015 713 3084 dijudieare
730 3029 923 3083 nempe
943 3021 996 3067 et
1024 3012 1336 3066 discernere
1359 3009 1445 3065 cui
1478 3018 1787 3079 patruorum
1810 3005 1891 3060 sui
1921 3019 2020 3061 cu-

420 3124 538 3163 ram
568 3108 877 3178 permittere
904 3103 1163 3160 deberet?
1191 3104 1415 3173 Insuper
1450 3112 1504 3157 et
1534 3099 2016 3172 peregrinationem

419 3200 640 3270 eligere,
682 3198 980 3252 honestatis
1021 3211 1232 3250 morum
1271 3203 1390 3250 erat
1423 3193 1698 3248 indicium.
1737 3191 1868 3246 Nam
1900 3191 2024 3245 licet

420 3292 640 3349 tandem
683 3293 738 3347 in
776 3289 1092 3362 quibusdam
1125 3304 1337 3345 errasse
1365 3287 1623 3352 videatur,
1659 3287 1876 3357 quando
1921 3300 2019 3354 po-

422 3385 591 3440 tiores
619 3383 721 3438 sibi
760 3389 940 3453 partes
981 3381 1277 3451 usurpavit,
1307 3388 1541 3433 attamen
1575 3377 1853 3447 vestigium
1896 3375 2026 3445 justi

422 3475 677 3545 subsequi
699 3474 940 3544 proxime
963 3471 1234 3528 studebat.
1263 3475 1436 3542 Atque
1458 3469 1771 3539 ideojustus
1792 3468 1940 3522 illum
1967 3467 2024 3521 in

424 3569 632 3624 socium
653 3568 862 3624 itineris
886 3569 1111 3640 accepit,
1137 3578 1193 3622 et
1221 3567 1336 3635 ipse
1372 3579 1563 3635 magna
1589 3564 1862 3618 alacritate
1906 3576 2026 3631 per-

426 3661 670 3730 egrinam
701 3660 862 3715 vitant
888 3659 1198 3716 domestica:
1227 3656 1474 3728 prtemlit.
1509 3655 1674 3712 Porro
1703 3663 1761 3709 ut
1794 3654 2027 3708 sciamus

426 3753 547 3809 Isaac
573 3768 603 3806 a
635 3752 744 3809 Deo
771 3751 933 3807 fuisse
954 3753 1211 3822 imperata
1239 3746 1577 3821 patriarchae,
1599 3761 1706 3800 non
1727 3760 1849 3801 eum
1872 3745 2028 3815 juve-

427 3845 514 3899 nis
539 3853 700 3910 esset,
731 3844 825 3898 sed
848 3843 960 3913 jam
977 3842 1046 3897 ad
1073 3850 1344 3897 senectam
1374 3837 1636 3910 vergenti,
1668 3835 1882 3907 quando
1908 3836 2026 3905 ple-

431 3939 586 4008 rique
632 3939 906 3991 hominum
948 3934 1016 3989 ad
1061 3930 1507 4004 peregrinandum
1545 3929 1822 3999 segniores
1861 3933 2026 3994 sunt,

429 4031 602 4101 inquit
639 4047 654 4084 :
681 4031 869 4084 Abram
905 4038 1074 4082 autem
1101 4034 1209 4080 erat
1235 4039 1488 4078 armarunt
1529 4022 1852 4091 septuaginta
1877 4019 2029 4088 quin-

427 4138 550 4191 que,
583 4120 788 4190 quando
828 4119 981 4176 exivit
1007 4133 1072 4173 ea:
1098 4115 1350 4172 Cbarran.
1382 4112 1602 4167 Vidistis
1629 4110 1904 4181 quomodo
1930 4124 2030 4164 nec

429 4227 566 4271 tetas
578 4217 627 4271 ei
649 4214 747 4270 fuit
771 4212 1064 4276 obstaculo,
1091 4223 1264 4279 neque
1282 4206 1425 4262 aliud
1446 4204 1697 4276 quiddam
1714 4202 1888 4273 potuit
1906 4216 2028 4256 eum

429 4309 675 4364 detinere
723 4315 783 4360 ttt
819 4305 964 4360 domi
1009 4301 1306 4357 resideret:
1347 4297 1442 4353 sed
1471 4295 1599 4351 vicit
1633 4294 1810 4348 omnia
1865 4291 2032 4364 ipsius

433 4403 489 4456 in
522 4403 685 4455 Deum
716 4412 886 4452 amor.
919 4396 1110 4449 Anima
1140 4391 1283 4447 enim
1311 4389 1533 4457 vigilans
1559 4395 1616 4442 et
1635 4385 1813 4442 sobria
1838 4393 2030 4439 cuncta

434 4490 704 4560 abrumpit
732 4485 1132 4557 impedimenta.
1175 4490 1389 4550 totaque
1429 4479 1486 4532 fit
1515 4477 1632 4546 ejus
1660 4490 1818 4546 quem
1862 4481 2029 4538 amat,

434 4593 492 4639 ct
513 4598 542 4636 a
575 4582 718 4636 nullo
749 4577 890 4650 quod
923 4579 974 4630 in
1014 4575 1191 4629 medio
1217 4571 1435 4626 diflicile
1461 4577 1736 4638 appareat,
1771 4563 2029 4620 retardari

432 4691 496 4731 se
535 4675 730 4744 patitur
759 4687 774 4724 :
807 4670 902 4724 sed
934 4667 1112 4722 omnia
1155 4665 1410 4733 prwterit,
1440 4675 1540 4715 nec
1564 4656 1808 4712 subsistit
1847 4655 2028 4725 prius-

434 4781 597 4838 quam
623 4779 681 4820 re
719 4760 1018 4818 desiderata
1050 4756 1300 4827 potiatur.
1331 4753 1619 4822 Pr0pterea
1653 4755 1710 4804 et
1733 4747 1908 4816 justus
1933 4747 2034 4799 iste

437 4835 618 4927 neque
643 4861 938 4916 senectute,
961 4863 1135 4919 neque
1154 4845 1274 4900 aliis
1301 4843 1540 4914 pluribus
1563 4840 1739 4895 causis
1761 4835 2033 4909 prohiberi

441 4951 632 5023 potuit,
661 4946 788 5018 quin
816 4943 1062 4999 omnibus
1087 4937 1342 5007 disruptis
1366 4935 1614 4998 vinculis,
1643 4931 1794 5023 quasi
1820 4930 2034 5023 juvenis

436 5021 494 5100 et
533 5047 689 5096 aetate
718 5038 938 5100 florens,
967 5031 1121 5104 quasi
1148 5045 1179 5083 a
1227 5027 1372 5082 nullo
1401 5025 1720 5096 prohibitus,
1761 5021 2036 5077 festinaret

439 5145 496 5191 et
543 5131 823 5188 auhelaret
876 5123 1086 5180 Domini
1141 5129 1469 5192 praiceptum
1523 5116 1798 5187 perficere.
1853 5111 2038 5181 Neque

440 5226 584 5283 enim
617 5219 872 5293 possibile
899 5225 1003 5283 est,
1031 5223 1088 5268 ut
1122 5227 1234 5267 rem
1285 5208 1477 5264 fortem
1515 5217 1570 5264 et
1606 5205 1874 5276 egregiam
1917 5202 2038 5272 quis

443 5329 697 5387 umquam
722 5312 879 5366 aliter
909 5308 1087 5373 faciat,
1111 5305 1211 5360 nisi
1237 5310 1392 5356 antea
1425 5299 1688 5355 adversus
1712 5295 1890 5351 omnia
1918 5310 2039 5365 quae

440 5385 710 5479 ejusmodi
746 5401 961 5458 conatui
989 5397 1254 5454 obsistere
1284 5399 1528 5464 possunt,
1571 5404 1633 5446 se
1659 5397 1832 5443 armet
1860 5396 1916 5442 et
1952 5385 2037 5441 in-

445 5478 636 5558 struat.
679 5498 793 5553 IIoc
819 5493 1004 5564 utique
1041 5491 1186 5545 clare
1226 5487 1402 5542 sciens
1429 5485 1602 5553 justus
1638 5482 1749 5549 ille,
1789 5478 2040 5535 omnibus

449 5589 754 5664 prteteritis,
797 5600 904 5640 non
943 5581 1162 5637 curabat
1190 5579 1275 5634 vel
1318 5573 1777 5633 consuetudinem.
1821 5569 1905 5624 vel
1944 5567 2042 5624 do-

448 5663 594 5744 mum
621 5691 920 5756 paternam,
943 5675 1025 5730 vel
1047 5675 1372 5742 sepulcrum,
1395 5669 1475 5723 vel
1497 5673 1825 5722 senectutem
1849 5663 2039 5732 ipsam,

450 5783 546 5840 sed
573 5781 627 5838 in
667 5779 771 5832 hoc
805 5775 1085 5829 dumtaxat
1125 5765 1319 5836 ﬁgebat
1347 5772 1603 5828 mentem,
1633 5759 1904 5830 quomodo
1945 5757 2042 5810 im-

456 5879 604 5948 plere
629 5879 810 5944 posset
830 5865 970 5937 quod
998 5881 1026 5917 a
1060 5861 1284 5916 Domino
1313 5858 1481 5911 fuerat
1511 5857 1848 5922 impcratttm.
1875 5851 1940 5904 Et
1966 5849 2045 5902 vi-

455 5945 584 6026 dere
617 5974 734 6022 erat
782 5977 896 6019 rent
929 5972 1122 6029 magno
1164 5953 1396 6027 pericqu
1427 5951 1638 6023 plenam
1649 5947 1952 6018 ,houiincm
1988 5945 2042 6001 in

1490 499 1554 557 IN
1591 500 1743 556 CAP.
1787 498 1898 553 XII.
1944 495 2188 552 GENES.
2231 495 2464 551 Il0.\l|L.
2494 497 2704 553 XXXI.

3607 501 3714 555 990

2119 611 2518 678 provectissima
2557 620 2792 676 senecta,
2840 625 2961 666 cum
2990 628 3155 667 uxore
3179 613 3338 666 etiam
3384 614 3495 683 ipsa
3544 617 3716 669 :etatis

2119 710 2384 770 provecta:
2410 711 2463 755 ct
2487 702 2664 755 multis
2690 701 2900 756 famulis
2926 718 2986 757 se
3012 703 3116 756 alio
3138 703 3444 761 transferre.
3472 707 3710 760 nescium

2121 795 2334 848 ubinam
2361 793 2575 848 errandi
2621 792 2827 848 futurus
2867 793 2987 848 finis
3027 805 3189 849 esset.
3223 797 3374 862 Quod
3418 797 3464 852 si
3503 796 3625 866 quis
3662 808 3718 851 et
3761 825 3765 864 ρ

2119 887 2249 941 illud
2293 886 2581 955 prudenter
2618 886 2906 956 expendat,
2938 897 3152 958 quantae
3189 904 3282 958 per
3328 888 3457 942 illud
3503 898 3716 958 tempus
3759 900 3768 938 ἱ

2123 977 2327 1032 viarum
2367 977 2710 1033 difficultates
2748 987 2942 1034 erant:
2976 994 3150 1050 neque
3175 979 3342 1042 enim,
3387 982 3524 1036 sicut
3550 998 3712 1046 nunc,

2121 1067 2315 1126 licebat
2341 1069 2604 1140 impavide
2631 1085 2754 1126 cum
2779 1071 2898 1126 aliis
2925 1073 3150 1138 versari,
3184 1083 3238 1128 et
3268 1083 3372 1128 tam
3406 1075 3561 1128 facile
3586 1091 3712 1144 pro-

2117 1159 2376 1216 fectiones
2401 1161 2694 1231 suscipere,
2722 1177 2846 1218 cum
2873 1163 3081 1234 singula
3112 1164 3227 1219 loca
3259 1166 3489 1236 propriis
3518 1166 3714 1236 princi.

2119 1252 2330 1321 patibus
2355 1251 2603 1308 distincta
2627 1262 2828 1320 essent,
2852 1270 3178 1326 necesseque
3205 1266 3350 1312 esset
3380 1257 3479 1310 iter
3506 1258 3714 1327 agenti-

2117 1341 2221 1398 bus
2245 1342 2314 1397 ab
2340 1343 2460 1398 aliis
2486 1343 2553 1398 ad
2577 1344 2711 1400 alios
2737 1345 3003 1415 principes
3029 1346 3279 1415 transire,
3307 1357 3360 1403 et
3387 1347 3500 1403 fere
3535 1350 3716 1418 quoti-

2119 1433 2208 1489 die
2231 1434 2300 1489 de
2323 1449 2487 1505 regno
2522 1435 2575 1490 in
2603 1452 2823 1508 regnum
2864 1438 3152 1509 progredi:
3184 1450 3298 1494 erat
3337 1441 3495 1511 igitur
3531 1451 3584 1496 et
3617 1441 3718 1497 hoc

2120 1527 2452 1583 ohstaculum
2490 1528 2656 1598 justo,
2708 1530 2808 1584 nisi
2854 1539 3056 1585 tantum
3107 1531 3381 1587 habuisset
3422 1536 3622 1589 auioris
3663 1546 3718 1590 et

2121 1617 2370 1673 mandata
2398 1620 2703 1690 perficiendi
2733 1621 3080 1677 desiderium.
3104 1623 3303 1677 Verum
3330 1624 3580 1680 omnibus
3611 1626 3714 1680 illis

2121 1710 2539 1781 impedimentis.
2590 1713 2742 1782 quasi
2785 1729 2997 1769 aranea:
3044 1714 3164 1769 telze
3213 1725 3415 1781 essent,
3465 1717 3718 1786 dISI‘tlplis

2121 1812 2408 1874 menteque
2451 1803 2555 1859 fide
2585 1803 2851 1871 roborata,
2892 1805 3060 1876 probe
3099 1806 3268 1861 fidens
3307 1807 3547 1877 dignitati
3589 1823 3714 1879 pro-

2120 1896 2401 1962 mittentis,
2445 1897 2545 1952 iter
2584 1912 2868 1967 aggressus
2912 1906 3015 1953 est.
3039 1899 3093 1952 5.
3154 1899 3222 1952 Et
3270 1901 3483 1970 accepit,
3524 1902 3713 1970 inquit,

2120 1989 2306 2043 Abram
2334 1990 2521 2044 Sarant
2559 2007 2768 2044 uxorem
2797 2008 2973 2054 suant,
3004 2001 3050 2045 et
3082 1991 3178 2045 Lat
3222 1994 3388 2060 ﬁlium
3413 1993 3587 2062 fratris
3615 1996 3714 2059 sui,

2119 2087 2500 2152 universumque
2516 2083 2844 2136 substantiam
2874 2101 3025 2148 quant
3053 2087 3375 2152 possederant
3395 2087 3447 2139 in
3463 2085 3713 2152 Cbarran,

2119 2180 2168 2225 et
2196 2171 2345 2224 exiuit
2380 2182 2434 2225 ut
2465 2173 2866 2241 proﬁcisceretur
2891 2175 2944 2227 in
2969 2184 3154 2228 terram
3183 2175 3452 2236 Chanaan.

2196 2262 2250 2317 6.
2299 2262 2429 2317 Vide
2480 2263 2768 2332 Scriptura:
2811 2264 3191 2334 diligentiam,
3239 2268 3510 2337 quomodo
3559 2270 3719 2325 nobis

2120 2353 2298 2407 omnia
2344 2363 2558 2419 narrat,
2588 2365 2647 2408 ut
2676 2371 2770 2424 per
2793 2356 2972 2411 omnia
2996 2357 3264 2411 discamus
3301 2357 3432 2427 justi
3462 2359 3712 2428 pietatem

2121 2458 2184 2498 ac
2210 2444 2545 2515 religionem.
2576 2446 2800 2515 Accepit,
2834 2446 3004 2515 inquit
3029 2487 3044 2510 ,
3083 2447 3272 2502 Sarant
3297 2465 3507 2503 uxorem
3530 2467 3674 2503 suam
3700 2493 3715 2517 ,

2121 2545 2167 2588 et
2193 2534 2291 2589 Lot
2312 2537 2476 2604 ﬁlium
2501 2540 2678 2607 fratris
2697 2537 2798 2603 sui,
2822 2538 3202 2607 universumque
3220 2539 3550 2594 substantiam
3569 2558 3720 2609 quant

2124 2627 2452 2696 possederant
2480 2629 2534 2682 in
2561 2627 2813 2682 Cltarran.
2854 2628 2969 2684 Non
2997 2629 3314 2700 simpliciter
3328 2631 3466 2686 dixit
3493 2649 3505 2685 :
3534 2632 3721 2688 Omnia

2123 2735 2448 2790 quotcumque
2486 2720 2811 2789 possederant
2840 2721 2892 2774 in
2919 2722 3149 2776 Cbarran
3179 2740 3198 2777 :
3236 2723 3328 2778 sed
3361 2732 3418 2778 ιιι
3455 2724 3721 2780 discamus

2123 2810 2341 2865 nihilex
2376 2811 2532 2866 bonis
2559 2809 2858 2866 Chaldaicis
2901 2814 3173 2882 accepisse
3223 2815 3598 2882 patriarcltam,
3627 2818 3720 2870 sed

2128 2903 2367 2972 paternis
2401 2902 2508 2956 illis
2534 2903 2783 2958 omnibus
2811 2903 2961 2958 fralri
2983 2904 3182 2959 relictis
3205 2905 3400 2960 exiisse
3419 2947 3436 2972 ,
3462 2921 3524 2959 ea
3547 2907 3720 2959 solum

2118 3008 2304 3052 secum
2328 2994 2587 3051 ferentem
2611 3010 2731 3066 quae
2754 3005 2810 3050 et
2830 2995 2883 3050 in
2904 2996 3141 3052 Cbarran
3171 2998 3496 3068 possidebat.
3529 3001 3592 3053 Et
3619 3001 3722 3054 hoc

2127 3085 2354 3142 faciebat
2387 3087 2470 3142 vir
2497 3086 2864 3156 admirandus,
2896 3102 3004 3143 non
3030 3088 3170 3159 quod
3207 3089 3295 3144 illa
3321 3091 3495 3160 tnagui
3525 3090 3724 3147 faceret

2129 3181 2210 3235 vel
2236 3179 2379 3250 quod
2409 3195 2601 3236 avarus
2620 3189 2766 3236 esset
2793 3195 2811 3235 :
2841 3179 2934 3235 sed
2953 3188 3009 3235 ut
3030 3195 3099 3236 ex
3124 3181 3464 3236 facultatibus
3481 3182 3584 3236 illis
3601 3198 3724 3253 pos-

2129 3283 2209 3327 set
2247 3273 2496 3327 omnibus
2524 3273 2728 3338 testari,
2758 3283 2956 3342 quanta
2989 3273 3082 3328 Dei
3119 3289 3244 3344 erga
3276 3288 3336 3328 se
3374 3274 3563 3329 fuisset
3600 3291 3724 3344 pro-

2130 3361 2382 3416 videntia.
2411 3362 2512 3430 Qui
2541 3364 2684 3416 enim
2714 3378 2779 3417 ex
2810 3371 2952 3418 terra
2981 3363 3494 3419 Chaldatorumetnn
3519 3365 3724 3434 eduxit,

2129 3465 2184 3511 et
2227 3457 2415 3512 iterum
2446 3457 2568 3510 inde
2597 3456 2826 3524 migrare
2867 3455 3046 3525 jussit,
3105 3459 3221 3526 ipse
3266 3465 3323 3511 et
3373 3458 3725 3512 substantiam

2133 3549 2273 3602 illius
2304 3548 2540 3618 quotidie
2567 3548 2827 3617 augebat,
2858 3556 2914 3602 et
2938 3562 3153 3602 omnem
3181 3548 3480 3603 molestiam
3512 3549 3726 3604 aufere-

2132 3639 2242 3694 bat.
2283 3638 2466 3709 Itaque
2510 3639 2653 3709 quod
2691 3639 2808 3692 haec
2845 3653 3028 3694 secum
3080 3637 3264 3704 ferret,
3322 3649 3378 3694 et
3416 3656 3512 3710 per
3565 3651 3729 3696 totam

2133 3729 2272 3784 viam
2294 3729 2372 3784 sic
2407 3728 2742 3798 procederet,
2770 3728 3039 3799 specimen
3069 3738 3186 3784 erat
3224 3730 3323 3798 pia:
3363 3730 3733 3802 religiosaque

2135 3827 2350 3879 mentis.
2378 3822 2710 3890 Quicumque
2733 3821 2877 3876 enim
2898 3836 3022 3876 eum
3042 3821 3282 3889 videbat,
3303 3821 3496 3876 merito
3517 3838 3731 3877 causam

2134 3913 2470 3985 inquirebat,
2501 3927 2668 3983 quare
2701 3911 2882 3982 justus
2926 3912 3017 3968 ille
3043 3914 3490 3981 peregrinaretur.
3535 3912 3736 3968 Deinde

2135 4003 2455 4072 intelligens,
2485 4018 2608 4057 eum
2633 4001 2783 4070 jussu
2809 4001 2903 4055 Dei
2930 4001 2983 4055 in
3011 4001 3245 4055 alienam
3267 4009 3462 4055 terram
3484 4041 3500 4066 ,
3526 4002 3730 4055 relictis

2137 4097 2365 4168 pr0priis
2385 4136 2401 4158 ,
2428 4095 2683 4159 transire,
2709 4110 2806 4164 per
2831 4108 2997 4162 opera
3029 4093 3150 4160 ipsa
3174 4092 3466 4146 docebatur
3481 4102 3533 4146 et
3561 4091 3736 4146 disce-

2136 4191 2228 4247 bat
2249 4205 2408 4261 quam
2433 4191 2515 4259 pia
2555 4198 2696 4244 esset
2740 4188 2871 4258 justi
2902 4187 3226 4246 obedientia.
3271 4197 3326 4240 et
3349 4202 3509 4254 quam
3549 4186 3738 4253 ingens

2140 4281 2232 4336 Dei
2263 4295 2390 4350 erga
2425 4281 2572 4334 illum
2595 4278 2948 4348 providentia.
2982 4276 3049 4330 Et
3077 4276 3248 4342 exiuit,
3275 4276 3464 4345 inquit,
3491 4285 3544 4329 ut
3572 4276 3736 4346 pro/i-

2137 4374 2402 4428 cisceretur
2427 4377 2480 4426 t'n
2511 4383 2695 4425 (errant
2723 4371 2988 4425 Chanaan.
3042 4369 3196 4425 llude
3242 4371 3466 4434 sciebat,
3495 4369 3548 4423 in
3595 4378 3736 4423 terra

2138 4468 2558 4524 Chananatorum
2595 4465 2830 4521 futurutn
2852 4479 2974 4520 esse
3007 4478 3118 4518 suae
3155 4463 3596 4532 peregrinationis
3626 4472 3734 4516 ter-

2142 4562 2384 4624 minum;
2412 4559 2656 4630 quamvis
2679 4565 3008 4630 pratceptum
3035 4557 3102 4610 ita
3140 4571 3201 4610 se
3241 4556 3498 4611 haberet:
3539 4554 3660 4609 Veni
3686 4556 3741 4610 in

2145 4667 2336 4710 terram
2360 4663 2894 4723 quammonstravero
2921 4650 3050 4704 tibi?
3093 4647 3348 4704 Fortasse
3401 4649 3540 4701 Deus
3586 4647 3637 4704 ei
3688 4658 3742 4702 et

2143 4748 2245 4802 huc
2263 4745 2610 4816 signiﬁcavit,
2649 4744 2893 4799 indicans
2917 4742 3082 4796 menti
3132 4741 3250 4810 ejus
3295 4749 3524 4802 terram,
3556 4739 3606 4792 in
3635 4756 3739 4809 qua

2143 4840 2315 4910 ipsum
2337 4838 2664 4894 constituere
2695 4834 2930 4889 volebat.
2961 4833 3247 4900 Propterea
3281 4829 3424 4885 enim
3455 4845 3575 4884 cum
3601 4845 3740 4899 pra:-

2141 4933 2351 5001 ciperet
2373 4931 2422 4985 ei
2448 4971 2465 4997 ,
2494 4928 2772 4987 indefinite
2801 4927 3048 4982 dicebat:
3088 4923 3214 4977 Veni
3258 4924 3311 4976 in
3357 4932 3541 4976 terram
3591 4941 3742 4988 quant

2143 5035 2490 5080 monstravere
2525 5022 2633 5088 tibi,
2667 5029 2726 5076 ut
2768 5018 2922 5076 nobis
2966 5017 3094 5087 jus‘i
3146 5017 3398 5072 virtutem
3446 5015 3738 5084 detegeret.

2145 5116 2349 5172 Deinde
2371 5123 2650 5184 postquam
2673 5111 2764 5166 ille
2789 5110 2933 5181 quod
2973 5123 3128 5164 suum
3156 5114 3274 5162 erat
3293 5105 3506 5161 abunde
3532 5105 3732 5170 attulit,

2147 5222 2269 5261 mox
2299 5206 2439 5260 Deus
2463 5203 2512 5258 ei
2540 5201 2900 5272 significavit,
2930 5201 2980 5254 in
3011 5215 3115 5269 qua
3142 5206 3282 5253 terra
3311 5197 3474 5252 vellet
3497 5212 3619 5250 eum
3649 5199 3738 5250 dc»

2146 5298 2404 5353 nticilium
2442 5295 2661 5350 habere.
2711 5293 2842 5360 Quia
2889 5291 3033 5348 enim
3075 5290 3303 5345 eximias
3341 5289 3478 5357 justi
3522 5288 3747 5342 virtutes

2147 5389 2498 5460 pra-videbat,
2550 5386 2749 5440 idcirco
2781 5401 2905 5440 eum
2939 5399 3004 5438 ex
3036 5397 3102 5436 eo
3127 5382 3246 5436 loco
3273 5379 3546 5445 evocavit,
3569 5387 3626 5433 et
3652 5396 3744 5434 uc-

2148 5497 2254 5552 que
2306 5479 2527 5534 fratrem
2575 5489 2631 5531 ut
2683 5477 2952 5545 acciperet
2995 5473 3157 5542 jussit
3197 5470 3493 5540 :quoniam
3532 5468 3746 5524 Volebat

2151 5577 2293 5630 hunc
2315 5573 2590 5627 doctorem
2617 5571 2729 5624 ﬁeri
2755 5611 2770 5634 ,
2803 5583 2942 5621 nunc
2991 5565 3203 5635 quidem
3234 5562 3484 5616 omnibus
3513 5561 3748 5615 Palwsti~

2152 5684 2274 5723 nam
2305 5664 2679 5728 incolentibus,
2705 5661 2861 5731 paulo
2887 5667 3007 5729 post
3045 5669 3222 5712 autem
3253 5656 3414 5708 etiam
3455 5652 3741 5724 IEgyptiis.

2231 5759 2350 5813 Non
2376 5759 2428 5812 in
2456 5765 2638 5810 natura
2658 5796 2673 5821 ,
2703 5754 2791 5809 sed
2819 5754 2871 5806 in
2914 5753 3169 5808 voluntate
3197 5751 3350 5802 virtus
3390 5757 3438 5802 et
3474 5748 3592 5799 vitia
3630 5753 3745 5798 sunt

2153 5852 2270 5905 sita.
2300 5876 2368 5890 -η
2405 5847 2620 5901 Vidistis
2663 5843 2936 5915 quomodo
2962 5859 3067 5896 non
3103 5841 3155 5895 in
3187 5851 3371 5895 natura
3392 5880 3404 5902 ,
3435 5836 3529 5892 sed
3559 5835 3610 5889 in
3647 5849 3740 5883 νιιο

2158 5943 2362 5998 luntate
2397 5949 2451 5996 ct
2490 5937 2669 5994 animo
2705 5946 2889 5994 nostro
2921 5936 3020 5990 sita
3049 5939 3172 5987 sunt
3200 5941 3304 5985 tam
3337 5942 3452 5999 qua:
3486 5923 3556 5978 ad
3580 5933 3738 5990 virtu-
