4060 6424
343 564 351 571 ,
399 496 496 552 sat

397 615 526 666 tem.
554 618 710 674 quam
738 617 860 672 qua:
901 600 968 656 ad
1011 599 1140 654 vitia
1161 595 1469 670 pertinent?
1499 595 1634 649 Ecce
1662 588 1992 660 naturaqui—

396 699 517 753 dem
529 699 718 751 tratrcs
734 704 910 760 erant,
934 693 1049 763 ipse
1071 689 1370 762 patriarcha
1391 695 1444 742 ct
1465 685 1696 748 Nachor,
1719 682 1993 737 voluntate

396 798 574 844 autem
606 802 714 841 non
749 787 910 840 item:
942 783 1035 839 sed
1061 783 1172 843 ifie,
1203 781 1328 836 licet
1359 778 1523 834 frater
1551 775 1618 831 ad
1654 784 1855 828 tantam
1885 771 1992 826 vir-

397 890 566 934 tutem
590 877 926 948 pervenisset
946 917 962 942 ,
991 874 1168 929 adhuc
1191 885 1375 927 errore
1401 875 1803 939 praeoccupatus
1833 872 1948 918 erat
1974 875 1989 916 :

397 972 484 1028 hic
502 979 679 1027 autem
704 969 958 1026 omnllms
977 965 1212 1036 quotidie
1235 980 1328 1036 per
1343 976 1505 1034 opera
1527 962 1642 1030 ipsa
1660 955 1994 1012 monstrabat

398 1063 614 1118 virtutis
643 1077 755 1116 suae
783 1057 1079 1116 secundum
1108 1057 1273 1113 Deum
1301 1055 1649 1110 incrementa.
1679 1049 1731 1104 6.
1758 1047 1985 1113 Euenit,

399 1155 594 1226 inquit,
631 1154 685 1206 in
709 1162 895 1206 terram
921 1149 1166 1203 Chanaan
1190 1188 1206 1213 ,
1236 1157 1280 1199 et
1304 1143 1626 1215 pertransivit
1652 1142 1842 1194 Abram
1886 1146 1992 1190 ter-

399 1263 511 1300 ram
535 1244 586 1298 in
611 1242 976 1314 longizudinem
998 1240 1108 1309 ejus
1135 1280 1149 1304 ,
1177 1253 1334 1308 usque
1351 1235 1421 1289 ad
1449 1235 1622 1289 locum
1645 1230 1863 1301 Syenen:
1881 1269 1901 1293 ,
1925 1227 1994 1280 ad

401 1353 640 1407 quercum
669 1333 934 1390 excelsam.
972 1331 1137 1386 Decet
1165 1344 1264 1385 nos
1298 1328 1576 1399 Scriptura
1603 1325 1776 1380 locum
1815 1321 1993 1392 regio-

400 1429 506 1495 nis,
533 1429 583 1482 in
613 1441 723 1497 quo
749 1439 894 1481 nunc
917 1423 1095 1494 justus
1115 1420 1442 1478 domicilium
1471 1416 1721 1474 collocat.
1756 1411 1957 1468 Deinde
1976 1450 1992 1476 ,

398 1531 457 1576 ut
486 1521 717 1576 sciamus
759 1517 1034 1590 quomodo
1070 1531 1132 1573 se
1179 1515 1289 1570 illic
1331 1528 1418 1569 res
1464 1509 1755 1575 habebant,
1783 1505 1993 1575 inquit:

399 1617 678 1672 (.‘Itanamei
722 1625 892 1670 autem
927 1624 1046 1667 tunc
1083 1610 1434 1666 inhabitabant
1455 1619 1662 1661 terram.
1688 1602 1867 1672 Neque
1892 1599 1997 1656 hoc

396 1710 711 1780 simpliciter
736 1717 790 1764 et
830 1706 1034 1776 absque
1072 1717 1231 1758 causa
1262 1703 1448 1758 beatus
1477 1699 1649 1754 Moses
1674 1693 1990 1765 assignavit,

399 1800 495 1855 sed
525 1811 583 1855 ut
611 1800 888 1856 discamus
905 1797 1066 1852 etiam
1091 1795 1237 1850 illinc
1257 1803 1494 1848 mentem
1521 1785 1838 1860 patriarcha:
1877 1783 1996 1854 phi-

404 1890 730 1960 Iosophlcam
757 1906 769 1943 :
793 1890 918 1958 quia
949 1903 1070 1942 cum
1117 1886 1232 1940 loca
1274 1885 1359 1938 illa
1402 1889 1777 1952 praeoccupate
1812 1885 1997 1932 essent

373 1957 429 2033 in
455 1957 795 2046 Cliananmis,
815 1957 1105 2049 cogebatur
1128 1975 1279 2046 quasi
1301 1989 1465 2044 vagus
1485 1981 1540 2026 et
1567 1969 1881 2041 peregrinus
1897 2008 1912 2032 ,
1943 1974 1998 2021 et

398 2073 548 2143 quasi
575 2073 817 2142 ahjectus
838 2081 892 2126 et
919 2071 1040 2125 vilis
1066 2070 1228 2126 homo
1257 2067 1517 2124 diversari
1539 2108 1553 2130 ,
1577 2064 1694 2120 sine
1723 2061 1840 2118 ullo
1861 2060 1997 2115 forte

399 2163 649 2234 hOSpitio.
676 2163 924 2218 Attamen
967 2177 1139 2232 neque
1162 2159 1289 2215 illttd
1314 2177 1343 2211 ιι
1367 2154 1582 2213 olestef
1608 2155 1762 2210 rebat
1783 2193 1798 2216 ,
1825 2164 1997 2220 neque

396 2257 529 2312 dice‘.
551 2267 603 2312 at
635 2255 806 2323 τριιίιι
838 2255 936 2308 hoc
962 2253 1078 2310 est?
1103 2268 1274 2324 egone
1302 2252 1392 2322 qui
1437 2259 1586 2304 tanto
1617 2262 1738 2303 cum
1765 2245 1993 2311 honore,

397 2357 621 2406 ettanta
642 2361 764 2403 cum
795 2346 994 2402 familia
1026 2345 1255 2416 agebam
1277 2344 1329 2398 in
1355 2342 1594 2396 Charran
1621 2382 1635 2404 ,
1669 2353 1809 2393 nunc
1833 2350 1997 2406 cogor

402 2439 537 2496 sicut
560 2440 774 2494 civitate
793 2453 984 2493 carens
1006 2477 1022 2502 ,
1053 2447 1108 2492 et
1129 2435 1462 2506 peregrinus,
1499 2440 1554 2488 et
1575 2431 1780 2486 advena
1809 2429 1964 2485 «bam
1980 2458 1996 2468 -

405 2529 611 2592 hulare,
641 2527 801 2600 idque
851 2527 1037 2598 gratia:
1065 2527 1191 2582 loco
1220 2527 1443 2590 ducere,
1474 2532 1526 2579 et
1563 2523 1796 2593 quietem
1829 2521 1881 2574 in
1910 2519 1997 2575 vili

401 2633 647 2689 quarere
694 2617 1025 2684 diversorio;
1053 2627 1106 2673 et
1132 2632 1306 2686 neque
1338 2616 1442 2671 hoc
1475 2615 1714 2671 invenire
1755 2627 1996 2683 possum,

396 2710 492 2766 sed
519 2711 572 2764 in
593 2709 952 2765 tabernaculis
973 2718 1026 2764 et
1055 2707 1335 2779 tuguriolis
1363 2706 1564 2762 versari
1591 2747 1606 2769 .
1632 2705 1874 2774 aliasque
1899 2702 2000 2757 mi-

396 2801 567 2857 serias
609 2802 751 2857 ferre
787 2802 930 2871 cogit
971 2814 1056 2855 me
1084 2799 1400 2855 necessitas.
1440 2797 1675 2853 Hoccine
1700 2805 1822 2861 est,
1851 2792 1998 2864 quod

397 2891 609 2948 dicebat
634 2909 650 2948 :
688 2891 830 2956 Veni,
852 2903 898 2945 et
915 2891 1104 2962 faciam
1121 2901 1170 2945 te
1193 2891 1245 2944 in
1261 2900 1459 2961 gentem
1478 2887 1758 2960 magnam?
1770 2886 2000 2943 Pulchra

399 2984 607 3041 scilicet
629 2983 923 3055 prailudia;
951 2983 1079 3056 quid
1105 2997 1272 3039 suave
1295 2981 1519 3054 posthac
1543 2979 2000 3050 exspectandum?

399 3077 467 3132 At
493 3075 625 3130 nihil
647 3074 752 3130 tale
769 3075 984 3130 (ﬁcebat
1003 3077 1180 3144 justus
1207 3114 1223 3138 ,
1252 3089 1426 3144 neque
1447 3072 1768 3138 ﬂuctuabat;
1795 3071 1890 3127 sed
1911 3071 1998 3125 in-

400 3177 545 3239 tegra
576 3174 764 3224 mente
791 3174 848 3221 et
871 3165 1106 3237 perfecta
1137 3164 1264 3232 nde,
1290 3164 1428 3222 bene
1454 3163 1626 3219 fidens
1645 3161 1742 3218 Dei
1769 3161 2002 3233 promis-

401 3259 497 3325 sis,
532 3256 758 3313 immoto
804 3257 1038 3328 perstitit
1075 3257 1290 3322 animo;
1333 3255 1478 3312 unde
1505 3255 1687 3310 statim
1713 3263 1768 3311 et
1806 3267 1998 3324 super-

403 3365 531 3405 nam
550 3349 975 3406 consolationem
1006 3350 1252 3422 accipere
1278 3349 1495 3405 meruit.

471 3441 528 3496 1.
549 3439 763 3496 Merciis
786 3441 1366 3498 exhortatio.—Vernm
1391 3456 1458 3496 ne
1486 3455 1792 3496 sermonem
1813 3439 2001 3511 produ-

398 3547 585 3588 camus
610 3533 826 3603 longius
849 3574 865 3599 ,
895 3532 985 3589 hic
1009 3534 1059 3589 ei
1089 3535 1248 3589 linem
1278 3535 1649 3604 imponamus;
1677 3532 1806 3587 illud
1837 3548 2000 3587 unum

399 3633 618 3678 orantes
643 3625 922 3680 caritatem
966 3635 1202 3681 vestram
1227 3666 1245 3691 ,
1300 3633 1359 3680 ut
1407 3634 1643 3680 mentem
1683 3625 1812 3694 justi
1858 3625 2002 3680 illius

399 3716 704 3772 imitemini.
758 3717 970 3772 Etenim
1015 3717 1457 3773 absurdissimum
1483 3727 1627 3773 esset
1649 3758 1670 3783 ,
1695 3718 1743 3773 si
1767 3733 1887 3773 cum
1914 3719 1998 3787 Ju-

400 3817 519 3864 stus
542 3809 648 3874 ille,
679 3809 747 3864 de
768 3819 914 3864 terra
962 3810 1016 3864 in
1055 3819 1252 3865 tonant
1282 3821 1523 3877 vocatus,
1566 3820 1764 3864 tantam
1807 3827 1914 3880 prie
1942 3826 2002 3866 se

401 3900 587 3956 tulerit
624 3899 1010 3968 obedientiam,
1041 3909 1097 3958 et
1143 3916 1318 3977 neque
1364 3911 1639 3968 senectus,
1683 3917 1857 3972 neque
1898 3903 2004 3958 alia

401 4007 522 4060 qua:
549 3993 987 4049 enumeravimns
1025 3995 1442 4065 praepedimenta
1463 4035 1479 4056 .
1503 4009 1676 4065 neque
1700 4002 2000 4064 temporum

400 4084 708 4151 difficultas,
733 4102 908 4157 neque
938 4088 1043 4142 ulla
1075 4087 1200 4154 alia,
1222 4103 1343 4158 qua:
1365 4089 1622 4143 remorari
1653 4087 1828 4160 ipsum
1847 4103 2004 4158 posse

403 4177 747 4247 videbantur,
794 4178 862 4232 ad
911 4179 1268 4235 obediendum
1317 4179 1608 4235 tardiorem
1656 4196 1778 4235 cum
1826 4179 2004 4236 facere

401 4269 712 4337 potuerint;
740 4269 834 4324 sed
859 4269 1108 4324 omnibus
1135 4271 1366 4326 vinculis
1395 4272 1589 4339 ruptis,
1618 4271 1917 4326 cucurrerit
1947 4279 2005 4326 et

403 4355 740 4412 festinaverit
765 4372 954 4426 senex,
984 4359 1134 4428 quasi
1179 4359 1393 4428 juvenis
1437 4361 1724 4430 resumptis
1778 4360 2002 4427 viribus,

402 4461 526 4500 cum
547 4461 735 4511 uxore,
752 4455 807 4501 et
854 4447 1032 4504 fratris
1079 4448 1212 4516 tilio,
1239 4458 1296 4504 et
1338 4449 1548 4506 famulis
1572 4491 1587 4504 .
1618 4461 1676 4505 ut
1723 4451 2008 4520 perficiens

401 4551 568 4604 opere
603 4536 745 4606 quod
775 4537 874 4591 sibi
903 4554 932 4591 a
973 4539 1086 4594 Deo
1105 4537 1483 4596 demandatum
1509 4549 1627 4595 erat
1661 4559 1675 4594 :
1706 4556 1806 4596 nos
1825 4551 2002 4596 autem

403 4629 494 4697 qui
521 4645 630 4684 non
659 4627 729 4685 de
759 4638 899 4685 terra
926 4630 980 4686 in
1025 4641 1226 4686 terram
1252 4647 1509 4688 vocamur
1527 4675 1542 4698 ,
1575 4633 1671 4688 sed
1697 4634 1764 4688 de
1793 4644 1931 4689 terra
1953 4637 2005 4690 in

403 4722 618 4790 caelum,
652 4738 758 4779 non
807 4724 1052 4780 eamdem
1106 4741 1266 4794 quam
1310 4725 1402 4781 ille
1445 4725 1624 4795 justus
1675 4727 2007 4782 alacritatem

403 4813 708 4870 obediendo
752 4815 1143 4882 exhibeamus,
1187 4815 1284 4871 sed
1328 4815 1548 4885 frigidas
1593 4817 1910 4887 plerumque
1953 4828 2010 4877 et

405 4905 622 4960 inutiles
641 4914 996 4976 prieteaamus
1031 4921 1257 4972 causas;
1287 4917 1342 4963 et
1368 4922 1541 4978 neque
1582 4923 1680 4962 nos
1712 4908 2009 4977 promisso-

407 5009 525 5048 rum
553 4995 886 5066 magnitudo,
917 5011 1093 5064 neque
1141 4997 1426 5052 visibilium
1471 5014 1652 5054 rerum
1680 4999 1886 5064 vilitas,
1913 5016 2008 5056 ne-

405 5101 513 5155 que
553 5085 698 5156 quod
744 5097 975 5143 terrente
1005 5088 1108 5142 illa:
1146 5088 1255 5143 sint
1289 5097 1347 5147 et
1385 5099 1798 5156 momentanezn,
1832 5105 2011 5160 neque

407 5178 650 5232 vocantis
677 5176 908 5249 dignitas
929 5177 1066 5233 adeo
1109 5178 1340 5234 attrahat
1369 5196 1382 5232 :
1411 5179 1506 5234 sed
1531 5179 1668 5235 adeo
1711 5180 1883 5236 simus
1915 5197 2009 5236 ne~

409 5267 696 5338 gligentes,
729 5277 787 5324 ut
833 5269 1184 5339 praeferamus
1232 5278 1610 5326 momentanea
1650 5286 1866 5340 semper
1896 5287 2009 5326 ma-

408 5358 683 5426 nentibus,
737 5368 935 5414 terram
985 5362 1140 5427 calo,
1185 5376 1248 5415 ea
1290 5376 1412 5431 qua:
1465 5361 1683 5416 avolant
1723 5371 2008 5432 antequam

409 5447 740 5518 habeantur,
770 5451 835 5506 iis
864 5469 983 5523 qtue
1007 5467 1295 5525 numquam
1326 5453 1486 5509 finem
1504 5454 1746 5524 accipere
1767 5465 2006 5524 possunt.

407 5540 700 5611 Quousque
724 5543 868 5597 cnim
893 5585 909 5609 ,
935 5544 1024 5600 dic
1044 5586 1058 5610 ,
1088 5559 1294 5615 quaeso,
1323 5545 1395 5600 ita
1423 5544 1751 5602 insaniemus
1776 5547 1827 5601 in
1852 5548 2007 5603 colli-

411 5631 603 5700 gendis
648 5635 931 5703 pecuniis?
973 5653 1096 5706 qua:
1143 5638 1318 5694 rabies
1355 5639 1500 5708 cogit
1537 5638 1778 5708 quotidie
1818 5654 1848 5693 a
1903 5649 2010 5694 tam

415 5721 642 5778 molesta
671 5728 1103 5793 concupiscentia
1133 5727 1397 5794 iniestari,
1420 5738 1475 5784 et
1495 5744 1784 5797 numquam
1804 5729 2008 5794 satiari,

416 5809 508 5864 scd
530 5811 771 5870 deterius
797 5813 993 5869 habere
1017 5833 1175 5884 quam
1200 5818 1290 5887 qui
1321 5828 1442 5872 sunt
1488 5821 1666 5874 ebrii?
1702 5819 1836 5875 Nam
1875 5820 2012 5876 sicut

420 5891 498 5950 illi
524 5908 734 5968 quanto
766 5904 936 5974 magis
963 5921 1113 5960 mero
1152 5922 1210 5961 se
1262 5907 1596 5979 distendunt,
1649 5920 1798 5966 tanto
1839 5913 2011 5985 nugis

1113 489 1169 544 S.
1209 484 1485 544 JOANNIS
1522 473 2005 538 CHRYSOSTOMI
2046 473 2362 532 ARCHIEI’.
2403 477 2939 534 CONSTANTINOP.

3584 478 3693 536 292

2100 584 2324 660 flagrant
2360 589 2470 657 siti,
2491 600 2544 646 et
2569 591 2839 646 caminum
2877 591 3211 648 succendunt
3251 593 3592 663 graviorem:
3623 597 3697 653 ita

2103 677 2355 734 nimirum
2396 689 2452 734 et
2483 680 2569 736 isti
2610 681 2701 751 qui
2731 696 2851 736 sese
2892 682 3156 753 tyrannidi
3187 683 3422 738 avaritia:
3445 683 3697 753 subiece-

2099 781 2224 827 runt
2252 813 2267 838 ,
2329 772 2533 830 nullum
2589 773 3001 842 concupiscendi
3062 773 3222 827 tinem
3275 773 3472 832 faciunt
3530 794 3546 829 :
3601 776 3697 830 sed

2097 873 2299 934 quanto
2336 864 2486 933 plura
2513 863 2758 930 afﬂuunt,
2784 874 2932 921 tanto
2964 866 3132 937 magis
3161 865 3373 922 ﬂamma
3400 868 3615 932 crescit,
3644 878 3700 923 ct

2099 957 2342 1011 caminus
2365 955 2520 1011 ardet
2548 955 2796 1012 validius.
2838 955 2954 1012 Non
2979 957 3223 1013 videmus
3235 957 3380 1027 quod
3410 959 3445 1012 ii
3465 959 3558 1029 qui
3575 970 3699 1013 ante

2099 1060 2200 1101 nos
2227 1045 2396 1112 fuere,
2409 1047 2664 1116 quamvis
2695 1047 3080 1116 propemodum
3130 1050 3294 1104 totius
3322 1048 3472 1104 orbis
3495 1049 3700 1104 domini

2099 1147 2305 1204 essent,
2333 1138 2462 1193 nttdi
2487 1145 2544 1194 et
2569 1137 2794 1194 solitarii
2821 1153 2889 1195 ex
2920 1139 3020 1195 hac
3050 1139 3158 1194 vita
3183 1141 3392 1211 abrepti
3419 1152 3566 1208 sunt,
3598 1143 3702 1200 hoc

2100 1228 2274 1282 solum
2322 1228 2448 1285 inde
2483 1229 2802 1300 consequuti
2837 1229 2980 1300 quod
3029 1231 3267 1287 rationes
3310 1244 3365 1287 et
3400 1248 3576 1302 pretia:
3606 1251 3701 1305 pro

2101 1322 2351 1377 omnibus
2379 1322 2488 1376 illic
2517 1321 2586 1378 ab
2609 1323 2690 1378 eis
2713 1322 2989 1393 exigendae
3014 1325 3163 1378 sint?
3198 1325 3264 1379 Et
3285 1325 3498 1396 quidem
3526 1342 3702 1396 smpe-

2101 1426 2328 1468 numero
2361 1411 2560 1469 diversi
2605 1411 2890 1469 facultates
2928 1429 3115 1470 eorum
3157 1416 3296 1471 inter
3329 1431 3389 1472 se
3416 1417 3703 1474 distribue-

2102 1512 2266 1557 runt:
2297 1511 2514 1574 peccata
2541 1511 2721 1559 autem
2767 1519 2834 1560 ex
2884 1504 2988 1560 illis
3024 1513 3300 1562 contracta
3355 1508 3470 1577 ipse
3522 1509 3701 1566 solum

2102 1609 2287 1650 secum
2314 1594 2586 1664 auferens,
2625 1595 2886 1664 abscedit,
2917 1607 2972 1652 et
2998 1613 3095 1667 pro
3119 1598 3184 1653 iis
3213 1614 3420 1670 magnae
3461 1600 3703 1671 indigna-

2103 1685 2263 1741 tionis
2289 1685 2549 1758 supplicia
2573 1688 2864 1751 sustinens,
2891 1689 3260 1745 consolatione
3285 1689 3520 1760 undique
3538 1693 3706 1750 desti-

2103 1779 2286 1833 tuitur.
2318 1778 2495 1846 Quare
2525 1777 2703 1847 igitur,
2720 1778 2830 1846 dic,
2853 1793 2953 1836 oro
2978 1819 2996 1846 ,
3023 1787 3137 1835 tam
3159 1780 3490 1850 negligentes
3507 1783 3702 1838 salutis

2103 1881 2324 1938 “OSU'iB,
2352 1872 2425 1927 ita
2451 1873 2690 1943 segniter
2713 1872 2907 1927 anima:
2931 1881 3131 1928 nostra:
3157 1874 3492 1932 consulimus
3507 1917 3524 1941 ,
3548 1877 3702 1944 quasi

2101 1965 2278 2020 aliena
2305 1975 2484 2029 esset,
2511 1973 2570 2019 et
2595 1980 2701 2019 non
2723 1965 2952 2020 nostra?
2980 1963 3096 2019 Non
3124 1965 3280 2021 audis
3307 1966 3581 2021 Christum
3606 1967 3695 2020 di-

2101 2066 2314 2112 contem
2344 2073 2363 2110 ε·
2385 2056 2559 2122 Quam
2580 2056 2720 2111 dabit
2773 2057 2924 2110 homo
2962 2059 3406 2114 commutationem
3454 2074 3547 2128 pro
3589 2061 3705 2112 ani-

2102 2163 2188 2203 ma
2235 2165 2328 2202 sua
2359 2147 2573 2220 (Matth.
2625 2148 2716 2204 16.
2760 2147 2892 2219 26)?
2926 2148 2992 2204 Et
3037 2149 3281 2204 iterum:
3315 2149 3454 2218 Quid
3498 2153 3706 2221 prodest

2103 2238 2357 2292 hominisi
2387 2247 2545 2292 totum
2577 2238 2822 2293 mundum
2848 2239 3096 2306 lucretur,
3143 2241 3327 2296 animi:
3379 2251 3550 2300 autem
3597 2259 3706 2297 sua

2103 2328 2456 2382 detrimentum
2505 2331 2732 2396 patiatur
2774 2330 2802 2384 2'
2849 2329 2988 2385 Nam
3041 2331 3315 2402 quidpiam
3364 2333 3528 2390 babes
3580 2333 3708 2390 huic

2103 2419 2572 2490 asquiparandum?
2601 2420 2822 2476 Etiamsi
2868 2429 3035 2479 totum
3077 2423 3265 2480 orbem
3296 2423 3534 2488 dixeris,
3571 2425 3704 2485 nihil

2103 2512 2271 2568 dices.
2300 2513 2430 2579 Quit:
2457 2513 2601 2568 enim
2648 2514 2881 2581 utilitas,
2919 2515 3058 2570 sicut
3085 2515 3501 2584 dixitChristus,
3533 2527 3705 2576 tutum

2105 2605 2362 2660 mundum
2385 2605 2721 2671 lucrifacere,
2749 2608 2944 2664 animus
2970 2617 3150 2665 autem
3169 2607 3547 2673 detrimentum
3570 2613 3704 2681 pati,

2103 2713 2208 2768 qna
2255 2697 2386 2752 nihil
2419 2698 2576 2754 nobis
2617 2700 2785 2769 magis
2831 2700 3148 2769 premium?
3180 2700 3374 2756 Verum
3421 2717 3541 2759 eam
3583 2718 3708 2774 qua:

2105 2798 2212 2846 tam
2235 2792 2464 2862 pretiosa
2484 2801 2588 2858 est,
2605 2792 2759 2861 cujus
2796 2801 2997 2851 tantam
3023 2809 3206 2849 curam
3235 2808 3395 2866 agere
3420 2795 3704 2864 debemus,

2105 2893 2163 2938 ut
2186 2883 2316 2939 nihil
2346 2885 2418 2940 illi
2447 2885 2683 2955 pmferri
2706 2885 2920 2948 debeat.
2951 2887 3030 2942 sic
3055 2885 3380 2956 despicimus
3398 2929 3414 2950 .
3445 2899 3505 2942 nt
3523 2892 3709 2960 quoti-

2105 2974 2192 3030 die
2216 2975 2550 3045 discerpatur
2568 3016 2583 3040 ,
2613 2984 2670 3030 et
2695 2975 2969 3032 interdum
2989 2975 3060 3032 ab
3089 2977 3312 3033 avaritia
3354 2978 3666 3035 obsideatur
3689 3022 3706 3046 ,

2103 3065 2390 3137 aliquando
2417 3067 2690 3136 aluxuria
2714 3069 3019 3136 laceretur,
3052 3067 3320 3126 interdum
3351 3070 3419 3124 ab
3463 3071 3538 3125 ira
3569 3088 3708 3130 eon-

2103 3155 2376 3225 fundatnr,
2399 3168 2453 3214 et
2469 3173 2502 3214 a
2531 3158 2756 3230 singulis
2781 3160 3071 3217 allectibus
3087 3162 3430 3220 multifariam
3451 3175 3702 3231 vexetur.

2105 3260 2161 3306 et
2197 3251 2398 3308 nullam
2425 3251 2505 3306 vel
2545 3265 2669 3308 sero
2717 3249 2930 3308 tandem
2973 3252 3117 3310 illius
3143 3269 3392 3322 geramus
3438 3257 3705 3314 Sollicitu-

2106 3341 2286 3398 dinem
2308 3343 2330 3396 ρ
2355 3342 2485 3410 Quis
2509 3357 2610 3398 nos
2634 3343 2858 3413 posthac
2883 3342 3191 3414 dignabitur
3214 3347 3388 3412 venia,
3415 3357 3470 3405 et
3498 3349 3568 3403 ab
3599 3349 3704 3402 im-

2107 3437 2345 3491 minente
2385 3435 2649 3505 supplicio
2676 3436 2909 3508 eripiet?
2938 3435 3175 3504 ideirco,
3207 3437 3468 3503 obsecro.
3497 3449 3554 3496 ut
3578 3440 3709 3496 dum

2108 3539 2319 3598 tempus
2340 3527 2620 3594 habemus,
2651 3527 2992 3599 detergamus
3011 3529 3128 3598 ejus
3153 3530 3346 3589 sordes
3371 3530 3533 3602 largis
3556 3533 3706 3589 elec-

2110 3621 2386 3691 mosynis,
2442 3627 2497 3675 et
2544 3619 2650 3677 illis
2697 3628 3037 3690 peccatorum
3081 3630 3385 3678 nostrorum
3438 3623 3708 3680 flammam

2106 3711 2529 3781 eastiuguamus.
2575 3710 2760 3782 Ignem
2790 3712 2936 3769 enim
2957 3753 2972 3779 ,
3004 3712 3210 3782 inquit,
3235 3712 3494 3770 ardentem
3519 3717 3710 3770 exstin-

2107 3813 2223 3873 guat
2266 3819 2416 3872 aqua,
2447 3813 2708 3872 peceatum
2733 3818 2849 3860 vero
2877 3804 3207 3874 eleemOsynia
3233 3815 3482 3875 purgatur
3513 3804 3706 3875 (Ereti.

2107 3895 2162 3954 ὅ.
2191 3893 2304 3963 55).
2332 3893 2474 3950 Nihil
2504 3894 2647 3952 enim
2678 3909 2900 3964 prorsus
2928 3895 3150 3964 perinde
3187 3909 3286 3954 nos
3329 3895 3568 3955 eximere
3614 3911 3710 3967 po-

2109 3994 2216 4042 test
2262 4002 2290 4040 a
2337 3986 2582 4057 gehenna
2635 3986 2793 4056 ignis,
2843 3995 3005 4056 atque
3058 3987 3276 4058 largitas
3326 3989 3707 4060 cleetnosynn-.

2108 4076 2267 4134 Istam
2289 4079 2332 4133 si
2356 4078 2760 4147 priestiterimus
2782 4077 3075 4137 secundum
3107 4077 3252 4148 leges
3279 4093 3309 4135 ει
3341 4079 3567 4135 Domino
3596 4089 3708 4134 tra-

2109 4170 2269 4235 ditas,
2293 4185 2486 4239 nempe
2508 4169 2642 4227 nihil
2667 4169 2734 4226 ad
2771 4169 3184 4226 ostentationem
3214 4171 3487 4237 facientes,
3519 4171 3612 4226 sed
3635 4171 3712 4225 ob

2109 4280 2350 4320 amorem
2381 4265 2432 4318 in
2461 4264 2630 4319 Deum
2649 4305 2664 4328 ,
2698 4263 2994 4333 poterimus
3021 4275 3074 4320 et
3104 4273 3445 4335 peccatorum
3493 4276 3709 4319 nostro-

2111 4373 2228 4412 rum
2251 4355 2487 4410 maculas
2505 4355 2744 4421 abluere,
2771 4363 2826 4409 et
2850 4353 3084 4413 divinam
3111 4354 3531 4412 misericordiam
3555 4369 3709 4410 asse—

2111 4449 2222 4518 qui,
2249 4448 2416 4517 gratia
2443 4457 2497 4501 et
2524 4446 2954 4501 miserationibus
2995 4445 3252 4517 unigeniti
3275 4445 3399 4506 Filii
3426 4446 3543 4516 eius
3571 4488 3589 4513 ,
3620 4447 3707 4502 cui

2110 4555 2234 4595 cum
2274 4539 2433 4594 Patre
2461 4547 2517 4594 et
2551 4547 2740 4593 sancto
2782 4537 2983 4608 Spiritu
3009 4537 3082 4594 sit
3123 4538 3314 4608 gloria,
3345 4539 3624 4608 imperium
3652 4548 3712 4594 et

2115 4632 2313 4694 honor,
2353 4645 2496 4687 nunc
2544 4639 2601 4686 et
2651 4646 2886 4701 semper,
2924 4638 2980 4694 et
3021 4630 3074 4686 in
3119 4632 3314 4689 saecula
3363 4633 3706 4691 (sa-culorum.

2112 4721 2302 4778 Amen.

2645 4808 2926 4868 HOMILIA
2963 4808 3181 4867 XXXII.

2116 4948 2184 5004 Et
2212 4950 2346 5004 visus
2389 4959 2462 5003 est
2502 4947 2755 5003 Dominus
2795 4947 2945 5002 Abrte
2964 4989 2979 5013 ,
3010 4957 3059 5002 et
3097 4948 3227 5003 dixit
3266 4948 3313 5001 ei
3341 4965 3360 5002 :
3387 4947 3584 5012 Semini
3624 4958 3709 5000 tuo

2185 5043 2316 5096 dabo
2342 5051 2528 5094 terram
2564 5041 2733 5106 hanc;
2769 5047 2817 5095 et
2851 5041 3099 5095 exstruxit
3135 5041 3203 5094 ibi
3240 5041 3402 5095 altare
3440 5039 3660 5094 Domino
3686 5082 3704 5106 ,

2189 5133 2274 5203 qui
2298 5133 2432 5187 vim
2461 5141 2536 5185 est
2563 5132 2608 5185 ei
2633 5129 2783 5200 (Gen.
2818 5131 2904 5188 12.
2934 5131 3012 5202 7).

2187 5267 2241 5318 1.
2282 5263 2388 5318 Cur
2428 5263 2642 5319 noluerit
2684 5261 2824 5320 Deut
2867 5263 3059 5320 claram
3102 5280 3208 5321 esse
3252 5264 3594 5335 Scripturam.
3636 5297 3709 5309 -—

2113 5357 2310 5412 Multus
2329 5366 2384 5412 et
2405 5356 2697 5413 immensus
2723 5356 2775 5414 in
2797 5356 2861 5410 iis
2881 5398 2895 5419 ,
2917 5373 3038 5426 qua:
3060 5358 3216 5425 paulo
3235 5368 3359 5413 ante
3380 5368 3503 5414 sunt
3533 5361 3665 5414 let-ta
3687 5404 3705 5424 ,

2116 5450 2400 5506 thesaurus
2419 5451 2569 5515 latet,
2584 5449 2934 5512 dilectissimi,
2954 5461 3007 5506 et
3027 5466 3161 5519 «quis
3179 5459 3260 5504 est
3283 5452 3480 5508 intenta
3506 5460 3706 5517 mente,

2113 5543 2401 5610 sobriaque
2424 5551 2480 5596 et
2506 5542 2738 5611 vigilanti
2769 5541 3000 5607 ratione,
3030 5542 3097 5596 ita
3129 5551 3185 5596 ut
3214 5542 3344 5598 nihil
3371 5558 3557 5597 eorum
3586 5559 3706 5612 que

2115 5634 2168 5688 in
2199 5633 2445 5687 brevibus
2469 5632 2645 5686 verbis
2675 5633 2861 5698 latent,
2886 5647 2986 5686 nos
3008 5641 3307 5704 praetereat.
3332 5632 3465 5688 Nam
3487 5643 3707 5705 propter

2115 5724 2218 5780 hoc
2241 5735 2296 5780 et
2325 5723 2633 5783 misericors
2662 5723 2802 5780 Deus
2831 5739 2936 5780 non
2973 5723 3116 5780 facili
3143 5735 3198 5779 et
3237 5727 3594 5795 perfuncwria
3626 5727 3706 5782 leo

2115 5815 2294 5873 ctione
2310 5816 2476 5870 voluit
2503 5816 2656 5870 nobis
2680 5815 2859 5872 omnia
2879 5831 3000 5884 qua:
3030 5815 3081 5869 itt
3111 5815 3401 5886 Scripturis
3426 5818 3705 5870 continen-

2119 5923 2205 5969 tur
2230 5951 2248 5978 ,
2281 5909 2558 5966 manifesta
2584 5921 2639 5966 et
2667 5909 2943 5981 perspicua
2973 5924 3092 5964 esse
3118 5949 3132 5975 ,
3163 5919 3219 5964 ut
3241 5924 3470 5967 excussa
3488 5927 3696 5966 somno-
