4060 6422
551 425 661 481 ωδ

548 553 721 608 μενοι,
756 535 901 589 οὑτω
937 537 1039 608 τὴν
1070 535 1130 602 ἐξ
1173 538 1354 594 αὐτῶν
1381 539 1649 608 ὠφέλειαν
1681 537 2120 609 καρπωσώμεθα.

545 619 718 674 Εῐωθε
747 619 855 690 γάρ
883 637 997 683 πως
1028 621 1098 672 τά
1129 623 1227 690 μὲν
1259 621 1398 690 μετά
1417 623 1579 676 πόνου
1609 623 1702 674 καί
1719 621 1998 692 ζητήσεως
2031 621 2126 673 εὑ-

542 701 840 772 ρισκόμενα
873 702 1074 774 μᾶλλον
1099 704 1482 774 ἐμπήγνυσθαι
1507 703 1663 774 ἡμῶν
1688 707 1754 774 τῇ
1791 703 1999 774 διανοίᾳ.
2019 721 2032 734 ·
2059 701 2128 756 τά

540 783 599 837 δέ
625 785 742 854 μετ’
765 784 1035 848 εὐκολίας,
1067 785 1260 840 θᾶττον
1282 787 1621 856 ἀφίπτασθαι
1648 787 1748 856 τῆς
1776 785 1998 858 καρδίας
2028 786 2128 856 τῆς

541 865 836 938 ἡμετέρας.
855 867 947 937 Μὴ
973 867 1153 922 τοίνυν
1175 868 1527 939 ρᾳθυμῶμεν,
1554 867 1874 938 παρακαλῶ,
1897 867 2031 922 ἀλλά
2045 867 2127 919 δ.-

542 949 846 1020 εγείρωμεν
867 951 1026 1023 ἡμῶν
1047 952 1138 1005 τὸν
1158 952 1436 1022 λογισμὸν,
1457 951 1705 1023 καὶπρὸς
1724 951 1784 1004 τὸ
1809 951 1970 1022 βάθος
1995 949 2128 1003 αὑτὸ

541 1032 652 1085 τῶν
682 1033 1083 1104 γεγραμμένων
1107 1034 1406 1106 ὁλοσχερῶς
1429 1034 1906 1105 κατοπτεύσωμεν,
1932 1034 2019 1087 ἵνα
2038 1034 2128 1085 δυο

544 1115 796 1186 νηθῶμεν
820 1117 1171 1187 κερδάναντές
1190 1135 1243 1169 τι
1267 1117 1428 1170 πλέον
1456 1117 1725 1182 ἐντεῦθεν,
1744 1117 1915 1181 οὕτως
1943 1116 2124 1171 οἴκαδε

546 1199 880 1253 ἐπανελθεῖν.
910 1200 1019 1254 Kal
1043 1201 1151 1272 γάρ
1180 1200 1488 1272 πανήγυρις
1510 1201 1625 1254 ἐστι
1658 1201 2001 1272 πνευματικὴ
2032 1199 2126 1252 τοῦ

544 1282 680 1336 Θεοῦ
722 1285 755 1354 ἡ
790 1283 1072 1355 ἐκκλησία,
1105 1283 1200 1336 καὶ
1245 1285 1478 1356 ίατρεῖόν
1516 1287 1632 1338 ἐστι
1659 1285 1867 1355 ψυχῶν,
1901 1284 1995 1338 καὶ
2025 1284 2125 1348 δεῖ,

544 1365 795 1436 καθάπερ
827 1368 908 1429 εἰς
936 1367 1244 1438 πανήγυριν
1277 1369 1780 1439 παραγενομένους,
1805 1367 2007 1439 πολλὴν
2027 1367 2128 1437 τὴν

543 1448 806 1519 εὐπορίαν
827 1448 1078 1502 ἐντεῦθεν
1100 1449 1482 1515 συλλέξαντας,
1503 1450 1677 1515 οὕτως
1705 1451 2008 1512 ἐπανιέναι,
2033 1450 2128 1503 καὶ

543 1531 796 1602 καθάπερ
823 1533 905 1596 εἰς
935 1533 1168 1602 ἰατρεῖον
1197 1534 1572 1599 ἀπαντῶντας,
1593 1534 1663 1587 τά
1689 1534 1998 1606 κατάλληλα
2015 1536 2128 1596 τοῖς

543 1614 927 1685 ὑποκειμένοις
961 1615 1158 1670 πάθεσι
1195 1617 1466 1688 φάρμακα
1498 1617 1761 1682 λαϐόντας
1799 1618 2022 1684 ἐξιέναι.
2048 1617 2125 1670 Οὐ

545 1695 655 1766 γάρ
689 1697 778 1750 διὰ
822 1698 980 1751 τοῦτο
1022 1699 1144 1752 καθ’
1181 1701 1420 1770 ἐκάστην
1467 1701 1677 1771 ἡμέραν
1716 1699 2124 1772 συνεδρεύομεν,

547 1780 636 1832 ἵνα
653 1779 758 1842 τάς
783 1781 920 1853 πρὸς
941 1781 1203 1853 ἀλλήλους
1229 1785 1516 1855 συντυχίας
1539 1785 1724 1849 ἁπλῶς
1745 1785 2125 1855 ποιησάμενοι,

543 1862 718 1926 οὑτως
749 1863 988 1929 ἀπαντες
1009 1865 1354 1937 διαλυθῶμεν
1376 1883 1390 1897 ·
1418 1868 1533 1921 ἀλλ’
1560 1869 1649 1921 ἴνα
1683 1868 1914 1921 ἕκαστόν
1941 1884 1994 1920 τι
2017 1865 2126 1918 τῶν

542 1948 832 2018 χρησίμων
877 1948 1088 2018 μαθὼν,
1124 1951 1219 2003 καὶ
1261 1951 1398 2021 πρὸς
1431 1952 1494 2004 τὸ
1531 1951 1783 2021 ἐνοχλοῦν
1826 1952 1998 2014 πάθος
2027 1950 2126 2020 τὴν

543 2031 787 2101 ἰατρείαν
813 2032 1126 2102 δεξάμενος,
1157 2033 1330 2098 οὑτως
1361 2035 1607 2090 ἐντεῦθεν
1627 2037 1977 2106 ἀναχωρήσῃ.
2001 2034 2126 2098 Πῶς

544 2112 653 2184 γάρ
675 2113 775 2167 οὑκ
811 2115 876 2168 ἀν
911 2114 997 2186 εῐη
1039 2116 1148 2169 τῶν
1181 2117 1568 2184 ἀτοπωτάτων,
1596 2116 1667 2170 τά
1698 2118 1796 2188 μὲν
1823 2116 2013 2170 παιδία
2059 2116 2127 2170 τά

538 2197 574 2265 ἡ
585 2195 711 2264 μέτε
717 2214 786 2268 ρα
803 2199 881 2260 εἰς
895 2197 1264 2253 διδασκαλεῖον
1279 2200 1729 2264 ἀποστέλλοντας,
1755 2200 1875 2253 καθ’
1888 2199 2125 2268 ἑκάστην

544 2279 758 2350 ἡμέραν
784 2281 1035 2334 ἀπαιτεῖν
1058 2283 1188 2352 παρ’
1208 2282 1391 2337 αὐτῶν
1415 2283 1729 2354 προσθήκην
1754 2282 1875 2336 τινά
1894 2282 2002 2334 τῶν
2024 2298 2126 2351 μα-

540 2361 610 2431 θη
617 2362 826 2430 μάτων.
843 2364 936 2416 καὶ
950 2365 1050 2416 οὑκ
1073 2364 1139 2418 ἀν
1156 2382 1284 2418 ποτε
1300 2366 1673 2436 ἀνασχοίμεθα
1693 2365 1878 2428 ἀπλῶς
1894 2365 1986 2418 καὶ
2000 2365 2122 2434 εἰκῆ

540 2443 716 2498 ταῦτα
761 2443 998 2513 βαδίζειν
1034 2449 1235 2514 ἐκεῖσε,
1259 2450 1308 2501 εἰ
1342 2448 1419 2520 μὴ
1450 2448 1646 2518 ῑδωμεν
1675 2447 2034 2518 καρπούμενά
2071 2463 2127 2500 τι

540 2527 706 2581 πλέον
725 2545 738 2559 ·
757 2528 974 2599 ἡμᾶςδέ
988 2529 1115 2593 τοὺς
1133 2532 1212 2592 εἱς
1234 2530 1432 2602 μέτρον
1446 2531 1660 2600 ἡλικίας
1682 2531 2012 2601 φθάσαντας,
2033 2530 2126 2582 καὶ

537 2613 622 2675 εἰς
632 2613 694 2666 τὸ
705 2613 1074 2684 πνευματικὸν
1084 2615 1240 2668 τοῦτο
1249 2613 1616 2668 διδασκαλεῖον
1628 2613 2122 2686 παραγενομένους,

539 2698 619 2770 μὴ
634 2697 734 2768 τὴν
755 2697 878 2768 ῐσην
895 2699 1125 2763 ἐκείνοις
1146 2699 1383 2770 σπουδὴν
1397 2700 1823 2762 ἐπιδείκνυσθαι,
1837 2701 1933 2752 καὶ
1950 2697 2125 2752 ταῦτα

525 2783 668 2836 ἔνθα
692 2785 773 2844 εἰς
795 2781 892 2853 τὴν
910 2783 1012 2853 τῆς
1030 2783 1207 2853 ψυχῆς
1233 2784 1508 2854 σωτηρίαν
1527 2783 1588 2836 τὸ
1617 2784 1805 2855 κέρδος
1826 2783 2122 2852 διαϐαίνει;

541 2867 813 2931 Ἕκαστος
824 2866 1003 2920 τοίνυν
1019 2866 1195 2937 ἡμῶν,
1209 2865 1534 2938 παρακαλῶ,
1550 2867 1738 2920 ἐαυτὸν
1755 2865 1874 2920 καθ’
1886 2867 2123 2935 ἑκάστην

538 2951 753 3021 ἡμέραν
774 2949 1159 3022 διερευνάσθω,
1177 2949 1228 3002 τί
1253 2949 1352 3018 μὲν
1377 2951 1441 3002 ἐκ
1461 2949 1560 3019 τῆς
1585 2950 1848 3021 ἡμερινῆς
1869 2947 2123 3020 ἐκέρδανε

533 3031 846 3098 διαλέξει-ις,
875 3033 927 3086 τί
949 3033 1006 3086 δὲ
1027 3034 1093 3086 ἐκ
1115 3035 1213 3103 τῆς
1238 3034 1519 3103 ἐπιούσης,
1549 3032 1636 3085 ἵνα
1661 3033 1734 3104 μὴ
1765 3032 2003 3102 δόξωμεν
2031 3033 2125 3084 καὶ

537 3117 702 3184 ἡμεῖς
729 3116 853 3185 είκῆ
877 3115 970 3168 καὶ
1001 3114 1190 3180 ἁπλῶς
1217 3113 1452 3168 ἐνταῦθα
1482 3114 1900 3186 παραγίνεσθαι.
1922 3114 2044 3166 Ὀτι
2068 3113 2124 3165 δὲ

537 3195 699 3251 τοῦτο
723 3199 872 3268 ἡμᾶς
906 3197 1008 3268 μὲν
1032 3198 1214 3268 πάσης
1249 3197 1429 3260 αἰτίας
1467 3197 1660 3267 ἀφίησι
1689 3201 1708 3268 (
1732 3196 1800 3249 τά
1826 3197 1935 3268 γάρ
1968 3194 2121 3267 [317]

539 3280 662 3334 καθ’
699 3281 927 3344 ἑαυτοὺς
971 3280 1187 3335 ἀπαντα
1215 3281 1562 3353 εἰσφέρομεν,
1595 3282 1689 3334 καὶ
1714 3280 1864 3334 οὐδὲν
1899 3281 2010 3332 τῶν
2043 3283 2124 3344 εἱς

535 3363 769 3434 δύναμιν
789 3362 1290 3435 παραλιμπάνομεν
1311 3366 1353 3432 ),
1389 3367 1499 3426 τοῖς
1519 3363 1577 3417 δὲ
1606 3362 1997 3430 ἀγανακτοῦσι,
2031 3366 2125 3419 καὶ

539 3447 681 3518 μετά
713 3446 999 3518 ἀκριϐείας
1053 3447 1129 3518 μὴ
1177 3448 1528 3518 προσέχουσι,
1569 3447 1664 3500 καὶ
1692 3447 2034 3518 καρποῦσθαι
2072 3465 2125 3502 τι

538 3530 704 3585 πλέον
753 3531 830 3602 μὴ
871 3530 1215 3601 βουλομένοις
1246 3531 1495 3600 μείζονος
1537 3531 1708 3584 αἰτιον
1749 3531 2126 3602 κατακρίσεως

539 3615 771 3684 γίνεται,
796 3615 1026 3668 ἄκουσον
1063 3613 1156 3666 τοῦ
1195 3615 1434 3684 Χριστοῦ
1458 3615 1708 3682 λέγοντος
1741 3616 1877 3686 πρὸς
1908 3616 2008 3686 μὲν
2033 3615 2126 3670 τὸν

541 3696 942 3767 καταχώσαντα
963 3697 1024 3749 τὸ
1039 3696 1298 3749 τάλαντον
1321 3718 1329 3726 ’
1354 3697 1588 3764 Πονηρὲ
1605 3697 1812 3763 δοῦλε,
1825 3699 1946 3752 ἔδει
1963 3714 2039 3752 σε
2059 3697 2126 3752 τὸ

536 3779 827 3849 ἀργύριόν
837 3795 958 3846 μου
980 3780 1342 3831 καταϐαλεῖν
1361 3779 1458 3832 ἐπὶ
1481 3778 1623 3845 τοὺς
1642 3779 2008 3846 τραπεζῖτας,
2027 3779 2127 3834 καί

536 3862 655 3933 ἐγὼ
673 3862 752 3916 ἂν
770 3861 964 3916 ἐλθὼν
987 3861 1274 3929 ἀπῄτησα
1294 3862 1440 3915 αὐτὸ
1468 3866 1621 3930 μετὰ
1654 3865 1868 3917 τόκου·
1900 3865 2029 3935 περί
2067 3864 2126 3917 δέ

538 3947 650 4000 τῶν
694 3945 982 4000 Ἰουδαίων·
1018 3946 1086 3998 El
1109 3944 1197 4014 μὴ
1233 3941 1426 4014 ἦλθον
1451 3945 1550 3997 κιιί
1589 3946 1864 4012 ἐλάλησα
1893 3948 2122 4016 αὐτοῖς,

535 4029 834 4100 ἁμαρτίαν
848 4029 920 4082 οὐ
921 4047 962 4097 χ
978 4024 1165 4097 εἶχον·
1187 4029 1304 4081 νῦν
1321 4027 1390 4080 δὲ
1405 4029 1832 4097 πρόφασινοὺλι
1849 4029 1953 4100 ἕχο
1961 4048 2122 4085 υσιν.

539 4113 702 4168 Ἀλλά
717 4113 812 4166 νῦν
833 4113 994 4184 ἡμεῖς
1014 4113 1075 4165 οὑ
1092 4111 1248 4165 τοῦτο
1272 4113 1604 4182 σκοποῦμεν,
1620 4115 1668 4165 εἰ
1685 4113 1789 4177 ἔξω
1807 4115 1915 4166 τῶν
1934 4115 2126 4186 ἐγκλη-

541 4198 731 4268 μάτων
754 4197 1094 4268 ἐσμὲν,ἀλλά
1111 4196 1207 4267 τὴν
1233 4197 1504 4268 ὑμετέραν
1526 4197 1901 4269 ἐπιθυμοῦμεν
1927 4218 2126 4271 προκο-

541 4279 672 4350 πὴν,
703 4281 796 4332 καὶ
829 4279 1340 4350 ἀκρωτηριάζεσθαι
1359 4283 1493 4352 ἡμῖν
1517 4281 1798 4351 ἡγούμεθα
1815 4283 1883 4336 τά
1906 4285 2004 4355 τῆς
2033 4285 2126 4338 εύ-

539 4361 838 4434 φροσύνης,
873 4362 978 4416 κᾶν
1003 4362 1262 4432 μυριάκις
1281 4363 1436 4416 αὐτοὶ
1466 4357 1618 4432 ὤμεν
1640 4365 1944 4431 ἀνεύθυνοι,
1971 4369 2020 4420 εἰ
2049 4369 2125 4441 μὴ

542 4447 638 4502 καὶ
657 4447 816 4516 ὑμεῖς
834 4445 990 4508 ἀξίαν
1010 4445 1118 4498 τῶν
1141 4445 1319 4498 πόνων
1336 4445 1446 4498 τῶν
1461 4446 1746 4517 ἡμετέρων
1761 4449 1861 4520 τὴν
1889 4452 2126 4522 σπουδὴν

538 4528 906 4598 ἐπιδείξησθε.
926 4527 1074 4598 Δῦτη
1093 4528 1202 4596 γάρ
1224 4527 1382 4598 ἡμῶν
1404 4528 1504 4598 τῆς
1519 4529 1859 4602 εὐφροσύνης
1881 4536 1914 4603 ἡ
1939 4534 2126 4587 ὑπόθε-

542 4630 648 4676 σις,
675 4612 737 4664 τὸ
762 4612 898 4680 όρᾷν
928 4610 1083 4682 ὑμῶν
1106 4612 1206 4679 τὴν
1227 4613 1285 4663 ἐν
1307 4613 1420 4674 τοῖς
1447 4617 1834 4683 πνευματικοῖς
1865 4616 2124 4671 ἐπίδοσιν.

539 4695 652 4750 Kal
673 4690 789 4747 οἰδα
812 4694 914 4764 μὲν
934 4694 1018 4746 ὅτι
1041 4693 1134 4746 διά
1160 4692 1258 4764 τὴν
1279 4692 1372 4746 τοῦ
1395 4693 1528 4746 Θεοῦ
1559 4695 1720 4764 χάριν
1750 4697 2015 4761 συνέσεως
2037 4717 2127 4752 πε-

540 4777 892 4850 πληρωμένοι
938 4775 1109 4841 ϐντες,
1139 4776 1436 4848 δυνήσεσθε
1467 4778 1561 4831 καὶ
1595 4777 1788 4842 ἀλλους
1813 4779 2085 4834 νουθετεῖν
2105 4798 2120 4812 ·

539 4862 678 4916 ἀλλά
714 4863 857 4916 κατά
895 4861 987 4914 τὸν
1024 4863 1296 4933 μακάριον
1344 4861 1586 4929 Παῦλον,
1618 4864 2125 4936 ἐπαναμιμνήσκων

537 4947 706 5016 ὑμᾶς,
733 4946 830 4998 καὶ
853 4945 1137 5016 διεγείρων
1166 4944 1321 5015 ὑμῶν
1345 4946 1438 4998 τὸν
1469 4946 1631 5016 ζῆλον
1673 4949 1764 5002 καὶ
1789 4950 1887 5019 τὴν
1918 4951 2124 5021 προθυ-

538 5031 691 5101 μίαν,
730 5029 904 5083 ταῦτα
935 5028 1171 5098 συνεχῶς
1199 5031 1468 5098 παραινῶ,
1508 5032 1828 5103 βουλόμενος
1861 5034 2004 5103 ὑμᾶς
2030 5053 2122 5088 τε-

535 5115 711 5177 λείους
741 5114 835 5168 καὶ
860 5113 1302 5183 ἀπηρτισμένους
1344 5115 1600 5181 γενέσθαι
1657 5117 1733 5168 Οὐ
1780 5118 1974 5188 μικρὸν
2013 5119 2122 5190 γὰρ

536 5197 632 5250 καὶ
659 5195 819 5248 τοῦτο
839 5194 972 5247 αὐτὸ
997 5194 1195 5264 δεῖγμα
1217 5195 1478 5266 ποιοῦμαι
1504 5197 1604 5266 τῆς
1635 5197 1778 5250 κατά
1810 5199 1942 5250 Θεὸν
1968 5200 2122 5269 ὑμῶν

535 5278 842 5350 προκοπῆς,
865 5277 927 5329 τὸ
970 5277 1111 5346 μετά
1161 5278 1430 5348 τοσαύτης
1465 5279 1773 5351 προθυμίας
1823 5282 1944 5333 καθ’
1986 5285 2118 5338 ἐκά-

535 5380 668 5432 στην
698 5362 910 5433 ἡμέραν
939 5359 1174 5414 ἐνταῦθα
1204 5364 1620 5432 παραγίνεσθαι,
1676 5366 1768 5417 καί
1808 5367 2119 5436 ἀκορέστως

534 5447 678 5515 ἐχειν
706 5446 835 5513 περὶ
856 5445 954 5515 τὴν
981 5447 1357 5515 πνευματικὴν
1387 5445 1758 5503 διδασκαλίαν.
1783 5450 1952 5502 Ὥσπε
1960 5469 1992 5521 ρ
2008 5453 2118 5521 γὰρ

535 5532 571 5600 ἡ
600 5529 728 5600 περὶ
758 5529 856 5599 τὴν
877 5531 1195 5600 σωματικὴν
1233 5531 1441 5601 τροφὴν
1478 5532 1656 5600 ὄρεξις
1693 5533 1899 5601 ὑγιείας
1934 5537 1999 5588 ἄν
2030 5541 2115 5608 εῖη

536 5612 800 5680 μεγίστης
835 5611 1289 5681 σημεῖονόὖτως
1341 5615 1372 5683 ἡ
1415 5617 1544 5684 περί
1590 5615 1690 5685 τὴν
1739 5620 2116 5689 πνευματικὴν

529 5693 883 5748 διδασκαλίαν
909 5695 1174 5764 ἐπιθυμία
1191 5695 1293 5764 τῆς
1315 5695 1456 5750 κατά
1475 5694 1649 5767 ψυχὴν
1678 5700 1886 5767 ὑγιείας
1908 5705 2115 5773 τεκμή-

536 5796 652 5848 μον
686 5775 754 5829 ἀν
783 5774 870 5844 εῐη
893 5777 1306 5845 ἐναργέστατον.
1343 5778 1442 5831 Διά
1470 5795 1554 5833 τοι
1583 5779 1738 5833 τοῦτο
1773 5782 1927 5849 κάγὼ
1959 5784 2112 5848 εἰδὼς

535 5860 689 5927 ὑμῶν
717 5859 810 5910 τὸν
835 5856 1016 5919 πόθον,
1045 5859 1139 5910 καὶ
1169 5859 1250 5910 ὅτι
1275 5859 1376 5912 κᾶν
1410 5863 1669 5932 μυριάκις
1690 5867 1997 5934 παρατείνω
2013 5869 2112 5939 τὴν

533 5942 902 6004 διδασκαλίαν,
938 5941 1057 5994 οὐδὲ
1084 5941 1254 6005 οὕτως
1280 5943 1551 6015 ἐμπλῆσαι
1582 5949 1733 6019 ὑμῶν
1762 5949 1993 6021 δύναμαι
2017 5953 2108 6024 τὴν

1270 425 1329 482 S.
1369 423 1657 483 JOANNIS
1693 425 2182 484 οιιιιγδοδτοιιι
2225 423 2538 482 ARCIIIEP.
2580 422 3128 480 CONSTANTINOP.

3707 426 3812 480 294

2231 535 2542 605 ἐπιθυμίαν,
2573 536 2667 588 καὶ
2694 536 2853 606 κόρον
2899 536 3196 606 ἐμποιῆσαι
3231 534 3328 603 τῆς
3366 532 3566 603 τροφῆς
3613 539 3810 606 tam};

2227 619 2326 686 τῆς
2365 619 2763 688 πνευματικῆς,
2811 620 2872 672 οὺ
2928 619 3207 689 παύσομαι
3260 617 3400 670 κατὰ
3443 617 3672 687 δύναμιν
3716 620 3812 689 τὴν

2229 703 2388 771 ἐμὴν,
2424 702 2567 768 ἀπερ
2595 701 2660 754 ἀν
2698 703 2731 771 ἡ
2762 701 2856 753 τοῦ
2889 701 3024 754 Θεοῦ
3068 702 3226 772 χάρις
3266 700 3500 772 παρέχη,
3547 702 3628 763 είς
3665 701 3809 769 ὠφέ-

2229 784 2376 838 λειαν
2393 785 2666 856 ὑμετέραν
2700 783 2872 837 ταῦτα
2900 785 2986 852 ἐφ’
3021 785 3260 854 ἑκάστης
3291 785 3419 854 ὑμῖν
3465 785 3808 853 παρατιθεὶς,

2229 866 2324 919 καὶ
2350 867 2418 920 τά
2448 867 2556 919 ἀπὸ
2583 866 2693 919 τῶν
2721 866 2881 920 θείων
2908 867 2947 919 Γ
2953 867 3140 938 ραφῶν
3163 867 3470 937 διδάγματα
3503 867 3811 919 ἐναποτιθέ-

2233 967 2392 1020 μενος
2411 953 2532 1014 ταῖς
2549 951 2843 1022 ὑμετέραις
2863 950 3144 1016 διανοίαις.

2302 1031 2368 1102 β’.
2385 1033 2522 1104 Φέρε
2539 1027 2632 1085 οὖν
2649 1035 2742 1086 καὶ
2764 1035 3006 1105 σήμερον
3025 1034 3116 1086 τὸν
3135 1031 3514 1104 φιλάνθρωπον
3535 1032 3814 1100 Δεσπότην

2231 1115 2713 1184 παρακαλέσαντες
2751 1115 3016 1186 όδηγῆσαι
3041 1115 3200 1186 ἡμῶν
3245 1116 3345 1185 τὴν
3389 1114 3640 1182 γλῶσσαν
3679 1115 3814 1185 πρὸς

2229 1197 2328 1268 τὴν
2356 1197 2466 1251 τῶν
2493 1199 2843 1270 ζητουμένων
2863 1199 3104 1268 εὕρεσιν,
3128 1200 3227 1269 τὴν
3250 1198 3453 1269 συνήθη
3477 1197 3812 1269 παραθῶμεν

2231 1280 2360 1351 ὑμῖν
2386 1280 2758 1342 διδασκαλίαν.
2803 1281 2945 1335 αύτά
2978 1282 3242 1352 πρότερον
3271 1281 3340 1334 τὰ
3393 1281 3812 1348 ἀναγνωσθέντα

2231 1363 2525 1435 προθέντες
2546 1367 2638 1417 ἐπὶ
2648 1365 2746 1434 τῆς
2766 1365 3038 1436 ὑμετέρας
3053 1365 3294 1435 ἀγάπης.
3313 1364 3425 1418 Kal
3440 1364 3633 1432 ὤφθη,
3656 1364 3811 1432 φησὶ,

2229 1448 2442 1514 Κύριος
2459 1451 2492 1501 ὁ
2511 1448 2656 1513 Θεὸς
2667 1447 2748 1512 τῷ
2765 1449 2832 1502 Ἀ
2841 1450 3013 1516 ὅραμ,
3026 1447 3123 1502 καὶ
3142 1442 3312 1500 εἶπεν
3334 1443 3514 1510 αὐτῷ.
3540 1446 3614 1498 Οὐ
3632 1445 3813 1508 καλῶς

2229 1529 2413 1597 ελεγον
2440 1529 2500 1594 ἐξ
2528 1531 2727 1601 ἀρχῆς,
2755 1531 2838 1583 ὅτι
2883 1531 3050 1593 πολὺς
3082 1532 3111 1582 ό
3147 1529 3420 1601 θησαυρὸς
3463 1528 3815 1580 ἐναπόκειται

2227 1615 2340 1676 τοῖς
2361 1612 2586 1683 βραχέσι
2614 1612 2824 1676 τούτοις
2855 1613 3127 1684 ῥήμασιν,
3161 1612 3292 1665 Ἰδοὺ
3323 1613 3430 1682 γάρ
3446 1609 3649 1672 εὐθέως
3664 1609 3816 1673 ξένον

2230 1696 2323 1748 καὶ
2343 1695 2528 1748 καινὸν
2559 1695 2621 1748 τὺ
2653 1694 2936 1766 προοίμιον
2970 1695 3079 1749 τῶν
3103 1695 3436 1766 εἰρημένων·
3481 1693 3589 1747 Καὶ
3620 1694 3816 1762 ὤφθη,

2229 1779 2384 1848 φησὶ,
2412 1779 2628 1846 Κύριος
2655 1781 2688 1832 ό
2713 1778 2854 1844 Θεὸς
2888 1777 2968 1844 τῷ
3019 1779 3255 1848 Ἅϐραμ.
3295 1778 3515 1849 Πρῶτον
3533 1777 3690 1830 τοῦτο
3717 1778 3815 1829 εὑ-

2232 1862 2490 1932 ρίσκομεν
2519 1863 2578 1914 ἐν
2606 1864 2670 1933 τῇ
2704 1862 2893 1933 Γραφῇ
2920 1862 3014 1915 νῦν
3041 1862 3102 1916 τὸ
3132 1863 3317 1934 ῥηθὲν,
3344 1864 3426 1916 ὅτι
3454 1864 3660 1931 Ὄρθη·
3679 1859 3816 1914 οὔτε

2230 1943 2336 2013 γὰρ
2361 1945 2454 1996 ἐπὶ
2473 1943 2564 1996 τοῦ
2604 1945 2794 2015 Ἀδάμ,
2823 1944 2945 1998 οὔτε
2975 1947 3071 1998 ἐπὶ
3100 1945 3196 1999 τοῦ
3220 1946 3406 2010 Ἀϐελ,
3430 1944 3553 1998 οὕτε
3587 1945 3679 1997 ἐπὶ
3716 1943 3815 1996 τοῦ

2227 2027 2374 2090 Νῶε,
2406 2025 2530 2080 οὔτε
2553 2028 2639 2080 ἐπ’
2668 2028 2830 2081 ἀλλου
2865 2029 3010 2092 τινὸς
3041 2029 3216 2101 ταύτῃ
3251 2031 3520 2101 ἐχρήσατο
3560 2031 3624 2100 τῇ
3668 2028 3816 2094 λέξει

2227 2111 2260 2180 ἡ
2294 2110 2414 2162 θεία
2445 2110 2659 2182 Γραφή.
2687 2111 2752 2164 Τί
2782 2107 2876 2165 οὖν
2904 2113 3022 2165 ἐστι
3049 2113 3109 2166 τὸ
3137 2114 3448 2184 εἰρημένον,
3477 2112 3586 2165 Kal
3617 2111 3817 2180 ὤφθη,

2229 2194 2396 2262 φησίς
2431 2196 2542 2248 Kal
2572 2195 2689 2257 πῶς
2718 2194 2948 2265 ἑτέρωθι
2992 2195 3164 2264 λέγει,
3213 2196 3424 2262 Οὐδεὶς
3469 2196 3678 2263 ὄψεται
3707 2194 3821 2248 τὸν

2228 2277 2397 2339 Θεὸν,
2413 2277 2511 2330 καὶ
2528 2276 2765 2344 ζήσεται
2785 2294 2803 2343 ;
2826 2279 2890 2331 Τί
2906 2274 3001 2332 οὖν
3014 2279 3081 2333 ἀν
3093 2279 3344 2350 εἴποιμεν
3359 2279 3453 2332 νῦν
3472 2278 3572 2348 τῆς
3589 2279 3626 2330 Γ
3633 2277 3817 2349 ραφῆς

2226 2358 2511 2430 λεγούσης,
2526 2361 2608 2413 ὃτι
2624 2363 2813 2430 Ὠφθη
2832 2379 2852 2428 ;
2874 2362 2998 2427 Πῶς
3023 2361 3178 2434 ὤφθη
3199 2363 3278 2433 τῷ
3298 2362 3491 2433 δικαίῳ
3510 2377 3524 2427 ;
3547 2358 3692 2432 1Ἀρα
3716 2362 3821 2413 αὑ·

2225 2445 2324 2514 τὴν
2351 2445 2449 2515 τὴν
2481 2447 2672 2500 οὐσίαν
2700 2443 2876 2512 εἶδεν;
2913 2448 3047 2518 Οὐχί
3067 2465 3081 2479 ο
3135 2448 3221 2520 μὴ
3250 2449 3478 2516 γένοιτο.
3523 2446 3685 2500 Ἀλλά
3720 2447 3778 2498 τί
3803 2463 3817 2512 ;

2225 2528 2413 2592 Οὕτως
2440 2529 2619 2600 ὤφθη,
2657 2530 2734 2594 ὡς
2765 2531 2927 2595 αὐτὸς
2985 2527 3096 2585 οἶδε
3147 2533 3329 2603 μόνος,
3383 2532 3476 2584 καὶ
3507 2531 3583 2594 ῶς
3616 2530 3819 2599 ἐκείνῳ

2226 2613 2379 2685 [518]
2403 2615 2628 2669 δυνατὸν
2649 2611 2718 2686 ἦν
2752 2615 2899 2669 ἰδεῖν.
2923 2617 3248 2687 Εὑμήχανος
3267 2615 3374 2688 γὰρ
3400 2614 3474 2668 ῶν
3494 2615 3522 2667 ὁ
3540 2614 3700 2682 σοφὸς
3716 2613 3820 2665 καὶ

2227 2697 2606 2768 φιλάνθρωπος
2654 2698 2814 2769 ἡμῶν
2857 2701 3136 2772 Δεσπότης
3158 2740 3174 2763 ,
3224 2701 3318 2754 καὶ
3367 2697 3822 2768 συγκαταϐαίνων

2224 2782 2290 2850 τῇ
2317 2779 2635 2853 ἀνθρωπίνῃ
2667 2780 2848 2850 φύσει,
2894 2785 3008 2846 τοῖς
3037 2781 3204 2847 ἀξίως
3250 2781 3819 2854 προπαρεσκευασμέ-

2226 2880 2338 2926 νοις
2369 2863 2564 2916 ἑαυτὸν
2604 2864 2918 2934 ἐμφανίζει.
2961 2865 3072 2918 Kal
3107 2865 3264 2919 τοῦτο
3301 2865 3541 2918 δείκνυσι
3593 2863 3683 2916 διὰ
3715 2863 3820 2916 τοῦ

2226 2949 2506 3017 προφήτου
2523 2986 2538 3013 ,
2563 2946 2768 3016 λέγων,
2821 2946 2967 3018 Ἐγὼ
2985 2948 3230 3017 ὁράσεις
3249 2947 3583 3014 ἐπλήθυνα,
3622 2947 3722 2999 καὶ
3744 2948 3821 2998 ἐν

2225 3035 2400 3102 χερσὶ
2428 3035 2752 3103 προφητῶν
2768 3036 3095 3104 ὠμοιώθην.
3131 3035 3282 3088 Ἐπεὶ
3303 3036 3398 3088 καὶ
3431 3035 3654 3095 Ἡσαΐας
3674 3029 3818 3085 εἶδεν

2226 3117 2387 3169 αὑτὸν
2422 3117 2730 3188 καθήμενον
2750 3135 2762 3147 ·
2796 3119 2954 3171 τοῦτο
2988 3119 3044 3172 δέ
3077 3119 3294 3186 ἀνάξιον
3317 3118 3486 3171 Θεοῦο
3527 3117 3662 3178 Θεὸς
3707 3117 3820 3186 γὰρ

2225 3199 2285 3251 ού
2316 3199 2552 3269 κάθηται
2582 3217 2597 3231 ο
2633 3201 2750 3263 πῶς
2780 3201 2889 3271 γάρ
2923 3203 2956 3270 ἡ
2984 3199 3273 3272 ἀσώματος
3303 3201 3485 3270 ἐκείνη
3511 3199 3606 3252 καὶ
3619 3197 3817 3250 ἀνώλε-

2227 3280 2354 3350 θρος
2383 3282 2581 3351 φύσις;
2610 3285 2702 3336 καὶ
2729 3285 2757 3335 ό
2784 3282 2981 3353 Δανιὴλ
3017 3283 3180 3337 πάλιν
3211 3279 3349 3336 εἶδεν
3379 3284 3564 3347 αὐτὸν,
3599 3283 3676 3344 ὼς
3708 3301 3814 3334 πα-

2225 3369 2374 3422 λαιὸν
2392 3371 2619 3442 ἡμερῶν
2639 3388 2652 3402 ·
2675 3373 2769 3424 καὶ
2787 3375 2815 3425 ὸ
2833 3372 3110 3442 Ζαχαρίας
3128 3371 3329 3443 ἑτέρως
3346 3371 3509 3424 αὑτὸν
3528 3371 3811 3433 ἐθεάσατο,

2225 3455 2320 3507 καὶ
2360 3453 2620 3526 Ἰεζεκιὴλ
2673 3456 2835 3510 πάλιν
2878 3457 3074 3518 άλλως.
3115 3457 3217 3509 Διά
3265 3455 3428 3508 τοῦτο
3469 3451 3564 3507 οὗν
3607 3454 3811 3522 ἔλεγεν,

2225 3539 2376 3608 Ἐγὼ
2403 3538 2646 3606 ὁράσεις
2665 3539 3004 3608 ὲπλήθυνα,
3025 3539 3146 3592 ἀντὶ
3165 3537 3280 3603 τοῦ,
3303 3538 3445 3608 Πρὸς
3465 3538 3561 3608 τὴν
3582 3537 3813 3590 ἑκάστου

2225 3621 2385 3686 ἀξίαν
2413 3621 2586 3685 οὕτως
2611 3620 2818 3693 ὤφθην.
2869 3623 2979 3676 Kal
3023 3622 3119 3676 νῦν
3163 3617 3286 3687 οὖν,
3325 3621 3514 3692 ἐπειδὴ
3547 3621 3812 3691 ἀνέστησε

2225 3706 2318 3758 τὸν
2343 3705 2549 3758 δίκαιον
2574 3706 2806 3774 οἴκοθεν,
2834 3707 2930 3759 καὶ
2950 3706 3281 3777 προσέταξεν
3303 3707 3380 3770 είς
3407 3707 3506 3775 τὴν
3526 3706 3813 3775 ἀλλοτρίαν

2225 3790 2422 3853 ἐλθεῖν,
2458 3791 2904 3862 παραγενόμενος
2937 3791 3015 3854 δέ,
3041 3790 3287 3860 καθάπερ
3304 3789 3508 3860 ἀλήτης
3530 3790 3622 3841 καὶ
3643 3789 3810 3854 ξένος,

2225 3872 2369 3926 οῦτω
2402 3873 2658 3944 περιῄει,
2702 3873 2813 3927 τῶν
2866 3874 3186 3927 Χαναναίων
3245 3873 3325 3924 έτι
3369 3871 3808 3932 κατοικούντων,

2225 3955 2500 4026 ἐπιζητῶν
2519 3957 2653 4009 ὅπου
2676 3957 2774 4028 τὴν
2795 3957 3111 4028 κατοίκησιν
3127 3956 3288 4009 αὑτὸν
3301 3956 3631 4026 ποιήσασθαι
3648 3971 3814 4024 προσ-

2226 4039 2392 4108 ἧκεν·
2430 4039 2459 4091 ό
2509 4039 2713 4107 ἀγαθὸς
2771 4040 3047 4110 Δεσπότης
3092 4039 3593 4110 παραμυθήσασθαι
3649 4038 3813 4091 αὑτὸν

2227 4122 2573 4191 βουλόμενος,
2639 4123 2734 4175 κα)⁸
2781 4121 3052 4193 νευρῶσαι
3106 4121 3271 4174 αὑτοῦ
3325 4121 3422 4191 τὴν
3462 4121 3810 4191 προθυμίαν,

2223 4205 2363 4258 ὥστε
2392 4205 2468 4276 μὴ
2493 4207 2783 4276 ναρκῆσαι,
2814 4207 2948 4277 μηδὲ
2981 4207 3254 4260 ἐνδοιάσαι
3273 4208 3410 4277 πρὸς
3437 4206 3536 4276 τὴν
3566 4209 3809 4274 ἐπαγγε-

2224 4288 2345 4342 λίαν
2387 4290 2484 4360 τὴν
2523 4289 2624 4360 ἤδη
2669 4289 3045 4360 γεγενημένην
3085 4290 3222 4360 πρὸς
3265 4289 3458 4353 αὐτὸν,
3486 4291 3571 4342 ὅτι
3604 4289 3810 4358 Δείφο,

2226 4374 2323 4426 καί
2348 4373 2584 4440 ποιήσω
2604 4388 2679 4427 σε
2702 4376 2790 4438 εἰς
2818 4374 2997 4440 ἔθνος
3019 4374 3176 4444 μέγα
3198 4373 3315 4444 (καὶ
3348 4373 3455 4444 γάρ
3489 4374 3709 4426 ἐναντία
3741 4377 3809 4443 τῇ

2226 4456 2531 4525 ἐπαγγελία
2554 4455 2702 4527 ἐώρα
2733 4455 2802 4507 τὰ
2835 4456 3094 4526 γινόμενα
3140 4458 3170 4510 ὁ
3208 4457 3435 4520 δίκαιος,
3470 4458 3564 4509 καί
3601 4457 3676 4518 ῶς
3713 4457 3811 4510 ’ἐνα

2225 4538 2333 4590 τῶν
2353 4539 2585 4591 εὐτελῶν
2606 4539 2700 4592 καὶ
2720 4539 3175 4610 ἀπερριμμένων,
3221 4541 3313 4595 καὶ
3354 4539 3812 4610 ἀπροστατεύτων

2226 4621 2420 4675 ἑαυτὸν
2449 4623 2753 4692 περιιόντα,
2778 4623 2874 4675 καὶ
2901 4623 3020 4674 οὐδὲ
3051 4622 3186 4674 ὅπου
3209 4623 3544 4692 καταχθῆναι
3568 4621 3809 4692 ἔχοντα),

2227 4707 2292 4758 ἶν’
2314 4701 2407 4760 οῦν
2436 4705 2676 4778 διεγείρῃ
2703 4704 2865 4759 αὑτοῦ
2887 4705 2977 4758 τὸν
3005 4705 3284 4776 λογισμὸν,
3307 4705 3438 4776 φησί
3455 4725 3468 4737 ο
3498 4707 3605 4758 Καὶ
3639 4705 3811 4773 ὤφθη

2225 4791 2438 4856 Κύριος
2468 4787 2547 4854 τῷ
2571 4791 2817 4857 Ἀϐραμ,
2855 4788 2952 4841 καί
2970 4785 3140 4842 εἶπεν
3164 4788 3324 4854 αὐτῷ
3348 4807 3359 4818 ο
3399 4789 3482 4853 Τῷ
3510 4787 3812 4856 σπέρματί

2224 4891 2342 4928 σου
2356 4873 2528 4926 δώσω
2543 4871 2656 4941 τὴν
2672 4871 2790 4942 γῆν
2806 4873 3056 4941 ταύτην.
3077 4872 3272 4942 Τέωςὴ
3287 4873 3579 4944 ὑπόσχεσις
3595 4871 3809 4942 μεγάλη

2224 4957 2319 5009 καὶ
2352 4956 2643 5018 ἀκόλουθος
2698 4958 2763 5026 τῇ
2803 4955 3138 5027 ἐπαγγελίᾳ,
3183 4957 3249 5008 δι’
3285 4951 3353 5028 ἧς
3393 4957 3604 5008 οἴκοθεν
3641 4956 3809 5009 αὐτὸν

2223 5040 2539 5110 ἀνέστησεν.
2565 5035 2698 5092 Είπε
2718 5041 2845 5110 γάρ·
2872 5040 3205 5109 Μεγαῖυνῶ
3231 5042 3296 5094 τὸ
3329 5041 3515 5110 ὄνομά
3540 5058 3657 5094 σου
3683 5058 3696 5069 ·
3716 5041 3810 5092 διά

2221 5123 2379 5175 τοῦτο
2410 5123 2505 5176 νῦν
2527 5140 2657 5193 φησι
2681 5125 2862 5176 πάλιν·
2897 5122 2985 5188 Τῷ
3017 5123 3315 5192 σπέρματί
3347 5141 3465 5178 σου
3493 5123 3665 5176 δώσω
3691 5125 3808 5191 τὴν

2219 5203 2336 5274 γῆν
2365 5205 2609 5272 ταύτην.
2640 5205 2855 5274 Ἐπειδὴ
2874 5206 2982 5276 γάρ
3004 5209 3062 5258 ἐν
3081 5209 3228 5276 γήρα
3247 5208 3528 5277 τυγχάνων
3546 5209 3575 5260 ὁ
3592 5206 3808 5270 δίκαιος

2219 5292 2386 5349 ἄπαις
2409 5284 2496 5359 ἦν,
2526 5288 2617 5342 διὰ
2643 5288 2743 5360 τὴν
2761 5288 2862 5359 τῆς
2882 5290 3060 5361 Σάρας
3079 5291 3382 5362 στείρωσιν,
3406 5293 3806 5361 ἐπαγγέλλεται

2217 5371 2369 5442 αὑτῴ
2391 5371 2471 5442 τῷ
2489 5370 2550 5436 ἐξ
2569 5371 2736 5425 αὑτοῦ
2757 5375 3063 5444 τικτομένῳ
3090 5374 3189 5444 τὴν
3208 5375 3312 5445 γῆν
3339 5381 3658 5447 παρασχεῖν.
3687 5379 3806 5431 Καὶ

2218 5457 2410 5509 σκόπει
2463 5473 2554 5526 μοι
2589 5453 2724 5508 Θεοῦ
2777 5455 3207 5527 φιλανθρωπίαν,
3250 5459 3367 5522 πῶς
3408 5459 3670 5530 προειδὼς
3702 5464 3804 5514 τοῦ

2215 5539 2424 5593 δικαίου
2453 5540 2551 5608 τὴν
2575 5538 2800 5608 ἀρετὴν,
2847 5538 3095 5609 βούλεται
3125 5542 3257 5593 πᾶσι
3293 5543 3593 5613 κατάδηλον
3634 5545 3803 5598 αὑτὸν

2217 5626 2462 5693 ποιῆσαι,
2486 5623 2580 5675 καὶ
2597 5620 2848 5691 καθάπερ
2879 5622 3224 5692 μαργαρίτην
3243 5624 3365 5676 τινά
3397 5627 3800 5696 κρυπτόμενον,

2215 5705 2358 5757 οῦτω
2376 5705 2608 5774 φανερὸν
2635 5705 3074 5775 ἀπεργάσασθαι.
3113 5706 3220 5757 Kal
3251 5707 3583 5775 ἐπαγγελίας
3618 5709 3782 5776 ἐπαγο

2217 5789 2424 5856 γελίαις
2450 5788 2714 5856 συνάψας,
2743 5789 2838 5841 καὶ
2866 5789 3108 5858 μεγάλας
3140 5789 3238 5852 τὰς
3271 5790 3591 5861 ὑποσχέσεις
3639 5810 3800 5863 ποιη-

2222 5873 2475 5939 σάμενος,
2528 5870 2687 5924 πάλιν
2735 5873 2930 5941 μικρὸν
2981 5872 3426 5936 διαναϐάλλεται,
3488 5875 3572 5927 ἵνα
3617 5874 3793 5946 ταύτῃ

2224 5954 2458 6026 μάλιστα
2487 5953 2669 6026 δειχθῇ
2694 5953 2784 6007 τοῦ
2817 5955 3148 6028 πατριάρχου
3189 5958 3248 6010 τὸ
3276 5957 3538 6027 φιλόθεον,
3579 5957 3662 6012 ὅτι
3694 5959 3793 6011 καὶ
