4060 6492
298 503 408 558 293

314 614 474 670 li-ntia
531 619 712 666 nostra
764 605 1032 676 vigilantia
1080 604 1242 658 multa
1291 610 1497 657 utentes
1542 599 1889 668 decerpemus

304 705 608 759 utilitatem.
638 699 826 755 Solent
852 698 992 752 enint
1023 711 1086 750 ea
1114 711 1232 764 quae
1263 692 1445 747 labore
1471 701 1526 745 ει
1551 687 1889 759 inquisitione

311 796 486 863 aliqua
529 791 899 851 inveniuntur,
935 785 1101 855 magis
1144 783 1286 853 inligi
1332 789 1526 836 nostra:
1569 779 1732 833 menti
1773 796 1789 831 :
1826 791 1888 831 ea

307 897 440 938 vero
481 896 600 950 qua:
644 879 794 932 facile
840 875 1178 930 inveniuntur
1201 914 1218 939 ,
1248 874 1404 926 citius
1449 886 1479 924 e
1517 869 1678 924 corde
1706 877 1890 922 nostro

312 971 547 1025 avolare.
575 968 812 1024 Obsecro
839 966 995 1036 igitur
1022 981 1088 1020 ne
1113 965 1278 1018 simus
1304 962 1648 1032 negligentes,
1681 959 1773 1013 sed
1797 973 1891 1011 ex-

309 1065 542 1116 citemus
571 1071 802 1114 mentem
833 1066 1068 1110 nostram
1093 1097 1109 1121 ,
1140 1065 1195 1109 et
1231 1055 1439 1124 penitus
1466 1053 1517 1106 in
1548 1052 1714 1122 ipsam
1746 1049 1892 1105 Scri-

311 1163 590 1222 pturarnm
623 1148 1030 1220 profunditatem
1069 1148 1404 1210 intueamur,
1443 1155 1500 1198 ut
1538 1142 1725 1212 majori
1767 1141 1892 1197 inde

311 1243 465 1297 lucro
491 1249 746 1311 accepto,
774 1238 994 1292 domum
1023 1237 1197 1291 redire
1227 1237 1398 1289 liceat.
1435 1235 1527 1289 Est
1553 1233 1696 1288 enim
1716 1232 1891 1286 cccle-

311 1334 393 1387 sia
437 1331 529 1386 Dei
567 1340 834 1386 mercatus
871 1328 1085 1399 quidam
1129 1326 1420 1396 spiritualis
1463 1325 1893 1392 medicorumqne

313 1423 527 1477 officina
557 1420 835 1476 animabus
867 1438 882 1474 :
909 1428 964 1474 et
995 1433 1087 1488 par
1114 1426 1226 1482 est,
1255 1426 1311 1471 ut
1333 1416 1467 1470 sicut
1493 1415 1582 1485 qui
1611 1415 1676 1469 ad
1703 1415 1894 1468 nundi-

321 1528 422 1566 nas
445 1513 681 1574 veniunt,
701 1509 824 1564 inde
844 1509 1022 1563 multis
1043 1507 1304 1562 mercibus
1325 1505 1565 1560 collectis
1580 1504 1889 1562 redeamus:

319 1603 405 1657 vel
430 1603 578 1671 quasi
602 1615 634 1656 e
654 1600 842 1654 medici
871 1599 1052 1663 domo,
1081 1598 1311 1666 receptis
1334 1603 1458 1665 quae
1477 1595 1677 1649 morbis
1697 1594 1894 1648 nostris

315 1699 620 1761 congruunt
659 1689 1058 1744 medicamentis
1081 1727 1096 1750 ,
1137 1701 1408 1740 exeamus.
1453 1684 1566 1738 Non
1596 1684 1739 1738 enim
1770 1683 1892 1738 ideo

319 1782 560 1852 quotidie
602 1779 956 1845 eonﬁuimus,
1005 1789 1062 1832 ut
1109 1777 1381 1832 dumtaxat
1425 1784 1717 1830 conventus
1769 1775 1896 1827 fiant

316 1872 631 1942 simpliciter
672 1889 687 1925 :
725 1869 820 1925 sed
864 1877 1138 1939 propterea
1175 1880 1563 1937 congregantur
1586 1905 1600 1929 ,
1634 1875 1691 1918 ut
1729 1879 1894 1918 unus-

316 1963 540 2031 quisque
561 1960 846 2031 pharmace
865 1959 975 2014 suis
995 1956 1268 2012 alfectibu's
1288 1955 1598 2026 congruenti
1621 1962 1890 2022 suscepto,

318 2052 537 2105 domum
566 2049 844 2106 concedat.
883 2047 1161 2116 Quomodo
1198 2047 1339 2102 enim
1378 2061 1481 2099 non
1512 2045 1671 2099 fuerit
1706 2044 1894 2098 absur-

318 2140 598 2194 dissinmm
619 2181 634 2205 ,
660 2155 756 2196 nos
781 2153 811 2192 a
837 2137 1067 2208 puerulis
1087 2135 1283 2190 nostris
1304 2135 1371 2190 ad
1403 2134 1582 2188 ludum
1605 2133 1893 2186 literarium

318 2233 496 2288 missis
517 2233 751 2303 quotidie
776 2240 956 2301 petere
978 2269 994 2296 ,
1021 2229 1146 2299 quid
1173 2228 1426 2284 discendo
1455 2227 1774 2298 profecerim
1794 2266 1812 2293 ,
1841 2234 1897 2280 et

316 2324 645 2393 adjeeerint;
693 2337 865 2392 neque
905 2322 1048 2378 enim
1097 2320 1394 2376 sineremus
1445 2333 1538 2372 eos
1581 2318 1810 2380 frustra,
1842 2326 1896 2370 ct

316 2415 519 2485 absque
542 2414 764 2469 utilitate
788 2414 841 2468 in
869 2413 1047 2467 ludum
1073 2411 1172 2478 ire,
1200 2410 1298 2464 nisi
1326 2409 1551 2463 fructum
1579 2407 1891 2477 ampliorem

320 2505 444 2560 inde
471 2513 827 2574 cousequutos
853 2503 1193 2565 videremus;
1235 2514 1333 2554 nos
1371 2508 1548 2552 autem
1576 2497 1664 2567 qui
1700 2498 1894 2565 justam

319 2605 530 2651 atatem
551 2595 830 2658 habemus,
850 2602 904 2648 et
935 2593 985 2646 iii
1007 2590 1308 2661 spiritualcs
1327 2589 1538 2644 scholas
1558 2587 1893 2648 ventitamus,

322 2701 429 2740 non
453 2701 550 2755 par
577 2685 682 2738 illis
710 2683 940 2738 studium
971 2681 1223 2737 exhibere
1245 2720 1263 2746 ,
1293 2678 1522 2733 maxime
1549 2692 1670 2733 cum
1702 2676 1814 2731 brec
1842 2676 1895 2730 in

325 2781 532 2833 lucrum
549 2787 604 2832 et
618 2777 841 2830 salutem
862 2774 1156 2829 animarum
1177 2771 1454 2841 spectent?
1476 2769 1637 2839 Igitur
1650 2769 1894 2834 obsecro,

324 2880 382 2924 nt
420 2883 652 2938 seipsutn
697 2866 932 2936 quotidie
960 2873 1224 2918 scrutetur
1250 2861 1607 2931 unusquisque
1628 2901 1645 2927 ,
1679 2858 1803 2927 quid
1831 2874 1898 2912 ex

326 2962 607 3024 hodierna,
633 2959 758 3029 quid
779 2972 842 3013 ex
867 2956 1104 3027 proxima
1128 2953 1351 3009 lectione
1372 2951 1612 3006 utilitatis
1632 2950 1895 3016 retulerit,

325 3063 385 3107 ut
415 3068 481 3108 ne
515 3051 788 3106 videamur
814 3058 870 3105 et
908 3061 1007 3102 nos
1038 3057 1236 3102 temere
1273 3056 1432 3115 atque
1467 3043 1660 3097 frustra
1687 3042 1892 3097 adesse.

323 3143 476 3209 Quod
521 3152 696 3197 autem
736 3141 840 3194 hoc
874 3153 972 3193 nos
999 3139 1151 3206 culpa
1193 3137 1454 3190 immunes
1481 3132 1666 3188 reddat
1696 3132 1898 3205 (olleri-

326 3249 445 3288 mus
468 3233 608 3287 cnim
635 3230 889 3302 quidquid
917 3229 1080 3284 nostri
1109 3237 1189 3282 est
1218 3225 1378 3280 ofﬁcii
1398 3266 1414 3291 ,
1440 3234 1494 3278 et
1524 3222 1653 3277 nihil
1683 3235 1899 3292 prorsus

327 3327 470 3396 quod
501 3335 694 3380 nostra:
720 3324 788 3377 sit
813 3320 1072 3376 facultatis
1099 3318 1487 3389 praeterimus);
1516 3316 1657 3387 quod
1683 3331 1809 3370 vero
1835 3315 1898 3370 iis

328 3418 420 3486 qui
450 3416 605 3470 nobis
643 3420 987 3477 succensent,
1023 3425 1120 3465 nec
1145 3416 1427 3465 occurrunt
1448 3448 1464 3473 ,
1494 3422 1592 3460 nec
1615 3406 1752 3459 dicta
1780 3403 1900 3459 dili-

325 3519 511 3578 genter
530 3505 845 3568 auscultant,
867 3502 1081 3571 majoris
1101 3497 1558 3555 condcmnationis
1577 3496 1644 3549 sit
1663 3495 1894 3558 occasio,

325 3598 448 3653 audi
485 3596 752 3652 Christum
788 3594 1053 3648 dicentem
1085 3592 1134 3646 ei
1161 3591 1250 3660 qui
1294 3591 1548 3644 talentum
1575 3587 1850 3643 defodcrat
1882 3605 1896 3642 :

326 3689 484 3744 Serve
516 3702 762 3756 nequam,
792 3682 1046 3752 oportebat
1074 3691 1121 3735 te
1143 3681 1405 3751 pecuniam
1439 3695 1599 3733 nteant
1634 3679 1772 3746 apud
1801 3693 1893 3730 nu-

327 3778 571 3831 ntularios
599 3776 904 3846 deposuisse,
929 3783 976 3827 et
1004 3773 1201 3827 ueniens
1220 3787 1313 3841 ego
1332 3771 1638 3840 repetiissent
1657 3785 1767 3822 eam
1787 3783 1900 3820 cum

327 3886 481 3924 usura
509 3867 718 3939 (Matth.
745 3865 837 3921 25.
864 3865 954 3920 26.
983 3863 1108 3934 27);
1135 3863 1202 3918 de
1227 3863 1426 3918 Juda-is
1456 3872 1633 3916 autem
1665 3879 1678 3914 :
1712 3861 1772 3915 Si
1799 3877 1901 3914 non

325 3961 588 4025 vertissent,
619 3969 664 4012 et
692 3959 926 4027 loquutus
945 3957 1153 4028 fuissent
1176 3954 1266 4016 eis,
1301 3962 1555 4022 peccatum
1575 3969 1674 4005 non
1701 3950 1904 4004 habuis-

326 4061 435 4105 sent
456 4067 476 4116 ;
502 4064 634 4102 nunc
658 4056 826 4101 autem
852 4047 1222 4100 excusationem
1251 4059 1350 4095 non
1376 4041 1556 4095 habent
1584 4042 1602 4111 (
1625 4040 1779 4093 Joan.
1809 4040 1896 4094 15.

326 4142 444 4211 22).
473 4141 733 4195 Cmterum
761 4153 858 4193 nos
883 4151 1023 4191 nunc
1050 4150 1158 4188 non
1180 4133 1279 4186 ltoc
1307 4146 1571 4195 curamus,
1606 4141 1659 4185 ut
1687 4144 1902 4198 prorsus

331 4234 556 4288 crimine
580 4245 874 4294 careamus,
901 4237 956 4283 et
983 4228 1034 4281 in
1063 4227 1206 4280 nullo
1225 4239 1526 4294 arguantur,
1550 4222 1644 4277 sed
1671 4230 1900 4275 vestrum

331 4324 624 4394 profectum
647 4321 826 4376 videre
847 4318 1109 4388 cupimus,
1132 4325 1186 4370 ct
1210 4324 1442 4370 nostram
1471 4313 1703 4367 laetitiam
1731 4311 1904 4364 immi-

331 4416 423 4470 uui
449 4415 786 4479 arbitramur,
811 4412 968 4466 etiam
992 4408 1328 4475 quantumvis
1357 4407 1553 4461 innoxii
1585 4405 1684 4474 ipsi
1711 4405 1900 4470 simus,

327 4507 434 4562 nisi
475 4514 530 4560 et
570 4520 665 4558 vos
707 4503 940 4558 studium
979 4501 1244 4555 laboribus
1275 4498 1470 4552 nostris
1507 4497 1722 4566 diguunt
1751 4495 1903 4550 exbi-

325 4596 575 4652 bueritis.
607 4594 732 4648 llaec
756 4594 898 4648 enim
925 4601 1118 4645 nostra:
1146 4589 1341 4644 lzetitize
1364 4589 1581 4642 materia
1610 4595 1713 4652 est,
1743 4586 1787 4640 si
1815 4601 1905 4638 ve-

324 4699 441 4741 stra
474 4686 526 4738 itt
573 4682 932 4754 spiritualibus
972 4680 1296 4735 incrementa
1340 4677 1632 4731 videamus.
1682 4676 1750 4729 Et
1791 4674 1904 4729 scio

324 4775 544 4845 quidem
565 4789 658 4827 vos
680 4788 773 4842 per
794 4771 1017 4840 gratiam
1043 4770 1132 4823 Dei
1164 4780 1364 4822 tantum
1388 4768 1586 4836 pollere
1612 4769 1898 4829 intellectu,

329 4877 394 4921 ut
419 4876 473 4920 et
500 4865 631 4920 alios
656 4864 875 4918 valeatis
911 4862 1210 4926 exhortari;
1241 4859 1334 4914 sed
1363 4859 1651 4913 secundum
1691 4858 1901 4912 beatum

322 4961 585 5023 l'anlum,
615 4955 926 5011 memoriam
955 4962 1183 5006 vestram
1214 4951 1440 5015 refrico,
1469 4959 1524 5004 et
1553 4964 1780 5018 provoco
1807 4964 1903 5003 ve-

319 5060 501 5104 strum
531 5047 701 5100 zelum
733 5044 999 5112 animique
1024 5041 1255 5094 studium
1279 5081 1293 5103 ,
1323 5040 1548 5095 subinde
1574 5039 1688 5093 haec
1714 5039 1902 5092 admo-

323 5153 506 5200 nens,
545 5148 600 5192 et
644 5135 864 5204 cupiens
915 5148 1010 5187 vos
1055 5131 1318 5201 perfectos
1363 5139 1419 5182 ct
1468 5129 1738 5183 absolutos
1785 5142 1905 5182 esse

323 5231 528 5299 (Rom.
571 5228 658 5283 i5.
701 5226 831 5296 l5).
873 5223 989 5278 Non
1035 5224 1178 5276 enim
1221 5222 1490 5276 mediocre
1535 5227 1902 5288 argumentum

331 5321 461 5377 tnilti
490 5328 573 5376 est
611 5319 713 5374 hoc
741 5317 899 5372 vestri
937 5317 989 5370 in
1019 5315 1211 5370 divinis
1251 5316 1518 5381 profectus
1537 5353 1552 5376 ,
1579 5312 1717 5381 quod
1759 5319 1902 5365 tanta

331 5413 608 5468 alacritate
635 5411 872 5480 quotidie
903 5409 1004 5462 huc
1027 5407 1352 5462 conveniatis
1372 5445 1388 5470 ,
1419 5415 1475 5459 ct
1510 5403 1771 5473 spirituali
1804 5402 1904 5455 do-

329 5505 503 5559 ctrina
533 5502 734 5570 expleri
763 5515 866 5555 non
895 5499 1127 5569 possitis.
1155 5496 1287 5550 Nam
1311 5493 1754 5565 quemadmodum
1776 5507 1908 5548 cet-

334 5595 530 5664 poralis
544 5591 649 5647 cibi
665 5591 942 5660 appetitus,
962 5589 1212 5643 indicium
1228 5597 1310 5640 est
1330 5587 1542 5654 Optima:
1559 5583 1869 5638 valetudinis
1887 5600 1902 5637 :

335 5690 404 5738 ita
431 5683 751 5738 desiderium
782 5681 1068 5750 spiritualis
1095 5679 1351 5732 doctrinae
1369 5718 1385 5744 ,
1417 5676 1901 5730 manifestissimum

336 5783 698 5844 argumentum
725 5780 808 5826 est
834 5771 1024 5825 animae
1053 5770 1188 5824 bene
1213 5768 1455 5822 valentis.
1488 5767 1820 5834 Quapropter
1847 5775 1904 5821 et

337 5878 435 5931 ego
461 5865 597 5920 bene
620 5863 863 5919 conscius
882 5863 1040 5920 vestri
1064 5860 1333 5927 desiderii,
1355 5859 1492 5930 quod
1512 5858 1711 5914 scilicet
1733 5876 1898 5930 quau-

1328 488 1393 545 ΙΝ
1429 487 1581 544 CAP.
1623 485 1737 541 Xll.
1775 485 2022 543 GENES.
2065 482 2296 540 llOMIL.
2333 481 2550 539 XXXII.

3461 485 3567 538 294

1993 595 2191 650 tumvis
2219 594 2504 664 producam
2533 609 2833 650 sermonem
2854 638 2870 663 ,
2901 612 3005 652 non
3034 599 3232 668 possim
3259 600 3343 655 vel
3373 602 3450 656 sic
3473 616 3574 657 ex-

1995 685 2140 754 plere
2167 683 2489 739 desiderium
2517 725 2531 748 ,
2562 693 2617 738 et
2642 685 2894 739 alimento
2919 687 3177 755 spirituali
3210 705 3303 744 vos
3331 691 3528 745 satiare
3549 728 3565 755 ,

1993 790 2098 828 non
2123 775 2323 829 desisto
2350 791 2447 845 pro
2471 791 2588 830 mea
2619 777 2755 830 virili
2779 817 2796 842 ,
2823 793 2883 831 ea
2909 794 3027 847 qua:
3057 779 3151 834 Dei
3179 783 3348 850 gratia
3373 797 3562 851 suppe-

1992 865 2144 930 ditat,
2178 864 2229 918 iii
2256 874 2486 919 vestram
2519 866 2793 920 utilitatem
2819 869 3057 937 quotidie
3077 869 3228 925 vobis
3249 887 3563 941 proponere,

1993 963 2048 1010 et
2086 956 2280 1010 divinae
2308 955 2596 1026 Scriptura:
2633 956 2931 1013 doctrinam
2961 961 3226 1015 mentibus
3255 963 3445 1017 vestris
3485 964 3569 1017 in-

1994 1060 2194 1100 serere.

2061 1137 2119 1190 2.
2160 1137 2297 1192 Deus
2324 1139 2572 1208 quomodo
2600 1139 2846 1194 videatur.
2889 1169 2962 1181 —
2999 1143 3111 1212 Age
3136 1142 3295 1213 igitur
3322 1151 3377 1199 et
3411 1145 3570 1201 hodie

1995 1227 2389 1283 misericordem
2417 1230 2580 1284 Deum
2607 1230 2967 1297 Obsecremus,
2995 1243 3052 1286 ut
3078 1234 3307 1304 linguam
3334 1247 3569 1293 nostram

1995 1316 2191 1386 dirigat
2217 1317 2284 1371 ad
2318 1317 2690 1373 inveniendum
2715 1319 2856 1388 quod
2882 1322 3187 1390 quaerimus,
3218 1333 3270 1377 et
3299 1340 3400 1394 pro
3424 1343 3573 1383 more

1997 1417 2180 1462 nostro
2209 1409 2358 1464 vobis
2384 1409 2667 1464 aderamus
2691 1410 3006 1475 doctrinam,
3032 1415 3316 1482 propositis
3344 1416 3569 1483 primum

1998 1497 2081 1553 his
2105 1515 2222 1568 qua:
2250 1500 2383 1555 lecta
2410 1510 2532 1555 sunt
2557 1500 2766 1556 caritati
2800 1513 3007 1558 vestrae.
3035 1505 3088 1558 7.
3119 1505 3183 1558 Et
3208 1507 3340 1562 visits
3367 1519 3460 1573 est,
3493 1511 3572 1562 in-

1995 1592 2128 1660 qnit,
2157 1592 2404 1648 Dominus
2429 1593 2594 1648 Abrw.
2626 1592 2693 1647 Et
2721 1595 2848 1649 dixit
2870 1598 2935 1649 ei.
2962 1595 3148 1652 Nonne
3171 1599 3304 1654 bene
3331 1601 3568 1656 dicebam

1995 1683 2064 1735 ab
2094 1683 2262 1748 initio,
2291 1684 2455 1739 latere
2476 1684 2527 1738 iii
2553 1685 2734 1754 paucis
2761 1687 2863 1741 illis
2888 1688 3062 1742 verbis
3088 1705 3333 1759 magnum
3361 1692 3568 1748 liteSntt-

1997 1775 2154 1827 rum?
2199 1775 2336 1830 Ecce
2377 1777 2518 1830 enim
2556 1778 2734 1830 statim
2784 1794 2960 1832 rarum
3004 1789 3058 1834 et
3092 1782 3402 1836 admirabile
3447 1801 3571 1852 pro-

1995 1866 2212 1921 mmiunt
2230 1883 2246 1921 :
2267 1867 2332 1920 Et
2351 1869 2485 1922 visus
2511 1878 2606 1936 est,
2636 1868 2824 1938 inquit,
2848 1869 3092 1924 Dominus
3113 1871 3250 1925 Dens
3274 1873 3437 1927 Alme.
3463 1876 3574 1930 lloc

2000 1962 2224 2026 primum
2265 1958 2562 2012 invenimus
2591 1959 2642 2012 in
2680 1959 2952 2028 Scriptura
2982 1976 3123 2015 nunc
3161 1963 3398 2027 dictum,
3429 1967 3570 2035 quod

1997 2048 2140 2100 visus
2168 2047 2274 2100 sit:
2301 2063 2472 2117 neque
2499 2049 2640 2102 enim
2669 2049 2935 2119 Scriptura
2962 2051 3138 2105 divina
3167 2054 3330 2107 verbo
3353 2055 3452 2108 hoc
3479 2072 3569 2111 usa

1997 2147 2098 2204 est,
2127 2153 2248 2193 cum
2278 2138 2345 2193 de
2373 2139 2578 2203 Adam,
2611 2141 2694 2194 vel
2725 2141 2793 2195 de
2818 2141 2986 2207 Abel,
3013 2143 3096 2196 ιιι-Ι
3125 2143 3192 2198 de
3221 2145 3331 2198 Noe
3349 2187 3362 2207 ,
3397 2147 3476 2202 vel
3503 2149 3572 2202 de

1997 2231 2102 2285 alio
2125 2231 2369 2300 quopiam
2393 2232 2602 2300 loqnuta
2623 2243 2728 2285 est.
2750 2232 2884 2298 Quid
2907 2233 3064 2303 igitur
3082 2247 3156 2288 εει
3183 2236 3320 2304 quod
3339 2237 3529 2291 dicitur
3553 2255 3568 2292 :

1999 2321 2067 2374 Et
2108 2321 2242 2375 visus
2279 2330 2352 2374 est
2375 2321 2401 2374 ?
2429 2322 2495 2376 Et
2526 2322 2793 2390 quomodo
2817 2324 2939 2377 alibi
2978 2325 3104 2377 dicit
3132 2343 3142 2375 :
3177 2324 3368 2380 Nullus
3393 2326 3571 2381 videbit

1999 2411 2162 2464 Deum
2182 2451 2196 2475 ,
2229 2422 2276 2464 et
2305 2412 2431 2465 vivet
2465 2411 2483 2481 (
2513 2411 2676 2466 Exod.
2704 2413 2793 2467 53.
2817 2413 2888 2468 20
2913 2415 2968 2482 )?
2993 2416 3126 2482 Quid
3155 2417 3311 2484 igitur
3337 2418 3572 2473 dicemus

1999 2519 2141 2558 nunc
2163 2503 2433 2571 Scriptura
2458 2503 2667 2557 dicente
2695 2520 2708 2556 :
2741 2503 2807 2556 Et
2834 2506 2966 2559 visus
2992 2506 3106 2558 est?
3130 2508 3403 2574 Quommlo
3429 2510 3573 2564 visus

1997 2603 2080 2647 est
2102 2593 2284 2661 justo?
2310 2591 2444 2646 Num
2472 2593 2638 2662 ipsam
2673 2594 3019 2649 substantiam
3051 2596 3213 2649 vidit?
3239 2597 3386 2662 Non,
3410 2599 3566 2654 absit.

1997 2684 2102 2740 Sed
2129 2685 2294 2754 quid?
2330 2685 2418 2740 Sic
2443 2686 2588 2740 visus
2621 2695 2702 2741 est
2724 2727 2739 2750 ,
2773 2696 2827 2740 ut
2857 2687 2971 2756 ipse
3005 2689 3150 2742 solus
3173 2691 3310 2754 scit,
3339 2700 3394 2745 et
3419 2701 3476 2745 ut
3501 2694 3574 2746 illi

1999 2776 2251 2845 possibile
2279 2785 2394 2831 erat
2420 2777 2621 2833 videre.
2659 2777 2840 2833 Solcrs
2864 2779 3005 2834 enim
3035 2797 3154 2834 ιιιιιιι
3185 2782 3252 2835 sit
3277 2785 3488 2850 Sapiens
3521 2795 3575 2840 et

1999 2867 2302 2922 misericors
2343 2867 2594 2922 Dominus
2638 2878 2819 2923 noster
2841 2910 2858 2934 ,
2888 2884 2948 2925 se
2986 2869 3232 2924 buntatne
3259 2882 3575 2941 attemperat

2000 2967 2220 3025 naturze,
2251 2967 2303 3013 et
2328 2959 2672 3028 semetipsum
2704 2960 2769 3014 iis
2792 2962 2880 3029 qui
2906 2975 2965 3014 se
2991 2972 3147 3016 antea
3177 2962 3333 3032 digne
3363 2979 3566 3035 pra-pa-

2002 3057 2274 3114 raverunt,
2299 3049 2550 3104 ostendit.
2583 3047 2743 3120 quue
2768 3049 3096 3105 demonstrat
3122 3067 3214 3121 per
3240 3054 3569 3122 prophetam,

2001 3139 2187 3195 dit-ens
2216 3157 2230 3195 :
2264 3140 2374 3210 Ego
2411 3143 2622 3196 visiones
2650 3141 2979 3211 multiplicari
3000 3185 3015 3206 ,
3048 3155 3092 3195 et
3122 3144 3174 3196 in
3203 3145 3430 3200 manibus
3457 3162 3574 3216 pro-

1998 3229 2265 3298 phetarum
2306 3229 2609 3284 assimilatas
2635 3231 2712 3301 fui
2753 3231 2773 3302 (
2802 3230 2928 3285 Osee
2956 3232 3039 3286 12.
3072 3233 3136 3287 l0
3161 3234 3204 3303 ).
3236 3233 3491 3301 Quoniam
3519 3246 3572 3291 et

1994 3315 2160 3376 Isaias
2194 3319 2322 3375 vidit
2358 3335 2479 3375 eum
2519 3322 2788 3377 sedentem
2819 3324 2836 3392 (
2866 3321 2994 3379 1εαὶ.
3019 3324 3072 3378 6.
3106 3325 3173 3392 t)
3201 3340 3217 3380 :
3247 3325 3348 3379 hoc
3389 3336 3566 3381 autem

2001 3410 2111 3465 Deo
2151 3409 2421 3480 indignum
2448 3427 2463 3463 :
2493 3410 2632 3467 Deus
2659 3412 2801 3465 enim
2838 3427 2943 3467 non
2970 3412 3157 3478 sedet;
3186 3414 3275 3482 qui
3306 3415 3445 3470 enim
3474 3432 3569 3485 po-

2003 3511 2144 3570 test,
2198 3517 2321 3558 cum
2362 3503 2432 3559 sit
2471 3504 2782 3574 incorporea
2822 3514 2876 3558 et
2914 3504 3148 3558 interitui
3188 3522 3291 3560 non
3348 3508 3574 3564 obnoxia

2003 3594 2228 3649 natura?
2269 3603 2326 3650 et
2366 3594 2547 3650 Daniel
2586 3610 2798 3665 quoque
2840 3595 2968 3649 vidit
3005 3611 3127 3649 eum
3154 3637 3169 3662 ,
3210 3605 3266 3650 ut
3301 3597 3573 3668 antiquum

1999 3688 2209 3743 dierum
2240 3687 2416 3760 (Dan.
2450 3689 2504 3742 7.
2533 3687 2604 3742 22
2629 3690 2680 3757 );
2721 3687 3002 3742 Zacharias
3042 3697 3222 3742 autent
3266 3689 3418 3744 aliter
3451 3706 3576 3745 eum

2003 3780 2270 3834 contuitus
2294 3790 2377 3834 est
2398 3781 2416 3848 (
2439 3779 2600 3834 lactt.
2629 3778 2731 3848 l);
2759 3779 2852 3833 sed
2874 3787 2930 3833 et
2958 3779 3200 3834 Ezechiel
3226 3780 3400 3836 aliter.
3425 3780 3578 3839 Unde

2003 3871 2214 3924 dicebat
2245 3888 2258 3924 :
2286 3870 2398 3940 Ego
2425 3871 2637 3925 risiones
2660 3871 2988 3939 multiplicari
3011 3887 3030 3924 :
3052 3871 3151 3926 hoc
3168 3881 3270 3936 est,
3301 3875 3580 3943 unicuique

2001 3960 2221 4030 apparni
2249 3974 2346 4029 pro
2371 3974 2464 4013 sua
2493 3959 2768 4029 dignitate.
2801 3959 2871 4012 Et
2894 3974 3031 4012 nunc
3056 3975 3267 4029 quoque
3289 4003 3304 4025 ,
3337 3963 3459 4030 quia
3491 3963 3578 4030 ju-

2005 4061 2147 4102 stum
2172 4064 2202 4101 a
2227 4048 2388 4102 domo
2411 4048 2528 4117 ejus
2551 4057 2816 4109 evocarat,
2843 4057 2898 4100 et
2918 4048 3149 4116 jusserat
3175 4050 3225 4102 in
3252 4050 3476 4104 alienam
3498 4052 3578 4106 ire

2007 4149 2222 4203 terram,
2250 4137 2479 4207 inquam
2500 4152 2620 4192 cum
2645 4139 2897 4200 venisset,
2923 4149 3186 4206 tamquam
3209 4154 3372 4209 vagus
3390 4142 3578 4212 agebat

2005 4237 2059 4280 et
2089 4228 2396 4296 peregrinus
2416 4266 2433 4293 ,
2461 4234 2640 4294 utpote
2666 4225 2978 4282 Cltanana-is
3009 4228 3112 4282 illic
3137 4229 3307 4284 adhuc
3334 4231 3568 4284 habitan-

2007 4316 2166 4380 tibus,
2197 4316 2466 4385 inquirens
2493 4316 2580 4370 ubi
2607 4316 2928 4370 domicilium
2953 4318 3217 4373 collocare
3245 4319 3414 4388 ipsum
3443 4336 3568 4375 con-

2006 4409 2209 4463 veniret
2229 4426 2244 4462 :
2264 4409 2435 4463 bonus
2450 4408 2705 4464 Dominus
2719 4409 2980 4464 consolari
3000 4427 3143 4478 eum,
3161 4419 3215 4466 ct
3234 4411 3350 4481 ejus
3371 4413 3579 4468 firmare

2005 4497 2329 4552 alacritatem
2355 4499 2558 4564 volens,
2583 4509 2639 4552 ut
2664 4514 2732 4553 ne
2756 4507 3102 4569 torpesceret,
3126 4516 3296 4571 neque
3319 4501 3584 4557 dubitaret

2005 4589 2076 4644 dc
2113 4590 2464 4658 promissione
2486 4590 2597 4660 jam
2625 4590 2727 4645 sibi
2759 4592 2891 4646 facta
2915 4631 2931 4657 ,
2959 4609 3062 4662 qua
3087 4593 3218 4647 dixit
3247 4609 3265 4648 ε
3304 4593 3424 4647 Veni
3449 4594 3582 4660 line,

2006 4692 2053 4734 et
2085 4681 2270 4752 faciam
2293 4691 2340 4735 te
2365 4682 2418 4734 in
2441 4692 2632 4752 gentem
2658 4699 2892 4750 magnam
2917 4682 3376 4752 (quandoquidem
3402 4684 3580 4738 diver-

2007 4787 2066 4826 sa
2091 4786 2120 4824 a
2150 4771 2499 4840 promissione
2523 4771 2734 4825 videbat
2754 4772 2863 4826 ﬁeri
2889 4813 2904 4836 ,
2931 4782 2986 4825 et
3024 4787 3082 4825 se
3119 4772 3460 4825 obambulare
3507 4775 3581 4826 uti

2007 4862 2269 4930 abiectum
2299 4871 2353 4916 et
2381 4863 2536 4914 vilem
2555 4901 2572 4926 ,
2597 4873 2650 4916 et
2673 4862 2817 4914 ontui
2846 4860 3089 4929 praesidio
3109 4861 3415 4914 destLtutum
3435 4903 3453 4926 ,
3486 4876 3585 4916 ne-

2007 4968 2112 5022 que
2137 4953 2418 5006 habentem
2445 4951 2533 5005 ubi
2560 4951 2842 5005 diverteret
2864 4951 2915 5020 ),
2946 4960 3002 5004 ut
3029 4952 3183 5021 igitur
3208 4962 3436 5006 mentem
3470 4953 3587 5021 cjns

2007 5044 2221 5110 excitet,
2248 5044 2417 5113 inquit
2442 5061 2454 5096 :
2485 5043 2548 5096 Et
2575 5044 2706 5096 visus
2724 5053 2794 5096 est
2823 5041 3065 5096 Dominus
3080 5043 3241 5106 Abrte,
3271 5053 3316 5096 et
3345 5043 3470 5097 dixit
3495 5045 3543 5096 ei
3566 5059 3585 5096 :

2009 5133 2204 5188 Semini
2234 5145 2318 5187 tuo
2343 5133 2472 5186 dabo
2503 5141 2684 5185 terram
2713 5133 2863 5185 Itane.
2913 5131 3012 5185 Est
3052 5141 3106 5186 et
3137 5132 3250 5186 haec
3277 5133 3586 5201 pollicitatio

2009 5241 2216 5296 magna,
2244 5233 2299 5278 et
2323 5224 2510 5279 similis
2535 5223 2610 5276 illi
2636 5239 2729 5292 per
2751 5238 2909 5291 quam
2938 5238 3059 5277 eum
3081 5239 3110 5275 a
3131 5222 3289 5276 donto
3312 5235 3582 5278 evocarat.

2009 5320 2225 5374 Dixerat
2259 5317 2403 5372 enim
2445 5332 2461 5369 :
2503 5315 2844 5385 Magni/icabo
2873 5330 3050 5368 nomen
3087 5325 3228 5367 tuum
3256 5330 3274 5368 :
3305 5325 3580 5384 propterea

2008 5423 2149 5464 nunc
2169 5408 2360 5462 iterum
2380 5406 2510 5461 dicit
2538 5423 2552 5458 :
2582 5406 2775 5461 Semini
2802 5416 2888 5458 tuo
2913 5406 3041 5458 dabo
3067 5415 3251 5460 terram
3273 5406 3424 5461 hanc.
3447 5406 3577 5460 Nam

2006 5514 2127 5553 cum
2149 5497 2257 5566 jam
2289 5513 2447 5550 senex
2474 5507 2611 5550 esset
2637 5496 2812 5564 juxtus
2833 5538 2848 5562 ,
2875 5497 3084 5565 lilioque
3113 5506 3318 5551 careret
3341 5498 3409 5550 ob
3435 5498 3581 5552 Sara:

2007 5589 2336 5642 sterilitatem
2363 5627 2379 5652 ,
2415 5587 2671 5656 promittit
2710 5603 2770 5642 se
2799 5588 2845 5641 ei
2868 5629 2883 5652 ,
2911 5587 2999 5655 qui
3041 5603 3105 5641 ex
3138 5588 3253 5656 ipso
3282 5591 3581 5646 nasciturus

2008 5678 2099 5742 sit,
2120 5687 2314 5732 terram
2335 5675 2596 5730 daturum.
2633 5676 3043 5731 Misericordiam
3075 5677 3166 5731 Dei
3191 5677 3296 5742 hic,
3321 5693 3437 5744 oro,
3463 5695 3578 5733 eort-

2008 5767 2181 5822 sidera
2213 5808 2227 5833 ,
2258 5765 2524 5835 quomodo
2551 5782 2670 5821 cum
2701 5767 2970 5836 praesciret
3001 5766 3128 5836 justi
3167 5767 3443 5831 virtutem,
3473 5769 3584 5822 vult

2007 5874 2130 5914 eum
2159 5858 2404 5913 omnibus
2433 5857 2768 5912 manifestum
2799 5858 2974 5914 facere
2994 5899 3010 5926 ,
3036 5868 3090 5914 et
3112 5859 3164 5914 ιιι
3191 5859 3361 5914 lucem
3389 5856 3579 5912 εὔει-ιε
