4060 6426
549 419 654 478 295

549 529 700 595 quasi
732 529 1070 601 margaritam
1101 529 1333 598 aliquam
1361 539 1487 583 ante
1513 525 1794 582 occultam.
1832 523 1983 580 Unde
2010 537 2131 578 eum

555 621 937 688 promissiones
955 619 1398 692 promissionibus
1421 618 1774 687 adjunxissct,
1798 617 1989 672 iterum
2015 629 2138 685 par-

552 729 669 767 vam
691 727 897 768 moram
917 711 1079 768 trahit
1097 721 1151 767 et
1170 711 1365 777 diﬂ‘ert,
1383 721 1442 764 ut
1463 709 1561 765 hac
1583 708 1914 778 potissimum
1930 708 2136 763 ratione

549 806 864 876 patriarcha:
900 806 1071 876 pietas
1114 813 1477 869 monstretur,
1507 803 1628 872 quia
1669 817 1756 855 res
1793 814 1950 856 secus
1976 815 2134 879 quam

551 895 996 965 promittebantur
1019 896 1233 952 evenire
1259 894 1441 948 videns
1461 894 1648 948 beatus
1670 893 1777 954 ille,
1801 906 1906 946 non
1931 891 2139 960 inquie-

550 999 635 1042 tus
662 996 778 1042 erat
801 1028 818 1053 ,
845 1002 946 1043 nec
975 987 1257 1057 impatiens
1276 1028 1289 1049 ,
1319 1000 1418 1040 nec
1447 983 1786 1048 turbabatur,
1821 983 1914 1037 sed
1947 985 2137 1038 immo-

552 1089 664 1134 tum
691 1077 918 1132 habebat
937 1077 1194 1139 animum,
1217 1082 1394 1131 certus
1415 1089 1478 1130 ea
1503 1089 1622 1142 quae
1646 1075 1812 1129 semel
1841 1087 1872 1127 a
1900 1072 2011 1128 Deo
2034 1073 2134 1127 s'ibi

551 1171 816 1239 promissa
844 1167 1056 1222 fuerant
1075 1207 1089 1229 ,
1120 1175 1234 1220 rata
1265 1173 1324 1221 et
1362 1164 1515 1218 ﬁrma
1553 1162 1690 1219 fore.
1723 1163 1979 1218 Paulatim
2009 1177 2136 1218 vero

551 1269 947 1330 perscrutemnr
973 1255 1176 1326 singula
1197 1298 1212 1322 ,
1245 1267 1305 1312 ut
1329 1255 1408 1310 sic
1437 1255 1688 1313 solertem
1713 1253 1898 1324 Optimi
1926 1253 2020 1307 Dci
2047 1268 2134 1308 sa-

551 1351 800 1421 pientiam
824 1391 841 1416 ,
871 1349 1136 1419 simulque
1176 1363 1360 1403 curam
1401 1364 1558 1415 quam
1598 1363 1724 1417 erga
1761 1347 1960 1416 justum
1996 1347 2136 1403 hunc

547 1442 852 1507 declaravit,
881 1453 936 1498 et
975 1439 1290 1510 patriarchm
1330 1441 1382 1495 in
1416 1440 1694 1495 Dominum
1722 1455 1960 1496 amorem
1985 1440 2136 1495 addi-

547 1548 777 1589 scamus.
808 1530 878 1586 Et
905 1533 1040 1586 visus
1062 1541 1156 1598 est,
1180 1532 1368 1601 inquit.
1393 1530 1640 1586 Dominus
1665 1531 1830 1586 Abrae.
1855 1530 2133 1596 Quomodo

550 1623 696 1678 visus
721 1623 847 1679 est?
887 1622 1038 1678 Sicut
1075 1621 1192 1691 ipse
1219 1621 1360 1676 Deus
1400 1621 1548 1679 solus
1589 1624 1728 1687 scit,
1755 1629 1812 1677 et
1839 1621 1928 1677 ille
1954 1622 2136 1679 videre

551 1714 740 1784 potuit.
768 1711 887 1770 Non
911 1713 1056 1769 enim
1081 1711 1187 1768 hoc
1207 1711 1386 1769 dicere
1409 1712 1680 1774 desinam,
1708 1711 2135 1782 quandoquidem

552 1803 771 1860 modum
795 1804 982 1875 ignoro
1009 1821 1025 1859 :
1050 1802 1213 1860 audio
1233 1802 1380 1859 enim
1404 1802 1579 1858 solum
1603 1801 1931 1873 Scripturam
1957 1803 2136 1860 dicen.

549 1903 661 1949 tem
694 1910 710 1948 :
752 1893 820 1948 Et
848 1894 981 1949 risus
1021 1903 1098 1949 est
1141 1893 1385 1950 Dominus
1422 1892 1560 1948 Deus
1586 1893 1768 1962 Abrat,
1797 1903 1844 1951 et
1873 1896 1998 1950 dixit
2034 1895 2082 1950 ei
2115 1910 2137 1950 :

549 1985 747 2041 Semini
773 1995 858 2039 tuo
881 1986 1013 2040 dabo
1041 1996 1228 2040 terrain
1255 1985 1408 2042 hanc.

626 2076 742 2132 Non
768 2079 1064 2132 deseruntur
1087 2094 1123 2132 a
1152 2076 1260 2132 Deo
1277 2078 1317 2131 ii
1339 2094 1463 2145 quos
1485 2077 1604 2132 sinit
1623 2078 2136 2150 optigt—Memorat

545 2178 718 2225 estote
750 2171 1162 2239 promissionum
1188 2185 1307 2241 quae
1333 2185 1363 2224 a
1395 2170 1505 2226 Deo
1534 2169 1686 2226 facta:
1715 2180 1873 2238 sunt,
1921 2181 1979 2228 ut
2012 2188 2136 2228 cum

545 2263 823 2320 audieritis
838 2263 1040 2334 justum
1062 2264 1224 2319 variis
1246 2263 1459 2319 casibus
1473 2263 1683 2332 jactari,
1701 2263 1918 2319 discatis
1937 2275 2135 2335 quanta

547 2358 708 2413 fuerit
736 2355 1070 2427 pliilosOphia
1098 2356 1406 2421 instructus,
1429 2371 1590 2426 quam
1607 2355 1776 2412 solida
1799 2355 2132 2423 fortitudine,

545 2463 706 2518 quam
735 2449 892 2502 ﬁrmo
914 2457 970 2502 et
996 2447 1217 2501 immoto
1239 2445 1294 2500 in
1326 2445 1496 2500 Deum
1518 2461 1723 2514 amore,
1750 2457 1804 2502 et
1827 2462 1896 2502 ex
1923 2448 1990 2503 iis
2016 2463 2134 2518 quae

546 2540 688 2606 justo
711 2536 783 2592 illi
811 2536 1149 2607 contigerunt
1171 2575 1190 2602 ,
1215 2535 1530 2591 erudiamini
1554 2577 1570 2602 ,
1603 2545 1660 2591 ut
1684 2553 1753 2593 ne
1779 2538 2092 2594 existimetis
2113 2579 2132 2607 ,

546 2644 676 2683 eum
700 2627 1013 2684 derelictum
1033 2641 1156 2682 esse
1181 2641 1213 2681 a
1255 2626 1368 2682 Deo
1388 2667 1404 2693 ,
1433 2626 1479 2682 si
1504 2626 1719 2697 quando
1743 2628 1980 2685 videritis
2007 2644 2134 2700 pro-

546 2719 677 2774 bum
716 2719 948 2788 aliquem
977 2717 1358 2773 tentationibus
1387 2717 1467 2772 vel
1496 2716 1616 2774 aliis
1662 2719 1817 2788 hujus
1844 2719 1966 2775 vitae
1993 2719 2134 2776 afﬁi-

544 2811 811 2867 ctionibus
836 2811 1018 2866 vexari
1049 2827 1063 2864 :
1092 2809 1186 2864 sed
1211 2809 1510 2880 cogitantes
1547 2809 1895 2881 multiplicem
1918 2811 2134 2880 dispen-

545 2903 812 2958 sationum
857 2901 952 2956 Dei
993 2900 1308 2956 varietatem
1330 2941 1346 2965 ,
1387 2899 1566 2955 omnia
1612 2900 2133 2972 iucomprehensihili

543 2998 665 3066 ejus
705 2994 1053 3066 providentiae
1094 2994 1426 3064 relinquatis.
1476 2993 1611 3048 Nam
1653 2994 1698 3049 si
1742 2995 1943 3064 justum
1985 2996 2134 3050 illum

544 3101 658 3146 tam
683 3090 832 3161 pium
849 3128 868 3154 ,
896 3095 1207 3156 tantamque
1233 3101 1346 3157 prae
1368 3099 1428 3142 se
1455 3085 1712 3142 ferentem
1735 3086 2091 3142 obedientiam
2112 3127 2130 3155 ,

549 3179 812 3254 permittit
852 3179 943 3235 tali
973 3177 1134 3233 modo
1173 3177 1364 3232 tentari
1407 3191 1514 3247 quo
1543 3176 1724 3230 statim
1751 3176 1886 3232 bene
1913 3177 2092 3233 scietis
2113 3219 2131 3244 ,

545 3289 655 3329 non
684 3269 985 3342 despiciens
1010 3267 1266 3324 famulum
1292 3284 1468 3335 suum,
1498 3267 1595 3323 sed
1623 3268 1743 3322 aliis
1766 3269 2013 3325 omnibus
2035 3285 2135 3326 vo-

546 3367 666 3422 lens
686 3362 828 3419 illius
849 3361 1098 3432 detegere
1123 3360 1373 3415 virtutem
1393 3357 1553 3433 (solet
1571 3359 1716 3414 enim
1740 3361 1808 3414 ita
1828 3376 1951 3417 cum
1974 3362 2134 3432 justis

545 3457 794 3515 omnibus
811 3473 1002 3530 agere;
1025 3467 1080 3516 et
1099 3468 1358 3531 quotquot
1375 3458 1676 3516 divinarum
1697 3459 1982 3516 lectionum
2002 3461 2134 3516 estis

545 3550 790 3615 studiosi,
817 3551 1060 3621 poteritis
1083 3566 1156 3606 ex
1183 3549 1550 3620 superioribus
1567 3550 1776 3605 discere
1795 3559 1850 3605 et
1872 3551 2130 3616 invenire,

543 3656 669 3696 eum
707 3641 783 3697 ita
811 3641 1129 3696 famulorum
1153 3656 1374 3698 suorum
1401 3641 1562 3698 vitam
1582 3640 1893 3710 dispensane
1912 3641 1932 3711 )
1953 3680 1968 3705 ,
1995 3656 2127 3710 quu-

545 3730 709 3786 modo
747 3731 912 3802 igitur
939 3745 1046 3786 non
1070 3742 1327 3787 extremae
1364 3730 1526 3786 fuerit
1565 3730 1918 3800 improbitatis
1944 3731 2132 3786 existi-

545 3837 716 3889 mare,
749 3822 861 3877 Deo
887 3821 1005 3876 haec
1031 3820 1358 3876 concedente
1378 3821 1582 3891 justum
1605 3819 1919 3876 derelictum
1937 3820 2129 3886 fuisse,

542 3925 600 3970 et
645 3930 751 3970 non
795 3914 971 3985 potius
1013 3913 1138 3970 inde
1173 3929 1379 3985 magnai
1417 3913 1764 3984 providentiae
1801 3913 2135 3984 ingentisque

542 4005 845 4061 clementiae
872 4005 1082 4076 signum
1113 4004 1364 4060 sumere?
1383 4004 1686 4060 Ostendens
1713 4003 1871 4074 igitur
1893 4004 2135 4059 eminen-

541 4108 654 4152 tem
677 4097 843 4168 ipsius
864 4099 1141 4166 virtutem,
1173 4097 1289 4153 htec
1317 4098 1423 4154 duo
1447 4105 1683 4168 praestat,
1708 4111 1985 4154 servorum
2009 4113 2134 4153 suo-

539 4205 664 4245 rum
683 4190 992 4259 patientiam
1017 4187 1487 4260 fortitudinemque
1513 4190 1688 4260 palam
1714 4188 1840 4244 facit
1859 4189 2128 4256 omnibus,

537 4291 598 4334 et
625 4280 974 4351 providentia:
995 4294 1108 4334 sua:
1131 4280 1452 4349 sapientiam
1479 4280 1639 4334 etiam
1678 4280 1731 4334 in
1763 4279 1953 4335 mediis
1989 4282 2131 4350 peri-

539 4371 682 4425 culis
720 4369 1226 4437 diﬂicultatibusque
1267 4368 1492 4423 summis
1534 4368 1768 4425 ostendit
1799 4386 1812 4422 :
1842 4385 1964 4424 nam
2008 4385 2132 4424 cum

546 4475 714 4529 prope
753 4459 1042 4528 deplorata:
1080 4460 1189 4514 sint
1220 4473 1310 4514 res
1332 4499 1347 4522 ,
1374 4469 1502 4513 tunc
1528 4475 1784 4528 quorsum
1809 4461 1923 4515 vult
1950 4460 2134 4531 dirigit

545 4552 723 4606 omnia
748 4592 764 4616 ,
797 4565 969 4621 neque
996 4550 1194 4621 aliquid
1220 4550 1551 4606 difﬁcultatis
1580 4551 1633 4604 in
1674 4551 1852 4606 medio
1879 4561 1963 4606 est
1990 4552 2132 4621 quod

549 4641 808 4712 impedire
847 4651 1025 4712 queat.
1075 4641 1139 4696 Et
1178 4643 1314 4696 visus
1352 4650 1459 4708 est,
1491 4642 1695 4711 inquit,
1727 4641 1970 4696 Dominus
1999 4643 2134 4700 Deus

544 4733 711 4797 Abrte,
736 4743 783 4788 et
807 4733 936 4787 dixit
959 4734 1004 4787 ei
1026 4749 1047 4788 :
1069 4732 1267 4788 Semini
1293 4741 1380 4786 tuo
1403 4732 1533 4787 dabo
1557 4743 1740 4786 terram
1767 4733 1916 4786 hanc.
1948 4733 2131 4805 Magna

547 4835 604 4880 ct
651 4824 1020 4879 desiderabilis
1065 4823 1383 4894 promissio,
1431 4824 1723 4893 praesertim
1764 4823 1928 4894 justo.
1974 4822 2134 4881 Scitis

548 4919 725 4984 enim,
753 4916 1021 4988 quomodo
1061 4917 1150 4986 qui
1187 4918 1295 4987 jam
1337 4925 1600 4986 provectae
1641 4919 1930 4973 senectutis
1973 4929 2130 4985 sunt,

549 5023 606 5066 et
633 5025 848 5065 omnem
874 5011 1039 5064 vitam
1062 5010 1262 5077 absque
1299 5009 1480 5065 liberis
1511 5019 1882 5079 transegerunt
1903 5052 1917 5073 ,
1945 5019 2134 5080 eptant

548 5103 766 5157 liberos.
818 5099 1001 5170 Itaque
1040 5099 1296 5155 Dominus
1339 5099 1656 5155 obedientite
1701 5100 2000 5155 mercedem
2033 5102 2131 5171 ipsi

553 5192 820 5264 praebens,
846 5191 968 5261 quia
995 5205 1119 5245 mox
1148 5199 1206 5245 ut
1228 5189 1448 5252 audivit,
1479 5189 1732 5260 Egredere
1754 5191 1818 5244 de
1845 5201 1977 5245 terra
2006 5204 2117 5258 tuo,

543 5301 650 5339 non
675 5299 858 5339 moras
882 5283 1059 5350 traxit,
1083 5298 1188 5338 non
1208 5283 1432 5349 distulit,
1455 5283 1548 5337 sed
1570 5283 1806 5337 obedivit
1825 5284 2128 5353 imperanti,

545 5385 600 5430 ct
622 5375 766 5447 quod
792 5376 1111 5446 imperatum
1135 5385 1249 5431 erat
1270 5390 1392 5430 mox
1419 5374 1563 5441 fecit,
1587 5373 1794 5446 inquit:
1821 5374 2022 5430 Semini
2047 5387 2132 5432 tuo

543 5467 675 5522 dabo
699 5476 885 5522 terram
911 5468 1064 5522 hanc.

613 5557 664 5611 5.
709 5557 1052 5610 Abrahamum
1076 5557 1374 5628 migrantem
1399 5558 1683 5621 comitatur,
1712 5557 1916 5629 singula
1935 5559 1998 5612 ab
2019 5559 2132 5628 ipso

540 5649 627 5720 pie
662 5659 778 5702 acta
828 5659 1031 5702 notans.
1064 5677 1138 5689 --
1162 5648 1299 5705 Vide
1328 5647 1596 5719 quomodo
1637 5663 1733 5718 per
1771 5650 1875 5705 hoc
1910 5648 2130 5706 verbum

543 5747 778 5795 mentem
809 5737 923 5806 ejus
943 5737 1116 5807 erigit,
1146 5748 1200 5792 et
1228 5737 1580 5793 sufﬁcientem
1604 5737 1653 5793 ei
1682 5738 1868 5793 tribuit
1888 5738 2129 5794 laborum

547 5826 870 5884 mercedem.
904 5827 1132 5882 Proinde
1157 5838 1209 5884 et
1234 5829 1445 5898 justus,
1480 5838 1684 5899 gratum
1723 5829 1983 5887 exhibens
2008 5831 2126 5886 ani-

1251 417 1309 474 S.
1349 414 1624 472 JOANNIS
1659 409 2130 470 CIIBYSOSTOMI
2170 409 2486 468 ARCIIIEP.
2525 410 3059 473 CONSTANTINOP.

3707 419 3815 477 296

2244 537 2388 576 mum
2431 522 2608 576 statim
2653 522 2718 577 ad
2762 524 3050 592 gratiarum
3091 525 3355 601 actionem
3385 531 3736 586 convertitur.
3771 532 3834 585 lit

2250 613 2483 666 rxstruxit
2508 613 2630 678 illic,
2655 613 2843 682 inquit,
2867 615 3030 668 altare
3047 612 3286 676 Domino.
3313 634 3458 684 quem
3481 620 3688 674 viderat.
3703 623 3834 678 Vide

2243 705 2342 775 pia:
2381 705 2573 759 mentis
2600 705 2894 774 specimen.
2929 705 2994 760 Et
3019 706 3189 760 locum
3218 708 3409 776 ipsum,
3441 710 3528 764 ubi
3565 712 3834 781 colloquio

2240 810 2363 850 cum
2411 795 2520 852 Deo
2564 796 2810 866 dignatus
2851 802 3024 852 fuerat
3047 839 3062 862 ,
3089 801 3420 854 consecravit
3455 812 3508 856 et
3540 805 3830 873 gratiarum

2240 888 2502 943 actionem
2534 903 2629 957 pro
2651 889 2848 942 viribus
2873 888 3180 945 declaravit.
3210 891 3321 946 Hoc
3340 893 3481 947 enim
3507 895 3652 965 quod
3683 896 3831 964 dicit,

2240 977 2504 1032 Exstruit
2533 980 2713 1046 altare,
2733 980 2870 1035 idem
2901 991 2985 1036 est
3009 981 3149 1051 quod
3169 1024 3185 1050 ,
3215 982 3428 1039 Gratias
3453 985 3520 1040 de
3552 990 3829 1056 promissis

2240 1069 2366 1138 egit.
2401 1068 2466 1122 Et
2509 1068 2647 1122 sicut
2673 1068 2921 1126 homines
2953 1087 3351 1144 nonnumquam
3381 1076 3615 1132 amicitia
3656 1091 3832 1132 movet

2241 1166 2298 1212 ut
2327 1157 2397 1212 ibi
2427 1158 2616 1213 domos
2639 1159 2922 1223 aediﬁcent,
2953 1161 3042 1216 ubi
3083 1177 3205 1217 cum
3231 1165 3499 1234 germanis
3525 1177 3574 1221 et
3605 1167 3833 1223 sinceris

2238 1249 2426 1303 amicis
2469 1259 2746 1304 versantur
2784 1259 2840 1306 et
2891 1253 3298 1322 colloquuntur,
3333 1265 3386 1309 et
3429 1257 3578 1310 multi
3620 1274 3832 1328 quoque

2239 1350 2382 1405 saepe
2408 1336 2648 1393 civitates
2668 1338 2826 1393 etiam
2847 1338 3222 1408 condiderunt,
3245 1341 3437 1411 quibus
3458 1358 3523 1398 ex
3545 1347 3832 1401 occasione

2239 1442 2559 1498 congressus
2596 1443 2718 1484 cum
2748 1431 2934 1487 amicis
2970 1433 3182 1486 nomina
3213 1433 3497 1490 indidere:
3527 1438 3598 1490 ita
3643 1448 3701 1494 et
3743 1439 3832 1510 ju-

2237 1531 2354 1576 stus
2385 1521 2472 1576 ille
2491 1563 2505 1585 ,
2533 1521 2622 1576 ubi
2656 1523 2913 1578 visionem
2943 1523 3040 1580 Dei
3077 1535 3394 1597 assequutus
3422 1537 3502 1582 est
3522 1571 3538 1592 ,
3565 1529 3833 1585 Exstruxil

2238 1612 2400 1666 altare
2428 1610 2647 1668 Domino
2669 1629 2814 1679 quem
2846 1615 3055 1679 viderat,
3083 1616 3136 1671 8.
3164 1625 3211 1672 et
3247 1617 3474 1672 discessit
3518 1619 3657 1674 inde.
3689 1621 3831 1687 Quid

2237 1713 2341 1767 est,
2375 1703 2441 1758 Et
2467 1705 2694 1761 discessit
2720 1706 2874 1762 inde?
2897 1707 3030 1775 Quia
3057 1707 3168 1764 Deo
3196 1709 3344 1765 locus
3371 1710 3459 1767 ille
3482 1723 3833 1770 consecratus

2238 1805 2292 1850 et
2319 1793 2429 1850 Deo
2451 1796 2810 1852 sanctiﬁcatus
2839 1806 2954 1852 erat
2978 1839 2993 1862 ,
3020 1797 3259 1854 Discessit
3291 1800 3443 1868 inde,
3473 1813 3518 1855 et
3547 1805 3750 1858 transiit
3778 1806 3833 1859 in

2238 1896 2454 1940 montem
2481 1903 2650 1942 versus
2681 1887 2936 1943 Orientem
2960 1888 3156 1956 Bethel,
3183 1899 3232 1944 et
3256 1891 3412 1946 erexit
3437 1891 3506 1945 ibi
3527 1894 3834 1950 tabernacu-

2238 1976 2344 2032 lum
2388 1994 2538 2033 suutn
2562 1995 2582 2032 :
2612 1980 3046 2046 tumultuarium,
3072 1981 3277 2052 inquit,
3317 1982 3640 2040 domicilium
3679 1987 3829 2042 fecit.

2240 2066 2372 2122 Vide
2390 2069 2660 2140 quomodo
2685 2080 2801 2126 erat
2823 2071 3043 2142 frugalis
3061 2113 3076 2138 ,
3103 2080 3159 2127 et
3194 2072 3373 2128 luxum
3404 2074 3658 2146 fugiebat,
3689 2093 3831 2148 quu-

2237 2159 2399 2215 modo
2416 2169 2521 2216 tam
2547 2161 2846 2232 expeditus,
2874 2170 2931 2217 ut
2958 2178 3080 2218 cum
3105 2178 3272 2219 uxore
3304 2173 3359 2220 et
3385 2165 3592 2222 famulis
3619 2177 3727 2224 tam
3752 2169 3830 2225 fa-

2236 2251 2339 2306 cile
2377 2252 2649 2323 migraret.
2690 2253 2921 2312 Audiant
2949 2254 3086 2322 viri,
3132 2254 3351 2312 audiant
3391 2259 3660 2315 mulieres.
3690 2260 3848 2315 Nam

2236 2355 2379 2411 saepe
2405 2344 2456 2396 in
2480 2343 2654 2398 villam
2674 2353 2878 2400 tantum
2906 2344 3056 2400 exire
3078 2345 3337 2413 volentes,
3360 2348 3521 2403 multa
3552 2351 3829 2418 molimur,

2241 2432 2501 2501 valdeque
2528 2434 2770 2504 occupati
2799 2449 3004 2501 sumus,
3027 2451 3094 2493 eo
3116 2437 3258 2508 quod
3287 2438 3510 2510 plurima
3544 2441 3826 2496 nobiscum

2237 2521 2531 2589 trahamus,
2557 2541 2678 2594 qua:
2705 2542 2809 2581 non
2834 2527 3006 2582 solum
3033 2544 3140 2582 non
3166 2537 3292 2584 sunt
3316 2531 3469 2586 nobis
3491 2532 3626 2596 usui,
3654 2533 3748 2589 scd
3773 2545 3833 2590 et

2236 2627 2630 2683 supervacanea
2649 2657 2666 2684 ,
2687 2623 2744 2672 et
2770 2617 2973 2672 inutilia
2993 2658 3012 2686 ,
3038 2628 3093 2674 et
3120 2635 3327 2690 pompae
3351 2622 3518 2692 gratia
3545 2634 3830 2694 apparata,

2235 2720 2356 2775 qua:
2381 2706 2655 2761 nobiscum
2684 2707 2927 2764 ducimus
2967 2719 3021 2765 ct
3047 2711 3488 2768 circumferimus.
3513 2713 3710 2770 Verum
3731 2717 3830 2786 ju-

2235 2805 2350 2852 stus
2379 2797 2469 2852 ille
2509 2812 2617 2852 non
2651 2797 2729 2854 sic
2755 2798 2896 2868 egit;
2920 2799 3016 2855 sed
3042 2800 3164 2870 quia
3193 2801 3451 2856 Dominus
3469 2802 3716 2874 dignatus
3742 2818 3833 2862 est

2235 2903 2356 2946 cum
2386 2889 2504 2959 ipso
2531 2889 2856 2962 colloquium
2883 2890 3112 2958 habere,
3145 2893 3320 2950 locum
3342 2899 3708 2964 consecravit,
3741 2901 3830 2954 al-

2238 2987 2354 3034 tare
2388 2980 2686 3044 exstruxit,
2711 2995 2776 3037 ac
2818 2996 3008 3053 magna
3040 2981 3293 3039 facilitate
3319 2985 3424 3039 alio
3471 2985 3738 3057 migravit.
3767 2990 3827 3044 8.

2235 3067 2307 3124 Et
2326 3072 2484 3126 erexit
2507 3071 2614 3126 illic
2639 3072 3016 3126 tabernaculum
3039 3090 3188 3128 suum
3212 3075 3264 3128 in
3300 3073 3477 3130 Betltel
3504 3079 3657 3148 juxta
3687 3096 3831 3134 mare

2236 3171 2285 3216 et
2313 3161 2485 3234 Agger,
2505 3179 2675 3219 versus
2702 3163 2976 3218 Orientem.
3009 3164 3074 3219 Et
3100 3166 3394 3235 adiﬁcavit,
3428 3169 3615 3239 inqttit,
3643 3171 3712 3224 ibi
3746 3172 3830 3224 al-

2237 3263 2346 3308 tare
2371 3253 2612 3320 Domino,
2643 3267 2687 3310 et
2715 3255 2960 3310 invocavit
2985 3258 3038 3312 in
3059 3259 3260 3312 nomine
3286 3257 3512 3314 Domini.
3539 3261 3668 3317 Vide
3689 3279 3826 3332 quo-

2238 3344 2400 3399 modo
2427 3360 2521 3414 per
2543 3345 2722 3400 omnia
2753 3346 3055 3417 religiosam
3081 3359 3313 3404 mentem
3341 3365 3447 3419 pra!
3481 3365 3540 3406 se
3570 3351 3690 3406 fert.
3716 3351 3828 3409 Illic

2236 3435 2379 3490 enim
2419 3435 2488 3489 ob
2531 3435 2938 3503 promissionem
2980 3436 3082 3492 sibi
3121 3453 3151 3491 a
3195 3437 3303 3493 Deo
3345 3439 3534 3494 factam
3563 3457 3827 3498 erantex-

2235 3526 2465 3591 struxit,
2492 3533 2547 3580 ct
2573 3525 2693 3581 loco
2720 3534 3032 3582 consecrato
3055 3527 3300 3583 discessit
3330 3547 3344 3583 :
3372 3529 3458 3585 hic
3482 3542 3656 3604 autem
3699 3537 3825 3604 quia

2239 3618 2642 3674 tabernaculum
2699 3620 2926 3687 ﬁxerat,
2977 3620 3168 3676 iterum
3216 3619 3551 3692 .Ediﬁcavit,
3620 3625 3824 3696 inquit,

2235 3710 2398 3764 altare
2467 3710 2685 3765 Domino
2706 3752 2724 3779 ,
2795 3721 2844 3766 et
2912 3712 3160 3766 invocavit
3227 3713 3282 3766 in
3341 3715 3542 3769 nomine
3596 3715 3824 3772 Domini.

2238 3798 2426 3854 Vidisti
2473 3811 2704 3856 mentem
2754 3801 2891 3856 bene
2923 3801 3252 3867 institutam,
3281 3812 3334 3858 et
3378 3805 3649 3874 sapientite
3677 3806 3824 3861 dedi-

2237 3891 2384 3944 tant?
2409 3890 2582 3946 vidisti
2602 3891 2868 3961 quomodo
2883 3891 3026 3962 quod
3044 3893 3284 3948 scribens
3303 3893 3578 3950 admonuit
3596 3897 3827 3952 admira-

2237 3983 2357 4040 bilis
2376 3983 2522 4039 orbis
2549 3984 2738 4040 doctor
2759 3984 2946 4040 beatus
2967 3985 3180 4046 Paulus.
3203 3985 3387 4040 dicens
3419 4003 3433 4040 :
3470 3985 3535 4041 In
3561 3990 3700 4044 omni
3717 3990 3828 4044 loco

2236 4081 2457 4134 levantes
2466 4088 2669 4132 sanctas
2683 4095 2862 4132 manus
2884 4079 2930 4149 (l
2944 4117 2959 4131 .
2979 4077 3109 4131 Tim.
3128 4078 3182 4131 ‘2.
3198 4075 3254 4148 8)
3272 4095 3283 4129 :
3300 4078 3350 4132 id
3367 4080 3666 4149 patriarcha
3682 4084 3828 4150 prius

2237 4185 2399 4241 opere
2417 4170 2722 4240 complevit,
2737 4170 2788 4224 in
2805 4170 3026 4239 singulis
3043 4169 3173 4225 locis
3190 4171 3376 4226 altaria
3397 4172 3628 4244 erigens,
3651 4185 3706 4228 et
3726 4176 3812 4230 Do

2237 4263 2384 4318 mino
2397 4264 2600 4334 gratias
2617 4263 2820 4335 agens?
2847 4263 3063 4319 Sciebat
3088 4264 3252 4330 enim,
3279 4266 3480 4321 sciebat
3521 4269 3824 4337 manifeste,

2238 4354 2368 4409 nihil
2384 4354 2527 4409 aliud
2547 4355 2817 4426 requirere
2831 4354 2901 4410 ab
2916 4353 3150 4410 humano
3163 4371 3359 4426 genere
3375 4357 3541 4412 Deum
3564 4360 3823 4427 universi,

2237 4456 2358 4517 post
2384 4448 2660 4505 innumera
2687 4456 2744 4504 et
2771 4446 3058 4506 inellabilia
3080 4447 3334 4504 beneﬁcia
3357 4465 3452 4506 sua
3471 4491 3488 4516 ,
3520 4467 3683 4522 quam
3704 4453 3826 4508 ani-

2237 4554 2382 4593 mum
2406 4539 2695 4609 gratiarum
2720 4540 2915 4596 actioni
2941 4539 3267 4609 studentem,
3296 4551 3349 4596 et
3371 4551 3588 4612 accepta
3618 4543 3825 4599 beneﬁ-

2236 4632 2316 4685 cia
2337 4630 2699 4687 conﬁtentem.
2731 4633 2993 4688 Caeterum
3023 4631 3318 4696 videamus,
3337 4635 3607 4702 quomodo
3627 4646 3680 4690 et
3702 4636 3828 4692 hinc

2233 4720 2409 4791 justus
2436 4721 2648 4791 migrat.
2676 4721 2728 4777 9.
2756 4721 2821 4776 Et
2847 4722 3095 4787 discessit,
3143 4723 3330 4793 inquit,
3357 4723 3566 4790 Abram,
3591 4737 3636 4780 et
3655 4732 3829 4797 profc-

2235 4822 2347 4866 ctus
2385 4821 2766 4868 castramelatus
2805 4822 2877 4867 est
2907 4813 2960 4868 in
2988 4813 3275 4868 solitudine.
3312 4813 3444 4870 Vide
3471 4815 3663 4870 iterum
3694 4819 3824 4872 reli-

2236 4903 2440 4973 giosam
2468 4902 2588 4972 ejus
2607 4911 2841 4959 mentem
2867 4912 2919 4958 et
2955 4904 3229 4974 sapientia:
3255 4904 3569 4960 studiosam.
3604 4906 3823 4976 lterum,

2236 4994 2448 5064 inquit,
2485 4994 2759 5061 discessit,
2805 4993 3299 5065 Castrametalusque
3331 5005 3403 5050 est
3431 4996 3483 5050 in
3528 4997 3823 5053 solitudine.

2235 5086 2414 5155 Quare
2437 5085 2584 5142 illiue
2621 5084 2911 5140 discessit?
2935 5083 3097 5140 Forte
3138 5085 3352 5140 videbat
3389 5084 3709 5155 quibusdam
3739 5089 3824 5142 in-

2235 5181 2371 5236 colis
2400 5195 2505 5234 uon
2535 5178 2749 5249 placere
2774 5192 2930 5233 suum
2959 5177 3244 5232 adventum
3274 5195 3290 5231 :
3322 5178 3544 5247 proinde
3570 5179 3823 5234 eximiam

2235 5285 2388 5326 suam
2433 5269 2891 5326 mansuetudinem
2931 5269 3244 5334 declarans,
3274 5278 3330 5324 et
3365 5269 3635 5340 quomodo
3673 5280 3823 5324 trau-

2234 5364 2548 5434 quillitatem
2577 5364 2754 5433 magni
2779 5364 2996 5430 faceret,
3023 5379 3088 5420 ac
3113 5379 3182 5418 ne
3217 5379 3338 5418 cum
3370 5363 3477 5418 ullo
3494 5364 3693 5432 aliquid
3725 5365 3820 5418 ha-

2237 5457 2390 5513 beret
2416 5456 2636 5526 negotii,
2669 5456 2723 5510 in
2752 5455 3093 5510 solitudinem
3121 5469 3182 5509 se
3212 5454 3482 5508 tran~lert.
3512 5453 3784 5522 Profectus
3808 5499 3823 5519 ,

2237 5547 2440 5618 inquit,
2466 5555 2848 5601 castrametatus
2874 5555 2946 5600 est
2971 5545 3022 5599 in
3055 5545 3344 5598 solitudine.
3371 5546 3558 5599 Aliena
3588 5546 3825 5601 dictione

2237 5658 2331 5696 usa
2352 5650 2436 5696 est
2453 5640 2632 5696 divina
2659 5639 2958 5710 Scriptura.
2977 5637 3106 5692 Nam
3122 5637 3572 5708 quemadmodum
3590 5639 3642 5692 in
3669 5640 3824 5693 hellis

2234 5735 2472 5788 solemus
2494 5731 2694 5798 dicere,
2723 5731 2793 5785 ita
2816 5739 2872 5785 et
2893 5729 2963 5784 de
2981 5728 3132 5798 justo
3160 5725 3248 5782 hic
3274 5726 3422 5792 dicit,
3446 5727 3587 5798 quod
3614 5737 3819 5785 castra-

2235 5835 2463 5884 mctatus
2515 5826 2617 5891 sit,
2665 5833 2721 5880 ut
2759 5821 3006 5881 Ostendat
3041 5819 3346 5892 expeditum
3386 5819 3551 5878 fuisse
3596 5822 3820 5891 patriar-
