  <div class='ocr_page' id='page_1' title='image "/cluster/home/n/w/nwhite01/storage/ocr_20150623/53:no.4:pt.1/coo.31924054869536/296.png"; bbox 0 0 4060 6434; ppageno 0'>
   <div class='ocr_carea' id='block_1_1' title="bbox 239 395 348 450">
    <p class='ocr_par' dir='ltr' id='par_1_1' title="bbox 239 395 348 450">
     <span class='ocr_line' id='line_1_1' title="bbox 239 395 348 450; baseline -0.018 0"><span class='ocrx_word' id='word_1_1' title='bbox 239 395 348 450; x_wconf 74' lang='grc'>295</span> 
     </span>
    </p>
   </div>
   <div class='ocr_carea' id='block_1_2' title="bbox 231 499 1824 574">
    <p class='ocr_par' dir='ltr' id='par_1_2' title="bbox 231 499 1824 574">
     <span class='ocr_line' id='line_1_2' title="bbox 231 499 1824 574; baseline -0.006 -12"><span class='ocrx_word' id='word_1_2' title='bbox 231 506 454 564; x_wconf 81' lang='grc' dir='ltr'>ἐναντία</span> <span class='ocrx_word' id='word_1_3' title='bbox 494 505 615 568; x_wconf 86' lang='grc' dir='ltr'>ταῖς</span> <span class='ocrx_word' id='word_1_4' title='bbox 656 503 1012 574; x_wconf 73' lang='grc' dir='ltr'>ὑποσχέσεσιν</span> <span class='ocrx_word' id='word_1_5' title='bbox 1049 500 1191 574; x_wconf 85' lang='grc' dir='ltr'>ὁρῶν</span> <span class='ocrx_word' id='word_1_6' title='bbox 1234 501 1370 565; x_wconf 82' lang='grc' dir='ltr'>τέως</span> <span class='ocrx_word' id='word_1_7' title='bbox 1404 500 1724 555; x_wconf 85' lang='grc' dir='ltr'>ἐκϐαίνοντα</span> <span class='ocrx_word' id='word_1_8' title='bbox 1757 499 1824 553; x_wconf 87' lang='grc' dir='ltr'>τά</span> 
     </span>
    </p>
   </div>
   <div class='ocr_carea' id='block_1_3' title="bbox 235 585 1832 662">
    <p class='ocr_par' dir='ltr' id='par_1_3' title="bbox 235 585 1832 662">
     <span class='ocr_line' id='line_1_3' title="bbox 235 585 1832 662; baseline -0.006 -17"><span class='ocrx_word' id='word_1_9' title='bbox 235 601 542 662; x_wconf 75' lang='grc' dir='ltr'>πράγματα</span> <span class='ocrx_word' id='word_1_10' title='bbox 579 588 608 640; x_wconf 91' lang='lat'>6</span> <span class='ocrx_word' id='word_1_11' title='bbox 649 587 939 659; x_wconf 87' lang='grc' dir='ltr'>μακάριος,</span> <span class='ocrx_word' id='word_1_12' title='bbox 979 587 1080 639; x_wconf 88' lang='grc' dir='ltr'>οὐκ</span> <span class='ocrx_word' id='word_1_13' title='bbox 1117 585 1467 656; x_wconf 78' lang='grc' dir='ltr'>ἐθορυϐεῖτο,</span> <span class='ocrx_word' id='word_1_14' title='bbox 1507 585 1629 639; x_wconf 81' lang='grc' dir='ltr'>οὐδὲ</span> <span class='ocrx_word' id='word_1_15' title='bbox 1651 585 1832 638; x_wconf 87' lang='grc' dir='ltr'>διετα-</span> 
     </span>
    </p>
   </div>
   <div class='ocr_carea' id='block_1_4' title="bbox 241 665 1827 748">
    <p class='ocr_par' dir='ltr' id='par_1_4' title="bbox 241 665 1827 748">
     <span class='ocr_line' id='line_1_4' title="bbox 241 665 1827 748; baseline -0.004 -21"><span class='ocrx_word' id='word_1_16' title='bbox 241 676 489 748; x_wconf 76' lang='grc' dir='ltr'>ράττετο,</span> <span class='ocrx_word' id='word_1_17' title='bbox 514 671 630 725; x_wconf 79' lang='grc' dir='ltr'>ἀλλ’</span> <span class='ocrx_word' id='word_1_18' title='bbox 651 673 911 740; x_wconf 85' lang='grc' dir='ltr'>ἀκίνητον</span> <span class='ocrx_word' id='word_1_19' title='bbox 934 665 1046 740; x_wconf 74' lang='grc' dir='ltr'>εἶχε</span> <span class='ocrx_word' id='word_1_20' title='bbox 1081 669 1175 723; x_wconf 79' lang='grc' dir='ltr'>τὸν</span> <span class='ocrx_word' id='word_1_21' title='bbox 1201 669 1483 741; x_wconf 76' lang='grc' dir='ltr'>λογισμὸν,</span> <span class='ocrx_word' id='word_1_22' title='bbox 1525 667 1827 740; x_wconf 78' lang='grc' dir='ltr'>πεπεισμέ-</span> 
     </span>
    </p>
   </div>
   <div class='ocr_carea' id='block_1_5' title="bbox 1263 383 2502 444">
    <p class='ocr_par' dir='ltr' id='par_1_5' title="bbox 1263 383 2502 444">
     <span class='ocr_line' id='line_1_5' title="bbox 1263 383 2502 444; baseline 0 -4"><span class='ocrx_word' id='word_1_23' title='bbox 1263 385 1330 441; x_wconf 77' lang='grc' dir='ltr'>ιΝ</span> <span class='ocrx_word' id='word_1_24' title='bbox 1383 385 1538 442; x_wconf 79' lang='lat' dir='ltr'><strong>CAP.</strong></span> <span class='ocrx_word' id='word_1_25' title='bbox 1582 385 1678 442; x_wconf 71' lang='lat' dir='ltr'>XII</span> <span class='ocrx_word' id='word_1_26' title='bbox 1724 383 1970 442; x_wconf 80' lang='lat' dir='ltr'>GENES.</span> <span class='ocrx_word' id='word_1_27' title='bbox 2011 385 2249 444; x_wconf 81' lang='lat' dir='ltr'>HOMIL.</span> <span class='ocrx_word' id='word_1_28' title='bbox 2293 387 2502 442; x_wconf 71' lang='lat' dir='ltr'><strong>XXXII.</strong></span> 
     </span>
    </p>
   </div>
   <div class='ocr_carea' id='block_1_6' title="bbox 3415 385 3521 440">
    <p class='ocr_par' dir='ltr' id='par_1_6' title="bbox 3415 385 3521 440">
     <span class='ocr_line' id='line_1_6' title="bbox 3415 385 3521 440; baseline 0 0"><span class='ocrx_word' id='word_1_29' title='bbox 3415 385 3521 440; x_wconf 72' lang='lat'>296</span> 
     </span>
    </p>
   </div>
   <div class='ocr_carea' id='block_1_7' title="bbox 1943 499 3526 574">
    <p class='ocr_par' dir='ltr' id='par_1_7' title="bbox 1943 499 3526 574">
     <span class='ocr_line' id='line_1_7' title="bbox 1943 499 3526 574; baseline 0.001 -19"><span class='ocrx_word' id='word_1_30' title='bbox 1943 502 2036 556; x_wconf 77' lang='grc' dir='ltr'>καὶ</span> <span class='ocrx_word' id='word_1_31' title='bbox 2081 503 2182 574; x_wconf 80' lang='grc' dir='ltr'>τὴν</span> <span class='ocrx_word' id='word_1_32' title='bbox 2230 501 2578 574; x_wconf 79' lang='grc' dir='ltr'>εὐχαριστίαν</span> <span class='ocrx_word' id='word_1_33' title='bbox 2614 500 2714 572; x_wconf 70' lang='grc' dir='ltr'>τὴν</span> <span class='ocrx_word' id='word_1_34' title='bbox 2753 501 2891 555; x_wconf 80' lang='grc' dir='ltr'>κατὰ</span> <span class='ocrx_word' id='word_1_35' title='bbox 2923 501 3152 572; x_wconf 82' lang='grc' dir='ltr'>δύναμιν</span> <span class='ocrx_word' id='word_1_36' title='bbox 3190 499 3526 566; x_wconf 73' lang='grc' dir='ltr'>ἐπεδείξατο.</span> 
     </span>
    </p>
   </div>
   <div class='ocr_carea' id='block_1_8' title="bbox 1939 585 3528 659">
    <p class='ocr_par' dir='ltr' id='par_1_8' title="bbox 1939 585 3528 659">
     <span class='ocr_line' id='line_1_8' title="bbox 1939 585 3528 659; baseline -0.001 -19"><span class='ocrx_word' id='word_1_37' title='bbox 1939 585 2110 640; x_wconf 92' lang='grc' dir='ltr'>Τοῦτο</span> <span class='ocrx_word' id='word_1_38' title='bbox 2133 587 2242 659; x_wconf 85' lang='grc' dir='ltr'>γάρ</span> <span class='ocrx_word' id='word_1_39' title='bbox 2287 588 2456 652; x_wconf 84' lang='grc' dir='ltr'>ἐστιν,</span> <span class='ocrx_word' id='word_1_40' title='bbox 2501 586 2871 656; x_wconf 78' lang='grc' dir='ltr'>’ῼκοδόμησε</span> <span class='ocrx_word' id='word_1_41' title='bbox 2902 585 3360 653; x_wconf 70' lang='grc' dir='ltr'>θυσιαστήριον,</span> <span class='ocrx_word' id='word_1_42' title='bbox 3405 586 3528 639; x_wconf 77' lang='grc' dir='ltr'>ἀντὶ</span> 
     </span>
    </p>
   </div>
   <div class='ocr_carea' id='block_1_9' title="bbox 1936 669 3529 742">
    <p class='ocr_par' dir='ltr' id='par_1_9' title="bbox 1936 669 3529 742">
     <span class='ocr_line' id='line_1_9' title="bbox 1936 669 3529 742; baseline -0.001 -18"><span class='ocrx_word' id='word_1_43' title='bbox 1936 670 2054 736; x_wconf 89' lang='grc' dir='ltr'>τοῦ,</span> <span class='ocrx_word' id='word_1_44' title='bbox 2112 670 2509 742; x_wconf 80' lang='grc' dir='ltr'>εὐχαρίστησεν</span> <span class='ocrx_word' id='word_1_45' title='bbox 2559 671 2702 742; x_wconf 82' lang='grc' dir='ltr'>ὑπὲρ</span> <span class='ocrx_word' id='word_1_46' title='bbox 2744 669 2855 724; x_wconf 90' lang='grc' dir='ltr'>τῶν</span> <span class='ocrx_word' id='word_1_47' title='bbox 2895 669 3362 738; x_wconf 83' lang='grc' dir='ltr'>ἐπαγγελθέντων.</span> <span class='ocrx_word' id='word_1_48' title='bbox 3415 670 3529 724; x_wconf 74' lang='grc' dir='ltr'>Καὶ</span> 
     </span>
    </p>
   </div>
   <div class='ocr_carea' id='block_1_10' title="bbox 237 749 3525 828">
    <p class='ocr_par' dir='ltr' id='par_1_10' title="bbox 237 749 3525 828">
     <span class='ocr_line' id='line_1_10' title="bbox 237 749 3525 828; baseline -0.002 -18"><span class='ocrx_word' id='word_1_49' title='bbox 237 776 328 821; x_wconf 87' lang='grc' dir='ltr'>νος</span> <span class='ocrx_word' id='word_1_50' title='bbox 370 758 452 810; x_wconf 76' lang='grc' dir='ltr'>δτι</span> <span class='ocrx_word' id='word_1_51' title='bbox 491 755 555 826; x_wconf 83' lang='grc' dir='ltr'>δὴ</span> <span class='ocrx_word' id='word_1_52' title='bbox 592 757 662 810; x_wconf 79' lang='grc' dir='ltr'>τά</span> <span class='ocrx_word' id='word_1_53' title='bbox 699 754 852 825; x_wconf 85' lang='grc' dir='ltr'>παρὰ</span> <span class='ocrx_word' id='word_1_54' title='bbox 887 752 982 806; x_wconf 89' lang='grc' dir='ltr'>τοῦ</span> <span class='ocrx_word' id='word_1_55' title='bbox 1017 751 1152 805; x_wconf 88' lang='grc' dir='ltr'>Θεοῦ</span> <span class='ocrx_word' id='word_1_56' title='bbox 1199 752 1347 819; x_wconf 73' lang='grc' dir='ltr'>ἅπαξ</span> <span class='ocrx_word' id='word_1_57' title='bbox 1390 750 1540 823; x_wconf 83' lang='grc' dir='ltr'>αὐτῷ</span> <span class='ocrx_word' id='word_1_58' title='bbox 1566 749 1896 821; x_wconf 49' lang='grc' dir='ltr'>ἐπιιιγγελκνί</span> <span class='ocrx_word' id='word_1_59' title='bbox 1939 755 2188 828; x_wconf 89' lang='grc' dir='ltr'>καθάπερ</span> <span class='ocrx_word' id='word_1_60' title='bbox 2219 754 2499 826; x_wconf 76' lang='grc' dir='ltr'>ἄνθρωποι</span> <span class='ocrx_word' id='word_1_61' title='bbox 2551 754 2812 819; x_wconf 80' lang='grc' dir='ltr'>πολλάκις</span> <span class='ocrx_word' id='word_1_62' title='bbox 2844 754 2950 808; x_wconf 79' lang='grc' dir='ltr'>ὑπὸ</span> <span class='ocrx_word' id='word_1_63' title='bbox 2995 753 3221 826; x_wconf 88' lang='grc' dir='ltr'>φίλτρου</span> <span class='ocrx_word' id='word_1_64' title='bbox 3266 751 3525 823; x_wconf 87' lang='grc' dir='ltr'>κινούμε-</span> 
     </span>
    </p>
   </div>
   <div class='ocr_carea' id='block_1_11' title="bbox 237 835 1830 911">
    <p class='ocr_par' dir='ltr' id='par_1_11' title="bbox 237 835 1830 911">
     <span class='ocr_line' id='line_1_11' title="bbox 237 835 1830 911; baseline -0.004 -16"><span class='ocrx_word' id='word_1_65' title='bbox 237 842 402 895; x_wconf 84' lang='grc' dir='ltr'>θέντα</span> <span class='ocrx_word' id='word_1_66' title='bbox 427 839 620 911; x_wconf 85' lang='grc' dir='ltr'>βέϐαια</span> <span class='ocrx_word' id='word_1_67' title='bbox 643 840 738 892; x_wconf 74' lang='grc' dir='ltr'>καὶ</span> <span class='ocrx_word' id='word_1_68' title='bbox 759 838 935 906; x_wconf 88' lang='grc' dir='ltr'>πάγια</span> <span class='ocrx_word' id='word_1_69' title='bbox 956 837 1236 906; x_wconf 84' lang='grc' dir='ltr'>τυγχάνει.</span> <span class='ocrx_word' id='word_1_70' title='bbox 1273 835 1437 889; x_wconf 84' lang='grc' dir='ltr'>Ἀλλά</span> <span class='ocrx_word' id='word_1_71' title='bbox 1469 835 1615 891; x_wconf 82' lang='grc' dir='ltr'>κατά</span> <span class='ocrx_word' id='word_1_72' title='bbox 1634 835 1830 907; x_wconf 83' lang='grc' dir='ltr'>μικρὸν</span> 
     </span>
    </p>
   </div>
   <div class='ocr_carea' id='block_1_12' title="bbox 237 917 1830 993">
    <p class='ocr_par' dir='ltr' id='par_1_12' title="bbox 237 917 1830 993">
     <span class='ocr_line' id='line_1_12' title="bbox 237 917 1830 993; baseline -0.004 -14"><span class='ocrx_word' id='word_1_73' title='bbox 237 926 459 980; x_wconf 76' lang='grc' dir='ltr'>ἅπαντα</span> <span class='ocrx_word' id='word_1_74' title='bbox 491 921 989 993; x_wconf 85' lang='grc' dir='ltr'>διερευνησώμεθα,</span> <span class='ocrx_word' id='word_1_75' title='bbox 1023 921 1089 972; x_wconf 82' lang='grc' dir='ltr'>ἵν’</span> <span class='ocrx_word' id='word_1_76' title='bbox 1127 919 1270 972; x_wconf 79' lang='grc' dir='ltr'>οὕτω</span> <span class='ocrx_word' id='word_1_77' title='bbox 1311 919 1573 990; x_wconf 81' lang='grc' dir='ltr'><strong>μάθωμεν</strong></span> <span class='ocrx_word' id='word_1_78' title='bbox 1608 920 1703 973; x_wconf 76' lang='grc' dir='ltr'>καὶ</span> <span class='ocrx_word' id='word_1_79' title='bbox 1733 917 1830 972; x_wconf 92' lang='grc' dir='ltr'>τοῦ</span> 
     </span>
    </p>
   </div>
   <div class='ocr_carea' id='block_1_13' title="bbox 236 1002 1830 1078">
    <p class='ocr_par' dir='ltr' id='par_1_13' title="bbox 236 1002 1830 1078">
     <span class='ocr_line' id='line_1_13' title="bbox 236 1002 1830 1078; baseline -0.004 -16"><span class='ocrx_word' id='word_1_80' title='bbox 236 1007 445 1078; x_wconf 80' lang='grc' dir='ltr'>ἀγαθοῦ</span> <span class='ocrx_word' id='word_1_81' title='bbox 496 1005 634 1060; x_wconf 88' lang='grc' dir='ltr'>Θεοῦ</span> <span class='ocrx_word' id='word_1_82' title='bbox 678 1005 779 1076; x_wconf 81' lang='grc' dir='ltr'>τήν</span> <span class='ocrx_word' id='word_1_83' title='bbox 828 1005 1138 1074; x_wconf 75' lang='grc' dir='ltr'>εὐμήχανον</span> <span class='ocrx_word' id='word_1_84' title='bbox 1191 1004 1403 1072; x_wconf 78' lang='grc' dir='ltr'>σοφίαν,</span> <span class='ocrx_word' id='word_1_85' title='bbox 1447 1002 1543 1056; x_wconf 78' lang='grc' dir='ltr'>καὶ</span> <span class='ocrx_word' id='word_1_86' title='bbox 1594 1002 1692 1073; x_wconf 82' lang='grc' dir='ltr'>τὴν</span> <span class='ocrx_word' id='word_1_87' title='bbox 1732 1019 1830 1071; x_wconf 85' lang='grc' dir='ltr'>κη-</span> 
     </span>
    </p>
   </div>
   <div class='ocr_carea' id='block_1_14' title="bbox 234 1085 1829 1164">
    <p class='ocr_par' dir='ltr' id='par_1_14' title="bbox 234 1085 1829 1164">
     <span class='ocr_line' id='line_1_14' title="bbox 234 1085 1829 1164; baseline -0.005 -17"><span class='ocrx_word' id='word_1_88' title='bbox 234 1093 511 1164; x_wconf 86' lang='grc' dir='ltr'>δεμονίαν,</span> <span class='ocrx_word' id='word_1_89' title='bbox 535 1092 601 1163; x_wconf 77' lang='grc' dir='ltr'>ἢν</span> <span class='ocrx_word' id='word_1_90' title='bbox 637 1092 766 1161; x_wconf 77' lang='grc' dir='ltr'>περὶ</span> <span class='ocrx_word' id='word_1_91' title='bbox 808 1089 900 1142; x_wconf 83' lang='grc' dir='ltr'>τὸν</span> <span class='ocrx_word' id='word_1_92' title='bbox 935 1089 1141 1142; x_wconf 85' lang='grc' dir='ltr'>δίκαιον</span> <span class='ocrx_word' id='word_1_93' title='bbox 1185 1087 1552 1151; x_wconf 87' lang='grc' dir='ltr'>ἐπεδείκνυτο,</span> <span class='ocrx_word' id='word_1_94' title='bbox 1597 1087 1694 1139; x_wconf 73' lang='grc' dir='ltr'>καὶ</span> <span class='ocrx_word' id='word_1_95' title='bbox 1736 1085 1829 1139; x_wconf 89' lang='grc' dir='ltr'>τοῦ</span> 
     </span>
    </p>
   </div>
   <div class='ocr_carea' id='block_1_15' title="bbox 237 1169 1831 1249">
    <p class='ocr_par' dir='ltr' id='par_1_15' title="bbox 237 1169 1831 1249">
     <span class='ocr_line' id='line_1_15' title="bbox 237 1169 1831 1249; baseline -0.003 -20"><span class='ocrx_word' id='word_1_96' title='bbox 237 1178 584 1249; x_wconf 80' lang='grc' dir='ltr'>πατριάρχου</span> <span class='ocrx_word' id='word_1_97' title='bbox 624 1175 687 1227; x_wconf 79' lang='grc' dir='ltr'>τὸ</span> <span class='ocrx_word' id='word_1_98' title='bbox 733 1174 958 1246; x_wconf 75' lang='grc' dir='ltr'>φίλτρον</span> <span class='ocrx_word' id='word_1_99' title='bbox 999 1174 1061 1226; x_wconf 81' lang='grc' dir='ltr'>τὸ</span> <span class='ocrx_word' id='word_1_100' title='bbox 1095 1173 1223 1244; x_wconf 81' lang='grc' dir='ltr'>περὶ</span> <span class='ocrx_word' id='word_1_101' title='bbox 1260 1173 1350 1226; x_wconf 76' lang='grc' dir='ltr'>τὸν</span> <span class='ocrx_word' id='word_1_102' title='bbox 1383 1172 1683 1242; x_wconf 88' lang='grc' dir='ltr'>Δεσπότην.</span> <span class='ocrx_word' id='word_1_103' title='bbox 1721 1169 1831 1226; x_wconf 89' lang='lat' dir='ltr'><strong><em>Kal</em></strong></span> 
     </span>
    </p>
   </div>
   <div class='ocr_carea' id='block_1_16' title="bbox 236 1253 1828 1330">
    <p class='ocr_par' dir='ltr' id='par_1_16' title="bbox 236 1253 1828 1330">
     <span class='ocr_line' id='line_1_16' title="bbox 236 1253 1828 1330; baseline -0.003 -19"><span class='ocrx_word' id='word_1_104' title='bbox 236 1261 431 1328; x_wconf 60' lang='grc' dir='ltr'>ὤφθη.</span> <span class='ocrx_word' id='word_1_105' title='bbox 459 1259 614 1330; x_wconf 79' lang='grc' dir='ltr'>φησὶ,</span> <span class='ocrx_word' id='word_1_106' title='bbox 635 1259 850 1327; x_wconf 83' lang='grc' dir='ltr'>Κύριος</span> <span class='ocrx_word' id='word_1_107' title='bbox 878 1260 910 1311; x_wconf 84' lang='grc' dir='ltr'>ό</span> <span class='ocrx_word' id='word_1_108' title='bbox 940 1257 1085 1322; x_wconf 82' lang='grc' dir='ltr'>Θεὸς</span> <span class='ocrx_word' id='word_1_109' title='bbox 1115 1255 1194 1322; x_wconf 86' lang='grc' dir='ltr'>τῷ</span> <span class='ocrx_word' id='word_1_110' title='bbox 1227 1256 1473 1326; x_wconf 79' lang='grc' dir='ltr'>Ἀϐραμ.</span> <span class='ocrx_word' id='word_1_111' title='bbox 1497 1255 1619 1318; x_wconf 90' lang='grc' dir='ltr'>Πῶς</span> <span class='ocrx_word' id='word_1_112' title='bbox 1638 1253 1828 1324; x_wconf 79' lang='grc' dir='ltr'>ὤφθης</span> 
     </span>
    </p>
   </div>
   <div class='ocr_carea' id='block_1_17' title="bbox 249 1335 1832 1411">
    <p class='ocr_par' dir='ltr' id='par_1_17' title="bbox 249 1335 1832 1411">
     <span class='ocr_line' id='line_1_17' title="bbox 249 1335 1832 1411; baseline -0.003 -17"><span class='ocrx_word' id='word_1_113' title='bbox 249 1343 342 1406; x_wconf 81' lang='grc' dir='ltr'>Ὠς</span> <span class='ocrx_word' id='word_1_114' title='bbox 375 1343 536 1406; x_wconf 83' lang='grc' dir='ltr'>αὐτὸς</span> <span class='ocrx_word' id='word_1_115' title='bbox 576 1344 604 1394; x_wconf 95' lang='lat'>6</span> <span class='ocrx_word' id='word_1_116' title='bbox 641 1341 775 1405; x_wconf 82' lang='grc' dir='ltr'>Θεὸς</span> <span class='ocrx_word' id='word_1_117' title='bbox 825 1341 987 1411; x_wconf 90' lang='grc' dir='ltr'>μόνος</span> <span class='ocrx_word' id='word_1_118' title='bbox 1027 1335 1158 1405; x_wconf 79' lang='grc' dir='ltr'>οἶδε,</span> <span class='ocrx_word' id='word_1_119' title='bbox 1204 1338 1299 1392; x_wconf 79' lang='grc' dir='ltr'>καὶ</span> <span class='ocrx_word' id='word_1_120' title='bbox 1341 1339 1416 1403; x_wconf 85' lang='grc' dir='ltr'>ώς</span> <span class='ocrx_word' id='word_1_121' title='bbox 1466 1339 1676 1402; x_wconf 86' lang='grc' dir='ltr'>ἐκεῖνος</span> <span class='ocrx_word' id='word_1_122' title='bbox 1705 1338 1832 1391; x_wconf 86' lang='grc' dir='ltr'>ἰδεῖν</span> 
     </span>
    </p>
   </div>
   <div class='ocr_carea' id='block_1_18' title="bbox 239 1420 1830 1496">
    <p class='ocr_par' dir='ltr' id='par_1_18' title="bbox 239 1420 1830 1496">
     <span class='ocr_line' id='line_1_18' title="bbox 239 1420 1830 1496; baseline -0.003 -19"><span class='ocrx_word' id='word_1_123' title='bbox 239 1425 492 1496; x_wconf 70' lang='grc' dir='ltr'>ἠδύνατο.</span> <span class='ocrx_word' id='word_1_124' title='bbox 519 1425 594 1477; x_wconf 89' lang='grc' dir='ltr'>Οὐ</span> <span class='ocrx_word' id='word_1_125' title='bbox 617 1425 726 1495; x_wconf 84' lang='grc' dir='ltr'>γὰρ</span> <span class='ocrx_word' id='word_1_126' title='bbox 747 1422 1077 1495; x_wconf 75' lang='grc' dir='ltr'>παύ[σιομαι</span> <span class='ocrx_word' id='word_1_127' title='bbox 1106 1421 1265 1476; x_wconf 90' lang='grc' dir='ltr'>τοῦτο</span> <span class='ocrx_word' id='word_1_128' title='bbox 1293 1421 1488 1490; x_wconf 85' lang='grc' dir='ltr'>λέγων,</span> <span class='ocrx_word' id='word_1_129' title='bbox 1509 1421 1602 1474; x_wconf 80' lang='grc' dir='ltr'>τὸν</span> <span class='ocrx_word' id='word_1_130' title='bbox 1625 1420 1681 1473; x_wconf 84' lang='grc' dir='ltr'>δὲ</span> <span class='ocrx_word' id='word_1_131' title='bbox 1703 1422 1830 1492; x_wconf 72' lang='grc' dir='ltr'>τρόο</span> 
     </span>
    </p>
   </div>
   <div class='ocr_carea' id='block_1_19' title="bbox 239 1504 1832 1577">
    <p class='ocr_par' dir='ltr' id='par_1_19' title="bbox 239 1504 1832 1577">
     <span class='ocr_line' id='line_1_19' title="bbox 239 1504 1832 1577; baseline -0.003 -17"><span class='ocrx_word' id='word_1_132' title='bbox 239 1525 344 1560; x_wconf 86' lang='grc' dir='ltr'>πον</span> <span class='ocrx_word' id='word_1_133' title='bbox 366 1507 546 1576; x_wconf 85' lang='grc' dir='ltr'>ἀγνοῶ</span> <span class='ocrx_word' id='word_1_134' title='bbox 562 1524 575 1538; x_wconf 86' lang='grc'><em>’</em></span> <span class='ocrx_word' id='word_1_135' title='bbox 604 1505 788 1560; x_wconf 80' lang='grc' dir='ltr'>ἀκούω</span> <span class='ocrx_word' id='word_1_136' title='bbox 807 1505 864 1559; x_wconf 79' lang='grc' dir='ltr'>δὲ</span> <span class='ocrx_word' id='word_1_137' title='bbox 901 1507 1059 1577; x_wconf 88' lang='grc' dir='ltr'>μόνον</span> <span class='ocrx_word' id='word_1_138' title='bbox 1080 1505 1178 1574; x_wconf 85' lang='grc' dir='ltr'>τῆς</span> <span class='ocrx_word' id='word_1_139' title='bbox 1201 1505 1424 1575; x_wconf 82' lang='grc' dir='ltr'>Γραφῆς</span> <span class='ocrx_word' id='word_1_140' title='bbox 1442 1504 1726 1574; x_wconf 74' lang='grc' dir='ltr'>λεγούσης,</span> <span class='ocrx_word' id='word_1_141' title='bbox 1751 1505 1832 1557; x_wconf 82' lang='grc' dir='ltr'>ὅτι</span> 
     </span>
    </p>
   </div>
   <div class='ocr_carea' id='block_1_20' title="bbox 240 1586 1834 1664">
    <p class='ocr_par' dir='ltr' id='par_1_20' title="bbox 240 1586 1834 1664">
     <span class='ocr_line' id='line_1_20' title="bbox 240 1586 1834 1664; baseline -0.003 -17"><span class='ocrx_word' id='word_1_142' title='bbox 240 1591 397 1664; x_wconf 77' lang='grc'>[519]</span> <span class='ocrx_word' id='word_1_143' title='bbox 436 1593 624 1660; x_wconf 64' lang='grc' dir='ltr'>Ὠφθη</span> <span class='ocrx_word' id='word_1_144' title='bbox 651 1592 866 1659; x_wconf 86' lang='grc' dir='ltr'>Κύριος</span> <span class='ocrx_word' id='word_1_145' title='bbox 888 1593 920 1645; x_wconf 86' lang='grc' dir='ltr'>ό</span> <span class='ocrx_word' id='word_1_146' title='bbox 944 1593 1087 1656; x_wconf 75' lang='grc' dir='ltr'>Θεὸς</span> <span class='ocrx_word' id='word_1_147' title='bbox 1114 1588 1193 1655; x_wconf 85' lang='grc' dir='ltr'>τῷ</span> <span class='ocrx_word' id='word_1_148' title='bbox 1223 1591 1452 1658; x_wconf 79' lang='grc' dir='ltr'>Ἀϐραμ</span> <span class='ocrx_word' id='word_1_149' title='bbox 1473 1631 1488 1654; x_wconf 91' lang='grc'>,</span> <span class='ocrx_word' id='word_1_150' title='bbox 1529 1589 1628 1643; x_wconf 81' lang='grc' dir='ltr'>καί</span> <span class='ocrx_word' id='word_1_151' title='bbox 1663 1586 1834 1642; x_wconf 80' lang='grc' dir='ltr'>εἶπεν</span> 
     </span>
    </p>
   </div>
   <div class='ocr_carea' id='block_1_21' title="bbox 236 1670 1794 1744">
    <p class='ocr_par' dir='ltr' id='par_1_21' title="bbox 236 1670 1794 1744">
     <span class='ocr_line' id='line_1_21' title="bbox 236 1670 1794 1744; baseline -0.001 -17"><span class='ocrx_word' id='word_1_152' title='bbox 236 1673 422 1740; x_wconf 74' lang='grc' dir='ltr'>αὐτῷ’</span> <span class='ocrx_word' id='word_1_153' title='bbox 464 1673 547 1740; x_wconf 83' lang='grc' dir='ltr'>Τῷ</span> <span class='ocrx_word' id='word_1_154' title='bbox 565 1673 867 1744; x_wconf 80' lang='grc' dir='ltr'>σπέρματί</span> <span class='ocrx_word' id='word_1_155' title='bbox 905 1687 1023 1727; x_wconf 86' lang='grc' dir='ltr'>σου</span> <span class='ocrx_word' id='word_1_156' title='bbox 1049 1672 1222 1727; x_wconf 88' lang='grc' dir='ltr'>δώσω</span> <span class='ocrx_word' id='word_1_157' title='bbox 1246 1671 1362 1740; x_wconf 81' lang='grc' dir='ltr'>τὴν</span> <span class='ocrx_word' id='word_1_158' title='bbox 1400 1670 1516 1742; x_wconf 74' lang='grc' dir='ltr'>γῆν</span> <span class='ocrx_word' id='word_1_159' title='bbox 1546 1675 1794 1740; x_wconf 77' lang='grc' dir='ltr'>ταύτην.</span> 
     </span>
    </p>
   </div>
   <div class='ocr_carea' id='block_1_22' title="bbox 316 1756 1834 1830">
    <p class='ocr_par' dir='ltr' id='par_1_22' title="bbox 316 1756 1834 1830">
     <span class='ocr_line' id='line_1_22' title="bbox 316 1756 1834 1830; baseline -0.001 -19"><span class='ocrx_word' id='word_1_160' title='bbox 316 1757 585 1830; x_wconf 85' lang='grc' dir='ltr'>Ἀκριϐῶς</span> <span class='ocrx_word' id='word_1_161' title='bbox 607 1756 976 1830; x_wconf 81' lang='grc' dir='ltr'>μνημονεύετε</span> <span class='ocrx_word' id='word_1_162' title='bbox 988 1756 1098 1810; x_wconf 89' lang='grc' dir='ltr'>τῶν</span> <span class='ocrx_word' id='word_1_163' title='bbox 1120 1757 1273 1828; x_wconf 90' lang='grc' dir='ltr'>παρά</span> <span class='ocrx_word' id='word_1_164' title='bbox 1305 1756 1402 1809; x_wconf 88' lang='grc' dir='ltr'>τοῦ</span> <span class='ocrx_word' id='word_1_165' title='bbox 1431 1756 1564 1810; x_wconf 83' lang='grc' dir='ltr'>Θεοῦ</span> <span class='ocrx_word' id='word_1_166' title='bbox 1603 1757 1834 1827; x_wconf 85' lang='grc' dir='ltr'>ὑποσχέ-</span> 
     </span>
    </p>
   </div>
   <div class='ocr_carea' id='block_1_23' title="bbox 243 1840 1832 1912">
    <p class='ocr_par' dir='ltr' id='par_1_23' title="bbox 243 1840 1832 1912">
     <span class='ocr_line' id='line_1_23' title="bbox 243 1840 1832 1912; baseline -0.001 -18"><span class='ocrx_word' id='word_1_167' title='bbox 243 1859 387 1894; x_wconf 88' lang='grc' dir='ltr'>σεων</span> <span class='ocrx_word' id='word_1_168' title='bbox 410 1841 732 1912; x_wconf 69' lang='grc' dir='ltr'>γινομένων,</span> <span class='ocrx_word' id='word_1_169' title='bbox 760 1840 827 1893; x_wconf 81' lang='grc' dir='ltr'>ἵν’</span> <span class='ocrx_word' id='word_1_170' title='bbox 842 1841 972 1894; x_wconf 81' lang='grc' dir='ltr'>ὅταν</span> <span class='ocrx_word' id='word_1_171' title='bbox 994 1840 1143 1909; x_wconf 76' lang='grc' dir='ltr'>ἴδητε</span> <span class='ocrx_word' id='word_1_172' title='bbox 1172 1840 1454 1912; x_wconf 76' lang='grc' dir='ltr'>διαφόροις</span> <span class='ocrx_word' id='word_1_173' title='bbox 1477 1842 1832 1912; x_wconf 80' lang='grc' dir='ltr'>περιστάσεσι</span> 
     </span>
    </p>
   </div>
   <div class='ocr_carea' id='block_1_24' title="bbox 238 1923 1835 1996">
    <p class='ocr_par' dir='ltr' id='par_1_24' title="bbox 238 1923 1835 1996">
     <span class='ocr_line' id='line_1_24' title="bbox 238 1923 1835 1996; baseline 0 -19"><span class='ocrx_word' id='word_1_174' title='bbox 238 1927 335 1978; x_wconf 77' lang='grc' dir='ltr'>τὸν</span> <span class='ocrx_word' id='word_1_175' title='bbox 346 1925 552 1978; x_wconf 86' lang='grc' dir='ltr'>δίκαιον</span> <span class='ocrx_word' id='word_1_176' title='bbox 566 1942 632 1977; x_wconf 89' lang='grc' dir='ltr'>πε</span> <span class='ocrx_word' id='word_1_177' title='bbox 639 1925 925 1996; x_wconf 84' lang='grc' dir='ltr'>ριπίπτοντ</span> <span class='ocrx_word' id='word_1_178' title='bbox 934 1941 988 1986; x_wconf 89' lang='grc' dir='ltr'>α,</span> <span class='ocrx_word' id='word_1_179' title='bbox 1005 1923 1214 1994; x_wconf 83' lang='grc' dir='ltr'>μάθητε</span> <span class='ocrx_word' id='word_1_180' title='bbox 1226 1923 1394 1978; x_wconf 90' lang='grc' dir='ltr'>αὐτοῦ</span> <span class='ocrx_word' id='word_1_181' title='bbox 1405 1927 1505 1994; x_wconf 77' lang='grc' dir='ltr'>τῆς</span> <span class='ocrx_word' id='word_1_182' title='bbox 1517 1924 1835 1993; x_wconf 75' lang='grc' dir='ltr'>φιλοσοφίας</span> 
     </span>
    </p>
   </div>
   <div class='ocr_carea' id='block_1_25' title="bbox 239 2007 1837 2081">
    <p class='ocr_par' dir='ltr' id='par_1_25' title="bbox 239 2007 1837 2081">
     <span class='ocr_line' id='line_1_25' title="bbox 239 2007 1837 2081; baseline -0.003 -17"><span class='ocrx_word' id='word_1_183' title='bbox 239 2009 342 2080; x_wconf 77' lang='grc' dir='ltr'>τὴν</span> <span class='ocrx_word' id='word_1_184' title='bbox 358 2007 682 2081; x_wconf 84' lang='grc' dir='ltr'>ὑπερϐολήν,</span> <span class='ocrx_word' id='word_1_185' title='bbox 697 2009 790 2062; x_wconf 79' lang='grc' dir='ltr'>καί</span> <span class='ocrx_word' id='word_1_186' title='bbox 811 2010 908 2079; x_wconf 86' lang='grc' dir='ltr'>τῆς</span> <span class='ocrx_word' id='word_1_187' title='bbox 922 2007 1175 2078; x_wconf 88' lang='grc' dir='ltr'>ἀνδρείας</span> <span class='ocrx_word' id='word_1_188' title='bbox 1191 2007 1253 2060; x_wconf 89' lang='grc' dir='ltr'>τδ</span> <span class='ocrx_word' id='word_1_189' title='bbox 1266 2009 1514 2080; x_wconf 73' lang='grc' dir='ltr'>στερρὸν,</span> <span class='ocrx_word' id='word_1_190' title='bbox 1525 2008 1620 2061; x_wconf 70' lang='grc' dir='ltr'>καὶ</span> <span class='ocrx_word' id='word_1_191' title='bbox 1633 2009 1728 2061; x_wconf 89' lang='grc' dir='ltr'>τοῦ</span> <span class='ocrx_word' id='word_1_192' title='bbox 1744 2025 1837 2060; x_wconf 89' lang='grc' dir='ltr'>πε-</span> 
     </span>
    </p>
   </div>
   <div class='ocr_carea' id='block_1_26' title="bbox 243 2090 1836 2163">
    <p class='ocr_par' dir='ltr' id='par_1_26' title="bbox 243 2090 1836 2163">
     <span class='ocr_line' id='line_1_26' title="bbox 243 2090 1836 2163; baseline -0.001 -19"><span class='ocrx_word' id='word_1_193' title='bbox 243 2093 300 2163; x_wconf 76' lang='grc' dir='ltr'>ρὶ</span> <span class='ocrx_word' id='word_1_194' title='bbox 315 2092 407 2146; x_wconf 75' lang='grc' dir='ltr'>τὸν</span> <span class='ocrx_word' id='word_1_195' title='bbox 420 2093 552 2146; x_wconf 82' lang='grc' dir='ltr'>Θεὸν</span> <span class='ocrx_word' id='word_1_196' title='bbox 569 2093 795 2163; x_wconf 85' lang='grc' dir='ltr'>φίλτρου</span> <span class='ocrx_word' id='word_1_197' title='bbox 813 2091 872 2145; x_wconf 83' lang='grc' dir='ltr'>τὸ</span> <span class='ocrx_word' id='word_1_198' title='bbox 891 2090 1109 2162; x_wconf 85' lang='grc' dir='ltr'>βέϐαιον</span> <span class='ocrx_word' id='word_1_199' title='bbox 1122 2093 1217 2144; x_wconf 74' lang='grc' dir='ltr'>καὶ</span> <span class='ocrx_word' id='word_1_200' title='bbox 1235 2091 1510 2161; x_wconf 83' lang='grc' dir='ltr'>ἀκίνητον,</span> <span class='ocrx_word' id='word_1_201' title='bbox 1536 2091 1632 2144; x_wconf 78' lang='grc' dir='ltr'>καὶ</span> <span class='ocrx_word' id='word_1_202' title='bbox 1645 2093 1708 2145; x_wconf 82' lang='grc' dir='ltr'>ἐκ</span> <span class='ocrx_word' id='word_1_203' title='bbox 1725 2091 1836 2144; x_wconf 86' lang='grc' dir='ltr'>τῶν</span> 
     </span>
    </p>
   </div>
   <div class='ocr_carea' id='block_1_27' title="bbox 240 2174 1836 2247">
    <p class='ocr_par' dir='ltr' id='par_1_27' title="bbox 240 2174 1836 2247">
     <span class='ocr_line' id='line_1_27' title="bbox 240 2174 1836 2247; baseline -0.001 -18"><span class='ocrx_word' id='word_1_204' title='bbox 240 2177 323 2246; x_wconf 86' lang='grc' dir='ltr'>τῷ</span> <span class='ocrx_word' id='word_1_205' title='bbox 342 2177 536 2247; x_wconf 84' lang='grc' dir='ltr'>δικαίῳ</span> <span class='ocrx_word' id='word_1_206' title='bbox 548 2175 722 2247; x_wconf 82' lang='grc' dir='ltr'>τούτῳ</span> <span class='ocrx_word' id='word_1_207' title='bbox 749 2175 1073 2246; x_wconf 86' lang='grc' dir='ltr'>συμϐάντων</span> <span class='ocrx_word' id='word_1_208' title='bbox 1093 2174 1440 2246; x_wconf 88' lang='grc' dir='ltr'>παιδεύησθε,</span> <span class='ocrx_word' id='word_1_209' title='bbox 1458 2175 1726 2246; x_wconf 86' lang='grc' dir='ltr'>μηδέποτε</span> <span class='ocrx_word' id='word_1_210' title='bbox 1749 2193 1836 2228; x_wconf 78' lang='grc' dir='ltr'>νοο</span> 
     </span>
    </p>
   </div>
   <div class='ocr_carea' id='block_1_28' title="bbox 239 2253 1834 2332">
    <p class='ocr_par' dir='ltr' id='par_1_28' title="bbox 239 2253 1834 2332">
     <span class='ocr_line' id='line_1_28' title="bbox 239 2253 1834 2332; baseline -0.001 -20"><span class='ocrx_word' id='word_1_211' title='bbox 239 2261 426 2331; x_wconf 82' lang='grc' dir='ltr'>μίζειν</span> <span class='ocrx_word' id='word_1_212' title='bbox 457 2260 616 2332; x_wconf 80' lang='grc' dir='ltr'>ἔργον</span> <span class='ocrx_word' id='word_1_213' title='bbox 636 2259 773 2314; x_wconf 83' lang='grc' dir='ltr'>Θεοῦ</span> <span class='ocrx_word' id='word_1_214' title='bbox 803 2258 1245 2328; x_wconf 80' lang='grc' dir='ltr'>ἐγκαταλείψεως</span> <span class='ocrx_word' id='word_1_215' title='bbox 1261 2253 1422 2322; x_wconf 80' lang='grc' dir='ltr'>εἶναι,</span> <span class='ocrx_word' id='word_1_216' title='bbox 1445 2258 1664 2312; x_wconf 75' lang='grc' dir='ltr'>ἐπειδὰν</span> <span class='ocrx_word' id='word_1_217' title='bbox 1687 2258 1834 2330; x_wconf 79' lang='grc' dir='ltr'>ἴδητέ</span> 
     </span>
    </p>
   </div>
   <div class='ocr_carea' id='block_1_29' title="bbox 240 2342 1833 2414">
    <p class='ocr_par' dir='ltr' id='par_1_29' title="bbox 240 2342 1833 2414">
     <span class='ocr_line' id='line_1_29' title="bbox 240 2342 1833 2414; baseline 0 -20"><span class='ocrx_word' id='word_1_218' title='bbox 240 2360 368 2396; x_wconf 87' lang='grc' dir='ltr'>τινα</span> <span class='ocrx_word' id='word_1_219' title='bbox 397 2343 505 2395; x_wconf 87' lang='grc' dir='ltr'>τῶν</span> <span class='ocrx_word' id='word_1_220' title='bbox 528 2342 802 2414; x_wconf 84' lang='grc' dir='ltr'>ἐναρέτων</span> <span class='ocrx_word' id='word_1_221' title='bbox 824 2345 1170 2413; x_wconf 80' lang='grc' dir='ltr'>πειρασμοῖς,</span> <span class='ocrx_word' id='word_1_222' title='bbox 1203 2342 1237 2412; x_wconf 80' lang='grc' dir='ltr'>ἢ</span> <span class='ocrx_word' id='word_1_223' title='bbox 1257 2342 1342 2396; x_wconf 90' lang='grc' dir='ltr'>ἐτέ</span> <span class='ocrx_word' id='word_1_224' title='bbox 1352 2359 1472 2414; x_wconf 86' lang='grc' dir='ltr'>ραις</span> <span class='ocrx_word' id='word_1_225' title='bbox 1492 2344 1602 2396; x_wconf 79' lang='grc' dir='ltr'>τισὶ</span> <span class='ocrx_word' id='word_1_226' title='bbox 1620 2342 1833 2411; x_wconf 81' lang='grc' dir='ltr'>θλίψεσι</span> 
     </span>
    </p>
   </div>
   <div class='ocr_carea' id='block_1_30' title="bbox 245 2427 1834 2500">
    <p class='ocr_par' dir='ltr' id='par_1_30' title="bbox 245 2427 1834 2500">
     <span class='ocr_line' id='line_1_30' title="bbox 245 2427 1834 2500; baseline 0 -20"><span class='ocrx_word' id='word_1_227' title='bbox 245 2430 528 2500; x_wconf 78' lang='grc' dir='ltr'>βιωτικαῖς</span> <span class='ocrx_word' id='word_1_228' title='bbox 547 2429 1012 2498; x_wconf 85' lang='grc' dir='ltr'>περιπεπτωκότα</span> <span class='ocrx_word' id='word_1_229' title='bbox 1036 2445 1050 2458; x_wconf 88' lang='grc'><strong>·</strong></span> <span class='ocrx_word' id='word_1_230' title='bbox 1081 2427 1195 2481; x_wconf 82' lang='grc' dir='ltr'>ἀλλ’</span> <span class='ocrx_word' id='word_1_231' title='bbox 1225 2428 1534 2492; x_wconf 77' lang='grc' dir='ltr'>ἐννοοῦντες</span> <span class='ocrx_word' id='word_1_232' title='bbox 1557 2427 1666 2480; x_wconf 90' lang='grc' dir='ltr'>τῶν</span> <span class='ocrx_word' id='word_1_233' title='bbox 1690 2431 1834 2481; x_wconf 89' lang='grc' dir='ltr'>οἰκο-</span> 
     </span>
    </p>
   </div>
   <div class='ocr_carea' id='block_1_31' title="bbox 241 2509 1836 2583">
    <p class='ocr_par' dir='ltr' id='par_1_31' title="bbox 241 2509 1836 2583">
     <span class='ocr_line' id='line_1_31' title="bbox 241 2509 1836 2583; baseline 0.001 -19"><span class='ocrx_word' id='word_1_234' title='bbox 241 2510 450 2581; x_wconf 86' lang='grc' dir='ltr'>νομιῶν</span> <span class='ocrx_word' id='word_1_235' title='bbox 472 2509 565 2564; x_wconf 88' lang='grc' dir='ltr'>τοῦ</span> <span class='ocrx_word' id='word_1_236' title='bbox 592 2509 730 2564; x_wconf 89' lang='grc' dir='ltr'>Θεοῦ</span> <span class='ocrx_word' id='word_1_237' title='bbox 752 2512 814 2564; x_wconf 82' lang='grc' dir='ltr'>τὸ</span> <span class='ocrx_word' id='word_1_238' title='bbox 839 2511 1118 2581; x_wconf 88' lang='grc' dir='ltr'>διάφορον,</span> <span class='ocrx_word' id='word_1_239' title='bbox 1145 2511 1513 2583; x_wconf 87' lang='grc' dir='ltr'>παραχωρῆτε</span> <span class='ocrx_word' id='word_1_240' title='bbox 1552 2509 1622 2564; x_wconf 81' lang='grc' dir='ltr'>τὰ</span> <span class='ocrx_word' id='word_1_241' title='bbox 1657 2513 1836 2566; x_wconf 87' lang='grc' dir='ltr'>πάντα</span> 
     </span>
    </p>
   </div>
   <div class='ocr_carea' id='block_1_32' title="bbox 241 2593 1836 2667">
    <p class='ocr_par' dir='ltr' id='par_1_32' title="bbox 241 2593 1836 2667">
     <span class='ocr_line' id='line_1_32' title="bbox 241 2593 1836 2667; baseline 0.001 -19"><span class='ocrx_word' id='word_1_242' title='bbox 241 2594 413 2648; x_wconf 88' lang='grc' dir='ltr'>αὐτοῦ</span> <span class='ocrx_word' id='word_1_243' title='bbox 443 2597 510 2666; x_wconf 81' lang='grc' dir='ltr'>τῇ</span> <span class='ocrx_word' id='word_1_244' title='bbox 551 2595 922 2666; x_wconf 84' lang='grc' dir='ltr'>ἀκαταλήπτῳ</span> <span class='ocrx_word' id='word_1_245' title='bbox 957 2595 1201 2667; x_wconf 82' lang='grc' dir='ltr'>προνοίᾳ.</span> <span class='ocrx_word' id='word_1_246' title='bbox 1241 2595 1304 2647; x_wconf 81' lang='lat' dir='ltr'><strong><em>El</em></strong></span> <span class='ocrx_word' id='word_1_247' title='bbox 1351 2595 1458 2666; x_wconf 83' lang='grc' dir='ltr'>γὰρ</span> <span class='ocrx_word' id='word_1_248' title='bbox 1489 2595 1584 2648; x_wconf 80' lang='grc' dir='ltr'>καὶ</span> <span class='ocrx_word' id='word_1_249' title='bbox 1621 2593 1715 2648; x_wconf 77' lang='grc' dir='ltr'>τὸν</span> <span class='ocrx_word' id='word_1_250' title='bbox 1755 2595 1836 2649; x_wconf 82' lang='grc' dir='ltr'>δί-</span> 
     </span>
    </p>
   </div>
   <div class='ocr_carea' id='block_1_33' title="bbox 244 2675 1836 2750">
    <p class='ocr_par' dir='ltr' id='par_1_33' title="bbox 244 2675 1836 2750">
     <span class='ocr_line' id='line_1_33' title="bbox 244 2675 1836 2750; baseline 0 -20"><span class='ocrx_word' id='word_1_251' title='bbox 244 2695 402 2731; x_wconf 85' lang='grc' dir='ltr'>καιον</span> <span class='ocrx_word' id='word_1_252' title='bbox 429 2675 614 2730; x_wconf 85' lang='grc' dir='ltr'>τοῦτον</span> <span class='ocrx_word' id='word_1_253' title='bbox 646 2677 787 2730; x_wconf 77' lang='grc' dir='ltr'>οὕτω</span> <span class='ocrx_word' id='word_1_254' title='bbox 817 2678 1062 2747; x_wconf 87' lang='grc' dir='ltr'>φιλόθεον</span> <span class='ocrx_word' id='word_1_255' title='bbox 1091 2677 1245 2741; x_wconf 75' lang='grc' dir='ltr'>ὄντα,</span> <span class='ocrx_word' id='word_1_256' title='bbox 1286 2676 1558 2747; x_wconf 80' lang='grc' dir='ltr'>τοσαύτην</span> <span class='ocrx_word' id='word_1_257' title='bbox 1583 2679 1836 2750; x_wconf 85' lang='grc' dir='ltr'>ὑπακοὴν</span> 
     </span>
    </p>
   </div>
   <div class='ocr_carea' id='block_1_34' title="bbox 243 2756 1835 2833">
    <p class='ocr_par' dir='ltr' id='par_1_34' title="bbox 243 2756 1835 2833">
     <span class='ocr_line' id='line_1_34' title="bbox 243 2756 1835 2833; baseline 0.001 -20"><span class='ocrx_word' id='word_1_258' title='bbox 243 2759 677 2831; x_wconf 76' lang='grc' dir='ltr'>ἐπιδειξάμενον,</span> <span class='ocrx_word' id='word_1_259' title='bbox 733 2764 1010 2832; x_wconf 84' lang='grc' dir='ltr'>συγχωρεῖ</span> <span class='ocrx_word' id='word_1_260' title='bbox 1061 2760 1320 2814; x_wconf 87' lang='grc' dir='ltr'>τοιούτων</span> <span class='ocrx_word' id='word_1_261' title='bbox 1372 2761 1722 2833; x_wconf 89' lang='grc' dir='ltr'>πειραθῆναι,</span> <span class='ocrx_word' id='word_1_262' title='bbox 1760 2756 1835 2815; x_wconf 84' lang='grc' dir='ltr'>ῶν</span> 
     </span>
    </p>
   </div>
   <div class='ocr_carea' id='block_1_35' title="bbox 241 2843 1837 2916">
    <p class='ocr_par' dir='ltr' id='par_1_35' title="bbox 241 2843 1837 2916">
     <span class='ocr_line' id='line_1_35' title="bbox 241 2843 1837 2916; baseline 0.001 -18"><span class='ocrx_word' id='word_1_263' title='bbox 241 2843 444 2898; x_wconf 81' lang='grc' dir='ltr'>αὐτίκα</span> <span class='ocrx_word' id='word_1_264' title='bbox 478 2843 621 2914; x_wconf 89' lang='grc' dir='ltr'>μάλα</span> <span class='ocrx_word' id='word_1_265' title='bbox 654 2844 884 2910; x_wconf 77' lang='grc' dir='ltr'>εἴσεσθε,</span> <span class='ocrx_word' id='word_1_266' title='bbox 912 2844 1030 2914; x_wconf 75' lang='grc' dir='ltr'>οὐχὶ</span> <span class='ocrx_word' id='word_1_267' title='bbox 1065 2843 1336 2916; x_wconf 82' lang='grc' dir='ltr'>περιορῶν</span> <span class='ocrx_word' id='word_1_268' title='bbox 1369 2844 1461 2897; x_wconf 82' lang='grc' dir='ltr'>τὸν</span> <span class='ocrx_word' id='word_1_269' title='bbox 1483 2843 1650 2898; x_wconf 87' lang='grc' dir='ltr'>αὐτοῦ</span> <span class='ocrx_word' id='word_1_270' title='bbox 1677 2845 1837 2916; x_wconf 86' lang='grc' dir='ltr'>θερά-</span> 
     </span>
    </p>
   </div>
   <div class='ocr_carea' id='block_1_36' title="bbox 244 2927 1836 3002">
    <p class='ocr_par' dir='ltr' id='par_1_36' title="bbox 244 2927 1836 3002">
     <span class='ocr_line' id='line_1_36' title="bbox 244 2927 1836 3002; baseline 0.001 -19"><span class='ocrx_word' id='word_1_271' title='bbox 244 2947 442 2994; x_wconf 80' lang='grc' dir='ltr'>ποντα,</span> <span class='ocrx_word' id='word_1_272' title='bbox 465 2927 602 2984; x_wconf 87' lang='grc' dir='ltr'>ἀλλά</span> <span class='ocrx_word' id='word_1_273' title='bbox 629 2931 743 2992; x_wconf 90' lang='grc' dir='ltr'>τοῖς</span> <span class='ocrx_word' id='word_1_274' title='bbox 768 2928 948 2992; x_wconf 83' lang='grc' dir='ltr'>ἀλλοις</span> <span class='ocrx_word' id='word_1_275' title='bbox 971 2927 1145 2982; x_wconf 81' lang='grc' dir='ltr'>ἀπασι</span> <span class='ocrx_word' id='word_1_276' title='bbox 1186 2927 1508 2999; x_wconf 85' lang='grc' dir='ltr'>βουλόμενος</span> <span class='ocrx_word' id='word_1_277' title='bbox 1546 2930 1711 2983; x_wconf 90' lang='grc' dir='ltr'>αὐτοῦ</span> <span class='ocrx_word' id='word_1_278' title='bbox 1735 2931 1836 3002; x_wconf 80' lang='grc' dir='ltr'>τήν</span> 
     </span>
    </p>
   </div>
   <div class='ocr_carea' id='block_1_37' title="bbox 242 3011 1836 3084">
    <p class='ocr_par' dir='ltr' id='par_1_37' title="bbox 242 3011 1836 3084">
     <span class='ocr_line' id='line_1_37' title="bbox 242 3011 1836 3084; baseline 0.001 -18"><span class='ocrx_word' id='word_1_279' title='bbox 242 3012 447 3084; x_wconf 82' lang='grc' dir='ltr'>ἀρετὴν</span> <span class='ocrx_word' id='word_1_280' title='bbox 503 3011 806 3082; x_wconf 73' lang='grc' dir='ltr'>ἐκκαλύψαι</span> <span class='ocrx_word' id='word_1_281' title='bbox 860 3012 978 3080; x_wconf 66' lang='grc' dir='ltr'>(καί⁸</span> <span class='ocrx_word' id='word_1_282' title='bbox 1029 3013 1138 3084; x_wconf 82' lang='grc' dir='ltr'>γάρ</span> <span class='ocrx_word' id='word_1_283' title='bbox 1186 3011 1304 3075; x_wconf 74' lang='grc' dir='ltr'>ἔθος</span> <span class='ocrx_word' id='word_1_284' title='bbox 1355 3011 1506 3084; x_wconf 87' lang='grc' dir='ltr'>αὐτῷ</span> <span class='ocrx_word' id='word_1_285' title='bbox 1551 3013 1710 3068; x_wconf 88' lang='grc' dir='ltr'>τοῦτο</span> <span class='ocrx_word' id='word_1_286' title='bbox 1748 3016 1836 3084; x_wconf 87' lang='grc' dir='ltr'>ἐφ’</span> 
     </span>
    </p>
   </div>
   <div class='ocr_carea' id='block_1_38' title="bbox 240 3095 1838 3169">
    <p class='ocr_par' dir='ltr' id='par_1_38' title="bbox 240 3095 1838 3169">
     <span class='ocr_line' id='line_1_38' title="bbox 240 3095 1838 3169; baseline 0.002 -21"><span class='ocrx_word' id='word_1_287' title='bbox 240 3097 460 3168; x_wconf 76' lang='grc' dir='ltr'>ἑκάστῳ</span> <span class='ocrx_word' id='word_1_288' title='bbox 495 3097 604 3150; x_wconf 82' lang='grc' dir='ltr'>τῶν</span> <span class='ocrx_word' id='word_1_289' title='bbox 641 3095 866 3149; x_wconf 89' lang='grc' dir='ltr'>δικαίων</span> <span class='ocrx_word' id='word_1_290' title='bbox 893 3097 1064 3148; x_wconf 81' lang='grc' dir='ltr'>ποιεῖν</span> <span class='ocrx_word' id='word_1_291' title='bbox 1089 3111 1104 3125; x_wconf 75' lang='grc' dir='ltr'><strong>ο</strong></span> <span class='ocrx_word' id='word_1_292' title='bbox 1138 3097 1230 3150; x_wconf 76' lang='grc' dir='ltr'>καὶ</span> <span class='ocrx_word' id='word_1_293' title='bbox 1258 3096 1371 3149; x_wconf 85' lang='grc' dir='ltr'>ὅσοι</span> <span class='ocrx_word' id='word_1_294' title='bbox 1411 3096 1541 3168; x_wconf 80' lang='grc' dir='ltr'>περὶ</span> <span class='ocrx_word' id='word_1_295' title='bbox 1569 3097 1670 3169; x_wconf 79' lang='grc' dir='ltr'>τὴν</span> <span class='ocrx_word' id='word_1_296' title='bbox 1706 3097 1838 3152; x_wconf 84' lang='grc' dir='ltr'>ἀνά-</span> 
     </span>
    </p>
   </div>
   <div class='ocr_carea' id='block_1_39' title="bbox 240 3179 1835 3252">
    <p class='ocr_par' dir='ltr' id='par_1_39' title="bbox 240 3179 1835 3252">
     <span class='ocr_line' id='line_1_39' title="bbox 240 3179 1835 3252; baseline 0.001 -18"><span class='ocrx_word' id='word_1_297' title='bbox 240 3198 444 3251; x_wconf 86' lang='grc' dir='ltr'>γνωσιν</span> <span class='ocrx_word' id='word_1_298' title='bbox 468 3179 576 3234; x_wconf 89' lang='grc' dir='ltr'>τῶν</span> <span class='ocrx_word' id='word_1_299' title='bbox 604 3179 762 3233; x_wconf 88' lang='grc' dir='ltr'>θείων</span> <span class='ocrx_word' id='word_1_300' title='bbox 795 3179 1028 3251; x_wconf 84' lang='grc' dir='ltr'>Γραφῶν</span> <span class='ocrx_word' id='word_1_301' title='bbox 1049 3181 1172 3232; x_wconf 88' lang='grc' dir='ltr'>ἐστε</span> <span class='ocrx_word' id='word_1_302' title='bbox 1198 3179 1518 3251; x_wconf 87' lang='grc' dir='ltr'>φιλότεχνοι,</span> <span class='ocrx_word' id='word_1_303' title='bbox 1543 3179 1835 3252; x_wconf 81' lang='grc' dir='ltr'>δυνήσεσθε</span> 
     </span>
    </p>
   </div>
   <div class='ocr_carea' id='block_1_40' title="bbox 240 3262 1836 3335">
    <p class='ocr_par' dir='ltr' id='par_1_40' title="bbox 240 3262 1836 3335">
     <span class='ocr_line' id='line_1_40' title="bbox 240 3262 1836 3335; baseline -0.001 -17"><span class='ocrx_word' id='word_1_304' title='bbox 240 3263 452 3319; x_wconf 84' lang='grc' dir='ltr'>ἄνωθεν</span> <span class='ocrx_word' id='word_1_305' title='bbox 491 3263 586 3317; x_wconf 72' lang='grc' dir='ltr'>καὶ</span> <span class='ocrx_word' id='word_1_306' title='bbox 605 3262 666 3329; x_wconf 81' lang='grc' dir='ltr'>ἐξ</span> <span class='ocrx_word' id='word_1_307' title='bbox 686 3262 860 3334; x_wconf 86' lang='grc' dir='ltr'>ἀρχῆς</span> <span class='ocrx_word' id='word_1_308' title='bbox 893 3263 1426 3332; x_wconf 78' lang='grc' dir='ltr'>καταμανθάνοντες,</span> <span class='ocrx_word' id='word_1_309' title='bbox 1460 3263 1634 3328; x_wconf 82' lang='grc' dir='ltr'>οὕτως</span> <span class='ocrx_word' id='word_1_310' title='bbox 1654 3265 1836 3335; x_wconf 86' lang='grc' dir='ltr'>εὑρεῖν</span> 
     </span>
    </p>
   </div>
   <div class='ocr_carea' id='block_1_41' title="bbox 241 3345 1830 3420">
    <p class='ocr_par' dir='ltr' id='par_1_41' title="bbox 241 3345 1830 3420">
     <span class='ocr_line' id='line_1_41' title="bbox 241 3345 1830 3420; baseline -0.001 -19"><span class='ocrx_word' id='word_1_311' title='bbox 241 3348 409 3401; x_wconf 76' lang='grc' dir='ltr'>αὑτὸν</span> <span class='ocrx_word' id='word_1_312' title='bbox 457 3345 846 3416; x_wconf 89' lang='grc' dir='ltr'>οἰκονομοῦντα</span> <span class='ocrx_word' id='word_1_313' title='bbox 877 3345 984 3399; x_wconf 89' lang='grc' dir='ltr'>τῶν</span> <span class='ocrx_word' id='word_1_314' title='bbox 1021 3345 1184 3400; x_wconf 88' lang='grc' dir='ltr'>αὐτοῦ</span> <span class='ocrx_word' id='word_1_315' title='bbox 1223 3345 1425 3400; x_wconf 89' lang='grc' dir='ltr'>δούλων</span> <span class='ocrx_word' id='word_1_316' title='bbox 1461 3346 1560 3420; x_wconf 83' lang='grc' dir='ltr'>τήν</span> <span class='ocrx_word' id='word_1_317' title='bbox 1608 3347 1756 3418; x_wconf 75' lang='grc' dir='ltr'>ζωὴν</span> <span class='ocrx_word' id='word_1_318' title='bbox 1780 3351 1830 3413; x_wconf 89' lang='grc'>),</span> 
     </span>
    </p>
   </div>
   <div class='ocr_carea' id='block_1_42' title="bbox 241 3429 1874 3509">
    <p class='ocr_par' dir='ltr' id='par_1_42' title="bbox 241 3429 1874 3509">
     <span class='ocr_line' id='line_1_42' title="bbox 241 3429 1874 3509; baseline 0.001 -24"><span class='ocrx_word' id='word_1_319' title='bbox 241 3432 358 3496; x_wconf 85' lang='grc' dir='ltr'>πῶς</span> <span class='ocrx_word' id='word_1_320' title='bbox 413 3431 514 3484; x_wconf 87' lang='grc' dir='ltr'>οὐκ</span> <span class='ocrx_word' id='word_1_321' title='bbox 554 3431 621 3484; x_wconf 80' lang='grc' dir='ltr'>ἂν</span> <span class='ocrx_word' id='word_1_322' title='bbox 651 3429 1018 3509; x_wconf 12' lang='grc' dir='ltr'>είηῗέσχάτης</span> <span class='ocrx_word' id='word_1_323' title='bbox 1063 3429 1458 3500; x_wconf 86' lang='grc' dir='ltr'>ἀγνωμοσύνης</span> <span class='ocrx_word' id='word_1_324' title='bbox 1495 3433 1555 3484; x_wconf 79' lang='grc' dir='ltr'>τὸ</span> <span class='ocrx_word' id='word_1_325' title='bbox 1591 3432 1834 3500; x_wconf 76' lang='grc' dir='ltr'>νομίζειν</span> <span class='ocrx_word' id='word_1_326' title='bbox 1864 3503 1874 3509; x_wconf 24' lang='grc' dir='ltr'>ν</span> 
     </span>
    </p>
   </div>
   <div class='ocr_carea' id='block_1_43' title="bbox 240 3508 1832 3586">
    <p class='ocr_par' dir='ltr' id='par_1_43' title="bbox 240 3508 1832 3586">
     <span class='ocr_line' id='line_1_43' title="bbox 240 3508 1832 3586; baseline 0 -18"><span class='ocrx_word' id='word_1_327' title='bbox 240 3513 686 3584; x_wconf 75' lang='grc' dir='ltr'>ἐγκαταλείψεως</span> <span class='ocrx_word' id='word_1_328' title='bbox 731 3508 872 3567; x_wconf 76' lang='grc' dir='ltr'>εἶναι</span> <span class='ocrx_word' id='word_1_329' title='bbox 908 3514 1009 3585; x_wconf 81' lang='grc' dir='ltr'>τὴν</span> <span class='ocrx_word' id='word_1_330' title='bbox 1050 3513 1321 3585; x_wconf 81' lang='grc' dir='ltr'>τοσαύτην</span> <span class='ocrx_word' id='word_1_331' title='bbox 1361 3515 1729 3586; x_wconf 84' lang='grc' dir='ltr'>συγχώρησιν,</span> <span class='ocrx_word' id='word_1_332' title='bbox 1771 3516 1832 3568; x_wconf 84' lang='grc' dir='ltr'>οὐ</span> 
     </span>
    </p>
   </div>
   <div class='ocr_carea' id='block_1_44' title="bbox 239 3595 1832 3669">
    <p class='ocr_par' dir='ltr' id='par_1_44' title="bbox 239 3595 1832 3669">
     <span class='ocr_line' id='line_1_44' title="bbox 239 3595 1832 3669; baseline 0 -18"><span class='ocrx_word' id='word_1_333' title='bbox 239 3597 446 3669; x_wconf 86' lang='grc' dir='ltr'>πολλῆς</span> <span class='ocrx_word' id='word_1_334' title='bbox 474 3596 531 3650; x_wconf 81' lang='grc' dir='ltr'>δὲ</span> <span class='ocrx_word' id='word_1_335' title='bbox 565 3597 764 3667; x_wconf 81' lang='grc' dir='ltr'>μᾶλλον</span> <span class='ocrx_word' id='word_1_336' title='bbox 792 3595 1140 3667; x_wconf 77' lang='grc' dir='ltr'>κηδεμονίας,</span> <span class='ocrx_word' id='word_1_337' title='bbox 1172 3598 1384 3668; x_wconf 75' lang='grc' dir='ltr'>καὶτῆς</span> <span class='ocrx_word' id='word_1_338' title='bbox 1404 3598 1613 3667; x_wconf 86' lang='grc' dir='ltr'>άφάτου</span> <span class='ocrx_word' id='word_1_339' title='bbox 1645 3598 1832 3668; x_wconf 76' lang='grc' dir='ltr'>φιλανο</span> 
     </span>
    </p>
   </div>
   <div class='ocr_carea' id='block_1_45' title="bbox 240 3679 1834 3753">
    <p class='ocr_par' dir='ltr' id='par_1_45' title="bbox 240 3679 1834 3753">
     <span class='ocr_line' id='line_1_45' title="bbox 240 3679 1834 3753; baseline 0.001 -19"><span class='ocrx_word' id='word_1_340' title='bbox 240 3681 491 3753; x_wconf 84' lang='grc' dir='ltr'>θρωπίας</span> <span class='ocrx_word' id='word_1_341' title='bbox 527 3680 686 3734; x_wconf 86' lang='grc' dir='ltr'>τοῦτο</span> <span class='ocrx_word' id='word_1_342' title='bbox 717 3679 972 3752; x_wconf 85' lang='grc' dir='ltr'>μέγιστον</span> <span class='ocrx_word' id='word_1_343' title='bbox 1006 3680 1278 3736; x_wconf 81' lang='grc' dir='ltr'>ποιεῖσθαι</span> <span class='ocrx_word' id='word_1_344' title='bbox 1319 3685 1574 3753; x_wconf 74' lang='grc' dir='ltr'>σημεῖονς</span> <span class='ocrx_word' id='word_1_345' title='bbox 1607 3684 1834 3747; x_wconf 83' lang='grc' dir='ltr'>Δεικνύς</span> 
     </span>
    </p>
   </div>
   <div class='ocr_carea' id='block_1_46' title="bbox 238 3763 1832 3836">
    <p class='ocr_par' dir='ltr' id='par_1_46' title="bbox 238 3763 1832 3836">
     <span class='ocr_line' id='line_1_46' title="bbox 238 3763 1832 3836; baseline 0.003 -20"><span class='ocrx_word' id='word_1_346' title='bbox 238 3763 422 3818; x_wconf 80' lang='grc' dir='ltr'>τοίνυν</span> <span class='ocrx_word' id='word_1_347' title='bbox 459 3763 558 3836; x_wconf 71' lang='grc' dir='ltr'>τὴν</span> <span class='ocrx_word' id='word_1_348' title='bbox 588 3763 1031 3835; x_wconf 88' lang='grc' dir='ltr'>ὑπερϐάλλουσαν</span> <span class='ocrx_word' id='word_1_349' title='bbox 1067 3764 1297 3836; x_wconf 86' lang='grc' dir='ltr'>δύναμιν</span> <span class='ocrx_word' id='word_1_350' title='bbox 1326 3765 1513 3834; x_wconf 88' lang='grc' dir='ltr'>αὐτοῦ,</span> <span class='ocrx_word' id='word_1_351' title='bbox 1543 3767 1638 3820; x_wconf 89' lang='grc' dir='ltr'>δύο</span> <span class='ocrx_word' id='word_1_352' title='bbox 1660 3768 1832 3821; x_wconf 86' lang='grc' dir='ltr'>ταῦτα</span> 
     </span>
    </p>
   </div>
   <div class='ocr_carea' id='block_1_47' title="bbox 241 3847 1836 3925">
    <p class='ocr_par' dir='ltr' id='par_1_47' title="bbox 241 3847 1836 3925">
     <span class='ocr_line' id='line_1_47' title="bbox 241 3847 1836 3925; baseline 0.002 -23"><span class='ocrx_word' id='word_1_353' title='bbox 241 3847 494 3902; x_wconf 75' lang='grc' dir='ltr'>ἐντεῦθεν</span> <span class='ocrx_word' id='word_1_354' title='bbox 535 3847 955 3913; x_wconf 77' lang='grc' dir='ltr'>κατασκευάζει.</span> <span class='ocrx_word' id='word_1_355' title='bbox 1006 3850 1240 3903; x_wconf 78' lang='grc' dir='ltr'>καὶτῶν</span> <span class='ocrx_word' id='word_1_356' title='bbox 1286 3850 1490 3904; x_wconf 89' lang='grc' dir='ltr'>δούλων</span> <span class='ocrx_word' id='word_1_357' title='bbox 1540 3851 1705 3905; x_wconf 91' lang='grc' dir='ltr'>αὐτοῦ</span> <span class='ocrx_word' id='word_1_358' title='bbox 1733 3852 1836 3925; x_wconf 81' lang='grc' dir='ltr'>τήν</span> 
     </span>
    </p>
   </div>
   <div class='ocr_carea' id='block_1_48' title="bbox 242 3931 1830 4006">
    <p class='ocr_par' dir='ltr' id='par_1_48' title="bbox 242 3931 1830 4006">
     <span class='ocr_line' id='line_1_48' title="bbox 242 3931 1830 4006; baseline 0.001 -20"><span class='ocrx_word' id='word_1_359' title='bbox 242 3931 523 4004; x_wconf 75' lang='grc' dir='ltr'>ὑπομονὴν</span> <span class='ocrx_word' id='word_1_360' title='bbox 544 3933 639 3986; x_wconf 76' lang='grc' dir='ltr'>καὶ</span> <span class='ocrx_word' id='word_1_361' title='bbox 658 3932 758 4003; x_wconf 78' lang='grc' dir='ltr'>τήν</span> <span class='ocrx_word' id='word_1_362' title='bbox 783 3931 1034 4004; x_wconf 87' lang='grc' dir='ltr'>ἀνδρείαν</span> <span class='ocrx_word' id='word_1_363' title='bbox 1057 3932 1229 3986; x_wconf 74' lang='grc' dir='ltr'>ἅπασι</span> <span class='ocrx_word' id='word_1_364' title='bbox 1251 3935 1492 4006; x_wconf 84' lang='grc' dir='ltr'>φανερὰν</span> <span class='ocrx_word' id='word_1_365' title='bbox 1517 3933 1830 4006; x_wconf 86' lang='grc' dir='ltr'>καθίστησι,</span> 
     </span>
    </p>
   </div>
   <div class='ocr_carea' id='block_1_49' title="bbox 240 4014 1833 4086">
    <p class='ocr_par' dir='ltr' id='par_1_49' title="bbox 240 4014 1833 4086">
     <span class='ocr_line' id='line_1_49' title="bbox 240 4014 1833 4086; baseline -0.001 -15"><span class='ocrx_word' id='word_1_366' title='bbox 240 4017 340 4072; x_wconf 73' lang='grc' dir='ltr'>καὶ</span> <span class='ocrx_word' id='word_1_367' title='bbox 368 4017 468 4086; x_wconf 87' lang='grc' dir='ltr'>τῆς</span> <span class='ocrx_word' id='word_1_368' title='bbox 491 4014 746 4086; x_wconf 85' lang='grc' dir='ltr'>προνοίας</span> <span class='ocrx_word' id='word_1_369' title='bbox 767 4014 930 4068; x_wconf 88' lang='grc' dir='ltr'>αὐτοῦ</span> <span class='ocrx_word' id='word_1_370' title='bbox 951 4015 1013 4068; x_wconf 81' lang='grc' dir='ltr'>τὸ</span> <span class='ocrx_word' id='word_1_371' title='bbox 1040 4015 1346 4086; x_wconf 88' lang='grc' dir='ltr'>εὐμήχανον</span> <span class='ocrx_word' id='word_1_372' title='bbox 1367 4016 1462 4069; x_wconf 65' lang='grc' dir='ltr'>καί⁵</span> <span class='ocrx_word' id='word_1_373' title='bbox 1493 4017 1698 4086; x_wconf 79' lang='grc' dir='ltr'>μεταξὺ</span> <span class='ocrx_word' id='word_1_374' title='bbox 1723 4019 1833 4070; x_wconf 85' lang='grc' dir='ltr'>τῶν</span> 
     </span>
    </p>
   </div>
   <div class='ocr_carea' id='block_1_50' title="bbox 240 4098 1832 4172">
    <p class='ocr_par' dir='ltr' id='par_1_50' title="bbox 240 4098 1832 4172">
     <span class='ocr_line' id='line_1_50' title="bbox 240 4098 1832 4172; baseline 0.001 -18"><span class='ocrx_word' id='word_1_375' title='bbox 240 4100 436 4155; x_wconf 85' lang='grc' dir='ltr'>δεινῶν</span> <span class='ocrx_word' id='word_1_376' title='bbox 466 4099 667 4166; x_wconf 86' lang='grc' dir='ltr'>αὐτῶν,</span> <span class='ocrx_word' id='word_1_377' title='bbox 703 4100 799 4152; x_wconf 78' lang='grc' dir='ltr'>καὶ</span> <span class='ocrx_word' id='word_1_378' title='bbox 845 4098 985 4170; x_wconf 84' lang='grc' dir='ltr'>μετά</span> <span class='ocrx_word' id='word_1_379' title='bbox 1012 4099 1073 4152; x_wconf 82' lang='grc' dir='ltr'>τὸ</span> <span class='ocrx_word' id='word_1_380' title='bbox 1095 4101 1516 4172; x_wconf 81' lang='grc' dir='ltr'>ἀπογνωσθῆναι</span> <span class='ocrx_word' id='word_1_381' title='bbox 1547 4101 1733 4171; x_wconf 88' lang='grc' dir='ltr'>σχεδὸν</span> <span class='ocrx_word' id='word_1_382' title='bbox 1762 4103 1832 4156; x_wconf 72' lang='grc' dir='ltr'>τά</span> 
     </span>
    </p>
   </div>
   <div class='ocr_carea' id='block_1_51' title="bbox 242 4180 1833 4254">
    <p class='ocr_par' dir='ltr' id='par_1_51' title="bbox 242 4180 1833 4254">
     <span class='ocr_line' id='line_1_51' title="bbox 242 4180 1833 4254; baseline 0.001 -17"><span class='ocrx_word' id='word_1_383' title='bbox 242 4185 572 4254; x_wconf 88' lang='grc' dir='ltr'>πράγματα,</span> <span class='ocrx_word' id='word_1_384' title='bbox 603 4183 722 4236; x_wconf 87' lang='grc' dir='ltr'>τότε</span> <span class='ocrx_word' id='word_1_385' title='bbox 769 4182 908 4254; x_wconf 74' lang='grc' dir='ltr'>πρὸς</span> <span class='ocrx_word' id='word_1_386' title='bbox 944 4181 974 4234; x_wconf 77' lang='grc' dir='ltr'>δ</span> <span class='ocrx_word' id='word_1_387' title='bbox 1006 4180 1254 4252; x_wconf 84' lang='grc' dir='ltr'>βούλεται</span> <span class='ocrx_word' id='word_1_388' title='bbox 1295 4183 1645 4254; x_wconf 87' lang='grc' dir='ltr'>μεθίστησιν,</span> <span class='ocrx_word' id='word_1_389' title='bbox 1679 4185 1833 4239; x_wconf 79' lang='grc' dir='ltr'>οὐδὲν</span> 
     </span>
    </p>
   </div>
   <div class='ocr_carea' id='block_1_52' title="bbox 241 4256 1827 4338">
    <p class='ocr_par' dir='ltr' id='par_1_52' title="bbox 241 4256 1827 4338">
     <span class='ocr_line' id='line_1_52' title="bbox 241 4256 1827 4338; baseline 0.001 -17"><span class='ocrx_word' id='word_1_390' title='bbox 241 4267 354 4321; x_wconf 78' lang='grc' dir='ltr'>ὐπὸ</span> <span class='ocrx_word' id='word_1_391' title='bbox 376 4268 475 4336; x_wconf 84' lang='grc' dir='ltr'>τῆς</span> <span class='ocrx_word' id='word_1_392' title='bbox 503 4268 560 4320; x_wconf 85' lang='grc' dir='ltr'>ὲν</span> <span class='ocrx_word' id='word_1_393' title='bbox 588 4267 740 4338; x_wconf 86' lang='grc' dir='ltr'>μέσῳ</span> <span class='ocrx_word' id='word_1_394' title='bbox 758 4264 1043 4329; x_wconf 87' lang='grc' dir='ltr'>δυσκολίας</span> <span class='ocrx_word' id='word_1_395' title='bbox 1071 4256 1370 4337; x_wconf 82' lang='grc' dir='ltr'>γενομένης</span> <span class='ocrx_word' id='word_1_396' title='bbox 1384 4266 1827 4338; x_wconf 75' lang='grc' dir='ltr'>ἐμποδιζόμενος.</span> 
     </span>
    </p>
   </div>
   <div class='ocr_carea' id='block_1_53' title="bbox 243 4348 1829 4422">
    <p class='ocr_par' dir='ltr' id='par_1_53' title="bbox 243 4348 1829 4422">
     <span class='ocr_line' id='line_1_53' title="bbox 243 4348 1829 4422; baseline -0.001 -14"><span class='ocrx_word' id='word_1_397' title='bbox 243 4353 355 4408; x_wconf 82' lang='lat' dir='ltr'>Kal</span> <span class='ocrx_word' id='word_1_398' title='bbox 405 4350 594 4420; x_wconf 66' lang='grc' dir='ltr'>ὤφθη,</span> <span class='ocrx_word' id='word_1_399' title='bbox 633 4352 787 4422; x_wconf 79' lang='grc' dir='ltr'>φησὶ,</span> <span class='ocrx_word' id='word_1_400' title='bbox 841 4348 1058 4418; x_wconf 83' lang='grc' dir='ltr'>Κύριος</span> <span class='ocrx_word' id='word_1_401' title='bbox 1104 4353 1139 4404; x_wconf 87' lang='grc' dir='ltr'>ό</span> <span class='ocrx_word' id='word_1_402' title='bbox 1173 4351 1321 4417; x_wconf 82' lang='grc' dir='ltr'>Θεὸς</span> <span class='ocrx_word' id='word_1_403' title='bbox 1346 4350 1427 4417; x_wconf 86' lang='grc' dir='ltr'>τῷ</span> <span class='ocrx_word' id='word_1_404' title='bbox 1459 4353 1695 4422; x_wconf 76' lang='grc' dir='ltr'>Ἀϐραμ,</span> <span class='ocrx_word' id='word_1_405' title='bbox 1729 4355 1829 4408; x_wconf 76' lang='grc' dir='ltr'>καὶ</span> 
     </span>
    </p>
   </div>
   <div class='ocr_carea' id='block_1_54' title="bbox 241 4432 1835 4506">
    <p class='ocr_par' dir='ltr' id='par_1_54' title="bbox 241 4432 1835 4506">
     <span class='ocr_line' id='line_1_54' title="bbox 241 4432 1835 4506; baseline 0 -15"><span class='ocrx_word' id='word_1_406' title='bbox 241 4433 418 4491; x_wconf 73' lang='grc' dir='ltr'>εἶπεν</span> <span class='ocrx_word' id='word_1_407' title='bbox 459 4434 620 4500; x_wconf 84' lang='grc' dir='ltr'>αὐτῷ</span> <span class='ocrx_word' id='word_1_408' title='bbox 645 4451 661 4465; x_wconf 75' lang='grc' dir='ltr'><strong>ο</strong></span> <span class='ocrx_word' id='word_1_409' title='bbox 701 4433 791 4499; x_wconf 80' lang='grc' dir='ltr'>Τῷ</span> <span class='ocrx_word' id='word_1_410' title='bbox 821 4432 1121 4502; x_wconf 82' lang='grc' dir='ltr'>σπέρματι</span> <span class='ocrx_word' id='word_1_411' title='bbox 1157 4449 1276 4488; x_wconf 91' lang='grc' dir='ltr'>σου</span> <span class='ocrx_word' id='word_1_412' title='bbox 1327 4434 1500 4488; x_wconf 83' lang='grc' dir='ltr'>δώσω</span> <span class='ocrx_word' id='word_1_413' title='bbox 1549 4434 1665 4504; x_wconf 77' lang='grc' dir='ltr'>τὴν</span> <span class='ocrx_word' id='word_1_414' title='bbox 1714 4436 1835 4506; x_wconf 74' lang='grc' dir='ltr'>γῆν</span> 
     </span>
    </p>
   </div>
   <div class='ocr_carea' id='block_1_55' title="bbox 243 4516 1830 4590">
    <p class='ocr_par' dir='ltr' id='par_1_55' title="bbox 243 4516 1830 4590">
     <span class='ocr_line' id='line_1_55' title="bbox 243 4516 1830 4590; baseline 0 -16"><span class='ocrx_word' id='word_1_415' title='bbox 243 4522 494 4588; x_wconf 85' lang='grc' dir='ltr'>ταύτην.</span> <span class='ocrx_word' id='word_1_416' title='bbox 523 4516 747 4587; x_wconf 89' lang='grc' dir='ltr'>Μεγάλη</span> <span class='ocrx_word' id='word_1_417' title='bbox 781 4517 817 4587; x_wconf 83' lang='grc' dir='ltr'>ή</span> <span class='ocrx_word' id='word_1_418' title='bbox 855 4516 1168 4587; x_wconf 83' lang='grc' dir='ltr'>ὑπόσχεσις,</span> <span class='ocrx_word' id='word_1_419' title='bbox 1209 4517 1304 4571; x_wconf 80' lang='grc' dir='ltr'>καὶ</span> <span class='ocrx_word' id='word_1_420' title='bbox 1342 4517 1568 4590; x_wconf 86' lang='grc' dir='ltr'>ποθεινὴ</span> <span class='ocrx_word' id='word_1_421' title='bbox 1597 4519 1830 4590; x_wconf 88' lang='grc' dir='ltr'>μάλιστα</span> 
     </span>
    </p>
   </div>
   <div class='ocr_carea' id='block_1_56' title="bbox 242 4601 1824 4674">
    <p class='ocr_par' dir='ltr' id='par_1_56' title="bbox 242 4601 1824 4674">
     <span class='ocr_line' id='line_1_56' title="bbox 242 4601 1824 4674; baseline 0.011 -23"><span class='ocrx_word' id='word_1_422' title='bbox 242 4603 325 4672; x_wconf 79' lang='grc' dir='ltr'>τῷ</span> <span class='ocrx_word' id='word_1_423' title='bbox 346 4601 568 4672; x_wconf 85' lang='grc' dir='ltr'>δικαίῳ.</span> <span class='ocrx_word' id='word_1_424' title='bbox 605 4601 750 4653; x_wconf 83' lang='grc' dir='ltr'>Ἴστε</span> <span class='ocrx_word' id='word_1_425' title='bbox 775 4601 885 4672; x_wconf 82' lang='grc' dir='ltr'>γὰρ</span> <span class='ocrx_word' id='word_1_426' title='bbox 925 4601 1075 4664; x_wconf 83' lang='grc' dir='ltr'>ὅπως</span> <span class='ocrx_word' id='word_1_427' title='bbox 1119 4603 1169 4653; x_wconf 82' lang='grc' dir='ltr'>οἱ</span> <span class='ocrx_word' id='word_1_428' title='bbox 1216 4603 1274 4653; x_wconf 82' lang='grc' dir='ltr'>ὲν</span> <span class='ocrx_word' id='word_1_429' title='bbox 1304 4603 1452 4674; x_wconf 68' lang='grc' dir='ltr'>γήριι</span> <span class='ocrx_word' id='word_1_430' title='bbox 1486 4601 1824 4672; x_wconf 78' lang='grc' dir='ltr'>φθάσαντες.</span> 
     </span>
    </p>
   </div>
   <div class='ocr_carea' id='block_1_57' title="bbox 164 4673 1829 4760">
    <p class='ocr_par' dir='ltr' id='par_1_57' title="bbox 164 4673 1829 4760">
     <span class='ocr_line' id='line_1_57' title="bbox 164 4673 1829 4760; baseline 0.001 -20"><span class='ocrx_word' id='word_1_431' title='bbox 164 4703 168 4707; x_wconf 83' lang='grc'><strong>’</strong></span> <span class='ocrx_word' id='word_1_432' title='bbox 209 4673 213 4696; x_wconf 56' lang='grc'><strong>⁵</strong></span> <span class='ocrx_word' id='word_1_433' title='bbox 247 4687 486 4760; x_wconf 85' lang='grc' dir='ltr'>μάλιστα</span> <span class='ocrx_word' id='word_1_434' title='bbox 502 4686 595 4740; x_wconf 70' lang='grc' dir='ltr'>καὶ</span> <span class='ocrx_word' id='word_1_435' title='bbox 625 4687 684 4738; x_wconf 83' lang='grc' dir='ltr'>ἐν</span> <span class='ocrx_word' id='word_1_436' title='bbox 715 4683 942 4756; x_wconf 80' lang='grc' dir='ltr'>ἀπαιδίᾳ</span> <span class='ocrx_word' id='word_1_437' title='bbox 967 4684 1057 4738; x_wconf 84' lang='grc' dir='ltr'>τὸν</span> <span class='ocrx_word' id='word_1_438' title='bbox 1074 4684 1291 4740; x_wconf 72' lang='grc' dir='ltr'>ἅπαντα</span> <span class='ocrx_word' id='word_1_439' title='bbox 1313 4685 1592 4755; x_wconf 84' lang='grc' dir='ltr'>διάγοντες</span> <span class='ocrx_word' id='word_1_440' title='bbox 1617 4689 1829 4759; x_wconf 88' lang='grc' dir='ltr'>χρόνον,</span> 
     </span>
    </p>
   </div>
   <div class='ocr_carea' id='block_1_58' title="bbox 245 4769 1830 4846">
    <p class='ocr_par' dir='ltr' id='par_1_58' title="bbox 245 4769 1830 4846">
     <span class='ocr_line' id='line_1_58' title="bbox 245 4769 1830 4846; baseline 0.003 -22"><span class='ocrx_word' id='word_1_441' title='bbox 245 4769 578 4840; x_wconf 85' lang='grc' dir='ltr'>ἐπιθυμοῦσι</span> <span class='ocrx_word' id='word_1_442' title='bbox 617 4769 843 4822; x_wconf 88' lang='grc' dir='ltr'>παίδων.</span> <span class='ocrx_word' id='word_1_443' title='bbox 877 4769 992 4839; x_wconf 83' lang='grc' dir='ltr'>Τῆς</span> <span class='ocrx_word' id='word_1_444' title='bbox 1021 4769 1270 4839; x_wconf 81' lang='grc' dir='ltr'>ὑπακοῆς</span> <span class='ocrx_word' id='word_1_445' title='bbox 1313 4770 1494 4824; x_wconf 88' lang='grc' dir='ltr'>τοίνυν</span> <span class='ocrx_word' id='word_1_446' title='bbox 1543 4773 1694 4843; x_wconf 82' lang='grc' dir='ltr'>αὐτῷ</span> <span class='ocrx_word' id='word_1_447' title='bbox 1730 4775 1830 4846; x_wconf 71' lang='grc' dir='ltr'>τὴν</span> 
     </span>
    </p>
   </div>
   <div class='ocr_carea' id='block_1_59' title="bbox 243 4852 1831 4924">
    <p class='ocr_par' dir='ltr' id='par_1_59' title="bbox 243 4852 1831 4924">
     <span class='ocr_line' id='line_1_59' title="bbox 243 4852 1831 4924; baseline 0.005 -19"><span class='ocrx_word' id='word_1_448' title='bbox 243 4852 482 4924; x_wconf 82' lang='grc' dir='ltr'>ἀμοιϐὴν</span> <span class='ocrx_word' id='word_1_449' title='bbox 500 4852 676 4914; x_wconf 71' lang='grc' dir='ltr'>διδοὺς</span> <span class='ocrx_word' id='word_1_450' title='bbox 700 4853 729 4904; x_wconf 91' lang='lat'>6</span> <span class='ocrx_word' id='word_1_451' title='bbox 753 4853 1049 4924; x_wconf 77' lang='grc' dir='ltr'>Δεσπότης,</span> <span class='ocrx_word' id='word_1_452' title='bbox 1069 4855 1163 4905; x_wconf 77' lang='grc' dir='ltr'>καὶ</span> <span class='ocrx_word' id='word_1_453' title='bbox 1189 4854 1272 4906; x_wconf 85' lang='grc' dir='ltr'>ὅτι</span> <span class='ocrx_word' id='word_1_454' title='bbox 1300 4853 1560 4919; x_wconf 87' lang='grc' dir='ltr'>ἀκούσας,</span> <span class='ocrx_word' id='word_1_455' title='bbox 1579 4857 1831 4922; x_wconf 71' lang='grc' dir='ltr'>Ἔξελθε</span> 
     </span>
    </p>
   </div>
   <div class='ocr_carea' id='block_1_60' title="bbox 242 4933 1828 5014">
    <p class='ocr_par' dir='ltr' id='par_1_60' title="bbox 242 4933 1828 5014">
     <span class='ocr_line' id='line_1_60' title="bbox 242 4933 1828 5014; baseline 0.004 -25"><span class='ocrx_word' id='word_1_456' title='bbox 242 4937 316 4989; x_wconf 73' lang='grc' dir='ltr'>ἐκ</span> <span class='ocrx_word' id='word_1_457' title='bbox 344 4935 456 5002; x_wconf 83' lang='grc' dir='ltr'>τῆς</span> <span class='ocrx_word' id='word_1_458' title='bbox 488 4933 604 5005; x_wconf 67' lang='grc' dir='ltr'>γῆς</span> <span class='ocrx_word' id='word_1_459' title='bbox 634 4951 772 4999; x_wconf 89' lang='grc' dir='ltr'>σου,</span> <span class='ocrx_word' id='word_1_460' title='bbox 807 4935 905 5005; x_wconf 88' lang='grc' dir='ltr'>οὐχ</span> <span class='ocrx_word' id='word_1_461' title='bbox 933 4935 1249 5006; x_wconf 83' lang='grc' dir='ltr'>ὑπερέθετο,</span> <span class='ocrx_word' id='word_1_462' title='bbox 1294 4936 1396 4990; x_wconf 91' lang='grc' dir='ltr'>οὐκ</span> <span class='ocrx_word' id='word_1_463' title='bbox 1433 4939 1828 5014; x_wconf 85' lang='grc' dir='ltr'>ἀνεϐάλ[λ]ετο,</span> 
     </span>
    </p>
   </div>
   <div class='ocr_carea' id='block_1_61' title="bbox 243 5019 1830 5098">
    <p class='ocr_par' dir='ltr' id='par_1_61' title="bbox 243 5019 1830 5098">
     <span class='ocr_line' id='line_1_61' title="bbox 243 5019 1830 5098; baseline 0.004 -24"><span class='ocrx_word' id='word_1_464' title='bbox 243 5022 362 5075; x_wconf 86' lang='grc' dir='ltr'>ἀλλ’</span> <span class='ocrx_word' id='word_1_465' title='bbox 391 5022 669 5092; x_wconf 82' lang='grc' dir='ltr'>ὑπήκουσε</span> <span class='ocrx_word' id='word_1_466' title='bbox 698 5019 777 5090; x_wconf 84' lang='grc' dir='ltr'>τῷ</span> <span class='ocrx_word' id='word_1_467' title='bbox 810 5020 1166 5090; x_wconf 78' lang='grc' dir='ltr'>ἐπιτάγματι,</span> <span class='ocrx_word' id='word_1_468' title='bbox 1197 5021 1289 5076; x_wconf 80' lang='grc' dir='ltr'>καὶ</span> <span class='ocrx_word' id='word_1_469' title='bbox 1335 5023 1414 5086; x_wconf 88' lang='grc' dir='ltr'>εἰς</span> <span class='ocrx_word' id='word_1_470' title='bbox 1449 5023 1609 5096; x_wconf 79' lang='grc' dir='ltr'>ἔργον</span> <span class='ocrx_word' id='word_1_471' title='bbox 1653 5028 1830 5098; x_wconf 74' lang='grc' dir='ltr'>ἤγαγε</span> 
     </span>
    </p>
   </div>
   <div class='ocr_carea' id='block_1_62' title="bbox 241 5103 1833 5181">
    <p class='ocr_par' dir='ltr' id='par_1_62' title="bbox 241 5103 1833 5181">
     <span class='ocr_line' id='line_1_62' title="bbox 241 5103 1833 5181; baseline 0.005 -24"><span class='ocrx_word' id='word_1_472' title='bbox 241 5105 308 5157; x_wconf 78' lang='grc' dir='ltr'>τὸ</span> <span class='ocrx_word' id='word_1_473' title='bbox 347 5105 705 5176; x_wconf 82' lang='grc' dir='ltr'>προσταχθὲν,</span> <span class='ocrx_word' id='word_1_474' title='bbox 741 5103 892 5173; x_wconf 79' lang='grc' dir='ltr'>φησί·</span> <span class='ocrx_word' id='word_1_475' title='bbox 932 5103 1015 5169; x_wconf 60' lang='lat' dir='ltr'>Td)</span> <span class='ocrx_word' id='word_1_476' title='bbox 1037 5103 1342 5174; x_wconf 80' lang='grc' dir='ltr'>σπέρματί</span> <span class='ocrx_word' id='word_1_477' title='bbox 1364 5120 1481 5161; x_wconf 87' lang='grc' dir='ltr'>σου</span> <span class='ocrx_word' id='word_1_478' title='bbox 1517 5108 1690 5163; x_wconf 87' lang='grc' dir='ltr'>δώσω</span> <span class='ocrx_word' id='word_1_479' title='bbox 1717 5111 1833 5181; x_wconf 79' lang='grc' dir='ltr'>τὴν</span> 
     </span>
    </p>
   </div>
   <div class='ocr_carea' id='block_1_63' title="bbox 242 5185 633 5259">
    <p class='ocr_par' dir='ltr' id='par_1_63' title="bbox 242 5185 633 5259">
     <span class='ocr_line' id='line_1_63' title="bbox 242 5185 633 5259; baseline 0.005 -19"><span class='ocrx_word' id='word_1_480' title='bbox 242 5185 365 5259; x_wconf 79' lang='grc' dir='ltr'>γῆν</span> <span class='ocrx_word' id='word_1_481' title='bbox 391 5190 633 5256; x_wconf 77' lang='grc' dir='ltr'>ταύτην.</span> 
     </span>
    </p>
   </div>
   <div class='ocr_carea' id='block_1_64' title="bbox 317 5288 1832 5370">
    <p class='ocr_par' dir='ltr' id='par_1_64' title="bbox 317 5288 1832 5370">
     <span class='ocr_line' id='line_1_64' title="bbox 317 5288 1832 5370; baseline 0.005 -25"><span class='ocrx_word' id='word_1_482' title='bbox 317 5289 387 5360; x_wconf 56' lang='grc' dir='ltr'>γ.</span> <span class='ocrx_word' id='word_1_483' title='bbox 403 5291 602 5344; x_wconf 84' lang='grc' dir='ltr'>Σκόπει</span> <span class='ocrx_word' id='word_1_484' title='bbox 619 5289 736 5355; x_wconf 88' lang='grc' dir='ltr'>πῶς</span> <span class='ocrx_word' id='word_1_485' title='bbox 750 5289 839 5346; x_wconf 81' lang='grc' dir='ltr'>διὰ</span> <span class='ocrx_word' id='word_1_486' title='bbox 857 5288 950 5346; x_wconf 88' lang='grc' dir='ltr'>τοῦ</span> <span class='ocrx_word' id='word_1_487' title='bbox 969 5293 1214 5364; x_wconf 75' lang='grc' dir='ltr'>ῥήματος</span> <span class='ocrx_word' id='word_1_488' title='bbox 1230 5293 1527 5366; x_wconf 83' lang='grc' dir='ltr'>ἀνέστησεν</span> <span class='ocrx_word' id='word_1_489' title='bbox 1544 5297 1711 5352; x_wconf 86' lang='grc' dir='ltr'>αὐτοῦ</span> <span class='ocrx_word' id='word_1_490' title='bbox 1731 5304 1832 5370; x_wconf 76' lang='grc' dir='ltr'>τὴν</span> 
     </span>
    </p>
   </div>
   <div class='ocr_carea' id='block_1_65' title="bbox 242 5373 1830 5455">
    <p class='ocr_par' dir='ltr' id='par_1_65' title="bbox 242 5373 1830 5455">
     <span class='ocr_line' id='line_1_65' title="bbox 242 5373 1830 5455; baseline 0.005 -26"><span class='ocrx_word' id='word_1_491' title='bbox 242 5375 506 5437; x_wconf 80' lang='grc' dir='ltr'>διάνοιαν,</span> <span class='ocrx_word' id='word_1_492' title='bbox 538 5375 632 5426; x_wconf 77' lang='grc' dir='ltr'>καὶ</span> <span class='ocrx_word' id='word_1_493' title='bbox 665 5373 944 5445; x_wconf 87' lang='grc' dir='ltr'>ἀρκοῦσαν</span> <span class='ocrx_word' id='word_1_494' title='bbox 977 5376 1126 5447; x_wconf 89' lang='grc' dir='ltr'>αὐτῷ</span> <span class='ocrx_word' id='word_1_495' title='bbox 1153 5377 1262 5432; x_wconf 88' lang='grc' dir='ltr'>τῶν</span> <span class='ocrx_word' id='word_1_496' title='bbox 1292 5379 1556 5450; x_wconf 87' lang='grc' dir='ltr'>καμάτων</span> <span class='ocrx_word' id='word_1_497' title='bbox 1585 5384 1830 5455; x_wconf 81' lang='grc' dir='ltr'>παρέσχε</span> 
     </span>
    </p>
   </div>
   <div class='ocr_carea' id='block_1_66' title="bbox 237 5457 1832 5537">
    <p class='ocr_par' dir='ltr' id='par_1_66' title="bbox 237 5457 1832 5537">
     <span class='ocr_line' id='line_1_66' title="bbox 237 5457 1832 5537; baseline 0.004 -25"><span class='ocrx_word' id='word_1_498' title='bbox 237 5459 343 5530; x_wconf 80' lang='grc' dir='ltr'>τὴν</span> <span class='ocrx_word' id='word_1_499' title='bbox 379 5457 667 5512; x_wconf 88' lang='grc' dir='ltr'>ἀντίδοσιν.</span> <span class='ocrx_word' id='word_1_500' title='bbox 691 5459 791 5512; x_wconf 85' lang='grc' dir='ltr'>Διά</span> <span class='ocrx_word' id='word_1_501' title='bbox 808 5476 893 5512; x_wconf 84' lang='grc' dir='ltr'>τοι</span> <span class='ocrx_word' id='word_1_502' title='bbox 915 5459 1076 5514; x_wconf 88' lang='grc' dir='ltr'>τοῦτο</span> <span class='ocrx_word' id='word_1_503' title='bbox 1098 5461 1190 5514; x_wconf 82' lang='grc' dir='ltr'>καὶ</span> <span class='ocrx_word' id='word_1_504' title='bbox 1211 5462 1239 5514; x_wconf 93' lang='lat'>6</span> <span class='ocrx_word' id='word_1_505' title='bbox 1266 5461 1492 5530; x_wconf 89' lang='grc' dir='ltr'>δίκαιος,</span> <span class='ocrx_word' id='word_1_506' title='bbox 1507 5463 1604 5537; x_wconf 81' lang='grc' dir='ltr'>τὴν</span> <span class='ocrx_word' id='word_1_507' title='bbox 1623 5467 1832 5522; x_wconf 80' lang='grc' dir='ltr'>οἰκείαν</span> 
     </span>
    </p>
   </div>
   <div class='ocr_carea' id='block_1_67' title="bbox 240 5539 1828 5621">
    <p class='ocr_par' dir='ltr' id='par_1_67' title="bbox 240 5539 1828 5621">
     <span class='ocr_line' id='line_1_67' title="bbox 240 5539 1828 5621; baseline 0.006 -26"><span class='ocrx_word' id='word_1_508' title='bbox 240 5539 667 5612; x_wconf 80' lang='grc' dir='ltr'>εὐγνωμοσύνην</span> <span class='ocrx_word' id='word_1_509' title='bbox 707 5539 1181 5613; x_wconf 79' lang='grc' dir='ltr'>ἐπιδεικνύμενος,</span> <span class='ocrx_word' id='word_1_510' title='bbox 1233 5545 1435 5611; x_wconf 84' lang='grc' dir='ltr'>εὐθέως</span> <span class='ocrx_word' id='word_1_511' title='bbox 1471 5549 1564 5602; x_wconf 77' lang='grc' dir='ltr'>ἐπὶ</span> <span class='ocrx_word' id='word_1_512' title='bbox 1611 5549 1828 5621; x_wconf 82' lang='grc' dir='ltr'>εὐχαρι-</span> 
     </span>
    </p>
   </div>
   <div class='ocr_carea' id='block_1_68' title="bbox 240 5623 1826 5702">
    <p class='ocr_par' dir='ltr' id='par_1_68' title="bbox 240 5623 1826 5702">
     <span class='ocr_line' id='line_1_68' title="bbox 240 5623 1826 5702; baseline 0.006 -24"><span class='ocrx_word' id='word_1_513' title='bbox 240 5624 398 5678; x_wconf 88' lang='grc' dir='ltr'>στίαν</span> <span class='ocrx_word' id='word_1_514' title='bbox 420 5623 701 5695; x_wconf 85' lang='grc' dir='ltr'>τρέπεται.</span> <span class='ocrx_word' id='word_1_515' title='bbox 725 5624 831 5679; x_wconf 83' lang='lat' dir='ltr'><strong><em>Kal</em></strong></span> <span class='ocrx_word' id='word_1_516' title='bbox 852 5626 1241 5696; x_wconf 78' lang='grc' dir='ltr'>ᾠκοδόμησεν</span> <span class='ocrx_word' id='word_1_517' title='bbox 1263 5627 1406 5694; x_wconf 77' lang='grc' dir='ltr'>ἐκεῖ,</span> <span class='ocrx_word' id='word_1_518' title='bbox 1435 5633 1591 5702; x_wconf 80' lang='grc' dir='ltr'>φησὶ,</span> <span class='ocrx_word' id='word_1_519' title='bbox 1623 5635 1826 5688; x_wconf 82' lang='grc' dir='ltr'>θυσια-</span> 
     </span>
    </p>
   </div>
   <div class='ocr_carea' id='block_1_69' title="bbox 237 5707 1827 5786">
    <p class='ocr_par' dir='ltr' id='par_1_69' title="bbox 237 5707 1827 5786">
     <span class='ocr_line' id='line_1_69' title="bbox 237 5707 1827 5786; baseline 0.003 -21"><span class='ocrx_word' id='word_1_520' title='bbox 237 5709 498 5778; x_wconf 85' lang='grc' dir='ltr'>στήριον</span> <span class='ocrx_word' id='word_1_521' title='bbox 513 5707 594 5774; x_wconf 84' lang='grc' dir='ltr'>τῷ</span> <span class='ocrx_word' id='word_1_522' title='bbox 613 5711 808 5777; x_wconf 79' lang='grc' dir='ltr'>Κυρίῳ</span> <span class='ocrx_word' id='word_1_523' title='bbox 822 5709 904 5775; x_wconf 83' lang='grc' dir='ltr'>τῷ</span> <span class='ocrx_word' id='word_1_524' title='bbox 927 5710 1168 5780; x_wconf 71' lang='grc' dir='ltr'>ὀφθέντι</span> <span class='ocrx_word' id='word_1_525' title='bbox 1199 5711 1380 5778; x_wconf 81' lang='grc' dir='ltr'>αὐτῷ.</span> <span class='ocrx_word' id='word_1_526' title='bbox 1411 5713 1554 5786; x_wconf 85' lang='grc' dir='ltr'>Ὅρα</span> <span class='ocrx_word' id='word_1_527' title='bbox 1581 5715 1827 5785; x_wconf 84' lang='grc' dir='ltr'>φιλοθέου</span> 
     </span>
    </p>
   </div>
   <div class='ocr_carea' id='block_1_70' title="bbox 238 5792 1829 5871">
    <p class='ocr_par' dir='ltr' id='par_1_70' title="bbox 238 5792 1829 5871">
     <span class='ocr_line' id='line_1_70' title="bbox 238 5792 1829 5871; baseline 0.004 -26"><span class='ocrx_word' id='word_1_528' title='bbox 238 5792 471 5863; x_wconf 81' lang='grc' dir='ltr'>γνώμης</span> <span class='ocrx_word' id='word_1_529' title='bbox 501 5792 818 5862; x_wconf 87' lang='grc' dir='ltr'>τεκμήριον.</span> <span class='ocrx_word' id='word_1_530' title='bbox 863 5793 970 5847; x_wconf 70' lang='grc' dir='ltr'>Καὶ</span> <span class='ocrx_word' id='word_1_531' title='bbox 1018 5795 1180 5849; x_wconf 77' lang='grc' dir='ltr'>αὐτὸν</span> <span class='ocrx_word' id='word_1_532' title='bbox 1207 5796 1297 5849; x_wconf 74' lang='grc' dir='ltr'>τον</span> <span class='ocrx_word' id='word_1_533' title='bbox 1326 5796 1508 5860; x_wconf 86' lang='grc' dir='ltr'>τόπον,</span> <span class='ocrx_word' id='word_1_534' title='bbox 1565 5798 1692 5852; x_wconf 81' lang='grc' dir='ltr'>ἔνθα</span> <span class='ocrx_word' id='word_1_535' title='bbox 1730 5801 1829 5871; x_wconf 86' lang='grc' dir='ltr'>τῆς</span> 
     </span>
    </p>
   </div>
   <div class='ocr_carea' id='block_1_71' title="bbox 239 5873 1824 5956">
    <p class='ocr_par' dir='ltr' id='par_1_71' title="bbox 239 5873 1824 5956">
     <span class='ocr_line' id='line_1_71' title="bbox 239 5873 1824 5956; baseline 0.004 -26"><span class='ocrx_word' id='word_1_536' title='bbox 239 5875 460 5948; x_wconf 80' lang='grc' dir='ltr'>ὁμιλίας</span> <span class='ocrx_word' id='word_1_537' title='bbox 526 5873 736 5946; x_wconf 70' lang='grc' dir='ltr'>ἠξιώθη</span> <span class='ocrx_word' id='word_1_538' title='bbox 797 5876 895 5948; x_wconf 84' lang='grc' dir='ltr'>τῆς</span> <span class='ocrx_word' id='word_1_539' title='bbox 955 5880 1100 5951; x_wconf 73' lang='grc' dir='ltr'>παρὰ</span> <span class='ocrx_word' id='word_1_540' title='bbox 1167 5879 1261 5932; x_wconf 83' lang='grc' dir='ltr'>τοῦ</span> <span class='ocrx_word' id='word_1_541' title='bbox 1308 5880 1478 5946; x_wconf 85' lang='grc' dir='ltr'>Θεοῦ,</span> <span class='ocrx_word' id='word_1_542' title='bbox 1532 5883 1824 5956; x_wconf 78' lang='grc' dir='ltr'>ἀφιέρωσε,</span> 
     </span>
    </p>
   </div>
   <div class='ocr_carea' id='block_1_72' title="bbox 1938 834 3529 910">
    <p class='ocr_par' dir='ltr' id='par_1_72' title="bbox 1938 834 3529 910">
     <span class='ocr_line' id='line_1_72' title="bbox 1938 834 3529 910; baseline -0.003 -17"><span class='ocrx_word' id='word_1_543' title='bbox 1938 856 2040 902; x_wconf 87' lang='grc' dir='ltr'>νοι,</span> <span class='ocrx_word' id='word_1_544' title='bbox 2071 839 2166 893; x_wconf 78' lang='grc' dir='ltr'>καὶ</span> <span class='ocrx_word' id='word_1_545' title='bbox 2203 839 2379 902; x_wconf 90' lang='grc' dir='ltr'>οἰκίας</span> <span class='ocrx_word' id='word_1_546' title='bbox 2419 837 2817 910; x_wconf 81' lang='grc' dir='ltr'>οἰκοδομοῦσιν,</span> <span class='ocrx_word' id='word_1_547' title='bbox 2861 835 2991 891; x_wconf 75' lang='grc' dir='ltr'>ἔνθα</span> <span class='ocrx_word' id='word_1_548' title='bbox 3037 836 3104 890; x_wconf 82' lang='grc' dir='ltr'>ἂν</span> <span class='ocrx_word' id='word_1_549' title='bbox 3149 838 3260 901; x_wconf 86' lang='grc' dir='ltr'>τοῖς</span> <span class='ocrx_word' id='word_1_550' title='bbox 3289 834 3529 905; x_wconf 84' lang='grc' dir='ltr'>γνησίως</span> 
     </span>
    </p>
   </div>
   <div class='ocr_carea' id='block_1_73' title="bbox 1939 919 3527 993">
    <p class='ocr_par' dir='ltr' id='par_1_73' title="bbox 1939 919 3527 993">
     <span class='ocr_line' id='line_1_73' title="bbox 1939 919 3527 993; baseline -0.003 -17"><span class='ocrx_word' id='word_1_551' title='bbox 1939 923 2068 993; x_wconf 78' lang='grc' dir='ltr'>περὶ</span> <span class='ocrx_word' id='word_1_552' title='bbox 2115 925 2312 986; x_wconf 83' lang='grc' dir='ltr'>αὐτοὺς</span> <span class='ocrx_word' id='word_1_553' title='bbox 2353 921 2719 992; x_wconf 80' lang='grc' dir='ltr'>διακειμένοις</span> <span class='ocrx_word' id='word_1_554' title='bbox 2770 920 3178 990; x_wconf 81' lang='grc' dir='ltr'>συντυγχάνωσι</span> <span class='ocrx_word' id='word_1_555' title='bbox 3197 960 3212 983; x_wconf 92' lang='grc'>,</span> <span class='ocrx_word' id='word_1_556' title='bbox 3270 919 3527 982; x_wconf 88' lang='grc' dir='ltr'>πολλάκις</span> 
     </span>
    </p>
   </div>
   <div class='ocr_carea' id='block_1_74' title="bbox 1935 1003 3528 1075">
    <p class='ocr_par' dir='ltr' id='par_1_74' title="bbox 1935 1003 3528 1075">
     <span class='ocr_line' id='line_1_74' title="bbox 1935 1003 3528 1075; baseline -0.002 -16"><span class='ocrx_word' id='word_1_557' title='bbox 1935 1006 1994 1059; x_wconf 76' lang='grc' dir='ltr'>δὲ</span> <span class='ocrx_word' id='word_1_558' title='bbox 2015 1005 2202 1059; x_wconf 80' lang='grc' dir='ltr'>πολλοὶ</span> <span class='ocrx_word' id='word_1_559' title='bbox 2229 1007 2324 1060; x_wconf 75' lang='grc' dir='ltr'>καὶ</span> <span class='ocrx_word' id='word_1_560' title='bbox 2342 1005 2526 1068; x_wconf 86' lang='grc' dir='ltr'>πόλεις</span> <span class='ocrx_word' id='word_1_561' title='bbox 2553 1003 2811 1075; x_wconf 76' lang='grc' dir='ltr'>ἔστησαν,</span> <span class='ocrx_word' id='word_1_562' title='bbox 2847 1005 2941 1058; x_wconf 75' lang='grc' dir='ltr'>καὶ</span> <span class='ocrx_word' id='word_1_563' title='bbox 2968 1004 3069 1067; x_wconf 77' lang='grc' dir='ltr'>τὰς</span> <span class='ocrx_word' id='word_1_564' title='bbox 3106 1003 3471 1073; x_wconf 85' lang='grc' dir='ltr'>ἐπονομασίας</span> <span class='ocrx_word' id='word_1_565' title='bbox 3499 1014 3528 1042; x_wconf 76' lang='grc' dir='ltr'>ι</span> 
     </span>
    </p>
   </div>
   <div class='ocr_carea' id='block_1_75' title="bbox 1937 1085 3530 1162">
    <p class='ocr_par' dir='ltr' id='par_1_75' title="bbox 1937 1085 3530 1162">
     <span class='ocr_line' id='line_1_75' title="bbox 1937 1085 3530 1162; baseline -0.004 -19"><span class='ocrx_word' id='word_1_566' title='bbox 1937 1090 2128 1154; x_wconf 83' lang='grc' dir='ltr'>αὐταῖς</span> <span class='ocrx_word' id='word_1_567' title='bbox 2166 1088 2318 1162; x_wconf 69' lang='grc'>[520]</span> <span class='ocrx_word' id='word_1_568' title='bbox 2348 1092 2412 1142; x_wconf 89' lang='grc' dir='ltr'>ἐκ</span> <span class='ocrx_word' id='word_1_569' title='bbox 2445 1088 2546 1158; x_wconf 86' lang='grc' dir='ltr'>τῆς</span> <span class='ocrx_word' id='word_1_570' title='bbox 2583 1087 2692 1142; x_wconf 88' lang='grc' dir='ltr'>τῶν</span> <span class='ocrx_word' id='word_1_571' title='bbox 2730 1086 3054 1158; x_wconf 79' lang='grc' dir='ltr'>ἐπιτηδείων</span> <span class='ocrx_word' id='word_1_572' title='bbox 3096 1085 3384 1156; x_wconf 83' lang='grc' dir='ltr'>συντυχίας</span> <span class='ocrx_word' id='word_1_573' title='bbox 3427 1085 3530 1137; x_wconf 83' lang='grc' dir='ltr'>ἐπ-</span> 
     </span>
    </p>
   </div>
   <div class='ocr_carea' id='block_1_76' title="bbox 1937 1162 3533 1245">
    <p class='ocr_par' dir='ltr' id='par_1_76' title="bbox 1937 1162 3533 1245">
     <span class='ocr_line' id='line_1_76' title="bbox 1937 1162 3533 1245; baseline -0.003 -18"><span class='ocrx_word' id='word_1_574' title='bbox 1937 1173 2163 1245; x_wconf 77' lang='grc' dir='ltr'>έθηκανο</span> <span class='ocrx_word' id='word_1_575' title='bbox 2188 1174 2279 1227; x_wconf 82' lang='grc' dir='ltr'>τὸν</span> <span class='ocrx_word' id='word_1_576' title='bbox 2305 1173 2466 1227; x_wconf 83' lang='grc' dir='ltr'>αὐτὸν</span> <span class='ocrx_word' id='word_1_577' title='bbox 2485 1173 2549 1244; x_wconf 82' lang='grc' dir='ltr'>δὴ</span> <span class='ocrx_word' id='word_1_578' title='bbox 2583 1172 2786 1244; x_wconf 88' lang='grc' dir='ltr'>τρόπον</span> <span class='ocrx_word' id='word_1_579' title='bbox 2809 1171 2902 1224; x_wconf 74' lang='grc' dir='ltr'>καὶ</span> <span class='ocrx_word' id='word_1_580' title='bbox 2924 1173 2953 1224; x_wconf 96' lang='lat'>6</span> <span class='ocrx_word' id='word_1_581' title='bbox 2970 1171 3177 1234; x_wconf 89' lang='grc' dir='ltr'>δίκαιος</span> <span class='ocrx_word' id='word_1_582' title='bbox 3204 1162 3380 1234; x_wconf 74' lang='grc' dir='ltr'>οὗτος,</span> <span class='ocrx_word' id='word_1_583' title='bbox 3401 1167 3533 1222; x_wconf 70' lang='grc' dir='ltr'>ἔνθα</span> 
     </span>
    </p>
   </div>
   <div class='ocr_carea' id='block_1_77' title="bbox 1937 1253 3530 1328">
    <p class='ocr_par' dir='ltr' id='par_1_77' title="bbox 1937 1253 3530 1328">
     <span class='ocr_line' id='line_1_77' title="bbox 1937 1253 3530 1328; baseline -0.004 -18"><span class='ocrx_word' id='word_1_584' title='bbox 1937 1257 2038 1328; x_wconf 89' lang='grc' dir='ltr'>τῆς</span> <span class='ocrx_word' id='word_1_585' title='bbox 2061 1257 2328 1321; x_wconf 85' lang='grc' dir='ltr'>ὀπτασίας</span> <span class='ocrx_word' id='word_1_586' title='bbox 2349 1257 2449 1326; x_wconf 87' lang='grc' dir='ltr'>τῆς</span> <span class='ocrx_word' id='word_1_587' title='bbox 2478 1256 2573 1310; x_wconf 90' lang='grc' dir='ltr'>τοῦ</span> <span class='ocrx_word' id='word_1_588' title='bbox 2595 1254 2732 1308; x_wconf 88' lang='grc' dir='ltr'>Θεοῦ</span> <span class='ocrx_word' id='word_1_589' title='bbox 2747 1253 2975 1326; x_wconf 74' lang='grc' dir='ltr'>ἠξιώθη,</span> <span class='ocrx_word' id='word_1_590' title='bbox 2989 1254 3050 1306; x_wconf 84' lang='grc' dir='ltr'>τὸ</span> <span class='ocrx_word' id='word_1_591' title='bbox 3086 1253 3530 1320; x_wconf 75' lang='grc' dir='ltr'>Θυσιαστήριον</span> 
     </span>
    </p>
   </div>
   <div class='ocr_carea' id='block_1_78' title="bbox 1937 1335 3558 1416">
    <p class='ocr_par' dir='ltr' id='par_1_78' title="bbox 1937 1335 3558 1416">
     <span class='ocr_line' id='line_1_78' title="bbox 1937 1335 3558 1416; baseline -0.004 -22"><span class='ocrx_word' id='word_1_592' title='bbox 1937 1341 2298 1410; x_wconf 78' lang='grc' dir='ltr'>ᾠκοδόμησε</span> <span class='ocrx_word' id='word_1_593' title='bbox 2321 1341 2518 1409; x_wconf 77' lang='grc' dir='ltr'>Κυρίῳ</span> <span class='ocrx_word' id='word_1_594' title='bbox 2555 1339 2637 1406; x_wconf 83' lang='grc' dir='ltr'>τῷ</span> <span class='ocrx_word' id='word_1_595' title='bbox 2657 1337 2896 1408; x_wconf 76' lang='grc' dir='ltr'>ὀφθέντι</span> <span class='ocrx_word' id='word_1_596' title='bbox 2925 1335 3107 1404; x_wconf 83' lang='grc' dir='ltr'>αὐτῷ.</span> <span class='ocrx_word' id='word_1_597' title='bbox 3139 1337 3238 1393; x_wconf 78' lang='grc' dir='ltr'>καί</span> <span class='ocrx_word' id='word_1_598' title='bbox 3266 1336 3558 1416; x_wconf 44' lang='grc' dir='ltr'>ἀπέστη.-</span> 
     </span>
    </p>
   </div>
   <div class='ocr_carea' id='block_1_79' title="bbox 1941 1419 3531 1495">
    <p class='ocr_par' dir='ltr' id='par_1_79' title="bbox 1941 1419 3531 1495">
     <span class='ocr_line' id='line_1_79' title="bbox 1941 1419 3531 1495; baseline -0.005 -16"><span class='ocrx_word' id='word_1_599' title='bbox 1941 1424 2128 1495; x_wconf 77' lang='grc' dir='ltr'>φησὶν,</span> <span class='ocrx_word' id='word_1_600' title='bbox 2151 1423 2402 1479; x_wconf 79' lang='grc' dir='ltr'>ἐκεῖθεν.</span> <span class='ocrx_word' id='word_1_601' title='bbox 2440 1424 2506 1475; x_wconf 86' lang='grc' dir='ltr'>Τί</span> <span class='ocrx_word' id='word_1_602' title='bbox 2544 1425 2680 1490; x_wconf 85' lang='grc' dir='ltr'>ἐστι,</span> <span class='ocrx_word' id='word_1_603' title='bbox 2717 1422 2825 1477; x_wconf 78' lang='lat' dir='ltr'><strong><em>Kal</em></strong></span> <span class='ocrx_word' id='word_1_604' title='bbox 2859 1419 3097 1488; x_wconf 78' lang='grc' dir='ltr'>ἀπέστη</span> <span class='ocrx_word' id='word_1_605' title='bbox 3129 1419 3396 1483; x_wconf 75' lang='grc' dir='ltr'>ἐκεῖθενς</span> <span class='ocrx_word' id='word_1_606' title='bbox 3442 1419 3531 1482; x_wconf 85' lang='grc' dir='ltr'>Ὠς</span> 
     </span>
    </p>
   </div>
   <div class='ocr_carea' id='block_1_80' title="bbox 1941 1502 3528 1580">
    <p class='ocr_par' dir='ltr' id='par_1_80' title="bbox 1941 1502 3528 1580">
     <span class='ocr_line' id='line_1_80' title="bbox 1941 1502 3528 1580; baseline -0.004 -19"><span class='ocrx_word' id='word_1_607' title='bbox 1941 1507 2240 1580; x_wconf 83' lang='grc' dir='ltr'>ἱερωμένου</span> <span class='ocrx_word' id='word_1_608' title='bbox 2268 1507 2454 1561; x_wconf 83' lang='grc' dir='ltr'>λοιπὸν</span> <span class='ocrx_word' id='word_1_609' title='bbox 2475 1505 2568 1560; x_wconf 88' lang='grc' dir='ltr'>τοῦ</span> <span class='ocrx_word' id='word_1_610' title='bbox 2585 1505 2776 1569; x_wconf 87' lang='grc' dir='ltr'>τόπου,</span> <span class='ocrx_word' id='word_1_611' title='bbox 2807 1505 2900 1558; x_wconf 72' lang='grc' dir='ltr'>καὶ</span> <span class='ocrx_word' id='word_1_612' title='bbox 2915 1503 2994 1574; x_wconf 83' lang='grc' dir='ltr'>τῷ</span> <span class='ocrx_word' id='word_1_613' title='bbox 3013 1502 3134 1573; x_wconf 87' lang='grc' dir='ltr'>Θεῷ</span> <span class='ocrx_word' id='word_1_614' title='bbox 3153 1502 3528 1565; x_wconf 86' lang='grc' dir='ltr'>ἀνατεθέντος,</span> 
     </span>
    </p>
   </div>
   <div class='ocr_carea' id='block_1_81' title="bbox 1941 1587 3531 1664">
    <p class='ocr_par' dir='ltr' id='par_1_81' title="bbox 1941 1587 3531 1664">
     <span class='ocr_line' id='line_1_81' title="bbox 1941 1587 3531 1664; baseline -0.004 -18"><span class='ocrx_word' id='word_1_615' title='bbox 1941 1590 2289 1664; x_wconf 86' lang='grc' dir='ltr'>ἀνεχώρησεν</span> <span class='ocrx_word' id='word_1_616' title='bbox 2311 1593 2543 1657; x_wconf 85' lang='grc' dir='ltr'>ἐκεῖθεν,</span> <span class='ocrx_word' id='word_1_617' title='bbox 2583 1591 2679 1644; x_wconf 80' lang='grc' dir='ltr'>καὶ</span> <span class='ocrx_word' id='word_1_618' title='bbox 2707 1589 2972 1660; x_wconf 83' lang='grc' dir='ltr'>μετῆλθεν</span> <span class='ocrx_word' id='word_1_619' title='bbox 2995 1590 3075 1650; x_wconf 89' lang='grc' dir='ltr'>εἰς</span> <span class='ocrx_word' id='word_1_620' title='bbox 3107 1587 3295 1658; x_wconf 85' lang='grc' dir='ltr'>ἐτερον</span> <span class='ocrx_word' id='word_1_621' title='bbox 3330 1587 3531 1649; x_wconf 88' lang='grc' dir='ltr'>τόπον,</span> 
     </span>
    </p>
   </div>
   <div class='ocr_carea' id='block_1_82' title="bbox 1941 1671 3537 1748">
    <p class='ocr_par' dir='ltr' id='par_1_82' title="bbox 1941 1671 3537 1748">
     <span class='ocr_line' id='line_1_82' title="bbox 1941 1671 3537 1748; baseline -0.003 -20"><span class='ocrx_word' id='word_1_622' title='bbox 1941 1677 2126 1748; x_wconf 81' lang='grc' dir='ltr'>φησὶν,</span> <span class='ocrx_word' id='word_1_623' title='bbox 2146 1679 2250 1744; x_wconf 75' lang='grc' dir='ltr'>Εἰς</span> <span class='ocrx_word' id='word_1_624' title='bbox 2272 1675 2337 1729; x_wconf 86' lang='grc' dir='ltr'>τὸ</span> <span class='ocrx_word' id='word_1_625' title='bbox 2360 1676 2498 1744; x_wconf 83' lang='grc' dir='ltr'>ὅρος</span> <span class='ocrx_word' id='word_1_626' title='bbox 2513 1673 2665 1729; x_wconf 81' lang='grc' dir='ltr'>κατὰ</span> <span class='ocrx_word' id='word_1_627' title='bbox 2687 1673 2988 1740; x_wconf 77' lang='grc' dir='ltr'>ἀνατολὰς</span> <span class='ocrx_word' id='word_1_628' title='bbox 3003 1671 3224 1740; x_wconf 73' lang='grc' dir='ltr'>Βεθὴλ,</span> <span class='ocrx_word' id='word_1_629' title='bbox 3242 1671 3340 1729; x_wconf 75' lang='grc' dir='ltr'>καὶ</span> <span class='ocrx_word' id='word_1_630' title='bbox 3356 1673 3537 1738; x_wconf 76' lang='grc' dir='ltr'>ἕστη-</span> 
     </span>
    </p>
   </div>
   <div class='ocr_carea' id='block_1_83' title="bbox 1942 1755 3533 1827">
    <p class='ocr_par' dir='ltr' id='par_1_83' title="bbox 1942 1755 3533 1827">
     <span class='ocr_line' id='line_1_83' title="bbox 1942 1755 3533 1827; baseline -0.004 -15"><span class='ocrx_word' id='word_1_631' title='bbox 1942 1775 2056 1813; x_wconf 85' lang='grc' dir='ltr'>σεν</span> <span class='ocrx_word' id='word_1_632' title='bbox 2077 1757 2206 1812; x_wconf 81' lang='grc' dir='ltr'>ἐκεῖ</span> <span class='ocrx_word' id='word_1_633' title='bbox 2229 1758 2346 1827; x_wconf 80' lang='grc' dir='ltr'>τὴν</span> <span class='ocrx_word' id='word_1_634' title='bbox 2371 1758 2616 1826; x_wconf 71' lang='grc' dir='ltr'>σκηνὴν</span> <span class='ocrx_word' id='word_1_635' title='bbox 2637 1756 2826 1812; x_wconf 83' lang='grc' dir='ltr'>αὐτοῦ</span> <span class='ocrx_word' id='word_1_636' title='bbox 2849 1772 2864 1788; x_wconf 77' lang='grc' dir='ltr'><strong>ο</strong></span> <span class='ocrx_word' id='word_1_637' title='bbox 2887 1755 3333 1826; x_wconf 86' lang='grc' dir='ltr'>ἐσχεδιασμένην,</span> <span class='ocrx_word' id='word_1_638' title='bbox 3373 1756 3533 1826; x_wconf 68' lang='grc' dir='ltr'>φησι,</span> 
     </span>
    </p>
   </div>
   <div class='ocr_carea' id='block_1_84' title="bbox 1941 1835 3534 1914">
    <p class='ocr_par' dir='ltr' id='par_1_84' title="bbox 1941 1835 3534 1914">
     <span class='ocr_line' id='line_1_84' title="bbox 1941 1835 3534 1914; baseline -0.003 -19"><span class='ocrx_word' id='word_1_639' title='bbox 1941 1843 2040 1912; x_wconf 85' lang='grc' dir='ltr'>τὴν</span> <span class='ocrx_word' id='word_1_640' title='bbox 2060 1843 2274 1914; x_wconf 70' lang='grc' dir='ltr'>οἴκησιν</span> <span class='ocrx_word' id='word_1_641' title='bbox 2298 1844 2614 1913; x_wconf 87' lang='grc' dir='ltr'>ἐποιήσατο.</span> <span class='ocrx_word' id='word_1_642' title='bbox 2646 1842 2789 1913; x_wconf 87' lang='grc' dir='ltr'>Ὅρα</span> <span class='ocrx_word' id='word_1_643' title='bbox 2821 1839 2938 1905; x_wconf 87' lang='grc' dir='ltr'>πῶς</span> <span class='ocrx_word' id='word_1_644' title='bbox 2969 1835 3037 1912; x_wconf 80' lang='grc' dir='ltr'>ῆν</span> <span class='ocrx_word' id='word_1_645' title='bbox 3064 1840 3376 1912; x_wconf 85' lang='grc' dir='ltr'>ἀπέριττος,</span> <span class='ocrx_word' id='word_1_646' title='bbox 3416 1837 3534 1900; x_wconf 88' lang='grc' dir='ltr'>πῶς</span> 
     </span>
    </p>
   </div>
   <div class='ocr_carea' id='block_1_85' title="bbox 1939 1921 3534 1997">
    <p class='ocr_par' dir='ltr' id='par_1_85' title="bbox 1939 1921 3534 1997">
     <span class='ocr_line' id='line_1_85' title="bbox 1939 1921 3534 1997; baseline -0.003 -18"><span class='ocrx_word' id='word_1_647' title='bbox 1939 1922 2011 1997; x_wconf 84' lang='grc' dir='ltr'>ῆν</span> <span class='ocrx_word' id='word_1_648' title='bbox 2041 1925 2297 1990; x_wconf 73' lang='grc' dir='ltr'>εὐξωνος,</span> <span class='ocrx_word' id='word_1_649' title='bbox 2333 1925 2409 1989; x_wconf 85' lang='grc' dir='ltr'>ὡς</span> <span class='ocrx_word' id='word_1_650' title='bbox 2451 1926 2591 1996; x_wconf 90' lang='grc' dir='ltr'>μετά</span> <span class='ocrx_word' id='word_1_651' title='bbox 2616 1942 2676 1978; x_wconf 87' lang='grc' dir='ltr'>τε</span> <span class='ocrx_word' id='word_1_652' title='bbox 2703 1923 2962 1992; x_wconf 79' lang='grc' dir='ltr'>γυναικὸς</span> <span class='ocrx_word' id='word_1_653' title='bbox 2988 1924 3083 1978; x_wconf 70' lang='grc' dir='ltr'>καὶ</span> <span class='ocrx_word' id='word_1_654' title='bbox 3106 1923 3332 1978; x_wconf 87' lang='grc' dir='ltr'>οἰκετῶν</span> <span class='ocrx_word' id='word_1_655' title='bbox 3359 1921 3534 1986; x_wconf 77' lang='grc' dir='ltr'>οὕτως</span> 
     </span>
    </p>
   </div>
   <div class='ocr_carea' id='block_1_86' title="bbox 1941 2006 3534 2081">
    <p class='ocr_par' dir='ltr' id='par_1_86' title="bbox 1941 2006 3534 2081">
     <span class='ocr_line' id='line_1_86' title="bbox 1941 2006 3534 2081; baseline -0.003 -18"><span class='ocrx_word' id='word_1_656' title='bbox 1941 2009 2180 2075; x_wconf 89' lang='grc' dir='ltr'>εὐκόλως</span> <span class='ocrx_word' id='word_1_657' title='bbox 2211 2008 2654 2081; x_wconf 88' lang='grc' dir='ltr'>μετανίστασθαι.</span> <span class='ocrx_word' id='word_1_658' title='bbox 2688 2008 3061 2062; x_wconf 82' lang='grc' dir='ltr'>’Δκουέτωσαν</span> <span class='ocrx_word' id='word_1_659' title='bbox 3091 2007 3306 2078; x_wconf 81' lang='grc' dir='ltr'>ἄνδρες,</span> <span class='ocrx_word' id='word_1_660' title='bbox 3336 2006 3534 2060; x_wconf 83' lang='grc' dir='ltr'>ἀκουέ-</span> 
     </span>
    </p>
   </div>
   <div class='ocr_carea' id='block_1_87' title="bbox 1939 2090 3533 2163">
    <p class='ocr_par' dir='ltr' id='par_1_87' title="bbox 1939 2090 3533 2163">
     <span class='ocr_line' id='line_1_87' title="bbox 1939 2090 3533 2163; baseline -0.004 -15"><span class='ocrx_word' id='word_1_661' title='bbox 1939 2111 2120 2148; x_wconf 89' lang='grc' dir='ltr'>τωσαν</span> <span class='ocrx_word' id='word_1_662' title='bbox 2149 2096 2423 2163; x_wconf 84' lang='grc' dir='ltr'>γυναῖκες.</span> <span class='ocrx_word' id='word_1_663' title='bbox 2457 2093 2567 2147; x_wconf 76' lang='grc' dir='ltr'>Καὶ</span> <span class='ocrx_word' id='word_1_664' title='bbox 2595 2092 2703 2162; x_wconf 86' lang='grc' dir='ltr'>γάρ</span> <span class='ocrx_word' id='word_1_665' title='bbox 2740 2091 3000 2155; x_wconf 85' lang='grc' dir='ltr'>πολλάκις</span> <span class='ocrx_word' id='word_1_666' title='bbox 3032 2093 3111 2155; x_wconf 89' lang='grc' dir='ltr'>είς</span> <span class='ocrx_word' id='word_1_667' title='bbox 3134 2091 3304 2163; x_wconf 79' lang='grc' dir='ltr'>ἀγρὸν</span> <span class='ocrx_word' id='word_1_668' title='bbox 3331 2090 3533 2157; x_wconf 76' lang='grc' dir='ltr'>ἐξιέναι</span> 
     </span>
    </p>
   </div>
   <div class='ocr_carea' id='block_1_88' title="bbox 1940 2173 3544 2249">
    <p class='ocr_par' dir='ltr' id='par_1_88' title="bbox 1940 2173 3544 2249">
     <span class='ocr_line' id='line_1_88' title="bbox 1940 2173 3544 2249; baseline -0.002 -17"><span class='ocrx_word' id='word_1_669' title='bbox 1940 2177 2205 2249; x_wconf 89' lang='grc' dir='ltr'>δεόμενοι,</span> <span class='ocrx_word' id='word_1_670' title='bbox 2253 2177 2455 2249; x_wconf 86' lang='grc' dir='ltr'>μυρίας</span> <span class='ocrx_word' id='word_1_671' title='bbox 2502 2175 2824 2247; x_wconf 86' lang='grc' dir='ltr'>ἐπινοοῦμεν</span> <span class='ocrx_word' id='word_1_672' title='bbox 2874 2175 3156 2246; x_wconf 75' lang='grc' dir='ltr'>μηχανάς,</span> <span class='ocrx_word' id='word_1_673' title='bbox 3213 2175 3308 2228; x_wconf 75' lang='grc' dir='ltr'>καὶ</span> <span class='ocrx_word' id='word_1_674' title='bbox 3359 2173 3544 2228; x_wconf 89' lang='grc' dir='ltr'>πολλά-</span> 
     </span>
    </p>
   </div>
   <div class='ocr_carea' id='block_1_89' title="bbox 1942 2256 3534 2332">
    <p class='ocr_par' dir='ltr' id='par_1_89' title="bbox 1942 2256 3534 2332">
     <span class='ocr_line' id='line_1_89' title="bbox 1942 2256 3534 2332; baseline -0.003 -17"><span class='ocrx_word' id='word_1_675' title='bbox 1942 2262 2038 2316; x_wconf 74' lang='grc' dir='ltr'>καὶ</span> <span class='ocrx_word' id='word_1_676' title='bbox 2059 2261 2290 2332; x_wconf 87' lang='grc' dir='ltr'>διάφορα</span> <span class='ocrx_word' id='word_1_677' title='bbox 2310 2258 2836 2331; x_wconf 84' lang='grc' dir='ltr'>πραγματευόμεθα,</span> <span class='ocrx_word' id='word_1_678' title='bbox 2871 2258 2961 2311; x_wconf 85' lang='grc' dir='ltr'>διὰ</span> <span class='ocrx_word' id='word_1_679' title='bbox 2993 2257 3053 2312; x_wconf 79' lang='grc' dir='ltr'>τὸ</span> <span class='ocrx_word' id='word_1_680' title='bbox 3083 2257 3253 2311; x_wconf 89' lang='grc' dir='ltr'>πολλὰ</span> <span class='ocrx_word' id='word_1_681' title='bbox 3275 2256 3534 2330; x_wconf 64' lang='grc' dir='ltr'>ἐπισύρεα</span> 
     </span>
    </p>
   </div>
   <div class='ocr_carea' id='block_1_90' title="bbox 1944 2339 3532 2414">
    <p class='ocr_par' dir='ltr' id='par_1_90' title="bbox 1944 2339 3532 2414">
     <span class='ocr_line' id='line_1_90' title="bbox 1944 2339 3532 2414; baseline -0.001 -16"><span class='ocrx_word' id='word_1_682' title='bbox 1944 2344 2069 2398; x_wconf 88' lang='grc' dir='ltr'>σθαι</span> <span class='ocrx_word' id='word_1_683' title='bbox 2094 2387 2108 2409; x_wconf 91' lang='grc'>,</span> <span class='ocrx_word' id='word_1_684' title='bbox 2157 2347 2251 2398; x_wconf 80' lang='grc' dir='ltr'>καὶ</span> <span class='ocrx_word' id='word_1_685' title='bbox 2303 2345 2378 2414; x_wconf 84' lang='grc' dir='ltr'>μὴ</span> <span class='ocrx_word' id='word_1_686' title='bbox 2407 2343 2507 2412; x_wconf 89' lang='grc' dir='ltr'>τῆς</span> <span class='ocrx_word' id='word_1_687' title='bbox 2543 2342 2734 2414; x_wconf 88' lang='grc' dir='ltr'>χρείας</span> <span class='ocrx_word' id='word_1_688' title='bbox 2765 2339 3008 2410; x_wconf 87' lang='grc' dir='ltr'>γίνεσθαι</span> <span class='ocrx_word' id='word_1_689' title='bbox 3023 2340 3264 2412; x_wconf 71' lang='grc' dir='ltr'>μᾶλλον,</span> <span class='ocrx_word' id='word_1_690' title='bbox 3297 2339 3434 2396; x_wconf 89' lang='grc' dir='ltr'>ἀλλά</span> <span class='ocrx_word' id='word_1_691' title='bbox 3461 2341 3532 2396; x_wconf 85' lang='grc' dir='ltr'>τά</span> 
     </span>
    </p>
   </div>
   <div class='ocr_carea' id='block_1_91' title="bbox 1943 2424 3535 2499">
    <p class='ocr_par' dir='ltr' id='par_1_91' title="bbox 1943 2424 3535 2499">
     <span class='ocr_line' id='line_1_91' title="bbox 1943 2424 3535 2499; baseline -0.003 -19"><span class='ocrx_word' id='word_1_692' title='bbox 1943 2426 2175 2499; x_wconf 79' lang='grc' dir='ltr'>περιττὰ</span> <span class='ocrx_word' id='word_1_693' title='bbox 2222 2428 2316 2479; x_wconf 68' lang='grc' dir='ltr'>καὶ</span> <span class='ocrx_word' id='word_1_694' title='bbox 2360 2426 2618 2495; x_wconf 84' lang='grc' dir='ltr'>ἀνόνητα,</span> <span class='ocrx_word' id='word_1_695' title='bbox 2663 2425 2760 2478; x_wconf 75' lang='grc' dir='ltr'>καὶ</span> <span class='ocrx_word' id='word_1_696' title='bbox 2813 2424 3116 2493; x_wconf 81' lang='grc' dir='ltr'>φαντασίας</span> <span class='ocrx_word' id='word_1_697' title='bbox 3156 2424 3344 2477; x_wconf 81' lang='grc' dir='ltr'>ἐνεκεν</span> <span class='ocrx_word' id='word_1_698' title='bbox 3398 2426 3535 2495; x_wconf 85' lang='grc' dir='ltr'>ήμῖν</span> 
     </span>
    </p>
   </div>
   <div class='ocr_carea' id='block_1_92' title="bbox 1943 2507 3534 2580">
    <p class='ocr_par' dir='ltr' id='par_1_92' title="bbox 1943 2507 3534 2580">
     <span class='ocr_line' id='line_1_92' title="bbox 1943 2507 3534 2580; baseline -0.003 -16"><span class='ocrx_word' id='word_1_699' title='bbox 1943 2510 2358 2580; x_wconf 86' lang='grc' dir='ltr'>ἐσπουδασμένα</span> <span class='ocrx_word' id='word_1_700' title='bbox 2379 2550 2394 2573; x_wconf 96' lang='grc'>,</span> <span class='ocrx_word' id='word_1_701' title='bbox 2440 2509 2613 2562; x_wconf 90' lang='grc' dir='ltr'>ταῦτα</span> <span class='ocrx_word' id='word_1_702' title='bbox 2649 2508 2768 2579; x_wconf 79' lang='grc' dir='ltr'>μεθ’</span> <span class='ocrx_word' id='word_1_703' title='bbox 2799 2508 3007 2562; x_wconf 87' lang='grc' dir='ltr'>ἐαυτῶν</span> <span class='ocrx_word' id='word_1_704' title='bbox 3047 2509 3202 2576; x_wconf 81' lang='grc' dir='ltr'>ἄγειν</span> <span class='ocrx_word' id='word_1_705' title='bbox 3246 2507 3342 2562; x_wconf 75' lang='grc' dir='ltr'>καὶ</span> <span class='ocrx_word' id='word_1_706' title='bbox 3376 2521 3534 2578; x_wconf 82' lang='grc' dir='ltr'>περι-</span> 
     </span>
    </p>
   </div>
   <div class='ocr_carea' id='block_1_93' title="bbox 1943 2583 3533 2662">
    <p class='ocr_par' dir='ltr' id='par_1_93' title="bbox 1943 2583 3533 2662">
     <span class='ocr_line' id='line_1_93' title="bbox 1943 2583 3533 2662; baseline -0.002 -15"><span class='ocrx_word' id='word_1_707' title='bbox 1943 2593 2116 2662; x_wconf 85' lang='grc' dir='ltr'>άγειν.</span> <span class='ocrx_word' id='word_1_708' title='bbox 2163 2592 2304 2646; x_wconf 81' lang='grc' dir='ltr'>Ἀλλ’</span> <span class='ocrx_word' id='word_1_709' title='bbox 2331 2593 2427 2662; x_wconf 90' lang='grc' dir='ltr'>οὐχ</span> <span class='ocrx_word' id='word_1_710' title='bbox 2451 2594 2480 2645; x_wconf 88' lang='lat'>6</span> <span class='ocrx_word' id='word_1_711' title='bbox 2520 2591 2730 2654; x_wconf 88' lang='grc' dir='ltr'>δίκαιος</span> <span class='ocrx_word' id='word_1_712' title='bbox 2769 2583 2946 2655; x_wconf 72' lang='grc' dir='ltr'>οὗτος.</span> <span class='ocrx_word' id='word_1_713' title='bbox 2999 2590 3162 2644; x_wconf 80' lang='grc' dir='ltr'>Ἀλλά</span> <span class='ocrx_word' id='word_1_714' title='bbox 3189 2591 3271 2656; x_wconf 75' lang='grc' dir='ltr'>τίς</span> <span class='ocrx_word' id='word_1_715' title='bbox 3312 2589 3533 2662; x_wconf 75' lang='grc' dir='ltr'>Ἐπειδὴ</span> 
     </span>
    </p>
   </div>
   <div class='ocr_carea' id='block_1_94' title="bbox 1941 2673 3535 2748">
    <p class='ocr_par' dir='ltr' id='par_1_94' title="bbox 1941 2673 3535 2748">
     <span class='ocr_line' id='line_1_94' title="bbox 1941 2673 3535 2748; baseline -0.002 -17"><span class='ocrx_word' id='word_1_716' title='bbox 1941 2678 2196 2745; x_wconf 70' lang='grc' dir='ltr'>ἀξιωθεὶς</span> <span class='ocrx_word' id='word_1_717' title='bbox 2227 2678 2326 2748; x_wconf 86' lang='grc' dir='ltr'>τῆς</span> <span class='ocrx_word' id='word_1_718' title='bbox 2354 2677 2505 2748; x_wconf 87' lang='grc' dir='ltr'>παρά</span> <span class='ocrx_word' id='word_1_719' title='bbox 2533 2675 2630 2730; x_wconf 88' lang='grc' dir='ltr'>τοῦ</span> <span class='ocrx_word' id='word_1_720' title='bbox 2663 2674 2800 2729; x_wconf 90' lang='grc' dir='ltr'>Θεοῦ</span> <span class='ocrx_word' id='word_1_721' title='bbox 2828 2675 3066 2745; x_wconf 83' lang='grc' dir='ltr'>ὁμιλίας,</span> <span class='ocrx_word' id='word_1_722' title='bbox 3103 2673 3198 2727; x_wconf 77' lang='grc' dir='ltr'>τὸν</span> <span class='ocrx_word' id='word_1_723' title='bbox 3236 2675 3400 2728; x_wconf 86' lang='grc' dir='ltr'>τόπον</span> <span class='ocrx_word' id='word_1_724' title='bbox 3429 2675 3535 2743; x_wconf 82' lang='grc' dir='ltr'>ἁφ-</span> 
     </span>
    </p>
   </div>
   <div class='ocr_carea' id='block_1_95' title="bbox 1945 2757 3533 2833">
    <p class='ocr_par' dir='ltr' id='par_1_95' title="bbox 1945 2757 3533 2833">
     <span class='ocr_line' id='line_1_95' title="bbox 1945 2757 3533 2833; baseline -0.002 -18"><span class='ocrx_word' id='word_1_725' title='bbox 1945 2762 2158 2833; x_wconf 83' lang='grc' dir='ltr'>ιέρωσε,</span> <span class='ocrx_word' id='word_1_726' title='bbox 2187 2761 2282 2815; x_wconf 78' lang='grc' dir='ltr'>καὶ</span> <span class='ocrx_word' id='word_1_727' title='bbox 2313 2761 2698 2830; x_wconf 80' lang='grc' dir='ltr'>θυσιαστήριον</span> <span class='ocrx_word' id='word_1_728' title='bbox 2733 2758 3073 2829; x_wconf 83' lang='grc' dir='ltr'>ᾠκοδόμησε,</span> <span class='ocrx_word' id='word_1_729' title='bbox 3111 2757 3348 2829; x_wconf 81' lang='grc' dir='ltr'>μετέστη</span> <span class='ocrx_word' id='word_1_730' title='bbox 3395 2758 3533 2828; x_wconf 76' lang='grc' dir='ltr'>μετὰ</span> 
     </span>
    </p>
   </div>
   <div class='ocr_carea' id='block_1_96' title="bbox 1943 2840 3532 2915">
    <p class='ocr_par' dir='ltr' id='par_1_96' title="bbox 1943 2840 3532 2915">
     <span class='ocr_line' id='line_1_96' title="bbox 1943 2840 3532 2915; baseline -0.002 -17"><span class='ocrx_word' id='word_1_731' title='bbox 1943 2846 2127 2915; x_wconf 84' lang='grc' dir='ltr'>πάσης</span> <span class='ocrx_word' id='word_1_732' title='bbox 2152 2843 2402 2907; x_wconf 79' lang='grc' dir='ltr'>εὐκολίας</span> <span class='ocrx_word' id='word_1_733' title='bbox 2431 2841 2679 2914; x_wconf 78' lang='grc' dir='ltr'>ἑτέρωθι.</span> <span class='ocrx_word' id='word_1_734' title='bbox 2695 2841 2806 2895; x_wconf 85' lang='lat' dir='ltr'>Kal</span> <span class='ocrx_word' id='word_1_735' title='bbox 2821 2840 3090 2908; x_wconf 78' lang='grc' dir='ltr'>ἔστησεν</span> <span class='ocrx_word' id='word_1_736' title='bbox 3100 2840 3231 2894; x_wconf 77' lang='grc' dir='ltr'>ἐκεῖ</span> <span class='ocrx_word' id='word_1_737' title='bbox 3253 2841 3532 2909; x_wconf 80' lang='grc' dir='ltr'>τὴνσκη-</span> 
     </span>
    </p>
   </div>
   <div class='ocr_carea' id='block_1_97' title="bbox 1941 2923 3532 2997">
    <p class='ocr_par' dir='ltr' id='par_1_97' title="bbox 1941 2923 3532 2997">
     <span class='ocr_line' id='line_1_97' title="bbox 1941 2923 3532 2997; baseline -0.001 -16"><span class='ocrx_word' id='word_1_738' title='bbox 1941 2927 2063 2997; x_wconf 85' lang='grc' dir='ltr'>νὴν</span> <span class='ocrx_word' id='word_1_739' title='bbox 2087 2927 2384 2988; x_wconf 77' lang='grc' dir='ltr'>αὐτοῦ,έν</span> <span class='ocrx_word' id='word_1_740' title='bbox 2410 2924 2607 2991; x_wconf 75' lang='grc' dir='ltr'>Βεθὴλ</span> <span class='ocrx_word' id='word_1_741' title='bbox 2641 2923 2794 2978; x_wconf 78' lang='grc' dir='ltr'>κατὰ</span> <span class='ocrx_word' id='word_1_742' title='bbox 2825 2923 3172 2985; x_wconf 74' lang='grc' dir='ltr'>θάλασσαν,</span> <span class='ocrx_word' id='word_1_743' title='bbox 3206 2926 3303 2978; x_wconf 80' lang='grc' dir='ltr'>καὶ</span> <span class='ocrx_word' id='word_1_744' title='bbox 3337 2925 3532 2996; x_wconf 68' lang='grc' dir='ltr'>Ἁγνιπαί</span> 
     </span>
    </p>
   </div>
   <div class='ocr_carea' id='block_1_98' title="bbox 1943 3006 3532 3076">
    <p class='ocr_par' dir='ltr' id='par_1_98' title="bbox 1943 3006 3532 3076">
     <span class='ocr_line' id='line_1_98' title="bbox 1943 3006 3532 3076; baseline -0.004 -11"><span class='ocrx_word' id='word_1_745' title='bbox 1943 3011 2095 3065; x_wconf 80' lang='grc' dir='ltr'>κατὰ</span> <span class='ocrx_word' id='word_1_746' title='bbox 2121 3007 2427 3075; x_wconf 73' lang='grc' dir='ltr'>ἀνατολάς</span> <span class='ocrx_word' id='word_1_747' title='bbox 2446 3025 2462 3040; x_wconf 86' lang='grc'><strong>·</strong></span> <span class='ocrx_word' id='word_1_748' title='bbox 2486 3007 2586 3062; x_wconf 77' lang='grc' dir='ltr'>καί</span> <span class='ocrx_word' id='word_1_749' title='bbox 2626 3006 2978 3076; x_wconf 68' lang='grc' dir='ltr'>ᾠκοδόμησε</span> <span class='ocrx_word' id='word_1_750' title='bbox 2998 3006 3175 3061; x_wconf 78' lang='grc' dir='ltr'>κάκεῖ</span> <span class='ocrx_word' id='word_1_751' title='bbox 3195 3006 3532 3074; x_wconf 77' lang='grc' dir='ltr'>θυσιαστή-</span> 
     </span>
    </p>
   </div>
   <div class='ocr_carea' id='block_1_99' title="bbox 1937 3088 3531 3162">
    <p class='ocr_par' dir='ltr' id='par_1_99' title="bbox 1937 3088 3531 3162">
     <span class='ocr_line' id='line_1_99' title="bbox 1937 3088 3531 3162; baseline -0.001 -15"><span class='ocrx_word' id='word_1_752' title='bbox 1937 3111 2074 3162; x_wconf 87' lang='grc' dir='ltr'>ριον</span> <span class='ocrx_word' id='word_1_753' title='bbox 2107 3091 2186 3158; x_wconf 81' lang='grc' dir='ltr'>τῷ</span> <span class='ocrx_word' id='word_1_754' title='bbox 2212 3092 2430 3160; x_wconf 80' lang='grc' dir='ltr'>Κυρίῳ,</span> <span class='ocrx_word' id='word_1_755' title='bbox 2463 3090 2561 3144; x_wconf 79' lang='grc' dir='ltr'>καὶ</span> <span class='ocrx_word' id='word_1_756' title='bbox 2596 3091 3008 3144; x_wconf 61' lang='grc' dir='ltr'>ἐπεκαλέσατο</span> <span class='ocrx_word' id='word_1_757' title='bbox 3033 3091 3132 3144; x_wconf 72' lang='grc' dir='ltr'>ἐπὶ</span> <span class='ocrx_word' id='word_1_758' title='bbox 3173 3088 3256 3156; x_wconf 82' lang='grc' dir='ltr'>τῷ</span> <span class='ocrx_word' id='word_1_759' title='bbox 3285 3091 3531 3161; x_wconf 81' lang='grc' dir='ltr'>ὀνόματι</span> 
     </span>
    </p>
   </div>
   <div class='ocr_carea' id='block_1_100' title="bbox 1942 3173 3531 3248">
    <p class='ocr_par' dir='ltr' id='par_1_100' title="bbox 1942 3173 3531 3248">
     <span class='ocr_line' id='line_1_100' title="bbox 1942 3173 3531 3248; baseline -0.003 -16"><span class='ocrx_word' id='word_1_760' title='bbox 1942 3178 2186 3245; x_wconf 79' lang='grc' dir='ltr'>Κυρίου.</span> <span class='ocrx_word' id='word_1_761' title='bbox 2220 3177 2359 3248; x_wconf 86' lang='grc' dir='ltr'>Ὅρα</span> <span class='ocrx_word' id='word_1_762' title='bbox 2391 3173 2509 3238; x_wconf 72' lang='grc' dir='ltr'>ταῦς</span> <span class='ocrx_word' id='word_1_763' title='bbox 2533 3173 2620 3228; x_wconf 86' lang='grc' dir='ltr'>διά</span> <span class='ocrx_word' id='word_1_764' title='bbox 2661 3175 2880 3228; x_wconf 88' lang='grc' dir='ltr'>πάντων</span> <span class='ocrx_word' id='word_1_765' title='bbox 2907 3173 3178 3228; x_wconf 84' lang='grc' dir='ltr'>δείκνυσιν</span> <span class='ocrx_word' id='word_1_766' title='bbox 3206 3173 3399 3228; x_wconf 87' lang='grc' dir='ltr'>ἐαυτοῦ</span> <span class='ocrx_word' id='word_1_767' title='bbox 3428 3176 3531 3246; x_wconf 78' lang='grc' dir='ltr'>τὴν</span> 
     </span>
    </p>
   </div>
   <div class='ocr_carea' id='block_1_101' title="bbox 1943 3257 3530 3332">
    <p class='ocr_par' dir='ltr' id='par_1_101' title="bbox 1943 3257 3530 3332">
     <span class='ocr_line' id='line_1_101' title="bbox 1943 3257 3530 3332; baseline 0.001 -20"><span class='ocrx_word' id='word_1_768' title='bbox 1943 3258 2192 3329; x_wconf 82' lang='grc' dir='ltr'>φιλόθεον</span> <span class='ocrx_word' id='word_1_769' title='bbox 2215 3259 2464 3330; x_wconf 86' lang='grc' dir='ltr'>γνώμην.</span> <span class='ocrx_word' id='word_1_770' title='bbox 2503 3257 2650 3310; x_wconf 85' lang='grc' dir='ltr'>Ἐκεῖ</span> <span class='ocrx_word' id='word_1_771' title='bbox 2693 3258 2792 3328; x_wconf 74' lang='grc' dir='ltr'>μὲν</span> <span class='ocrx_word' id='word_1_772' title='bbox 2824 3257 2933 3328; x_wconf 84' lang='grc' dir='ltr'>γάρ</span> <span class='ocrx_word' id='word_1_773' title='bbox 2985 3257 3076 3311; x_wconf 89' lang='grc' dir='ltr'>διά</span> <span class='ocrx_word' id='word_1_774' title='bbox 3104 3257 3204 3329; x_wconf 82' lang='grc' dir='ltr'>τὴν</span> <span class='ocrx_word' id='word_1_775' title='bbox 3238 3259 3388 3332; x_wconf 86' lang='grc' dir='ltr'>παρὰ</span> <span class='ocrx_word' id='word_1_776' title='bbox 3433 3260 3530 3314; x_wconf 86' lang='grc' dir='ltr'>τοῦ</span> 
     </span>
    </p>
   </div>
   <div class='ocr_carea' id='block_1_102' title="bbox 1941 3341 3531 3418">
    <p class='ocr_par' dir='ltr' id='par_1_102' title="bbox 1941 3341 3531 3418">
     <span class='ocr_line' id='line_1_102' title="bbox 1941 3341 3531 3418; baseline 0.003 -22"><span class='ocrx_word' id='word_1_777' title='bbox 1941 3343 2075 3396; x_wconf 90' lang='grc' dir='ltr'>Θεοῦ</span> <span class='ocrx_word' id='word_1_778' title='bbox 2118 3343 2492 3414; x_wconf 82' lang='grc' dir='ltr'>γεγενημένην</span> <span class='ocrx_word' id='word_1_779' title='bbox 2541 3341 2690 3412; x_wconf 86' lang='grc' dir='ltr'>αὐτῴ</span> <span class='ocrx_word' id='word_1_780' title='bbox 2729 3342 3023 3413; x_wconf 84' lang='grc' dir='ltr'>ὑπόσχεσιν</span> <span class='ocrx_word' id='word_1_781' title='bbox 3055 3343 3116 3396; x_wconf 85' lang='grc' dir='ltr'>τὺ</span> <span class='ocrx_word' id='word_1_782' title='bbox 3149 3343 3531 3418; x_wconf 88' lang='grc' dir='ltr'>θυσιαστήριον</span> 
     </span>
    </p>
   </div>
   <div class='ocr_carea' id='block_1_103' title="bbox 1941 3422 3528 3504">
    <p class='ocr_par' dir='ltr' id='par_1_103' title="bbox 1941 3422 3528 3504">
     <span class='ocr_line' id='line_1_103' title="bbox 1941 3422 3528 3504; baseline 0.004 -25"><span class='ocrx_word' id='word_1_783' title='bbox 1941 3426 2284 3498; x_wconf 77' lang='grc' dir='ltr'>ᾠκοδόμησε,</span> <span class='ocrx_word' id='word_1_784' title='bbox 2333 3427 2552 3480; x_wconf 73' lang='grc' dir='ltr'>καὶτὸν</span> <span class='ocrx_word' id='word_1_785' title='bbox 2597 3422 2762 3481; x_wconf 80' lang='grc' dir='ltr'>τόπον</span> <span class='ocrx_word' id='word_1_786' title='bbox 2807 3428 3122 3499; x_wconf 84' lang='grc' dir='ltr'>ἀφιερώσας</span> <span class='ocrx_word' id='word_1_787' title='bbox 3156 3429 3528 3504; x_wconf 88' lang='grc' dir='ltr'>ἀνεχώρησεν.</span> 
     </span>
    </p>
   </div>
   <div class='ocr_carea' id='block_1_104' title="bbox 1954 3510 3530 3584">
    <p class='ocr_par' dir='ltr' id='par_1_104' title="bbox 1954 3510 3530 3584">
     <span class='ocr_line' id='line_1_104' title="bbox 1954 3510 3530 3584; baseline 0.004 -22"><span class='ocrx_word' id='word_1_788' title='bbox 1954 3510 2218 3563; x_wconf 87' lang='grc' dir='ltr'>Ἐνταῦθα</span> <span class='ocrx_word' id='word_1_789' title='bbox 2240 3511 2296 3564; x_wconf 83' lang='grc' dir='ltr'>δέ</span> <span class='ocrx_word' id='word_1_790' title='bbox 2315 3510 2502 3582; x_wconf 77' lang='grc' dir='ltr'>ἐπειδὴ</span> <span class='ocrx_word' id='word_1_791' title='bbox 2524 3511 2622 3580; x_wconf 78' lang='grc' dir='ltr'>τὴν</span> <span class='ocrx_word' id='word_1_792' title='bbox 2653 3511 2860 3582; x_wconf 83' lang='grc' dir='ltr'>σκηνὴν</span> <span class='ocrx_word' id='word_1_793' title='bbox 2884 3512 3144 3582; x_wconf 78' lang='grc' dir='ltr'>ἐπήξατο,</span> <span class='ocrx_word' id='word_1_794' title='bbox 3165 3513 3327 3567; x_wconf 85' lang='grc' dir='ltr'>πάλιν</span> <span class='ocrx_word' id='word_1_795' title='bbox 3362 3516 3530 3584; x_wconf 81' lang='grc' dir='ltr'>’ῼκο-</span> 
     </span>
    </p>
   </div>
   <div class='ocr_carea' id='block_1_105' title="bbox 1940 3591 3527 3664">
    <p class='ocr_par' dir='ltr' id='par_1_105' title="bbox 1940 3591 3527 3664">
     <span class='ocr_line' id='line_1_105' title="bbox 1940 3591 3527 3664; baseline 0.004 -19"><span class='ocrx_word' id='word_1_796' title='bbox 1940 3591 2191 3663; x_wconf 80' lang='grc' dir='ltr'>δόμησε,</span> <span class='ocrx_word' id='word_1_797' title='bbox 2238 3595 2406 3664; x_wconf 81' lang='grc' dir='ltr'>φησὶ,</span> <span class='ocrx_word' id='word_1_798' title='bbox 2455 3593 2891 3661; x_wconf 74' lang='grc' dir='ltr'>θυσιαστήριον</span> <span class='ocrx_word' id='word_1_799' title='bbox 2935 3594 3017 3660; x_wconf 85' lang='grc' dir='ltr'>τῷ</span> <span class='ocrx_word' id='word_1_800' title='bbox 3044 3597 3258 3663; x_wconf 82' lang='grc' dir='ltr'>Κυρίῳ,</span> <span class='ocrx_word' id='word_1_801' title='bbox 3289 3598 3386 3650; x_wconf 82' lang='grc' dir='ltr'>καί</span> <span class='ocrx_word' id='word_1_802' title='bbox 3417 3598 3527 3651; x_wconf 80' lang='grc' dir='ltr'>ἐπ-</span> 
     </span>
    </p>
   </div>
   <div class='ocr_carea' id='block_1_106' title="bbox 1940 3675 3527 3753">
    <p class='ocr_par' dir='ltr' id='par_1_106' title="bbox 1940 3675 3527 3753">
     <span class='ocr_line' id='line_1_106' title="bbox 1940 3675 3527 3753; baseline 0.003 -23"><span class='ocrx_word' id='word_1_803' title='bbox 1940 3677 2274 3731; x_wconf 76' lang='grc' dir='ltr'>εκαλέσατο</span> <span class='ocrx_word' id='word_1_804' title='bbox 2299 3677 2398 3730; x_wconf 76' lang='grc' dir='ltr'>ἐπὶ</span> <span class='ocrx_word' id='word_1_805' title='bbox 2434 3676 2515 3744; x_wconf 86' lang='grc' dir='ltr'>τῷ</span> <span class='ocrx_word' id='word_1_806' title='bbox 2544 3677 2788 3746; x_wconf 82' lang='grc' dir='ltr'>ὀνόματι</span> <span class='ocrx_word' id='word_1_807' title='bbox 2825 3679 3070 3746; x_wconf 83' lang='grc' dir='ltr'>Κυρίου.</span> <span class='ocrx_word' id='word_1_808' title='bbox 3115 3675 3272 3744; x_wconf 77' lang='grc' dir='ltr'>Εἶδες</span> <span class='ocrx_word' id='word_1_809' title='bbox 3300 3682 3527 3753; x_wconf 87' lang='grc' dir='ltr'>γνώμην</span> 
     </span>
    </p>
   </div>
   <div class='ocr_carea' id='block_1_107' title="bbox 1941 3759 3528 3838">
    <p class='ocr_par' dir='ltr' id='par_1_107' title="bbox 1941 3759 3528 3838">
     <span class='ocr_line' id='line_1_107' title="bbox 1941 3759 3528 3838; baseline 0.005 -24"><span class='ocrx_word' id='word_1_810' title='bbox 1941 3761 2229 3832; x_wconf 87' lang='grc' dir='ltr'>φιλόσοφον</span> <span class='ocrx_word' id='word_1_811' title='bbox 2245 3779 2260 3828; x_wconf 86' lang='lat'><strong>;</strong></span> <span class='ocrx_word' id='word_1_812' title='bbox 2281 3759 2419 3825; x_wconf 83' lang='grc' dir='ltr'>εἶδες</span> <span class='ocrx_word' id='word_1_813' title='bbox 2434 3763 2573 3834; x_wconf 80' lang='grc' dir='ltr'>ὅπερ</span> <span class='ocrx_word' id='word_1_814' title='bbox 2597 3763 2826 3834; x_wconf 90' lang='grc' dir='ltr'>γράφων</span> <span class='ocrx_word' id='word_1_815' title='bbox 2842 3765 3149 3836; x_wconf 80' lang='grc' dir='ltr'>παρῄνεσεν</span> <span class='ocrx_word' id='word_1_816' title='bbox 3170 3769 3198 3820; x_wconf 88' lang='lat'>6</span> <span class='ocrx_word' id='word_1_817' title='bbox 3214 3766 3528 3838; x_wconf 80' lang='grc' dir='ltr'>θαυμαστὸς</span> 
     </span>
    </p>
   </div>
   <div class='ocr_carea' id='block_1_108' title="bbox 1939 3845 3530 3920">
    <p class='ocr_par' dir='ltr' id='par_1_108' title="bbox 1939 3845 3530 3920">
     <span class='ocr_line' id='line_1_108' title="bbox 1939 3845 3530 3920; baseline 0.006 -22"><span class='ocrx_word' id='word_1_818' title='bbox 1939 3845 2038 3915; x_wconf 87' lang='grc' dir='ltr'>τῆς</span> <span class='ocrx_word' id='word_1_819' title='bbox 2053 3846 2376 3918; x_wconf 80' lang='grc' dir='ltr'>οἰκουμένης</span> <span class='ocrx_word' id='word_1_820' title='bbox 2395 3845 2713 3911; x_wconf 87' lang='grc' dir='ltr'>διδάσκαλος</span> <span class='ocrx_word' id='word_1_821' title='bbox 2728 3850 2756 3900; x_wconf 87' lang='lat'>6</span> <span class='ocrx_word' id='word_1_822' title='bbox 2779 3849 3048 3920; x_wconf 89' lang='grc' dir='ltr'>μακάριος</span> <span class='ocrx_word' id='word_1_823' title='bbox 3079 3848 3306 3914; x_wconf 81' lang='grc' dir='ltr'>Παῦλος,</span> <span class='ocrx_word' id='word_1_824' title='bbox 3330 3851 3530 3920; x_wconf 76' lang='grc' dir='ltr'>λέγων’</span> 
     </span>
    </p>
   </div>
   <div class='ocr_carea' id='block_1_109' title="bbox 1953 3928 3530 4002">
    <p class='ocr_par' dir='ltr' id='par_1_109' title="bbox 1953 3928 3530 4002">
     <span class='ocr_line' id='line_1_109' title="bbox 1953 3928 3530 4002; baseline 0.005 -21"><span class='ocrx_word' id='word_1_825' title='bbox 1953 3928 2051 3982; x_wconf 82' lang='grc' dir='ltr'>Ἐν</span> <span class='ocrx_word' id='word_1_826' title='bbox 2073 3931 2254 3984; x_wconf 83' lang='grc' dir='ltr'>παντί</span> <span class='ocrx_word' id='word_1_827' title='bbox 2286 3932 2449 3997; x_wconf 80' lang='grc' dir='ltr'>τόπῳ</span> <span class='ocrx_word' id='word_1_828' title='bbox 2471 3930 2833 3998; x_wconf 79' lang='grc' dir='ltr'>ἐπαίροντας</span> <span class='ocrx_word' id='word_1_829' title='bbox 2862 3933 3076 3999; x_wconf 86' lang='grc' dir='ltr'>όσίους</span> <span class='ocrx_word' id='word_1_830' title='bbox 3111 3932 3318 4002; x_wconf 64' lang='grc' dir='ltr'>χεῷας</span> <span class='ocrx_word' id='word_1_831' title='bbox 3335 3951 3350 3966; x_wconf 74' lang='grc' dir='ltr'><strong>ο</strong></span> <span class='ocrx_word' id='word_1_832' title='bbox 3372 3935 3530 3990; x_wconf 87' lang='grc' dir='ltr'>τοῦτο</span> 
     </span>
    </p>
   </div>
   <div class='ocr_carea' id='block_1_110' title="bbox 1940 4012 3528 4088">
    <p class='ocr_par' dir='ltr' id='par_1_110' title="bbox 1940 4012 3528 4088">
     <span class='ocr_line' id='line_1_110' title="bbox 1940 4012 3528 4088; baseline 0.004 -23"><span class='ocrx_word' id='word_1_833' title='bbox 1940 4012 2229 4085; x_wconf 85' lang='grc' dir='ltr'>προλαϐὼν</span> <span class='ocrx_word' id='word_1_834' title='bbox 2246 4015 2276 4066; x_wconf 85' lang='grc' dir='ltr'><strong>ὀ</strong></span> <span class='ocrx_word' id='word_1_835' title='bbox 2296 4013 2644 4086; x_wconf 87' lang='grc' dir='ltr'>πατριάρχης</span> <span class='ocrx_word' id='word_1_836' title='bbox 2667 4015 2756 4067; x_wconf 89' lang='grc' dir='ltr'>διά</span> <span class='ocrx_word' id='word_1_837' title='bbox 2785 4014 2892 4066; x_wconf 88' lang='grc' dir='ltr'>τῶν</span> <span class='ocrx_word' id='word_1_838' title='bbox 2923 4014 3101 4085; x_wconf 77' lang='grc' dir='ltr'>ἔργων</span> <span class='ocrx_word' id='word_1_839' title='bbox 3118 4017 3381 4088; x_wconf 83' lang='grc' dir='ltr'>ἐπλήρου,</span> <span class='ocrx_word' id='word_1_840' title='bbox 3403 4019 3528 4072; x_wconf 82' lang='grc' dir='ltr'>καθ’</span> 
     </span>
    </p>
   </div>
   <div class='ocr_carea' id='block_1_111' title="bbox 1939 4099 3527 4172">
    <p class='ocr_par' dir='ltr' id='par_1_111' title="bbox 1939 4099 3527 4172">
     <span class='ocr_line' id='line_1_111' title="bbox 1939 4099 3527 4172; baseline 0.003 -20"><span class='ocrx_word' id='word_1_841' title='bbox 1939 4099 2171 4152; x_wconf 73' lang='grc' dir='ltr'>ἕκαστον</span> <span class='ocrx_word' id='word_1_842' title='bbox 2203 4099 2367 4153; x_wconf 88' lang='grc' dir='ltr'>τόπον</span> <span class='ocrx_word' id='word_1_843' title='bbox 2390 4099 2776 4170; x_wconf 83' lang='grc' dir='ltr'>θυσιαστήριον</span> <span class='ocrx_word' id='word_1_844' title='bbox 2809 4101 3129 4172; x_wconf 80' lang='grc' dir='ltr'>οἰκοδομῶν,</span> <span class='ocrx_word' id='word_1_845' title='bbox 3175 4103 3268 4156; x_wconf 80' lang='grc' dir='ltr'>καὶ</span> <span class='ocrx_word' id='word_1_846' title='bbox 3303 4103 3403 4167; x_wconf 75' lang='grc' dir='ltr'>τὰς</span> <span class='ocrx_word' id='word_1_847' title='bbox 3434 4104 3527 4156; x_wconf 86' lang='grc' dir='ltr'>εὐ-</span> 
     </span>
    </p>
   </div>
   <div class='ocr_carea' id='block_1_112' title="bbox 1939 4181 3528 4260">
    <p class='ocr_par' dir='ltr' id='par_1_112' title="bbox 1939 4181 3528 4260">
     <span class='ocr_line' id='line_1_112' title="bbox 1939 4181 3528 4260; baseline 0.003 -24"><span class='ocrx_word' id='word_1_848' title='bbox 1939 4181 2225 4252; x_wconf 84' lang='grc' dir='ltr'>χαριστίας</span> <span class='ocrx_word' id='word_1_849' title='bbox 2267 4181 2556 4252; x_wconf 76' lang='grc' dir='ltr'>ἀναφέρων</span> <span class='ocrx_word' id='word_1_850' title='bbox 2600 4182 2679 4254; x_wconf 82' lang='grc' dir='ltr'>τῷ</span> <span class='ocrx_word' id='word_1_851' title='bbox 2723 4184 3001 4257; x_wconf 76' lang='grc' dir='ltr'>Δεσπότη;</span> <span class='ocrx_word' id='word_1_852' title='bbox 3041 4183 3195 4258; x_wconf 85' lang='grc' dir='ltr'>ᾜδει</span> <span class='ocrx_word' id='word_1_853' title='bbox 3229 4186 3358 4258; x_wconf 83' lang='grc' dir='ltr'>γὰρ,</span> <span class='ocrx_word' id='word_1_854' title='bbox 3407 4187 3528 4260; x_wconf 69' lang='grc' dir='ltr'>ᾔδει</span> 
     </span>
    </p>
   </div>
   <div class='ocr_carea' id='block_1_113' title="bbox 1939 4265 3526 4344">
    <p class='ocr_par' dir='ltr' id='par_1_113' title="bbox 1939 4265 3526 4344">
     <span class='ocr_line' id='line_1_113' title="bbox 1939 4265 3526 4344; baseline 0.005 -26"><span class='ocrx_word' id='word_1_855' title='bbox 1939 4266 2146 4337; x_wconf 82' lang='grc' dir='ltr'>σαφῶς,</span> <span class='ocrx_word' id='word_1_856' title='bbox 2178 4266 2253 4330; x_wconf 82' lang='grc' dir='ltr'>ὡς</span> <span class='ocrx_word' id='word_1_857' title='bbox 2279 4267 2430 4321; x_wconf 83' lang='grc' dir='ltr'>οὐδὲν</span> <span class='ocrx_word' id='word_1_858' title='bbox 2467 4268 2659 4338; x_wconf 74' lang='grc' dir='ltr'>ἕτερον</span> <span class='ocrx_word' id='word_1_859' title='bbox 2686 4265 2938 4340; x_wconf 78' lang='grc' dir='ltr'>ἐπιζητεῖ</span> <span class='ocrx_word' id='word_1_860' title='bbox 2969 4269 3118 4342; x_wconf 76' lang='grc' dir='ltr'>παρὰ</span> <span class='ocrx_word' id='word_1_861' title='bbox 3168 4270 3267 4341; x_wconf 82' lang='grc' dir='ltr'>τῆς</span> <span class='ocrx_word' id='word_1_862' title='bbox 3308 4271 3526 4344; x_wconf 84' lang='grc' dir='ltr'>ἀνθρω-</span> 
     </span>
    </p>
   </div>
   <div class='ocr_carea' id='block_1_114' title="bbox 1941 4349 3526 4427">
    <p class='ocr_par' dir='ltr' id='par_1_114' title="bbox 1941 4349 3526 4427">
     <span class='ocr_line' id='line_1_114' title="bbox 1941 4349 3526 4427; baseline 0.004 -22"><span class='ocrx_word' id='word_1_863' title='bbox 1941 4352 2103 4422; x_wconf 83' lang='grc' dir='ltr'>πίνης</span> <span class='ocrx_word' id='word_1_864' title='bbox 2143 4349 2358 4421; x_wconf 88' lang='grc' dir='ltr'>φύσεως</span> <span class='ocrx_word' id='word_1_865' title='bbox 2384 4353 2414 4404; x_wconf 92' lang='lat'>6</span> <span class='ocrx_word' id='word_1_866' title='bbox 2442 4351 2552 4405; x_wconf 89' lang='grc' dir='ltr'>τῶν</span> <span class='ocrx_word' id='word_1_867' title='bbox 2578 4351 2718 4405; x_wconf 82' lang='grc' dir='ltr'>ὅλων</span> <span class='ocrx_word' id='word_1_868' title='bbox 2747 4351 2881 4416; x_wconf 86' lang='grc' dir='ltr'>Θεὸς</span> <span class='ocrx_word' id='word_1_869' title='bbox 2913 4353 3052 4424; x_wconf 82' lang='grc' dir='ltr'>μετὰ</span> <span class='ocrx_word' id='word_1_870' title='bbox 3070 4353 3168 4418; x_wconf 77' lang='grc' dir='ltr'>τὰς</span> <span class='ocrx_word' id='word_1_871' title='bbox 3197 4357 3400 4427; x_wconf 88' lang='grc' dir='ltr'>μυρίας</span> <span class='ocrx_word' id='word_1_872' title='bbox 3431 4357 3526 4412; x_wconf 74' lang='grc' dir='ltr'>καὶ</span> 
     </span>
    </p>
   </div>
   <div class='ocr_carea' id='block_1_115' title="bbox 1939 4435 3525 4512">
    <p class='ocr_par' dir='ltr' id='par_1_115' title="bbox 1939 4435 3525 4512">
     <span class='ocr_line' id='line_1_115' title="bbox 1939 4435 3525 4512; baseline 0.001 -20"><span class='ocrx_word' id='word_1_873' title='bbox 1939 4436 2181 4507; x_wconf 79' lang='grc' dir='ltr'>ἀφάτους</span> <span class='ocrx_word' id='word_1_874' title='bbox 2211 4435 2378 4490; x_wconf 86' lang='grc' dir='ltr'>αὐτοῦ</span> <span class='ocrx_word' id='word_1_875' title='bbox 2415 4437 2737 4508; x_wconf 84' lang='grc' dir='ltr'>εὐεργεσίας</span> <span class='ocrx_word' id='word_1_876' title='bbox 2757 4479 2772 4502; x_wconf 90' lang='grc'>,</span> <span class='ocrx_word' id='word_1_877' title='bbox 2809 4436 2885 4500; x_wconf 83' lang='grc' dir='ltr'>ὡς</span> <span class='ocrx_word' id='word_1_878' title='bbox 2914 4437 3235 4510; x_wconf 86' lang='grc' dir='ltr'>εὐχάριστον</span> <span class='ocrx_word' id='word_1_879' title='bbox 3267 4439 3525 4512; x_wconf 83' lang='grc' dir='ltr'>γνώμην,</span> 
     </span>
    </p>
   </div>
   <div class='ocr_carea' id='block_1_116' title="bbox 1939 4520 3524 4596">
    <p class='ocr_par' dir='ltr' id='par_1_116' title="bbox 1939 4520 3524 4596">
     <span class='ocr_line' id='line_1_116' title="bbox 1939 4520 3524 4596; baseline 0.003 -20"><span class='ocrx_word' id='word_1_880' title='bbox 1939 4521 2115 4576; x_wconf 76' lang='grc' dir='ltr'>καὶτὸ</span> <span class='ocrx_word' id='word_1_881' title='bbox 2136 4520 2334 4574; x_wconf 84' lang='grc' dir='ltr'>εἰδέναι</span> <span class='ocrx_word' id='word_1_882' title='bbox 2359 4522 2519 4594; x_wconf 88' lang='grc' dir='ltr'>χάριν</span> <span class='ocrx_word' id='word_1_883' title='bbox 2539 4521 2822 4592; x_wconf 81' lang='grc' dir='ltr'>ὁμολογεῖν</span> <span class='ocrx_word' id='word_1_884' title='bbox 2842 4523 2984 4594; x_wconf 85' lang='grc' dir='ltr'>ὑπὲρ</span> <span class='ocrx_word' id='word_1_885' title='bbox 3001 4522 3111 4576; x_wconf 86' lang='grc' dir='ltr'>τῶν</span> <span class='ocrx_word' id='word_1_886' title='bbox 3134 4524 3245 4596; x_wconf 88' lang='grc' dir='ltr'>ὐπη</span> <span class='ocrx_word' id='word_1_887' title='bbox 3255 4526 3524 4596; x_wconf 85' lang='grc' dir='ltr'>ργμένων.</span> 
     </span>
    </p>
   </div>
   <div class='ocr_carea' id='block_1_117' title="bbox 1952 4605 3528 4680">
    <p class='ocr_par' dir='ltr' id='par_1_117' title="bbox 1952 4605 3528 4680">
     <span class='ocr_line' id='line_1_117' title="bbox 1952 4605 3528 4680; baseline 0.002 -19"><span class='ocrx_word' id='word_1_888' title='bbox 1952 4605 2092 4662; x_wconf 81' lang='grc' dir='ltr'>Ἀλλ’</span> <span class='ocrx_word' id='word_1_889' title='bbox 2126 4605 2325 4676; x_wconf 73' lang='grc' dir='ltr'>ἴδωμεν</span> <span class='ocrx_word' id='word_1_890' title='bbox 2347 4605 2529 4671; x_wconf 86' lang='grc' dir='ltr'>πάλιν,</span> <span class='ocrx_word' id='word_1_891' title='bbox 2560 4605 2679 4670; x_wconf 85' lang='grc' dir='ltr'>πῶς</span> <span class='ocrx_word' id='word_1_892' title='bbox 2710 4605 2805 4659; x_wconf 73' lang='grc' dir='ltr'>καὶ</span> <span class='ocrx_word' id='word_1_893' title='bbox 2828 4605 3077 4660; x_wconf 82' lang='grc' dir='ltr'>ἐντεῦθεν</span> <span class='ocrx_word' id='word_1_894' title='bbox 3097 4609 3126 4662; x_wconf 91' lang='lat'>6</span> <span class='ocrx_word' id='word_1_895' title='bbox 3154 4608 3365 4674; x_wconf 89' lang='grc' dir='ltr'>δίκαιος</span> <span class='ocrx_word' id='word_1_896' title='bbox 3397 4628 3528 4680; x_wconf 91' lang='grc' dir='ltr'>μετ-</span> 
     </span>
    </p>
   </div>
   <div class='ocr_carea' id='block_1_118' title="bbox 1938 4688 3525 4761">
    <p class='ocr_par' dir='ltr' id='par_1_118' title="bbox 1938 4688 3525 4761">
     <span class='ocr_line' id='line_1_118' title="bbox 1938 4688 3525 4761; baseline 0 -16"><span class='ocrx_word' id='word_1_897' title='bbox 1938 4691 2243 4745; x_wconf 88' lang='grc' dir='ltr'>ανίσταται.</span> <span class='ocrx_word' id='word_1_898' title='bbox 2285 4688 2394 4743; x_wconf 81' lang='lat' dir='ltr'><strong><em>Kal</em></strong></span> <span class='ocrx_word' id='word_1_899' title='bbox 2423 4688 2640 4758; x_wconf 80' lang='grc' dir='ltr'>ἀπῆρε,</span> <span class='ocrx_word' id='word_1_900' title='bbox 2668 4690 2854 4760; x_wconf 79' lang='grc' dir='ltr'>φησὶν,</span> <span class='ocrx_word' id='word_1_901' title='bbox 2886 4691 3134 4759; x_wconf 78' lang='grc' dir='ltr'>Ἀϐραμ,</span> <span class='ocrx_word' id='word_1_902' title='bbox 3172 4692 3270 4744; x_wconf 78' lang='grc' dir='ltr'>καὶ</span> <span class='ocrx_word' id='word_1_903' title='bbox 3307 4706 3525 4761; x_wconf 80' lang='grc' dir='ltr'>πορευ-</span> 
     </span>
    </p>
   </div>
   <div class='ocr_carea' id='block_1_119' title="bbox 1939 4771 3528 4846">
    <p class='ocr_par' dir='ltr' id='par_1_119' title="bbox 1939 4771 3528 4846">
     <span class='ocr_line' id='line_1_119' title="bbox 1939 4771 3528 4846; baseline 0.001 -17"><span class='ocrx_word' id='word_1_904' title='bbox 1939 4775 2063 4840; x_wconf 80' lang='grc' dir='ltr'>θείς</span> <span class='ocrx_word' id='word_1_905' title='bbox 2115 4771 2670 4841; x_wconf 74' lang='grc' dir='ltr'>ἐστρατοπέδευσεν</span> <span class='ocrx_word' id='word_1_906' title='bbox 2694 4773 2765 4827; x_wconf 83' lang='grc' dir='ltr'>ἐν</span> <span class='ocrx_word' id='word_1_907' title='bbox 2795 4771 2870 4840; x_wconf 81' lang='grc' dir='ltr'>τῇ</span> <span class='ocrx_word' id='word_1_908' title='bbox 2905 4774 3124 4842; x_wconf 81' lang='grc' dir='ltr'>ἐρήμῳ.</span> <span class='ocrx_word' id='word_1_909' title='bbox 3163 4774 3305 4846; x_wconf 89' lang='grc' dir='ltr'>Ὅρα</span> <span class='ocrx_word' id='word_1_910' title='bbox 3361 4777 3528 4830; x_wconf 81' lang='grc' dir='ltr'>πάλιν</span> 
     </span>
    </p>
   </div>
   <div class='ocr_carea' id='block_1_120' title="bbox 1937 4854 3527 4930">
    <p class='ocr_par' dir='ltr' id='par_1_120' title="bbox 1937 4854 3527 4930">
     <span class='ocr_line' id='line_1_120' title="bbox 1937 4854 3527 4930; baseline 0.001 -20"><span class='ocrx_word' id='word_1_911' title='bbox 1937 4858 2039 4928; x_wconf 80' lang='grc' dir='ltr'>τήν</span> <span class='ocrx_word' id='word_1_912' title='bbox 2067 4857 2313 4926; x_wconf 80' lang='grc' dir='ltr'>φιλόθεον</span> <span class='ocrx_word' id='word_1_913' title='bbox 2350 4855 2517 4910; x_wconf 84' lang='grc' dir='ltr'>αὐτοῦ</span> <span class='ocrx_word' id='word_1_914' title='bbox 2561 4854 2789 4927; x_wconf 87' lang='grc' dir='ltr'>γνώμην</span> <span class='ocrx_word' id='word_1_915' title='bbox 2817 4857 2912 4910; x_wconf 78' lang='grc' dir='ltr'>καὶ</span> <span class='ocrx_word' id='word_1_916' title='bbox 2946 4857 3048 4925; x_wconf 84' lang='grc' dir='ltr'>τὴν</span> <span class='ocrx_word' id='word_1_917' title='bbox 3082 4856 3402 4927; x_wconf 77' lang='grc' dir='ltr'>φιλοσοφίαν</span> <span class='ocrx_word' id='word_1_918' title='bbox 3425 4859 3527 4930; x_wconf 78' lang='grc' dir='ltr'>τὴν</span> 
     </span>
    </p>
   </div>
   <div class='ocr_carea' id='block_1_121' title="bbox 1939 4940 3528 5013">
    <p class='ocr_par' dir='ltr' id='par_1_121' title="bbox 1939 4940 3528 5013">
     <span class='ocr_line' id='line_1_121' title="bbox 1939 4940 3528 5013; baseline 0 -17"><span class='ocrx_word' id='word_1_919' title='bbox 1939 4942 2160 5013; x_wconf 86' lang='grc' dir='ltr'>πολλήν.</span> <span class='ocrx_word' id='word_1_920' title='bbox 2213 4943 2384 4996; x_wconf 86' lang='grc' dir='ltr'>Πάλιν</span> <span class='ocrx_word' id='word_1_921' title='bbox 2407 4982 2423 5004; x_wconf 94' lang='grc'>,</span> <span class='ocrx_word' id='word_1_922' title='bbox 2474 4943 2642 5011; x_wconf 77' lang='grc' dir='ltr'>φησὶν</span> <span class='ocrx_word' id='word_1_923' title='bbox 2663 4981 2678 5002; x_wconf 94' lang='grc'>,</span> <span class='ocrx_word' id='word_1_924' title='bbox 2731 4940 2982 4994; x_wconf 80' lang='grc' dir='ltr'>ἐντεῦθεν</span> <span class='ocrx_word' id='word_1_925' title='bbox 3031 4941 3368 5013; x_wconf 81' lang='grc' dir='ltr'>ἀνεχώρησε,</span> <span class='ocrx_word' id='word_1_926' title='bbox 3427 4944 3528 4996; x_wconf 79' lang='grc' dir='ltr'>καὶ</span> 
     </span>
    </p>
   </div>
   <div class='ocr_carea' id='block_1_122' title="bbox 1953 5024 3528 5098">
    <p class='ocr_par' dir='ltr' id='par_1_122' title="bbox 1953 5024 3528 5098">
     <span class='ocr_line' id='line_1_122' title="bbox 1953 5024 3528 5098; baseline 0.001 -19"><span class='ocrx_word' id='word_1_927' title='bbox 1953 5025 2616 5096; x_wconf 75' lang='grc' dir='ltr'>Ἐστρατοπέδευσενέν</span> <span class='ocrx_word' id='word_1_928' title='bbox 2631 5024 2705 5093; x_wconf 78' lang='grc' dir='ltr'>τῇ</span> <span class='ocrx_word' id='word_1_929' title='bbox 2719 5024 3101 5094; x_wconf 59' lang='grc' dir='ltr'>ἐρήμῳπίνος</span> <span class='ocrx_word' id='word_1_930' title='bbox 3115 5027 3298 5078; x_wconf 80' lang='grc' dir='ltr'>ἐνεκεν</span> <span class='ocrx_word' id='word_1_931' title='bbox 3309 5026 3528 5098; x_wconf 80' lang='grc' dir='ltr'>ἀπῆρεν</span> 
     </span>
    </p>
   </div>
   <div class='ocr_carea' id='block_1_123' title="bbox 1941 5107 3523 5181">
    <p class='ocr_par' dir='ltr' id='par_1_123' title="bbox 1941 5107 3523 5181">
     <span class='ocr_line' id='line_1_123' title="bbox 1941 5107 3523 5181; baseline -0.001 -18"><span class='ocrx_word' id='word_1_932' title='bbox 1941 5110 2150 5164; x_wconf 87' lang='grc' dir='ltr'>ἐκεῖθεν</span> <span class='ocrx_word' id='word_1_933' title='bbox 2173 5127 2188 5175; x_wconf 88' lang='lat'><strong>;</strong></span> <span class='ocrx_word' id='word_1_934' title='bbox 2230 5110 2390 5173; x_wconf 87' lang='grc' dir='ltr'>Ἴσως</span> <span class='ocrx_word' id='word_1_935' title='bbox 2417 5107 2563 5180; x_wconf 80' lang='grc' dir='ltr'>ὁρῶν</span> <span class='ocrx_word' id='word_1_936' title='bbox 2582 5124 2736 5172; x_wconf 86' lang='grc' dir='ltr'>τινας</span> <span class='ocrx_word' id='word_1_937' title='bbox 2757 5110 3061 5178; x_wconf 85' lang='grc' dir='ltr'>οἰκητόρων</span> <span class='ocrx_word' id='word_1_938' title='bbox 3081 5109 3183 5163; x_wconf 87' lang='grc' dir='ltr'>οὐκ</span> <span class='ocrx_word' id='word_1_939' title='bbox 3215 5109 3523 5181; x_wconf 82' lang='grc' dir='ltr'>ἀρεσκομέ-</span> 
     </span>
    </p>
   </div>
   <div class='ocr_carea' id='block_1_124' title="bbox 1940 5191 3529 5264">
    <p class='ocr_par' dir='ltr' id='par_1_124' title="bbox 1940 5191 3529 5264">
     <span class='ocr_line' id='line_1_124' title="bbox 1940 5191 3529 5264; baseline 0 -18"><span class='ocrx_word' id='word_1_940' title='bbox 1940 5209 2063 5257; x_wconf 89' lang='grc' dir='ltr'>νους</span> <span class='ocrx_word' id='word_1_941' title='bbox 2097 5192 2262 5246; x_wconf 87' lang='grc' dir='ltr'>αὑτοῦ</span> <span class='ocrx_word' id='word_1_942' title='bbox 2287 5196 2355 5263; x_wconf 81' lang='grc' dir='ltr'>τῇ</span> <span class='ocrx_word' id='word_1_943' title='bbox 2387 5192 2676 5264; x_wconf 75' lang='grc' dir='ltr'>παρουσίᾳ.</span> <span class='ocrx_word' id='word_1_944' title='bbox 2707 5191 2809 5244; x_wconf 88' lang='grc' dir='ltr'>Διά</span> <span class='ocrx_word' id='word_1_945' title='bbox 2837 5209 2919 5246; x_wconf 87' lang='grc' dir='ltr'>τοι</span> <span class='ocrx_word' id='word_1_946' title='bbox 2938 5191 3100 5246; x_wconf 88' lang='grc' dir='ltr'>τοῦτο</span> <span class='ocrx_word' id='word_1_947' title='bbox 3115 5191 3328 5256; x_wconf 82' lang='grc' dir='ltr'>δεικνὺς</span> <span class='ocrx_word' id='word_1_948' title='bbox 3357 5193 3529 5246; x_wconf 84' lang='grc' dir='ltr'>αὐτοῦ</span> 
     </span>
    </p>
   </div>
   <div class='ocr_carea' id='block_1_125' title="bbox 1937 5274 3526 5348">
    <p class='ocr_par' dir='ltr' id='par_1_125' title="bbox 1937 5274 3526 5348">
     <span class='ocr_line' id='line_1_125' title="bbox 1937 5274 3526 5348; baseline 0.001 -20"><span class='ocrx_word' id='word_1_949' title='bbox 1937 5279 2038 5348; x_wconf 83' lang='grc' dir='ltr'>τῆς</span> <span class='ocrx_word' id='word_1_950' title='bbox 2066 5277 2372 5348; x_wconf 76' lang='grc' dir='ltr'>πραότητος</span> <span class='ocrx_word' id='word_1_951' title='bbox 2402 5275 2503 5346; x_wconf 75' lang='grc' dir='ltr'>τὴν</span> <span class='ocrx_word' id='word_1_952' title='bbox 2532 5274 2862 5346; x_wconf 80' lang='grc' dir='ltr'>ὑπερϐολήν,</span> <span class='ocrx_word' id='word_1_953' title='bbox 2888 5277 2981 5328; x_wconf 77' lang='grc' dir='ltr'>καὶ</span> <span class='ocrx_word' id='word_1_954' title='bbox 3008 5277 3154 5339; x_wconf 80' lang='grc' dir='ltr'>ὅπως</span> <span class='ocrx_word' id='word_1_955' title='bbox 3176 5275 3306 5347; x_wconf 76' lang='grc' dir='ltr'>περὶ</span> <span class='ocrx_word' id='word_1_956' title='bbox 3324 5275 3526 5330; x_wconf 80' lang='grc' dir='ltr'>πολλοῦ</span> 
     </span>
    </p>
   </div>
   <div class='ocr_carea' id='block_1_126' title="bbox 1939 5358 3527 5430">
    <p class='ocr_par' dir='ltr' id='par_1_126' title="bbox 1939 5358 3527 5430">
     <span class='ocr_line' id='line_1_126' title="bbox 1939 5358 3527 5430; baseline 0 -18"><span class='ocrx_word' id='word_1_957' title='bbox 1939 5361 2170 5413; x_wconf 83' lang='grc' dir='ltr'>ποιεῖται</span> <span class='ocrx_word' id='word_1_958' title='bbox 2216 5359 2313 5429; x_wconf 80' lang='grc' dir='ltr'>τὴν</span> <span class='ocrx_word' id='word_1_959' title='bbox 2355 5358 2588 5430; x_wconf 77' lang='grc' dir='ltr'>ἡσυχίαν</span> <span class='ocrx_word' id='word_1_960' title='bbox 2629 5359 2726 5412; x_wconf 74' lang='grc' dir='ltr'>καὶ</span> <span class='ocrx_word' id='word_1_961' title='bbox 2767 5358 2830 5411; x_wconf 80' lang='grc' dir='ltr'>τὸ</span> <span class='ocrx_word' id='word_1_962' title='bbox 2865 5359 3002 5430; x_wconf 75' lang='grc' dir='ltr'>πρὸς</span> <span class='ocrx_word' id='word_1_963' title='bbox 3047 5359 3253 5430; x_wconf 81' lang='grc' dir='ltr'>μηδένα</span> <span class='ocrx_word' id='word_1_964' title='bbox 3290 5376 3345 5413; x_wconf 88' lang='grc' dir='ltr'>τι</span> <span class='ocrx_word' id='word_1_965' title='bbox 3377 5360 3527 5430; x_wconf 79' lang='grc' dir='ltr'>ἔχειν</span> 
     </span>
    </p>
   </div>
   <div class='ocr_carea' id='block_1_127' title="bbox 1939 5442 3520 5516">
    <p class='ocr_par' dir='ltr' id='par_1_127' title="bbox 1939 5442 3520 5516">
     <span class='ocr_line' id='line_1_127' title="bbox 1939 5442 3520 5516; baseline 0 -20"><span class='ocrx_word' id='word_1_966' title='bbox 1939 5443 2138 5507; x_wconf 84' lang='grc' dir='ltr'>κοινὸν,</span> <span class='ocrx_word' id='word_1_967' title='bbox 2173 5443 2274 5515; x_wconf 87' lang='grc' dir='ltr'>τὴν</span> <span class='ocrx_word' id='word_1_968' title='bbox 2301 5444 2537 5516; x_wconf 83' lang='grc' dir='ltr'>ἐρημίαν</span> <span class='ocrx_word' id='word_1_969' title='bbox 2578 5442 3001 5513; x_wconf 88' lang='grc' dir='ltr'>καταλαμϐάνει.</span> <span class='ocrx_word' id='word_1_970' title='bbox 3041 5443 3152 5496; x_wconf 83' lang='lat' dir='ltr'><strong><em>Kal</em></strong></span> <span class='ocrx_word' id='word_1_971' title='bbox 3185 5445 3520 5512; x_wconf 76' lang='grc' dir='ltr'>πορευθεὶς,</span> 
     </span>
    </p>
   </div>
   <div class='ocr_carea' id='block_1_128' title="bbox 1938 5524 3520 5601">
    <p class='ocr_par' dir='ltr' id='par_1_128' title="bbox 1938 5524 3520 5601">
     <span class='ocr_line' id='line_1_128' title="bbox 1938 5524 3520 5601; baseline 0.002 -23"><span class='ocrx_word' id='word_1_972' title='bbox 1938 5526 2123 5596; x_wconf 78' lang='grc' dir='ltr'>φησὶν,</span> <span class='ocrx_word' id='word_1_973' title='bbox 2161 5525 2714 5594; x_wconf 79' lang='grc' dir='ltr'>ἐστρατοπέδευσεν</span> <span class='ocrx_word' id='word_1_974' title='bbox 2737 5526 2808 5581; x_wconf 82' lang='grc' dir='ltr'>ἐν</span> <span class='ocrx_word' id='word_1_975' title='bbox 2834 5525 2909 5595; x_wconf 77' lang='grc' dir='ltr'>τῇ</span> <span class='ocrx_word' id='word_1_976' title='bbox 2936 5526 3154 5597; x_wconf 72' lang='grc' dir='ltr'>ἐρήμῳ.</span> <span class='ocrx_word' id='word_1_977' title='bbox 3189 5524 3330 5601; x_wconf 84' lang='grc' dir='ltr'>Ξένῃ</span> <span class='ocrx_word' id='word_1_978' title='bbox 3371 5526 3520 5594; x_wconf 81' lang='grc' dir='ltr'>λέξει</span> 
     </span>
    </p>
   </div>
   <div class='ocr_carea' id='block_1_129' title="bbox 1937 5609 3526 5682">
    <p class='ocr_par' dir='ltr' id='par_1_129' title="bbox 1937 5609 3526 5682">
     <span class='ocr_line' id='line_1_129' title="bbox 1937 5609 3526 5682; baseline 0.002 -20"><span class='ocrx_word' id='word_1_979' title='bbox 1937 5609 2210 5680; x_wconf 81' lang='grc' dir='ltr'>ἐχρήσατο</span> <span class='ocrx_word' id='word_1_980' title='bbox 2259 5611 2292 5678; x_wconf 87' lang='grc' dir='ltr'>ὴ</span> <span class='ocrx_word' id='word_1_981' title='bbox 2346 5609 2466 5663; x_wconf 89' lang='grc' dir='ltr'>θεία</span> <span class='ocrx_word' id='word_1_982' title='bbox 2519 5610 2559 5662; x_wconf 87' lang='grc' dir='ltr'><strong>Γ</strong></span> <span class='ocrx_word' id='word_1_983' title='bbox 2563 5611 2741 5681; x_wconf 83' lang='grc' dir='ltr'>ραφή·</span> <span class='ocrx_word' id='word_1_984' title='bbox 2796 5609 3049 5680; x_wconf 84' lang='grc' dir='ltr'>καθάπερ</span> <span class='ocrx_word' id='word_1_985' title='bbox 3102 5611 3212 5682; x_wconf 83' lang='grc' dir='ltr'>γάρ</span> <span class='ocrx_word' id='word_1_986' title='bbox 3269 5612 3364 5664; x_wconf 81' lang='grc' dir='ltr'>ἐπὶ</span> <span class='ocrx_word' id='word_1_987' title='bbox 3407 5613 3526 5666; x_wconf 75' lang='grc' dir='ltr'>τῶν</span> 
     </span>
    </p>
   </div>
   <div class='ocr_carea' id='block_1_130' title="bbox 1938 5691 3526 5762">
    <p class='ocr_par' dir='ltr' id='par_1_130' title="bbox 1938 5691 3526 5762">
     <span class='ocr_line' id='line_1_130' title="bbox 1938 5691 3526 5762; baseline 0.004 -18"><span class='ocrx_word' id='word_1_988' title='bbox 1938 5691 2192 5762; x_wconf 83' lang='grc' dir='ltr'>πολέμων</span> <span class='ocrx_word' id='word_1_989' title='bbox 2224 5692 2252 5732; x_wconf 71' lang='grc' dir='ltr'>ι)</span> <span class='ocrx_word' id='word_1_990' title='bbox 2279 5692 2399 5757; x_wconf 77' lang='grc' dir='ltr'>ἔθος</span> <span class='ocrx_word' id='word_1_991' title='bbox 2424 5694 2543 5746; x_wconf 79' lang='grc' dir='ltr'>ἐστὶ</span> <span class='ocrx_word' id='word_1_992' title='bbox 2584 5693 2786 5762; x_wconf 82' lang='grc' dir='ltr'>λέγειν,</span> <span class='ocrx_word' id='word_1_993' title='bbox 2833 5691 2976 5748; x_wconf 73' lang='grc' dir='ltr'>οὑτω</span> <span class='ocrx_word' id='word_1_994' title='bbox 3002 5695 3094 5748; x_wconf 81' lang='grc' dir='ltr'>καὶ</span> <span class='ocrx_word' id='word_1_995' title='bbox 3117 5694 3214 5749; x_wconf 88' lang='grc' dir='ltr'>νῦν</span> <span class='ocrx_word' id='word_1_996' title='bbox 3245 5695 3398 5749; x_wconf 82' lang='grc' dir='ltr'>εἶπεν</span> <span class='ocrx_word' id='word_1_997' title='bbox 3426 5697 3526 5750; x_wconf 67' lang='grc' dir='ltr'>ἐπὶ</span> 
     </span>
    </p>
   </div>
   <div class='ocr_carea' id='block_1_131' title="bbox 1999 5775 2706 5839">
    <p class='ocr_par' dir='ltr' id='par_1_131' title="bbox 1999 5775 2706 5839">
     <span class='ocr_line' id='line_1_131' title="bbox 1999 5775 2706 5839; baseline 0.003 -15"><span class='ocrx_word' id='word_1_998' title='bbox 1999 5775 2026 5839; x_wconf 55' lang='grc' dir='ltr'><strong><em>ξ</em></strong></span> <span class='ocrx_word' id='word_1_999' title='bbox 2052 5775 2186 5839; x_wconf 71' lang='lat' dir='ltr'>Unus</span> <span class='ocrx_word' id='word_1_1000' title='bbox 2214 5777 2397 5831; x_wconf 81' lang='grc' dir='ltr'>καὶτὰς</span> <span class='ocrx_word' id='word_1_1001' title='bbox 2422 5777 2706 5839; x_wconf 79' lang='grc' dir='ltr'>ἐπωνυμίας.</span> 
     </span>
    </p>
   </div>
   <div class='ocr_carea' id='block_1_132' title="bbox 1998 5836 3518 5902">
    <p class='ocr_par' dir='ltr' id='par_1_132' title="bbox 1998 5836 3518 5902">
     <span class='ocr_line' id='line_1_132' title="bbox 1998 5836 3518 5902; baseline 0.001 -16"><span class='ocrx_word' id='word_1_1002' title='bbox 1998 5836 2150 5902; x_wconf 67' lang='lat' dir='ltr'>13Alii</span> <span class='ocrx_word' id='word_1_1003' title='bbox 2171 5839 2503 5902; x_wconf 59' lang='grc' dir='ltr'>πολεμίωνῇεῑ</span> <span class='ocrx_word' id='word_1_1004' title='bbox 2530 5836 2601 5887; x_wconf 69' lang='lat' dir='ltr'>sié</span> <span class='ocrx_word' id='word_1_1005' title='bbox 2639 5840 2819 5902; x_wconf 71' lang='lat' dir='ltr'>legisse</span> <span class='ocrx_word' id='word_1_1006' title='bbox 2845 5838 3039 5891; x_wconf 74' lang='lat' dir='ltr'>videtur</span> <span class='ocrx_word' id='word_1_1007' title='bbox 3075 5847 3216 5890; x_wconf 66' lang='lat' dir='ltr'>vetus</span> <span class='ocrx_word' id='word_1_1008' title='bbox 3253 5842 3518 5902; x_wconf 68' lang='lat' dir='ltr'>{lutet-pros.</span> 
     </span>
    </p>
   </div>
   <div class='ocr_carea' id='block_1_133' title="bbox 1941 5898 2820 5964">
    <p class='ocr_par' dir='ltr' id='par_1_133' title="bbox 1941 5898 2820 5964">
     <span class='ocr_line' id='line_1_133' title="bbox 1941 5898 2820 5964; baseline 0.003 -17"><span class='ocrx_word' id='word_1_1009' title='bbox 1941 5898 2066 5948; x_wconf 78' lang='lat' dir='ltr'><strong>Infra</strong></span> <span class='ocrx_word' id='word_1_1010' title='bbox 2087 5913 2214 5949; x_wconf 87' lang='lat' dir='ltr'>unus</span> <span class='ocrx_word' id='word_1_1011' title='bbox 2246 5898 2372 5963; x_wconf 68' lang='grc' dir='ltr'>δείξῃ</span> <span class='ocrx_word' id='word_1_1012' title='bbox 2392 5901 2446 5949; x_wconf 88' lang='grc' dir='ltr'>τὸ</span> <span class='ocrx_word' id='word_1_1013' title='bbox 2471 5902 2668 5956; x_wconf 80' lang='grc' dir='ltr'>εύξωνον</span> <span class='ocrx_word' id='word_1_1014' title='bbox 2693 5900 2820 5964; x_wconf 73' lang='lat' dir='ltr'>(sic).</span> 
     </span>
    </p>
   </div>
  </div>
