4060 6428
478 329 578 384 ‘297
1255 331 1317 388 S.
1357 332 1648 387 JU.\NNIS
1683 328 2174 386 (IIIRYSOSTOMI
2200 328 2520 386 ARCHIEP.
2545 327 3092 387 CONSTANTINOP.

435 461 442 473 ’
471 444 562 497 τοῦ
590 445 822 514 δικαίου,
854 449 934 502 ὅτι
967 447 1460 519 ἐστρατοπέδευσε,
1497 447 1586 501 ἵνα
1620 447 1768 520 δείξῃ
1807 447 1868 500 τὸ
1911 447 2140 510 εὔζωνον

471 532 567 586 τοῦ
606 536 966 607 πατριάρχου,
998 535 1082 589 ὅτι
1110 533 1264 606 [521]
1297 535 1548 604 καθάπερ
1574 535 1624 586 οἰ
1657 532 1989 603 στρατιῶται
2021 534 2142 603 μετ’

471 623 728 685 εὐκολίας
750 623 845 675 νῦν
879 625 976 693 μὲν
1004 622 1261 684 ἐνταῦθα,
1289 623 1384 675 νῦν
1405 623 1464 676 δέ
1493 624 1672 674 ἐκεῖσε
1699 621 2152 692 στρατοπεδεύον-

469 725 561 764 ται
588 726 604 742 ο
639 710 782 764 οὕτω
809 710 873 781 δὴ
910 712 1005 765 καὶ
1031 712 1060 764 6
1090 710 1303 773 δίκαιος
1331 704 1502 772 οὗτος,
1551 709 1734 761 καίτοι
1767 709 2003 776 γυναῖκα
2032 709 2150 760 ἐπι-

473 798 802 868 φερόμενος,
847 799 940 852 καί
979 798 1070 851 τὴν
1113 795 1450 866 ἀδελφιδοῦν,
1491 797 1583 849 καὶ
1624 794 1896 848 τοσούτων
1923 794 2150 848 οίκετῶν

469 883 695 954 πλῆθος,
732 885 870 954 μετά
897 884 1140 947 πλείονος
1177 884 1278 952 τῆς
1313 883 1564 946 εὐκολίας
1591 882 1691 944 τάς
1724 882 2150 952 μεταναστάσεις

469 970 726 1024 ἐποιεῖτο.
760 967 912 1035 Εἶδες
944 971 1056 1041 βίον
1083 973 1141 1023 ἐν
1173 971 1321 1040 γήρᾳ
1357 969 1495 1038 μετά
1517 969 1774 1034 γυναικὸς
1803 969 1896 1021 καὶ
1921 967 2149 1021 οἰκετῶν

469 1057 740 1111 τοσούτων
775 1058 1045 1122 εὐζωνον;
1094 1058 1246 1126 Ἐμοὶ
1282 1057 1337 1109 δὲ
1369 1057 1648 1126 θαυμάσαι
1701 1055 1882 1108 ἔπεισι
1914 1055 2149 1126 μάλιστα

471 1145 575 1213 τῆς
621 1145 880 1213 γυναικὸς
933 1144 1030 1216 τὴν
1082 1143 1351 1214 ἀνδρείαν.
1388 1145 1559 1196 Ὅταν
1603 1142 1712 1214 γάρ
1758 1144 1998 1213 ἐννοήσω
2050 1143 2149 1213 τῆς

472 1232 686 1298 φύσεως
735 1233 833 1302 τῆς
861 1231 1175 1299 γυναικείας
1209 1230 1306 1300 τὴν
1337 1229 1622 1284 ἀσθένειαν
1647 1271 1663 1293 ,
1717 1230 1811 1282 καὶ
1844 1229 2148 1300 λογίσωμαι

471 1320 620 1381 ὅπως
652 1320 768 1389 μετ’
797 1318 1046 1381 εὐκολίας
1079 1318 1196 1388 ἅμα
1230 1317 1307 1386 τῷ
1341 1316 1536 1387 δικαίῳ
1583 1317 1682 1380 τὰς
1721 1316 2148 1388 μεταναστάσεις

469 1405 796 1468 ἐποίει,οῦτε
822 1406 961 1478 αὐτὴ
989 1404 1434 1476 δυσχεραίνουσα,
1463 1404 1587 1457 οὐτε
1605 1404 1684 1474 τῷ
1699 1405 1893 1474 δικαίῳ
1921 1403 2148 1474 κώλυμα

468 1492 751 1564 γινομένη,
784 1491 1176 1563 ἐκπλήττομαι,
1228 1491 1325 1545 καὶ
1356 1490 1642 1560 λογίζομαι
1683 1491 1764 1544 ὅτι
1797 1492 1898 1544 οὐκ
1927 1489 2149 1544 ἔλαττον

468 1578 562 1633 τοῦ
609 1580 820 1635 δικαίου
865 1581 961 1635 καὶ
1012 1579 1152 1651 αὐτὴ
1204 1580 1460 1651 φρόνημα
1505 1579 1712 1650 ὑψηλὸν
1758 1580 1852 1632 καὶ
1907 1579 2150 1650 ἀνδρεῖον

469 1666 752 1738 ἐκέκτητο.
781 1668 888 1721 Καὶ
915 1666 1072 1722 τοῦτο
1093 1667 1328 1738 μάλιστα
1355 1667 1636 1738 εἰσόμεθα,
1665 1668 1909 1732 ἐπιόντες
1933 1668 2000 1721 τά
2023 1667 2150 1738 ἑξῆς

469 1753 580 1806 τῶν
609 1753 1060 1824 ἀνεγνωσμένων.
1093 1749 1248 1817 Εἶδες
1280 1754 1363 1807 ὅτι
1405 1753 1546 1825 μετά
1567 1753 1628 1806 τδ
1653 1753 1905 1818 ἀκοῦσαι,
1941 1754 2024 1807 ὅτι
2063 1753 2148 1819 Τῷ

470 1843 769 1912 σπέρματί
820 1859 938 1897 σου
993 1843 1166 1897 δώσω
1218 1843 1334 1912 τὴν
1383 1842 1503 1912 γῆν
1561 1844 1829 1911 ταύτην,
1879 1843 1998 1907 πῶς
2049 1845 2148 1914 οὐχ

471 1930 746 2000 ἡσύχασεν
773 1931 802 1983 6
828 1929 1052 1995 δίκαιος,
1087 1932 1200 1986 ἀλλ’
1233 1930 1482 1984 ἐντεῦθεν
1511 1931 1628 1984 ἐκεῖ
1653 1943 1678 1971 ι
1713 1931 2017 2000 μετέϐαινε,
2052 1932 2145 1985 καὶ

470 2016 631 2070 πάλιν
659 2016 868 2071 ἐκεῖθεν
892 2018 1148 2090 ἐτέρωθις
1184 2018 1324 2072 Ἀλλ’
1354 2019 1457 2090 δρα
1491 2020 1586 2073 καὶ
1632 2019 1742 2073 άπὸ
1773 2019 1871 2090 τῆς
1909 2018 2146 2090 ἐρημίας

469 2104 630 2158 αὐτὸν
653 2105 814 2158 πάλιν
849 2106 1222 2178 ἐλαυνόμενον,
1250 2107 1349 2179 οὐχ
1381 2107 1487 2160 ὐπὸ
1532 2107 1858 2178 ἀνθρώπων,
1893 2107 2009 2161 ἀλλ’
2041 2107 2148 2160 ὐπὸ

468 2189 570 2257 τῆς
601 2191 846 2262 ἀνάγκης
879 2191 973 2246 τοῦ
1021 2192 1204 2264 λιμοῦ.
1234 2195 1343 2248 Καὶ
1374 2193 1634 2263 ἐγένετο,
1667 2193 1820 2265 φησὶ,
1847 2193 2023 2264 λιμὸς
2045 2194 2146 2248 ἐπὶ

468 2275 581 2346 τῆς
605 2278 736 2348 γῆς.
785 2279 1154 2334 Ἀκουέτωσαν
1198 2281 1250 2332 οἱ
1295 2280 1480 2344 ἀπλῶς
1525 2282 1618 2333 καὶ
1667 2282 2148 2352 ἀπαραφυλάκτως

467 2365 854 2438 φθεγγόμενοι,
886 2367 981 2421 καὶ
999 2367 1393 2438 οἰωνιζόμενοι,
1426 2368 1522 2421 καὶ
1539 2368 1808 2437 λέγοντες,
1842 2370 1924 2422 ὅτι
1957 2369 2145 2441 ἐπειδὴ

468 2454 498 2504 6
545 2452 693 2506 δεῖνα
743 2453 1098 2526 παρεγένετο,
1133 2453 1292 2524 λιμὸς
1323 2454 1538 2523 γέγονε,
1581 2455 1676 2508 καί
1716 2455 1905 2527 ἐπειδὴ
1943 2458 1972 2509 6
1996 2456 2147 2509 δεῖνα

466 2534 600 2609 ἦλθε
633 2540 751 2593 τόδε
777 2539 996 2610 συνέϐη.
1033 2540 1162 2594 Ἰδοὺ
1195 2542 1291 2594 καὶ
1320 2541 1412 2593 ἐπὶ
1440 2540 1540 2610 τῆς
1571 2539 1665 2594 τοῦ
1691 2541 1904 2595 δικαίου
1935 2559 2143 2612 παρου-

469 2628 593 2692 σίας
614 2629 789 2699 λιμὺς,
819 2630 912 2683 καὶ
935 2629 1091 2701 λιμὸς
1118 2629 1288 2700 βαρὺς
1321 2630 1416 2684 καὶ
1445 2631 1507 2684 οὐ
1537 2629 1848 2700 θορυϐεῖται
1865 2633 1894 2684 6
1913 2630 2141 2695 δίκαιος,

465 2715 589 2769 οὐδὲ
632 2717 831 2788 πάσχει
871 2734 925 2771 τι
960 2716 1334 2788 ἀνθρώπινον,
1387 2717 1483 2772 καὶ
1514 2721 1581 2789 τῇ
1627 2718 1824 2772 ἐαυτοῦ
1872 2718 2146 2791 παρουσίᾳ

467 2801 740 2871 λογίζεται
771 2803 865 2858 τοῦ
912 2803 1074 2875 λιμοῦ
1105 2805 1206 2876 τὴν
1254 2805 1456 2859 αἰτίαν.
1509 2806 1648 2860 Ἀλλ’
1689 2806 1880 2878 ἐπειδὴ
1915 2802 2022 2860 εἶδε
2047 2807 2147 2878 τὴν

466 2889 628 2958 φύσιν
660 2891 1024 2964 ἐλεγχομένην
1049 2893 1100 2958 b,
1119 2893 1215 2946 καί
1246 2893 1624 2966 ἐπεκράτησεν
1643 2897 1672 2948 6
1697 2894 1875 2966 λιμὸς,
1894 2895 2145 2962 Κατέϐη,

466 2978 624 3049 φησί,
661 2981 750 3044 εἰς
777 2981 1083 3050 Αιγυπτον
1116 2981 1342 3050 Ἀϐραμ
1367 2981 1736 3051 παροικῆσαι
1755 2982 1899 3047 ἐκεῖ,
1932 2981 2024 3036 ὅτι
2051 2982 2147 3036 6r—

467 3066 730 3134 ίσχυσεν
755 3069 790 3122 ό
827 3065 1005 3136 λιμὸς
1032 3067 1131 3122 ἐπὶ
1160 3068 1272 3137 τῆς
1298 3069 1433 3138 τῆς.

538 3152 600 3205 δ’.
653 3153 851 3207 Σκόπει
892 3153 1010 3218 πῶς
1044 3155 1361 3228 μακρότερα
1389 3158 1458 3211 τά
1503 3157 1808 3228 σκάμματα
1849 3156 1926 3229 τῷ
1953 3157 2148 3228 δικαίῳ

469 3239 698 3308 ἐγίνετο.
745 3241 1025 3312 ᾪκονόμει
1063 3243 1173 3314 γάρ
1210 3245 1240 3296 6
1287 3245 1564 3315 Δεσπότης
1597 3245 1672 3317 μὴ
1705 3246 1866 3316 μόνον
1895 3247 2011 3309 τοῖς
2044 3245 2145 3316 τὴν

471 3328 836 3398 Παλαιστίνην
865 3328 1128 3394 οἰκοῦσιν,
1155 3330 1288 3384 ἀλλά
1314 3333 1409 3385 καὶ
1437 3334 1549 3396 τοῖς
1575 3333 1717 3386 κατά
1745 3333 1842 3403 τὴν
1871 3333 2146 3402 Αἴγυπτον

466 3413 783 3468 διδάσκαλον
826 3415 988 3471 αὐτὸν
1044 3417 1320 3487 γενέσθαι,
1371 3419 1466 3472 καὶ
1511 3419 1572 3473 τὺ
1633 3419 1748 3488 φῶς
1795 3420 1897 3491 τῆς
1942 3421 2147 3485 οἰκείας

467 3502 671 3571 ἀρετῆς
699 3504 833 3556 πᾶσι
873 3505 1172 3575 κατάδηλον
1194 3506 1435 3576 ποιῆσαι.
1459 3505 1722 3578 Καθάπερ
1749 3507 1854 3578 γάρ
1883 3508 2150 3580 φωστῆρά

468 3605 592 3642 τινα
639 3588 974 3645 λανθάνοντα
1032 3593 1127 3645 καὶ
1177 3593 1558 3664 κεκρυμμένον
1606 3595 1685 3656 εἰς
1716 3594 1813 3666 τὴν
1844 3595 2145 3658 Χαλδαίων,

471 3676 683 3730 ἐκεῖθεν
724 3677 1041 3750 ἀνέστησεν,
1078 3680 1166 3734 ἵνα
1197 3681 1326 3745 τοὺς
1369 3682 1427 3734 ἐν
1464 3681 1544 3751 τῷ
1579 3682 1760 3736 σκότει
1804 3683 1906 3753 τῆς
1941 3683 2149 3756 πλάνης

472 3763 818 3835 καθημένους
849 3767 1237 3839 χειραγωγήσῃ
1269 3768 1407 3839 πρὸς
1451 3768 1548 3840 τὴν
1573 3769 1672 3841 τῆς
1721 3769 1979 3841 ἀληθείας
2004 3771 2142 3826 όδόδ.

484 3851 623 3904 Ἀλλ’
663 3853 792 3916 ἴσως
820 3853 963 3907 εἴποι
995 3871 1078 3917 τις
1104 3854 1198 3908 άν-
1233 3855 1344 3908 Kal
1373 3855 1517 3920 τίνος
1541 3855 1729 3910 ἕνεκεν
1756 3859 1816 3910 οὐ
1845 3859 1970 3922 τοὺς
1997 3860 2057 3912 ἐν
2079 3861 2146 3929 τῇ

470 3939 754 3993 Χαλδαίων
770 3940 924 4014 χώρα
940 3942 1321 4014 παρεσκεύασε
1339 3943 1407 3996 δι’
1417 3943 1580 3997 αὐτοῦ
1601 3945 1739 4017 πρὸς
1754 3945 1853 4016 τὴν
1868 3947 2148 4000 εὐσέϐειαν

468 4026 811 4098 ἀναχθῆναι;
848 4029 1008 4094 Εἰκὸς
1047 4030 1146 4100 μέν
1185 4030 1301 4084 ἐστι
1332 4030 1428 4084 καί
1465 4031 1564 4103 τῆς
1608 4033 1834 4087 ἐκείνων
1874 4034 2149 4106 σωτηρίας

467 4113 536 4168 δι’
560 4115 760 4186 ἐτέρων
790 4117 1042 4185 γενέσθαι
1075 4119 1174 4189 τὴν
1208 4119 1463 4190 πρόνοιαν
1486 4137 1500 4150 ·
1533 4120 1682 4191 ὅμως
1709 4121 1765 4174 δὲ
1800 4121 2032 4176 ἄκουσον
2053 4122 2148 4176 τοῦ

469 4201 709 4272 Χριστοῦ
742 4201 1020 4272 λέγοντος,
1045 4207 1168 4260 οὐκ
1198 4205 1330 4260 ἐστι
1376 4209 1692 4277 προφήτης
1725 4208 1953 4279 ἄτιμος,
1984 4214 2038 4264 εὶ
2065 4211 2147 4280 μὴ

467 4287 541 4340 ἐν
565 4287 641 4356 τῇ
669 4288 789 4356 ίδίςι
816 4289 1074 4358 πατρίδι.
1109 4293 1226 4345 Ἵνα
1253 4288 1347 4346 οὖν
1377 4295 1475 4364 τὴν
1509 4295 1846 4364 ἐπαγγελίαν
1883 4297 1962 4360 εἰς
1990 4296 2150 4368 ἔργον

469 4373 654 4446 ἀγάγῃ
678 4375 775 4446 τὴν
819 4376 1006 4444 αὐτοῦ,
1052 4379 1119 4448 ἢν
1150 4379 1444 4450 ἐποιήσατο
1471 4381 1667 4450 λέγων,
1691 4383 1799 4436 Καὶ
1825 4384 2150 4453 μεγαλυνῶ

469 4461 536 4514 τὸ
597 4462 786 4531 δνομὰ
837 4479 954 4518 σου
979 4503 994 4529 ,
1044 4465 1133 4520 διὰ
1175 4466 1332 4520 τοῦτο
1371 4469 1465 4522 καὶ
1523 4469 1615 4522 τὸν
1672 4470 1829 4542 λιμὸν
1879 4475 2152 4544 συγχωρεῖ

467 4549 744 4617 γενέσθαι,
770 4552 864 4604 καὶ
891 4552 980 4605 διά
999 4552 1191 4607 τούτου
1218 4554 1465 4626 ἀνάγκην
1501 4559 1582 4620 είς
1609 4556 1709 4630 τὴν
1746 4558 2019 4627 Λῖγυπτον
2049 4562 2148 4615 αὐ·

465 4637 559 4691 τὸν
583 4639 898 4709 ἀφικέσθαι,
931 4642 1017 4695 ῖνα
1045 4642 1257 4712 μάθωσι
1289 4643 1382 4697 καί
1404 4646 1452 4697 οί
1475 4645 1685 4706 αὐτόθι,
1714 4647 1813 4718 ὅση
1843 4647 1937 4701 τοῦ
1956 4649 2147 4721 ἀνδρός

467 4727 674 4798 ἐστινὴ
708 4727 901 4798 ἀρετή.
953 4727 1223 4801 Καθάπερ
1269 4731 1379 4802 γάρ
1406 4749 1492 4796 τις
1541 4733 1734 4803 δήμιος
1777 4733 1954 4804 δεσμά
1989 4753 2145 4808 περι-

465 4811 666 4879 ϐαλὼν,
689 4813 865 4879 οὕτως
891 4816 1090 4882 αὐτοὺς
1103 4819 1131 4871 6
1148 4816 1304 4888 λιμὸς
1320 4818 1432 4873 ἀπὸ
1451 4819 1546 4890 τῆς
1571 4819 1806 4890 ἐρημίας
1833 4821 2147 4893 ἀναστήσας

465 4900 562 4954 ἐπὶ
611 4902 710 4973 τὴν
761 4902 1040 4971 Αἴγυπτον
1085 4898 1268 4960 εἷλκεν
1315 4917 1364 4960 θ.
1423 4907 1563 4960 Ἀλλ’
1605 4905 1805 4978 ἴδωμεν
1853 4907 2038 4962 λοιπὸν
2076 4913 2145 4964 τὰ

467 4989 741 5054 ἐντεῦθεν,
768 4993 863 5044 καὶ
890 4993 992 5065 ὅσῃ
1025 4995 1348 5064 περιστάσει
1386 4996 1416 5048 6
1448 4995 1658 5059 δίκαιος
1689 4997 2140 5068 περιπέπτωκεν.

463 5073 555 5130 ἵνα
578 5076 674 5128 καὶ
700 5075 866 5129 αὐτοῦ
895 5077 995 5146 τὴν
1024 5077 1277 5148 ἀνδρείαν
1311 5079 1592 5149 μάθωμεν,
1621 5083 1718 5134 καὶ
1747 5081 1846 5151 τῆς
1881 5083 2141 5150 γυναικὸς

462 5158 562 5230 τὴν
595 5159 883 5229 φιλόσοφον
920 5157 1166 5232 γνώμην.
1205 5161 1420 5233 Ἐπειδὴ
1443 5163 1551 5234 γὰρ
1577 5163 1710 5217 πολὺ
1738 5163 1836 5234 τῆς
1856 5164 1976 5219 ὀδοῦ
2005 5183 2142 5236 προ-

460 5239 643 5311 ῆλθον,
674 5242 767 5311 καὶ
791 5240 1047 5310 γεγόνασι
1079 5241 1264 5296 λοιπὸν
1297 5244 1522 5314 πλησίον
1543 5245 1645 5316 τῆς
1665 5247 1960 5315 Αἰγύπτου,
1989 5247 2139 5320 [522]

461 5327 753 5397 ἐναγώνιος
778 5329 1003 5397 γέγονεν
1031 5331 1059 5384 6
1086 5329 1315 5396 δίκαιος,
1345 5334 1440 5386 καὶ
1477 5335 1605 5405 περὶ
1627 5335 1818 5405 αὐτῆς,
1846 5337 1922 5400 ὡς
1943 5339 2139 5405 εἰπεῖν,

459 5413 559 5474 τῆς
584 5411 730 5482 ζωῆς
759 5413 1015 5478 δεδοικὼς
1046 5416 1141 5468 καὶ
1178 5416 1399 5486 τρέμων
1432 5415 1737 5486 διαλέγεται
1783 5422 1848 5489 τῇ
1897 5421 2138 5488 γυναικί.

471 5497 735 5567 Ἐγένετο
759 5502 888 5572 γάρ,
917 5503 1051 5573 φησὶ
1097 5503 1282 5570 ἡνίκα
1311 5503 1565 5572 ἤγγισεν
1587 5507 1810 5574 Ἀϐραμ
1840 5509 2140 5562 είσελθεῖν

459 5582 542 5647 είς
557 5581 882 5649 Αιγυπτον,
911 5583 1041 5640 εἷπε
1063 5587 1224 5656 Σὰρᾳ
1249 5586 1324 5657 τῇ
1343 5591 1581 5658 γυναικί
1607 5593 1814 5647 αὐτοῦ·
1850 5593 2140 5649 Γινώσκω

456 5663 573 5734 ἐγὼ
595 5664 684 5718 ὅτι
713 5667 868 5737 γυνὴ
889 5670 1283 5738 εὐπρόσωπος
1301 5669 1375 5727 εἷ.
1397 5675 1603 5728 Ἔσται
1626 5671 1762 5740 οὖν,
1792 5675 1938 5729 ὅταν
1963 5676 2136 5733 ῑδωσί

518 5775 544 5803 ⁸
569 5775 704 5846 νοτε.
751 5776 924 5846 ἐκεῖσε.
960 5775 1019 5846 ,δ
1054 5781 1152 5836 Τὴν
1194 5780 1331 5842 φύσιν
1365 5783 1691 5846 ἐλεγχομένην,
1727 5791 1951 5836 namram
1991 5785 2128 5838 devi-

452 5841 596 5904 ctam,
623 5840 729 5904 εἰξνρ
755 5843 1068 5904 τηρεζνιιεαιη1
1093 5840 1400 5904 roar'rtatqm,
1434 5840 1544 5904 diiai
1578 5840 1689 5894 ndn'
1718 5848 1915 5897 lulissot
1946 5849 2131 5900 fructus

456 5902 642 5975 ευίἰιοε.
672 5900 1019 5975 Υρξηέλέγχειν
1057 5901 1284 5975 hoc’usun
1316 5900 1658 5975 fyeQu'eqlg‘lur
1683 5911 1808 5970 apud
1842 5911 2130 5972 ϐίη-γεοειιο-

459 5973 603 6011 nmm.
674 5963 696 5990 ⁸
721 5962 816 6012 Alii
861 5962 1096 6022 Αἴγυπτον
1124 5962 1231 6010 τότε
1258 5962 1422 6024 βιαίως
1444 5968 1694 6026 μεθεῖλκεν.

3828 326 3928 382 298

2263 463 2338 501 σε
2370 450 2423 500 οἱ
2441 446 2769 517 Αἰγύπτιοι,
2804 443 3074 514 ἐροῦσιν,
3103 441 3194 496 ὅτι
3219 444 3389 512 Γυνὴ
3414 445 3602 500 αὐτόῦ
3618 445 3778 513 αὕτη
3797 461 3811 475 ο
3836 455 3930 498 καί

2253 530 2661 587 ἀποκτενοῦσί
2697 546 2795 598 με,
2832 527 2909 582 σὲ
2937 527 3006 582 δὸ
3042 527 3559 595 περιποιήσονται.
3613 528 3767 581 εἰπὲ
3796 525 3930 596 οὖν,

2253 613 2344 668 ὅτι
2384 613 2632 682 Ἁδελρὴ
2659 610 2847 666 αὐτοῦ
2868 612 3006 680 ειμι,
3035 609 3195 675 ὅπως
3217 605 3286 664 εὖ
3306 627 3408 678 μοι
3439 609 3685 679 γένηται
3713 610 3814 665 διὰ
3833 613 3929 674 σὲ,

2253 698 2349 754 καί
2385 697 2624 764 ζήσεται
2658 698 2696 764 ἡ
2735 694 2908 764 ψυχή
2948 713 3068 764 μου
3106 693 3318 748 ἕνεκεν
3341 693 3482 746 σοῦ.
3533 690 3691 757 Εἶδες
3719 696 3786 746 ἐκ
3822 696 3930 750 τῶν

2255 783 2518 853 ῥημάτων
2550 780 2629 842 εἰς
2654 780 2778 832 ὅσον
2810 776 2997 844 ἀγῶνα
3013 777 3108 829 καὶ
3129 775 3325 829 δειλίαν
3356 778 3386 828 6
3417 775 3626 840 δίκαιος
3658 778 3925 848 κατέστη·

2253 866 2349 918 καὶ
2377 861 2614 934 οὐδαμοῦ
2649 861 2741 914 τὸν
2769 859 3026 930 λογισμὸν
3059 861 3384 929 ἐταράττετο
3402 900 3418 925 ,
3463 861 3584 914 οὐδὲ
3611 860 3922 932 ἐθορυϐεῖτο

2251 949 2350 1017 τὴν
2397 945 2644 1014 γνώμην,
2699 943 2818 996 οὐδὲ
2876 942 3072 995 ἐνενόει
3125 943 3219 994 καὶ
3268 943 3458 1012 ἔλεγε⁹
3494 944 3560 996 Τί
3589 943 3789 1011 τοῦτος
3825 942 3923 1014 ἄρα

2251 1029 2790 1099 ἐγκατελείφθημεν;
2826 1023 2938 1098 ἆρα
2979 1026 3369 1098 ἡπατήθημενς
3409 1023 3519 1098 ἆρα
3577 1028 3654 1099 μὴ
3689 1031 3923 1099 ἐρήμους

2251 1116 2284 1184 ὴ
2293 1114 2400 1183 μᾶς
2430 1111 2689 1164 κατέλιπε
2711 1111 2810 1179 τῆς
2829 1108 2993 1162 αὐτοῦ
3016 1109 3271 1180 προνοίας
3298 1110 3326 1162 6
3353 1110 3666 1181 Δεσπότης;
3691 1111 3720 1163 6
3740 1112 3922 1176 εἰπὼν,

2255 1191 2588 1264 Μεγαλυνῶ
2621 1209 2715 1257 σε,
2747 1193 2844 1246 καὶ
2877 1191 2959 1258 τῷ
2991 1192 3288 1261 σπέρματί
3321 1205 3439 1246 σου
3468 1191 3645 1247 δώσω
3676 1195 3796 1262 τὴν
3818 1194 3925 1265 γῆν

2255 1281 2500 1345 ταύτην,
2535 1275 2710 1340 οὕτως
2753 1278 2900 1346 ἡμᾶς
2927 1277 3116 1346 ἀφίησι
3145 1276 3240 1330 νῦν
3269 1277 3396 1348 περὶ
3423 1277 3532 1330 τῶν
3556 1277 3808 1348 ἐσχάτων
3832 1282 3924 1333 αὐο

2248 1363 2361 1414 τῶν
2410 1362 2729 1426 δεδοικέναι,
2780 1362 2875 1414 καὶ
2925 1363 3002 1424 εἰς
3046 1361 3298 1431 προφανῆ
3333 1360 3576 1414 κίνδυνον
3623 1363 3923 1432 ἐμπεσεῖν;

2249 1445 2416 1497 Οὐδὲν
2434 1444 2637 1499 τούτων
2655 1445 2776 1499 οὐδέ
2799 1447 2858 1498 ἐν
2885 1444 3092 1515 διανοίᾳ
3115 1443 3299 1497 λαϐεῖν
3313 1446 3342 1497 6
3355 1443 3561 1508 δίκαιος
3580 1446 3923 1511 κατεδέξατο,

2249 1527 2362 1580 ἀλλ’
2393 1527 2511 1591 ἐνὸς
2545 1527 2640 1582 νῦν
2669 1528 2878 1597 ἐγίνετο
2911 1527 3105 1597 μόνου,
3148 1528 3297 1591 ὅπως
3328 1527 3528 1600 δυνηθῇ
3562 1531 3926 1602 ωφισάμενὸς

2249 1631 2368 1666 τινα
2409 1613 2680 1685 μηχανὴν,
2729 1613 2824 1666 καὶ
2870 1611 2962 1665 τοῦ
3006 1611 3166 1683 λιμοῦ
3198 1613 3554 1684 παραμυθίαν
3584 1615 3796 1686 εὑρεῖν,
3837 1619 3926 1670 καὶ

2247 1696 2354 1750 τῶν
2375 1698 2689 1766 Αἰγυπτίων
2722 1696 2818 1760 τὰς
2850 1697 3035 1767 χεῖρας
3063 1695 3362 1764 διαφυγεῖν.
3392 1696 3702 1763 Γινώσκω,
3739 1701 3923 1768 φησὶν,

2249 1779 2339 1834 ὅτι
2375 1779 2531 1850 γυνὴ
2555 1780 2950 1848 εὐπρόσωπος
2981 1774 3052 1832 εἴ.
3086 1779 3226 1850 Ὅρα
3258 1779 3396 1847 πόση
3432 1779 3533 1850 τῆς
3561 1783 3831 1848 γυναικὸς
3862 1778 3926 1853 ἦν

2249 1869 2282 1938 ἡ
2307 1867 2599 1939 εὐμορφία,
2628 1867 2710 1921 ὅτι
2733 1867 2829 1920 καὶ⁵
2860 1869 2940 1930 εἰς
2972 1867 3147 1937 γῆρας
3173 1867 3352 1920 αὐτῶν
3381 1868 3690 1922 ἐλασάντων
3716 1868 3924 1931 λοιπὸν,

2250 1953 2342 2007 καὶ
2371 1955 2507 2023 μετά
2535 1954 2806 2007 τοσούτων
2835 1953 2971 2006 ἐτῶν
2999 1953 3233 2026 ἀριθμὸν
3251 1954 3331 2007 ἔτι
3351 1954 3542 2025 ἔμενεν
3571 1955 3923 2025 ἀκμάζουσα,

2247 2037 2340 2092 τοῦ
2364 2037 2590 2099 κάλλους
2611 2038 2710 2108 τὴν
2738 2035 2884 2109 ὥραν
2912 2036 3004 2090 ἐπὶ
3033 2037 3133 2108 τῆς
3161 2036 3335 2106 ὅψεως
3353 2039 3610 2109 φέρουσα,
3635 2040 3730 2091 καὶ
3754 2039 3923 2092 ταῦτα

2249 2122 2387 2193 μετά
2415 2122 2512 2191 τὴν
2545 2119 2812 2190 τοσαύτην
2841 2119 3213 2192 ταλαιπωρίαν
3243 2123 3334 2174 καὶ
3363 2121 3682 2192 κακουχίαν,
3700 2124 3769 2193 ἦν
3786 2125 3921 2175 κατά

2246 2205 2344 2269 τὰς
2365 2205 2514 2268 ὁδοὺς
2539 2205 2806 2274 ὑπέμενεν
2822 2203 2929 2257 ἀπὸ
2951 2204 3133 2256 τόπων
3145 2204 3223 2268 εἰς
3239 2204 3436 2268 τόπους
3454 2206 3917 2277 μετανισταμένη,

2247 2289 2340 2342 καὶ
2363 2287 2472 2340 ἀπὸ
2501 2286 2600 2356 μὲν
2631 2286 2731 2356 τῆς
2758 2285 3042 2338 Χαλδαίων
3079 2283 3261 2356 χώρας
3287 2287 3369 2349 είς
3400 2285 3499 2357 τὴν
3524 2287 3752 2358 ς(αρρἀ
3790 2305 3917 2358 μετ-

2246 2371 2601 2440 ανισταμένη,
2659 2368 2912 2423 κάκεῖθεν
2958 2372 3036 2432 είς
3073 2370 3170 2440 τὴν
3203 2368 3442 2435 Χαναὰν,
3485 2371 3581 2424 καὶ
3627 2370 3795 2424 πάλιν
3836 2373 3920 2423 ἐν.

2245 2455 2436 2510 τεῦθεν
2457 2456 2574 2507 ἐκεῖ
2591 2456 2648 2506 ἐν
2677 2456 2742 2525 τῇ
2776 2453 3078 2524 Χαναναία,
3105 2452 3357 2507 κάκεῖθεν
3381 2447 3504 2519 ὧδε,
3529 2454 3622 2506 καὶ
3641 2453 3737 2508 νῦν
3759 2455 3922 2509 πάλιν

2247 2540 2326 2603 εἰς
2359 2537 2458 2609 τὴν
2487 2538 2780 2605 Αίγυπτον.
2805 2536 2937 2590 Τίνα
2963 2532 3056 2590 οῦν
3088 2537 3188 2590 οὐκ
3221 2536 3285 2590 ἂν
3311 2538 3407 2591 καὶ
3434 2537 3544 2590 τῶν
3566 2538 3921 2608 σφριγώντων

2247 2620 2459 2694 ἀνδρῶν
2501 2623 2557 2674 αἰ
2606 2619 2748 2672 οὔτω
2787 2622 3031 2690 συνεχεῖς
3084 2619 3385 2690 ἀποδημίαι
3440 2621 3919 2692 κατειργάσαντος

2260 2706 2398 2759 Ἀλλ’
2429 2707 2462 2776 η
2486 2704 2764 2774 θαυμασία
2806 2702 2967 2774 αῦτη,
3007 2704 3102 2757 καὶ
3129 2703 3268 2775 μετὰ
3294 2703 3392 2776 τὴν
3418 2704 3684 2776 τοσαύτην
3725 2706 3921 2760 ταλαι-

2248 2791 2464 2862 πωρίαν
2494 2789 2574 2843 ἐτι
2606 2789 2896 2860 λάμπουσα
2923 2787 3002 2858 τῷ
3033 2789 3132 2860 τῆς
3181 2789 3354 2858 ὅψεως
3397 2789 3602 2854 κάλλει,
3652 2789 3793 2844 πολύ
3829 2793 3922 2844 καὶ

2248 2874 2480 2946 σφοδρὸν
2511 2873 2575 2926 τὸ
2610 2873 2727 2936 δέος
2771 2871 3006 2925 ἐνεποίει
3049 2871 3128 2942 τῷ
3184 2872 3416 2943 δικαίῳ·
3465 2873 3546 2926 διὸ
3585 2873 3678 2926 καὶ
3727 2873 3910 2940 ἐλεγε-

2245 2959 2534 3014 Γινώσκω
2564 2958 2698 3028 ἐγὼ,
2734 2956 2824 3009 ὅτι
2847 2956 3003 3026 γυνὴ
3033 2958 3425 3026 εὐπρόσωπος
3447 2953 3520 3011 εἷ.
3539 2958 3754 3011 Ἔσται
3785 2954 3920 3020 οὖν,

2245 3045 2326 3112 ὡς
2376 3043 2454 3098 ἂν
2500 3042 2672 3097 ἴδωσί
2701 3058 2775 3096 σε
2807 3045 2861 3094 οἱ
2891 3042 3238 3111 Αἰγύπτιοι,
3287 3041 3554 3107 ἐροῦσιν,
3604 3041 3695 3095 ὅτι
3745 3045 3922 3110 Γιννὴ

2244 3127 2432 3182 αὑτοῦ
2465 3127 2616 3194 αὕτη
2639 3144 2651 3155 ·
2694 3125 2792 3180 καί
2833 3124 3242 3179 ἀποκτενοῦσί
3263 3141 3340 3193 με
3361 3165 3374 3187 ,
3411 3126 3485 3178 σὲ
3509 3124 3577 3178 δὲ
3609 3127 3922 3194 περιπαρῇ-

2246 3228 2482 3267 σονται.
2529 3211 2728 3264 Σκόπει
2769 3209 2887 3273 πῶς
2916 3208 3140 3282 ἐθάρρει
3182 3208 3260 3280 τῷ
3298 3211 3484 3280 τρόπῳ
3508 3210 3607 3280 τῆς
3635 3212 3920 3278 γυναικὸς,

2247 3297 2342 3352 καὶ
2367 3297 2467 3350 οὐκ
2489 3295 2658 3350 ἔδεισε
2683 3296 2760 3365 μή
2790 3311 2919 3348 ποτε
2951 3296 3063 3357 τοῖς
3093 3292 3336 3356 ἐπαίνοις
3361 3293 3635 3364 χαυνωθῇ,
3660 3292 3798 3346 άλλά
3830 3298 3926 3347 καί

2243 3381 2500 3452 τοιαύτην
2526 3380 2734 3448 εἰσάγει
2761 3379 2858 3448 τὴν
2894 3375 3205 3447 συμϐουλὴν
3233 3377 3426 3443 λέγων’
3460 3378 3577 3430 Ἵνα
3600 3377 3673 3448 μὴ
3698 3377 3804 3448 ἐμὲ
3824 3380 3923 3448 μὲν

2246 3465 2644 3525 ἀποκτείνωσι,
2699 3461 2758 3514 σέ
2809 3461 2865 3514 δὲ
2913 3460 3419 3531 περιποιήσωνται,
3469 3460 3613 3512 Εἰπὲ
3649 3456 3804 3522 οὖν,
3837 3461 3922 3513 ὅτι

2248 3545 2504 3616 Ἀδελφὴ
2538 3545 2726 3599 αὑτοῦ
2758 3546 2896 3613 εἰμι,
2932 3543 3093 3609 ὅπως
3135 3542 3210 3595 ἂν
3256 3537 3326 3596 εὖ
3375 3560 3477 3612 μοι
3523 3541 3786 3612 γένηται,
3827 3544 3922 3597 1w!

2251 3630 2489 3697 ζῆσεται
2520 3631 2559 3698 ἡ
2581 3627 2751 3697 ψυχή
2773 3644 2892 3696 μου
2915 3626 3124 3680 ἕνεκεν
3154 3626 3290 3680 σοῦ.
3338 3625 3552 3695 Ἐπειδὴ
3580 3626 3641 3678 οὐ
3676 3625 3734 3678 τδ
3763 3627 3919 3696 τυχὶν

2245 3710 2314 3786 ἦν
2347 3715 2485 3783 ὅπερ
2511 3712 2792 3774 ἐπέταττε,
2822 3709 2911 3764 διά
2931 3708 3087 3762 τοῦτο
3107 3709 3194 3764 διὰ
3221 3709 3330 3762 τῶν
3359 3707 3710 3778 ἐπαγομένων
3737 3709 3924 3778 ῥημάο

2247 3815 2355 3852 των
2391 3795 2794 3866 ἐφελκύσασθαι
2820 3793 2990 3865 αὐτὴν
3017 3793 3316 3866 ἠϐουλήθη,
3346 3793 3487 3847 ὥστε
3516 3793 3610 3848 καὶ
3637 3795 3716 3857 είς
3740 3789 3926 3847 οἶκτον

2248 3881 2416 3950 αὐτὴν
2439 3877 2770 3948 ἐπικάμψαι,
2802 3878 2896 3930 καὶ
2917 3879 3098 3930 πεῖσαι
3129 3876 3265 3949 μετὰ
3295 3877 3598 3950 προθυμίας
3627 3879 3929 3948 ὑποκρίνα-

2250 3962 2374 4016 σθαι
2401 3962 2462 4015 τδ
2491 3962 2694 4033 δρᾶμα.
2723 3962 2938 4014 Ἔσται
2961 3957 3096 4025 οὖν,
3129 3962 3313 4030 φησὶν,
3345 3962 3426 4026 ὡς
3457 3961 3534 4015 ἂν
3567 3960 3740 4014 ιδωσί
3769 3978 3850 4016 σε
3874 3966 3927 4016 οί

2241 4048 2569 4117 Αίγύπτιοι,
2629 4045 2896 4115 ἐροῦσιν,
2949 4045 3038 4100 ὅτι
3098 4045 3267 4112 Γυνὴ
3317 4045 3505 4100 αὑτοῦ
3559 4046 3710 4114 αῦτη
3740 4065 3754 4077 ·
3827 4050 3926 4103 καί

2249 4131 2661 4186 ἀποκτενοῦσί
2701 4148 2800 4200 με,
2831 4130 2907 4184 σὲ
2948 4130 3016 4183 δὲ
3049 4129 3558 4198 περιποιήσω-ται.
3609 4132 3723 4185 Οὐκ
3766 4127 3926 4197 εἷπε,

2249 4214 2317 4266 Σὲ
2361 4213 2782 4285 καθυϐρίσουσιο
2814 4213 2950 4277 τέως
3001 4213 3063 4267 οὐ
3101 4212 3349 4285 βούλεται
3379 4215 3548 4286 αὐτὴν
3579 4215 3930 4287 καταπλῆξαι

2246 4297 2333 4350 διὰ
2363 4296 2469 4350 τῶν
2491 4297 2774 4367 ῥημάτων,
2801 4296 2974 4360 ἄλλως
3002 4314 3061 4350 τε
3091 4298 3182 4351 καὶ
3208 4297 3442 4351 δέδοικεν
3461 4299 3601 4370 ὑπὲρ
3625 4300 3725 4370 τῆς
3751 4301 3930 4369 ἐπαγ-

2247 4381 2433 4449 γελίας
2466 4381 2560 4432 τοῦ
2590 4379 2746 4433 Θεοῦ.
2782 4379 2882 4433 Διά
2903 4380 3062 4433 τοῦτό
3089 4398 3241 4452 φησι,
3281 4381 3358 4436 Σὲ
3391 4380 3461 4434 δὲ
3491 4384 3926 4452 περιποιήσαν-

2246 4482 2360 4519 ται.
2388 4462 2536 4518 Εἰπὲ
2568 4459 2703 4529 οὖν,
2736 4464 2825 4517 ὅτι
2862 4463 3111 4533 Ἀδελφὴ
3145 4465 3330 4520 αὑτοῦ
3353 4467 3488 4534 ειμι.
3526 4466 3722 4520 Ἐννόει
3747 4484 3845 4536 μοι
3873 4471 3927 4521 ἐν

2245 4549 2336 4620 οἵᾳ
2383 4548 2712 4602 καταστάσει
2760 4548 3051 4622 τυγχάνειν
3099 4548 3245 4612 εἰκὸς
3303 4544 3370 4619 ἦν
3425 4549 3519 4602 τοῦ
3564 4549 3776 4603 δικαίου
3829 4555 3926 4622 τὴν

2245 4632 2508 4695 διάνοιαν,
2557 4630 2708 4704 [⁵525]
2750 4632 2916 4703 ἡνίκα
2958 4632 3132 4686 ταῦτα
3179 4633 3530 4688 συνεϐούλευε
3562 4639 3626 4706 τῇ
3672 4639 3921 4702 γυνα.κί.

2249 4717 2394 4768 Ἰστε
2425 4715 2558 4786 γάρ,
2592 4715 2704 4768 ἴστε
2740 4715 2856 4778 πῶς
2886 4716 3038 4770 οὐδὲν
3091 4716 3281 4772 τούτου
3312 4717 3610 4790 βαρύτερόν
3656 4721 3777 4772 ἐστι
3808 4724 3925 4785 τοῖς

2243 4798 2525 4868 ἀνδράσιν,
2551 4801 2631 4862 εἰς
2656 4797 2715 4851 τὸ
2749 4799 2851 4852 κᾶν
2885 4801 2964 4864 εἰς
3001 4801 3234 4870 ὑποψίαν
3258 4804 3516 4873 τοιαύτην
3547 4804 3645 4874 τὴν
3673 4806 3922 4876 γαμετὴν

2243 4881 2439 4936 ἐλθεῖν.
2484 4881 2544 4936 Ὀ
2569 4883 2754 4953 μέντοι
2779 4883 2986 4948 δίκαιος
3008 4886 3101 4938 καὶ
3131 4885 3427 4950 σπουδάζει
3446 4888 3540 4941 καί
3557 4887 3735 4941 πάντα
3751 4892 3920 4952 ποιεῖ,

2243 4964 2384 5018 ὥστε
2419 4967 2500 5029 εἰς
2526 4965 2687 5036 έργον
2722 4965 2819 5037 τὴν
2853 4967 3099 5037 μοιχείαν
3120 4966 3372 5038 ἐκϐῆναι.
3415 4968 3574 5023 Ἀλλά
3605 4971 3682 5042 μὴ
3707 4971 3917 5034 ἁπλῶς,

2240 5048 2514 5118 ἀγαπητὲ,
2547 5047 2897 5121 καταψηφίσῃ
2928 5049 3023 5103 τοῦ
3049 5050 3279 5116 δικαίου,
3326 5051 3462 5105 ἀλλά
3495 5053 3591 5106 καὶ
3618 5056 3686 5107 ἐκ
3718 5054 3912 5108 τούτου

2245 5132 2481 5201 μάλιστα
2515 5131 2796 5201 κατάμαθε
2846 5132 3008 5185 αὐτοῦ
3038 5135 3134 5187 καὶ
3179 5133 3275 5205 τὴν
3316 5135 3530 5190 σύνεσιν
3559 5137 3656 5208 τὴν
3711 5138 3918 5209 πολλὴν

2241 5218 2335 5271 καὶ
2364 5216 2463 5288 τὴν
2492 5215 2746 5285 ἀνδρείαν
2767 5231 2780 5245 ·
2810 5216 2912 5286 τὴν
2951 5215 3200 5287 ἀνδρείαν
3233 5218 3354 5288 μὲν,
3380 5220 3461 5272 δτι
3486 5218 3625 5273 οῦτω
3649 5222 3920 5289 γενναίως

2241 5303 2454 5371 ἀντεῖχε
2485 5299 2578 5353 καὶ
2609 5298 2955 5370 περιεγένετο
2983 5299 3081 5370 τῆς
3102 5299 3211 5352 τῶν
3233 5301 3508 5373 λογισμῶν
3531 5305 3803 5376 ταραχῆς⁹
3845 5307 3923 5370 ὡς

2241 5386 2336 5440 καὶ
2384 5383 2609 5437 τοιαῦτα
2642 5381 3064 5452 συμϐουλεῦσαι.
3098 5382 3220 5436 Ὅτι
3262 5385 3370 5456 γάρ
3393 5385 3541 5438 οὐδέν
3579 5387 3694 5440 ἐστι
3722 5389 3922 5442 τούτου

2239 5467 2659 5541 ἀφορητότερον,
2687 5465 2852 5519 άκουε
2876 5463 2971 5518 τοῦ
2999 5465 3341 5536 Σολομῶντος
3369 5467 3616 5536 λέγοντος
3633 5485 3648 5500 ο
3676 5473 3923 5539 M8016;-

2237 5553 2349 5623 γὰρ
2370 5551 2552 5618 ζήλου
2569 5547 2757 5617 θυμὸς
2773 5547 2994 5617 ἀνδρὸς
3007 5547 3197 5618 αὐτῆς
3214 5566 3228 5580 ο
3250 5553 3324 5604 οὐ
3345 5552 3617 5621 φείσεται
3637 5550 3710 5606 ἐν
3726 5552 3921 5620 ἡμέρᾳ

2237 5639 2516 5706 κρίσεως,
2558 5633 2701 5689 οὐδὲ
2750 5633 3190 5697 ἀνταλλάξεται
3246 5635 3494 5690 πολλῶν
3537 5635 3743 5705 δώρων
3802 5639 3924 5705 τὴν

2237 5721 2460 5790 ἔχθραν
2485 5736 2498 5748 ·
2527 5717 2622 5773 καὶ
2647 5717 2828 5773 πάλιν
2862 5717 3128 5785 Σκληρός
3150 5718 3231 5783 ὠς
3263 5717 3412 5787 ᾅδης
3430 5717 3626 5788 ζῆλος.

2314 5810 2374 5856 ε’.
2403 5801 2647 5872 Ὀρῶμεν
2662 5801 2718 5854 δέ
2738 5800 2987 5865 πολλοὺς,
2999 5801 3079 5853 ὅτι
3095 5801 3175 5864 εἰς
3193 5802 3460 5872 τοσαύτην
3479 5804 3674 5872 μανίαν
3691 5805 3921 5874 ἑξηκον-

2239 5885 2520 5953 τίσθησαν,
2541 5883 2616 5947 ὡς
2647 5882 2780 5953 μηδέ
2801 5881 2980 5935 αὐτῶν
2997 5879 3284 5950 φείσασθαι
3313 5882 3422 5935 τῶν
3451 5885 3745 5953 γυναικῶν,
3775 5886 3919 5943 ἀλλὰ

2241 5968 2333 6021 καὶ
2362 5966 2524 6019 αὐτὸν
2559 5966 2650 6020 τὸν
2683 5964 2866 6037 μοιχὸν
2888 5963 3147 6028 πολλάκις
3177 5967 3626 6036 συγκατέσφαξαν
3654 5970 3747 6022 καὶ
3779 5971 3916 6024 ἐαυ-
