4060 6438
295 379 398 432 297

292 488 474 555 cltum,
502 485 640 540 sicut
660 484 856 539 milites
880 482 970 550 qui
1016 480 1170 536 facile
1218 495 1360 535 nunc
1399 482 1504 536 huc
1525 520 1542 548 ,
1569 493 1710 534 nunc
1753 479 1880 534 illuc

290 587 468 632 castra
501 586 716 631 movent
745 594 759 630 :
793 576 862 629 ita
891 585 944 628 et
965 573 1142 644 justus
1164 572 1275 638 ille,
1305 572 1548 642 quamvis
1575 585 1755 626 secum
1781 570 1882 626 du-

290 678 440 722 ceret
467 681 712 730 uxorem,
740 674 795 721 et
823 664 1000 718 fratris
1025 663 1216 727 filium,
1243 671 1299 716 et
1327 671 1530 716 tantum
1557 661 1878 715 domestico-

294 776 414 812 rum
439 773 718 812 numerum
748 773 764 822 ;
792 755 979 826 majori
1007 765 1182 809 tamen
1212 754 1463 809 facilitate
1487 755 1714 823 migrare
1741 754 1883 806 sole-

294 852 404 902 bat.
436 847 622 903 Vidisti
652 849 906 916 frugalem
925 857 982 900 et
1000 845 1302 916 expeditam
1326 846 1471 899 senis
1495 861 1616 898 cum
1642 859 1806 898 uxore
1826 853 1880 898 et

293 953 372 994 tot
401 943 570 995 servis
598 939 799 994 vitam?
822 939 944 993 Mihi
974 953 1103 992 vero
1128 937 1421 992 mirabilior
1460 937 1669 990 videtur
1693 937 1880 990 mulie-

293 1035 368 1087 ris
395 1031 667 1086 fortitudo.
698 1034 831 1086 Cum
866 1031 1006 1085 enim
1035 1031 1212 1100 cogito
1240 1030 1513 1085 muliebris
1544 1043 1703 1084 sexus
1728 1028 1876 1084 inﬁr-

287 1133 556 1188 mitatem,
583 1132 637 1176 et
666 1121 1032 1176 animadverto
1054 1119 1322 1189 quomodo
1343 1127 1449 1174 tam
1473 1117 1624 1172 facile
1647 1127 1702 1172 et
1735 1127 1878 1172 tanta

291 1216 571 1270 alacritate
597 1229 719 1268 cum
737 1213 882 1282 justo
907 1227 1128 1282 peregre
1155 1210 1317 1275 vadit,
1334 1220 1389 1267 et
1415 1210 1640 1264 subinde
1663 1209 1876 1279 migrat,

292 1323 467 1377 neque
497 1309 610 1377 ipsa
650 1307 875 1360 moleste
903 1305 1039 1372 fert,
1069 1319 1244 1372 neque
1266 1303 1414 1372 justo
1443 1302 1877 1372 impedimentum

290 1397 462 1462 affert,
489 1398 829 1466 obstupeseo,
859 1403 913 1449 et
936 1409 1133 1450 censeo
1159 1409 1263 1448 non
1286 1395 1477 1448 minori
1501 1409 1658 1463 quam
1682 1393 1878 1446 Abram

290 1491 474 1544 animo
507 1496 562 1543 et
596 1487 908 1544 fortitudine
937 1487 1104 1556 ipsam
1149 1500 1362 1556 quoque
1386 1485 1661 1554 praeditam
1692 1481 1875 1538 fuisse.

295 1582 358 1634 Et
389 1578 490 1633 hoc
531 1579 769 1633 maxime
797 1578 1028 1632 sciemus
1049 1617 1066 1643 ,
1096 1590 1217 1630 cum
1247 1591 1311 1630 ea
1339 1590 1457 1646 quae
1494 1583 1881 1644 consequenter

292 1673 430 1725 lecta
476 1677 601 1725 sunt
629 1668 1150 1738 pertractaverimus.
1187 1665 1373 1720 Vidisti
1411 1675 1688 1735 postquam
1725 1664 1878 1719 audi-

290 1766 390 1830 vit,
419 1763 613 1818 Semim‘
647 1772 733 1816 tuo
758 1761 889 1815 dabo
910 1770 1098 1814 terram
1125 1760 1276 1825 hanc,
1299 1758 1568 1828 quomodo
1593 1772 1697 1811 non
1727 1758 1879 1828 quie-

293 1859 431 1912 verit
451 1857 624 1927 justus
666 1855 775 1919 ille,
804 1863 860 1909 et
889 1868 1029 1908 nunc
1058 1854 1160 1907 huc
1182 1891 1198 1918 ,
1231 1867 1374 1907 nunc
1403 1852 1527 1906 illuc
1567 1851 1831 1904 transierit
1856 1849 1880 1901 ‘t

291 1952 399 2007 Sed
431 1951 550 2006 vide
582 1947 851 2020 quomodo
879 1950 1068 2002 iterum
1095 1961 1125 2001 a
1167 1945 1452 2001 solitudine
1477 1945 1738 2015 exigitur,
1772 1960 1876 1998 non

293 2045 363 2099 ab
391 2042 711 2104 hominibus,
741 2040 834 2094 sed
858 2041 1172 2094 necessitate
1192 2038 1380 2091 famis:
1410 2036 1498 2091 10.
1525 2034 1590 2088 Et
1619 2037 1755 2106 facta
1782 2045 1874 2098 est,

293 2135 486 2205 inquit,
514 2137 674 2204 fames
700 2147 851 2201 super
875 2141 1081 2184 terram.
1113 2128 1348 2183 Audiant
1371 2128 1459 2197 qui
1487 2136 1689 2180 temere
1717 2135 1770 2180 et
1796 2127 1875 2179 iu-

293 2235 452 2280 caute
483 2225 785 2294 loquuntur,
818 2230 874 2277 et
901 2222 1160 2285 divinant,
1180 2220 1418 2274 dicentes
1450 2234 1464 2270 :
1495 2217 1754 2284 Quoniam
1794 2215 1880 2269 ille

296 2318 420 2370 talis
448 2315 706 2380 advenit,
744 2313 911 2368 fames
948 2313 1208 2373 invaluit;
1239 2309 1492 2379 quoniam
1541 2307 1630 2362 ille
1671 2306 1838 2361 adfuit
1861 2347 1878 2369 ,

296 2413 414 2464 haec
445 2409 799 2476 contigerunt.
832 2407 969 2460 Ecce
997 2403 1234 2460 etiamin
1271 2403 1502 2457 adventu
1525 2400 1656 2472 justi
1687 2399 1878 2465 fames,

292 2513 349 2554 et
375 2500 542 2555 fames
565 2499 755 2561 valida,
780 2508 834 2552 et
858 2512 962 2550 non
995 2496 1238 2550 turbatur
1255 2495 1450 2564 justus,
1480 2507 1654 2561 neque
1680 2489 1877 2561 aliquid

295 2592 586 2646 humanum
623 2590 854 2659 patitur,
884 2602 1056 2658 neque
1089 2602 1186 2642 suo
1216 2585 1465 2642 adventui
1511 2583 1694 2639 tribuit
1726 2581 1882 2637 famis

295 2699 534 2738 causam.
559 2682 664 2738 Sed
691 2682 814 2752 quia
842 2680 974 2735 vidit
999 2688 1243 2734 naturam
1273 2677 1532 2732 coarctari
1555 2718 1572 2743 ,
1599 2684 1654 2732 et
1680 2675 1880 2729 invale-

298 2790 451 2829 sccre
474 2773 665 2827 famem
696 2788 711 2825 :
744 2771 1030 2837 Descendit,
1055 2770 1244 2840 inquit,
1271 2770 1324 2823 in
1353 2767 1641 2838 .Egyptum
1669 2766 1875 2830 Abram,

295 2879 352 2923 ut
376 2868 620 2920 habitaret
644 2865 768 2931 illic,
795 2865 914 2935 quia
938 2862 1150 2917 invaluit
1175 2865 1336 2933 fames
1361 2875 1514 2927 super
1531 2868 1736 2911 terram.

366 2963 421 3016 4.
465 2957 693 3014 Attende
737 2955 1006 3027 quomodo
1049 2953 1288 3024 longiora
1330 2952 1463 3006 fiunt
1506 2949 1652 3020 justo
1685 2947 1874 3003 stadia.

297 3051 433 3105 Illud
462 3050 604 3105 enim
631 3047 942 3118 providebat
969 3044 1244 3110 Dominus,
1270 3050 1326 3098 ut
1364 3057 1470 3096 non
1503 3041 1675 3096 solum
1714 3039 1883 3093 Palat-

293 3144 492 3198 stinain
534 3137 887 3194 incolentibus
915 3143 1060 3191 esset
1100 3133 1306 3196 doctor,
1349 3132 1444 3186 sed
1488 3140 1543 3186 et
1583 3131 1647 3185 iis
1688 3129 1778 3200 qui
1826 3129 1879 3183 in

296 3233 533 3302 Egypto
555 3238 709 3286 erant
726 3269 744 3295 ,
772 3237 824 3282 et
855 3227 1063 3281 virtutis
1091 3229 1208 3294 ejus
1236 3222 1490 3294 Splendor
1515 3221 1762 3276 omnibus
1789 3235 1882 3286 pa-

298 3335 456 3382 teret.
486 3323 646 3392 Quasi
685 3323 826 3378 enim
856 3321 1116 3375 luminare
1159 3316 1425 3388 quoddam
1452 3315 1624 3370 latens
1665 3323 1719 3369 et
1756 3314 1880 3368 abs-

295 3418 570 3474 conditum
615 3415 668 3468 in
708 3412 1079 3467 Chaldaeorum
1110 3417 1286 3475 terra,
1317 3407 1464 3461 illinc
1503 3404 1777 3468 evocavit,
1822 3412 1878 3456 ut

293 3526 392 3567 eos
428 3510 517 3581 qui
569 3509 619 3562 in
659 3505 892 3562 tenebris
925 3518 1164 3559 errorum
1208 3499 1500 3565 sedebant,
1531 3498 1597 3552 ad
1640 3496 1882 3552 veritatis

296 3607 437 3658 viam
465 3600 842 3656 introduceret.
871 3596 978 3652 Sed
1008 3594 1146 3649 forte
1182 3593 1324 3648 dicet
1350 3591 1543 3662 aliquis
1571 3608 1586 3646 :
1616 3590 1683 3644 Et
1717 3602 1882 3659 quare

298 3711 407 3748 non
437 3692 611 3762 potius
649 3697 706 3742 ut
741 3689 798 3754 ii,
823 3687 911 3758 qui
939 3687 993 3740 in
1017 3683 1262 3740 Chaldzea
1294 3690 1469 3747 erant,
1497 3679 1564 3734 ad
1594 3694 1772 3734 veram
1794 3693 1881 3732 re-

301 3788 550 3855 ligionem
579 3784 839 3847 venirent,
869 3796 963 3848 per
990 3779 1162 3848 ipsum
1193 3773 1406 3831 effecit?
1439 3771 1734 3828 Verisimile
1762 3770 1882 3839 qui-

296 3881 424 3934 dem
466 3887 578 3941 est,
608 3876 818 3930 illormn
858 3872 1080 3926 salutem
1115 3884 1208 3940 per
1233 3867 1459 3921 aliorum
1499 3863 1884 3934 providentiam

299 3981 640 4045 procuratam
665 3969 859 4022 fuisse:
889 3974 1121 4019 attamen
1143 3959 1266 4014 audi
1290 3959 1561 4014 Christum
1582 3957 1846 4011 dicentem
1868 3970 1882 4007 :

305 4067 428 4120 Non
458 4073 527 4118 est
553 4062 795 4135 prapheta
811 4060 918 4111 sine
937 4059 1144 4120 honore,
1164 4053 1258 4106 nisi
1277 4054 1331 4104 in
1359 4050 1524 4121 patria
1548 4065 1640 4103 sua
1666 4047 1880 4118 (Matth.

303 4159 393 4212 15.
422 4155 533 4224 57).
566 4153 634 4209 Ut
654 4152 812 4220 igitur
838 4164 999 4219 opere
1021 4145 1264 4214 impleret
1289 4140 1693 4211 promissionem
1724 4153 1881 4207 quam

305 4248 380 4302 illi
410 4245 628 4308 fecerat,
649 4241 864 4296 dicens:
893 4237 958 4291 Et
986 4233 1320 4304 magniﬁcabo
1345 4247 1524 4285 nomen
1551 4238 1688 4282 tuum
1720 4244 1738 4282 :
1768 4245 1888 4297 pro-

304 4349 486 4408 ptcrea
510 4344 566 4389 et
590 4333 782 4387 famem
808 4329 935 4384 oriri
963 4326 1239 4398 permittit,
1256 4332 1311 4378 et
1334 4331 1553 4393 cogente
1575 4319 1889 4374 necessitate

305 4432 359 4484 in
402 4427 690 4499 Egyptum
738 4438 859 4479 eum
899 4421 978 4475 ire
1005 4415 1309 4488 compellit,
1342 4423 1399 4469 ut
1424 4413 1686 4468 discerent
1721 4421 1774 4464 et
1806 4427 1889 4462 ιιι-

304 4521 439 4576 εοιειῖ
465 4527 660 4588 quanta
687 4513 786 4569 viri
811 4513 981 4567 virtus
1005 4518 1163 4565 esset.
1195 4506 1324 4562 Nam
1347 4505 1514 4559 fames
1535 4503 1684 4571 quasi
1714 4501 1884 4561 lictor,

302 4627 406 4666 ceu
431 4607 659 4664 vinculis
688 4603 916 4676 injectis,
948 4603 1018 4656 ita
1041 4601 1090 4654 vi
1118 4615 1148 4654 e
1167 4598 1382 4652 deserto
1403 4597 1452 4648 in
1477 4593 1768 4665 [Egyptqu
1795 4607 1889 4647 eos

305 4701 584 4757 abstraxit.
611 4695 717 4752 Sed
763 4693 1035 4748 videamus
1071 4704 1190 4760 qua:
1239 4687 1364 4741 hinc
1410 4693 1719 4754 sequantur.
1748 4691 1797 4733 et
1835 4683 1887 4734 in

305 4804 535 4864 quantas
580 4787 920 4844 diflicultates
943 4784 1117 4852 justus
1143 4779 1387 4835 inciderit
1417 4791 1430 4827 :
1467 4785 1523 4830 ut
1549 4785 1602 4830 ct
1640 4775 1756 4841 ejus
1784 4774 1889 4827 for-

307 4869 931 4942 titudinem‘discamus,
961 4885 1014 4930 et
1061 4873 1242 4927 uxoris
1279 4871 1423 4924 illius
1461 4867 1734 4935 sapientiae
1775 4875 1888 4918 stu-

306 4980 516 5033 diosam
547 4981 802 5026 mentem.
833 4969 1117 5035 Postquam
1158 4963 1316 5030 igitur
1346 4959 1512 5014 multo
1541 4959 1731 5011 itinere
1762 4972 1887 5024 pro-

306 5072 604 5126 cesserant,
635 5071 688 5115 et
716 5058 952 5129 proxime
975 5054 1264 5126 Egyptum
1289 5059 1461 5110 erant,
1490 5048 1662 5118 justus
1686 5061 1885 5116 angore

309 5157 506 5212 mentis
531 5153 759 5207 afﬂictus
787 5158 892 5215 est,
915 5157 998 5212 et,
1031 5155 1087 5200 ut
1114 5146 1181 5198 ita
1224 5143 1419 5204 dicam,
1445 5140 1512 5194 de
1538 5139 1643 5192 vita
1682 5153 1775 5192 sua
1815 5137 1884 5190 ti-

310 5265 464 5305 mens
493 5255 548 5302 et
569 5255 804 5301 tremens
825 5241 1110 5308 alloquitur
1127 5251 1346 5289 uxorem
1373 5248 1544 5285 suam.
1566 5232 1652 5284 11.
1678 5227 1891 5282 Factum

309 5355 418 5408 est,
453 5342 660 5410 inquit,
683 5335 885 5406 quando
914 5333 1097 5386 Abram
1125 5324 1578 5394 appropinquabat,
1608 5332 1660 5373 ut
1691 5322 1898 5373 intraret

309 5439 365 5491 in
399 5433 704 5503 rEgyptum,
733 5427 861 5480 dixit
910 5423 1057 5478 Sura:
1094 5419 1242 5473 uxori
1270 5433 1376 5470 sua:
1403 5431 1422 5468 :
1448 5413 1568 5470 Scio
1617 5411 1751 5481 quod
1793 5411 1901 5503 [φτ.

310 5542 455 5579 mosa
476 5499 548 5575 wsis
570 5520 766 5572 mulier.
800 5517 888 5570 12.
915 5512 1163 5566 Futurum
1192 5509 1357 5574 itaque
1379 5515 1450 5558 est
1479 5513 1532 5556 ut
1554 5517 1664 5555 cum
1688 5510 1734 5553 te
1758 5499 1901 5552 vide-

1323 367 1387 422 ΙΝ
1425 367 1576 423 CAP.
1625 365 1739 422 XII.
1779 367 2021 424 CENFS.
2064 368 2290 425 HOMIL.
2334 371 2547 428 XXXII.

3459 381 3564 438 998

1987 489 2054 535 te.
2086 479 2272 538 Vidisti
2297 498 2363 538 ex
2393 484 2593 548 verbis,
2637 486 2688 538 in
2716 496 2913 555 quanto
2940 502 3138 558 angore
3169 497 3226 544 et
3267 501 3410 546 metu
3434 510 3567 551 con-

1985 573 2198 626 stitutus
2241 574 2396 628 fuerit
2433 573 2649 643 justus:
2680 592 2853 648 neque
2893 587 3069 636 tamen
3115 583 3425 639 turbabatur
3448 589 3566 642 ani-

1985 677 2076 716 mo
2099 702 2114 726 ,
2143 677 2316 732 neque
2339 666 2576 734 cogitans
2607 667 2741 721 intra
2769 682 2849 735 se,
2879 668 3086 724 dicebat
3115 689 3127 725 :
3155 673 3291 738 Quid
3319 673 3420 730 hoc
3441 686 3526 731 est
3545 679 3570 730 t

1989 769 2113 808 num
2149 755 2383 810 derelicti
2425 771 2608 812 sumus
2629 756 2652 810 ?
2673 774 2799 813 num
2823 761 3030 831 decepti
3068 767 3294 820 sumus?
3316 782 3441 821 num
3472 785 3569 822 nos

1993 843 2318 912 providentia
2345 861 2439 899 sua
2462 847 2699 902 destituit
2726 849 3014 905 Dominus?
3038 868 3162 907 num
3190 855 3278 910 ille
3301 859 3389 926 qui
3413 857 3566 913 dixit:

1987 930 2328 1002 Hagnificabo
2366 944 2441 999 te,
2475 945 2523 989 et
2545 939 2723 991 semini
2753 948 2839 992 tuo
2880 939 3012 994 dabo
3054 952 3238 997 terram
3275 947 3406 1000 hanc
3427 965 3445 1000 .'
3473 964 3570 1001 nos

1985 1021 2058 1076 ita
2080 1024 2330 1095 relinquit
2353 1041 2492 1081 nunc
2518 1035 2575 1081 ut
2600 1029 2666 1082 de
2685 1031 2939 1085 extremis
2963 1032 3267 1102 timeamus,
3297 1045 3352 1091 et
3379 1038 3431 1092 in
3457 1055 3573 1093 ma-

1985 1111 2233 1167 nifestum
2282 1113 2576 1173 incidamus
2620 1121 2951 1188 periculum?
2991 1123 3132 1179 Nihil
3172 1125 3359 1182 horum
3398 1132 3481 1184 vel
3517 1133 3569 1185 in

1985 1213 2220 1259 mentem
2259 1206 2642 1262 admittendum
2671 1213 2996 1268 existimavit
3029 1215 3203 1283 justus
3228 1259 3243 1280 ,
3273 1219 3368 1273 sed
3408 1236 3568 1275 unum

1985 1293 2088 1349 hoc
2127 1299 2378 1362 curabat,
2406 1301 2674 1370 quomodo
2715 1313 2830 1358 arte
2867 1306 3040 1374 aliqua
3068 1311 3362 1378 excogitata
3395 1324 3573 1381 posset

1983 1386 2138 1441 famis
2160 1389 2453 1444 remedium
2489 1406 2553 1446 ac
2577 1396 2993 1451 consolationem
3025 1399 3283 1467 invenire,
3315 1411 3370 1455 et
3396 1402 3568 1475 Egy-

1983 1476 2215 1546 ptiorum
2248 1495 2435 1535 manus
2462 1481 2714 1553 effugere.
2745 1485 2868 1540 Scio
2888 1528 2904 1552 ,
2939 1489 3106 1558 inquit
3125 1529 3141 1553 ,
3169 1493 3306 1561 quod
3349 1494 3571 1562 formosa

1984 1566 2164 1620 mulier
2190 1569 2280 1624 sis.
2308 1569 2441 1626 Vide
2463 1583 2660 1642 quanta
2689 1576 2927 1632 mulieris
2946 1587 3063 1632 erat
3087 1580 3420 1636 formositas:
3445 1601 3568 1640 nam

1983 1666 2182 1713 etcum
2209 1661 2261 1715 in
2289 1673 2558 1719 senectam
2580 1665 2689 1734 jam
2719 1678 2993 1739 vergeret,
3024 1679 3080 1726 et
3113 1683 3234 1741 post
3275 1682 3354 1728 tot
3397 1691 3569 1732 anno-

1984 1762 2101 1802 rum
2132 1766 2408 1806 numerum
2429 1795 2444 1819 ,
2470 1755 2646 1809 adhuc
2665 1757 2745 1810 vis
2768 1759 3175 1827 pulchritudinis
3196 1763 3246 1816 in
3275 1762 3410 1819 facie
3437 1768 3574 1822 emi-

1983 1839 2158 1907 cabat,
2185 1847 2344 1898 etiam
2372 1855 2491 1915 post
2520 1857 2598 1902 tot
2627 1849 2834 1904 labores
2862 1862 2915 1906 et
2937 1867 3225 1920 ammmas,
3244 1871 3378 1925 quas
3402 1858 3454 1912 in
3487 1860 3573 1914 via

1984 1930 2052 1984 de
2085 1932 2215 1987 locis
2250 1935 2304 1990 in
2334 1937 2447 1992 loca
2486 1942 2809 1996 transeundo
2837 1954 3058 2012 experta
3082 1955 3165 2000 est
3187 1989 3203 2013 ,
3233 1962 3263 2001 a
3291 1948 3575 2006 Chaldzro-

1987 2037 2106 2077 rum
2137 2040 2329 2096 nempe
2354 2030 2569 2099 regione
2595 2031 2647 2084 in
2672 2032 2931 2100 Cbarran,
2949 2045 3004 2089 et
3028 2051 3058 2089 a
3087 2035 3328 2092 Cbarran
3359 2039 3411 2093 in
3436 2039 3575 2095 Cba~

1987 2127 2144 2179 naan,
2172 2126 2226 2168 et
2255 2131 2440 2172 rursus
2460 2119 2512 2173 in
2536 2119 2833 2176 Chananzea
2863 2123 2968 2179 huc
2989 2133 3149 2195 atque
3175 2127 3322 2196 illuc,
3349 2138 3405 2184 et
3432 2146 3575 2186 nunc

1986 2200 2178 2258 iterum
2209 2205 2261 2259 in
2288 2205 2600 2279 Egyptum.
2631 2211 2798 2278 Quem
2825 2228 2931 2268 non
2965 2213 3180 2271 fortium
3210 2218 3446 2274 virorum
3478 2221 3575 2276 de-

1986 2293 2265 2364 fatigarent
2287 2306 2365 2352 tot
2383 2301 2648 2354 continua:
2674 2304 3128 2373 peregrinationes
3150 2307 3176 2360 7
3203 2306 3399 2363 Verum
3423 2325 3575 2380 egre-

1985 2383 2070 2452 gia
2111 2383 2224 2439 lucc
2263 2389 2454 2443 mulier
2492 2391 2652 2445 etiam
2694 2404 2816 2461 post
2856 2402 2934 2448 tot
2968 2397 3265 2454 exantlatas
3311 2415 3579 2457 aerumnas

1988 2474 2252 2531 luculenta
2291 2477 2462 2534 adhuc
2495 2491 2611 2535 erat
2639 2481 2791 2548 facie,
2818 2484 2959 2540 unde
2983 2495 3039 2540 et
3065 2488 3434 2545 vehementem
3464 2491 3576 2546 for—

1989 2566 2244 2621 midinem
2283 2568 2536 2650 afferebat
2567 2571 2715 2642 justo
2743 2590 2756 2626 :
2793 2574 2914 2630 ideo
2936 2585 2992 2631 et
3017 2576 3227 2633 dicebat
3256 2597 3270 2634 :
3299 2581 3423 2636 Scio
3442 2583 3578 2650 quod

1989 2657 2169 2710 mulier
2192 2661 2417 2727 formosa
2445 2662 2516 2715 sis
2544 2677 2564 2716 :
2589 2666 2820 2734 futurum
2843 2667 3012 2737 itaque
3035 2678 3109 2723 est
3131 2679 3185 2722 ut
3208 2687 3323 2725 cum
3350 2682 3399 2726 te
3439 2676 3578 2728 vide-

1985 2749 2088 2802 rint
2133 2747 2376 2821 .Egyptii
2391 2792 2408 2817 ,
2437 2753 2609 2806 dicant
2629 2769 2650 2807 :
2675 2753 2787 2809 Ista
2815 2767 2890 2811 est
2924 2773 3054 2812 uxor
3091 2761 3204 2829 ejus
3228 2776 3250 2825 ;
3277 2772 3324 2816 et
3348 2764 3575 2819 occident

1986 2855 2084 2904 me,
2117 2851 2164 2895 te
2189 2852 2356 2896 autem
2380 2846 2665 2900 servabunt.
2705 2846 3022 2916 Considera,
3051 2862 3309 2922 quantum
3341 2857 3577 2913 confide-

1989 2930 2078 2985 bat
2105 2933 2342 2989 moribus
2368 2936 2626 3002 mulieris,
2651 2953 2758 2993 non
2780 2950 3024 2996 metuens
3043 2957 3112 2998 ne
3133 2943 3380 3002 laudibus
3403 2950 3574 3004 emol-

1987 3022 2174 3078 liretur
2192 3065 2208 3088 ,
2234 3027 2360 3097 quin
2382 3038 2438 3083 et
2465 3029 2568 3084 tale
2593 3030 2795 3086 inducit
2819 3035 3124 3104 consilium,
3151 3037 3335 3094 dicens
3366 3057 3380 3094 :
3413 3041 3478 3098 Ut
3505 3058 3574 3099 ne

1987 3129 2074 3170 me
2101 3117 2316 3185 quidem
2345 3119 2622 3185 occidant,
2654 3129 2706 3177 te
2743 3133 2921 3178 autem
2969 3138 3188 3183 servent
3220 3147 3233 3182 :
3266 3129 3360 3184 Dic
3385 3132 3572 3203 igitur,

1987 3206 2150 3261 Soror
2177 3210 2286 3278 ejus
2308 3227 2422 3262 sum
2443 3252 2458 3276 ,
2485 3221 2540 3264 ut
2567 3214 2692 3266 milii
2717 3213 2840 3268 bene
2875 3216 2975 3283 sit,
2999 3225 3047 3271 et
3081 3218 3206 3273 uiuet
3246 3221 3416 3274 anima
3463 3240 3575 3278 mea

1987 3309 2193 3370 propter
2217 3311 2282 3355 te.
2299 3304 2560 3370 Quoniam
2591 3319 2697 3360 non
2724 3307 2938 3376 vulgare
2959 3319 3075 3363 erat
3092 3311 3233 3380 quod
3255 3311 3569 3382 imperabat,

1988 3403 2270 3462 prepterea
2317 3396 2492 3450 verbis
2528 3412 2646 3466 qua:
2685 3398 2952 3464 subdidit,
2981 3401 3198 3457 allicere
3236 3418 3353 3458 eam
3401 3415 3456 3459 et
3501 3406 3569 3460 ad

1988 3483 2404 3539 misericordiam
2449 3486 2688 3547 flectere.
2718 3490 3143 3560 persuadereque
3167 3493 3216 3547 ei
3244 3493 3486 3560 volebat,
3513 3506 3573 3550 ut

1987 3585 2231 3644 prompte
2275 3575 2327 3630 in
2360 3575 2458 3631 hac
2493 3576 2667 3632 fabula
2694 3590 2872 3647 partes
2913 3595 3042 3635 suas
3083 3591 3284 3652 ageret.
3318 3583 3571 3640 Futurum

1988 3673 2058 3718 est
2085 3665 2253 3732 itaque
2276 3677 2330 3720 ut
2355 3684 2468 3720 cum
2495 3678 2542 3722 te
2575 3669 2787 3722 viderint
2821 3669 3059 3742 Egyptii
3077 3712 3093 3736 ,
3121 3674 3293 3728 dicant
3322 3690 3342 3729 :
3370 3674 3477 3730 Ista
3502 3687 3575 3731 est

1987 3774 2120 3812 uxor
2148 3760 2300 3829 ejus;
2346 3769 2393 3814 et
2436 3761 2662 3815 occident
2702 3777 2814 3825 me,
2849 3771 2897 3817 te
2934 3773 3100 3817 autem
3140 3765 3426 3822 servabunt.
3457 3767 3573 3823 Non

1987 3850 2143 3918 dixit,
2185 3849 2530 3907 Contumeliis
2568 3860 2620 3907 te
2655 3852 2936 3910 afﬂeient:
2976 3869 3085 3910 non
3123 3857 3234 3911 vult
3266 3858 3409 3912 enim
3451 3874 3572 3914 eam

1988 3957 2133 3996 nunc
2159 3943 2336 3996 verbis
2366 3953 2600 4008 terrere,
2641 3944 2907 4014 praecipue
2929 3959 3059 4000 vero
3096 3946 3367 4002 metuebat
3409 3962 3571 4018 super

1991 4032 2085 4087 Dei
2135 4032 2506 4101 promissione.
2554 4033 2838 4101 Propterea
2887 4033 3057 4089 dicit:
3089 4033 3160 4088 Te
3191 4045 3360 4090 autem
3391 4053 3568 4092 serva-

1991 4125 2113 4178 bunt
2140 4142 2158 4178 :
2187 4125 2268 4177 du:
2300 4125 2472 4194 igitur,
2498 4123 2658 4178 Soror
2683 4126 2792 4196 ejus
2812 4141 2942 4179 sum.
2970 4123 3151 4196 Cogita
3175 4167 3192 4191 ,
3211 4142 3396 4197 quaeso
3417 4168 3435 4194 ,
3463 4145 3571 4198 quo

1991 4223 2153 4277 fuisse
2173 4231 2283 4275 tum
2311 4222 2362 4276 in
2401 4231 2542 4276 statu
2582 4221 2714 4289 justi
2742 4230 2974 4277 mentem
2999 4221 3288 4279 verisimile
3314 4224 3418 4291 sit,
3444 4238 3570 4281 eum
3650 4282 3654 4285 ,

1992 4315 2089 4368 ista
2116 4314 2266 4369 mori
2295 4314 2616 4369 consuleret.
2644 4313 2801 4369 Scitis
2820 4314 2962 4369 enim
2983 4355 3002 4380 ,
3030 4313 3178 4369 scitis
3201 4298 3333 4370 nihil
3358 4317 3575 4385 gravius
3608 4324 3614 4330 '

1992 4406 2196 4458 maritis
2224 4420 2378 4470 esse,
2406 4420 2564 4474 quam
2600 4413 2657 4460 ut
2679 4405 2766 4460 vel
2809 4405 2862 4459 in
2904 4405 3165 4473 ejusmodi
3214 4407 3574 4477 suspicionem

1993 4513 2128 4551 uxor
2159 4498 2356 4551 veniat.
2388 4495 2764 4551 Verumtamen
2799 4495 2886 4551 hic
2919 4497 3098 4565 justus
3135 4506 3189 4551 et
3224 4498 3499 4554 contendit
3524 4509 3579 4553 et

1993 4605 2206 4643 omnem
2245 4589 2472 4659 lapidem
2519 4597 2734 4654 movet,
2762 4597 2822 4642 ut
2864 4589 3182 4645 adulterium
3217 4605 3382 4660 opere
3427 4605 3579 4646 com-

1993 4682 2224 4749 pleatur.
2247 4680 2364 4734 Noli
2387 4689 2562 4735 tamen
2581 4680 2782 4749 justum
2805 4680 2948 4736 hunc
2973 4691 3174 4737 temere
3193 4682 3574 4750 condemnare,

1994 4772 2338 4827 dilectissime
2361 4813 2376 4835 ,
2407 4770 2502 4825 sed
2525 4786 2588 4826 ex
2622 4771 2724 4825 hoc
2753 4773 2928 4840 potius
2957 4772 3175 4825 multam
3202 4771 3319 4840 ejus
3347 4771 3580 4840 pruden-

1997 4862 2124 4915 tiam
2151 4876 2215 4916 ac
2244 4861 2603 4915 fortitudinem
2628 4875 2925 4928 cognosce;
2949 4860 3312 4914 fortitudinem
3337 4861 3576 4930 quidem,

1996 4951 2139 5022 quod
2183 4952 2252 5004 ita
2295 4964 2556 5020 generose
2600 4949 2830 5003 motibus
2871 4947 3248 5019 cogitationum
3279 4950 3578 5014 restiterit,

2000 5055 2200 5111 eosque
2225 5040 2511 5109 superarit,
2539 5047 2596 5093 ut
2623 5039 2782 5093 etiam
2817 5039 2913 5092 ista
2941 5039 3263 5093 consuleret.
3297 5039 3407 5093 Hac
3432 5040 3577 5094 enim

2003 5144 2060 5185 re
2097 5130 2227 5184 nihil
2277 5145 2398 5185 esse
2439 5129 2820 5183 intolerabilius
2863 5129 2984 5182 audi
3031 5144 3094 5183 ex
3139 5129 3458 5192 Salomone,
3488 5131 3580 5199 qui

2001 5221 2128 5276 dicit
2160 5239 2175 5276 :
2213 5219 2402 5274 Plenus
2448 5220 2580 5274 enim
2627 5220 2721 5273 zeli
2749 5222 2895 5291 furor
2934 5219 3029 5272 uiri
3072 5219 3214 5286 eius;
3261 5235 3362 5274 non
3409 5231 3582 5290 parcet

2004 5313 2057 5365 in
2092 5311 2174 5365 die
2218 5310 2441 5382 judirii,
2473 5325 2630 5380 neque
2667 5309 2988 5363 commutabit
3016 5309 3188 5363 odium
3225 5311 3395 5364 multis
3436 5310 3584 5364 donis

2005 5406 2023 5472 (
2047 5403 2202 5457 Prov.
2230 5404 2283 5457 6.
2314 5403 2405 5458 ⁸51.
2428 5400 2520 5474 ⁸55)
2551 5419 2564 5456 :
2593 5411 2649 5457 et
2676 5416 2880 5468 rursus,
2911 5401 3083 5456 Durus
3108 5412 3160 5456 ut
3186 5403 3418 5474 infernus
3447 5405 3584 5458 setas

2008 5493 2178 5567 (Cant.
2208 5494 2262 5548 ε.
2291 5491 2368 5562 θ).

2077 5587 2131 5642 5.
2161 5585 2439 5656 Zelotypitz
2477 5584 2676 5638 insania
2702 5595 2909 5653 quanta.
2932 5613 3000 5624 ——
3017 5583 3212 5639 Multos
3236 5592 3414 5639 autem
3440 5585 3588 5639 vide-

2012 5691 2131 5732 mus
2152 5678 2203 5729 in
2229 5685 2428 5729 tantam
2457 5673 2715 5728 insaniam
2745 5674 3050 5744 prorupisse
3069 5714 3085 5738 ,
3113 5683 3171 5729 ut
3213 5688 3310 5728 nec
3335 5677 3588 5729 uxoribus

2013 5770 2140 5840 ipsis
2163 5775 2464 5838 parcerent,
2491 5766 2584 5821 sed
2624 5775 2674 5820 et
2697 5765 2994 5822 adulterum
3023 5767 3194 5836 ipsum
3222 5780 3586 5836 sepcnumero

311 5611 704 5685 rint”.Egyptii,
739 5609 907 5661 dicant
936 5622 954 5659 :
987 5603 1092 5657 Ista
1133 5611 1204 5654 est
1245 5616 1372 5652 uxor
1406 5598 1554 5668 ejus;
1589 5604 1635 5647 et
1675 5593 1902 5646 occident

311 5725 414 5771 me,
444 5717 490 5758 te
515 5714 680 5756 autem
702 5699 984 5754 servabunt.
1015 5695 1101 5749 ts.
1135 5691 1229 5744 Dic
1252 5690 1424 5759 igitur,
1449 5687 1611 5741 Soror
1635 5685 1744 5753 ejus
1768 5699 1897 5748 sum,

312 5811 369 5854 ut
402 5797 524 5850 mihi
550 5802 756 5864 propter
790 5799 836 5843 te
864 5788 982 5842 bene
1007 5785 1088 5849 sit,
1114 5792 1158 5836 et
1196 5782 1318 5835 vivet
1358 5779 1526 5831 anima
1569 5793 1676 5828 mea
1704 5783 1907 5844 propter
