4060 6436
530 373 634 430 199

533 501 587 544 et
613 483 924 551 semctipsos
951 477 1336 533 interimerent.
1365 469 1533 523 Tanta
1562 466 1638 521 rei
1668 464 1824 532 hujus
1851 471 1934 514 est
1963 461 2106 512 insn-

535 581 620 632 nia
641 619 655 640 ,
686 583 791 629 tam
823 573 1089 640 impotens
1108 572 1166 620 et
1190 559 1446 617 indomita
1471 565 1558 613 est
1580 553 1858 624 zelotypia,
1888 557 1948 604 ιιι
1986 563 2108 640 cum

535 667 625 737 qui
657 662 820 720 semel
847 639 946 714 hac
965 653 1277 726 :cgritudine
1299 655 1579 717 correptus
1590 645 1701 737 sit.
1716 640 1912 737 efficiat
1949 639 2110 737 etiam

537 728 801 825 propriam
827 750 1054 806 salutem
1083 754 1448 799 contemnere.
1480 739 1558 791 Ac
1581 731 1946 789 fortitudinem
1989 728 2108 798 qui-

534 852 657 905 dem
692 847 821 915 justi
868 845 994 900 licet
1039 841 1164 897 inde
1206 848 1567 908 cognoscere:
1597 828 1930 902 prudentiam
1981 839 2114 880 vero

539 955 644 993 non
672 936 996 992 mediocrem
1023 949 1085 985 ex
1114 946 1202 996 eo,
1231 927 1370 999 quod
1415 926 1469 978 in
1517 932 1690 977 tantas
1733 919 1980 974 redactus
2019 931 2112 969 an-

535 1031 737 1099 gustias
773 1039 829 1081 et
860 1034 1126 1093 tammtam
1158 1018 1358 1089 laqueis
1383 1016 1637 1077 irretitus,
1668 1013 1806 1066 hanc.
2016 1022 2111 1099 po:

541 1095 699 1173 inerit
725 1113 1052 1174 adinvenire,
1081 1125 1184 1179 qua
1215 1108 1409 1162 malum
1445 1104 1862 1159 imminueretur.
1890 1095 2022 1152 Nam
2069 1095 2113 1148 si

538 1209 751 1276 quidem
774 1205 994 1259 dixisset
1021 1214 1238 1255 uxorem
1259 1211 1319 1252 se
1345 1196 1486 1250 illius
1510 1208 1650 1258 esse,
1672 1204 1845 1262 neque
1888 1187 2114 1242 fabulam

542 1303 683 1357 illam
711 1299 922 1369 egisset,
949 1310 1011 1349 ac
1036 1292 1235 1348 sororis
1282 1303 1476 1344 nomen
1520 1291 1830 1354 usurpasset
1853 1297 1867 1335 :
1895 1288 1952 1335 et
2002 1279 2114 1347 ipsa

535 1397 677 1463 justo
703 1398 884 1459 erepta
905 1394 1066 1448 esset,
1093 1397 1212 1438 cum
1239 1381 1357 1450 ejus
1381 1379 1566 1434 tortum
1595 1371 1931 1447 pulchritudo
1957 1369 2116 1463 lasei-

537 1462 660 1539 vum
688 1479 1064 1552 Egyptiorttm
1086 1474 1324 1530 animum
1367 1469 1692 1540 peilexisset,
1721 1476 1772 1521 et
1811 1462 2119 1518 interfectus

533 1576 709 1643 justus
737 1570 943 1636 fuisset,
993 1575 1052 1621 ut
1093 1565 1312 1621 sceleris
1347 1568 1621 1616 accusator
1646 1573 1677 1613 e
1700 1555 1877 1611 medio
1903 1554 2117 1606 tolli-re-

540 1674 646 1720 tur.
672 1660 895 1729 Quando
923 1659 1079 1729 igitttr
1109 1658 1191 1710 hat
1231 1654 1351 1709 duae
1372 1651 1608 1706 molesta:
1642 1661 1730 1703 res
1755 1643 1974 1701 omnino
2000 1658 2121 1712 pro-

540 1766 662 1826 pter
689 1753 962 1808 hominum
993 1749 1206 1804 illorum
1248 1741 1709 1813 intemperantiam
1763 1740 2014 1826 regisque
2025 1745 2120 1826 Aty-

543 1823 820 1901 runnidem
843 1848 1113 1897 eventum
1137 1843 1313 1900 erant,
1339 1843 1396 1887 ut
1440 1834 1490 1886 in
1521 1830 1680 1885 tantis
1722 1823 2121 1882 difﬁcultatibus

541 1937 792 2006 exiguum
827 1931 1044 2000 aliquod
1085 1925 1332 1982 solatium
1377 1921 1610 1977 nancisci
1664 1924 1882 1988 possent
1932 1933 1946 1970 :
1999 1913 2115 1976 Dic,

544 2027 732 2097 inquit,
765 2024 926 2079 Soror
957 2021 1069 2091 ejus
1099 2033 1254 2082 sunt;
1280 2016 1382 2070 hoc
1401 2014 1542 2068 enim
1585 2010 1814 2066 fortasse
1842 2023 1928 2064 tne
1963 2024 1992 2060 a
2025 2022 2122 2075 pe-

543 2117 724 2172 riculis
749 2112 1010 2171 liberabit.
1031 2109 1163 2166 Nam
1188 2108 1328 2178 quod
1353 2105 1420 2160 ad
1445 2115 1499 2160 te
1526 2102 1738 2174 quidem
1769 2101 1976 2163 attinet,
2007 2097 2124 2152 sive

542 2222 782 2264 sororem
811 2204 1033 2275 teipsam
1055 2200 1276 2265 dixeris,
1305 2198 1419 2252 sive
1452 2195 1755 2263 conjngem,
1782 2207 1939 2245 nemo
1967 2203 2125 2259 nega-

545 2301 617 2355 bit
646 2299 772 2368 quin
791 2297 1012 2351 omnino
1040 2292 1274 2348 futurum
1299 2289 1388 2351 sit,
1422 2297 1478 2340 ut
1521 2296 1574 2340 te
1619 2291 1840 2353 propter
1879 2279 2126 2350 corporis

545 2390 994 2465 pulchritudinem
1045 2381 1328 2440 confestim
1365 2379 1630 2449 eripiant;
1670 2392 1756 2430 me
1778 2388 1906 2428 vero
1931 2372 2125 2442 proba-

549 2483 654 2538 bile
678 2491 760 2537 est
787 2478 1012 2535 insidias
1043 2487 1347 2536 evasurum,
1381 2470 1426 2524 si
1458 2484 1652 2522 nomen
1671 2465 1872 2520 sororis
1896 2478 2127 2532 usurpa-

548 2575 710 2630 veris.
745 2571 906 2626 Vides
929 2566 1262 2639 prudentiam
1285 2562 1446 2633 justi;
1475 2576 1582 2630 quo
1609 2569 1762 2628 pacto
1803 2558 2128 2626 interceptus

555 2670 693 2720 viam
743 2660 973 2732 potuerit
1014 2659 1288 2717 invenire.
1337 2669 1404 2708 ac
1448 2651 1663 2707 modum
1714 2648 2123 2719 excogitaverit,

549 2773 657 2830 quo
703 2754 1070 2827 Egyptiorttm
1116 2747 1335 2805 insidias
1383 2753 1563 2816 passet
1606 2742 1878 2798 evadere?
1926 2740 2129 2794 Rursus

549 2853 648 2906 hoc
678 2850 796 2903 loco
826 2845 954 2900 mihi
984 2841 1289 2914 patientiam
1339 2851 1554 2909 quoque
1585 2835 1714 2906 justi
1744 2832 2034 2904 perpende,
2064 2846 2129 2885 ac

548 2941 788 2996 mulieris
810 2930 1324 3008 probitatemzjusti
1369 2928 1608 2998 quidem,
1660 2927 1800 2994 quod
1840 2938 1946 2979 Ion
1993 2921 2132 2975 indi-

545 3041 735 3102 gnatus
763 3029 835 3084 sit
861 3040 1030 3095 neque
1057 3022 1254 3079 dixerit
1278 3039 1292 3075 :
1313 3020 1422 3076 Cur
1460 3028 1636 3073 autem
1675 3014 1812 3069 hanc
1854 3013 2127 3067 mulierem

549 3137 758 3177 mecum
774 3119 932 3182 duco,
955 3115 1111 3185 cujus
1137 3113 1304 3183 gratia
1332 3118 1474 3164 tanta
1498 3109 1552 3162 in
1577 3121 1663 3161 me
1685 3114 1968 3173 tempestas
1986 3103 2132 3157 exei-

550 3213 732 3266 tatur't
759 3209 884 3280 quid
913 3209 1058 3262 enim
1082 3204 1200 3274 ejus
1237 3201 1364 3256 tnihi
1394 3199 1612 3270 prodest
1630 3195 1980 3259 consuetudo,
2010 3210 2129 3249 cum

548 3306 665 3373 ejus
689 3315 850 3358 causa
890 3301 943 3355 in
985 3311 1251 3354 summum
1296 3293 1485 3363 capitis
1532 3290 1821 3346 discrimen
1857 3287 2130 3342 adducar?

549 3397 675 3467 quid
707 3395 833 3450 tnihi
858 3392 1085 3464 prolicit,
1111 3404 1234 3444 cum
1261 3403 1368 3443 non
1411 3384 1571 3440 modo
1611 3383 1756 3438 tmllo
1813 3396 1899 3436 me
1941 3379 2132 3434 solatio

546 3489 718 3558 juvet,
749 3485 844 3541 sed
869 3487 1032 3540 etiam
1056 3496 1149 3536 sua
1187 3475 1580 3549 pulchritudine
1605 3472 1791 3528 mortis
1835 3471 1963 3526 tnihi
1994 3471 2134 3540 peri-
2198 3516 2202 3520 .

550 3580 730 3633 culum
775 3572 1127 3629 creethihil
1155 3570 1346 3624 borum
1395 3566 1528 3621 dixit
1573 3573 1666 3618 aut
1718 3561 1987 3632 cogitavit,
2035 3558 2132 3614 sed

554 3670 700 3722 omni
729 3664 990 3734 ejusmodi
1029 3663 1226 3732 rejecta
1273 3658 1596 3728 cogitatione
1634 3653 1704 3709 de
1729 3654 1821 3708 Dei
1871 3652 2134 3723 promisso

557 3758 777 3813 minime
797 3755 1088 3817 dubitavit;
1110 3751 1206 3806 sed
1226 3751 1279 3805 in
1302 3751 1352 3804 id
1377 3763 1538 3803 unum
1564 3746 1822 3812 incubuit,
1851 3755 1903 3799 ttt
1946 3744 2135 3814 praevi-

556 3865 673 3902 sum
699 3846 986 3903 discrimen
1009 3851 1188 3914 posset
1215 3840 1466 3897 evadere.
1501 3839 1597 3893 llic
1645 3837 1788 3891 cuitu
1815 3835 2134 3890 inmobilem

556 3942 650 3997 Dei
679 3939 982 4012 patientiam
1017 3934 1401 4000 animadverte,
1447 3930 1812 3991 dilectissime,
1843 3944 1950 3998 quo
1980 3936 2134 3998 pacto

555 4047 662 4087 non
709 4031 922 4085 assistat
959 4041 1133 4098 neque
1151 4024 1459 4081 consoletur
1482 4021 1708 4092 justum,
1749 4018 1844 4074 sed
1895 4021 2135 4088 ingrave-

553 4138 705 4178 scere
725 4120 865 4175 mala
897 4119 1036 4174 sinat
1057 4127 1112 4172 et
1135 4115 1334 4186 augeri,
1363 4123 1520 4184 atque
1569 4113 1620 4166 in
1654 4121 1920 4168 extremas
1965 4123 2134 4178 angu-

555 4213 687 4268 stias
735 4210 923 4279 redigi,
969 4218 1186 4278 tumque
1229 4221 1378 4260 suam
1435 4203 1817 4274 providentiam
1866 4199 2131 4254 ostendat.

558 4301 854 4370 Dirigitur,
874 4298 1066 4368 inquit,
1095 4297 1255 4351 Soror
1301 4296 1410 4364 ejus
1462 4309 1574 4346 sum
1599 4307 1620 4345 .·
1642 4301 1698 4345 ιιι
1742 4291 1864 4344 bene
1903 4289 1965 4342 sit
2011 4288 2134 4342 mihi

558 4403 763 4462 propter
807 4405 876 4456 te,
923 4399 970 4444 et
1017 4391 1142 4442 vitaet
1189 4389 1362 4441 animo
1396 4400 1506 4439 mea
1533 4393 1734 4454 propter
1751 4391 1817 4437 te.
1843 4381 1958 4436 Non
1984 4380 2133 4450 quasi

557 4482 813 4537 moritura
839 4487 981 4534 esset
1006 4478 1172 4546 ipsius
1198 4475 1392 4538 anima,
1416 4473 1532 4527 hsce
1554 4472 1688 4527 dixit
1713 4471 1886 4540 justus
1924 4468 2137 4539 (Nolite

557 4574 700 4627 enim
721 4572 912 4638 tiutere,
941 4570 1129 4640 inquit,
1159 4585 1244 4622 eos
1277 4567 1361 4636 qui
1389 4565 1627 4620 occidunt
1661 4581 1864 4633 corpus,
1914 4564 2136 4617 animum

559 4675 732 4718 autem
755 4679 857 4716 non
880 4667 1086 4731 possunt
1109 4657 1334 4712 occidere
1359 4655 1573 4731 [Matth
1604 4653 1689 4709 10.
1720 4651 1861 4724 28]),
1889 4653 1983 4707 sed
2003 4656 2132 4706 sim-

561 4755 769 4826 pliciter
789 4767 856 4808 ex
873 4748 1258 4804 consuetudine
1280 4747 1362 4801 his
1383 4745 1558 4801 verbis
1580 4758 1798 4798 uxorem
1819 4741 2010 4798 affatus
2031 4750 2134 4796 est.

563 4846 632 4902 Ut
651 4847 773 4900 bene
798 4842 923 4896 milu'
939 4842 1024 4906 sit,
1054 4839 1238 4910 inquit,
1266 4848 1468 4908 propter
1494 4845 1562 4903 te,
1597 4846 1646 4889 et
1668 4831 1789 4889 vivet
1828 4833 1998 4888 anima
2026 4850 2136 4888 utea

560 4947 763 5012 prapter
805 4944 852 4990 te
881 4952 900 4990 :
927 4934 1080 5004 quasi
1104 4933 1309 4987 diceret
1353 4932 1425 4986 illi
1456 4929 1614 4993 :Dic,
1659 4927 1821 4985 Soror
1845 4930 1952 4994 eius
1977 4944 2086 4982 sum
2116 4943 2135 4980 :

561 5046 629 5086 ne
654 5028 855 5085 efficias
881 5035 959 5092 ut,
984 5040 1106 5080 cum
1137 5031 1352 5093 promer
1377 5021 1570 5077 famem
1609 5036 1642 5076 e
1663 5021 1961 5076 Chanaurea
1991 5019 2134 5089 fuge-

559 5122 681 5184 rim,
712 5117 959 5176 manibus
994 5129 1187 5170 enecer
1214 5113 1607 5184 Egyptiorutn.
1639 5111 1762 5168 Fias
1805 5112 1982 5181 potius
2007 5111 2134 5166 tuilti

561 5211 748 5266 salutis
777 5222 958 5269 causa,
992 5205 1062 5260 Ut
1101 5207 1220 5260 bene
1249 5205 1314 5258 sit
1356 5203 1477 5257 mihi
1507 5211 1708 5272 prapter
1731 5211 1795 5255 te.
1823 5201 2135 5255 lliserahilia

559 5309 684 5356 sunt
711 5299 827 5354 hac
865 5298 1050 5364 verba,
1099 5296 1270 5352 sedet
1316 5296 1513 5349 multus
1553 5304 1668 5349 erat
1709 5294 1869 5347 timor
1920 5305 2135 5360 propter

560 5391 822 5446 insaniam
854 5387 1252 5458 Egyptiaeam,
1294 5393 1350 5439 et
1397 5383 1516 5452 quia
1563 5383 1794 5437 nondum
1819 5382 2006 5435 mortis
2023 5391 2139 5436 erat

561 5483 735 5535 soluta
757 5479 1020 5550 tyrannis;
1054 5489 1330 5547 propterea
1357 5477 1408 5528 in
1433 5474 1745 5527 adulterium
1785 5472 1964 5525 uxoris
2011 5485 2137 5525 con-

560 5570 722 5624 scutit
761 5570 953 5637 justus,
985 5577 1041 5622 et
1081 5567 1230 5636 quasi
1282 5566 1446 5620 servit
1491 5563 1732 5618 adultero
1784 5562 1835 5616 in
1885 5560 2126 5616 mulieris

559 5657 959 5723 contumeliam,
989 5667 1045 5710 ut
1087 5666 1311 5710 mortem
1360 5655 1593 5724 etfugiat.
1637 5655 1762 5708 Erat
1795 5654 1939 5709 enim
1965 5650 2139 5706 adhuc

562 5747 816 5806 terribilis
856 5747 1014 5801 facies
1046 5747 1272 5811 mortis;
1317 5747 1550 5806 nondum
1601 5758 1753 5802 erant
1789 5763 1942 5802 mrem
1970 5755 2135 5818 porta'

1306 359 1361 416 S.
1402 353 1676 414 JOANVIS
1711 346 2180 408 CIlli'fSOSTOMI
2222 344 2534 399 ARClllEl‘.
2575 340 3098 399 CONSTANTINOP.

2216 454 2501 509 conbattte
2553 471 2568 518 ;
2621 453 2855 508 nondum
2899 466 3016 510 erat
3064 457 3284 512 aculeus
3331 459 3449 529 ejus
3497 463 3798 516 hebete-tus.

2223 544 2409 600 Vidisti
2449 545 2717 598 vinculum
2761 545 2999 600 caritatis
3050 546 3148 601 viri
3193 557 3252 603 et
3296 547 3573 606 mulieris?
3620 554 3800 608 vidisti

2215 637 2388 690 virum
2410 677 2426 698 ,
2457 636 2631 704 qualia
2655 636 2861 689 mulieri
2887 651 3171 704 suggerere
3200 638 3270 692 sit
3305 653 3495 705 ausus,
3540 649 3597 696 et
3636 644 3798 712 quale

2215 727 2496 782 censilium
2523 726 2788 795 acceperit
2813 726 3045 781 mulier?
3071 726 3187 782 Non
3215 730 3430 794 renuit,
3457 747 3632 801 neque
3674 744 3804 802 gra-

2215 818 2380 869 vatim
2407 815 2504 870 fert
2536 832 2553 871 :
2583 817 2674 870 sed
2705 818 2883 871 omnia
2928 817 3090 880 facit,
3121 821 3191 874 ita
3238 830 3296 873 ut
3347 820 3522 875 fabula
3561 833 3617 876 et
3656 825 3805 878 fictio

2219 907 2310 961 illa
2350 907 2527 961 lateat.
2575 908 2807 962 Audiant
2856 908 2952 962 viri
3000 917 3055 962 ct
3101 909 3393 974 mulieres,
3437 920 3493 965 et
3531 912 3806 968 imitantur

2222 996 2410 1050 luit-um
2463 997 2844 1062 cuneordiam,
2902 999 3171 1052 vinculum
3226 1001 3494 1065 caritatis,
3552 1001 3805 1071 pietatem

2222 1090 2518 1160 insignem,
2563 1100 2616 1144 et
2653 1090 2801 1146 Sara).
2849 1091 3227 1146 continentiam
3278 1091 3628 1156 aemulentur;
3681 1110 3809 1163 qua:

2224 1179 2400 1238 vetula.
2439 1179 2491 1234 itt
2535 1189 2677 1234 tanta
2723 1188 2999 1234 venustate
3030 1196 3382 1250 permanens,
3419 1183 3659 1236 certabat
3681 1199 3808 1237 cum

2217 1272 2366 1340 justo
2397 1271 2677 1326 virtutibus
2707 1288 2722 1324 :
2750 1271 2870 1327 ideo
2899 1282 2951 1326 et
2984 1281 3185 1326 tantam
3233 1273 3352 1340 ejus
3391 1288 3573 1328 curam
3623 1273 3812 1327 habuit

2227 1363 2364 1416 Deus
2391 1403 2408 1428 ,
2438 1370 2748 1431 tantumque
2775 1376 3007 1430 superne
3037 1363 3110 1417 illi
3141 1362 3454 1418 retributum
3483 1373 3592 1418 est.
3619 1362 3813 1418 Nullus

2227 1451 2385 1520 igitur
2423 1459 2640 1506 accuset
2683 1450 3164 1520 pulchritudinem,
3217 1452 3393 1506 nullus
3439 1451 3556 1507 luce
3602 1453 3814 1508 inutilia

2224 1545 2385 1597 verba
2407 1542 2550 1596 dicat
2577 1559 2591 1596 :
2622 1541 2771 1597 llauc
2813 1543 3045 1612 perdidit
3072 1544 3278 1608 forma;
3307 1542 3429 1597 huic
3472 1542 3816 1613 pulchritudo

2224 1649 2382 1690 causa
2433 1636 2528 1689 fuit
2565 1635 2827 1690 interitus.
2865 1635 2980 1690 Non
3024 1635 3363 1705 pulchritudo
3401 1635 3454 1689 iu
3495 1644 3765 1691 causaest
3793 1653 3811 1690 ;

2223 1724 2390 1786 absit;
2419 1739 2553 1793 opus
2580 1725 2725 1780 enim
2750 1724 2840 1779 Dei
2861 1735 2942 1779 est
2966 1735 3016 1778 et
3044 1725 3155 1794 ipsa
3179 1742 3192 1778 :
3219 1725 3310 1780 sed
3340 1741 3586 1794 perversa
3617 1734 3817 1780 volun-

2237 1823 2319 1869 tas
2349 1813 2608 1868 Italorum
2643 1815 2880 1870 omnium
2907 1827 3066 1868 causa
3091 1824 3194 1868 est.
3231 1813 3419 1868 Vidisti
3443 1813 3814 1870 admirabilem

2238 1906 2374 1960 hanc
2399 1906 2673 1961 mulierem
2701 1906 2946 1976 utrinque
2972 1905 3318 1970 relucentem,
3346 1917 3398 1961 et
3425 1907 3494 1960 oh
3519 1907 3818 1976 pulchritu-

2227 1996 2404 2052 dinem
2430 1997 2645 2064 auimte,
2666 2007 2721 2052 et
2749 1998 2818 2051 ob
2844 1995 3231 2051 formositatem
3257 1996 3408 2050 faciei
3439 1998 3656 2067 vestigia
3677 1998 3815 2064 justi

2229 2095 2469 2160 proxime
2513 2091 2867 2162 sequentem?
2899 2088 3044 2144 llane
3087 2089 3361 2143 imitentur
3404 2089 3672 2143 mulieres.
3713 2090 3816 2144 lit-

2227 2186 2369 2240 enim
2398 2199 2496 2238 nec
2525 2181 2813 2237 venustatis
2840 2180 3025 2246 decor,
3057 2195 3156 2234 nec
3177 2179 3446 2244 sterilitas,
3477 2195 3573 2234 nec
3607 2189 3815 2233 tantum

2231 2285 2463 2346 tempus,
2493 2289 2590 2329 nec
2611 2272 2917 2327 facultatum
2957 2269 3300 2335 abundantia,
3324 2284 3497 2339 neque
3523 2279 3597 2323 tot
3623 2271 3818 2339 migra-

2231 2367 2424 2431 tioues,
2457 2378 2627 2434 neque
2666 2361 3136 2433 peregrinationes,
3177 2369 3234 2415 et
3273 2361 3538 2415 centinuae
3577 2361 3817 2414 crebra:-

2229 2472 2334 2527 que
2380 2455 2736 2518 tentatioues,
2781 2452 2864 2507 vel
2915 2451 3170 2522 quidquid
3222 2450 3362 2515 tale,
3411 2459 3641 2504 utentem
3689 2451 3817 2518 ejus

2233 2563 2447 2602 movere
2475 2552 2797 2615 potuerunt:
2828 2542 3113 2596 immobilis
3146 2543 3289 2596 enim
3321 2540 3532 2594 mansit.
3562 2540 3709 2596 Unde
3738 2539 3818 2596 ob

2235 2639 2539 2710 patior-tiatur
2565 2677 2581 2703 ,
2631 2635 2844 2705 dignam
2891 2634 3188 2688 tnerccdem
3243 2632 3574 2700 reportavit:
3608 2633 3660 2685 in
3705 2647 3817 2686 ex-

2236 2740 2403 2784 tretna
2429 2729 2570 2783 enim
2599 2736 2892 2790 senectute,
2915 2742 2977 2779 ex
3003 2724 3155 2778 vulva
3184 2724 3349 2778 sterili
3378 2733 3433 2778 et
3459 2733 3606 2778 utero
3630 2738 3820 2778 emor-

2236 2829 2325 2874 tuo
2349 2817 2753 2887 parere-potuit.
2787 2814 2853 2871 Ut
2879 2815 3021 2879 mihi,
3048 2814 3237 2883 inquit,
3266 2813 3386 2866 bene
3409 2815 3471 2866 sit
3498 2825 3698 2884 prapter
3722 2825 3817 2881 te,

2233 2918 2278 2963 et
2302 2909 2425 2961 vivet
2467 2908 2636 2960 anima
2680 2922 2789 2960 mea
2837 2916 3039 2976 propter
3075 2915 3142 2959 te.
3193 2904 3352 2970 Quasi
3401 2903 3638 2958 diceret:
3669 2903 3817 2959 Nihil

2233 2999 2374 3054 aliud
2403 2999 2639 3052 relictum
2671 2997 2797 3052 mihi
2843 3006 2924 3051 est
2969 2996 3035 3050 ad
3091 2997 3337 3061 salutem,
3367 3011 3520 3067 quam
3551 3005 3604 3049 ut
3627 2996 3778 3050 dicas
3799 3014 3816 3049 :

2236 3091 2398 3145 Soror
2440 3091 2547 3161 ejus
2587 3106 2717 3143 sum.
2769 3088 3031 3143 Fortassis
3059 3087 3200 3144 enim
3241 3087 3487 3158 effugiam
3521 3088 3817 3158 pcriculunt

2236 3181 2376 3251 quod
2411 3179 2696 3234 reformido
2721 3219 2736 3245 ,
2764 3189 2818 3234 et
2839 3178 3057 3248 posthac
3083 3191 3300 3250 pr0pter
3324 3189 3375 3234 te
3407 3181 3574 3233 vivam
3595 3221 3611 3244 ,
3640 3191 3690 3234 et
3713 3181 3818 3236 tibi

2235 3270 2374 3340 quod
2400 3271 2658 3340 reliquum
2684 3271 2802 3323 vitae
2824 3268 2981 3324 fuerit
3003 3279 3276 3339 arceptum
3304 3269 3546 3324 referam.
3577 3267 3818 3326 Suflicie-

2237 3363 2364 3418 bant
2400 3363 2515 3417 haec
2548 3363 2708 3417 verba
2737 3361 2804 3417 ad
2831 3361 3347 3416 commiserationetu
3380 3363 3558 3416 uxoris
3587 3378 3815 3416 moveu-

2236 3454 2397 3516 dam,
2441 3462 2494 3508 cl
2538 3453 2604 3508 ad
2651 3451 3101 3524 persuadendum.

2250 3584 2256 3589 ο
2307 3547 2360 3600 6.
2395 3544 2505 3598 lloe
2543 3559 2670 3599 vere
2695 3555 2778 3599 est
2801 3543 3101 3614 conjugiqu
3123 3583 3138 3606 ,
3179 3543 3392 3612 quando
3420 3559 3524 3598 non
3553 3543 3724 3597 solum
3755 3544 3815 3600 in

2239 3635 2610 3706 prosperitate,
2634 3634 2727 3688 sed
2753 3643 2806 3688 et
2832 3633 2883 3686 in
2906 3633 3157 3703 periculis
3184 3633 3338 3686 simul
3369 3634 3637 3688 ambulant
3669 3655 3681 3688 :
3709 3634 3814 3690 hoc

2237 3743 2506 3798 germana:
2530 3727 2766 3782 caritatis
2793 3727 3041 3781 iudicium
3070 3736 3150 3780 est
3175 3743 3190 3788 ;
3215 3725 3314 3780 hoc
3347 3726 3494 3795 signo
3519 3728 3814 3781 certissime

2239 3818 2611 3874 intet'noscitur
2633 3815 2881 3870 amicitia.
2910 3815 3022 3870 Neu
3049 3817 3126 3871 sic
3151 3814 3389 3868 diadema
3414 3817 3464 3870 in
3481 3815 3648 3884 capite
3668 3817 3811 3886 posi-

2238 3918 2351 3963 tunt
2377 3923 2554 3978 regem
2580 3908 2822 3972 illustrat,
2844 3916 3003 3975 atque
3019 3907 3316 3961 obedientia
3337 3907 3441 3968 illa.
3466 3923 3566 3976 qua
3590 3908 3815 3960 consilio

2233 4002 2360 4070 justi
2385 4000 2575 4070 paruit,
2602 4001 2736 4052 hanc
2757 3998 2959 4053 beatam
2986 3998 3230 4054 feminam
3257 3999 3512 4054 illustrem
3538 4011 3590 4052 et
3612 3999 3814 4056 claram

2237 4089 2638 4146 demonstravit.
2689 4085 2854 4155 Quem
2903 4087 3061 4158 igitur
3086 4104 3190 4144 non
3237 4089 3661 4157 obstupefaceret
3697 4092 3816 4144 hate

2240 4180 2461 4252 parendi
2491 4179 2747 4235 facilitas?
2793 4179 2912 4248 quis
2953 4179 3088 4234 hanc
3129 4177 3256 4234 satis
3306 4179 3640 4245 laudaverit,
3669 4181 3816 4249 quod

2239 4283 2360 4343 post
2401 4281 2596 4327 taztutm
2640 4270 3059 4332 continentiam,
3090 4279 3145 4325 et
3180 4271 3234 4324 in
3275 4273 3361 4325 tali
3405 4283 3560 4325 aetate
3604 4269 3670 4325 ad
3711 4271 3818 4326 hoc

2240 4373 2298 4418 ut
2335 4364 2534 4434 justum
2562 4373 2768 4430 servet,
2802 4373 3056 4434 quantum
3083 4376 3146 4416 ex
3174 4362 3338 4432 ipsius
3376 4363 3641 4417 voluntate
3681 4378 3816 4432 peu-

2239 4453 2430 4518 debat,
2465 4455 2623 4508 etiam
2672 4453 2933 4510 adulterio
2985 4467 3045 4508 se
3091 4453 3334 4522 exponit
3374 4459 3430 4507 et
3471 4452 3815 4508 barbarorum

2239 4547 2592 4616 congressui?
2638 4545 2742 4602 Sed
2782 4545 3048 4616 paulisper
3092 4555 3368 4614 exspecta,
3395 4553 3450 4599 et
3498 4544 3701 4599 videbis
3726 4563 3815 4599 sa—

2243 4641 2471 4709 pientem
2500 4641 2854 4708 solertemquc
2883 4639 2970 4692 Det
3005 4635 3410 4706 providentiam.
3440 4631 3569 4690 Nam
3599 4650 3816 4707 promer

2243 4731 2344 4785 hoc
2375 4731 2512 4784 Deus
2536 4741 2732 4785 tantam
2758 4746 2866 4800 pra:
2896 4747 2954 4783 se
2982 4731 3098 4783 tulit
3125 4728 3428 4798 patientiam
3448 4768 3465 4794 ,
3493 4738 3545 4783 ct
3569 4730 3815 4799 opitulari

2241 4823 2474 4887 distulit,
2497 4831 2556 4876 ut
2577 4822 2776 4890 justum
2800 4821 3078 4875 clariorem
3110 4821 3340 4881 faceret,
3368 4829 3422 4874 et
3452 4835 3547 4888 per
3570 4834 3630 4874 ea
3655 4860 3670 4885 ,
3699 4837 3818 4890 qua:

2244 4913 2347 4968 illic
2371 4923 2516 4982 gesta
2538 4921 2693 4977 sunt,
2722 4927 2824 4965 non
2859 4911 3030 4965 solum
3061 4909 3316 4981 Egyptii,
3348 4911 3440 4966 sed
3469 4921 3524 4965 et
3552 4911 3814 4966 Palaestini

2242 5005 2578 5059 erudirentur
2600 5043 2615 5068 ,
2641 5012 2888 5071 quantam
2915 5002 3334 5058 benevolentiam
3369 5002 3573 5057 Domini
3604 5004 3813 5057 univer-

2243 5111 2421 5152 sorum
2451 5096 2783 5166 experiretur
2800 5096 3116 5164 patriarcha.
3148 5095 3234 5150 M.
3266 5093 3479 5148 Factum
3499 5105 3590 5158 est,
3625 5095 3814 5164 inquit,

2243 5192 2444 5262 quando
2458 5191 2657 5244 intravit
2675 5189 2861 5242 Abram
2876 5190 2928 5242 in
2944 5187 3248 5260 ﬂgyptum,
3274 5198 3327 5240 ut
3348 5185 3819 5258 videruntAEgyptii

2243 5299 2470 5349 uxorem,
2501 5282 2636 5352 quod
2664 5293 2786 5336 esset
2806 5281 2951 5335 valde
2971 5280 3182 5350 pulchra
3211 5296 3232 5334 :
3263 5279 3348 5335 15.
3374 5291 3421 5333 et
3446 5280 3675 5335 uiderunt
3708 5297 3818 5334 eam

2244 5374 2493 5445 principes
2520 5371 2826 5436 Pharaonis,
2854 5382 2900 5426 et
2926 5371 3256 5426 laudaverunt
3283 5387 3393 5425 eam
3419 5373 3555 5440 apud
3587 5369 3820 5424 Pharao-

2243 5484 2376 5528 nem,
2424 5477 2471 5520 ct
2509 5465 2891 5519 introduxerunt
2917 5480 3027 5518 eam
3060 5464 3111 5516 in
3149 5463 3350 5516 domum
3389 5462 3693 5526 Pharaonis,
3727 5461 3815 5517 l6.

2243 5568 2290 5613 et
2336 5559 2522 5611 Abram
2550 5556 2672 5610 bene
2697 5556 2772 5609 usi
2805 5565 2924 5610 sunt.
2979 5563 3181 5622 propter
3220 5553 3384 5606 illam.
3427 5549 3492 5604 Et
3536 5556 3733 5620 [uerum
3775 5552 3819 5604 ei

2243 5665 2379 5710 ores,
2400 5658 2446 5704 et
2473 5647 2633 5710 vituli,
2675 5656 2720 5700 et
2746 5647 2897 5711 asini,
2937 5654 2982 5699 et
3028 5644 3173 5706 servi,
3216 5653 3262 5697 et
3284 5643 3500 5707 ancillis,
3530 5653 3576 5696 et
3609 5643 3752 5707 muli,
3775 5651 3819 5694 et

2246 5740 2442 5794 cameli.
2475 5738 2604 5793 Vide
2626 5737 2891 5808 quomodo
2916 5752 2977 5793 ea
3004 5751 3121 5806 quzc
3150 5735 3294 5806 prius
3318 5735 3491 5804 justus
3514 5735 3822 5807 susg’caba-
