4060 6440
270 452 378 513 ἑνί)

271 584 419 644 τούς.
454 582 704 652 Τοσαύτη
725 580 820 635 τοῦ
846 581 1166 652 πράγματός
1191 583 1339 634 ἐστιν
1363 584 1395 654 ή
1430 582 1619 653 μανία,
1651 582 1744 636 καὶ
1774 582 1947 645 οὑτως

270 669 578 734 ἀκάθεκτός
605 671 753 723 ἐστιν
782 673 810 723 ὁ
839 670 1020 751 ζῆλος,
1046 668 1124 733 ὡς
1150 668 1591 741 παρασκευάζειν
1619 670 1715 724 καὶ
1746 670 1843 741 τῆς
1872 671 1950 722 οἰ-

1358 465 1422 521 IN
1463 466 1616 523 CAP.
1659 455 1753 521 xu
1802 456 2049 522 CENES.
2090 460 2326 522 ιιοιιιι..
2362 452 2571 523 XXXII.

3631 470 3736 531 δυο

2062 583 2153 633 καὶ
2184 581 2370 653 ἄνδρα,
2394 580 2481 637 οία
2510 584 2812 654 ἐθάρρησεν
2841 584 3135 638 ὑποθέσθαι
3165 588 3233 657 τῇ
3261 586 3498 655 γυναικὶ,
3522 603 3616 641 και
3637 605 3736 656 γυ-

2057 670 2214 722 ναῖκα
2255 670 2371 723 οἵαν
2408 671 2621 741 δέχεται
2652 673 2748 743 τὴν
2785 673 3125 745 συμϐουλήν;
3161 675 3276 728 Οὐκ
3314 674 3567 728 ἀνανεύει
3610 668 3732 728 οὐδὲ

271 757 428 822 κείας
451 774 596 828 σωτη
602 756 656 828 ρί
666 775 725 821 1;
745 757 1017 829 ὑπεριδεῖν
1042 757 1131 810 τὸν
1153 755 1302 822 ἅπαξ
1325 757 1521 811 ἁλόντα
1538 756 1613 829 τῷ
1632 757 1814 813 πάθει.
1839 756 1947 810 Καὶ
2053 754 2414 827 δυσχεραίνει,
2445 758 2584 813 ἀλλά
2625 761 2803 814 πάντα
2845 764 3010 822 ποιεῖ,
3039 761 3181 815 ὥστε
3211 761 3274 814 τὸ
3303 761 3487 833 δρᾶμα
3523 761 3729 817 λαθεῖν.

269 846 371 918 τὴν
402 845 502 916 μὲν
527 846 781 916 ἀνδρείαν
811 847 1021 899 ἐκεῖθεν
1054 845 1170 898 ἔστι
1212 844 1552 917 καταμαθεῖν
1583 844 1678 899 τοῦ
1708 844 1942 898 δικαίου·

266 936 371 1003 τὴν
402 933 458 986 δὲ
486 932 701 1001 σύνεσιν
728 932 893 986 αὐτοῦ
924 932 1022 1005 τὴν
1057 932 1279 1005 πολλὴν,
1310 933 1392 986 δτι
1421 935 1478 985 ὲν
1505 932 1787 1005 ἀμηχανίᾳ
1819 951 1943 987 τοσ-

265 1021 430 1091 αύτῃ.
453 1020 548 1074 καὶ
577 1018 767 1091 ὥσπερ
798 1021 855 1072 ἐν
889 1019 1126 1084 δικτύοις
1154 1020 1489 1091 ἀποληφθεὶς
1515 1021 1698 1091 ίσχυσε
1738 1021 1943 1091 ταύτην

264 1109 451 1179 εὑρεῖν
476 1109 577 1179 τὴν
604 1108 743 1170 ὁδὸν,
778 1108 844 1161 δι’
874 1103 944 1179 ἦς
970 1109 1188 1162 ἔλαττον
1219 1107 1286 1162 ἂν
1315 1106 1526 1177 γένοιτο
1557 1109 1618 1162 τὸ
1648 1109 1838 1164 κακόν.
1879 1111 1941 1162 Εἰ

267 1196 373 1264 μὲν
397 1194 506 1266 γὰρ
527 1190 700 1258 εἶπεν,
733 1196 815 1250 ὃτι
836 1197 975 1266 γυνὴ
1002 1196 1168 1250 αὑτοῦ
1189 1192 1279 1267 ἦν,
1303 1197 1398 1250 καὶ
1425 1194 1499 1269 μὴ
1527 1197 1859 1270 ὑπεκρίνατο
1881 1198 1942 1250 τὸ

260 1282 473 1353 δρᾶμα,
510 1284 605 1338 καὶ
624 1281 703 1354 τῷ
729 1284 829 1355 τῆς
856 1284 1088 1354 ἀδελφῆς
1112 1284 1337 1355 ὀνόματι
1358 1286 1648 1356 ἐχρήσατο,
1679 1286 1774 1340 καὶ
1801 1284 1937 1358 αὐτὴ

2066 842 2436 899 Ἀκουέτωσαν
2458 845 2647 917 ἄνδρες
2666 846 2761 902 καὶ
2783 850 3057 915 γυναῖκες,
3084 848 3180 903 καὶ
3206 848 3579 920 μιμείσθωσαν
3608 850 3728 904 τού⁶

2052 946 2160 982 των
2184 929 2282 1001 τὴν
2305 931 2572 1001 ὁμόνοιαν,
2595 933 2695 1007 τῆς
2725 934 2944 1004 ἀγάπης
2976 933 3067 988 τὸν
3095 933 3411 1006 σύνδεσμον,
3437 936 3538 1007 τῆς
3569 937 3727 990 εὐσιδ

2052 1016 2204 1081 ϐείας
2236 1016 2335 1089 τὴν
2361 1018 2634 1083 ἐπίτασιν,
2664 1021 2754 1074 καὶ
2785 1020 3134 1093 ζηλούτωσαν
3163 1023 3262 1093 τῆς
3291 1022 3471 1094 Σάρας
3492 1020 3590 1095 τὴν
3620 1042 3728 1078 σω-

2050 1104 2346 1177 φροσύνην.
2372 1107 2496 1161 Ὅτι
2528 1108 2624 1162 καὶ
2660 1110 2718 1162 ἐν
2749 1109 2894 1181 γήρᾳ
2925 1109 3069 1164 οὕτω
3111 1110 3299 1165 κάλλει
3345 1111 3726 1182 διαλάμπουσα

2052 1192 2212 1262 μέχρι
2244 1194 2365 1246 τότε
2392 1194 2660 1265 διέμεινεν
2687 1196 3038 1269 ἁμιλλωμένη
3073 1201 3195 1262 ταῖς
3222 1199 3318 1252 τοῦ
3361 1199 3571 1253 δικαίου
3601 1201 3727 1270 ἀρεδ

2047 1280 2196 1342 ταῖς·
2228 1279 2348 1333 δι’δ
2384 1282 2478 1334 καὶ
2521 1282 2790 1353 τοσαύτης
2841 1284 3047 1355 ἠξιώθη
3097 1284 3197 1355 τῆς
3243 1285 3395 1357 παρά
3441 1285 3535 1340 τοῦ
3582 1286 3721 1340 Θεοῦ

260 1370 332 1423 ἂν
365 1371 614 1444 ἀφῃρέθη
666 1370 762 1424 τοῦ
807 1371 1047 1439 δικαίου,
1090 1372 1186 1427 τοῦ
1220 1373 1466 1438 κάλλους·
1496 1376 1594 1446 τῆς
1634 1373 1939 1448 εὐμορφίας
2047 1364 2302 1435 προνοίας
2327 1378 2377 1430 ⁸,
2410 1368 2505 1420 καὶ
2535 1369 2631 1440 τῆς
2670 1370 2875 1424 ἀνωθεν
2907 1372 3165 1443 ἀμοιϐῆς·
3194 1372 3400 1442 Μηδεὶς
3426 1373 3612 1427 τοίνυν
3638 1374 3727 1427 αἱ*

260 1458 650 1528 ἐπισπωμένου
696 1459 804 1512 τῶν
853 1459 1167 1527 Αἰγυπτίων
1213 1460 1313 1532 τὴν
1357 1460 1657 1515 ἀκόλαστον
1685 1461 1934 1532 γνώμην,

259 1546 364 1600 καὶ
384 1547 415 1599 ό
439 1545 648 1609 δίκαιος
668 1544 734 1599 ἀν
755 1545 992 1616 ἐσφάγη,
1024 1546 1166 1601 ὥστε
1193 1546 1267 1619 μὴ
1294 1545 1436 1603 εἰναι
1464 1549 1556 1602 τὸν
1584 1548 1805 1621 ἔλεγχον
1834 1550 1935 1619 τῆς

256 1633 629 1706 παρανομίας.
657 1634 775 1686 Ἷνα
806 1629 923 1698 οῦν,
946 1634 1056 1687 τῶν
1087 1634 1180 1688 δύο
1202 1626 1407 1691 τούτων
1433 1636 1685 1706 χαλεπῶν
1714 1637 1936 1708 μελλόν-

252 1738 371 1775 των
416 1724 634 1784 πάντως
687 1720 960 1776 ἐκϐαίνειν
988 1721 1080 1775 διὰ
1105 1722 1205 1793 τὴν
1233 1722 1507 1794 ἀκρασίαν
1539 1723 1648 1779 τῶν
1699 1724 1931 1797 ἀνδρῶν,

254 1810 357 1863 καὶ
388 1808 481 1862 τοῦ
521 1807 785 1879 βασιλέως
828 1809 927 1877 τὴν
970 1809 1291 1881 τυραννίδα,
1316 1809 1619 1882 δυνηθῶσιν
1646 1813 1705 1865 ἐν
1728 1813 1934 1884 ἀπορίᾳ

254 1898 431 1968 πολλῇ
461 1898 663 1969 μικράν
687 1914 810 1952 τινα
830 1898 1189 1970 παραμυθίαν
1210 1900 1410 1972 εὑρεῖν,
1437 1901 1625 1972 φησιν’
1650 1902 1820 1966 Εἰπὲ,
1843 1901 1933 1956 ὅτι

266 1984 534 2053 Ἀδελφή
571 1972 759 2040 αὐτοῦ
788 1987 905 2055 εἰμι
931 2003 944 2017 ·
971 1985 1131 2040 τοῦτο
1161 1985 1271 2059 γὰρ
1290 1988 1389 2059 ἐμὲ
1417 1986 1548 2053 ἴσως
1575 1987 1932 2061 ἐλευθερώσει

250 2072 368 2126 τῶν
389 2072 668 2127 κινδύνων.
692 2072 766 2125 Th
790 2072 900 2144 γάρ
918 2073 1033 2141 σὺν,
1058 2073 1161 2127 κάν
1183 2091 1241 2127 τε
1267 2074 1501 2147 ἀδελφὴν
1529 2074 1691 2149 εἴπῃς
1706 2075 1927 2147 σαυτήν,

249 2161 361 2214 κάν
388 2176 448 2215 τε
480 2162 733 2228 γυναῖκα,
761 2160 934 2224 οὐδεὶς
978 2161 1195 2231 ἀντερεῖ
1227 2162 1310 2215 δτι
1350 2162 1569 2226 πάντως
1609 2164 1926 2236 ἐκϐήσεται,

249 2248 353 2301 καὶ
383 2246 744 2319 ἐπιδραμοῦσι
774 2250 840 2320 τῇ
864 2248 1151 2320 ἀφαιρέσει
1174 2249 1262 2302 διά
1283 2249 1380 2321 τὴν
1398 2250 1499 2319 τῆς
1523 2251 1722 2323 σαρκὸς
1736 2251 1931 2322 εὐμορ-

248 2339 416 2408 φίαν.
456 2337 556 2410 ἐμὲ
593 2337 651 2390 δὲ
676 2337 824 2401 είκδς
860 2337 1144 2408 διαφυγεῖν
1172 2338 1270 2411 τὴν
1289 2338 1601 2408 ἐπιϐουλὴν,
1638 2342 1687 2392 εἰ
1724 2339 1802 2411 τῷ
1827 2337 1929 2410 τῆς

245 2426 492 2497 ἀδελφῆς
523 2425 749 2496 ὀνόματι
801 2426 1054 2497 χρήσαιο.
1091 2421 1247 2491 Εἶδες
1300 2425 1515 2480 σύνεσιν
1561 2426 1658 2480 τοῦ
1690 2425 1923 2493 δικαίου,

245 2516 372 2580 πῶς
401 2513 737 2585 ἀποληφθεὶς
760 2512 877 2567 ὀδόν
913 2530 1035 2567 τινα
1089 2513 1307 2585 ἴσχυσεν
1335 2514 1553 2585 ⁸εὑρεῖν,
1596 2508 1752 2586 δι’ἦς
1780 2513 1928 2568 ἐϐου-

243 2605 458 2671 λεύετο,
489 2604 609 2668 πῶς
642 2603 708 2657 ἂν
740 2601 994 2672 δυνηθείη
1031 2602 1129 2672 τῆς
1156 2601 1264 2655 τῶν
1299 2602 1610 2671 Αἰγυπτίων
1630 2600 1926 2673 ἐπιϐουλῆς

244 2695 525 2765 ἀνώτερος
549 2690 838 2761 γενέσθαι;
870 2689 1036 2742 Πάλιν
1062 2688 1379 2758 ἀναλογίζου
1407 2707 1496 2759 μοι
1518 2688 1799 2769 κάνταῦθα
1830 2692 1927 2745 καὶ

240 2781 346 2836 τοῦ
368 2779 575 2835 δικαίου
605 2777 704 2850 τὴν
735 2778 1035 2849 ὑπομονὴν,
1053 2777 1148 2829 καὶ
1177 2776 1277 2847 τῆς
1310 2776 1568 2845 γυναικὸς
1598 2778 1660 2831 τὸ
1689 2778 1924 2848 φιλάγα-

240 2870 344 2923 θον
363 2885 379 2901 ·
417 2866 511 2921 τοῦ
543 2867 645 2938 μέν
675 2864 908 2931 δικαίου,
936 2866 1017 2919 ὅτι
1060 2864 1160 2918 οὐκ
1201 2863 1614 2935 ἀπεδυσπέτησε
1643 2866 1736 2919 καί⁵
1763 2862 1884 2920 εἷπε
1905 2885 1919 2900 ο

239 2956 479 3021 Τίνοςδέ
507 2957 695 3010 ἕνεκεν
722 2952 928 3025 ταύτην
961 2952 1263 3023 ἐπάγομαι,
1294 2953 1472 3007 αἰτίαν
1504 2971 1595 3025 μοι
1628 2955 1921 3027 γινομένην

237 3045 503 3101 τοσούτου
554 3043 881 3107 κλυδωνίου;
925 3040 983 3095 τί
1026 3041 1134 3113 γάρ
1186 3058 1277 3112 μοι
1328 3040 1390 3095 τὸ
1438 3040 1633 3111 ὄφελος
1680 3043 1790 3098 ἀπὸ
1820 3045 1921 3115 τῆς

239 3132 555 3197 συνουσίας,
609 3132 739 3186 ὅταν
776 3130 956 3203 μέλλω
1002 3129 1071 3184 δι’
1116 3129 1289 3200 αὐτὴν
1336 3130 1466 3199 περί
1518 3129 1628 3183 τῶν
1674 3132 1919 3201 ἐσχάτων

237 3220 615 3287 κινδυνεύειν;
650 3220 705 3273 τί
728 3220 789 3272 τὸ
810 3219 1023 3290 κέρδος,
1053 3218 1180 3271 ὅταν
1212 3218 1287 3289 μὴ
1328 3217 1490 3288 μόνον
1524 3218 1792 3290 μηδεμίαν
1826 3237 1918 3291 μοι

237 3310 445 3383 εἰσάγῃ
478 3307 858 3380 παραμυθίαν,
907 3307 1043 3360 ἀλλά
1089 3307 1185 3361 καὶ
1227 3306 1390 3361 αὑτὸν
1429 3306 1523 3361 τὸν
1562 3305 1790 3361 θάνατόν
1826 3325 1916 3378 μοι

234 3399 404 3470 τίκτῃ
443 3397 532 3451 διὰ
579 3397 677 3468 τῆς
708 3394 918 3459 οἰκείας
951 3394 1293 3466 εὐμορφίας;
1348 3394 1516 3447 Οὐδὲν
1544 3392 1751 3448 τούτων
1792 3393 1916 3449 οὐτε

180 3520 195 3527 ι
234 3481 396 3540 εἶπεν
456 3483 583 3539 οὐτε
639 3482 940 3553 ἐνενόησεν,
990 3480 1130 3536 ἀλλά
1158 3482 1335 3536 πάντα
1388 3481 1628 3536 τοιοῦτον
1655 3482 1915 3554 λογισμὸν

234 3572 629 3643 ἀπωσάμενος,
663 3571 757 3626 καὶ
794 3567 918 3624 οὔτε
949 3568 1087 3641 πρὸς
1128 3569 1227 3640 τὴν
1256 3569 1589 3639 ἐπαγγελίαν
1634 3569 1730 3624 τοῦ
1776 3570 1912 3625 Θεοῦ

231 3661 521 3726 διστάσας,
550 3662 666 3724 ἑνὸς
697 3659 857 3731 μόνου
888 3658 953 3731 δὴ
995 3658 1225 3728 ἐγίνετο,
1260 3657 1356 3712 τοῦ
1400 3658 1522 3721 πῶς
1555 3658 1755 3730 δυνηθῇ
1794 3659 1913 3713 δια-

233 3752 433 3819 φυγεῖν
486 3748 578 3802 τδν
630 3745 1015 3819 προορώμενον
1060 3745 1329 3800 κίνδυνον.
1390 3745 1592 3800 Ἐννόει
1652 3763 1742 3816 μοι
1804 3746 1912 3817 γάρ

228 3836 498 3899 ἐνταῦθα,
531 3835 803 3906 ἀγαπητέ,
855 3832 1007 3905 [524]
1049 3833 1145 3886 τοῦ
1176 3833 1312 3886 Θεοῦ
1340 3832 1437 3904 τὴν
1465 3832 1671 3903 ἄφατον
1702 3849 1909 3905 μακρο·

230 3925 461 3993 θυμίαν,
488 3924 605 3986 πῶς
638 3921 875 3992 οὐδαμοῦ
908 3922 1193 3991 ἐφίσταται
1223 3920 1345 3974 οὐδέ
1371 3920 1781 3992 πραμυθεῖται
1819 3921 1911 3975 τὸν

227 4013 463 4074 δίκαιον,
490 4010 626 4065 ἀλλά
651 4010 909 4081 ἀναμένει
941 4007 1323 4080 κορυφωθῆναι
1358 4007 1427 4061 τά
1448 4007 1596 4061 δεινά
1620 4009 1715 4061 καὶ
1741 4007 1911 4079 αὐξη-

228 4102 420 4170 θῆναι,
450 4100 545 4154 καὶ
576 4102 655 4163 εἰς
701 4100 1011 4167 ἀπόγνωσιν
1064 4096 1260 4161 ἐλθεῖν,
1294 4097 1389 4150 καὶ
1417 4098 1539 4150 τότε
1570 4097 1671 4169 τὴν
1701 4099 1909 4152 οἰκείαν

231 4190 496 4261 πρόνοιαν
525 4186 910 4241 ἐπιδείκνυται.
937 4185 1084 4239 Εἰπὲ
1114 4180 1250 4249 οὖν,
1281 4186 1466 4255 φησὶν,
1507 4185 1596 4240 ὅτι
1647 4185 1907 4256 Ἀδελφὴ

227 4276 428 4332 αὐτοῦ
476 4276 616 4345 εἰμι,
656 4273 818 4339 ὅπως
847 4273 923 4327 ἃν
965 4267 1035 4328 εὖ
1084 4290 1187 4341 μοι
1243 4271 1485 4342 γένηται
1537 4273 1635 4328 διὰ
1679 4274 1774 4339 σὲ,
1809 4276 1910 4328 καί

227 4365 476 4431 ζήσεται
512 4365 551 4432 ἡ
579 4363 752 4433 ψυχή
786 4381 906 4433 μου
932 4362 1150 4434 ἕνεκενζ
1167 4361 1304 4417 σοῦ.
1339 4363 1451 4433 οὐχ
1489 4362 1564 4426 ὡς
1609 4362 1909 4434 μελλούσης

227 4455 335 4522 τῆς
365 4452 529 4506 αὐτοῦ
560 4449 741 4523 ψυχῆς
763 4451 1153 4521 ἀποθνήσκειν,
1192 4449 1366 4503 ταῦτα
1404 4451 1626 4522 εἴρηκεν
1652 4453 1680 4504 ό
1699 4451 1908 4517 δίκαιος

228 4540 353 4609 (Μὴ
402 4537 703 4609 φοϐηθῆτε
746 4539 873 4607 γὰρ,
917 4537 1102 4608 φησὶν,
1132 4536 1248 4591 ἀπὸ
1278 4537 1397 4591 τῶν
1425 4538 1908 4594 ἀποκτεινόντων

225 4628 299 4681 τὸ
328 4628 522 4698 σῶμα,
544 4627 660 4695 τὴν
686 4625 756 4680 δὲ
781 4624 995 4695 ψυχὴν
1014 4624 1102 4695 μὴ
1132 4624 1484 4694 δυναμένων
1511 4626 1902 4696 ἀποκτεῖναι),

225 4716 348 4770 ἀλλ’
372 4715 560 4779 ἁπλῶς
589 4714 729 4769 κατά
775 4714 873 4795 τῆν
921 4712 1206 4795 συνήθειαν
1237 4713 1538 4782 ἐφθέγξατο
1580 4714 1739 4768 τοῦτο
1768 4714 1907 4787 πρὸς

226 4804 330 4873 τὴν
359 4805 612 4870 γυναῖκα.
644 4794 839 4867 Ὅπως
858 4800 936 4855 ἂν
957 4794 1027 4855 εὖ
1049 4818 1173 4869 μοι.
1214 4802 1366 4874 φησὶ,
1402 4802 1644 4871 γένηται
1680 4803 1778 4857 διὰ
1808 4804 1903 4867 σὲ,

225 4891 328 4947 καί
360 4890 604 4961 ζήσεται
629 4890 666 4958 ἠ
691 4887 860 4959 ψυχή
881 4906 1001 4958 μου
1026 4888 1235 4942 ἕνεκεν
1261 4888 1399 4943 σοῦ’
1431 4892 1711 4961 μονονουχί
1731 4890 1906 4960 λέγων

226 4983 369 5055 πρὸς
391 4982 563 5053 αὑτήν
588 4998 601 5012 ·
618 4978 785 5044 Εἰπὲ,
808 4978 897 5033 ὅτι
933 4977 1185 5048 Ἀδελεσὴ
1207 4979 1395 5033 αὐτοῦ
1422 4982 1560 5050 εἰμι,
1598 4979 1684 5034 ἵνα
1718 4981 1793 5053 μὴ
1816 4981 1905 5037 διὰ

221 5074 318 5128 τὸν
346 5072 503 5143 λιμὸν
533 5071 773 5143 φυγόντα
796 5070 893 5141 τὴν
924 5071 1236 5124 Χαναναίαν
1268 5069 1428 5141 ἔργον
1460 5089 1526 5141 με
1556 5074 1788 5145 ποιήσῃς
1813 5090 1906 5143 γε-

224 5163 417 5218 νέσθαι
441 5163 551 5216 τῶν
571 5160 961 5231 Αἰγυπτιακῶν
988 5159 1206 5232 χειρῶν.
1244 5159 1406 5213 Γενοῦ
1439 5178 1529 5232 μοι
1558 5157 1651 5214 οὖν
1675 5162 1774 5233 τῆς
1799 5180 1904 5217 σω-

222 5250 420 5321 τηρίας
479 5250 658 5313 αἰτία,
706 5248 906 5313 Ὅπως
956 5247 1034 5302 ἂν
1082 5243 1152 5302 εὖ
1203 5264 1307 5318 μοι
1352 5247 1592 5318 γένηται
1653 5248 1751 5303 διὰ
1805 5249 1901 5306 σέ.

237 5338 481 5392 Ἐλεεινά
533 5338 603 5391 τά
652 5338 909 5410 ῥήματα·
950 5335 1117 5400 πολὺς
1154 5331 1222 5408 ἦν
1270 5339 1300 5391 ό
1354 5337 1517 5407 φόϐος
1549 5337 1640 5393 διά
1686 5356 1748 5392 τε
1804 5339 1905 5412 τὴν

227 5426 428 5497 μανίαν
472 5426 572 5498 τὴν
618 5422 1031 5496 Αἰγυπτιακὴν,
1081 5424 1175 5477 καὶ
1222 5425 1304 5477 ὅτι
1351 5424 1503 5478 οὔπω
1546 5418 1614 5499 ἦν
1668 5428 1905 5482 καταλυο

224 5515 382 5570 θεῖσα
424 5516 522 5569 τοῦ
561 5514 793 5569 θανάτου
840 5515 874 5585 ἡ
922 5515 1202 5587 τυραννίς·
1233 5514 1321 5569 διὰ
1352 5516 1511 5571 τοῦτο
1540 5519 1635 5572 καὶ
1678 5521 1744 5591 τῇ
1780 5537 1902 5590 μοι-

223 5603 351 5675 χείᾳ
373 5602 476 5674 τῆς
504 5604 762 5673 γυναικὸς
813 5605 1048 5674 αἱρεῖται
1091 5603 1424 5676 κοινωνῆσαι
1461 5608 1490 5660 ὁ
1530 5607 1757 5673 δίκαιος,
1803 5608 1901 5664 καὶ

227 5693 514 5763 μονονουχὶ
553 5691 1001 5764 ὑπηρετήσασθαι
1041 5692 1121 5763 τῷ
1170 5694 1343 5764 μοιχῷ
1385 5697 1467 5759 εἰς
1501 5692 1600 5768 τὴν
1656 5698 1757 5767 τῆς
1804 5716 1902 5768 γυ-

224 5781 410 5845 ναικὸς
443 5780 621 5852 ὓϐριν,
664 5776 751 5833 ἵνα
795 5779 887 5833 τὸν
918 5779 1147 5834 θάνατον
1188 5779 1448 5853 διαφύγῃ.
1481 5784 1602 5837 Ἔτι
1634 5783 1746 5853 γάρ
1804 5803 1900 5856 φο-

226 5866 388 5938 ϐερδν
417 5865 487 5940 ῆν
513 5867 680 5921 αὐτοῦ
723 5866 786 5921 τὸ
818 5871 1149 5942 πρόσωπονή
1177 5868 1391 5923 οὐδέπω
1428 5867 1569 5941 ἦσαν
1595 5872 1653 5924 αἰ
1697 5872 1901 5942 χαλκαῖ

231 5954 394 6010 πύλαι
426 5956 769 6012 κλασθεῖσαιο
793 5957 1003 6011 οὐδέπω
1029 5953 1095 6028 ἦν
1121 5941 1182 6011 τὸ
1208 5958 1433 6029 κέντρον
1462 5959 1629 6013 αὑτοῦ
1660 5941 1894 6031 ἀμϐλυν-

192 6074 205 6083 -
230 6041 341 6101 θέν.
360 6043 510 6110 Εἶδες
534 6045 829 6114 σύνδεσμον
859 6045 1078 6115 ἀγάπης
1108 6045 1299 6117 ἀνδρὸς
1320 6047 1414 6102 καί⁸
1442 6046 1728 6118 γυναικός;
1760 6044 1900 6113 εἶδες

632 6132 895 6231 Ρειτιιοι.
944 6133 1062 6192 Gn.
1111 6132 1270 6198 Llll.

2046 1451 2251 1506 τιάσθω
2277 1454 2371 1507 τοῦ
2396 1455 2623 1519 κάλλους
2653 1456 2750 1528 τὴν
2782 1458 3106 1529 εὐμορφίαν,
3141 1457 3280 1531 μηδὲ
3312 1458 3517 1528 λεγέτω
3541 1460 3725 1514 ἐκεῖνα

2042 1539 2112 1593 τὰ
2137 1538 2372 1611 ἀνόνητα
2407 1539 2648 1615 ῥήματα,
2686 1546 2768 1599 ὅτι
2797 1546 2896 1616 τὴν
2928 1543 3074 1599 δεῖνα
3107 1546 3167 1599 τὸ
3200 1545 3394 1610 κάλλος
3438 1545 3719 1602 ἀπώλεσεδ

2044 1627 2138 1681 καὶ
2183 1631 2251 1700 τῇ
2285 1629 2418 1683 δεῖνι
2448 1632 2512 1684 τὸ
2553 1632 2749 1698 κάλλος
2795 1633 3016 1702 γέγονεν
3053 1634 3274 1706 ὀλέθρου
3313 1635 3499 1689 αἴτιον.
3540 1635 3616 1689 Οὑ
3657 1636 3721 1692 τὸ

2043 1714 2237 1779 κάλλος
2267 1714 2438 1771 αίτιον
2458 1733 2472 1746 ⁸
2508 1717 2583 1789 μὴ
2627 1720 2867 1788 γένοιτο·
2914 1720 3076 1794 ἔργον
3115 1723 3223 1794 γάρ
3268 1722 3383 1775 ἐστι
3429 1723 3523 1776 καί
3561 1723 3719 1777 τοῦτο

2040 1801 2134 1854 τοῦ
2175 1802 2342 1857 Θεοῦο
2371 1804 2486 1859 ἀλλ’
2513 1808 2546 1876 ἡ
2578 1806 2896 1877 προαίρεσις
2923 1810 2956 1881 ή
2986 1809 3361 1880 διεφθαρμένη
3404 1810 3554 1863 αἰτία
3582 1812 3721 1865 πάν·

2038 1904 2148 1941 των
2174 1889 2283 1942 τῶν
2316 1890 2501 1945 κακῶν
2537 1895 2702 1946 ἐστιν.
2730 1890 2881 1959 Εἶδες
2907 1896 3006 1967 τὴν
3036 1894 3344 1965 θαυμασίαν
3377 1895 3584 1968 ταύτην
3614 1914 3715 1965 γυι-

2038 1979 2202 2030 ναῖκα
2239 1978 2582 2051 ἑκατέρωθεν
2607 1980 3039 2051 διαλάμπουσαν,
3070 1983 3165 2036 καὶ
3207 1982 3315 2037 ἀπὸ
3346 1982 3439 2037 τοῦ
3480 1984 3581 2054 τῆς
3609 1985 3716 2055 4m-

2037 2064 2140 2134 χῆς
2162 2065 2390 2130 κάλλους
2422 2068 2514 2120 καὶ
2556 2067 2664 2121 ἀπὺ
2692 2068 2786 2121 τοῦ
2824 2068 2923 2138 τῆς
2947 2068 3146 2139 ὅψεως,
3174 2070 3269 2124 καὶ
3298 2073 3417 2124 κατ’
3449 2070 3591 2141 ἴχνος
3617 2066 3715 2127 τοῦ

2035 2150 2241 2204 δικαίου
2275 2154 2680 2227 πορευομένηνς
2727 2155 2941 2226 Ταύτην
2992 2156 3369 2227 μιμείσθωσαν
3413 2159 3470 2211 αἱ
3513 2160 3709 2227 γυναῖι

2036 2255 2152 2303 κες.
2195 2240 2326 2294 Ἰδοὺ
2363 2240 2471 2312 γὰρ
2500 2243 2593 2295 καὶ
2635 2242 2784 2315 ῶρας
2813 2244 3106 2315 εὐμορφία,
3138 2246 3234 2298 καί¹
3270 2246 3577 2318 στείρωσις,
3617 2250 3713 2303 καὶ

2035 2327 2226 2397 χρόνος
2248 2330 2520 2393 τοσοῦτος,
2547 2331 2639 2383 καὶ
2663 2332 2946 2403 περιουσία
2972 2332 3163 2403 πολλὴ,
3188 2333 3283 2387 καὶ
3311 2335 3711 2405 μετανάστασις

2035 2414 2289 2488 τοσαύτη,
2325 2418 2418 2471 καὶ
2464 2419 2782 2490 ἀποδημία,
2828 2420 2924 2475 καὶ
2974 2423 3272 2493 πειρασμοί
3319 2426 3564 2494 συνεχεῖς
3613 2420 3713 2479 καὶ

2033 2502 2357 2574 ἐπάλληλοι·
2393 2505 2487 2558 καὶ
2533 2506 2684 2560 οὐδὲν
2714 2505 2916 2561 τούτων
2946 2508 3116 2580 αὐτῆς
3140 2509 3233 2562 τὸν
3277 2509 3535 2580 λογισμὸν
3563 2526 3708 2582 παρ-

2034 2589 2342 2655 εσάλευσεν,
2370 2592 2484 2646 ἀλλ’
2511 2593 2704 2664 ἔμενεν
2730 2596 3147 2669 ἀπερίτρεπτος.
3174 2598 3275 2651 Διά
3315 2615 3397 2651 τοι
3433 2598 3589 2652 τοῦτο
3614 2600 3709 2653 καὶ

2032 2680 2131 2745 τῖς
2170 2677 2448 2750 ὑπομονῆς
2484 2678 2639 2744 ἀξίαν
2667 2681 2767 2752 τὴν
2804 2682 3036 2753 ἀμοιϐὴν
3063 2683 3377 2753 ἐκομίσατο,
3403 2684 3462 2737 ἐν
3494 2686 3708 2756 ἐσχάτῳ

2030 2764 2177 2834 γήρα
2210 2764 2317 2817 ἀπὸ
2357 2766 2571 2835 μήτρας
2614 2771 3022 2838 πεπηρωμένης
3067 2769 3162 2822 καί
3209 2768 3400 2839 νηδύος
3439 2787 3708 2843 νενεκρω⁶

2032 2848 2202 2919 μένης
2230 2852 2411 2904 τεκεῖν
2447 2852 2760 2923 δυνηθεῖσα.
2788 2854 2987 2920 ὀπως
3018 2854 3116 2919 ἂν,
3157 2859 3342 2926 φησὶν,
3369 2854 3438 2912 εὖ
3473 2875 3578 2927 μοι
3608 2859 3706 2928 γέ·-

2027 2952 2199 3003 νηται
2237 2936 2337 2991 διὰ
2360 2938 2458 3002 σὲ,
2482 2939 2583 2995 καί
2620 2939 2861 3007 ζήσεται
2886 2942 2924 3009 ἠ
2950 2943 3123 3010 ψυχή
3154 2960 3276 3012 μου
3312 2943 3521 2999 ἕνεκεν
3557 2946 3700 3001 σοῦ.

2027 3024 2213 3089 Οὐδὲν,
2239 3024 2389 3098 [525]
2429 3030 2613 3098 φησὶν,
2644 3028 2831 3101 ἕτερον
2871 3030 3254 3085 ὑπολέλειπταί
3285 3049 3373 3103 μοι
3407 3035 3488 3096 εἰς
3522 3051 3703 3105 σωτη-

2026 3113 2171 3183 ρίαν,
2210 3114 2244 3185 ή
2277 3114 2340 3167 τὸ
2374 3114 2435 3167 σὲ
2474 3115 2801 3188 βουληθῆναι
2848 3118 3044 3183 εἰπεῖν,
3088 3118 3172 3172 δτι
3215 3117 3466 3189 Ἀδελρὴ
3508 3121 3703 3177 αὑτοῦ

2022 3202 2157 3270 εἰμι.
2187 3202 2348 3265 Ἴσως
2377 3202 2486 3272 γὰρ
2515 3202 2873 3275 διαφεύξομαι
2901 3204 2990 3258 τὸν
3026 3204 3472 3277 προσδοκώμενον
3513 3207 3701 3262 κίνδυι

2023 3303 2133 3353 νον,
2162 3289 2256 3342 καὶ
2279 3288 2368 3342 διὰ
2400 3288 2460 3342 σέ
2487 3290 2671 3343 λοιπὸν
2700 3289 2959 3361 ζήσομαι,
2992 3292 3085 3345 καὶ
3120 3292 3204 3345 σοὶ
3232 3292 3332 3363 τὴν
3362 3293 3500 3363 μετά
3525 3294 3699 3350 ταῦτα

2023 3372 2169 3446 ζωὴν
2205 3375 2580 3447 ἐπιγράψομαι
2604 3376 2654 3435 δ.
2692 3377 2875 3431 Ἱκανά
2920 3377 2989 3432 τὰ
3035 3381 3258 3450 ῥήματα
3292 3381 3699 3449 ἐφελκύσασθαι

2020 3462 2120 3532 τὴν
2142 3465 2375 3531 γυναῖκα
2403 3465 2497 3518 καὶ
2524 3466 2603 3528 εἰς
2633 3464 2974 3536 συμπάθειαν
3002 3466 3243 3536 ἀγαγεῖν.

2093 3556 2168 3614 ς’.
2187 3549 2358 3605 Τοῦτο
2380 3551 2595 3623 ἀληθῶς
2626 3553 2980 3617 συνοικέσιον,
3008 3553 3068 3607 τὺ
3101 3555 3176 3627 μὴ
3209 3555 3368 3626 μόνον
3400 3558 3458 3610 ὲν
3493 3556 3693 3623 ἀνέσει,

2018 3635 2157 3690 ἀλλά
2201 3640 2293 3692 καὶ
2328 3640 2385 3692 ἐν
2436 3642 2548 3703 τοῖς
2597 3637 2862 3704 κινδύνοις
2907 3637 3119 3705 ἑαυτοῖς
3156 3645 3693 3716 συμπεριφέρεσθαι’

2018 3723 2178 3777 τοῦτο
2224 3726 2445 3797 ἀγάπης
2477 3728 2704 3797 γνησίας
2757 3730 3081 3801 τεκμήριον,
3123 3728 3280 3783 τοῦτο
3310 3732 3492 3800 φιλίας
3535 3734 3695 3806 ἀκριο

2019 3810 2286 3883 ϐεστάτης
2332 3813 2640 3885 γνώρισμα.
2688 3815 2800 3885 Οὐχ
2837 3813 2981 3868 οὕτω
3029 3814 3269 3888 διάδημα
3320 3819 3412 3870 ἐπὶ
3460 3818 3562 3890 τῆς
3600 3838 3693 3872 κε-

2018 3900 2194 3970 φαλῆς
2231 3900 2481 3970 κείμενον
2509 3900 2762 3973 λαμπρὸν
2796 3903 3035 3957 δείκνυσι
3079 3904 3170 3957 τὸν
3203 3904 3447 3974 βασιλέα,
3478 3908 3555 3971 ὡς
3595 3907 3694 3979 τὴν

2020 3988 2293 4058 μακαρίαν
2334 3987 2537 4060 ταύτην
2582 3990 2854 4061 περιφανῆ
2902 3990 2997 4044 καὶ
3030 3990 3289 4063 λαμπρὰν
3333 3992 3616 4059 ἀπέδειξεν
3658 3998 3691 4066 ἡ

2017 4073 2231 4143 ὑπακοὴ
2266 4071 2428 4143 αῦτη,
2479 4074 2543 4143 ῆν
2591 4074 2716 4145 περὶ
2753 4074 2850 4146 τὴν
2886 4075 3197 4148 συμϐουλὴν
3223 4075 3316 4129 τοῦ
3343 4078 3551 4131 δικαίου
3594 4081 3694 4134 ἐπ-

2015 4160 2275 4226 εδείξατο.
2319 4159 2453 4213 Τίνα
2498 4155 2590 4215 οὖν
2631 4161 2693 4213 τὸ
2735 4162 2939 4233 ταύτης
2984 4164 3313 4228 καταπειθὲς
3345 4165 3692 4237 λογιζόμενον

2014 4246 2115 4301 οὐκ
2159 4247 2446 4317 ἐκστήσει;
2482 4248 2566 4311 τίς
2602 4248 2712 4319 γὰρ
2740 4247 2805 4302 ἂν
2836 4250 2956 4305 κατ’
3000 4249 3157 4317 ἀξίαν
3214 4251 3421 4323 ταύτην
3470 4255 3690 4309 ἐπαινέι

2016 4352 2178 4400 σειεν,
2211 4337 2333 4406 ἥτις
2366 4335 2504 4407 μετά
2543 4336 2819 4407 τοσαύτην
2867 4339 3245 4410 σωφροσύνην,
3281 4342 3374 4394 καὶ
3406 4342 3463 4394 ἐν
3503 4341 3691 4415 ἡλικία

2013 4422 2239 4496 τοιαύτῃ
2272 4424 2414 4494 ὑπὲρ
2447 4423 2540 4477 τοῦ
2586 4425 2679 4479 τὸν
2726 4425 2934 4480 δίκαιον
2972 4427 3258 4495 διασῶσαι,
3307 4430 3432 4484 ὅσον
3478 4433 3557 4496 εἰς
3589 4432 3690 4503 τὴν

2012 4511 2220 4566 οἰκείαν
2252 4511 2501 4583 γνώμην,
2535 4513 2631 4568 καὶ
2651 4514 2733 4577 εἰς
2769 4514 3016 4585 μοιχείαν
3042 4516 3246 4587 ἑαυτὴν
3281 4516 3564 4585 ἐξέδωκεν,
3596 4522 3691 4573 καὶ

2015 4599 2306 4662 συνουσίας
2332 4600 2591 4671 ἠνέσχετο
2626 4599 3005 4672 βαρϐαρικῆς;
3047 4601 3207 4655 ’Λλλά
3249 4605 3442 4675 μικρὸν
3470 4606 3690 4676 ἀνάμειο

2011 4702 2122 4749 νον,
2172 4687 2268 4739 καὶ
2315 4685 2435 4755 ὄψει
2475 4686 2569 4739 τοῦ
2609 4686 2745 4740 Θεοῦ
2789 4689 2889 4760 τὴν
2927 4689 3235 4760 εὐμήχανον
3277 4691 3553 4761 πρόνοιαν.
3588 4696 3687 4750 Διὶ..

2010 4773 2121 4844 γὰρ
2152 4772 2311 4827 τοῦτο
2337 4775 2438 4845 τὴν
2469 4774 2670 4845 πολλὴν
2698 4774 2904 4844 ταύτην
2927 4776 3241 4839 ἐπεδείξατο
3278 4778 3682 4849 μακροθυμίαν,

2013 4861 2100 4913 ἵνα
2130 4861 2224 4913 καὶ
2252 4861 2342 4913 τὸν
2377 4861 2586 4914 δίκαιον
2615 4860 3077 4932 περιφανέστερον
3104 4863 3428 4934 ἐργάσηται,
3463 4866 3558 4919 καὶ
3597 4866 3687 4922 διὰ

2009 4948 2119 5001 τῶν
2153 4949 2271 5001 ἐκεῖ
2300 4948 2604 5019 γινομένων
2654 4950 2729 5019 μὴ
2786 4948 2945 5019 μόνον
2974 4951 3024 5002 οἰ
3060 4950 3204 5004 κατά
3244 4951 3344 5023 τὴν
3386 4954 3683 5023 Δίγυπτον,

2008 5036 2147 5091 ἀλλά
2191 5038 2286 5091 καὶ
2336 5040 2386 5090 οἰ
2431 5037 2572 5090 κατά
2605 5037 2970 5111 Παλαιστίνην
3003 5041 3385 5109 παιδευθῶσιν,
3429 5046 3562 5117 δσης
3596 5048 3689 5101 εὑ..

2009 5125 2160 5189 νοίας
2201 5124 2466 5178 ἀπολαύει
2489 5126 2518 5178 ό
2545 5127 2893 5198 πατριάρχης
2920 5128 3073 5199 παρά
3105 5128 3199 5182 τοῦ
3232 5130 3450 5185 πάντων
3477 5134 3687 5187 Δεσπό-

2007 5229 2124 5267 του.
2166 5213 2429 5284 Ἐγένετο
2480 5213 2610 5285 γὰρ,
2667 5216 2855 5286 φησὶν,
2909 5217 3092 5285 ἡνίκα
3132 5216 3423 5287 είσῆλθεν
3468 5223 3688 5294 ’Ἁϐραμ

2008 5305 2096 5369 εἰς
2128 5302 2455 5371 Αἴγυπτον,
2507 5303 2739 5369 ἰδόντες
2779 5307 2833 5357 ot
2875 5306 3183 5375 Αἰγύπτιοι
3236 5307 3353 5376 τὴν
3398 5310 3685 5379 γυναῖκα,

2009 5391 2099 5444 ὅτι
2128 5390 2284 5459 καλὴ
2327 5387 2408 5461 ἦν
2452 5391 2715 5460 σφόδρα·
2750 5393 2847 5446 καὶ
2878 5390 3044 5448 εἶδον
3075 5395 3273 5465 αὐτὴν
3300 5400 3356 5450 οἰ
3392 5397 3687 5467 ἄρχοντες

2009 5478 2240 5546 Φαραὼ,
2277 5479 2375 5531 καί
2416 5478 2726 5547 ἐπῄνεσαν
2752 5481 2947 5549 αὐτὴν
2985 5482 3136 5550 πρὸς
3167 5484 3398 5552 Φαραὼ,
3433 5488 3531 5540 καί
3564 5490 3689 5544 εἱσ-

2008 5566 2238 5635 ήγαγον
2263 5564 2461 5634 αὐτὴν
2487 5569 2577 5631 εἰς
2608 5566 2715 5621 τὸν
2753 5566 2923 5622 οἷκον
2968 5569 3195 5638 Φαραὼ,
3228 5573 3324 5625 καί
3360 5572 3439 5639 τῷ
3471 5577 3687 5645 Ἀϐραμ

2007 5648 2077 5709 εὖ
2100 5652 2442 5722 ἐχρήσαντο
2470 5652 2547 5708 δι’
2569 5654 2783 5721 αὑτήν.
2812 5657 2917 5709 Καὶ
2949 5657 3185 5727 ἐγένετο
3212 5660 3372 5727 αὑτῷ
3398 5663 3685 5730 πρόϐατα,

2009 5742 2111 5796 καί
2139 5742 2386 5811 μόσχοι,
2430 5742 2530 5796 καὶ
2578 5742 2734 5809 ὄνοι,
2769 5744 2867 5797 καί
2902 5745 3145 5813 παῖδες,
3189 5747 3291 5802 καί
3335 5749 3684 5814 παιδίσκαι,

2008 5830 2108 5884 καὶ
2147 5830 2406 5898 ἡμίονοι,
2437 5831 2537 5884 καὶ
2572 5830 2847 5901 κάμηλοι.
2874 5833 3014 5904 Ὅρα
3048 5834 3165 5896 πῶς
3212 5836 3356 5907 άπερ
3400 5838 3688 5906 προλαϐὼν

2010 5919 2259 5973 ὑπείδετο
2287 5922 2317 5973 ό
2357 5919 2583 5986 δίκαιος,
2609 5921 2782 5976 ταῦτα
2816 5924 2895 5986 εἰς
2920 5922 3077 5996 ἔργον
3098 5923 3275 5993 ἐξέϐη.
3312 5924 3401 5987 Ὠς
3432 5925 3543 5997 γάρ
3572 5926 3679 5981 εἰσ⁸

2072 6057 2099 6086 ⁸
2118 6055 2216 6107 Δίίί
2258 6062 2343 6117 τῆς
2364 6054 2450 6107 τοῦ
2481 6056 2607 6108 Θεοῦ
2631 6059 2869 6123 προνοίας.
2932 6059 2961 6101 1⁷
2984 6059 3084 6109 Sex
3119 6072 3235 6201 ηιξ.
3264 6058 3529 6125 ἐπιγράψω.

3138 6142 3167 6201 1

3138 6142 3167 6203 1
