4060 6416
221 444 318 497 501
1249 442 1312 499 lN
1351 444 1501 497 llAl'.
1546 443 1658 498 XII.
1700 443 1944 498 GENES.
1989 443 2215 499 IIOMIL.
2260 444 2472 502 XXXII.

225 567 332 621 tur,
369 572 426 609 re
454 555 567 623 ipsa
593 567 899 610 evenerunt.
927 556 1057 610 Nam
1085 567 1137 610 ut
1178 558 1228 611 in
1259 556 1545 627 [Egyptian
1569 557 1802 623 intravit,

227 647 294 702 Ut
341 648 575 701 viderunt
626 646 866 719 Aigyptii
917 648 1196 716 mulierem,
1248 650 1382 716 quod
1425 649 1637 718 pulchra
1685 657 1810 700 esset

226 740 390 793 ra’de.
431 738 545 792 Non
575 738 885 807 simpliciter
917 739 1100 808 inquit,
1137 740 1371 807 pulchra,
1411 739 1501 793 sed
1538 738 1813 792 excellen-

230 841 333 895 ter,
364 831 436 884 ita
462 840 520 884 ut
545 846 754 897 omnes,
785 831 874 899 qui
896 846 1015 885 eam
1041 831 1306 894 videbant,
1354 831 1710 884 allicerentur.
1745 827 1811 881 Et

230 932 287 974 ut
321 922 547 975 viderunt
573 938 682 973 eam
705 921 953 999 principes
977 920 1286 986 Pharaonis,
1332 920 1659 973 laudauerunt
1705 935 1813 971 eam

231 1030 408 1071 coram
430 1014 720 1069 Pharaone.
743 1013 871 1080 Oro,
919 1014 1132 1080 dilecte,
1180 1029 1245 1067 ne
1292 1023 1493 1068 temere
1533 1020 1817 1081 pra-ternas

234 1108 378 1176 quod
407 1107 608 1161 dictum
629 1116 729 1169 cst,
758 1106 850 1160 sed
878 1106 1139 1160 admirare
1164 1106 1428 1175 quomodo
1456 1105 1629 1158 nullus
1655 1103 1818 1173 [Egy-

238 1200 474 1267 ptiornm
503 1198 711 1252 mulie:i
739 1207 921 1266 utpote
958 1198 1271 1267 pcregrinzc,
1305 1210 1357 1251 et
1381 1213 1409 1249 a
1456 1206 1595 1250 terra
1648 1195 1817 1249 aliena

238 1288 550 1342 adxcntanti
581 1303 766 1341 manus
809 1287 1068 1357 injcccrit,
1092 1302 1265 1357 neque
1293 1285 1708 1355 contempserint
1738 1285 1819 1337 vi-

242 1394 364 1433 rum
394 1397 407 1433 :
436 1378 784 1448 sedingressi
839 1378 948 1448 regi
983 1381 1158 1433 omnia
1198 1378 1510 1433 utnitiariut.
1559 1377 1822 1431 Cancrum

3386 444 3489 497 309

1912 558 2204 614 auferendo
2222 560 2354 629 justi
2386 561 2641 615 uxorem?
2686 562 3016 630 QuaprOpter
3044 578 3146 616 non
3186 562 3298 634 ipse
3323 566 3487 628 solus,

1914 649 2007 703 scd
2032 659 2086 703 et
2113 667 2302 705 tllllllCS
2317 651 2593 706 domestici
2622 651 2735 720 ejus
2758 667 2926 721 paena}
2955 652 3165 707 fuerunt
3185 653 3488 723 participes,

1917 752 1973 794 ut
1997 740 2264 795 discerent
2292 757 2351 796 se
2379 757 2482 796 nou
2508 744 2557 796 in
2582 744 2916 812 peregrinum
2933 744 3242 813 simpliciter
3259 746 3489 799 furorem

1916 845 2070 883 suum
2100 832 2420 893 exercuisse.
2450 849 2621 901 neque
2651 835 2702 887 in
2732 833 3000 888 hominem
3027 849 3059 887 e
3094 833 3271 888 medio
3319 835 3494 902 \ulgo,

1920 921 2013 975 sed
2042 922 2092 976 in
2114 923 2283 976 virum
2313 923 2644 978 carissimum
2696 925 2824 990 Deo,
2874 925 2961 995 qui
3007 934 3152 979 tanta
3195 924 3344 979 illum
3372 938 3495 979 cura

1922 1012 2253 1083 dignaretur.
2277 1013 2344 1068 Et
2367 1015 2562 1069 idcirco
2595 1016 2936 1089 acerbissima
2986 1031 3140 1084 poena
3192 1015 3499 1069 concutiens

1924 1106 2038 1174 ejus
2067 1114 2320 1170 mentem,
2349 1107 2567 1160 abduxit
2601 1123 2630 1160 a
2661 1108 2862 1161 nefario
2904 1105 3120 1175 ﬂagitio,
3163 1105 3398 1160 coercuit
3436 1104 3503 1157 ab

1925 1198 2217 1252 irrationali
2247 1200 2442 1266 impetu
2464 1240 2478 1266 ,
2511 1198 2746 1253 cohibuit
2784 1199 3196 1253 incontinentem
3229 1204 3500 1258 mentem,

1924 1289 2158 1359 alligavit
2182 1289 2659 1360 concupiscentiam
2689 1291 3015 1356 indomitam,
3046 1288 3332 1343 refrenavit
3356 1285 3509 1341 foro.

1926 1395 2000 1435 l‘lS
2030 1394 2309 1433 Insaniam.

242 1471 348 1526 hoc
368 1470 568 1525 factum
596 1480 695 1535 est,
722 1479 778 1524 ut
817 1485 905 1524 res
934 1471 1083 1525 ﬁeret
1102 1469 1451 1534 manifestior,
1483 1477 1536 1523 et
1562 1468 1693 1523 ultio
1717 1484 1823 1521 non

244 1564 298 1617 in
332 1563 598 1632 privatum
623 1571 676 1615 ct
697 1561 960 1630 plebeium
987 1560 1238 1629 aliquem,
1270 1559 1363 1614 sed
1389 1560 1440 1612 in
1468 1573 1649 1627 regem
1673 1556 1826 1611 saevi-

247 1662 352 1716 ret,
382 1662 437 1706 ut
467 1651 661 1720 ubique
684 1650 1045 1719 divulgaretur
1076 1651 1173 1704 hoc
1202 1649 1416 1703 factum.
1450 1649 1513 1702 Et
1541 1649 1829 1702 introduxe-

245 1751 367 1794 runt
408 1756 521 1794 eam
565 1741 620 1794 in
662 1738 861 1793 domum
911 1739 1217 1793 Pharaonis.
1270 1739 1515 1793 Protinus
1559 1739 1627 1792 ab
1666 1753 1831 1793 uxore

248 1834 428 1900 justus
452 1830 749 1897 abducitur,
778 1840 833 1885 et
858 1831 971 1899 ipsa
1000 1830 1066 1885 ad
1093 1830 1425 1884 Pharaonem
1458 1829 1827 1883 introducitur.

251 1922 547 1977 Considera
567 1929 758 1992 quanta
791 1921 883 1975 Dei
909 1921 1158 1991 patientia
1187 1922 1382 1988 fuerit;
1431 1919 1697 1990 quomodo
1727 1935 1831 1974 non

251 2012 321 2066 ab
345 2013 515 2077 initio,
546 2027 717 2081 neque
738 2027 768 2065 a
790 2012 1060 2082 procemiis
1083 2028 1231 2066 suam
1272 2012 1618 2067 declaraverit
1652 2010 1833 2080 provi-

256 2103 520 2167 dentiam,
543 2104 635 2158 sed
658 2104 955 2174 permiserit
980 2104 1154 2158 orunia
1182 2104 1316 2171 fieri,
1345 2104 1628 2175 etquasiin
1656 2102 1837 2159 fauces

256 2196 446 2250 bestia!
491 2195 768 2249 mulierem
821 2194 1093 2260 incidere;
1134 2204 1188 2250 et
1218 2205 1341 2248 tunc
1372 2194 1584 2248 tandem
1613 2194 1834 2247 manife-

258 2297 397 2341 Statu
416 2286 662 2341 omnibus
689 2301 838 2340 suam
857 2287 1103 2340 virtutem
1131 2285 1335 2341 fecerit.
1364 2285 1428 2338 Et
1453 2284 1838 2338 introduxerunt

257 2392 375 2429 eam
399 2376 449 2428 in
477 2375 679 2429 domum
711 2373 1017 2429 Pharaonis.
1051 2374 1106 2428 lu
1129 2391 1235 2445 quo
1262 2384 1399 2429 statu
1427 2389 1520 2444 per
1545 2372 1675 2427 illud
1701 2383 1838 2427 tem-

261 2482 364 2536 pus
388 2474 503 2521 crat
528 2466 761 2521 mulieris
790 2466 974 2520 mens?
1002 2465 1267 2536 quomodo
1296 2467 1499 2520 turbata
1525 2474 1641 2519 erat
1668 2462 1843 2518 ratio?

258 2556 532 2626 quomodo
542 2555 731 2611 ﬂuctus
742 2556 1102 2626 erigebantur?
1114 2556 1380 2628 quomodo
1399 2557 1724 2626 naufragium
1739 2569 1844 2633 non

262 2648 412 2716 fecit,
432 2648 525 2704 sed
543 2650 736 2704 mansit
750 2651 895 2720 quasi
917 2650 1199 2704 immobilis
1212 2659 1355 2720 petra
1368 2650 1434 2705 ad
1444 2650 1712 2705 caelestem
1728 2664 1848 2719 gra-

267 2743 395 2796 tiam
429 2756 639 2811 semper
667 2743 1115 2812 speetaus?,Quid
1137 2753 1311 2798 autem
1332 2743 1504 2807 dicam
1534 2740 1849 2797 mulierem?

266 2828 488 2900 Qualem
506 2836 742 2887 animum
770 2833 1056 2887 verisimile
1083 2844 1164 2887 est
1187 2833 1347 2887 fuisse
1358 2835 1522 2901 justo,
1551 2833 1640 2886 illa
1666 2832 1718 2886 in
1748 2831 1846 2886 do—

266 2940 417 2978 mum
437 2923 725 2979 Pharaonis
744 2923 1151 2979 introducta?Et
1169 2925 1278 2995 ipso
1296 2922 1503 2988 Abram,
1525 2922 1710 2991 inquit,
1731 2921 1850 2974 bene

268 3015 350 3068 usi
370 3024 486 3087 sunt
526 3024 728 3086 propter
751 3016 913 3079 illam,
956 3026 1222 3086 tamquam
1272 3014 1435 3070 fratre
1464 3014 1727 3069 videlicet.
1788 3012 1853 3066 Et

270 3110 474 3178 fuerunt
500 3108 543 3159 ei
562 3123 694 3173 oves,
722 3115 770 3159 et
797 3107 959 3171 vituli,
988 3118 1033 3159 et
1069 3107 1219 3173 asini,
1266 3116 1312 3160 et
1344 3106 1492 3171 servi,
1540 3114 1585 3159 et
1629 3103 1849 3168 ancilla,

271 3209 320 3250 et
346 3196 544 3259 cameli,
588 3207 633 3251 et
677 3197 820 3254 muli.
850 3196 975 3251 Haec
1019 3206 1195 3250 autem
1251 3197 1362 3265 ipsa
1410 3211 1528 3265 qua:
1559 3194 1774 3249 honoris
1802 3204 1856 3249 et

276 3288 557 3342 ministerii
587 3289 755 3358 gratia
796 3288 915 3342 data
955 3298 1075 3343 sunt
1102 3288 1150 3343 ei
1174 3328 1189 3354 ,
1223 3298 1478 3359 quantum
1518 3303 1623 3342 non
1670 3302 1856 3356 rogum

277 3380 334 3432 in
364 3394 430 3432 eo
456 3378 886 3433 succenderunt?
924 3379 1192 3449 quomodo
1218 3370 1395 3433 autem
1422 3394 1527 3431 non
1553 3377 1667 3447 ejus
1694 3393 1854 3432 exus-

277 3469 351 3523 sit
403 3477 636 3524 mentem
658 3508 674 3533 ,
706 3484 802 3523 nec
825 3469 1167 3523 inﬂammavit
1195 3469 1570 3538 cogitationem
1592 3466 1855 3521 donorum

281 3561 581 3630 hujusmodi
612 3562 1026 3631 argumentum?
1074 3562 1258 3615 Vidisti
1303 3561 1568 3630 quomodo
1600 3576 1760 3630 prope
1789 3559 1854 3612 ad

283 3655 444 3707 finem
490 3656 822 3724 pervenerint
867 3649 1140 3722 pericula?
1186 3653 1360 3707 vidisti
1407 3653 1671 3722 quomodo
1716 3652 1858 3705 nulla

278 3747 580 3802 secundum
600 3762 773 3801 rerum
793 3746 1144 3801 humanarum
1163 3748 1355 3801 seriem
1376 3762 1497 3816 spes
1514 3746 1862 3801 correctionis

279 3839 469 3894 relicta
490 3839 513 3892 ?
540 3838 712 3892 vidisti
734 3838 1000 3908 quomodo
1025 3838 1316 3892 secundum
1343 3837 1630 3891 humanam
1652 3836 1860 3907 opinio~

284 3944 416 3985 nem
443 3945 530 3984 res
554 3928 840 3998 deplorata:
869 3929 1057 3984 fuere?
1099 3929 1273 3982 vidisti
1317 3929 1583 3997 quomodo
1631 3930 1779 3997 quasi
1812 3927 1862 3981 in

278 4022 464 4092 gulam
487 4019 612 4075 ferte
638 4020 827 4076 mulier
851 4020 1130 4076 inciderit?
1155 4020 1272 4075 vide
1286 4020 1534 4089 deinceps
1551 4018 1866 4073 incﬂahilem

285 4111 387 4166 Ilci
434 4112 846 4166 misericordiam
872 4153 887 4177 ,
916 4120 971 4166 et
998 4110 1308 4178 obstupesce
1338 4110 1585 4178 potentiae
1614 4110 1728 4177 ejus
1757 4123 1869 4161 ma-

279 4202 639 4273 gnitudinem.
691 4203 774 4257 l7.
810 4201 875 4255 Et
911 4202 1120 4273 afﬂixit,
1150 4200 1347 4270 inquit,
1380 4199 1516 4253 Deus
1548 4198 1871 4253 Pharaonem

282 4293 636 4365 afﬂictionibus
676 4294 868 4363 magnis
894 4304 938 4346 et
960 4293 1209 4363 gravibus,
1238 4301 1283 4345 et
1305 4292 1505 4345 domum
1532 4292 1641 4361 ejus
1666 4302 1870 4362 propter

289 4386 485 4441 Saram
527 4402 730 4438 uxorem
781 4386 985 4439 Abram.
1038 4384 1171 4451 Quid
1198 4394 1279 4439 est
1303 4423 1317 4449 ,
1347 4384 1579 4454 Aﬂlia'it.’
1614 4384 1864 4448 Paulam,

284 4476 500 4545 inquit,
539 4477 711 4547 exegit
757 4476 936 4546 ﬂagitii
981 4485 1036 4531 et
1063 4476 1183 4530 mali
1224 4488 1464 4530 conatus.
1512 4476 1871 4547 A/ﬂietionibus

283 4568 490 4637 magnis
525 4583 544 4620 :
572 4584 674 4620 non
709 4568 1018 4636 simpliciter
1056 4568 1256 4636 punivit
1298 4584 1478 4637 regem
1501 4608 1515 4632 ,
1563 4568 1657 4622 sed
1703 4567 1871 4622 Poenis

284 4660 510 4729 magnis.
552 4658 683 4726 Quia
728 4659 978 4728 ﬂagitium
1026 4676 1129 4713 non
1176 4669 1293 4713 erat
1320 4660 1532 4730 vulgare
1555 4704 1570 4727 ,
1599 4660 1692 4714 sed
1721 4661 1872 4715 valde

282 4766 562 4819 magnum,
591 4749 709 4803 ideo
734 4764 782 4804 et
808 4765 959 4819 pteua
990 4765 1196 4819 magna.
1220 4750 1285 4803 Et
1307 4751 1509 4804 domum
1534 4753 1660 4822 ejus,
1685 4753 1870 4821 inquit;

286 4857 400 4895 non
447 4841 615 4909 ipsum
674 4842 870 4909 solum,
923 4841 1015 4895 sed
1044 4839 1107 4894 Et
1147 4843 1349 4894 domum
1391 4842 1517 4911 ejus.
1575 4842 1639 4895 Et
1686 4857 1786 4910 qua
1807 4843 1876 4898 de

282 4947 475 4995 causa,
504 4948 623 4985 eum
656 4948 745 4985 rex
779 4944 989 5001 peccet,
1020 4948 1205 4987 omnes
1249 4933 1316 4987 de
1358 4934 1516 4987 domo
1544 4934 1659 5003 ejus
1703 4949 1869 5004 ptena’

285 5032 418 5076 sunt
448 5024 770 5092 participes?
812 5023 928 5078 Non
977 5025 1178 5094 absque
1203 5022 1405 5080 ratioae
1434 5025 1533 5079 hoc
1562 5041 1771 5096 quoque
1794 5027 1868 5085 lit.

286 5113 390 5167 sed
423 5121 479 5165 ut
509 5130 601 5179 per
628 5113 727 5166 hoc
766 5113 905 5183 regis
959 5115 1161 5168 insania
1211 5124 1601 5183 compescatur.
1634 5112 1875 5170 Graviori

288 5205 448 5274 plaga
475 5205 759 5273 indigebat,
794 5206 860 5258 ita
894 5215 950 5259 ut
985 5207 1097 5275 ipse
1143 5221 1172 5258 a
1214 5207 1448 5261 facinore
1494 5207 1873 5261 deterreretur.

290 5298 362 5349 lit
394 5296 501 5363 qui,
530 5296 661 5363 aics,
697 5297 795 5350 hoc
820 5297 1018 5366 justum
1064 5296 1148 5361 sit,
1174 5308 1392 5367 propter
1440 5299 1584 5351 illtnn
1625 5299 1755 5352 alios
1782 5313 1875 5367 pu-

288 5386 442 5441 niri?
467 5385 580 5439 Non
610 5398 824 5457 promer
854 5388 999 5442 illum
1044 5390 1213 5442 solum
1253 5404 1463 5458 poenam
1488 5389 1872 5453 sustinuerunt,

291 5479 393 5531 sed
426 5480 708 5534 verisimile
756 5491 838 5535 cst
865 5496 958 5535 eos
999 5491 1313 5550 cooperatos
1344 5482 1537 5549 fuisse,
1593 5493 1647 5537 ut
1695 5492 1876 5552 postea

292 5571 722 5625 conunitteretur
743 5573 1005 5643 iniquitas.
1048 5574 1250 5626 Audisti
1278 5573 1418 5628 enim
1460 5589 1616 5643 supra
1638 5575 1875 5643 Scriptu-

295 5677 415 5716 ram
442 5661 703 5717 dicentem
740 5684 753 5719 :
788 5662 855 5719 Ut
882 5665 1108 5719 viderunt
1128 5680 1239 5718 eam
1282 5665 1534 5735 principes
1564 5664 1873 5733 Pharaonis,

298 5754 655 5820 laudauerunt,
707 5765 752 5811 et
793 5756 1178 5811 introduxerunt
1229 5773 1342 5812 eam
1392 5757 1443 5810 in
1491 5756 1694 5809 domum
1746 5759 1875 5827 ejus.

308 5848 526 5905 Vidistis
552 5862 646 5904 eos
668 5848 916 5908 lenonum
946 5867 1103 5922 agere
1123 5851 1356 5908 officium
1388 5852 1438 5906 in
1461 5851 1600 5922 regis
1627 5851 1873 5923 gratiam,

2001 1470 2052 1523 7.
2094 1469 2381 1539 Propterea
2419 1470 2538 1525 vide
2575 1477 2767 1538 quanta
2799 1478 2981 1539 postea
3020 1467 3234 1524 lenitate
3273 1465 3508 1539 loquitur

1932 1577 2027 1616 rex
2053 1603 2068 1629 ,
2099 1572 2356 1634 tyrannus
2391 1562 2480 1617 ille
2511 1562 2703 1632 hospiti
2730 1605 2744 1629 ,
2773 1565 2920 1631 quasi
2950 1575 3083 1630 vago
3109 1557 3470 1615 obambulanti
3491 1597 3505 1619 ,

1931 1654 2016 1708 cui
2047 1663 2100 1708 et
2131 1668 2347 1708 uxorem
2376 1652 2774 1719 auferreausus
2803 1652 2919 1707 fuit.
2953 1651 3018 1706 Et
3047 1649 3183 1705 bene
3207 1648 3337 1704 dixit
3362 1646 3509 1703 Scri-

1936 1756 2108 1817 ptura,
2141 1746 2329 1817 Amisit
2370 1744 2693 1800 Pharaonem
2736 1755 2783 1799 et
2827 1745 3032 1799 domum
3076 1744 3183 1815 ejus
3226 1741 3287 1796 ob
3327 1740 3512 1795 Soram

1935 1855 2141 1892 uxorem
2199 1838 2365 1893 Abrw.
2419 1838 2647 1892 Sensum
2691 1838 2740 1892 ei
2784 1850 2940 1906 pceua
2982 1842 3233 1904 prtcstat,
3278 1829 3418 1901 quod
3447 1829 3514 1884 sit

1936 1928 2233 1997 uxorjusti.
2263 1928 2467 1983 Etenim
2490 1937 2542 1982 et
2565 1928 2615 1981 in
2638 1927 2852 1982 domum
2877 1923 3168 1979 Pharaonis
3194 1922 3509 1981 introducta.

1938 2024 2133 2076 mansit
2154 2038 2287 2076 uxor
2309 2021 2458 2091 justi.
2486 2022 2571 2077 l8.
2596 2019 2722 2075 Cum
2737 2028 2956 2073 uocasset
2979 2026 3147 2071 autem
3173 2015 3358 2070 Abram
3379 2012 3517 2066 Pha-
3592 2025 3596 2029 '

1938 2129 2049 2178 rao,
2077 2114 2202 2167 dixit
2228 2114 2308 2166 ei:
2332 2112 2499 2177 Quare
2524 2111 2616 2165 hoc
2639 2110 2803 2180 fecisti
2827 2108 2987 2174 mihi?
3009 2106 3140 2162 Vide
3159 2105 3335 2177 qualia
3356 2102 3517 2159 verba

1941 2220 2036 2259 rex
2057 2202 2329 2274 profatur:
2352 2202 2520 2270 Quare
2535 2202 2629 2255 hoc
2644 2200 2804 2273 fecisti
2825 2199 2993 2253 mihi?
3020 2196 3208 2268 inquit.
3227 2196 3406 2267 Egone
3429 2192 3518 2247 tibi

1945 2295 2067 2361 feci,
2099 2298 2188 2363 qui
2218 2294 2526 2363 peregrinus
2550 2333 2564 2354 ,
2592 2293 2682 2361 qui
2713 2291 2839 2345 uuili
2870 2298 3061 2354 notus,
3092 2287 3182 2357 qui
3206 2294 3423 2357 propter
3449 2284 3522 2336 fa-

1946 2400 2085 2439 mem
2112 2384 2296 2438 adsum
2321 2424 2335 2447 ,
2380 2383 2470 2438 tibi
2506 2383 2647 2452 regi,
2676 2391 2900 2453 tyranno
2923 2421 2938 2445 ,
2968 2388 3022 2434 et
3059 2376 3339 2448 imperanti
3364 2389 3525 2445 super

1946 2474 2271 2547 Egyptum?
2292 2473 2425 2541 Quid
2450 2472 2549 2528 feci
2579 2473 2670 2527 tibi
2689 2472 2713 2526 ?
2729 2472 2806 2525 Tu
2829 2470 2957 2525 mihi
2979 2467 3241 2524 abstulisti
3269 2481 3487 2521 uxorem
3510 2483 3522 2516 :

1948 2565 2086 2619 sicut
2109 2567 2443 2635 peregrinum
2473 2579 2559 2617 me
2582 2561 2887 2631 despexisti,
2916 2557 3305 2628 contempsisti,
3334 2555 3528 2610 nullius

1951 2657 2204 2710 momenti
2234 2670 2320 2710 me
2350 2652 2577 2708 habuisti
2606 2671 2619 2707 :
2652 2652 2871 2707 omnino
2915 2647 3288 2719 intemperanti
3330 2660 3530 2701 concu-

1952 2746 2222 2817 pisccntiec
2250 2755 2353 2800 tua:
2381 2746 2708 2813 obsequutus
2734 2758 2792 2797 cs
2811 2783 2826 2808 ,
2862 2751 2916 2796 et
2944 2756 3065 2811 qua:
3095 2739 3186 2794 tibi
3218 2737 3490 2807 placebant
3511 2776 3527 2798 ,

1952 2849 2114 2906 Opere
2144 2834 2358 2890 volebas
2385 2834 2674 2903 c0mplerc.
2705 2831 2965 2899 Quidnam
2989 2844 3117 2899 ergo
3143 2827 3241 2883 feci
3266 2826 3396 2881 tibi?
3425 2825 3532 2878 ila-

1952 2942 2075 2997 gna,
2105 2925 2308 2996 inquit,
2337 2925 2463 2979 mihi
2493 2920 2660 2979 fecisti
2681 2965 2695 2991 ,
2727 2932 2781 2978 et
2805 2922 2983 2993 gravia
3010 2922 3064 2975 in
3086 2935 3172 2975 me
3196 2917 3529 2974 commisisti.

1957 3016 2090 3071 Vide
2127 3025 2324 3085 quanta
2371 3030 2546 3069 rerum
2591 3013 2942 3068 vicissitudo:
2985 3026 3073 3065 rex
3117 3010 3322 3081 privato
3359 3007 3483 3060 dicit
3518 3023 3529 3057 :

1955 3108 2090 3175 Quid
2116 3106 2286 3163 fecisti
2313 3104 2441 3160 mihi
2468 3106 2491 3158 τ
2523 3106 2709 3168 Deum,
2738 3103 2928 3175 inquit,
2952 3101 3222 3156 inimicum
3254 3098 3382 3151 mihi
3413 3096 3536 3150 red-

1956 3198 2155 3262 didisti,
2177 3198 2305 3251 iram
2329 3200 2444 3265 ejus
2458 3212 2619 3266 super
2643 3210 2727 3250 me
2753 3192 3024 3258 indulsisti,
3049 3205 3219 3260 paena:
3244 3187 3533 3243 obnoxium

1960 3306 2044 3344 me
2066 3288 2360 3354 reddidisti,
2389 3286 2559 3341 fecisti
2576 3296 2631 3341 ut
2655 3299 2863 3354 pinnam
2885 3284 3056 3337 lueret
3082 3290 3187 3335 tota
3209 3295 3325 3334 mea
3348 3280 3538 3333 domus

1959 3396 2143 3434 eorum
2171 3395 2288 3450 qua:
2331 3379 2381 3433 in
2424 3388 2475 3433 te
2504 3377 2728 3432 admissa
2761 3384 2901 3431 sunt.
2933 3374 3032 3427 Cur
3062 3372 3156 3427 hoc
3187 3372 3309 3424 mihi
3339 3369 3539 3440 fecisti?

1965 3472 2135 3541 Quare
2166 3488 2266 3525 non
2295 3471 2605 3524 annuntiasti
2632 3468 2757 3522 mihi
2784 3466 2916 3536 quod
2950 3482 3079 3520 uxor
3116 3475 3199 3517 tua
3238 3461 3409 3516 esset?
3450 3458 3537 3513 l9.

1967 3566 2134 3631 Quare
2163 3562 2333 3617 dixisti
2356 3578 2375 3616 :
2400 3560 2559 3617 Soror
2587 3576 2695 3613 mea
2721 3555 2827 3613 est?
2858 3567 2904 3611 et
2930 3554 3099 3627 accepi
3123 3570 3234 3609 eam
3264 3552 3387 3606 mihi
3412 3567 3543 3603 uxo-

1964 3673 2084 3709 rem.
2108 3652 2237 3724 Ego,
2259 3653 2445 3723 inquit,
2469 3652 2618 3723 quasi
2645 3666 2882 3706 sororem
2903 3659 3042 3703 tuam
3063 3646 3303 3700 volebam
3324 3643 3538 3697 ducere.

1966 3748 2033 3801 At
2062 3746 2199 3800 unde
2226 3745 2451 3800 didicisti
2482 3759 2696 3799 uxorem
2729 3758 2846 3797 csse
2870 3738 3038 3811 juSti?
3068 3738 3219 3793 Ultor
3254 3744 3413 3790 tanta:
3440 3734 3542 3787 ini-

1967 3837 2180 3907 quitatis
2201 3879 2215 3902 ,
2246 3836 2332 3891 ille
2359 3834 2485 3891 mihi
2517 3851 2630 3889 rem
2662 3833 2925 3888 indicavit.
2954 3831 3055 3884 Cur
3078 3827 3240 3900 fecisti
3267 3825 3390 3879 mihi
3416 3824 3508 3877 hoc
3527 3862 3543 3885 ,

1969 3942 2012 3982 et
2041 3946 2138 3982 non
2160 3929 2393 3982 indicasti
2417 3926 2540 3980 mihi
2558 3923 2694 3996 quod
2714 3942 2842 3979 uxor
2864 3935 2950 3976 tua
2978 3920 3144 3976 esset?
3170 3929 3216 3973 et
3246 3918 3415 3986 accepi
3436 3932 3546 3969 eam

1970 4016 2103 4071 mihi
2122 4017 2219 4087 ipsi
2245 4034 2452 4072 uxorem
2481 4024 2809 4085 peccaturus.
2843 4012 3001 4080 Quasi
3027 4023 3265 4065 sororem
3290 4017 3430 4060 tuam
3455 4005 3546 4056 ha-

1972 4112 2175 4165 biturus
2218 4110 2319 4163 hoc
2361 4103 2475 4164 feci.
2508 4107 2737 4162 Attende
2762 4102 3027 4175 quomodo
3053 4100 3293 4171 supplicii
3319 4096 3547 4169 gravitas

1971 4200 2240 4259 Concussit
2266 4199 2384 4269 ejus
2411 4207 2663 4263 mentem,
2696 4198 2767 4250 ita
2796 4203 2854 4249 ut
2878 4204 2932 4248 et
2956 4193 3103 4263 justo
3129 4192 3388 4245 rationem
3420 4185 3545 4241 red-

1972 4295 2123 4349 deret
2148 4336 2162 4361 ,
2203 4302 2257 4348 et
2294 4307 2452 4347 omne
2476 4304 2599 4361 erga
2627 4305 2748 4345 eum
2779 4276 3073 4343 declararet
3098 4282 3365 4339 'officium.
3390 4277 3548 4348 Atqui

1974 4386 2075 4443 nisi
2106 4387 2196 4440 Dei
2223 4383 2408 4439 fuisset
2435 4383 2600 4453 gratia
2626 4424 2642 4448 ,
2666 4396 2783 4451 qum
2813 4376 3047 4434 mentem
3069 4376 3185 4446 ejus
3209 4369 3515 4428 cmollicbat
3534 4410 3548 4429 .

1974 4486 2028 4533 et
2057 4488 2255 4531 metum
2285 4474 2358 4529 illi
2382 4472 2688 4537 incutiebat,
2717 4483 3048 4539 consequens
3078 4475 3334 4526 eratcum
3357 4463 3410 4516 in
3442 4473 3555 4513 ma-

1972 4570 2143 4639 jorem
2190 4565 2424 4619 furorem
2471 4563 2741 4618 inductum
2780 4560 2930 4631 quasi
2975 4558 3314 4625 deceptorum
3350 4553 3555 4622 justum

1978 4661 2282 4731 punitorum
2315 4657 2510 4722 fuisse,
2551 4666 2603 4710 et
2633 4654 2886 4709 extremis
2914 4651 3226 4705 aﬂ'ecturnm
3257 4643 3555 4713 suppliciis.

1979 4752 2047 4804 At
2074 4749 2201 4803 nihil
2228 4748 2414 4803 horum
2442 4744 2559 4801 fecit
2587 4764 2600 4800 :
2631 4747 2789 4799 timor
2813 4743 2955 4798 enim
2986 4738 3227 4809 supplicii
3254 4734 3556 4789 inﬂamma-

1979 4854 2082 4899 tam
2115 4844 2231 4913 ejus
2256 4843 2385 4896 iram
2422 4839 2673 4909 repressit
2700 4846 2753 4891 ct
2781 4833 3024 4890 restinxit
3055 4850 3069 4885 :
3101 4829 3240 4885 unde
3265 4840 3426 4880 unum
3459 4823 3561 4876 hoc

1977 4937 2215 5001 curabat,
2238 4942 2297 4988 ut
2314 4947 2437 5003 erga
2462 4931 2661 5000 justum
2682 4928 2950 4983 officiosus
2968 4932 3130 4978 esset.
3159 4917 3393 4975 Rescivit
3413 4915 3557 4970 enim

1981 5028 2192 5082 tandem
2217 5067 2231 5090 ,
2259 5040 2365 5079 non
2394 5038 2511 5078 esse
2533 5020 2783 5092 possibile
2806 5033 2928 5073 cum
2957 5016 3229 5086 vulgarem
3256 5008 3559 5080 quempiam

1979 5133 2139 5184 esse,
2177 5117 2265 5186 qui
2307 5123 2450 5169 tanta
2488 5126 2716 5182 superna
2754 5108 3124 5165 benevolentia
3160 5103 3443 5159 frueretur.
3494 5096 3560 5151 Et

1980 5223 2112 5261 nunc
2152 5221 2264 5259 ecce
2299 5220 2429 5258 uxor
2461 5211 2547 5256 tua
2580 5217 2752 5255 coram
2787 5209 2832 5253 te
2854 5240 2869 5265 ,
2904 5206 3109 5267 accepta
3146 5210 3204 5250 ea
3245 5193 3382 5247 ocius
3410 5188 3555 5244 vade.

1979 5300 2130 5357 Nunc
2151 5341 2166 5365 ,
2197 5298 2401 5368 inquit,
2430 5295 2551 5367 quia
2578 5293 2799 5365 cognovi
2830 5308 2936 5347 non
2965 5303 3085 5345 esse
3110 5301 3348 5343 sororem
3375 5293 3518 5338 tuam
3541 5322 3559 5347 ,

1980 5391 2074 5447 scd
2101 5404 2319 5445 uxorem
2341 5430 2355 5453 ,
2384 5402 2510 5443 ecce
2545 5387 2708 5445 habes
2734 5401 2873 5441 eam.
2904 5383 3086 5452 Neque
3114 5379 3253 5435 enim
3282 5377 3387 5431 ulla
3418 5375 3473 5431 in
3502 5389 3563 5428 rc

1981 5482 2251 5548 deturpavi
2278 5479 2578 5549 conjugium
2606 5488 2864 5541 vesnum,
2894 5488 3064 5543 neque
3089 5467 3289 5542 privavi
3314 5477 3366 5522 te
3396 5479 3567 5521 uxore

1983 5583 2088 5628 tua.
2123 5572 2228 5628 Sed
2253 5587 2364 5625 ecce
2393 5587 2518 5647 uxor
2543 5580 2629 5623 tua
2648 5584 2816 5623 coram
2843 5577 2911 5635 te,
2939 5572 3145 5634 accepta
3168 5577 3226 5615 ea
3251 5560 3388 5614 ocius
3415 5555 3560 5610 unde.

1982 5666 2110 5734 Qua:
2136 5677 2287 5719 mens
2314 5663 2509 5733 poterit
2532 5661 2688 5732 digne
2716 5674 2836 5729 qua:
2860 5658 2995 5713 facta
3023 5663 3149 5711 sunt
3175 5650 3449 5713 admirari,
3474 5656 3567 5701 aut
3644 5728 3655 5739 .

1979 5772 2098 5830 qua:
2120 5757 2296 5826 lingua
2322 5753 2632 5809 miraculqu
2655 5752 2848 5808 valebit
2867 5748 3154 5811 enarrare?
3176 5745 3365 5801 Mulier
3380 5742 3564 5811 splen-

1990 5851 2109 5907 dida
2148 5852 2314 5907 forma
2343 5849 2500 5907 simul
2526 5863 2643 5905 cum
2671 5846 2786 5904 viro
2816 5845 3066 5919 Egyptio
3088 5885 3102 5913 ,
3136 5852 3189 5899 et
3214 5853 3337 5909 rege
3356 5876 3370 5901 ,
3397 5844 3451 5889 et
3479 5843 3565 5902 ty-
