4060 6436
519 445 615 494 ;’.t5
1293 438 1346 492 S.
1391 437 1665 493 JOANNIS
1704 437 2178 494 CIIIH'SOSTUMI
2220 438 2535 494 ARCIIIEP.
2579 439 3116 496 CONSTANTINOP.
3694 447 3792 502 501

515 570 697 625 ianno,
727 564 779 611 et
806 554 883 610 sic
905 554 1112 622 insano,
1134 564 1186 609 et
1213 553 1601 609 incontinenter
1624 552 1814 609 allecto
1835 568 2089 608 concumr
2138 593 2143 598 .

511 650 675 717 hens,
728 649 923 703 intacta
968 647 1258 719 egreditur,
1305 657 1512 704 servata
1537 648 1778 703 castitate
1803 662 1920 701 sua.
1952 647 2096 704 Talia

504 742 668 803 enim,
697 742 835 795 sicut
864 741 1008 809 prius
1037 739 1144 794 disi
1168 782 1180 803 ,
1214 748 1336 794 sunt
1359 755 1475 810 qua:
1504 755 1533 794 a
1564 741 1673 794 Deo
1697 739 2095 810 dispensantur,

507 850 623 888 rara
646 849 861 903 semper
886 842 940 888 et
967 832 1298 888 admirabilia
1326 850 1339 886 :
1367 842 1421 888 et
1446 831 1659 902 quando
1683 832 1820 901 apud
1853 831 2097 887 homines

504 928 842 996 desperatum
873 936 953 980 est
978 968 993 990 ,
1025 936 1150 981 tunc
1177 926 1423 981 invictam
1453 926 1501 979 in
1529 925 1776 980 omnibus
1803 926 2093 996 potentiam

505 1035 654 1073 suam
701 1020 842 1074 Deus
880 1018 1134 1074 declarat.
1186 1020 1468 1073 Enimvero
1511 1019 1647 1073 sicut
1690 1017 2004 1074 admirabile
2043 1028 2098 1074 et

504 1126 683 1164 rarum
715 1120 830 1165 erat
861 1111 1043 1167 videre
1064 1112 1229 1165 virum
1257 1109 1642 1165 desideriorum
1671 1119 1813 1165 stare
1844 1112 1895 1164 in
1922 1111 2097 1167 medio

506 1204 733 1257 ferarum
764 1203 782 1273 (
810 1201 942 1256 Dan.
974 1203 1093 1273 14),
1122 1212 1174 1258 et
1201 1202 1331 1256 nihil
1359 1202 1489 1273 pati,
1518 1202 1612 1257 sed
1643 1203 1793 1272 quasi
1822 1217 1947 1256 oves
1972 1217 2093 1256 eum

503 1296 981 1352 circumstetissent
1007 1338 1021 1362 ,
1071 1296 1139 1350 ita
1185 1296 1409 1351 illmsum
1455 1295 1633 1365 egredi
1664 1310 1695 1350 e
1723 1296 1879 1361 lacu;
1908 1304 1955 1348 et
1988 1302 2097 1348 tres

501 1403 696 1457 pueros
736 1388 788 1442 in
817 1388 1028 1442 camino
1055 1388 1205 1457 quasi
1238 1388 1289 1441 in
1329 1397 1485 1457 prato
1514 1396 1568 1442 et
1597 1388 1647 1442 in
1676 1388 1833 1441 horto
1856 1388 2092 1453 versari,

499 1490 553 1536 et
579 1481 710 1536 nihil
755 1481 821 1536 ab
850 1481 970 1553 igne
999 1481 1120 1535 bedi
1148 1479 1272 1551 (Id.
1302 1481 1337 1536 5
1361 1482 1381 1552 )
1402 1522 1416 1541 .
1448 1480 1542 1555 sed
1591 1481 1769 1552 egredi
1800 1479 1925 1535 inde
1958 1490 2093 1534 lam-

500 1592 658 1644 quam
687 1582 889 1629 statuas
916 1591 930 1629 :
964 1573 1185 1644 perinde
1216 1574 1287 1629 ita
1313 1573 1664 1629 admiratione
1688 1574 1904 1645 dignum
1931 1583 2011 1629 est
2042 1584 2095 1629 et

505 1666 604 1721 hoc
646 1665 888 1732 facinus,
933 1665 1074 1736 quod
1116 1664 1245 1736 justi
1296 1680 1430 1720 uxor
1478 1667 1674 1720 nullam
1718 1666 2091 1721 contumeliam

503 1766 720 1825 experta
765 1771 793 1811 a
836 1772 961 1828 rege
990 1756 1242 1829 Egyptio
1272 1799 1287 1824 ,
1334 1766 1562 1828 tyranno
1590 1797 1604 1823 ,
1661 1757 2047 1827 intemperante
2076 1798 2093 1824 ,

503 1849 695 1903 exierit
732 1849 898 1903 salva.
935 1849 1071 1904 Deus
1101 1849 1242 1904 enim
1269 1858 1380 1904 erat
1408 1850 1497 1918 qui
1533 1850 1759 1905 faciebat
1787 1850 1964 1905 omnia
1994 1894 2008 1916 ,
2042 1860 2092 1905 et

503 1940 554 1992 in
584 1940 742 1995 inviis
763 1939 902 1994 viam
925 1939 1106 2005 dabat,
1123 1939 1212 2010 qui
1238 1954 1385 2008 apem
1408 1941 1601 1996 bonum
1618 1955 1832 2011 semper
1852 1942 1904 1998 in
1932 1943 2093 1999 rebus

499 2033 788 2102 deploratis
816 2033 1008 2088 aﬂ'erre
1031 2035 1192 2089 valet.
1222 2035 1286 2089 Et
1316 2053 1469 2098 nunc,
1501 2037 1692 2106 inquit,
1720 2054 1832 2093 ecce
1856 2054 1986 2092 uxor
2006 2048 2095 2093 tua

499 2142 668 2178 coram
700 2134 764 2188 te,
795 2136 996 2197 accepta
1022 2144 1080 2181 ea
1109 2129 1246 2182 ocius
1273 2129 1421 2183 vade.
1454 2129 1529 2183 Ne
1553 2130 1829 2186 existimes
1853 2172 1868 2195 ,
1902 2131 2091 2202 inquit,

502 2227 553 2271 te
578 2233 607 2269 a
638 2218 792 2272 nobis
823 2219 1011 2289 injuria
1042 2219 1288 2275 allectum
1319 2236 1459 2276 esse.
1497 2221 1629 2276 Nam
1677 2222 1799 2277 licet
1824 2238 1920 2293 per
1946 2224 2095 2291 igno-

499 2312 724 2366 rantiam
752 2313 1192 2369 altentm'erimus
1217 2329 1337 2383 qme
1378 2314 1513 2368 faeta
1553 2324 1676 2369 sunt
1705 2357 1719 2381 ,
1749 2332 1891 2370 nunc
1916 2325 2091 2370 tamen

501 2419 625 2457 cccc
648 2405 993 2473 cognovimus
1018 2421 1176 2476 quem
1198 2404 1399 2461 habeas
1420 2407 1782 2463 defensorem:
1804 2408 2094 2480 indignatio

501 2495 644 2548 enim
670 2509 790 2564 qum
816 2495 866 2549 in
892 2511 990 2549 nos
1018 2495 1240 2550 deszevit
1262 2538 1278 2563 ,
1311 2497 1490 2553 doetiit
1516 2514 1615 2553 nos
1634 2510 1885 2569 quantum
1912 2502 2094 2572 gratim

503 2584 596 2639 tibi
622 2587 689 2639 sit
719 2585 856 2653 apud
887 2586 1055 2641 Deum
1084 2589 1343 2646 omnium.
1369 2591 1596 2659 Accepta
1626 2591 1784 2661 igitur
1812 2606 1977 2648 uxore
2008 2601 2093 2648 tua

501 2678 652 2731 ocius
674 2678 824 2733 vade.
845 2678 1121 2735 Terribilis
1157 2691 1335 2751 postea
1356 2692 1471 2737 erat
1496 2684 1574 2738 eis
1590 2684 1784 2753 justus,
1815 2695 2092 2754 propterea

502 2768 707 2838 magnis
749 2768 937 2824 officiis
970 2785 1094 2826 eum
1132 2772 1378 2843 prosequi
1408 2775 1735 2829 contendunt
1764 2817 1780 2842 ,
1823 2777 2094 2847 pEacantes

505 2863 670 2930 ipsius
714 2863 993 2920 Dominum
1036 2874 1258 2938 propter
1296 2881 1358 2923 ea
1403 2883 1523 2939 qua:
1567 2868 1619 2922 in
1675 2868 1822 2924 illum
1866 2871 2091 2925 commi-

501 2961 700 3007 Bt‘l'alll.

574 3044 626 3098 8.
663 3044 871 3109 Vidisti,
898 3045 1092 3102 dilecte
1114 3088 1128 3111 ,
1160 3055 1415 3117 quantum
1444 3047 1638 3103 bonum
1666 3051 1734 3104 sit
1759 3052 2008 3119 patientia
2040 3061 2096 3107 et

501 3137 942 3204 perseverantia?
970 3137 1086 3205 llic,
1115 3153 1316 3208 quarso,
1352 3156 1555 3194 meumr
1577 3149 1693 3195 e~to
1723 3142 2005 3198 verborum
2032 3144 2095 3199 il-

502 3227 674 3281 lorum
703 3242 820 3297 qua:
851 3229 1148 3298 patriarcha
1174 3230 1385 3286 dicebat
1413 3230 1701 3303 )Egyptom
1727 3233 2093 3304 ingressurus:

502 3317 625 3373 Scio
660 3318 795 3388 quod
833 3321 1014 3373 mulier
1040 3323 1257 3392 pulchra
1283 3323 1395 3377 sis:
1424 3325 1652 3394 futurum
1697 3335 1771 3380 est
1808 3327 2009 3399 itaque,
2038 3337 2096 3383 ut

501 3426 615 3461 cum
642 3419 689 3464 te
713 3410 924 3465 viderint
946 3410 1206 3484 zEgyptii,
1239 3430 1318 3467 me
1340 3415 1543 3485 quidem
1572 3416 1825 3483 occidant,
1855 3428 1903 3472 te
1925 3429 2092 3474 autem

500 3508 711 3552 servent.
735 3498 845 3554 lllis
863 3500 1020 3572 igitur
1039 3503 1090 3555 in
1115 3512 1292 3559 mente
1310 3506 1619 3577 resumptis,
1634 3508 1915 3563 considera
1930 3510 2091 3565 etiam

500 3604 621 3658 qua:
650 3605 791 3646 nunc
822 3590 953 3647 fiunt
974 3602 1076 3663 ,.et
1111 3594 1377 3650 admirare
1405 3596 1561 3652 simul
1599 3597 1724 3667 justi
1756 3600 2091 3656 tolerantiam

501 3689 557 3734 et
574 3682 932 3738 misericordis
957 3683 1049 3738 Dei
1073 3685 1342 3754 virtutem,
1363 3697 1557 3757 quanta
1585 3704 1706 3744 cum
1725 3689 1891 3760 gloria
1918 3691 2096 3749 redire

501 3783 651 3828 curet
673 3774 873 3845 justum
898 3818 913 3840 ,
941 3777 1029 3847 qui
1058 3792 1177 3832 cum
1208 3786 1355 3833 tanto
1383 3780 1573 3835 timore
1599 3789 1652 3836 et
1680 3791 1822 3837 metu
1852 3791 2093 3839 venerat.

500 3865 589 3920 20.
620 3866 686 3921 Et
716 3869 970 3939 pra’cepit.
1006 3870 1194 3941 inquit,
1229 3870 1435 3926 Pharao
1460 3873 1586 3928 viris
1610 3890 1762 3946 super
1785 3875 2008 3942 Abram,
2041 3889 2094 3932 ut

500 3960 618 4013 inde
642 3959 893 4014 deducant
917 3978 1033 4016 eum
1054 4004 1069 4028 ,
1097 3972 1145 4018 et
1171 3981 1381 4020 uxorem
1407 3966 1519 4037 ejus
1537 4008 1551 4033 ,
1579 3976 1625 4021 et
1651 3969 1820 4022 omnia
1844 3984 1958 4039 qua:
1983 3974 2092 4037 eius

500 4061 643 4104 erant
662 4094 675 4119 ,
704 4062 751 4106 et
785 4051 877 4107 Lat
903 4071 1017 4108 eum
1059 4072 1135 4110 eo.
1166 4055 1353 4128 Magna
1380 4072 1499 4113 cum
1525 4058 1768 4115 claritate
1794 4070 1849 4116 et
1883 4060 2049 4132 gloria
2074 4103 2089 4128 ,

505 4142 959 4214 locupletatusque
985 4144 1184 4201 divitiis
1214 4146 1353 4203 redit
1373 4149 1549 4217 justus
1576 4166 1590 4205 :
1619 4159 1671 4205 et
1698 4149 1758 4204 ﬁt
1784 4148 1974 4206 doctor
2001 4168 2096 4221 per

503 4248 565 4286 ea
595 4250 713 4303 qua:
748 4237 1089 4305 contigerunt
1114 4278 1126 4299 ,
1159 4252 1267 4291 non
1297 4238 1469 4293 solum
1498 4239 1779 4310 Egyptiis,
1811 4240 1903 4295 sed
1932 4242 2092 4297 etiam

502 4328 750 4383 (minibus
776 4328 863 4398 qui
895 4328 947 4382 in
977 4328 1168 4384 itinere
1198 4338 1353 4384 erant
1372 4373 1386 4392 ,
1415 4341 1468 4386 et
1500 4332 1562 4385 iis
1589 4332 1678 4402 qui
1721 4334 1773 4387 in
1812 4333 2093 4389 Palarstina

506 4417 829 4471 habitabant.
874 4417 1006 4472 Nam
1031 4428 1287 4490 quotquot
1314 4420 1555 4475 viderant
1589 4437 1711 4476 eum
1751 4422 1963 4493 quando
1996 4423 2091 4479 dc-

505 4508 714 4562 scendit
758 4508 894 4562 fame
929 4518 1144 4563 coactus
1168 4550 1183 4574 ,
1221 4512 1413 4565 timore
1442 4522 1494 4567 et
1526 4522 1754 4566 tremore
1779 4521 2056 4584 correptus
2076 4556 2092 4580 ,

501 4616 644 4655 nunc
669 4617 794 4656 vero
818 4601 1129 4662 redeuntem
1165 4618 1286 4657 cum
1317 4612 1459 4658 tanta
1488 4604 1732 4659 claritate
1756 4614 1809 4660 et
1835 4604 2099 4660 facultati-

502 4694 602 4748 bus
636 4702 689 4749 ct
727 4694 926 4749 divitiis
949 4736 964 4760 ,
1009 4694 1285 4750 discebant
1318 4695 1568 4751 virtutem
1609 4697 1955 4766 providentia:
1997 4699 2092 4755 Dei

500 4801 624 4856 erga
648 4787 816 4841 illum.
851 4786 980 4855 Quis
1008 4786 1139 4843 vidit
1166 4789 1454 4860 umquam?
1476 4789 1594 4859 quis
1610 4788 1849 4849 audivit?
1874 4790 2017 4846 Abiit
2041 4805 2097 4848 ut

499 4881 694 4933 lanient
726 4895 876 4934 suam
906 4881 1205 4953 mitigaret;
1238 4889 1293 4936 et
1320 4882 1518 4938 divitiis
1545 4882 1823 4939 abundans
1850 4885 2094 4940 ineffabi-

502 4972 642 5040 lique
669 4987 788 5024 cum
816 4971 981 5040 gloria
1015 4971 1168 5027 redit.
1204 4972 1280 5028 Ne
1309 4973 1590 5030 admireris
1609 5017 1621 5039 ,
1649 4974 1845 5031 dilecte
1867 5016 1883 5040 ,
1916 4992 1982 5032 ne
2013 4976 2093 5032 fa-

500 5073 642 5117 ctum
673 5062 774 5117 hoc
805 5065 874 5117 ita
909 5065 1231 5134 stupendum
1260 5065 1351 5121 tibi
1381 5066 1621 5121 videatur
1647 5085 1659 5121 :
1693 5068 1800 5121 imo
1827 5066 2094 5123 admirare

499 5165 554 5209 et
578 5155 915 5225 obstupesce,
945 5165 998 5212 et
1023 5148 1233 5212 celebra
1264 5161 1564 5215 communis
1589 5160 1825 5215 omnium
1855 5170 2094 5215 nostrum

503 5246 711 5302 Domini
758 5250 1028 5305 virtutem.
1085 5250 1151 5305 Et
1199 5250 1319 5306 vide
1372 5253 1533 5307 etiam
1581 5252 1721 5308 illius
1761 5265 1979 5322 nepotes
2027 5254 2096 5309 ob

501 5339 741 5394 eamdem
774 5340 925 5395 famis
945 5343 1316 5398 neces~itatcm
1340 5343 1392 5398 in
1420 5343 1708 5416 Egyptum
1732 5343 2093 5407 descendisc,

503 5438 551 5482 et
580 5444 701 5485 cum
726 5432 793 5485 ibi
821 5432 870 5486 in
897 5433 1041 5503 gravi
1064 5433 1319 5489 servitute
1343 5434 1618 5503 vixissent,
1642 5437 1941 5505 multasque
1972 5453 2093 5506 per~

505 5522 746 5575 tulissent
762 5541 1048 5591 :rrumnas,
1062 5526 1401 5584 facultatibus
1417 5540 1603 5583 auctos
1622 5529 1831 5584 tandem
1851 5529 2095 5587 rediiSse.

504 5609 647 5663 Talis
682 5614 819 5667 enint
849 5626 931 5671 est
975 5619 1399 5687 sapientissimus
1447 5620 1582 5675 Deus
1626 5630 1841 5686 noster,
1884 5621 2097 5690 quando

504 5706 756 5773 permittit
791 5711 969 5777 augeri
998 5720 1048 5764 et
1075 5713 1379 5767 coacervari
1415 5713 1685 5769 molestias
1709 5756 1722 5780 ,
1755 5722 1879 5768 tunc
1904 5713 2094 5768 iterum

504 5798 742 5850 discussa
791 5809 1143 5870 tempestate,
1189 5805 1531 5861 serenitatem
1578 5821 1864 5877 rerumque
1905 5806 2094 5862 miram

508 5888 929 5946 vicissitudinem
957 5892 1100 5959 facit,
1123 5894 1321 5950 docens
1352 5911 1447 5952 nos
1465 5912 1573 5953 sum
1605 5900 1856 5967 potentiae
1885 5901 2094 5968 magni-

2204 554 2461 609 tudinem.
2483 555 2534 609 l.
2558 555 2576 623 (
2599 553 2726 624 Cap.
2753 558 2816 612 1⁸5
2837 558 2855 627 )
2878 557 3111 637 Ascendit
3139 567 3303 611 autem
3322 558 3507 613 Abram
3536 575 3603 615 ea:
3622 562 3795 631 Λίςς-

2203 656 2309 717 pto,
2332 646 2440 714 ipse
2469 657 2516 701 et
2542 663 2671 700 uxor
2694 649 2802 719 ejus
2824 690 2839 714 ,
2867 658 2914 703 et
2942 650 3114 704 omnia
3136 665 3250 720 quae
3275 651 3386 720 ejus
3411 666 3554 705 erant
3576 693 3593 716 ,
3627 664 3673 706 et
3704 652 3798 707 Lat

2202 753 2319 790 cum
2359 754 2416 790 eo
2439 778 2454 803 ,
2506 738 2559 791 in
2589 740 2929 793 solitudinem.
2977 739 3286 810 Opportune
3317 742 3403 797 hie
3440 744 3559 814 quis
3579 759 3799 799 accom-

2202 831 2432 886 modarit
2460 833 2619 886 verba
2653 832 2740 887 illa
2765 875 2780 899 ,
2812 848 2931 903 qua:
2958 835 3142 889 beatus
3174 834 3335 890 David
3365 836 3428 891 iis
3452 837 3541 907 qui
3567 851 3599 892 e
3626 838 3799 909 Baby~

2202 921 2374 978 Ionica
2413 923 2657 978 redibant
2697 925 3002 994 captivitate
3041 925 3290 980 dicebat:
3322 927 3427 992 Qui
3468 930 3720 982 sentinam
3744 932 3802 982 in

2205 1013 2464 1086 Iacrymis,
2493 1017 2545 1070 in
2576 1017 2910 1073 exsultatione
2939 1027 3140 1073 metent.
3163 1017 3357 1073 Ettntcs
3374 1020 3513 1073 ibant
3535 1030 3580 1074 et
3606 1021 3800 1090 ﬂebant

2204 1109 2451 1162 mittentes
2467 1109 2658 1162 semina
2679 1127 2788 1164 sua.
2817 1108 3078 1165 Venientes
3102 1122 3268 1165 autem
3283 1113 3477 1167 venient
3493 1114 3546 1168 in
3566 1118 3800 1169 exsulta-

2203 1202 2358 1269 tione,
2381 1211 2628 1273 gestantes
2648 1203 2935 1271 manipulos
2955 1220 3073 1259 suos
3097 1203 3410 1277 (Psal.125.
3425 1207 3477 1262 5.
3502 1206 3582 1277 6).
3609 1207 3801 1263 Vidisti

2202 1292 2518 1349 descensum
2548 1295 2814 1351 anxietate
2839 1306 2997 1367 atque
3025 1296 3214 1353 timore
3240 1297 3474 1367 plenum,
3504 1299 3795 1355 habentem

2203 1399 2382 1441 secum
2409 1395 2463 1439 et
2490 1386 2676 1440 mortis
2706 1387 3088 1442 formidinem?
3118 1388 3249 1443 Vide
3270 1404 3410 1445 nunc
3433 1390 3660 1445 reditum
3686 1392 3803 1446 cla-

2203 1476 2359 1530 ritate
2385 1487 2439 1531 et
2465 1476 2719 1547 dignitate
2759 1478 2923 1533 multa
2962 1480 3328 1550 conspicuum.
3361 1480 3620 1537 Omnibus
3648 1485 3797 1539 enim

2206 1568 2425 1637 posthac
2451 1570 2773 1626 venerabilis
2816 1579 2933 1626 erat
2979 1571 3154 1640 justus
3201 1572 3291 1627 ille
3334 1581 3439 1627 tam
3489 1572 3554 1629 iis
3600 1577 3692 1645 qui
3746 1577 3803 1631 in

2202 1658 2435 1730 Egypto
2455 1703 2468 1727 ,
2501 1676 2661 1732 quam
2708 1662 2772 1716 iis
2814 1664 2903 1733 qui
2944 1662 2997 1717 in
3026 1661 3327 1719 Palestina.
3357 1663 3490 1731 Quis
3513 1666 3656 1720 enim
3688 1682 3801 1721 non

2202 1752 2465 1807 reveritus
2496 1751 2681 1808 fuisset
2706 1769 2828 1807 eum
2856 1756 2945 1824 qui
2975 1755 3055 1808 sic
3079 1768 3110 1808 a
3136 1754 3252 1809 Deo
3278 1755 3574 1812 custoditus
3602 1757 3711 1824 sit,
3746 1769 3805 1814 et

2204 1851 2400 1897 trimam
2452 1843 2876 1900 benevolentiam
2920 1846 3287 1915 assequutus?
3325 1845 3606 1902 Neminem
3651 1850 3799 1905 enim

2203 1937 2338 1991 forte
2370 1936 2604 1991 latebant
2631 1952 2715 2005 ea,
2744 1952 2864 2008 quas
2893 1938 3005 2009 regi
3031 1946 3086 1994 et
3111 1937 3295 1994 domui
3321 1940 3437 2010 ejus
3464 1940 3796 1999 acciderant.

2201 2029 2390 2084 Omnia
2416 2031 2556 2085 enim
2587 2031 2725 2087 Deus
2751 2040 3031 2102 propterea
3064 2031 3322 2102 permisit,
3353 2040 3408 2088 et
3433 2048 3673 2105 eousque
3692 2035 3801 2090 du-

2201 2132 2452 2176 raverunt
2475 2125 2792 2178 tentationes
2813 2123 2962 2194 justi,
2985 2132 3044 2178 ut
3063 2124 3180 2194 ejus
3206 2124 3456 2194 patientia
3484 2125 3682 2181 clarior
3703 2128 3803 2181 lie-

2202 2222 2303 2275 rct,
2329 2222 2383 2268 ct
2405 2212 2540 2269 facta
2567 2214 2684 2284 ejus
2710 2215 2762 2269 in
2797 2224 2964 2270 totum
2988 2215 3171 2270 orbem
3199 2215 3623 2286 divulgarentur,
3652 2220 3722 2273 ita
3743 2228 3805 2272 ut

2203 2305 2380 2359 nullus
2404 2317 2547 2361 esset
2576 2307 2663 2376 qui
2690 2306 2819 2375 justi
2845 2306 3095 2361 virtutem
3122 2306 3409 2377 ignoraret.

2271 2396 2324 2452 9.
2372 2396 2587 2453 Moralis
2635 2399 2936 2453 exhortatio.
2980 2398 3189 2470 Aﬁlictio
3229 2399 3429 2470 signum
3470 2401 3805 2471 providentia:

2200 2490 2402 2544 divinis.
2435 2520 2506 2530 —
2531 2489 2772 2557 Vidistis,
2801 2489 3012 2558 dilecti,
3043 2499 3299 2560 quantum
3324 2504 3390 2545 ex
3416 2492 3806 2546 tentationihus

2201 2580 2448 2636 lucrum?
2467 2580 2675 2636 vidistis
2691 2590 2947 2651 quantum
2965 2579 3233 2651 patientiae
3252 2583 3527 2652 praemium
3544 2582 3569 2635 ?
3589 2582 3804 2640 vidistis

2201 2683 2254 2727 et
2280 2672 2476 2738 virum,
2510 2682 2563 2727 et
2590 2671 2904 2741 mulierem,
2940 2680 2995 2727 ct
3019 2687 3225 2738 senem,
3258 2681 3313 2729 et
3340 2673 3591 2740 vetulam,
3624 2690 3801 2744 quan-

2201 2772 2311 2818 tum
2341 2763 2692 2834 philosophia:
2719 2780 2826 2833 pra:
2855 2778 2915 2820 sc
2940 2764 3215 2820 tulerunt?
3243 2775 3495 2837 quantum
3525 2765 3801 2823 fortitudi-

2202 2855 2287 2909 nis
2312 2896 2330 2923 ,
2357 2864 2612 2925 quantum
2658 2865 2855 2909 mutuze
2893 2854 3195 2912 dilectionis
3215 2896 3229 2920 ,
3261 2866 3512 2927 quantum
3554 2858 3804 2913 caritatis

2201 2948 2470 3003 vinculum
2499 2946 2978 3002 demonstrarunt?
3014 2948 3164 3002 lllum
3192 2962 3384 3004 omnes
3412 2948 3697 3014 imitemur,
3733 2959 3802 3005 et

2200 3056 2492 3113 numquam
2512 3041 2803 3096 tristemur.
2822 3039 2900 3096 Ne
2914 3040 3279 3097 existimemus
3293 3055 3412 3096 esse
3426 3041 3630 3112 signum
3646 3043 3802 3112 quod

2202 3147 2301 3188 nos
2328 3133 2673 3203 dereliquerit
2697 3141 2750 3188 ct
2785 3131 3046 3202 despiciat
3073 3131 3331 3187 Dominus
3352 3174 3367 3200 ,
3399 3132 3445 3188 si
3470 3134 3800 3188 tentationes

2201 3228 2355 3285 nobis
2385 3227 2682 3283 inferantur
2715 3246 2729 3283 :
2759 3226 2856 3283 sed
2882 3229 2985 3281 hoc
3025 3226 3313 3281 maximum
3350 3225 3423 3281 sit
3463 3226 3613 3281 nobis
3653 3213 3799 3281 indi—

2199 3321 2363 3389 cium,
2391 3320 2534 3392 quod
2558 3320 2695 3375 Dens
2720 3319 2886 3375 nostri
2908 3334 3090 3374 curam
3112 3327 3280 3389 gerat.
3309 3317 3440 3373 Nam
3468 3318 3565 3373 etsi
3592 3317 3797 3372 habea-

2200 3428 2319 3467 mus
2340 3420 2679 3482 peccatorum
2701 3410 2936 3465 sarcinas
2953 3424 3072 3480 quze
3099 3424 3196 3465 nos
3213 3418 3473 3481 premant,
3499 3410 3797 3479 poterimus

2201 3519 2445 3573 magnam
2472 3502 2779 3573 patientiam
2799 3512 2846 3557 et
2869 3501 3159 3572 gratiarum
3186 3500 3450 3555 actionem
3471 3500 3799 3555 declaranda

2201 3596 2431 3651 leviores
2455 3609 2547 3651 eas
2582 3593 2759 3649 facere
2789 3612 2803 3648 :
2834 3602 2890 3649 et
2926 3593 2971 3647 si
3012 3606 3116 3647 non
3148 3591 3311 3646 multa
3339 3590 3629 3646 habeamus
3660 3605 3789 3661 pee-

2201 3696 2338 3754 cata,
2361 3686 2555 3740 iterum
2580 3683 2765 3754 majori
2794 3682 3031 3737 fruemur
3048 3681 3236 3753 gratia,
3269 3681 3312 3736 si
3335 3693 3487 3752 grato
3511 3681 3687 3735 animo
3709 3690 3797 3735 tu-

2203 3776 2439 3830 lerimus.
2455 3775 2588 3844 Quia
2609 3776 2748 3831 enim
2773 3773 2914 3828 Deus
2940 3785 3121 3827 noster
3136 3771 3367 3827 liberalis
3391 3779 3496 3837 est,
3518 3780 3566 3825 et
3594 3780 3795 3825 nostr-1e

2201 3868 2388 3925 salutis
2411 3883 2592 3923 curam
2618 3866 2755 3938 gerit
2779 3884 2791 3920 :
2822 3881 2884 3921 ea
2909 3864 2977 3920 de
3000 3880 3156 3921 causa
3174 3864 3325 3935 quasi
3342 3865 3537 3919 luctam
3560 3872 3613 3919 et
3632 3879 3792 3917 exer-

2200 3964 2356 4019 cendi
2389 3964 2664 4018 materiam
2701 3960 2853 4015 nobis
2893 3958 3138 4028 preponit
3159 3998 3175 4024 ,
3206 3971 3305 4029 pro
3343 3954 3513 4011 stadio
3542 3964 3594 4010 et
3624 3969 3795 4010 arena

2204 4055 2523 4109 tentationes
2550 4053 2780 4108 inferens
2814 4070 2827 4106 :
2859 4057 2919 4104 ut
2948 4048 2993 4103 si
3020 4049 3159 4121 quod
3187 4058 3425 4103 nosmtm
3455 4055 3536 4102 est
3568 4054 3795 4117 praeste-

2203 4163 2342 4216 mus,
2367 4147 2595 4218 largiore
2612 4144 2859 4216 dignetur
2884 4159 2982 4200 nos
3004 4158 3097 4197 sua
3121 4140 3471 4212 providentia.
3494 4137 3646 4207 Quod
3667 4154 3791 4193 cum

2202 4241 2463 4307 sciamus,
2495 4256 2562 4295 ne
2591 4240 2769 4294 tristes
2798 4238 2965 4292 simus
2992 4237 3045 4291 in
3078 4233 3480 4298 tentationibus,
3513 4248 3683 4303 neque
3710 4232 3793 4285 af-

2201 4333 2464 4389 llictiones
2490 4332 2748 4403 gravatim
2780 4329 3013 4386 feramus
3041 4346 3055 4383 :
3088 4325 3182 4383 sed
3209 4335 3263 4381 et
3299 4325 3625 4398 gaudeamus
3649 4365 3664 4391 ,
3696 4340 3794 4380 se-

2200 4425 2432 4483 cundum
2462 4425 2675 4480 beatum
2705 4421 2928 4478 Paulum
2958 4439 2970 4474 :
3005 4418 3160 4474 Nunc
3183 4418 3350 4480 enim,
3376 4416 3566 4487 inquit,
3592 4416 3793 4487 gaudeo

2201 4519 2254 4573 in
2280 4516 2626 4590 aﬁlictfonibus
2650 4515 2772 4569 meis
2793 4511 2928 4583 (Col.
2958 4506 3013 4567 1⁷.
3039 4511 3109 4566 24
3137 4510 3178 4581 ).
3212 4509 3396 4565 Vidisti
3422 4508 3652 4562 animam
3674 4522 3804 4576 grue

2206 4621 2312 4664 tam
2336 4609 2360 4662 ?
2387 4608 2519 4663 Nam
2547 4608 2592 4662 si
2619 4607 2670 4662 in
2695 4603 3071 4661 afflictionibus
3095 4600 3379 4673 gaudebat,
3404 4598 3672 4669 quomodo
3699 4611 3802 4668 po-

2206 4705 2307 4758 tuit
2336 4717 2566 4772 uuluam
2599 4703 2651 4756 in
2681 4699 2893 4755 tristitia
2932 4695 3099 4753 esse?
3134 4694 3180 4748 si
3224 4708 3342 4763 qua:
3385 4692 3520 4745 alios
3554 4689 3798 4751 afliciun:

2204 4794 2418 4849 tristitia
2450 4793 2549 4863 ipsi
2581 4790 2788 4861 pariant
2812 4786 3009 4843 laetitiae
3037 4782 3373 4840 occasionem
3400 4823 3414 4845 ,
3442 4780 3644 4852 cogita,
3673 4794 3791 4843 oro,

2204 4885 2257 4940 in
2285 4901 2388 4956 quo
2414 4893 2555 4939 statu
2583 4882 2727 4938 illius
2756 4890 2870 4935 erat
2894 4878 3091 4933 anima.
3120 4875 3187 4931 Et
3209 4884 3270 4929 ut
3296 4873 3474 4928 discas
3499 4888 3605 4927 non
3633 4883 3792 4941 posse

2203 4980 2359 5036 aliter
2383 4992 2478 5033 nos
2508 4975 2768 5046 promissa
2807 4974 2945 5030 bona
2985 4970 3229 5040 assequi,
3261 4976 3316 5023 et
3341 4981 3509 5038 regno
3538 4965 3793 5021 czelorum

2201 5073 2392 5141 dignos
2431 5068 2545 5125 ﬁeri
2571 5109 2585 5133 ,
2628 5066 2727 5121 nisi
2774 5081 2868 5136 per
2897 5062 3239 5119 afﬂictionem
3268 5059 3429 5113 vitam
3468 5066 3791 5129 prmsentem

2203 5172 2558 5225 transeamus,
2588 5158 2709 5213 audi
2742 5157 3014 5226 apostolos
3040 5154 3278 5209 dicentes
3304 5151 3382 5206 eis
3409 5149 3499 5220 qui
3528 5164 3701 5218 nuper
3726 5147 3791 5202 ad

2204 5254 2362 5310 fidem
2408 5251 2655 5308 conversi
2697 5258 2853 5305 erant
2894 5245 3004 5305 :Et
3053 5262 3167 5301 cum
3214 5242 3533 5306 docuissent,
3576 5239 3792 5309 inquit,

2201 5349 2407 5413 multos,
2425 5343 2609 5399 reversi
2628 5351 2743 5397 sunt
2759 5339 3014 5412 Lystram,
3037 5346 3081 5392 et
3104 5335 3353 5395 Iconium,
3377 5341 3426 5387 et
3452 5330 3794 5396 Antiochiam,

2199 5440 2367 5494 denuo
2390 5436 2746 5505 can/irmantes
2762 5434 2956 5487 animas
2977 5429 3365 5501 discipulorum,
3383 5426 3799 5491 exhortantesque

2203 5539 2257 5583 ut
2286 5536 2654 5600 perseverarent
2679 5528 2733 5580 in
2757 5526 2861 5593 fide
2882 5566 2899 5590 ,
2930 5534 2976 5579 et
3012 5522 3147 5593 quod
3177 5538 3267 5593 per
3292 5518 3480 5573 multas
3505 5517 3799 5588 afﬂictione:

2203 5632 2393 5693 oportet
2415 5637 2508 5676 nos
2528 5625 2718 5675 intrare
2734 5619 2788 5672 in
2801 5632 3011 5688 regnum
3032 5614 3273 5668 ca’lorum
3295 5612 3429 5682 (Act.
3458 5611 3545 5665 14.
3561 5608 3653 5662 21.
3675 5607 3795 5674 εξ).

2202 5715 2384 5784 Qualis
2412 5713 2570 5784 igitur
2598 5711 2819 5783 posthac
2847 5707 2951 5764 erit
2981 5705 3134 5761 nobis
3160 5702 3455 5766 excusatio,
3485 5700 3529 5754 si
3561 5699 3799 5753 nolueri-

2206 5822 2323 5862 lllllS
2350 5819 2611 5875 generose
2632 5819 2695 5858 ac
2722 5801 2928 5856 fortiter
2946 5798 3125 5854 omnia
3159 5795 3297 5850 ferre
3322 5809 3441 5864 qua;
3467 5792 3794 5846 inferuntur:

2208 5910 2502 5968 prmsernm
2545 5894 2776 5950 scientes
2817 5905 2921 5947 non
2964 5901 3122 5959 posse
3148 5886 3301 5941 aliter
3327 5885 3424 5939 rios
3452 5880 3677 5937 salutem
3704 5893 3795 5935 as-
