4060 6478
246 381 367 442 503

244 497 562 570 Αἰγυπτίῳ,
618 496 712 552 καὶ
745 494 988 567 βασιλεῖ,
1021 494 1115 550 καὶ
1145 496 1420 567 τυράννῳ,
1476 498 1570 552 καὶ
1615 496 1757 552 οὕτω
1808 517 1936 570 μαι-

247 585 507 656 νομένῳ,
556 584 651 636 καὶ
702 581 1018 644 ἀκολάστως
1061 579 1390 651 διακειμένῳ
1449 582 1940 649 συγκατακλιθεῖσα

247 670 542 738 ἁνέπαφος
573 667 743 738 ἐξῄει,
773 669 872 736 τὴν
910 664 1116 718 οἰκείαν
1151 663 1503 735 σωφροσύνην
1530 665 1788 734 ἀκέραιον
1824 666 1940 719 δια-

1394 378 1463 435 IN
1495 380 1649 437 CAP.
1688 378 1781 470 χιι
1815 378 2060 437 GENES.
2104 378 2336 436 HOMIL.
2377 377 2591 436 XXXII.

3618 381 3721 437 5οἰ

2046 498 2194 568 ἡμᾶς
2209 497 2310 567 τῆς
2328 496 2494 551 αὐτοῦ
2517 494 2798 566 δυνάμεως
2817 495 2879 549 τὸ
2901 495 3150 566 μέγεθος.
3168 496 3376 567 Ἀνέϐη
3396 495 3465 550 δὲ
3496 497 3721 569 Ἀϐραιι

2041 585 2109 649 ἐξ
2133 586 2450 654 Αἰγύπτου,
2482 585 2667 650 αὐτὸς
2690 587 2787 638 καί
2820 586 2857 652 η
2880 586 3032 654 γυνὴ
3055 586 3263 649 αὑτοῦ,
3298 585 3397 639 καί
3430 584 3628 639 πάντα
3649 589 3722 639 τὰ

2039 667 2246 730 αὑτοῦ,
2267 666 2362 720 καί
2387 666 2517 721 Λὼτ
2533 667 2663 736 μετ’
2690 668 2898 729 αὑτοῦ,
2924 669 3011 734 εἰς
3027 667 3144 736 τὴν
3168 667 3415 737 ἔρημον.
3434 669 3720 739 Εὐκαίρως

244 753 566 823 τηρήσασα.
603 747 837 803 Τοιαῦτα
864 747 994 819 γὰρ,
1031 746 1281 819 καθάπερ
1315 745 1484 817 ἔφθην
1530 749 1720 812 εἰπὼν,
1756 749 1842 802 ἀεὶ
1870 751 1938 802 τὰ
1961 788 2003 829 ρ
2040 751 2104 804 ἀν
2120 768 2203 813 τις
2232 748 2492 820 ἁρμόσειε
2512 747 2588 819 τῷ
2615 749 2807 820 δικαίῳ
2824 749 2998 822 τούτῳ
3019 753 3202 804 ἐκεῖνα
3220 751 3287 805 τά
3311 752 3553 823 ῥήματα,
3576 752 3720 823 άπερ

249 835 413 907 παρά
436 832 533 888 τοῦ
565 831 701 887 Θεοῦ
727 830 1177 902 οἰκονομούμενοι,
1210 831 1499 901 θαυμαστά
1522 834 1615 885 καὶ
1640 831 1934 903 παράδοξα.

246 920 372 974 Καὶ
395 919 523 971 ὅταν
550 914 702 987 παρὰ
720 913 831 968 τῶν
852 912 1154 985 ἀνθρώπων
1177 913 1503 985 ἀπογνωσθῇ
1527 915 1595 967 τὰ
1615 917 1935 986 πράγματα,

243 1003 383 1057 τότε
413 1000 575 1063 αὐτὸς
600 999 871 1052 δείκνυσιν
909 996 1074 1050 αὑτοῦ
1103 996 1204 1069 τὴν
1236 998 1446 1070 ἄμαχον
1488 1001 1545 1052 ἐν
1577 1002 1748 1054 ἅπασι
1773 998 1936 1052 δύνα-

245 1102 375 1157 μιν.
404 1083 615 1152 Ὠσπερ
641 1082 750 1152 γάρ
787 1079 1097 1149 θαυμαστὸν
1120 1074 1188 1150 ἦν
1221 1081 1313 1133 καὶ
1348 1081 1681 1152 παράδοξον,
1715 1081 1807 1134 τὸν
1845 1080 1938 1134 ἀν-

242 1169 358 1240 δρα
403 1166 512 1220 τῶν
555 1163 863 1233 ἐπιθυμιῶν
896 1163 1021 1235 ἰδεῖν
1053 1164 1110 1216 ἐν
1142 1163 1292 1234 μέσῳ
1335 1165 1443 1217 τῶν
1478 1166 1679 1238 θηρίων
1713 1167 1936 1219 ἐκείνων

243 1251 646 1322 κυκλούμενον,
689 1248 786 1301 καὶ
836 1247 1001 1319 μηδὲν
1034 1248 1331 1317 πάσχοντα,
1365 1247 1500 1302 ἀλλά
1539 1248 1790 1318 καθάπερ
1830 1249 1935 1301 ὑπὸ

242 1336 547 1409 προϐάτων
579 1332 1135 1405 περιστοιχιζόμενον,
1164 1332 1337 1397 οὕτως
1367 1335 1525 1405 ἀσινῆ
1571 1335 1635 1386 ἐκ
1671 1334 1768 1387 τοῦ
1805 1335 1935 1388 λάκ-

242 1435 352 1471 κου
387 1417 622 1478 ἀνιόντα,
672 1417 770 1471 καὶ
814 1415 1143 1487 τοὺς-τρεῖς
1196 1415 1393 1480 παῖδας
1448 1417 1509 1470 ἐν
1561 1419 1628 1488 τῇ
1677 1417 1930 1488 καμίνῳ,

240 1501 509 1572 καθάπερ
554 1501 613 1553 ἐν
642 1498 867 1571 λειμῶνι
906 1499 1001 1552 καὶ
1037 1498 1348 1570 παραδείσῳ
1395 1498 1791 1572 διατρίϐοντας,
1839 1501 1935 1553 καὶ

246 1586 424 1657 μηδὲν
460 1585 565 1639 ὐπὸ
593 1582 689 1638 τοῦ
717 1582 887 1655 πυρὸς
917 1581 1346 1652 βλαπτομένους,
1377 1582 1512 1636 ἀλλά
1545 1583 1795 1654 καθάπερ
1837 1584 1932 1636 ἀν-

236 1668 508 1740 δριάντας
535 1667 709 1731 οὕτως
733 1665 945 1719 ἐκεῖθεν
974 1664 1305 1730 ἐξελθόντας·
1334 1664 1424 1719 τὸν
1452 1665 1615 1719 αὐτὸν
1635 1666 1699 1736 δὴ
1732 1666 1932 1737 τρόπον

241 1751 535 1821 θαυμάσαι
563 1748 714 1814 ἀξιον
744 1750 838 1801 καὶ
868 1748 929 1801 τὸ
959 1747 1054 1802 νῦν
1096 1746 1318 1816 γεγονὸς
1337 1787 1354 1814 ,
1388 1747 1469 1802 ὅτι
1510 1749 1543 1818 ή
1587 1748 1682 1801 τοῦ
1720 1748 1929 1803 δικαίου

240 1832 392 1903 γυνὴ
434 1829 691 1901 οὐδεμίαν
739 1827 898 1900 ὕϐριν
953 1830 1293 1899 ὑπομείνασα
1336 1831 1487 1899 παρὰ
1527 1830 1622 1883 τοῦ
1665 1831 1930 1901 βασιλέως

239 1914 344 1968 τοῦ
378 1912 698 1982 Αἰγυπτίου,
724 1911 817 1966 τοῦ
844 1912 1134 1984 τυράννου,
1155 1911 1251 1965 τοῦ
1272 1913 1596 1976 ἀκολάστου,
1618 1912 1767 1984 ἐξῄει
1791 1913 1926 1969 σιῖια.

239 1999 383 2062 Θεὸς
412 2001 521 2068 γάρ
548 1992 616 2068 ἦν
639 1999 667 2049 ὁ
698 1995 766 2049 τὰ
792 1997 971 2049 πάντα
1004 1995 1377 2067 ἐργασάμενος
1396 2037 1410 2060 ,
1437 1999 1465 2050 6
1490 1999 1583 2051 καὶ
1614 2000 1671 2051 ἐν
1701 1999 1928 2069 ἀπόροις

240 2085 420 2155 πόρον
447 2083 641 2146 διδοὺς,
688 2081 783 2134 καὶ
825 2080 894 2135 τά
936 2080 1237 2151 πράγματα
1281 2079 1342 2145 ἐξ
1373 2081 1814 2152 ἀπεγνωσμένων
1849 2084 1928 2145 εἰς

240 2166 444 2220 ἐλπίδα
470 2163 713 2236 χρηστὴν
741 2163 896 2231 ἄγειν
938 2162 1027 2216 ἀεὶ
1065 2162 1381 2233 δυνάμενος.
1414 2163 1523 2217 Καὶ
1562 2164 1679 2218 νῦν
1713 2164 1843 2218 ἰδοὺ
1887 2166 1926 2234 ἠ

240 2250 407 2320 γυνή
440 2264 560 2302 σου
580 2247 861 2301 ἐναντίον
892 2260 1032 2301 σου’
1070 2245 1275 2299 λαϐὼν
1299 2246 1610 2315 ἀπότρεχε.
1645 2246 1737 2318 Μὴ
1774 2247 1927 2318 νομί-

244 2348 375 2405 σῃς,
416 2332 603 2401 φησὶν,
645 2328 937 2400 ἠδικῆσθαί
977 2346 1038 2382 σε
1088 2328 1219 2398 παρ’
1265 2330 1446 2399 ήμῶν.
1485 2330 1548 2382 Εἰ
1593 2329 1700 2400 γὰρ
1745 2330 1840 2383 καὶ
1869 2332 1929 2396 ἐξ

240 2413 477 2483 ἀγνοίας
508 2413 579 2465 τά
609 2412 709 2482 τῆς
745 2412 1138 2483 ἐπιχειρήσεως
1184 2412 1316 2481 ήμῖν
1365 2411 1609 2480 γέγονεν,
1652 2412 1767 2466 ἀλλ’
1816 2412 1926 2467 ἰδοὺ

242 2502 343 2556 νῦν
378 2501 644 2571 ἔγνωμεν,
680 2495 791 2553 οἷον
825 2498 970 2569 ἐχεις
1000 2499 1331 2569 προστάτην·
1367 2500 1461 2554 καὶ
1492 2501 1526 2571 ή
1556 2500 1929 2573 ἀγανάκτησις

239 2589 275 2656 ή
305 2586 432 2639 καθ’
457 2583 614 2655 ήμῶν
640 2583 907 2653 γενομένη
952 2581 1189 2646 ἐδίδαξεν
1233 2583 1418 2654 ήμᾶς,
1455 2583 1587 2654 ὅσης
1633 2584 1928 2646 ἀπολαύεις

243 2667 405 2740 παρά
437 2665 531 2720 τοῦ
566 2665 674 2721 τῶν
710 2666 967 2719 ἀπάντων
1010 2663 1147 2718 Θεοῦ
1185 2666 1284 2738 τῆς
1327 2666 1559 2730 εὐνοίας.
1599 2666 1797 2721 Λαϐὼν
1832 2662 1926 2720 οὖν

242 2754 343 2823 τὴν
386 2751 620 2818 γυναῖκά
643 2766 736 2801 σου
765 2747 1056 2819 ἀπότρεχε.
1087 2748 1321 2820 Φοϐερὸς
1352 2748 1537 2803 λοιπὸν
1574 2746 1640 2821 ἦν
1674 2749 1859 2813 αὐτοῖς
1896 2750 1926 2802 6

237 2836 479 2900 δίκαιος,
514 2833 581 2886 δι’
632 2831 661 2885 6
713 2833 809 2885 καὶ
863 2832 1001 2902 μετά
1053 2831 1255 2901 πολλῆς
1286 2832 1386 2904 τῆς
1418 2831 1714 2903 θεραπείας
1762 2832 1926 2886 αὑτὸν

244 2916 574 2989 προπέμψαι
603 2915 936 2983 ἐπείγονται,
987 2913 1076 2968 διά
1123 2914 1233 2969 τῶν
1279 2917 1359 2980 εἰς
1416 2916 1576 2971 αὐτὸν
1626 2917 1926 2989 γινομένων

241 3003 336 3057 τὸν
371 3000 540 3055 αὐτοῦ
567 2999 845 3068 Δεσπότην
877 2996 1376 3070 ἐξευμενιζόμενοι.

310 3102 391 3167 η’.
420 3089 594 3157 Εἶδες,
624 3092 898 3164 ἀγαπητέ,
924 3093 1048 3146 ὅσον
1070 3093 1217 3147 ἐστὶν
1241 3094 1488 3165 ὑπομονὴ
1510 3094 1603 3148 καὶ
1624 3095 1921 3168 καρτερία;

252 3176 524 3231 Ἐνταῦθά
558 3193 649 3247 μοι
677 3175 1099 3247 ἀναμιμνήσκου
1129 3175 1236 3230 τῶν
1261 3179 1522 3248 ῥημάτων
1553 3178 1801 3245 ἐκείνων,
1824 3174 1923 3247 ὧν,

238 3262 316 3315 δτι
374 3258 600 3330 ἔμελλον
657 3257 979 3329 πλησιάζειν
1025 3261 1092 3331 τῇ
1147 3259 1441 3331 Αίγύπτῳ.
1496 3261 1528 3314 ὁ
1578 3262 1925 3334 πατριάρχης

240 3345 420 3412 ἔλεγε·
461 3340 747 3396 Γινώσκω
774 3342 866 3396 ὅτι
892 3341 1047 3412 γυνὴ
1074 3343 1467 3411 εὐπρόσωπος
1490 3339 1562 3397 εἷ·
1585 3344 1757 3399 ἔσται
1786 3341 1921 3410 οὖν,

239 3428 317 3496 ὡς
344 3427 426 3481 ἂν
459 3426 632 3479 ἷδωσί
654 3438 730 3479 σε
762 3427 818 3479 οἰ
855 3426 1185 3494 Αἰγύπτιοι,
1222 3426 1329 3495 ἐμὲ
1366 3426 1798 3494 κάποκτενοῦσι,
1848 3428 1924 3482 σὲ

239 3509 860 3578 δέπεριποιήσονται.
906 3508 1118 3562 Ἐκεῖνα
1149 3509 1329 3562 τοίνυν
1376 3510 1435 3562 ἐν
1483 3509 1691 3581 διανοίᾳ
1740 3510 1921 3565 λαϐὼν

242 3595 439 3648 σκόπει
467 3592 538 3646 τὰ
573 3591 669 3644 νῦν
705 3591 989 3661 γινόμενα,
1017 3591 1113 3645 καί
1156 3590 1404 3663 θαύμαζε
1443 3592 1537 3645 καὶ
1575 3592 1669 3646 τοῦ
1711 3594 1921 3648 δικαίου

241 3678 339 3749 τὴν
382 3673 678 3746 ὑπομονὴν,
711 3674 805 3727 καὶ
836 3674 929 3727 τοῦ
960 3673 1346 3745 φιλανθρώπου
1376 3674 1511 3728 Θεοῦ
1532 3674 1631 3746 τὴν
1660 3675 1918 3745 δύναμιν,

246 3761 366 3830 μεθ’
395 3760 528 3829 ὅσης
578 3758 738 3827 δόξης
765 3757 1083 3813 ἐπανελθεῖν
1116 3757 1529 3830 παρασκευάζει
1550 3758 1642 3812 τὸν
1674 3758 1882 3813 δίκαιον
1903 3804 1918 3832 ,

241 3844 331 3897 τὸν
379 3842 516 3913 μετά
542 3840 797 3895 τοσούτου
842 3841 1010 3910 φόϐου
1059 3841 1155 3894 καί
1197 3840 1346 3904 δέους
1397 3840 1640 3896 ἐλθόντα.
1689 3844 1795 3898 Καὶ
1824 3844 1923 3898 ἐν-

244 3927 534 3989 ετείλατο,
552 3923 707 3994 φησὶ,
729 3922 940 3992 Φαραὼ
954 3922 1213 3992 ἀνδράσι
1234 3922 1368 3991 περί
1392 3923 1626 3993 Ἀϐραμ,
1651 3938 1922 3995 συμπρο-

242 4009 476 4079 πέμψαι
501 4008 689 4063 αὐτὸν
731 4009 831 4062 καί
871 4006 987 4076 τὴν
1031 4006 1287 4075 γυναῖκα
1313 4006 1536 4071 αὐτοῦ,
1581 4008 1680 4061 καὶ
1722 4008 1921 4063 πάντα

241 4086 658 4159 ὄσαῆναύτῷ,
685 4090 784 4144 καί
830 4088 940 4143 τὸν
988 4087 1120 4143 Λὼτ
1159 4087 1286 4158 μετ’
1309 4087 1518 4144 αὑτοῦ.
1565 4090 1718 4144 Μετά
1758 4108 1919 4162 περι-

242 4174 471 4241 φανείας
502 4172 685 4226 λοιπὸν
720 4173 938 4243 ἀπάσης
973 4172 1002 4225 6
1032 4170 1240 4236 δίκαιος
1282 4172 1529 4226 ἐπάνεισι
1567 4174 1660 4227 καὶ
1701 4191 1920 4245 περιου-

244 4255 367 4318 σίας
397 4255 615 4325 πολλῆς,
661 4256 756 4310 καὶ
796 4256 1007 4324 γίνεται
1060 4254 1121 4308 οὐ
1181 4254 1340 4325 μόνον
1385 4255 1494 4309 τῶν
1547 4258 1606 4309 ἐν
1657 4258 1919 4329 Αἰγύπτῳ

241 4337 561 4402 διδάσκαλος
594 4338 683 4392 διὰ
712 4338 817 4393 τῶν
842 4338 1288 4409 συμϐεϐηκότων,
1319 4338 1457 4392 ἀλλά
1502 4338 1596 4392 καὶ
1629 4343 1741 4403 τοῖς
1777 4342 1919 4396 κατὰ

242 4418 337 4491 τὴν
372 4420 489 4474 ὁδὸν
518 4421 711 4487 ἀπασι,
742 4421 838 4474 καὶ¹
866 4423 978 4484 τοῖς
1009 4422 1091 4484 εἰς
1124 4419 1225 4493 τὴν
1258 4422 1623 4493 Παλαιστίνην
1652 4422 1915 4477 οἰκοῦσιν.

243 4504 302 4556 Οἱ
329 4503 443 4574 γὰρ
474 4504 675 4565 ἰδόντες
704 4503 888 4568 αὐτὸν,
933 4503 1094 4574 ήνίκα
1126 4503 1320 4575 κατῄει
1358 4503 1448 4558 διὰ
1473 4505 1572 4575 τὴν
1614 4506 1708 4559 τοῦ
1754 4505 1916 4577 λιμοῦ

242 4590 510 4662 ἀνάγκην,
563 4591 702 4662 μετά
739 4590 904 4659 φόϐου
952 4590 1046 4645 καὶ
1095 4590 1301 4662 τρόμου
1357 4593 1638 4653 κατιόντα.
1689 4596 1782 4648 καὶ
1822 4595 1917 4649 νῦν

244 4674 406 4726 πάλιν
423 4676 482 4727 ἐν
508 4673 746 4745 τοσαύτῃ
776 4674 1105 4745 περιφανείᾳ
1131 4674 1225 4728 καὶ
1252 4678 1541 4747 περιουσίᾳ
1562 4678 1657 4730 καὶ
1679 4678 1913 4750 πλούτῳ,

243 4757 545 4827 ἐμάνθανον
568 4757 670 4828 τῆς
696 4758 825 4828 περί
863 4757 1023 4810 αὐτὸν
1048 4757 1143 4810 τοῦ
1172 4758 1308 4811 Θεοῦ
1344 4760 1599 4828 προνοίας
1628 4760 1726 4831 τὴν
1756 4761 1916 4814 δύνα-

247 4857 356 4910 μιν.
393 4841 490 4904 Τίς
517 4836 623 4894 εἶδέ
651 4859 818 4909 ποτε;
844 4841 924 4905 τίς
963 4842 1230 4913 ἤκουσεν;
1273 4843 1510 4914 ’Λπῆλθε
1546 4844 1706 4915 λιμοῦ
1740 4863 1918 4915 παρα-

247 4925 445 4992 μυθίαν
457 4926 518 4979 εὖ
528 4926 743 4999 ρασθαι·
759 4927 854 4980 καὶ
874 4926 1103 4980 πλοῦτον
1124 4944 1190 4978 πε
1198 4926 1633 4999 ριϐαλ[λ]όμενος
1651 4929 1916 4994 καὶδόξαν

246 5004 482 5074 ἄφατον,
542 5009 716 5073 οὕτως
748 5009 1128 5080 ἐπανέρχεται.
1164 5008 1256 5081 Μὴ
1306 5010 1554 5083 ξενισθῇς
1574 5054 1588 5076 ,
1626 5014 1879 5082 ἀγαπητέ
1899 5053 1914 5077 ,

251 5090 383 5161 μηδέ
408 5090 561 5164 [529]
594 5091 885 5165 θαυμάσῃς
914 5094 1008 5146 ἐπὶ
1055 5091 1134 5163 τῷ
1163 5094 1431 5161 γεγονότι·
1479 5094 1679 5165 μᾶλλον
1721 5097 1778 5149 δὲ
1819 5097 1915 5150 καὶ

249 5171 675 5247 θαύμασον,ικα“ι
705 5175 1035 5247 ἐκπλάγηθι.
1071 5175 1166 5229 καὶ
1197 5176 1387 5240 δόξαζε
1430 5178 1526 5231 τοῦ
1562 5178 1742 5233 κοινοῦ
1778 5181 1915 5234 πάν-

248 5271 355 5313 των
384 5260 542 5329 ήμῶν
568 5260 842 5313 Δεσπότου
871 5259 969 5331 τὴν
1000 5258 1252 5331 δύναμιν.
1277 5262 1387 5315 Καὶ
1407 5262 1508 5334 ὅρα
1536 5263 1630 5317 καὶ
1650 5266 1773 5335 τούς
1793 5265 1917 5319 τού-

247 5355 340 5393 του
374 5342 693 5410 ἀπογόνους,
730 5342 873 5397 κατά
903 5344 995 5397 τὸν
1046 5344 1209 5398 αὐτὸν
1242 5345 1444 5415 τρόπον
1496 5348 1779 5410 κατιόντας
1817 5350 1917 5420 μὲν

250 5426 330 5489 εἰς
354 5427 626 5495 Αἴγυπτον
655 5427 816 5483 πάλιν
846 5427 936 5481 διὰ
965 5428 1065 5498 τὴν
1109 5428 1355 5499 ἀνάγκην
1383 5429 1475 5483 τοῦ
1508 5428 1690 5501 λιμοῦ,
1730 5436 1915 5486 κακεῖ-

249 5503 342 5559 θεν
366 5510 546 5571 πάλιν.
573 5509 712 5581 μετά
743 5509 942 5582 πολλὴν
970 5510 1215 5564 δουλείαν
1245 5513 1341 5565 καὶ
1364 5512 1762 5584 ταλαιπωρίαν,
1789 5519 1910 5587 μετ’

249 5590 503 5663 εὐπορίας
526 5593 796 5655 ἀνιόντας.
824 5593 1077 5646 Τοιοῦτον
1108 5593 1219 5666 γὰρ
1251 5594 1559 5666 εὐμήχανος
1589 5599 1617 5650 6
1638 5598 1914 5667 Δεσπότης

249 5669 279 5721 ὁ
308 5674 591 5747 ἡμέτερος.
627 5676 799 5730 Ὅταν
832 5677 1164 5749 συγχωρήσῃ
1195 5679 1581 5748 κορυφωθῆναι
1628 5679 1698 5733 τὰ
1741 5680 1913 5746 δεινά,

252 5754 370 5809 τότε
396 5757 557 5812 πάλιν
571 5758 929 5823 διασκεδάσας
940 5758 1031 5812 τὸν
1057 5759 1323 5830 χειμῶνα,
1346 5761 1587 5831 γαλήνην
1599 5762 1915 5833 ἐργάζεται,

261 5838 347 5890 καὶ
380 5840 577 5911 πολλὴν
610 5842 718 5896 τῶν
764 5842 1105 5914 πραγμάτων
1151 5843 1248 5915 τὴν
1275 5843 1595 5916 μεταϐολὴν,
1647 5845 1913 5900 διδάσκων

2038 837 2073 886 ὁ·
2097 834 2363 905 μακάριος
2388 831 2552 884 Δαυῖδ
2574 834 2686 895 τοῖς
2707 833 2814 885 ἀπὸ
2833 833 2931 904 τῆς
2954 837 3011 887 ἐν
3041 833 3320 887 Βαϐυλῶνι
3340 835 3721 906 αἰχμαλωσίας

2038 915 2423 970 ἐπανελθοῦσιν
2450 914 2656 983 ἔλεγεν·
2677 918 2743 969 Ol
2776 917 3130 984 σπείροντες
3166 917 3235 970 ἐν
3266 916 3600 986 δάκρυσιν,
3647 919 3720 971 ἐν

2037 997 2393 1064 ἀγαλλιάσει
2447 997 2730 1067 θεριοῦσι.
2761 1000 3156 1068 Πορευόμενοι
3192 1000 3574 1069 ἐπορεύοντο,
3617 1004 3718 1056 καὶ

2036 1082 2290 1135 ἔκλαιον
2307 1079 2655 1146 βάλλοντες
2684 1081 2755 1133 τὰ
2786 1080 3098 1151 σπέρματα
3122 1081 3340 1136 αὐτῶν.
3374 1083 3721 1152 Ἐρχόμενοι

2036 1161 2105 1214 δὲ
2134 1163 2394 1231 ἥξουσιν
2428 1164 2498 1217 ἐν
2529 1163 2921 1234 ἀγαλλιάσει,
2970 1166 3244 1232 αἴροντες
3290 1166 3363 1221 τὰ
3411 1165 3719 1237 δράγματα

2036 1243 2253 1300 αὐτῶν.
2273 1243 2426 1310 Εἶδες
2446 1246 2672 1300 κάθοδον
2697 1246 2908 1315 ἀγῶνος
2944 1247 3040 1300 καὶ
3070 1248 3224 1312 δέους
3252 1250 3718 1322 πεπληρωμένην,

2036 1330 2130 1383 καὶ
2164 1333 2292 1402 περὶ
2323 1331 2489 1384 αὑτοῦ
2519 1329 2614 1384 τοῦ
2646 1330 2879 1384 θανάτου
2908 1330 2998 1382 τὸν
3034 1330 3198 1400 φόϐον
3249 1331 3480 1403 ἔχουσαν
3510 1335 3721 1388 ἐπικεί-

2037 1413 2393 1485 μενον;’¹ορα
2426 1415 2588 1469 πάλιν
2611 1414 2793 1468 ἄνοδον
2811 1415 3169 1484 περιφανείας
3204 1415 3409 1486 πολλῆς
3440 1417 3719 1486 γέμουσαν

2035 1497 2128 1549 καὶ
2152 1496 2553 1568 λαμπρότητος.
2568 1498 2710 1550 Πᾶσι
2729 1498 2836 1566 γὰρ
2856 1495 3041 1549 λοιπὴν
3067 1497 3344 1567 αἰδέσιμος
3360 1495 3431 1570 ἦν
3446 1500 3473 1551 ὁ
3487 1499 3716 1564 δίκαιος,

2034 1580 2128 1634 καὶ
2148 1582 2257 1643 τοῖς
2292 1581 2350 1633 ἐν
2368 1579 2651 1650 Αἰγύπτῳ,
2668 1580 2761 1632 καὶ
2784 1581 2895 1642 τοῖς
2932 1582 2990 1632 ἐν
3008 1579 3358 1654 Παλαιστίνῃ.
3376 1582 3473 1644 Τίς
3490 1583 3597 1653 γὰρ
3619 1585 3720 1637 οὐκ

2033 1661 2101 1715 ἂν
2120 1662 2319 1733 ᾐδέσθη
2335 1663 2426 1716 τὸν
2441 1662 2613 1726 οὕτως
2632 1661 2736 1715 ὑπὸ
2752 1661 2846 1714 τοῦ
2868 1661 3004 1737 Θεοῦ
3028 1663 3456 1733 φρουρούμενον,
3481 1667 3574 1718 καὶ
3594 1683 3720 1719 τοσ-

2032 1745 2206 1818 αύτης
2240 1746 2558 1817 ἀξιούμενον
2592 1745 2884 1818 προνοίας;
2921 1744 3131 1799 Οὐδένα
3162 1746 3272 1817 γὰρ
3304 1747 3434 1810 ίσως
3464 1747 3620 1801 ἔλαθε
3650 1750 3720 1807 τά

2032 1831 2113 1892 εἰς
2128 1830 2222 1883 τὸν
2252 1830 2477 1901 βασιλέα
2496 1830 2778 1898 γεγονότα,
2798 1828 2999 1881 καὶτὸν
3028 1825 3174 1882 οἷκον
3196 1830 3382 1884 αὐτοῦ.
3404 1831 3588 1884 Πάντα
3609 1834 3719 1904 γάρ

2031 1912 2119 1966 διὰ
2146 1913 2303 1967 τοῦτο
2339 1913 2723 1985 συνεχωρήθη,
2774 1914 2869 1966 καὶ
2916 1912 3005 1965 διὰ
3052 1912 3210 1966 τοῦτο
3253 1915 3415 1985 μέχρι
3465 1916 3719 1972 τοσούτου

1988 2034 1992 2037 -
2033 1997 2275 2070 προῆλθε
2295 1996 2365 2051 τὰ
2389 1998 2499 2050 τῶν
2532 1997 2853 2069 πειρασμῶν
2888 1996 2966 2067 τῷ
2998 1996 3214 2068 δικαίῳ,
3244 1998 3331 2050 ἵνα
3358 2000 3449 2051 καὶ
3489 2001 3656 2054 αὐτοῦ
3684 2006 3715 2070 ἠ

2033 2081 2275 2152 ὑπομονὴ
2306 2081 2662 2153 λαμπροτέρα
2702 2080 2948 2149 γένηται,
2996 2080 3093 2133 καὶ
3141 2079 3212 2133 τὰ
3261 2082 3393 2152 παρ’
3436 2082 3603 2135 αὐτοῦ
3638 2086 3719 2146 εἰς

2031 2164 2247 2219 ἅπασαν
2284 2164 2537 2234 ἐξενεχθῇ
2571 2163 2669 2235 τὴν
2707 2163 3064 2234 οἰκουμένην,
3111 2165 3208 2220 καὶ
3252 2165 3443 2236 μηδεὶς
3488 2167 3718 2237 ἀνήκοος

2031 2245 2260 2317 γένηται
2292 2248 2392 2318 τῆς
2423 2246 2625 2317 ἀρετῆς
2652 2245 2747 2299 τοῦ
2780 2245 3014 2299 δικαίου.
3356 2258 3363 2261 '

2100 2329 2167 2385 θ’.
2198 2329 2404 2395 Είδετε,
2441 2330 2737 2399 ἀγαπητοὶ,
2764 2330 2885 2385 ὅσον
2917 2328 3026 2381 τῶν
3059 2328 3383 2401 πειρασμῶν
3405 2329 3466 2383 τὸ
3488 2329 3715 2401 κέρδος;

2031 2414 2200 2467 εἰδετε
2232 2415 2329 2486 ὅση
2360 2418 2461 2485 τῆς
2496 2413 2776 2484 ὑπομονῆς
2812 2414 2846 2485 ἡ
2893 2413 3094 2484 ἀμοιϐή
3121 2430 3136 2478 ;
3164 2414 3335 2467 εἴδετε
3375 2415 3469 2468 καὶ
3502 2415 3673 2487 ἄνδρα
3701 2457 3713 2479 ,

2031 2497 2128 2552 καὶ
2174 2500 2428 2566 γυναῖκα,
2484 2498 2578 2550 καὶ
2629 2497 2882 2568 γέροντα,
2947 2497 3040 2551 καὶ
3090 2499 3534 2570 προϐεϐηκυῖαν,
3584 2502 3717 2569 ὅσην

2029 2579 2372 2645 ἐπεδείξαντο
2415 2580 2512 2651 τὴν
2547 2579 2893 2650 φιλοσοφίαν,
2948 2582 3081 2652 ὅσην
3117 2581 3217 2653 τὴν
3269 2582 3545 2653 ἀνδρείαν,
3585 2584 3718 2655 ὅσην

2028 2664 2129 2733 τὴν
2191 2663 2320 2734 περί
2377 2662 2645 2734 ἀλλήλους
2699 2663 3107 2736 φιλοστοργίαν,
3156 2664 3288 2735 ὅσην
3340 2665 3440 2734 τῆς
3494 2666 3717 2736 ἀγάπης

2028 2747 2119 2799 τὸν
2185 2747 2516 2817 σύνδεσμον;
2580 2746 2786 2801 Τοῦτον
2841 2747 3082 2811 ἅπαντες
3145 2747 3522 2818 μιμησώμεθα
3550 2790 3565 2814 ,
3623 2751 3716 2803 καὶ

2032 2829 2302 2898 μηδέποτε
2353 2828 2712 2899 ἀσχάλλωμεν
2738 2871 2753 2896 ,
2821 2829 2957 2901 μηδὲ
3015 2829 3328 2900 νομίζωμεν
3387 2830 3711 2899 ἐγκαταλεί-

2025 2908 2172 2979 ψεως
2202 2906 2344 2964 εἶναι
2384 2911 2478 2965 τοῦ
2518 2910 2655 2964 Θεοῦ
2708 2912 2803 2964 καὶ
2851 2911 2946 2964 τοῦ
2993 2911 3357 2983 περιορᾶσθαι
3414 2913 3715 2984 τεκμήριον

2026 2993 2124 3064 τὴν
2163 2993 2270 3046 τῶν
2310 2993 2632 3065 πειρασμῶν
2680 2994 3001 3063 ἐπαγωγὴν,
3056 2992 3192 3047 ἀλλά
3241 2992 3401 3046 τοῦτο
3456 2995 3714 3065 μέγιστον

2028 3075 2310 3147 ποιώμεθα
2347 3076 2544 3147 μᾶλλον
2570 3076 2771 3146 δεῖγμα
2800 3077 2896 3148 τῆς
2919 3075 3050 3145 περὶ
3071 3077 3222 3146 ἡμᾶς
3254 3075 3348 3128 τοῦ
3382 3074 3519 3129 Θεοῦ
3554 3076 3712 3147 κηδε-

2030 3164 2240 3234 μονίας.
2277 3165 2378 3217 "Av
2430 3181 2489 3217 τε
2545 3163 2654 3235 γὰρ
2683 3163 3099 3235 ἁμαρτημάτων
3133 3162 3346 3234 ἔχωμεν
3390 3163 3713 3233 ἐπικείμενα

2025 3254 2157 3324 ἡμῖν
2184 3251 2408 3323 φορτία,
2439 3250 2805 3322 δυνησόμεθα,
2837 3251 3039 3323 πολλὴν
3062 3249 3161 3323 τὴν
3189 3250 3467 3321 ὑπομονὴν
3495 3250 3589 3304 καὶ
3615 3251 3712 3314 τὴν
3798 3286 3801 3293 -

2025 3339 2374 3411 εὐχαριστίαν
2392 3339 2814 3409 ἐπιδειξάμενοι,
2830 3339 3138 3410 κουφότερα
3154 3338 3330 3393 ταῦτα
3349 3339 3706 3409 ἐργάσασθαι·

2024 3428 2090 3482 ἀν
2126 3444 2186 3481 τε
2224 3427 2300 3498 μὴ
2330 3426 2501 3480 πολλὰ
2532 3426 2745 3497 ἔχωμεν
2795 3428 3192 3497 ἁμαρτήματα,
3235 3424 3401 3480 πάλιν
3433 3427 3527 3480 καὶ
3570 3426 3713 3480 οὕτω

2026 3514 2266 3580 πλείονος
2291 3514 2673 3585 ἀπολαύσομεν
2690 3515 2791 3584 τῆς
2816 3512 3023 3568 ἀνωθεν
3044 3512 3276 3578 εὐνοίας,
3297 3514 3346 3566 εἰ
3371 3513 3709 3585 εὐχαρίστως

2023 3602 2361 3673 ἐνέγκοιμεν.
2398 3602 2681 3672 Φιλότιμος
2716 3600 2824 3672 γὰρ
2858 3599 2933 3653 ὣν
2962 3602 2989 3653 6
3024 3599 3305 3670 Δεσπότης
3348 3602 3377 3653 ὁ
3419 3601 3708 3672 ἡμέτερος,

2023 3693 2118 3745 καλ⁸
2150 3692 2251 3761 τῆς
2275 3690 2551 3761 ἡμετέρας
2578 3688 2875 3760 κηδόμενος
2903 3688 3200 3758 σωτηρίας,
3236 3688 3325 3741 διά
3354 3688 3512 3742 τοῦτο
3541 3689 3710 3743 καθά-
3750 3696 3758 3709 ¹

2023 3797 2129 3851 περ
2155 3777 2454 3849 γυμνάσιόν
2503 3794 2557 3830 τι
2612 3777 2706 3830 καὶ
2750 3775 2972 3845 ἀγῶνας
3022 3775 3344 3847 προτίθησιν
3400 3777 3532 3847 ἡμῖν
3588 3778 3709 3830 ἀντὶ

2025 3867 2365 3939 σκαμμάτων
2407 3865 2665 3929 πολλάκις
2716 3864 2819 3935 τὴν
2854 3863 2965 3917 τῶν
3010 3863 3359 3934 πειρασμῶνι
3388 3865 3707 3933 ἐπαγωγὴν,

2022 3956 2113 4010 ἵνα
2138 3956 2208 4009 τά
2234 3954 2364 4026 παρ’
2409 3953 2618 4008 ἐαυτῶν
2647 3954 2741 4007 καὶ
2781 3954 2944 4022 ἡμεῖς
2996 3952 3421 4022 ἐπιδειξάμενοι,
3453 3952 3707 4022 δαψιλοῦς

2021 4043 2418 4114 ἀπολαύσωμεν
2449 4045 2550 4114 τῆς
2593 4043 2725 4113 παρ’
2770 4039 2937 4093 αὐτοῦ
2986 4041 3268 4110 προνοίας.
3300 4041 3478 4109 Ὅπερ
3509 4040 3704 4104 εἰδότες

2024 4132 2100 4204 μὴ
2131 4132 2422 4204 ναρκῶμεν
2450 4131 2507 4182 ἐν
2533 4132 2643 4192 τοῖς
2684 4130 3014 4198 πειρασμοῖς
3038 4170 3051 4188 ,
3090 4127 3226 4197 μηδέ
3261 4127 3706 4198 δυσχεραίνωμεν

2020 4222 2079 4273 ἐν
2094 4223 2213 4282 ταῖς
2230 4219 2493 4288 θλίψεσιν,
2528 4217 2664 4271 ἀλλά
2694 4218 2788 4271 καὶ
2817 4217 3121 4287 χαίρωμεν,
3152 4217 3293 4268 κατά
3321 4217 3414 4268 τὸν
3439 4216 3706 4286 μακάριον

2021 4309 2233 4364 Παῦλον
2255 4326 2268 4341 ο
2310 4308 2441 4363 Νῦν
2469 4309 2597 4381 γὰρ,
2627 4309 2782 4379 φησὶ,
2818 4307 3003 4376 χαίρω
3032 4307 3101 4360 ἐν
3130 4304 3260 4367 ταῖς
3286 4305 3535 4373 θλίψεσί
3553 4304 3705 4377 [55οι

2014 4416 2155 4468 μου.
2192 4391 2346 4461 Εἶδες
2379 4396 2556 4468 ψυχὴν
2595 4394 2914 4466 εὐγνώμονα
2942 4410 2956 4459 ;
2985 4395 3051 4447 Εἰ
3077 4393 3187 4466 γάρ
3219 4395 3276 4446 ἐν
3313 4395 3433 4457 ταῖς
3464 4392 3707 4461 θλίψεσιν

2020 4486 2226 4557 ἔχαιρε,
2252 4486 2377 4539 πότε
2401 4484 2630 4556 ἠδύνατο
2658 4482 2831 4547 οὕτως
2851 4484 2908 4536 ἐν
2941 4480 3088 4556 λύπῃ
3118 4481 3375 4552 γενέσθαι
3397 4498 3410 4546 ;
3436 4483 3496 4535 Εἰ
3518 4481 3584 4535 τά
3613 4481 3707 4535 ἐπὶ

2019 4574 2127 4627 τῶν
2141 4573 2314 4628 ἄλλων
2330 4573 2604 4626 λυποῦντα
2622 4572 2815 4644 ἐκείνῳ
2833 4569 3172 4642 εὐφροσύνης
3194 4569 3453 4624 ὑπόθεσιν
3474 4567 3702 4633 ἔτικτεν,

2021 4661 2193 4715 ἐννόει
2225 4678 2315 4731 μοι
2349 4661 2447 4731 τῆς
2479 4660 2657 4731 ψυχῆς
2710 4658 2877 4714 αὐτοῦ
2931 4658 3029 4730 τὴν
3064 4658 3422 4712 κατάστασιν.
3478 4658 3587 4710 Καὶ
3620 4656 3756 4741 ἵνα,

2024 4747 2201 4820 μάθῃς
2227 4750 2310 4801 ὅτι
2330 4748 2429 4818 οὐχ
2467 4744 2577 4800 οἶόν
2607 4764 2668 4800 τε
2721 4746 2923 4818 ἑτέρως
2954 4745 3065 4799 τῶν
3118 4742 3544 4815 ἐπηγγελμένων
3575 4745 3704 4812 ἡμῖν

2020 4835 2240 4905 ἀγαθῶν
2267 4838 2565 4905 ἐπιτυχεῖν,
2592 4834 2805 4904 καὶτῆς
2826 4833 2934 4886 τῶν
2960 4831 3207 4902 οὐρανῶν
3239 4829 3514 4901 βασιλείας
3543 4829 3706 4895 ἀξιω-

2019 4925 2200 4998 θῆναι,
2232 4926 2281 4978 εἰ
2313 4925 2388 4996 μὴ
2410 4924 2500 4977 διὰ
2528 4923 2762 4992 θλίψεως
2791 4920 3113 4989 ὁδεύσαιμεν
3164 4918 3253 4972 τὸν
3281 4918 3526 4988 παρόντα
3561 4916 3700 4986 βίον,

2018 5014 2183 5067 ἀκουε
2203 5012 2312 5066 τῶν
2335 5011 2650 5066 ἀποστόλων
2674 5009 2944 5078 λεγόντων
2972 5007 3111 5077 πρὸς
3140 5006 3267 5070 τοὺς
3285 5005 3410 5077 ἄρτι
3434 5007 3500 5075 τῇ
3522 5004 3705 5059 πίστει

2019 5103 2381 5174 προσιόντας·
2423 5100 2526 5155 Καὶ
2576 5098 3066 5169 μαθητεύσαντες
3096 5135 3111 5158 ,
3148 5094 3314 5166 φησὶν
3348 5132 3364 5159 ,
3424 5092 3698 5158 ἱκανοὺς,
3808 5128 3812 5131 Α

2023 5182 2418 5253 ὖπέστρεψαν
2452 5186 2537 5249 εἰς
2567 5184 2872 5251 Λύστραν,
2902 5178 3001 5233 καί
3044 5180 3318 5242 Ἰκόνιον,
3342 5176 3441 5231 καί
3485 5178 3700 5230 Ἀντιό-

2018 5285 2210 5337 χειαν,
2248 5264 2727 5335 ἐπιστηρίζοντες
2749 5265 2856 5330 τὰς
2883 5260 3091 5331 ψυχὰς
3111 5259 3231 5315 τῶν
3257 5257 3561 5330 μαθητῶν,
3598 5260 3699 5313 καί

2019 5352 2516 5421 παρακαλοῦντες
2534 5349 2812 5418 ἐμμένειν
2838 5346 2912 5415 τῇ
2942 5347 3163 5409 πίστει,
3192 5345 3289 5399 καί
3318 5344 3408 5398 ὅτι
3435 5342 3535 5397 διὰ
3559 5346 3702 5396 πολε

2016 5434 2147 5491 λῶν
2173 5437 2442 5504 θλίψεων
2467 5434 2558 5489 δεῖ
2583 5430 2744 5504 ἡμᾶς
2767 5429 3067 5487 εἰσελθεῖν
3111 5431 3197 5495 εἰς
3233 5426 3349 5495 τὴν
3371 5426 3701 5492 ,ϐασιλείαν

2017 5519 2136 5573 τῶν
2156 5520 2449 5589 οὐρανῶν.
2479 5517 2616 5572 Ποία
2645 5512 2737 5571 οῦν
2758 5513 3022 5582 ἀπολογία
3049 5512 3198 5565 ἔσται
3223 5513 3375 5582 ἡμῖν,
3407 5509 3482 5581 μὴ
3509 5509 3699 5580 βουλσδ

2021 5602 2204 5672 μένοις
2247 5600 2511 5671 γενναίως
2556 5599 2653 5655 καί
2699 5597 2960 5668 ἀνδρείως
3017 5595 3112 5648 καὶ
3150 5593 3486 5665 εὐχαρίστως
3518 5591 3700 5645 πάντα

2016 5683 2204 5754 φέρειν
2228 5682 2298 5738 τὰ
2329 5683 2665 5752 ἐπαγόμενα,
2716 5681 2846 5734 ὅταν
2899 5678 3118 5748 ἴδωμεν,
3171 5677 3255 5731 ὅτι
3302 5674 3426 5729 οὐδὲ
3475 5672 3696 5728 δυνατὸν

2014 5767 2220 5837 ἑτέρως
2248 5768 2398 5839 ἡμᾶς
2425 5767 2526 5838 τῆς
2550 5764 2823 5836 σωτηρίας
2852 5762 3148 5831 ἐπιτυχεῖν,
3188 5760 3263 5832 μὴ
3312 5759 3517 5832 ταύτην
3548 5759 3697 5839 ὁδεύ-

2021 5867 2219 5913 σαντας
2248 5838 2345 5921 τὴν
2377 5849 2492 5904 ὁδόν
2516 5865 2530 5914 ;
2564 5848 2691 5904 ’Ότι
2720 5848 2829 5919 γάρ
2860 5846 3010 5900 οὐδὲν
3028 5844 3175 5910 ξένον
3197 5845 3288 5898 καὶ
3313 5840 3497 5897 καινὸν
3521 5838 3695 5897 οὐδεὶς
