4060 6436
387 392 492 450 505

391 509 581 579 sequi,
630 504 734 561 uisi
773 503 873 561 hac
917 501 1289 558 incesserimus
1325 495 1631 564 via?Quod
1657 497 1800 552 enim
1839 493 1972 548 nihil

393 600 628 655 insolens
654 606 744 651 aut
770 610 961 649 novum
987 594 1057 648 sit
1083 606 1266 663 passus
1294 590 1558 661 justorum
1584 588 1743 651 ullus,
1768 586 1857 656 qui
1882 601 1979 654 per

392 690 707 744 al‘llictiones
729 685 981 756 transegit
999 683 1137 738 hanc
1159 681 1340 743 vitam,
1367 680 1486 734 audi
1503 678 1772 734 Christum
1794 676 1977 730 dicen-

391 792 542 835 tem:
580 777 648 833 In
692 777 882 831 mundo
920 775 1233 846 aﬁlictionem
1273 771 1514 825 habebitis
1544 812 1559 836 ,
1601 768 1694 823 sed
1738 766 1977 834 conﬁdite

397 872 574 933 (Joan.
599 869 686 925 16.
713 867 784 923 53
804 868 842 935 ).
872 865 1004 920 Nam
1030 880 1100 919 ne
1125 863 1311 919 audita
1327 862 1560 925 tristitia,
1588 875 1683 928 spe
1702 858 1972 921 excidant,

391 963 569 1015 statim
597 958 843 1013 ﬁduciam
869 956 946 1012 eis
974 956 1151 1022 affert,
1171 964 1223 1009 et
1248 968 1398 1009 suam
1426 951 1706 1022 pollicetur
1727 948 1973 1019 gratiam.

394 1050 500 1105 Sed
520 1048 779 1117 conﬁdite,
804 1046 970 1117 inquit
995 1062 1009 1109 ;
1032 1061 1122 1116 ego
1142 1044 1237 1098 vici
1261 1042 1524 1097 mundum.
1560 1038 1755 1103 Habes,
1784 1037 1973 1106 inquit,

394 1156 515 1195 eum
538 1140 626 1209 qui
648 1138 818 1207 gratia
837 1136 1066 1203 alleviet,
1093 1134 1181 1204 qui
1203 1148 1309 1187 non
1332 1131 1610 1202 permittat
1630 1141 1682 1183 te
1708 1125 1973 1195 submergi

392 1230 461 1285 ab
489 1228 648 1283 illatis
677 1226 1077 1289 teutationibus,
1110 1223 1200 1294 qui
1230 1237 1349 1277 cum
1382 1219 1672 1276 tentatione
1699 1226 1752 1272 et
1775 1216 1975 1271 exitum

341 1348 350 1356 -
394 1320 628 1392 praebeat
647 1362 661 1387 ,
690 1328 743 1374 et
773 1334 878 1373 non
908 1317 1178 1387 permittat
1204 1329 1363 1384 supra
1394 1321 1602 1368 nostras
1629 1310 1769 1365 vires
1794 1305 1976 1362 inferri

392 1413 569 1483 gravia
593 1412 615 1481 (
635 1413 656 1465 l
673 1450 686 1463 .
718 1409 836 1465 Cor.
862 1408 949 1465 10.
977 1409 1045 1463 I5
1063 1408 1104 1479 ).
1132 1406 1268 1476 Quid
1295 1401 1562 1460 tristaris?
1588 1401 1712 1473 quid
1743 1398 1978 1455 mmres?

391 1503 517 1571 quid
548 1501 827 1573 impatiens
846 1517 904 1556 es
920 1500 944 1550 t
961 1514 1126 1571 quare
1153 1507 1259 1553 tam
1285 1496 1492 1567 abjecto
1517 1494 1697 1548 animo
1721 1492 1819 1547 es?
1843 1491 1976 1546 Nttm

298 1650 301 1651 ν
393 1596 437 1649 si
464 1610 582 1664 qua:
611 1603 790 1648 nostra
832 1601 956 1648 sunt
993 1590 1327 1646 attulerimus
1352 1630 1367 1655 ,
1397 1587 1707 1657 patientiam
1734 1585 1854 1640 dico
1880 1625 1895 1649 ,
1926 1592 1977 1639 et

395 1687 782 1754 fortitudinem,
813 1694 869 1741 et
894 1693 1101 1757 gratum
1132 1683 1364 1738 animum
1386 1724 1401 1749 ,
1432 1695 1533 1736 nos
1558 1680 1700 1735 sinet
1727 1678 1930 1748 despici
1954 1677 1978 1732 ι

394 1781 528 1836 Num
549 1779 649 1834 etsi
673 1778 967 1847 desperatae
992 1783 1116 1830 sunt
1142 1790 1249 1841 res,
1273 1774 1489 1829 vincere
1516 1781 1738 1842 possunt
1762 1770 1978 1840 sapien-

394 1873 520 1928 tiam
541 1870 745 1926 Domini
772 1868 976 1925 nostri?
998 1866 1103 1922 Nos
1123 1881 1241 1935 quae
1263 1873 1441 1920 nostra
1465 1872 1589 1919 sunt
1609 1862 1975 1929 exhibeamus,

394 1973 449 2018 ct
473 1963 734 2017 sinceram
763 1959 1056 2014 habeamus
1084 1956 1241 2011 ﬁdem
1268 1997 1282 2022 ,
1315 1956 1545 2010 scientes
1575 1953 1845 2009 solertiam
1872 1952 1979 2007 Tu-

394 2056 527 2110 toris
567 2053 865 2107 animarum
888 2058 1232 2104 nostrarum.
1282 2046 1347 2100 Et
1387 2045 1499 2115 ipse
1536 2059 1756 2114 prorsus
1787 2043 1980 2097 melius

395 2146 542 2202 novit
566 2159 725 2215 quam
749 2157 846 2197 nos
863 2182 878 2205 ,
904 2139 1029 2209 quid
1059 2138 1352 2202 conducat,
1380 2137 1467 2205 qui
1492 2136 1561 2190 ita
1589 2151 1676 2190 res
1702 2135 1979 2204 dispensa-

395 2239 514 2302 bit,
558 2244 614 2289 ut
665 2234 764 2304 ipsi
796 2232 952 2286 fuerit
981 2228 1332 2284 honorificum
1358 2270 1372 2293 ,
1414 2237 1466 2283 et
1496 2227 1650 2282 nobis
1677 2227 1805 2281 utile
1832 2244 1845 2279 :
1875 2241 1979 2295 quo

395 2338 448 2384 et
472 2325 739 2399 patientia:
768 2321 1068 2379 mercedem
1096 2319 1437 2389 accipiamus,
1466 2327 1517 2373 et
1539 2318 1654 2387 ejus
1680 2317 1980 2387 benignita-

396 2431 500 2474 tem
531 2416 889 2478 obtineamus,
917 2410 1085 2482 gratia
1110 2419 1164 2466 et
1184 2407 1617 2463 miserationibus
1648 2407 1855 2461 Domini
1884 2422 1981 2461 no-

393 2512 490 2567 stri
529 2509 655 2565 Jesu
693 2505 930 2572 Christi,
958 2518 1079 2558 cum
1127 2516 1235 2572 quo
1277 2500 1422 2555 Patri
1470 2500 1627 2554 simul
1666 2507 1721 2553 et
1762 2498 1981 2568 Spiritui

396 2610 581 2658 sancto
607 2600 676 2655 sit
702 2597 901 2669 gloria,
932 2593 1235 2663 imperiunm,
1265 2591 1460 2657 honor,
1492 2604 1634 2645 nunc
1661 2598 1716 2645 et
1742 2604 1975 2659 semper,

396 2705 449 2750 et
477 2694 528 2747 in
558 2689 750 2747 saecula
779 2687 1118 2743 smculorum.
1150 2683 1343 2738 Amen.

904 2813 1186 2872 HOMILIA
1222 2810 1464 2867 XXXIII.

400 2932 586 2989 Abram
629 2939 795 2984 autem
826 2936 933 2982 erat
981 2926 1116 2980 dives
1151 2922 1299 2978 valde
1344 2920 1624 2992 pecoribus,
1659 2930 1706 2975 et
1748 2930 1976 2991 argento,

470 3032 518 3078 et
545 3038 689 3076 auro.
720 3018 787 3073 Et
817 3019 1074 3089 profectus
1115 3023 1205 3079 est,
1234 3012 1370 3066 unde
1396 3019 1619 3077 venerat,
1652 3011 1705 3065 in
1741 3011 1980 3064 solitudi-

469 3129 585 3169 nem
609 3123 771 3180 usque
804 3107 1001 3175 Bethel,
1029 3121 1186 3176 usque
1218 3103 1288 3157 ad
1314 3103 1480 3157 locum
1510 3102 1563 3156 in
1591 3118 1688 3171 quo
1722 3102 1861 3169 prius
1885 3103 1981 3172 fuit

471 3201 848 3260 tabernaculum
872 3200 979 3269 ejus
1004 3199 1134 3252 inter
1151 3194 1327 3250 Bethel
1341 3203 1390 3248 et
1413 3193 1589 3264 Aggte,
1615 3193 1682 3244 ad
1699 3192 1876 3246 locum
1903 3191 1983 3245 al-

473 3295 597 3349 taris
620 3292 755 3364 quod
779 3291 847 3345 ibi
876 3289 1126 3361 principio
1156 3290 1342 3358 fecerat
1370 3283 1521 3355 (Gen.
1556 3284 1641 3338 15.
1674 3283 1811 3353 2-4).

474 3429 526 3479 l.
567 3422 700 3478 Cum
739 3421 968 3475 alacrem
1018 3424 1254 3471 vestrum
1299 3420 1640 3477 conventum,
1691 3420 1747 3466 et
1796 3412 1984 3481 ingens

401 3515 649 3573 audiendi
672 3510 994 3568 desiderium
1025 3507 1184 3562 hodie
1208 3504 1439 3567 videam,
1469 3503 1589 3558 volo
1611 3503 1847 3558 debitum
1872 3503 1984 3557 sol-

401 3625 550 3674 vere,
583 3622 687 3677 quo
713 3619 839 3675 erga
878 3602 1155 3658 caritatem
1181 3606 1412 3652 vestram
1435 3595 1721 3650 obstrictus
1750 3608 1889 3649 sum.
1923 3594 1989 3649 Et

401 3704 517 3759 scio
540 3701 658 3770 ejus
687 3699 917 3753 fortasse
940 3709 1035 3749 vos
1058 3691 1251 3747 oblitos
1277 3703 1397 3744 esse
1419 3703 1485 3744 eo
1511 3686 1652 3757 quod
1686 3686 1838 3740 multi
1871 3685 1988 3741 dies

404 3791 821 3854 intercesserint,
868 3797 1153 3853 sermoque
1198 3789 1381 3836 noster
1425 3780 1490 3834 ad
1528 3779 1630 3833 alia
1662 3779 1873 3834 interim
1921 3780 1990 3833 sit

403 3884 685 3939 deductus.
729 3878 863 3934 Nam
902 3884 1100 3931 sancta:
1144 3871 1445 3928 festivitatis
1493 3870 1752 3926 adventus
1795 3871 1988 3925 seriem

406 3974 562 4030 nobis
599 3968 973 4040 interpellavit.
1019 3966 1201 4035 Neque
1243 3964 1384 4019 enim
1431 3978 1525 4032 par
1569 3971 1684 4016 erat
1737 3971 1814 4026 ut,
1864 3961 1989 4017 dum

405 4081 617 4122 crucem
651 4061 856 4117 Domini
897 4058 1289 4115 celebraremus
1321 4053 1416 4125 (a),
1447 4054 1514 4109 de
1541 4055 1660 4107 aliis
1689 4069 1988 4109 sermonem

407 4158 721 4213 all‘erremus
739 4172 752 4208 :
771 4166 957 4207 mensa
978 4158 1156 4205 autem
1193 4147 1344 4201 vobis
1371 4145 1713 4215 pr0ponenda
1739 4154 1854 4199 erat
1881 4146 1992 4199 suis

408 4262 639 4316 congrua
697 4242 1049 4312 temporibus.
1090 4238 1153 4292 Et
1201 4237 1398 4290 idcirco
1445 4234 1656 4303 quando
1696 4234 1839 4288 venit
1876 4233 1990 4289 dics

408 4336 751 4401 Traditionis,
778 4332 1026 4388 continua
1054 4327 1309 4383 doctrina:
1336 4326 1472 4380 serie
1499 4334 1723 4387 resecta,
1756 4340 1992 4393 pensen-

412 4428 552 4482 tibus
579 4441 696 4497 qua:
722 4423 983 4493 urgebant
1023 4434 1121 4474 nos
1150 4415 1635 4479 accommodantes,
1677 4415 1728 4468 in
1756 4414 1993 4483 prodito-

412 4535 528 4575 rem
565 4518 797 4585 linguam
842 4511 1138 4567 laxavimus
1165 4508 1237 4579 (b)
1270 4527 1281 4562 :
1310 4505 1503 4562 deinde
1532 4505 1599 4560 de
1629 4521 1788 4560 cruce
1814 4505 1990 4573 aliqua

413 4612 466 4664 iu
497 4606 727 4663 medium
770 4603 1107 4674 protulimus.
1152 4599 1366 4665 Postea,
1415 4597 1755 4651 illucescente
1800 4596 1996 4650 Resur-

414 4698 665 4754 rcctionis
704 4695 811 4759 die,
842 4691 1203 4749 necessarium
1244 4698 1360 4744 erat
1397 4695 1455 4742 ut
1495 4688 1561 4742 de
1608 4687 1996 4741 resurrectione

417 4788 626 4845 Domini
652 4787 930 4842 caritatem
950 4792 1181 4838 vestram
1205 4779 1519 4835 doceremus
1543 4793 1557 4831 :
1579 4786 1633 4832 et
1655 4777 1998 4847 sequentibus

499 4902 551 4956 α)
584 4909 653 4950 ne
673 4898 801 4950 festo
822 4896 987 4949 Crucis
1003 4896 1253 4946 dominicae
1273 4893 1503 4956 loquitur.

502 4951 551 5026 [ἡ
583 4964 666 5026 llic
697 4959 1304 5026 I9quitur_t‘.brysos_tomus
1339 4951 1406 5004 de
1445 4966 1590 5003 causa
1627 4951 1999 5026 interpellandis

415 5013 565 5088 seriei
590 5013 892 5088 humiliarqu
916 5022 965 5069 in
984 5013 1210 5088 Genesim
1228 5056 1241 5076 ,
1266 5029 1386 5088 quas
1407 5028 1613 5088 numero
1646 5013 1845 5087 triginta
1881 5013 2001 5063 duas

411 5089 510 5149 jam
532 5085 722 5149 habitas
739 5095 825 5149 per
846 5089 992 5131 totam
1009 5080 1454 5149 Quadragesimam,
1470 5083 1575 5149 post
1599 5080 2000 5149 triga-simamse-

415 5137 623 5215 eundem
641 5137 850 5215 aliudin
876 5137 1070 5215 tempus
1090 5137 1308 5215 distulit,
1334 5137 1768 5215 ingloria
1779 5137 1832 5215 in
1847 5137 2002 5215 Eccita

417 5209 603 5258 nomini
626 5206 691 5256 de
710 5206 830 5268 Juda
862 5196 1110 5268 proditore
1128 5196 1447 5268 temneretur,
1480 5205 1533 5268 ut
1557 5196 1702 5268 etiam
1725 5203 1893 5268 monet
1916 5196 2002 5246 ille

418 5271 469 5318 iu
488 5268 686 5319 Homilia
711 5266 776 5315 de
797 5258 933 5329 Juda,
956 5258 1331 5329 cujus_in_itium,
1365 5259 1602 5329 Volebam,
1629 5258 1792 5328 dilecti
1820 5269 1838 5306 :
1858 5271 2002 5329 quam

417 5329 636 5391 secundo
656 5336 801 5378 τοωο
822 5320 994 5391 babes.
1014 5320 1215 5375 'Deinde
1246 5324 1307 5373 de
1338 5335 1483 5391 cruce
1514 5320 1678 5391 aliqua
1708 5320 1761 5369 in
1790 5320 2003 5391 (mdium

419 5390 722 5453 protulimus.
758 5388 920 5450 Pergit
948 5389 1336 5453 chrysostomus,
1372 5380 1653 5453 alterutram
1680 5380 2004 5453 _ex_ttomiliis

418 5442 486 5502 'de
517 5465 664 5502 cruce
682 5486 698 5512 ,
723 5463 833 5513 quin
847 5442 975 5513 "post
1003 5442 1230 5513 Homilias
1248 5442 1584 5513 de'proditore
1606 5442 1721 5491 .Iuda
1744 5449 1892 5513 Temo
1924 5455 2004 5513 se-

419 5514 578 5563 cundo
600 5504 1115 5575 poriuﬁturfiudicans.
1141 5509 1227 5575 nio
1250 5504 1415 5557 autem
1438 5505 1627 5575 Pascha:
1649 5510 1814 5575 contra
1840 5504 1998 5551 ebrio-

420 5588 505 5624 sos
525 5566 663 5624 etde
684 5573 1048 5622 resurrectione
1069 5570 1381 5619 concionatus
1413 5572 1491 5616 est
1513 5580 1526 5614 :
1552 5566 1748 5614 demum
1782 5572 2002 5626 tempore

424 5633 635 5685 I’aschali
658 5633 887 5696 ttomilias
908 5632 1078 5696 habuit
1109 5632 1158 5678 in
1191 5630 1473 5696 principium
1500 5624 2006 5696 Actorum..Htcc_'plu-

422 5696 559 5745 ribus
593 5701 815 5758 enarrata
848 5688 958 5758 vide
988 5701 1132 5741 Tomo
1161 5688 1476 5758 secundoad
1498 5688 1718 5758 Hotuilias
1752 5688 1797 5758 in_
1829 5688 2003 5758 pri-nci-

423 5759 557 5819 pium
583 5755 837 5814 Actorum,
873 5755 1253 5816 itcmquc't'omo
1287 5754 1431 5803 tertio
1464 5752 1510 5799 in
1547 5750 1716 5797 Monito
1771 5745 1840 5799 de
1881 5745 2002 5799 Juda

425 5819 693 5886 proditore.

1420 383 1485 441 IN
1523 348 1673 440 cari.
1714 380 1850 438 xm.
1895 378 2135 437 cauus.
2181 378 2407 435 noun.
2450 378 2689 437 XXXIII.

3553 384 3659 441 306

2083 490 2290 556 diebus,
2322 506 2419 563 per
2450 507 2511 547 ea
2543 493 2795 548 miracula
2821 509 2940 564 qua:
2970 502 3094 550 tunc
3134 494 3273 551 facta
3312 504 3455 563 sunt,
3485 511 3658 553 resur-
3753 532 3756 535 η

2080 583 2331 638 rectionis
2356 582 2737 647 demonstratio
2759 586 2948 639 iterum
2976 584 3242 642 afferenda
3266 597 3380 642 erat
3409 605 3424 643 :
3446 589 3659 658 quando

2079 675 2240 729 etiam
2285 675 2660 744 Apostolorum
2709 676 2837 730 Acta
2890 663 3496 748 explanare'caapimus,
3536 678 3658 733 inde

2080 766 2231 822 vobis
2247 767 2496 822 continua
2527 776 2889 837 proponentes
2914 769 3175 835 convivia,
3215 778 3272 824 et
3295 770 3499 825 crebris
3527 785 3655 839 quo-

2081 856 2402 926 tidianisquc
2443 858 2897 913 admonitionibus
2936 873 3050 925 eos,
3088 859 3177 930 qui
3218 875 3388 929 nuper
3409 860 3656 930 baptismi

2078 946 2300 1015 gratiam
2339 957 2673 1016 acceperant,
2715 948 3077 1003 exhortantes.
3109 948 3258 1003 Nunc
3287 949 3444 1019 igitur
3470 964 3653 1005 neces-

2079 1036 2275 1089 sarium
2303 1045 2386 1090 est
2416 1044 2473 1090 ut
2492 1036 2656 1091 debiti
2678 1053 2883 1092 memor
2904 1038 3028 1103 sim,
3057 1045 3113 1093 ct
3136 1038 3286 1093 vobis
3315 1040 3655 1093 satisfaciam.

2079 1125 2310 1181 Tametsi
2341 1127 2481 1182 enim
2505 1142 2597 1182 vos
2621 1128 2787 1182 debiti
2816 1144 2980 1198 genus
3010 1128 3283 1199 ignoretis,
3309 1137 3491 1198 utpote
3518 1131 3659 1185 curis

2081 1214 2258 1270 multis
2288 1216 2547 1285 impliciti,
2571 1226 2626 1271 et
2643 1218 2852 1272 solliciti
2886 1234 2979 1286 pro
3002 1218 3275 1283 uxoribus,
3303 1228 3357 1273 et
3379 1219 3577 1284 liberis,
3606 1229 3655 1275 et

2079 1306 2385 1376 quotidiana
2414 1307 2683 1373 alimonia,
2711 1309 2996 1378 multisque
3040 1309 3159 1364 aliis
3196 1310 3540 1364 satcularibus
3578 1326 3654 1364 ne-

2078 1399 2266 1468 gotiis:
2288 1415 2473 1455 verum
2504 1417 2601 1455 nos
2629 1402 2719 1473 qui
2749 1402 2905 1456 nullis
2926 1402 2976 1456 id
3004 1417 3171 1472 genus
3200 1403 3341 1457 curis
3366 1406 3654 1466 turbamur,

2081 1501 2135 1546 et
2154 1492 2302 1548 vobis
2321 1493 2483 1549 debiti
2508 1495 2816 1549 memoriam
2838 1496 3187 1565 suggerimus,
3212 1503 3265 1549 et
3285 1495 3348 1548 ad
3377 1496 3651 1549 restituen-

2082 1584 2208 1638 dum
2242 1599 2339 1638 nos
2368 1600 2635 1654 paramus.
2682 1584 2865 1654 Neque
2906 1585 3263 1648 admiremini,
3290 1585 3334 1639 si
3368 1594 3470 1638 tam
3506 1593 3665 1655 grato

2081 1678 2261 1731 animo
2292 1676 2343 1731 id
2368 1686 2701 1746 praestamus.
2736 1677 2903 1748 Hujus
2932 1678 3074 1732 enim
3102 1676 3263 1732 debiti
3292 1693 3457 1747 genus
3477 1693 3504 1731 a
3536 1693 3654 1733 sen-

2081 1765 2323 1821 sibilibus
2367 1766 2603 1836 pecuniis
2630 1767 2902 1823 diversum
2944 1776 3045 1822 est.
3081 1766 3135 1821 In
3168 1768 3269 1822 illis
3312 1768 3456 1823 enim
3502 1784 3656 1822 num-

2081 1873 2239 1926 quam
2266 1853 2474 1913 debitor
2503 1866 2607 1912 tam
2648 1866 2855 1928 gratum
2905 1873 3013 1928 pra:
3042 1872 3101 1912 se
3139 1857 3237 1912 fert
3266 1858 3521 1911 animum.
3549 1858 3656 1912 Scit

2080 1949 2221 2003 enim
2237 1964 2294 2003 se
2310 1949 2487 2004 debita
2505 1949 2757 2004 solvendo
2770 1964 2918 2003 suam
2946 1950 3262 2005 imminuere
3286 1950 3655 2015 substantiam,

2081 2049 2133 2093 ct
2161 2039 2469 2107 accipientis
2498 2053 2693 2110 augere
2731 2039 3024 2094 facultates.
3044 2038 3158 2093 Non
3189 2041 3259 2094 ita
3288 2049 3462 2094 autem
3492 2051 3580 2095 est
3603 2041 3655 2094 in

2081 2129 2341 2199 spirituali
2382 2129 2483 2184 hoc
2510 2130 2709 2194 debito,
2756 2131 2849 2185 sed
2888 2131 2941 2185 in
2984 2146 3050 2186 eo
3075 2130 3284 2186 debitor
3311 2131 3436 2185 dum
3479 2132 3656 2197 solvit,

2081 2222 2250 2290 magis
2286 2220 2519 2275 abundat
2544 2221 2763 2286 divitiis,
2807 2230 2859 2275 et
2887 2222 3268 2291 accipientibus
3295 2223 3525 2290 majores
3565 2238 3657 2276 ac-

2081 2319 2328 2365 crescunt
2355 2325 2504 2381 opes.
2536 2311 2603 2365 Et
2634 2304 2832 2366 idcirco
2861 2312 2969 2367 illic
2998 2313 3202 2382 ingrata
3246 2313 3529 2367 admodum
3560 2330 3655 2366 vo-

2080 2400 2282 2454 luntate
2309 2402 2391 2472 agi
2431 2402 2601 2467 solet;
2634 2402 2721 2456 hic
2747 2412 2921 2456 autem
2951 2403 3189 2473 utrisque
3215 2404 3419 2458 lucrum
3468 2413 3569 2469 est,
3602 2416 3657 2457 et

2083 2490 2463 2559 dinumeranti,
2510 2503 2564 2546 et
2610 2493 3011 2563 accipientibus.
3061 2494 3127 2547 Et
3156 2493 3257 2548 hoc
3299 2504 3379 2549 est
3423 2495 3561 2563 quod
3595 2497 3660 2548 de

2082 2583 2304 2637 caritate
2354 2582 2628 2637 admonuit
2674 2583 2858 2638 beatus
2912 2583 3109 2638 Paulus
3160 2583 3341 2638 dicens
3389 2602 3400 2637 :
3458 2584 3663 2639 Nemini

2081 2673 2353 2743 quidquam
2386 2675 2624 2739 debeatis,
2669 2676 2768 2728 nisi
2796 2684 2848 2728 ut
2886 2673 3108 2745 diligatis
3134 2676 3341 2730 invicem
3369 2676 3540 2749 (Rom.
3574 2680 3657 2733 l5.

2083 2764 2159 2833 8).
2191 2764 2307 2832 Quo
2336 2766 2550 2832 indicat,
2583 2766 2686 2821 hoc
2710 2766 2941 2821 debitum
2973 2782 3185 2837 semper
3205 2769 3358 2835 solvi,
3385 2780 3437 2824 ct
3465 2771 3660 2824 nihilo-

2084 2854 2260 2908 minus
2284 2853 2480 2910 durare
2509 2869 2739 2924 semper.
2771 2855 2952 2924 Neque
2993 2857 3261 2926 negligere
3303 2873 3396 2913 vos
3427 2870 3673 2929 oportet,-

2082 2943 2147 2995 ad
2175 2944 2535 3013 recipiendum
2569 2954 2780 3014 paratos
2811 2963 2823 2997 :
2855 2945 2959 3001 hoc
2999 2948 3140 3001 enim
3176 2957 3229 3003 et
3269 2964 3365 3003 nos
3390 2950 3659 3005 debitores

2084 3034 2455 3103 locupletiores
2485 3034 2631 3097 facit,
2660 3045 2713 3091 et
2739 3036 2888 3091 vobis
2916 3036 3133 3104 majoris
3160 3038 3403 3093 utilitatis
3428 3042 3531 3094 erit
3557 3058 3660 3095 ma-

2090 3126 2242 3180 teria.
2277 3125 2437 3196 Igitur
2464 3129 2710 3197 quoniam
2744 3128 2861 3182 talis
2889 3135 2973 3182 est
2992 3128 3147 3197 hujus
3172 3129 3333 3185 debiti
3367 3142 3573 3195 natura,
3607 3144 3665 3187 ut

2086 3225 2282 3284 quanto
2336 3218 2502 3286 magis
2549 3217 2900 3286 dependitur,
2952 3227 3096 3273 tanto
3153 3221 3418 3275 auctiores
3468 3235 3663 3277 nostra:

2086 3308 2377 3361 reddantur
2400 3322 2567 3378 opes:
2597 3324 2691 3378 age
2716 3308 3006 3365 doceamus
3048 3326 3189 3365 nunc
3229 3322 3283 3366 et
3306 3312 3469 3367 debiti
3499 3325 3667 3367 mate-

2086 3398 2243 3463 riam,
2274 3406 2329 3451 ut
2349 3407 2403 3451 et
2430 3397 2527 3466 ipsi
2557 3397 2841 3452 alacriores
2870 3398 3090 3453 dicenda
3122 3401 3442 3469 suscipiatis,
3467 3415 3512 3455 et
3542 3420 3663 3472 gra-

2088 3498 2194 3543 tam
2249 3499 2484 3543 nostram
2543 3492 2868 3545 voluntatem
2924 3502 3197 3563 acceptam
3248 3492 3524 3559 habentes,
3572 3512 3667 3549 nos

2087 3583 2326 3653 diligenti
2378 3584 2714 3638 auscultandi
2762 3584 2938 3640 studio
2980 3587 3363 3641 remunerctis.
3408 3587 3661 3653 Qutcuam

2092 3677 2248 3745 igitur
2265 3676 2430 3731 debiti
2456 3677 2709 3731 materia?
2730 3676 2909 3743 Scitis,
2932 3686 2983 3732 et
3006 3693 3269 3732 memores
3290 3681 3438 3746 estis,
3462 3683 3670 3750 quando

2089 3766 2158 3820 de
2182 3767 2481 3835 patriarcha
2501 3767 2741 3837 quwdam
2766 3768 2817 3821 in
2844 3768 3072 3823 medium
3092 3768 3378 3832 attulimus,
3406 3773 3671 3840 quomodo

2091 3857 2632 3912 demonstraverimus
2656 3856 2969 3912 descensum
2999 3858 3117 3925 ejus
3148 3859 3198 3912 in
3225 3857 3511 3929 A‘lgyptum
3544 3856 3667 3928 pro-

2094 3959 2209 4016 pter
2235 3940 2447 4013 famem,
2479 3956 2534 4002 et
2577 3956 2781 4017 raptam
2825 3948 3009 4002 Saram
3050 3964 3079 4001 a
3111 3948 3406 4015 Pharaone,
3437 3959 3489 4004 et
3534 3952 3671 4003 indi-

2091 4040 2392 4107 gnationem
2436 4039 2552 4106 Dei,
2586 4054 2744 4108 quam
2776 4039 2831 4092 in
2871 4038 3200 4092 Pharaonem
3227 4047 3279 4093 et
3308 4039 3524 4093 domum
3556 4042 3673 4109 ejus

2092 4134 2159 4186 ob
2185 4146 2333 4185 suam
2365 4147 2486 4200 erga
2511 4133 2711 4199 justum
2742 4145 2923 4184 curam
2953 4131 3193 4196 immisit,
3229 4139 3281 4183 et
3314 4129 3545 4185 reditum
3578 4148 3666 4200 pa.

2095 4222 2339 4276 triarcha:
2382 4221 2448 4275 ab
2489 4220 2722 4291 Egypto
2767 4236 2956 4290 magna
2998 4237 3119 4275 cum
3166 4221 3356 4292 gloria.
3407 4221 3671 4277 Mandavit

2094 4314 2247 4379 enim,
2305 4313 2492 4381 inquit,
2554 4310 2761 4365 Pharao
2816 4313 2935 4364 viris
2978 4328 3127 4381 super
3169 4312 3377 4379 Abram,
3425 4322 3479 4366 ut
3518 4312 3676 4367 dedu-

2096 4413 2210 4456 cant
2238 4419 2373 4469 eum,
2401 4412 2448 4455 et
2471 4418 2677 4455 uxorem
2699 4404 2825 4473 ejus,
2860 4412 2905 4455 et
2925 4404 3093 4455 omnia
3122 4418 3231 4472 qua:
3256 4402 3483 4467 habebat,
3508 4414 3551 4456 ct
3579 4403 3674 4457 Lat

2095 4511 2207 4549 cum
2233 4495 2347 4548 eo‘.
2378 4494 2613 4548 Ascendit
2661 4504 2827 4547 autem
2858 4494 3043 4547 Abram
3081 4511 3143 4548 ex
3186 4493 3437 4566 ngypto,
3471 4498 3577 4565 ipse
3622 4511 3667 4550 et

2096 4603 2226 4641 uxor
2250 4587 2378 4652 eius,
2409 4594 2456 4639 et
2484 4585 2653 4639 omnia
2682 4600 2794 4656 quia
2821 4596 2964 4639 erant
2990 4586 3145 4648 illius,
3176 4596 3220 4639 et
3247 4586 3471 4639 Lotcum
3495 4588 3604 4655 ipso
3626 4590 3675 4639 in

2098 4679 2437 4734 solitudinem.
2467 4676 2566 4731 Hic
2603 4692 2905 4731 sermonem
2941 4677 3156 4730 missum
3188 4675 3432 4742 fecimus,
3464 4678 3677 4731 mediis—

2098 4786 2202 4840 que
2221 4768 2410 4825 diebus
2434 4769 2727 4823 doctrinam
2753 4768 3118 4821 transtulimus
3149 4767 3199 4820 iu
3223 4776 3530 4837 argumenta
3556 4777 3679 4822 tunc

2101 4861 2357 4930 temporis
2418 4859 2772 4914 occurrentia.
2828 4857 2953 4912 Ideo
3009 4856 3167 4912 hodie
3218 4873 3394 4928 opera:
3450 4863 3677 4927 pretium

2099 4952 2277 5017 fuerit,
2314 4959 2374 5006 ut
2402 4951 2596 5006 seriem
2637 4959 2959 5019 repetamus,
3010 4957 3062 5004 et
3107 4950 3326 5004 dicenda
3372 4966 3491 5005 cum
3522 4951 3678 5005 dictis

2102 5046 2250 5114 quasi
2278 5045 2344 5098 in
2372 5059 2535 5100 unum
2583 5057 2777 5112 corpus
2816 5052 3123 5112 coaptemus
3155 5061 3168 5095 :
3198 5043 3274 5097 sic
3314 5043 3456 5098 enim
3503 5059 3682 5099 sermo

2060 5166 2073 5175 -
2102 5136 2358 5192 doctrinae
2388 5135 2536 5205 quasi
2577 5149 2740 5188 unum
2790 5133 2892 5189 sub
2926 5143 3195 5203 aspectum
3227 5133 3401 5188 cadet.
3441 5135 3546 5189 Sed
3579 5150 3683 5204 quo

2105 5225 2469 5281 manifestiora
2514 5228 2623 5277 sint
2660 5238 2723 5278 ea
2765 5238 2885 5293 qua:
2923 5223 3193 5290 dicuntur,
3235 5238 3412 5293 operae
3458 5226 3683 5293 pretium

2107 5318 2286 5381 fuerit,
2319 5325 2377 5370 ut
2402 5316 2608 5371 caritati
2650 5324 2841 5370 vestrae
2883 5325 3215 5384 proponatur
3243 5316 3558 5385 principium
3587 5333 3679 5371 eo-

2104 5426 2223 5469 rum
2260 5425 2378 5478 quae
2406 5407 2565 5462 hodie
2591 5416 2715 5463 sunt
2752 5408 2910 5463 lecta.
2951 5408 3007 5461 9..
3040 5408 3228 5461 Abram
3267 5420 3453 5473 autem,
3487 5410 3677 5480 inquit,

2106 5510 2213 5556 erat
2253 5499 2390 5554 dives
2415 5497 2562 5553 valde
2594 5498 2874 5567 pecoribus,
2905 5510 2950 5552 et
2994 5508 3223 5569 argento,
3266 5509 3313 5554 et
3342 5517 3488 5554 auro.
3522 5502 3576 5556 '5.
3617 5502 3683 5554 Et

2109 5593 2361 5665 profectus
2404 5598 2496 5657 est,
2540 5590 2677 5643 unde
2716 5599 2937 5655 venerat,
2985 5590 3039 5643 in
3078 5590 3400 5645 solitudinem
3427 5607 3582 5661 usque
3622 5596 3687 5645 ad

2171 5747 2184 5777 ι
2224 5753 2301 5794 ηἰιὲ
2324 5756 2469 5793 voces
2488 5779 2502 5801 ,
2530 5749 2582 5793 Et
2613 5748 2689 5793 Lat
2730 5755 2841 5792 cum
2862 5755 2934 5799 eo,
2959 5743 3137 5793 desunt
3171 5744 3218 5794 in
3251 5742 3446 5804 Morel.;
3480 5743 3568 5794 sed
3606 5740 3685 5788 ba-

2114 5807 2292 5855 bentur
2316 5807 2365 5854 in
2397 5805 2532 5855 sat'il.
2562 5815 2613 5855 ct
2636 5808 2682 5854 in
2706 5805 2870 5854 multis
2891 5810 2998 5854 Mss.
