4060 6436
508 333 611 389 3οἹ

507 447 706 515 Bethel,
732 463 887 518 usque
918 446 986 500 ad
1014 447 1180 508 locum
1219 448 1272 501 in
1298 463 1396 518 quo
1427 449 1568 518 prius
1593 448 1690 517 fuit
1717 447 2089 501 tabernaculum

504 541 637 609 ejus,
679 539 810 592 inter
845 537 1022 592 Betth
1057 547 1103 592 et
1131 539 1260 590 inter
1299 538 1478 608 Aggtr,
1520 540 1575 593 4.
1617 539 1687 591 ad
1716 539 1879 592 locum
1911 540 2088 592 altaris

503 631 642 698 quod
672 629 778 682 illic
804 629 1053 698 principia
1085 631 1273 699 fecerat
1298 644 1318 682 :
1344 640 1391 682 et
1417 631 1660 683 invocavit
1689 631 1758 682 ibi
1787 630 1973 682 Abram
1997 647 2088 682 no-

502 736 614 777 men
647 719 853 773 Domini
883 718 995 774 Dei.
1020 719 1096 773 Ne
1125 729 1506 782 praetereamus
1527 721 1699 774 obiter
1716 737 1777 775 ea
1805 737 1922 791 qua:
1949 721 2087 776 lecta

399 851 405 855 -
500 819 649 880 sunt,
694 809 787 866 sed
831 810 1102 877 discamus
1129 824 1273 871 ctare
1305 811 1601 866 divinarum
1629 811 1923 866 Literarum
1966 813 2087 866 dili-

497 903 760 972 gentiam,
792 903 1062 971 quomodo
1093 904 1226 958 nihil
1249 905 1401 958 nobis
1427 919 1812 973 supervacuum
1843 915 2082 959 narrent.

499 993 691 1046 Abram
714 1004 900 1057 autem,
937 995 1124 1064 inquit,
1159 1005 1264 1048 erat
1292 997 1428 1051 dives
1445 996 1607 1050 ualde.
1640 997 1934 1052 Considera
1974 997 2084 1064 pri-

497 1098 647 1140 mum
689 1083 828 1138 istud
861 1083 1032 1154 ipsmn
1077 1101 1181 1139 non
1221 1085 1440 1152 frustra,
1485 1103 1660 1158 neque
1701 1097 1904 1143 temere
1947 1088 2085 1142 indi-

497 1176 650 1242 cari;
699 1193 800 1234 nec
845 1181 898 1235 in
941 1198 1133 1236 vanum
1179 1183 1397 1236 divitem
1448 1198 1588 1237 nunc
1624 1192 1798 1249 vocat,
1848 1183 1897 1236 id
1943 1183 2082 1252 quod

499 1260 776 1338 nusquam
800 1271 929 1326 alias
958 1274 1220 1338 meminit,
1253 1274 1347 1328 sed
1377 1290 1516 1329 mntc
1557 1275 1784 1344 primum
1823 1274 1972 1337 dicit,
2003 1274 2084 1328 di-

495 1360 660 1414 vitem
705 1360 888 1418 fuissc.
940 1363 1114 1434 Quare
1162 1365 1264 1422 hoc
1315 1375 1368 1422 ct
1405 1383 1562 1436 quam
1613 1366 1684 1420 ob
1723 1366 1981 1421 causam?
2017 1366 2084 1421 Ut

496 1452 670 1507 discas
699 1453 891 1510 divina:
934 1458 1208 1526 sapientia:
1247 1459 1540 1526 solertiam,
1583 1469 1637 1514 et
1663 1475 1774 1513 suae
1807 1461 1858 1512 in
1882 1464 2080 1529 justum

497 1543 842 1614 providentiae
872 1547 1183 1602 immensum
1211 1551 1585 1622 ingentemque
1616 1551 1922 1619 potentiam.
1951 1552 2081 1607 Nam

496 1633 585 1702 qui
610 1632 764 1688 famis
785 1639 1102 1695 necessitate
1128 1642 1178 1694 in
1204 1640 1492 1712 Egyptum
1519 1644 1842 1714 peregrinari
1865 1656 2080 1700 coactus

496 1724 616 1788 fuit,
647 1740 714 1780 eo
740 1727 878 1796 quod
911 1732 1179 1800 angustias
1209 1749 1340 1802 quas
1371 1734 1421 1786 in
1449 1734 1746 1788 Chananzca
1771 1737 2078 1806 experieba-

498 1827 583 1870 tnr
614 1819 753 1874 ferre
779 1837 883 1877 non
911 1835 1110 1892 posset,
1161 1826 1205 1881 is
1233 1827 1412 1881 subito
1453 1826 1604 1883 dives
1633 1827 1805 1882 factus
1830 1840 1911 1884 est
1938 1847 1951 1883 :
1982 1844 2082 1885 nec

497 1907 809 1976 simpliciter
849 1913 1018 1980 dives,
1050 1915 1142 1970 sed
1176 1916 1350 1986 valde,
1395 1933 1500 1975 non
1542 1927 1746 1984 tantum
1775 1922 2076 1990 pecoribus,

494 1998 586 2064 sed
616 2008 669 2054 et
691 2012 911 2069 argento
937 2013 990 2059 et
1012 2020 1160 2060 auro.

563 2087 616 2142 2,
664 2089 882 2147 Vidistis
921 2105 1115 2163 quanta
1165 2098 1234 2152 sit
1277 2097 1368 2152 Dei
1415 2098 1791 2168 providentia?
1824 2102 1986 2170 Abiit,
2022 2115 2080 2157 nt

493 2179 723 2248 aliquam
749 2182 899 2239 famis
927 2188 1348 2244 consolationem
1377 2191 1658 2254 inveniret.
1689 2203 1744 2248 et
1769 2194 1944 2260 rediit,
1972 2210 2078 2250 non

490 2270 664 2333 solum
694 2271 832 2328 fame
861 2275 1116 2347 mitigata,
1149 2279 1243 2334 sed
1274 2288 1328 2335 et
1355 2279 1552 2335 divitiis
1580 2292 1634 2337 et
1674 2283 1932 2339 immensa
1961 2286 2078 2357 glo-

491 2361 566 2413 ria
594 2362 951 2433 conspicuus;
997 2369 1351 2440 omnibusque
1396 2373 1732 2429 manifestum
1764 2375 1862 2431 fuit
1889 2377 2078 2447 qualis-

491 2465 614 2517 nam
645 2465 789 2509 esset
820 2474 833 2510 :
867 2457 1167 2530 deindeque
1194 2461 1510 2517 Chananacaa
1541 2465 1730 2520 incolat
1757 2467 1883 2536 justi
1913 2469 2079 2524 virtu-

493 2551 599 2598 tem
627 2544 823 2600 clarius
869 2548 1186 2617 didicerunt,
1219 2554 1460 2610 videntes
1505 2572 1683 2610 rerum
1730 2560 2076 2616 mutationem

491 2643 600 2704 tam
622 2639 974 2708 repentinam,
1005 2650 1058 2696 et
1086 2643 1242 2697 tantis
1271 2644 1471 2700 divitiis
1494 2647 1798 2703 afllnentem
1825 2665 1945 2706 eum
1985 2652 2074 2722 qui

490 2737 548 2786 ut
589 2732 914 2800 peregrinus,
949 2745 1001 2788 et
1027 2735 1178 2805 quasi
1222 2738 1488 2810 fugitivus,
1519 2751 1573 2797 et
1598 2758 1782 2813 vagus.
1816 2745 1869 2798 in
1911 2743 2074 2817 Egy-

487 2829 637 2890 ptnm
684 2821 1051 2881 descenderat.
1083 2832 1151 2882 At
1196 2839 1251 2886 tu
1295 2830 1417 2886 vide
1463 2835 1730 2903 quomodo
1775 2835 1860 2890 hic
1905 2852 2077 2907 neque

490 2912 875 2980 prosperitate,
907 2931 1080 2986 neque
1131 2918 1435 2976 divitiarum
1480 2923 1750 2980 affluentia
1799 2928 2077 2983 remissior

485 3001 570 3059 vel
618 3004 966 3074 negligentior
1005 3008 1171 3064 factus
1207 3021 1290 3066 est
1345 3027 1364 3075 ε
1416 3013 1510 3068 sed
1566 3013 1757 3070 iterum
1801 3019 2074 3074 contendit

485 3091 551 3145 ad
581 3108 702 3147 cum
731 3095 928 3164 locum,
975 3100 1061 3153 ubi
1094 3103 1237 3170 prius
1264 3104 1458 3172 fuerat,
1493 3106 1796 3176 priusquam
1827 3111 1878 3163 in
1908 3109 2076 3182 [Egy-

489 3193 633 3249 ptmn
664 3188 1000 3244 concederet.
1045 3189 1188 3246 Venit
1209 3194 1370 3257 enim.
1399 3196 1587 3266 inquit,
1621 3199 1673 3252 in
1711 3199 2068 3267 solitudinem,

485 3292 641 3344 usque
687 3278 754 3330 ad
801 3279 966 3335 locum
1008 3284 1092 3336 ubi
1123 3288 1263 3354 prius
1293 3289 1390 3358 fuit
1432 3291 1808 3344 tabernaculum
1833 3296 1962 3362 ejus,
2003 3296 2072 3347 ad

486 3368 650 3420 locum
675 3370 851 3454 altaris
875 3374 1012 3443 quod
1047 3377 1164 3443 fecit
1203 3377 1269 3431 ibi
1299 3379 1577 3451 principio,
1605 3391 1652 3435 et
1690 3383 1936 3437 invocavit
1973 3401 2068 3439 no-

484 3473 594 3524 men
616 3456 822 3514 Domini
849 3462 962 3518 Dei.
991 3466 1197 3535 Cogita,
1226 3468 1472 3536 obsecro,
1501 3481 1757 3541 quantum
1782 3483 1900 3529 erat
1918 3477 2070 3546 quie-

483 3547 551 3623 tis
576 3557 630 3602 ct
662 3555 1051 3622 tranquillitatis
1076 3569 1302 3627 amator,
1349 3572 1401 3616 et
1429 3563 1481 3617 in
1511 3564 1692 3620 divino
1720 3566 1866 3622 cultu
1906 3583 2064 3637 quam

482 3638 718 3692 sedulus.
744 3643 821 3694 Ad
850 3659 970 3698 cum
999 3648 1141 3702 enim
1166 3648 1365 3717 locum,
1393 3652 1582 3722 inquit,
1611 3656 1856 3717 accessit.
1886 3657 1937 3710 in
1962 3673 2068 3727 quo

485 3727 631 3796 prius
677 3731 844 3786 altare
875 3733 1252 3804 ardificaverat,
1293 3748 1347 3794 et
1381 3741 1434 3795 in
1479 3757 1584 3812 quo
1615 3759 1809 3798 nomen
1853 3746 2064 3801 Domini

484 3817 842 3906 imocaverat.
874 3823 1010 3879 Ecce
1034 3825 1143 3894 jam
1188 3829 1369 3883 multis
1395 3840 1550 3886 antea
1578 3835 1787 3888 saeculis
1831 3837 2066 3906 implevit

483 3905 587 3962 hoc
615 3910 754 3977 quod
787 3923 967 3981 postea
1005 3929 1033 3968 a
1067 3916 1231 3972 David
1276 3921 1473 3975 dictum
1503 3931 1586 3976 est
1615 3942 1628 3979 :
1661 3923 1806 3997 Elegi
1841 3905 2063 3997 abjectus

480 4014 588 4054 esse
609 3999 660 4053 in
687 4000 836 4056 domo
865 4003 963 4059 Dei
1006 4009 1102 4062 mei
1127 4011 1286 4081 magis
1309 4028 1460 4082 quam
1495 4013 1719 4071 habitare
1830 3993 2064 4074 taberna-

419 4111 426 4117 ι
480 4092 610 4160 culis
657 4107 971 4164 peccatorum
1016 4100 1183 4172 (Psaf.
1215 4104 1304 4159 85.
1338 4107 1450 4175 11).
1493 4108 1735 4164 Solitudo
1762 4113 1901 4167 enim
1937 4129 2062 4183 pro-

481 4193 598 4255 pter
625 4185 1011 4246 invocationem
1044 4195 1271 4249 nominis
1301 4196 1390 4251 Dei
1418 4199 1618 4267 gratior
1656 4203 1705 4255 ei
1736 4213 1870 4269 erat,
1901 4221 2061 4275 quam

479 4276 744 4350 civitates.
776 4279 991 4336 Sciebat
1028 4290 1194 4353 enim,
1223 4287 1424 4343 sciebat
1455 4293 1659 4359 utique,
1690 4295 1920 4352 civitatis
1946 4314 2060 4352 ma-

477 4367 805 4444 gnitudinem
834 4388 938 4426 non
969 4388 1033 4427 ex
1059 4375 1401 4432 aedificiorum
1451 4381 1861 4452 pulchritudine,
1891 4403 2062 4458 neque

479 4473 541 4524 ex
571 4459 763 4532 civium
810 4464 1148 4522 multitudine
1191 4479 1439 4526 constare
1473 4489 1484 4524 :
1519 4475 1613 4528 sed
1642 4491 1706 4530 ex
1753 4479 2059 4535 inhabitan-

480 4549 609 4608 tium
640 4550 852 4620 virtute,
886 4565 1100 4624 propter
1126 4574 1282 4628 quam
1327 4562 1435 4630 ipsa
1481 4565 1713 4621 solitudo
1757 4569 2060 4629 civitatibus

477 4640 686 4710 dignior
714 4643 830 4723 fuit,
853 4662 974 4726 qua:
998 4650 1198 4710 virtute
1219 4651 1350 4722 justi
1377 4656 1686 4724 ornabatur,
1715 4671 1770 4714 et
1789 4662 1921 4717 orbe
1949 4672 2061 4720 toto

477 4734 726 4805 fnlgidior
750 4749 882 4816 erat.
915 4742 968 4796 5.
1002 4741 1068 4808 Et
1097 4741 1206 4810 Lat,
1237 4746 1426 4815 inquit,
1454 4749 1539 4818 qui
1575 4766 1688 4804 cum
1717 4753 1902 4807 Abram
1932 4757 2055 4822 ibat,

473 4836 616 4881 erant
643 4838 688 4880 et
714 4846 845 4902 ores.
875 4843 922 4886 et
949 4835 1112 4900 bores,
1144 4847 1191 4909 et
1212 4855 1393 4907 pecora
1411 4881 1426 4905 ,
1457 4840 1508 4895 6.
1535 4858 1693 4912 neque
1715 4846 1945 4916 capiebat
1973 4865 2058 4904 eos

471 4928 626 4987 terra,
657 4932 714 4988 ut
732 4917 883 4996 simai
907 4926 1206 5000 habitarent.
1235 4929 1362 4984 Erat
1381 4933 1566 5003 quippe
1582 4934 1860 4991 substantia
1882 4956 2055 4994 eorum

469 5011 646 5077 multa,
678 5023 727 5080 et
764 5031 862 5082 non
892 5027 1121 5085 poterant
1147 5019 1373 5101 habitare
1399 5024 1570 5079 simul.
1613 5025 1728 5082 Non
1753 5029 1926 5085 solum
1959 5048 2054 5099 pa-

469 5103 718 5166 triarchae
770 5104 1047 5181 facultates
1092 5120 1262 5166 aucta:
1305 5124 1448 5184 sunt,
1481 5115 1575 5170 sed
1603 5115 1670 5170 Et
1699 5117 1830 5187 Lat,
1860 5119 2051 5191 inquit,

467 5205 607 5251 crant
645 5211 780 5262 aves,
811 5207 859 5251 et
888 5199 1054 5274 boues,
1099 5210 1146 5254 et
1172 5219 1371 5280 pecora.
1404 5205 1564 5279 Forte
1596 5208 1782 5276 partim
1813 5211 2011 5265 Abram
2033 5253 2049 5279 ,

468 5295 649 5367 utpote
676 5288 929 5354 liberalis,
954 5290 1042 5344 illa
1069 5290 1168 5346 Lot
1190 5291 1367 5348 fratris
1393 5294 1500 5348 filio
1524 5296 1834 5366 donaverat,
1857 5302 2050 5370 partim

465 5377 554 5432 alii
581 5379 840 5435 dederant
868 5382 918 5443 in
950 5384 1266 5464 patriarcha:
1291 5387 1536 5456 gratiam.
1577 5389 1642 5443 Et
1670 5407 1771 5460 non
1800 5394 2046 5464 capiebat,

469 5465 656 5558 inquit,
683 5489 767 5526 eos
796 5484 950 5538 terra,
979 5487 1086 5546 erat
1112 5478 1300 5558 quippe
1338 5479 1622 5534 substantia
1665 5499 1838 5558 eorum
1868 5485 2047 5547 multa.

469 5557 603 5617 Vide
648 5566 916 5630 quomodo
955 5554 1462 5650 facultatum‘copia
1519 5573 1699 5626 statim
1747 5554 1903 5628 causa
1953 5575 2047 5632 fuit

467 5654 817 5723 separationis
846 5673 858 5707 :
886 5645 1370 5740 divisionemenim
1401 5673 1672 5732 aperatnr,
1703 5665 2043 5725 concordiam

461 5746 709 5846 impedit,
737 5759 792 5834 et
819 5753 1154 5844 cognationis;
1170 5753 1442 5840 vinculum
1486 5754 1705 5835 dirimit.
1733 5757 1777 5810 7.
1809 5757 1877 5816 Et
1909 5758 2049 5828 facta

1255 331 1313 387 S.
1352 331 1628 388 JOANNIS
1653 332 2126 390 CHRYSOSTOMI
2168 333 2486 388 ARCHIEP'.
2527 331 3064 389 CONSTANTINOP.

3682 336 3780 393 5ὓὸ

2198 458 2269 502 est
2297 463 2464 516 pugna
2486 446 2614 500 inter
2636 455 2860 513 pastores
2881 463 3117 516 pecorum
3147 449 3304 514 Abraz,
3333 457 3380 504 et
3406 449 3534 504 inter
3559 465 3786 519 pastores
3843 462 3852 468 '

2196 538 2310 591 Lat.
2340 536 2616 592 Chanantei
2663 550 2830 590 autem
2871 549 2916 590 et
2968 535 3238 599 Phertzwi
3276 549 3393 593 tunc
3436 541 3782 598 inhabitabant

2195 638 2401 682 terram.
2427 627 2656 683 Attende
2682 627 2952 697 quomodo
2976 643 3174 698 genere
3198 633 3409 696 cognati
3437 633 3784 690 discessionis

2196 719 2400 774 initium
2431 719 2652 774 faciunt.
2683 718 2818 773 Hinc
2861 718 3002 772 enim
3035 735 3249 788 semper
3274 724 3451 776 omnia
3484 725 3622 778 mala
3668 727 3784 791 pul-

2195 809 2380 872 lulant,
2413 825 2440 862 a
2472 809 2786 863 famulorum
2819 809 3075 879 nequitia.
3106 809 3266 864 Facta
3294 823 3367 865 est
3391 815 3555 878 enim,
3589 817 3783 884 inquit,

2194 917 2362 970 pugna
2383 901 2515 953 inter
2542 909 2786 967 pastores.
2814 899 2875 952 Hi
2900 900 3248 954 dissensionis
3278 905 3612 958 occasionem
3639 922 3782 975 prae-

2193 992 2441 1057 buerunt,
2471 991 2503 1044 ii
2532 991 2875 1046 concordiam
2903 991 3243 1055 dirimebant,
3268 993 3302 1046 ii
3326 993 3544 1048 multam
3571 1011 3780 1050 mormn

2195 1081 2588 1151 improbitatem
2634 1095 2745 1149 prae
2795 1096 2855 1136 se
2903 1081 3164 1136 ferebant.
3212 1083 3487 1139 Chanamei
3529 1098 3696 1140 autent
3735 1098 3784 1144 et

2196 1175 2454 1230 Pherezari
2493 1187 2610 1229 tunc
2648 1174 2993 1229 inhabitabant
3033 1185 3238 1230 terram.
3277 1177 3451 1244 Quare
3497 1180 3653 1234 nobis
3680 1180 3783 1234 hoc

2190 1269 2546 1339 signiﬁcavit?
2575 1268 2834 1334 Quoniam
2866 1268 3094 1332 dixerat,
3143 1267 3263 1322 Non
3288 1270 3513 1340 capiebat
3540 1287 3621 1325 eos
3643 1282 3783 1326 terra

2190 1371 2242 1412 ut
2293 1359 2575 1414 habitarent
2617 1360 2788 1425 simul,
2839 1375 3056 1414 causam
3103 1375 3316 1432 quoque
3360 1363 3556 1416 docere
3610 1365 3781 1419 voluit

2189 1450 2366 1504 divina
2398 1451 2692 1520 Scriptura,
2727 1451 2846 1506 ideo
2871 1465 2968 1506 nos
2993 1467 3186 1520 capere
3213 1467 3318 1506 non
3348 1454 3606 1522 potuisse,
3636 1471 3768 1525 quo-

2190 1542 2328 1595 niam
2352 1542 2527 1596 adhuc
2552 1558 2582 1596 a
2608 1543 2852 1612 gentibus
2883 1541 2983 1596 illis
3012 1551 3376 1613 prmoccnpata
3405 1553 3536 1598 erat.
3573 1544 3776 1600 Verum

2191 1648 2288 1688 nos
2338 1633 2639 1704 religiosam
2673 1634 2988 1703 patriarchae
3033 1642 3267 1688 mentem
3313 1633 3608 1701 videamus,
3641 1653 3779 1705 quo-

2188 1726 2348 1780 modo
2375 1742 2468 1780 sua
2503 1727 2721 1780 lenitate
2761 1741 3074 1780 exarsurum
3108 1724 3410 1780 incendium
3455 1727 3775 1796 re5tinguat.
3859 1764 3864 1769 -

2186 1817 2237 1872 8.
2273 1816 2413 1870 Dixit
2437 1826 2624 1881 autem,
2657 1816 2844 1886 inquit,
2865 1814 3052 1868 Abram
3073 1815 3140 1868 ad
3167 1814 3261 1868 Lat
3293 1831 3312 1868 :
3335 1831 3398 1869 ne
3425 1815 3488 1868 sit
3513 1818 3624 1870 rixa
3642 1817 3777 1870 inter

2185 1926 2264 1963 me
2287 1921 2332 1964 et
2351 1920 2416 1976 te,
2441 1919 2490 1963 et
2518 1910 2646 1962 inter
2674 1917 2896 1978 pastores
2924 1923 3058 1960 nteos
3084 1917 3130 1959 et
3167 1913 3298 1974 tuos,
3329 1906 3446 1976 quia
3475 1911 3659 1975 fratres
3685 1925 3776 1961 sua

2165 2018 2298 2056 mus
2335 2018 2446 2054 nos.
2475 2000 2610 2054 Vide
2649 2000 2907 2068 insignem
2949 1996 3286 2064 modestiam,
3319 1996 3439 2056 vide
3486 1998 3774 2053 sublimem

2186 2093 2595 2164 philosophiam.
2625 2092 2806 2148 Attate
2848 2101 2901 2146 et
2947 2090 3202 2160 dignitate
3242 2091 3423 2145 senior
3467 2091 3721 2162 juvenem
3752 2134 3771 2157 ,

2185 2185 2361 2241 fratris
2392 2185 2557 2239 filium
2592 2185 2806 2238 fratrem
2850 2183 3100 2252 appellat,
3128 2193 3182 2236 et
3210 2184 3260 2236 in
3289 2182 3546 2247 eamdem,
3583 2184 3634 2237 in
3665 2199 3773 2253 qua

2184 2278 2300 2348 ipse
2319 2286 2454 2342 erat,
2481 2276 2792 2346 dignitatem
2815 2273 3013 2341 evehit,
3045 2274 3283 2344 nihilque
3310 2276 3484 2330 minus
3507 2275 3578 2330 illi
3606 2291 3770 2345 quam

2183 2371 2282 2425 sibi
2317 2369 2501 2424 tribuit
2529 2385 2542 2424 :
2570 2367 2665 2423 sed
2691 2367 2820 2422 dicit
2849 2384 2863 2421 :
2893 2365 2978 2421 Ne
3009 2367 3073 2421 sit
3109 2367 3223 2421 rixa
3247 2367 3376 2421 inter
3404 2384 3482 2420 me
3511 2377 3558 2421 et
3587 2378 3653 2431 te,
3682 2369 3768 2422 in-

2181 2469 2257 2516 ter
2303 2471 2526 2532 pastores
2565 2476 2699 2514 meas
2743 2469 2789 2513 et
2836 2468 2970 2514 tuos.
3000 2457 3218 2530 lndigne
3247 2460 3390 2514 enim
3436 2457 3539 2514 hoc
3570 2459 3765 2523 ﬁeret,

2184 2554 2374 2625 inquit,
2430 2554 2679 2624 quoniam
2736 2551 2930 2607 fratres
2981 2567 3188 2608 sumus.
3244 2552 3434 2608 Vidisti
3487 2553 3766 2624 quomodo

2180 2651 2421 2719 Apostoli
2437 2643 2825 2721 legemimplet,
2851 2659 2970 2714 qua:
2995 2643 3124 2698 dicit
3155 2661 3167 2697 :
3196 2641 3314 2696 Jam
3334 2644 3534 2713 quidem
3558 2646 3766 2699 omnino

2181 2734 2420 2790 delictum
2446 2735 2501 2789 in
2540 2734 2677 2792 vobis
2713 2743 2817 2802 est,
2861 2735 2995 2804 quod
3031 2734 3231 2809 judicia
3276 2733 3465 2788 habetis
3508 2735 3636 2790 inter
3677 2751 3765 2791 σοι

2179 2825 2410 2880 invicem.
2439 2824 2544 2881 Cur
2571 2841 2672 2879 non
2722 2825 2890 2896 potius
2937 2826 3180 2895 injuriam
3228 2825 3505 2896 patimini?
3531 2842 3620 2879 cur
3659 2845 3765 2881 non

2181 2917 2348 2986 potius
2376 2917 2617 2970 damnum
2647 2916 2921 2987 accipitis?
2949 2914 3064 2969 Ima
3093 2931 3180 2969 uos
3221 2917 3460 2979 iniuriam
3483 2916 3666 2986 facitis,
3714 2930 3764 2972 et

2180 3008 2460 3081 fraudatis,
2490 3007 2639 3078 idque
2665 3007 2847 3076 fratres
2884 3008 2961 3076 (1.
2989 3007 3107 3061 Car.
3137 3007 3191 3061 6.
3223 3007 3275 3062 7.
3323 3004 3399 3079 8).
3435 3007 3558 3062 Haec
3581 3009 3759 3062 omnia

2177 3100 2430 3171 oneribus
2473 3099 2702 3170 impleas
2729 3097 3027 3167 patriarcha
3052 3097 3187 3152 dixit
3217 3114 3232 3150 :
3265 3095 3348 3152 Ne
3371 3098 3437 3150 sit
3480 3100 3593 3152 rixa
3629 3099 3760 3152 inter

2176 3209 2256 3246 me
2283 3201 2331 3245 et
2358 3202 2424 3257 te,
2455 3200 2501 3244 et
2527 3191 2655 3244 inter
2681 3199 2906 3259 pastores
2935 3205 3069 3245 meos
3098 3200 3143 3244 et
3173 3200 3306 3252 tuos,
3333 3190 3571 3259 quoniam
3597 3190 3761 3243 hami-

2176 3302 2263 3339 nes
2312 3285 2495 3353 fratres
2546 3299 2639 3337 nos
2685 3297 2880 3336 sumus.
2925 3281 3060 3348 Quid
3114 3281 3213 3335 hac
3259 3280 3433 3335 anima
3481 3281 3760 3350 pacatius?

2176 3376 2406 3434 Proinde
2436 3389 2541 3429 non
2587 3373 2806 3439 frustra,
2837 3387 2935 3427 nec
2980 3372 3098 3426 sine
3127 3386 3286 3426 causa
3326 3371 3590 3440 principio
3613 3370 3762 3426 dice-

2176 3467 2320 3534 bam,
2345 3483 2465 3522 eum
2489 3481 2673 3520 amore
2697 3463 2891 3534 quietis
2919 3473 2970 3518 et
2993 3460 3391 3532 tranquillitatis
3418 3462 3756 3517 solitudinem

2173 3559 2305 3614 locis
2331 3555 2695 3627 frequentibus
2721 3554 3036 3624 prmtulisse.
3064 3551 3292 3607 Attende
3318 3552 3458 3606 enim
3488 3553 3759 3620 quomodo

2173 3661 2222 3705 et
2259 3665 2399 3704 nunc
2436 3647 2627 3702 videns
2673 3655 2916 3716 pastores
2957 3642 3265 3710 confligere,
3296 3642 3472 3695 statim
3522 3642 3574 3695 in
3603 3641 3758 3696 initio

2173 3755 2345 3801 tenlat
2369 3744 2704 3812 restinguere
2747 3739 3049 3794 incendium
3078 3737 3221 3809 quod
3261 3747 3568 3808 erupturum
3597 3745 3714 3792 erat
3734 3778 3753 3804 ,

2171 3847 2226 3891 et
2263 3835 2661 3890 contentionem
2707 3831 2878 3886 sedat.
2913 3830 3146 3885 Debebat
3191 3829 3334 3883 enim
3388 3830 3521 3900 ipse,
3569 3839 3755 3896 utpote

2171 3926 2419 3982 omnibus
2456 3923 2753 3979 Palaestinae
2791 3922 2976 3976 incolis
3003 3920 3279 3989 sapientiae
3309 3919 3494 3974 doctor
3520 3919 3709 3974 missus
3735 3961 3749 3980 .

2171 4019 2366 4074 nullam
2394 4014 2692 4072 ofl'endiculi
2736 4013 2866 4068 dare
2893 4013 3252 4076 occasionem,
3282 4011 3363 4064 vel
3392 4026 3572 4064 ansam
3616 4025 3751 4064 con-

2170 4111 2382 4175 cedere,
2407 4108 2500 4164 scd
2545 4120 2753 4162 morum
2784 4105 3004 4161 lenitate
3045 4103 3168 4158 tuba
3194 4103 3390 4156 clarius
3417 4117 3602 4155 omnes
3627 4116 3753 4156 eru-.

2169 4202 2306 4267 dire,
2340 4210 2394 4255 et
2413 4216 2523 4254 suac
2544 4198 2755 4252 virtutis
2783 4196 2955 4251 facere
2981 4195 3299 4250 imitatores.
3334 4193 3416 4247 Ne
3441 4193 3525 4259 sit,
3558 4193 3745 4261 inquit,

2168 4293 2281 4347 rixa
2310 4294 2438 4346 inter
2467 4301 2604 4344 meet
2631 4300 2697 4355 te,
2719 4289 2849 4343 inter
2874 4297 3099 4359 pastores
3123 4302 3256 4340 meos
3283 4295 3329 4340 et
3357 4297 3485 4352 tuos,
3511 4285 3750 4354 quoniam

2169 4386 2394 4438 homines
2423 4385 2604 4453 fratres
2631 4396 2828 4435 sumus.
2860 4379 3020 4434 Multa
3053 4377 3336 4432 verborum
3368 4375 3573 4440 lenitas,
3605 4372 3750 4428 Inter

2167 4492 2248 4529 me
2271 4484 2316 4528 BI
2347 4484 2412 4528 te.

2237 4568 2292 4622 '5.
2326 4567 2470 4621 Rixte
2501 4573 2546 4618 et
2573 4563 2911 4618 contentiones
2935 4561 3173 4615 vitandis.
3194 4589 3264 4603 -ρ
3288 4557 3573 4614 Considera
3611 4573 3745 4628 quo-

2167 4657 2326 4714 modo
2357 4658 2405 4712 ei
2439 4657 2668 4726 loquitur
2695 4669 2793 4709 ceu
2838 4653 3039 4708 honore
3077 4651 3188 4722 pari
3220 4667 3233 4714 ;
3277 4651 3520 4721 quamvis
3557 4649 3748 4719 opinor

2167 4766 2273 4804 non
2296 4747 2508 4802 aliunde
2533 4747 2678 4801 rixas
2704 4743 2864 4799 fuisse
2884 4751 3127 4809 exortas,
3154 4757 3313 4812 quam
3336 4740 3476 4811 quod
3505 4751 3747 4808 pastores

2165 4841 2484 4913 patriarcluc
2530 4854 2635 4892 non
2664 4837 3007 4906 permiserint
3035 4837 3138 4901 illis
3167 4835 3351 4893 eadem
3379 4835 3589 4889 licentia
3617 4833 3742 4898 frui,

2163 4952 2266 5006 qua
2298 4935 2418 5005 ipsi.
2464 4932 2568 4988 Sed
2609 4933 2784 5002 justus
2811 4929 3140 4998 mquabiliter
3177 4929 3353 4982 omnia
3391 4927 3538 4995 facit,
3575 4928 3743 4996 speci-

2162 5044 2285 5083 men
2319 5027 2561 5096 pra-bens
2606 5021 2895 5079 eminentis
2943 5035 3054 5074 sua:
3101 5019 3391 5088 patientiaa,
3439 5033 3503 5072 ac
3543 5019 3746 5072 docens

2163 5136 2270 5174 non
2310 5127 2512 5172 tantum
2544 5123 2857 5186 prmsentes,
2887 5112 2980 5168 sed
3022 5120 3263 5180 posteros
3307 5111 3464 5164 etiam
3509 5123 3695 5163 omnes
3723 5147 3743 5174 ,

2161 5225 2450 5280 numquam
2501 5223 2624 5263 esse
2673 5203 3081 5266 admittendum,
3137 5212 3195 5256 ut
3242 5203 3409 5256 nostri
3453 5200 3740 5255 familiares

2157 5318 2282 5361 cum
2334 5299 2590 5370 proximis
2637 5295 2984 5354 contendant.
3038 5294 3171 5348 Nam
3233 5309 3420 5348 eorum
3474 5293 3745 5347 contentio

2159 5405 2405 5461 magnam
2432 5388 2584 5442 nobis
2626 5387 2778 5442 affert
2819 5385 3183 5456 ignominiam,
3215 5393 3269 5437 et
3301 5399 3404 5436 non
3437 5383 3540 5436 illis
3569 5383 3743 5450 impu-

2160 5495 2339 5540 tantur
2363 5496 2481 5550 qua:
2509 5479 2661 5545 fiunt,
2689 5479 2782 5534 sed
2813 5480 2864 5532 in
2893 5493 2989 5531 nos
3015 5477 3334 5530 transfertur
3371 5474 3739 5541 reprehensio.

2159 5571 2437 5642 Quomodo
2476 5570 2620 5624 enim
2661 5569 2854 5624 rationi
2897 5576 3318 5622 consentaneum
3359 5564 3448 5628 sit,
3498 5563 3742 5619 homines

2159 5666 2248 5736 qui
2282 5663 2472 5716 fratres
2500 5670 2656 5726 sunt,
2689 5660 2778 5730 qui
2828 5657 3074 5716 eamdem
3121 5667 3364 5712 naturam
3406 5658 3603 5717 sortiti.
3650 5658 3738 5726 qui

2161 5759 2401 5839 ejusdem
2446 5765 2570 5812 sunt
2621 5755 2856 5822 familiae,
2903 5756 2992 5824 qui
3041 5763 3309 5824 tamquam
3367 5752 3631 5823 peregrini
3685 5760 3738 5816 et
