4060 6414
241 332 431 391 307'

252 450 598 507 εκαιέσατο
620 451 753 508 ἐκεῖ
788 455 1003 525 Ἀϐραμ
1032 455 1099 509 τὸ
1146 456 1335 527 ὄνομα
1374 457 1598 526 Κυρίου
1635 456 1741 512 τοῦ
1769 456 1938 512 Θεοῦ.

252 538 351 609 Μὴ
378 538 567 603 ἁπλῶς
597 540 1048 613 παραδράμωμεν
1075 542 1142 595 τὰ
1172 545 1581 614 ἀνεγνωσμένα,
1606 543 1742 597 ἀλλά
1765 560 1937 597 κατα-

256 625 524 696 μάθωμεν
551 627 741 696 σαφῶς
774 630 873 701 τῆς
902 630 1053 694 θείας
1081 630 1304 703 Γραφῆς
1326 631 1424 703 τὴν
1447 630 1754 700 ἀκρίϐειαν,
1788 629 1939 694 ὅπως

252 713 411 768 οὐδὲν
437 716 569 785 ἡμῖν
618 716 910 788 παρέργως
948 718 1233 787 διηγεῖται.
1273 720 1501 788 Ἀϐραμ
1526 717 1615 781 δὲ,
1646 718 1830 787 φησὶν,
1857 712 1938 787 ἦν

251 802 556 868 πλούσιος
589 802 846 871 σφόδρα.
879 804 1080 857 Σκόπει
1109 805 1325 877 πρῶτον
1349 805 1481 858 αὐτὸ
1517 804 1694 870 τοῦτο,
1726 804 1810 858 ὅτι
1835 804 1936 874 οὐχ

251 887 445 953 ἁπλῶς
468 890 874 961 ἐπεσημήνατο,
891 892 1012 945 οὐδὲ
1039 892 1373 963 μάτην,ούδέ
1401 893 1523 963 είκῆ
1552 891 1648 947 νῦν
1682 892 1936 946 πλούσιον

252 974 419 1029 αὐτὸν
452 976 628 1033 καλεῖ.
682 977 933 1048 Οὐδαμοῦ
966 979 1077 1050 7&9
1131 981 1360 1052 ἐτέρωθι
1419 981 1825 1052 ἐμνημόνευσεν
1854 981 1935 1034 ὅτι

251 1061 511 1127 πλούσιος
533 1058 623 1133 ἦν,
654 1063 793 1117 ἀλλὰ
820 1063 916 1119 νῦν
941 1065 1180 1137 πρῶτον.
1207 1067 1364 1133 Τίνος
1396 1068 1581 1121 ἕνεκεν
1611 1067 1704 1121 καὶ
1736 1067 1824 1121 διά
1844 1066 1895 1120 τί
1917 1085 1931 1135 ;

252 1149 375 1203 Ἵνα
407 1150 588 1220 μάθῃς
617 1152 716 1222 τῆς
739 1153 834 1206 τοῦ
859 1152 995 1207 Θεοῦ
1035 1154 1226 1223 σοφίας
1258 1154 1319 1208 τὸ
1348 1154 1680 1226 εὐμήχανον,
1722 1153 1936 1224 καὶτῆς

253 1234 537 1306 προνοίας,
569 1236 635 1306 ἢν
662 1236 793 1308 περὶ
810 1235 901 1291 τὸν
928 1236 1132 1293 δίκαιον
1147 1239 1409 1303 ἐποιεῖτο,
1439 1240 1539 1309 τὴν
1561 1236 1934 1308 ὑπερϐάλλου-

254 1321 356 1375 σάν
386 1338 449 1374 τε
473 1322 569 1375 καὶ
598 1320 750 1394 [555]
780 1323 1006 1395 ἄπειρον
1035 1324 1285 1395 δύναμιν.
1326 1326 1384 1379 '0
1406 1324 1516 1395 7&9
1541 1324 1629 1379 διὰ
1650 1322 1750 1394 τὴν
1765 1323 1935 1392 ἀνάγ-

252 1425 358 1480 κην
382 1408 478 1462 τοῦ
509 1407 667 1480 λιμοῦ
697 1409 796 1480 τὴν
824 1410 1134 1483 ἀποδημίαν
1155 1413 1525 1484 ποιησάμενος
1549 1411 1647 1484 τὴν
1667 1413 1748 1475 εἰς
1769 1409 1935 1479 Αἴγυ-

252 1513 411 1559 πτον,
450 1497 545 1550 καὶ
567 1495 657 1550 διὰ
680 1496 742 1549 τὸ
775 1496 853 1569 μὴ
888 1498 1075 1569 φέρειν
1120 1499 1219 1570 τὴν
1250 1500 1312 1552 ἐν
1348 1500 1415 1570 τῇ
1439 1497 1721 1570 Χαναναία
1754 1512 1935 1550 στενο-

251 1584 482 1654 χωρίαν,
505 1582 702 1655 ἀθρόον
723 1583 977 1648 πλούσιος
993 1584 1205 1655 γέγονε,
1229 1584 1325 1640 καὶ
1341 1585 1595 1650 πλούσιος
1609 1585 1708 1656 οὐχ
1725 1584 1932 1651 ἁπλῶς,

253 1672 393 1726 ἀλλά
425 1672 650 1744 σφόδρα,
686 1671 780 1726 καὶ
806 1672 866 1726 ού
905 1673 1131 1743 κτήνεσι
1183 1672 1364 1743 μόνον,
1392 1672 1529 1727 ἀλλά
1560 1673 1656 1726 καὶ
1683 1671 1934 1747 ἀργυρίῳ

252 1758 351 1814 καί⁵
382 1758 609 1830 χρυσίῳ.

325 1845 391 1917 β’.
410 1841 560 1910 Εἶδες
583 1844 683 1917 ὅση
698 1844 793 1899 τοῦ
810 1843 946 1899 Θεοῦ
964 1845 1188 1917 πρόνοια
1206 1862 1220 1913 ;
1251 1845 1483 1919 Ἀπῆλθε
1498 1845 1656 1917 λιμοῦ
1674 1862 1934 1918 παραμυ-

254 1934 380 1989 θίαν
412 1933 689 2006 εὑρέσθαι,
726 1933 820 1987 καὶ
845 1932 1146 2004 ἐπανῆλθεν
1170 1933 1232 1987 οὐ
1261 1933 1353 1986 τὸν
1380 1934 1538 2004 λιμὸν
1570 1933 1730 2004 μόνον
1763 1951 1937 2005 παρα-

256 2021 662 2094 μυθησάμενος,
695 2018 833 2073 ἀλλά
859 2020 954 2074 καὶ
981 2019 1209 2074 πλοῦτον
1233 2019 1399 2074 πολὺν
1431 2018 1935 2093 περιϐαλ[λ]όμενος

256 2110 352 2164 καὶ¹
373 2109 529 2175 δόξαν
565 2108 791 2176 ἄφατον,
825 2108 920 2161 καὶ
954 2109 1090 2161 πᾶσι
1147 2107 1448 2178 κατάδηλος
1499 2107 1758 2176 γεγονὼς,
1786 2109 1936 2174 ὅστις

253 2193 323 2271 ἦν
347 2214 364 2229 ’
400 2197 496 2251 καὶ
515 2195 701 2250 λοιπὸν
722 2195 816 2249 καὶ
852 2195 901 2248 οί
948 2194 1047 2266 τὴν
1072 2194 1384 2249 Χαναναίαν
1407 2194 1683 2259 οἰκοῦντες
1707 2195 1936 2268 ἀκριϐέ-

257 2302 351 2340 στε
360 2301 449 2357 ρον
465 2283 766 2355 ἐμάνθανον
787 2281 882 2335 τοῦ
907 2282 1117 2336 δικαίου
1141 2282 1240 2352 τὴν
1261 2282 1485 2353 ἀρετὴν,
1502 2281 1737 2353 δρῶντες
1764 2281 1937 2346 οὕτως

256 2372 463 2446 ἀθρόαν
486 2370 864 2447 γεγενημένην
884 2370 984 2441 τὴν
1008 2359 1330 2441 μεταϐολὴν,
1355 2370 1451 2424 καὶ
1467 2369 1706 2441 τοσούτῳ
1722 2368 1937 2441 πλούτῳ

256 2461 687 2535 περιρρεόμενον
722 2460 815 2514 τὸν
847 2461 1018 2527 ξένον,
1043 2458 1134 2512 τὸν
1158 2459 1411 2531 καθάπερ
1435 2459 1651 2529 φυγάδα
1688 2458 1783 2513 καί.
1805 2459 1939 2532 ἀλή-

255 2568 360 2622 την
392 2553 472 2615 εἰς
500 2550 601 2621 τὴν
636 2549 916 2620 Αἴγυπτον
947 2547 1297 2604 κατελθόντα.
1333 2549 1444 2602 Καὶ
1484 2548 1587 2621 ὅρα
1617 2548 1779 2602 αὐτὸν
1816 2548 1938 2602 ούδέ

258 2639 369 2693 ὑπὸ
400 2638 500 2710 τῆς
530 2636 731 2707 πολλῆς
761 2634 1059 2708 εὐημερίας
1091 2635 1187 2689 καὶ
1229 2633 1331 2706 τῆς
1370 2634 1465 2689 τοῦ
1522 2634 1754 2690 πλούτου
1785 2652 1941 2707 περι-

257 2727 451 2792 ουσίας
503 2724 831 2797 χαυνότερον
886 2723 1167 2793 γεγονότα,
1207 2722 1327 2776 οὐδὲ
1375 2722 1770 2796 ῥᾳθυμότερον,
1804 2722 1941 2778 ἀλλά

258 2816 427 2871 πάλιν
465 2816 543 2878 εἰς
569 2815 774 2867 ἐκεῖνον
797 2811 888 2866 τὸν
908 2810 1073 2864 τόπον
1101 2809 1478 2880 ἐπειγόμενον,
1509 2809 1639 2864 ἔνθα
1663 2811 1756 2863 καὶ
1807 2811 1943 2880 πρό-

258 2920 424 2977 τερον
451 2896 540 2977 ἦν,
569 2900 700 2972 πρὶν
729 2900 764 2971 ἢ
786 2901 885 2971 τὴν
905 2897 1182 2967 Αἴγυπτον
1210 2897 1556 2952 καταλαϐεῖν.
1589 2892 1779 2954 Ἦλθε
1807 2896 1938 2970 γὰρ,

264 2992 457 3064 φησὶν,
485 2993 573 3055 εἰς
591 2987 708 3057 τὴν
734 2988 961 3056 ἔρημον
990 2986 1102 3052 ἕως
1127 2985 1235 3041 τοῦ
1262 2986 1452 3039 τόπου
1480 2980 1553 3040 οὗ
1576 2980 1655 3056 ἦν
1675 2987 1715 3055 ἠ
1738 2984 1941 3054 σκηνὴ

261 3077 455 3139 αὐτοῦ
474 3078 541 3131 τὸ
563 3077 873 3145 πρότερον,
901 3075 990 3139 εἰς
1014 3075 1124 3127 τὸν
1146 3074 1335 3128 τόπον
1352 3072 1462 3127 τοῦ
1485 3073 1941 3141 θυσιαστηρίου,

263 3162 339 3225 οὗ
382 3165 675 3230 ἐποίησεν
702 3161 833 3216 ἐκεῖ
852 3161 968 3229 τὴν
997 3159 1217 3230 ἀρχὴν,
1267 3159 1367 3215 καί
1407 3159 1819 3215 ἐπεκαλέσατο
1876 3159 1942 3215 τὸ

264 3255 457 3323 ὄνομα
485 3250 707 3318 Κυρίου
736 3248 845 3303 τοῦ
886 3247 1056 3307 Θεοῦ.
1102 3247 1304 3301 Ἐννόει
1357 3263 1446 3317 μοι
1480 3246 1600 3311 πῶς
1622 3242 1691 3317 ἦν
1718 3247 1945 3319 ἡσυχίας

263 3337 505 3409 ἐραστὴς
531 3335 627 3390 καὶ
650 3331 1112 3406 ἀπραγμοσύνης,
1144 3333 1241 3386 καὶ
1284 3331 1547 3404 διηνεκῶς
1587 3332 1946 3405 ἀνακείμενος

264 3428 337 3498 τῇ
357 3423 496 3496 πρὸς
518 3421 580 3475 τδ
599 3421 752 3475 Θεῖον
775 3420 1065 3491 θεραπείᾳ.
1091 3420 1329 3473 Ἐκεῖνον
1349 3418 1479 3491 7&9,
1496 3419 1651 3489 φησὶ,
1672 3418 1763 3471 τὸν
1784 3419 1947 3473 τόπον

266 3510 591 3572 κατέλαϐεν,
622 3509 750 3562 ἔνθα
773 3503 842 3579 ἦν
864 3508 1130 3581 πρότερον
1160 3506 1221 3560 τὸ
1253 3506 1637 3578 θυσιαστήριον
1665 3508 1947 3579 οἰκοδομή-

269 3617 395 3664 σας,
431 3598 524 3652 καὶ
561 3595 1027 3667 ἐπικαλεσάμενος
1046 3594 1108 3647 τὸ
1134 3593 1307 3665 ὄνομα
1323 3592 1417 3647 τοῦ
1447 3592 1605 3655 Θεοῦ,
1633 3594 1729 3648 καὶ
1754 3594 1950 3666 προλα-

269 3685 385 3739 ϐὼν
415 3684 517 3757 ήδη
555 3682 762 3740 ἀνωθεν
807 3682 902 3736 καὶ
938 3679 998 3746 ἐξ
1049 3679 1226 3751 ἀρχῆς
1276 3680 1513 3753 ἐπλήρου
1564 3679 1627 3733 τὸ
1655 3680 1806 3752 παρά
1852 3680 1947 3735 τοῦ

267 3771 438 3828 Δαυῒδ
465 3769 774 3843 εἰρημένον,
797 3770 877 3823 ὅτι
905 3767 1317 3839 Ἐ’ξελεξάμην
1334 3768 1400 3822 τὸ
1418 3767 1951 3837 παραῤῥιπτεῖσθαι

265 3864 342 3918 ἐν
394 3859 474 3926 τῷ
505 3858 649 3924 οικῳ
699 3857 806 3912 τοῦ
869 3855 1017 3911 Θεοῦ
1042 3874 1163 3926 μου
1203 3855 1468 3925 μᾶλλον,
1499 3854 1538 3924 ἢ
1570 3855 1759 3910 οἰκεῖν
1773 3872 1850 3926 με
1881 3858 1951 3911 ἐν

266 3947 669 4017 σκηνώμασιν
696 3942 1080 4014 ἁμαρτωλῶν.
1122 3943 1191 3996 Ἦ
1220 3942 1330 4014 γὰρ
1351 3942 1557 4015 ἐρημία
1587 3942 1677 3995 διὰ
1701 3942 1800 4014 τὴν
1827 3943 1950 3997 ἐπί-

266 4038 468 4107 κλησιν
498 4032 594 4087 τοῦ
618 4032 882 4102 ὀνόματος
908 4029 1004 4083 τοῦ
1053 4029 1189 4083 Θεοῦ
1212 4029 1584 4100 προτιμοτέρα
1611 4028 1762 4100 αὐτῷ
1786 4029 1951 4100 ἐτύγ-

265 4140 405 4196 χανε
444 4119 553 4175 τῶν
585 4119 814 4173 πόλεων.
855 4116 1011 4189 ᾜδει
1043 4116 1172 4187 7&9,
1222 4115 1339 4188 ᾔδει
1368 4116 1450 4169 ὅτι
1480 4114 1688 4179 πόλεως
1721 4116 1952 4187 μέγεθος

266 4213 374 4266 οὐκ
401 4207 851 4278 οἰκοδομημάτων
868 4206 1013 4257 ποιεῖ
1031 4203 1246 4267 κάλλος,
1267 4202 1388 4256 οὐδὲ
1409 4202 1705 4274 οδκητόρων
1726 4204 1949 4276 πλῆθος,

268 4297 391 4354 ἀλλ’
415 4299 451 4368 ὴ
477 4295 584 4349 τῶν
616 4292 968 4347 ἐνοικούντων
1007 4290 1196 4362 ἀρετὴ,
1229 4290 1298 4345 δι’
1330 4290 1398 4362 ἣν
1426 4291 1519 4344 καὶ
1543 4292 1577 4361 ἡ
1604 4289 1809 4362 ἔρημος
1845 4291 1953 4346 τῶν

268 4386 484 4440 πόλεων
505 4381 808 4453 τιμιωτέρα
827 4378 1121 4450 ἐτύγχανεν
1145 4377 1249 4432 ύπὸ
1271 4378 1372 4449 τῆς
1392 4377 1486 4431 τοῦ
1512 4377 1718 4431 δικαίου
1751 4378 1955 4450 ἀρετῆς

271 4470 650 4544 κοσμουμένη,
673 4469 767 4522 καί,
787 4466 1147 4539 λαμπροτέρα
1163 4466 1262 4536 τῆς
1283 4465 1609 4537 οἰκουμένης
1630 4466 1950 4537 φαινομένη.

269 4561 386 4619 Καὶ
414 4558 566 4621 Λὼτ,
597 4557 750 4628 φησι,
774 4554 856 4621 τῷ
885 4554 1394 4625 συμπορευομένῳ
1440 4554 1591 4623 μετὰ
1615 4555 1832 4624 Ἅϐραμ
1874 4549 1955 4622 ἦν

269 4644 377 4702 καί
409 4644 695 4712 πρόϐατα,
730 4642 827 4695 καὶ
856 4640 1025 4707 βόες,
1072 4639 1171 4693 καί
1209 4638 1401 4707 κτήνη
1421 4654 1436 4669 ·
1467 4638 1567 4695 καὶ
1618 4640 1729 4693 οὐκ
1749 4638 1955 4707 ἐχώρει

269 4731 502 4796 αὐτοὺς
545 4727 710 4798 ἠετῆ
743 4726 1043 4781 κατοικεῖν
1070 4726 1210 4795 ἅμα,
1267 4725 1357 4780 ὅτι
1400 4721 1476 4797 ἦν
1512 4724 1585 4779 τὰ
1607 4726 1957 4795 ὑπάρχοντα

270 4819 479 4876 αὐτῶν
510 4816 734 4880 πολλὰ,
757 4817 859 4869 καί
887 4817 998 4889 οὐκ
1027 4815 1330 4883 ἠδύναντο
1370 4812 1668 4867 κατοικεῖν
1701 4814 1841 4884 ἅμα.
1880 4815 1955 4869 Οὐ

278 4909 445 4980 μόνον
490 4904 570 4975 τῷ
618 4904 935 4975 πατριάρχῃ
965 4901 1034 4956 τὰ
1062 4901 1162 4971 τῆς
1206 4900 1524 4973 περιουσίας
1556 4899 1773 4973 ηὔξετο,
1823 4902 1958 4958 ἀλλά

276 4997 393 5054 Καὶ
417 4992 499 5058 τῷ
522 4992 653 5048 Λὼτ
679 4988 780 5061 ἦν,
807 4991 961 5060 φησί,
988 4990 1276 5059 πρόϐατα,
1308 4990 1407 5044 καί
1426 4989 1594 5055 βόες,
1619 4991 1716 5045 καί
1739 4991 1954 5060 κτήνη.

280 5085 449 5147 ἰσως
479 5078 552 5133 τὰ
585 5078 685 5149 μέν
739 5077 905 5140 αὐτὸς
923 5115 939 5139 ,
970 5075 1252 5146 φιλότιμος
1282 5073 1382 5137 ὢν,
1417 5075 1669 5146 ἐδωρεῖτο
1699 5076 1776 5147 τῷ
1808 5076 1959 5130 ἀδελ-

156 5172 165 5175 ’
280 5168 442 5242 φιδιῖ),
464 5168 536 5222 τά
562 5167 620 5220 δὲ
663 5166 759 5220 καὶ
802 5165 981 5236 ἕτεροι
1028 5163 1178 5233 αὐτῷ
1210 5166 1467 5234 παρεῖχον
1500 5162 1592 5217 διά
1632 5163 1733 5234 τὴν
1756 5165 1837 5228 εἰς
1867 5164 1959 5217 τὸν

278 5254 630 5327 πατριάρχην
649 5251 834 5322 τιμήν.
869 5249 976 5303 Καὶ
1006 5251 1118 5304 οὐκ
1153 5246 1360 5318 ἐχώρει
1411 5248 1655 5315 αὐτοὺς,
1704 5250 1888 5320 φησὶν,
1916 5248 1956 5316 ή

281 5342 387 5414 τῆ,
444 5340 535 5394 ὅτι
570 5333 651 5409 ἦν
687 5335 763 5391 τὰ
799 5335 1149 5406 ὑπάρχοντα
1196 5335 1397 5390 αὐτῶν
1441 5336 1663 5390 πολλὰ.
1704 5336 1845 5409 Ὅρα
1897 5336 1960 5390 τὸ

284 5425 489 5496 πλῆθος
537 5423 638 5491 τῆς
664 5419 984 5491 περιουσίας
1011 5418 1212 5482 εὐθέως
1241 5418 1575 5481 διαστάσεως
1626 5417 1797 5473 αἴτιον
1824 5419 1962 5488 γινό-

290 5530 473 5586 μενον,
507 5511 605 5565 καὶ⁸
630 5508 731 5579 τὴν
755 5508 1023 5579 διαίρεσιν
1050 5506 1438 5577 ἐργαζόμενον,
1460 5506 1558 5560 καὶ
1588 5505 1686 5577 τὴν
1709 5506 1962 5576 ὁμόνοιαν

286 5596 599 5658 διακόπτον,
622 5594 717 5647 καὶ
745 5591 846 5661 τῆς
884 5589 1205 5659 συγγενείας
1248 5588 1340 5642 τὸν
1371 5588 1666 5658 σύνδεσμον
1696 5588 1957 5659 διαιροῦν.

288 5682 401 5737 Καὶ
432 5679 669 5749 ἐγένετο
706 5679 870 5748 μάχη
920 5677 1038 5732 ἀνὰ
1074 5675 1272 5747 μέσον
1328 5675 1450 5730 τῶν
1504 5675 1804 5746 ποιμένων
1842 5676 1962 5731 τῶν

290 5768 527 5837 κτηνῶν
554 5766 662 5821 τοῦ
698 5768 933 5834 Ἀϐραμ,
960 5765 1061 5819 καί
1105 5763 1226 5819 ἀνὰ
1264 5763 1458 5836 μέσον
1498 5762 1616 5816 τῶν
1661 5763 1959 5834 ποιμένων

292 5855 398 5913 τοῦ
434 5853 584 5911 Λώτ,
630 5854 696 5905 Ol
734 5850 802 5904 δὲ
858 5851 1177 5906 Χαναναῖοι
1231 5849 1332 5904 καί
1385 5852 1439 5904 οἰ
1499 5849 1789 5918 Φερεζέιῖοι
1829 5852 1961 5905 τότε

294 5939 600 6015 κατῴκουν
641 5938 752 6009 τὴν
792 5937 924 6009 γῆν.
964 5939 1163 5994 Σκόπει
1202 5937 1318 6004 πῶς
1363 5939 1411 5992 οἰ
1472 5940 1834 6011 προσήκοντες
1863 5938 1961 6010 τὴν

1316 339 1384 398 IN
1420 338 1574 399 CAP.
1619 339 1739 398 XIII
1777 339 2024 401 GENES.
2065 339 2302 400 IIOIIIL.
2339 343 2583 404 XXXIII.

3524 358 3707 417 ~508

2041 458 2218 529 ἀρχὴν
2242 460 2341 533 τῆς
2391 461 2729 529 διαστάσεως
2761 465 3108 539 ἐργάζονται.
3144 468 3425 525 Ἐντεῦθεν
3458 471 3567 544 γάρ
3621 474 3711 529 ἀεὶ

2039 545 2216 598 πάντα
2244 545 2438 614 φύεται
2478 548 2547 602 τά
2572 549 2719 605 κακά
2741 552 2848 606 ἀπὸ
2873 554 2973 625 τῆς
3000 554 3109 608 τῶν
3135 556 3351 610 οἰκείων
3381 558 3706 630 μοχθηρίας.

2050 632 2321 716 Ἐγένετο
2348 636 2476 707 γὰρ,
2501 639 2655 709 φησὶ,
2682 639 2849 710 μάχη
2881 641 2999 696 ἀνὰ
3015 643 3212 712 μέσον
3243 645 3363 699 τῶν
3385 647 3702 716 ποιμένων.

2038 712 2199 814 Θῦτοί
2227 722 2364 814 εἰσιν
2389 725 2437 777 οἰ
2469 723 2569 814 τῆς
2593 725 2914 814 διαιρέσεως
2948 729 3047 800 τὴν
3070 731 3324 802 ἀφορμὴν
3355 712 3708 814 παρέχοντες,

2035 808 2087 861 οί
2124 807 2221 892 τῂν
2245 810 2500 881 ὁμόνοιαν
2523 811 2673 886 [5541
2708 815 3064 881 διασπῶντες.
3104 819 3153 872 οἰ
3185 820 3385 891 πολλὴν
3411 822 3512 892 τὴν
3532 807 3709 890 ἀγνω-

2039 890 2278 961 μοσύνην
2304 893 2758 967 ἐπιδεικνύμενοι.
2797 901 2860 952 οι
2881 897 2951 951 δὲ
2981 901 3300 957 Χαναναῖοι
3332 890 3431 957 καὶ
3455 890 3510 957 οι
3543 907 3711 972 Φέρε⁶

2035 972 2179 1031 ζὶιῖοι
2198 975 2329 1029 τότε
2350 975 2662 1041 κατῴκουν
2687 978 2804 1048 τὴν
2829 979 2969 1050 γῆν.
2992 982 3150 1047 Τίνος
3173 983 3358 1038 ἕνεκεν
3396 987 3528 1056 ἡμῖν
3552 986 3711 1039 τοῦτο

2034 1057 2453 1130 ἐπεσημήνατο;
2494 1060 2711 1135 Ἐπειδὴ
2748 1058 2938 1130 εἶπεν,
2972 1066 3056 1120 ὅτι
3090 1068 3211 1121 Οὐκ
3257 1066 3461 1137 ἐχώρει
3490 1069 3711 1136 αὐτοὺς

2033 1142 2072 1211 ἡ
2095 1140 2173 1213 γῆ
2206 1145 2506 1200 κατοικεῖν
2526 1147 2667 1217 ἅμα,
2703 1148 2801 1222 τὴν
2832 1151 3012 1205 αἰτίαν
3035 1154 3183 1224 ἡμᾶς
3210 1153 3416 1220 διδάξαι
3449 1154 3714 1225 ἠθέλησεν

2032 1232 2066 1299 ἡ
2099 1230 2218 1284 θεία
2245 1232 2459 1306 Γραφὴ,
2493 1235 2577 1290 ὃτι
2603 1236 2691 1291 διὰ
2722 1237 2883 1292 τοῦτο
2918 1239 3117 1305 αὐτοὺς
3138 1241 3238 1295 οὐκ
3271 1240 3490 1313 ἐχώρει,
3525 1241 3714 1313 ἐπειδὴ

2034 1316 2117 1372 ἐτι
2146 1321 2538 1393 προκατείχετο
2565 1323 2673 1378 ύπδ
2695 1325 2902 1381 τούτων
2943 1327 3053 1381 τῶν
3105 1327 3296 1384 ἐθνῶν.
3345 1328 3482 1382 Ἀλλ’
3517 1329 3714 1399 ῐδωμεν

2033 1401 2127 1455 τοῦ
2150 1406 2487 1477 πατριάρχου
2515 1408 2615 1478 τὴν
2646 1408 2893 1479 φιλόθεον
2922 1409 3170 1481 γνώμην,
3192 1411 3342 1476 ὅπως
3364 1411 3715 1467 καταστέλλει

2035 1489 2133 1562 τὴν
2168 1492 2467 1564 μέλλουσαν
2486 1495 2820 1562 ἐξάπτεσθαι
2848 1496 3030 1566 πυράν
3058 1497 3147 1553 διὰ
3171 1499 3272 1568 τῆς
3301 1500 3507 1563 οἰκείας
3537 1502 3713 1553 ἐπιει-

2035 1574 2209 1639 κείας.
2231 1572 2379 1631 Εἷπε
2404 1576 2492 1641 δὲ,
2515 1580 2702 1650 φησὶν,
2730 1580 2947 1649 Ἀϐραμ
2975 1579 3056 1646 τῷ
3074 1581 3200 1636 Λώτ
3221 1598 3237 1611 ·
3268 1580 3364 1648 Μὴ
3382 1581 3538 1636 ἔστω
3546 1580 3712 1651 μάχη

2035 1660 2154 1716 ἀνὰ
2179 1663 2376 1733 μέσον
2396 1665 2543 1735 ἐμοῦ
2570 1666 2669 1721 καὶ
2698 1666 2837 1731 σοῦ,
2872 1667 2972 1743 καί
3007 1668 3125 1723 ἀνὰ
3146 1672 3345 1737 μέσον
3367 1668 3487 1723 τῶν
3513 1667 3715 1737 ποιμέ-

2034 1766 2156 1804 νων
2172 1769 2294 1820 μου
2321 1751 2421 1806 καί
2446 1752 2566 1807 τῶν
2593 1754 2892 1824 ποιμένων
2928 1771 3069 1822 σου,
3100 1757 3190 1810 ὅτι
3240 1756 3492 1827 ἀδελφοὶ
3542 1755 3718 1826 ἡμεῖς

2033 1840 2241 1908 ἐσμεν.
2262 1841 2405 1913 Ὅρα
2437 1843 2937 1916 ταπεινοφροσύνης
2992 1845 3322 1917 ὑπερϐολὴν,
3370 1846 3473 1917 ὅρα
3511 1845 3719 1915 φιλοσο-

2036 1926 2165 1996 φίας
2189 1925 2341 1996 ὕψος.
2378 1928 2436 1983 Ὀ
2468 1928 2667 2001 γέρων,
2697 1931 2726 1982 ὁ
2750 1931 3061 2003 πρεσϐύτης
3098 1933 3190 1986 τὸν
3216 1933 3355 2000 νέον,
3379 1933 3467 1986 τὸν
3504 1932 3719 2002 ἀδελφιο

2033 2013 2157 2067 δοῦν
2190 2013 2414 2083 ἀδελφὸν
2472 2015 2891 2087 προσαγορεύει,
2945 2019 3038 2072 καὶ
3087 2019 3168 2082 εἰς
3200 2017 3297 2090 τὴν
3345 2018 3515 2089 αὐτὴν
3562 2016 3713 2088 αύτῷ

2034 2100 2200 2173 τιμὴν
2235 2101 2448 2169 ἀνάγει,
2477 2104 2569 2157 καί
2592 2104 2746 2157 οὐδὲν
2785 2104 2963 2176 ἐαυτῷ
2984 2105 3144 2158 πλέον
3174 2106 3362 2171 νέμει·
3394 2105 3530 2160 ἀλλά
3555 2121 3711 2175 φησι,

1979 2192 1986 2199 ’
2034 2190 2093 2242 Μ
2099 2186 2133 2255 ἡ
2155 2189 2311 2243 έστω
2329 2187 2495 2259 μάχη
2521 2190 2638 2247 ἀνὰ
2661 2190 2853 2260 μέσον
2869 2191 3017 2259 ἐμοῦ
3042 2192 3141 2247 καί
3161 2193 3300 2259 σοῦ,
3319 2193 3417 2247 καί
3444 2192 3563 2246 τῶν
3581 2206 3712 2246 ποι-

2031 2278 2232 2347 μένων
2251 2296 2372 2347 μου
2419 2278 2519 2332 καί
2554 2277 2674 2333 τῶν
2695 2279 2996 2349 ποιμένων
3031 2296 3168 2337 σου.
3203 2281 3342 2336 Οὐδὲ
3362 2279 3473 2352 γὰρ
3505 2280 3572 2334 ἂν
3605 2279 3715 2351 εῖη,

2038 2365 2223 2435 φησὶν,
2266 2364 2487 2435 εὔλογον
2521 2366 2680 2420 τοῦτο
2708 2367 2984 2437 γενέσθαι,
3036 2367 3223 2441 ἐπειδὴ
3252 2367 3470 2438 ἀδελφοί
3526 2368 3715 2437 ἐσμεν.

2038 2448 2191 2517 Εἶδες
2215 2453 2573 2513 ἀποστολικδν
2601 2455 2766 2525 νόμον
2794 2455 2957 2509 αὐτὸν
2989 2455 3320 2527 πληροῦντα,
3347 2455 3440 2508 τὸν
3466 2453 3716 2524 λέγοντα⁶

2043 2541 2187 2609 Ἤδη
2215 2541 2332 2611 μὲν
2365 2538 2481 2598 οὖν
2512 2543 2667 2611 ὅλως
2700 2542 2933 2614 ἥττημα
2960 2542 3105 2614 ὑμῖν
3128 2543 3320 2608 ἐστιν,
3353 2542 3444 2597 ὅτι
3466 2544 3722 2613 κρίματα

2041 2629 2211 2698 ἔχετε
2259 2631 2389 2699 μεθ’
2417 2630 2667 2685 ἑαυτῶν.
2702 2632 2807 2687 Διὰ
2833 2633 2892 2686 τι
2932 2631 3071 2700 οὐχί
3097 2629 3340 2702 μᾶλλον
3373 2630 3721 2693 ἀδικεῖσθεξ

2040 2717 2138 2772 διὰ
2160 2717 2218 2771 τί
2236 2719 2309 2772 οὐ
2323 2718 2566 2788 μᾶλλον
2587 2719 3058 2789 ἀποστερεῖσθε;
3100 2721 3252 2775 Ἀλλ’
3275 2719 3445 2789 ὑμεῖς
3465 2718 3723 2776 ἀδικεῖτε

2041 2805 2143 2859 καί
2164 2804 2566 2874 ἀποστερεῖτε,
2595 2805 2696 2859 καί
2736 2806 2928 2861 ταῦτα
2957 2805 3281 2875 ἀδελφούς.
3327 2806 3515 2862 Ταῦτα
3547 2806 3723 2865 πάντα

2041 2893 2131 2947 διὰ
2157 2893 2265 2947 τῶν
2302 2892 2479 2964 ἔργων
2513 2891 2734 2965 πληρῶν
2765 2895 2795 2948 ό
2844 2894 3188 2965 πατριάρχης
3218 2894 3370 2966 φησί’
3425 2893 3522 2960 Μὴ
3565 2895 3724 2949 ἔστω

2037 2980 2202 3052 μάχη
2230 2980 2347 3035 ἀνὰ
2376 2981 2575 3052 μέσον
2602 2992 2629 3021 α
2661 2978 2783 3034 τῶν
2812 2981 3112 3050 ποιμένων
3136 2999 3280 3050 μου,
3311 2981 3408 3035 καί
3439 2980 3559 3034 τῶν
3590 2994 3722 3037 ποι-

2039 3068 2241 3140 μένων
2270 3084 2407 3133 σου,
2445 3068 2536 3123 ὅτι
2566 3066 2865 3138 ἅνθρωποι
2911 3067 3163 3137 ἀδελφοὶ
3219 3067 3388 3138 ἡμεῖς
3413 3068 3625 3138 ἐσμεν.
3657 3068 3725 3122 Τί

2045 3159 2248 3232 ταύτης
2276 3160 2376 3231 τῆς
2425 3159 2604 3231 ψυχῆς
2659 3157 3078 3231 εἰρηνικώτερον
3121 3160 3316 3229 γένοιτ’
3349 3159 3456 3226 iv;
3494 3161 3634 3232 'Apa
3661 3161 3725 3216 οὐ
3780 3160 3783 3164 ⁴

2051 3249 2226 3321 μάτην
2243 3249 2364 3301 οὐδὲ
2395 3246 2519 3318 εἰκῆ
2539 3248 2597 3300 ἐν
2621 3247 2928 3319 προοιμίοις
2956 3246 3161 3315 ἔλεγον,
3185 3248 3267 3301 ὅτι
3295 3247 3382 3301 διὰ
3413 3247 3473 3301 τὸ
3498 3249 3724 3319 ἡσυχίας

2045 3337 2177 3408 ὲρᾷν
2212 3335 2307 3388 καὶ
2358 3333 2826 3405 ἀπραγμοσύνης,
2880 3333 2968 3388 διά
2999 3333 3157 3389 τοῦτο
3201 3335 3299 3405 τὴν
3339 3335 3575 3407 ἐρημίαν
3628 3333 3729 3404 τῆς

2045 3420 2367 3493 οἰκουμένης
2407 3419 2702 3493 προετίμα.
2737 3422 2879 3492 Ὅρα
2925 3421 3034 3492 7&9
3063 3420 3224 3474 αὐτὸν
3263 3420 3356 3475 καὶ
3383 3421 3500 3488 νῦν,
3537 3420 3727 3496 ἐπειδὴ

2045 3509 2181 3573 ὅλως
2241 3504 2351 3562 εἶδε
2397 3508 2524 3572 τοὺς
2577 3506 2843 3575 ποιμένας
2877 3507 3451 3578 διαπληκτιζομένους,
3519 3508 3638 3572 πῶς
3666 3508 3731 3574 ἐξ

2046 3596 2223 3668 ἀρχῆς
2246 3594 2448 3659 εὐθέως
2486 3595 2744 3666 πειρᾶται
2776 3595 3131 3649 καταστεῖλαι
3170 3594 3269 3666 τὴν
3311 3593 3606 3665 μέλλουσαν
3643 3593 3728 3659 ἐξ·

2048 3683 2317 3739 ἅπτεσθαι
2358 3682 2560 3754 πυρὰν,
2595 3684 2690 3737 καὶ
2719 3681 2883 3736 παύει
2924 3683 3022 3754 τὴν
3054 3681 3410 3753 φιλονεικίαν.
3443 3680 3590 3735 Ἔδει
3619 3682 3732 3753 γὰρ

2049 3772 2213 3828 αὐτὸν
2268 3772 2405 3826 πᾶσι
2457 3773 2572 3835 τοῖς
2597 3770 2697 3843 τὴν
2747 3769 3118 3841 Παλαιστίνην
3145 3768 3354 3824 οἰκοῦσι
3412 3768 3733 3823 διδάσκαλον

2051 3858 2365 3928 φιλοσοφίας
2383 3856 2684 3929 ἀφιγμένον
2713 3857 2986 3927 μηδεμίαν
3008 3856 3267 3928 παρέχειν
3296 3855 3569 3929 ἀφορμὴν,
3595 3856 3731 3927 μηδέ

2049 3946 2220 4017 λαϐὴν
2247 3944 2448 4008 δοῦναι,
2470 3943 2607 3997 ἀλλά
2629 3943 2717 3996 διὰ
2744 3942 2845 4012 τῆς
2869 3941 2980 3997 τῶν
3012 3943 3229 4012 τρόπων
3276 3943 3574 4006 ἐπιεικείας
3612 3943 3731 3997 σάλ‹

2052 4049 2249 4102 πιγγος
2280 4030 2659 4102 λαμπρότερον
2687 4029 2895 4092 πάντας
2936 4029 3133 4092 αὐτοὺς
3163 4029 3470 4093 παιδεῦσαι,
3522 4031 3615 4082 καὶ
3645 4048 3730 4101 μι.

2055 4119 2232 4191 μητάς
2258 4117 2595 4187 καταστῆσαι
2625 4116 2724 4187 τῆς
2746 4115 2954 4180 οἰκείας
2983 4116 3202 4187 ἀρετῆς.
3238 4115 3337 4183 Μὴ
3375 4116 3550 4172 ἔστω.
3573 4118 3728 4187 φησὶ,

2046 4207 2213 4279 μάχη
2265 4204 2385 4261 ἀνὰ
2403 4205 2599 4274 μέσον
2625 4202 2771 4273 ἐμοῦ
2804 4202 2905 4257 καὶ
2941 4198 3081 4268 σοῦ,
3122 4203 3219 4257 καί
3249 4202 3365 4258 ἀνὰ
3386 4201 3582 4272 μέσον
3610 4201 3733 4256 τῶν

2052 4292 2350 4364 ποιμένων
2371 4309 2492 4361 μου
2530 4289 2629 4344 καὶ
2661 4288 2781 4343 τῶν
2810 4290 3109 4359 ποιμένων
3135 4305 3272 4354 σου,
3307 4288 3396 4343 ὅτι
3431 4289 3729 4357 ἅνθρωποι

2051 4379 2304 4451 ἀδελφοί
2334 4378 2506 4450 ἡμεῖς
2526 4377 2734 4448 ἐσμεν.
2760 4376 2938 4450 Πολλὴ
2963 4376 3071 4431 τῶν
3100 4378 3360 4449 ῥημάτων
3384 4378 3417 4449 ή
3439 4376 3730 4444 ἐπιείκεια,

2065 4469 2199 4525 Ἀνὰ
2213 4467 2411 4538 μέσον
2439 4465 2587 4535 ἐμοῦ
2616 4465 2713 4519 καί
2739 4464 2879 4520 σοῦ.

2124 4564 2196 4627 7’.
2218 4555 2416 4609 Σκόπει
2439 4552 2554 4616 πῶς
2568 4550 2629 4617 ἐξ
2647 4552 2913 4622 ἰσοτιμίας
2940 4549 3088 4623 αὐτῷ
3105 4550 3441 4621 διαλέγεται·
3469 4551 3732 4606 καίτοιτά

2053 4644 2154 4716 τῆς
2184 4643 2362 4716 μάχης
2399 4641 2498 4711 οὐχ
2540 4638 2803 4711 ἑτέρωθεν
2834 4634 2988 4709 οἶμαι
3021 4636 3119 4709 τὴν
3147 4637 3322 4711 ἀρχὴν
3351 4638 3663 4709 ἐσχηκέναι,
3696 4638 3731 4708 ἢ

2054 4733 2164 4787 ἀπὸ
2215 4729 2311 4784 τοῦ
2356 4729 2483 4792 τοὺς
2515 4726 2782 4798 ποιμένας
2813 4724 2909 4779 τοῦ
2953 4725 3291 4796 πατριάρχου
3325 4725 3400 4795 μὴ
3430 4728 3733 4797 συγχωρεῖν

2054 4820 2283 4881 ἐκείνοις
2311 4817 2410 4887 τῆς
2441 4816 2612 4885 αὐτῆς
2640 4814 2822 4877 αὐτοῖς
2856 4812 3041 4874 ἀδείας
3071 4810 3385 4866 ἀπολαύειν.
3427 4811 3567 4864 Ἀλλ’
3600 4811 3629 4862 ό
3652 4812 3732 4865 δί-

2055 4923 2211 4969 καιος
2244 4903 2499 4966 ἐπιεικῶς
2537 4901 2715 4955 πάντα
2736 4901 2878 4953 ποιεῖ
2907 4899 2958 4965 Ι),
2986 4898 3323 4969 δεικνὺςτῆς
3347 4898 3553 4962 οἰκείας
3584 4898 3734 4967 φιλο-

2057 4993 2247 5064 σοφίας
2278 4991 2377 5063 τὴν
2407 4989 2733 5062 ὑπερϐολὴν,
2766 4987 2862 5040 καὶ⁵
2894 4985 3164 5040 παιδεύων
3195 4986 3256 5040 ού
3288 4988 3414 5049 τοὺς
3443 4986 3565 5040 τότε
3589 5004 3735 5062 παρ-

2054 5083 2215 5146 όντας
2256 5081 2436 5153 μόνον,
2470 5079 2605 5133 ἀλλὰ
2627 5078 2721 5132 καὶ
2751 5077 2959 5139 πάντας
2979 5076 3104 5138 τοὺς
3133 5074 3283 5145 ἐξῆς,
3305 5074 3575 5146 μηδέποτε
3598 5075 3735 5145 πρὸς

2056 5173 2183 5235 τοὺς
2215 5169 2440 5240 πλησίον
2487 5165 2970 5238 διαπληκτίζεσθαι
3009 5163 3137 5227 τοὺς
3182 5165 3316 5234 ἡμῖν
3358 5162 3733 5234 διαφέροντας.

2069 5259 2133 5312 'H
2163 5258 2270 5329 7&9
2313 5256 2537 5311 ἐκείνων
2588 5253 2889 5322 φιλονεικία
2938 5253 3072 5323 ἡμῖν
3104 5250 3304 5321 πολλὴν
3347 5250 3736 5321 προστρίϐεται

2057 5343 2156 5414 τὴν
2179 5342 2414 5408 ἀδοξίαν,
2449 5343 2544 5397 καὶ
2573 5341 2724 5415 [555]
2751 5341 2901 5395 οὐδὲν
2926 5339 3154 5403 ἐκείνοις
3190 5338 3449 5407 λογιεῖται
3485 5348 3507 5376 ε
3540 5337 3607 5391 τά
3652 5354 3738 5406 γι-

2059 5435 2280 5504 νόμενα,
2307 5429 2422 5484 ἀλλ’
2450 5431 2530 5493 εἰς
2562 5429 2710 5499 ἡμᾶς
2740 5425 3028 5497 ἀνατρέχει
3054 5424 3123 5479 τά
3157 5420 3259 5495 τῆς
3295 5422 3578 5494 μέμψεως.
3622 5421 3736 5477 Ποῦ

2059 5516 2153 5575 οῦν
2178 5518 2397 5587 εὔλογον
2442 5514 2759 5588 ἀνθρώπους
2787 5512 3046 5581 ἀδελφοὺς
3080 5512 3261 5576 ὄντας,
3314 5510 3408 5564 καὶ
3436 5510 3538 5581 τῆς
3565 5511 3739 5578 αὐτῆς

2063 5606 2280 5678 φύσεως
2327 5603 2693 5676 τυγχάνοντας
2724 5643 2741 5669 ,
2802 5601 2897 5654 καὶ
2927 5601 3026 5672 τῆς
3057 5599 3227 5670 αὐτῆς
3260 5598 3601 5668 συγγενείας,
3641 5598 3737 5651 καὶ

2129 5766 2153 5795 ⁸
2178 5762 2275 5814 Alii
2300 5762 2390 5812 ἀνὰ
2412 5762 2557 5825 μέσον
2580 5758 2696 5823 ἐμοῦ
2720 5760 2801 5808 καὶ
2822 5756 2933 5825 σοῦ,
2955 5757 3036 5825 καί
3167 5757 3478 5825 μέσονηριοη
3498 5761 3646 5815 atque
3668 5755 3735 5825 Ita

2070 5827 2196 5889 legit
2216 5816 2423 5889 inlerpf
2463 5823 2492 5863 ι)
2515 5816 2724 5889 ξίείτεε
2743 5835 2878 5889 ms§._
2889 5816 2939 5889 gn
2952 5820 3111 5889 gdl‘lis
3132 5816 3380 5867 sémenlia
3402 5823 3733 5889 palluerat“:

2068 5873 2505 5945 ﬁéﬁii’nlérpfhene
2529 5885 2742 5945 legerat.
2780 5944 2783 5945 ν
2811 5883 2929 5931 “Sic
2950 5881 3127 5930 Samel
3147 5894 3234 5945 sex
3257 5890 3373 5945 ιῃεε.
3397 5877 3461 5926 At
3483 5876 3600 5926 Mor.
3625 5873 3737 5927 οὖδέ

2072 5951 2264 6005 ἐκείνοις
2287 5937 2537 6012 )ογίζεται.
2578 5937 2728 5997 Savil.
2775 5944 2822 5995 in
2859 5956 3010 6006 marg.
3061 5942 3185 6003 conj.
3222 5937 3385 5994 οὐδείς.
