4060 6426
392 360 499 414 509

387 474 672 545 παροικεῖν
722 468 955 524 ἐνταῦθα
986 466 1300 539 μέλλοντας,
1362 468 1443 530 εἰς
1474 463 1742 536 τοσαύτην
1769 463 2069 535 ἐμπίπτειν

389 562 739 631 φιλονεικίαν,
774 558 1088 627 ὀφείλοντας
1120 554 1450 619 ἐπιεικείας,
1486 555 1581 607 καί⁸
1613 554 1944 623 πραΰτητος,
1976 553 2072 606 καὶ

387 648 707 717 φιλοσοφίας
756 647 977 716 ἀπάσης
1024 642 1382 707 διδασκάλους
1445 639 1809 695 καθίστασθαι
1860 639 2072 702 τούτοις

389 737 587 800 πᾶσινς
635 733 1005 786 Ἀκουέτωσαν
1026 730 1200 784 ταῦτα
1223 731 1269 783 οί
1299 728 1613 799 νομίζοντες
1649 726 1755 791 ἐξω
1780 726 2073 796 τυγχάνειν

386 824 555 894 ἑγκλη
564 823 771 893 μάτων,
791 820 1010 874 ἐπειδὰν
1031 821 1156 882 τοὺς
1177 819 1357 882 αὑτοῖς
1379 817 1751 888 προσήκοντας
1773 814 2071 886 περιορῶσι

385 913 474 966 διὰ
506 912 606 982 τὴν
660 911 800 982 πρὸς
849 910 1048 972 αὐτοὺς
1086 907 1395 976 οἰκειότητα
1443 903 1811 975 ἁρπάζοντας,
1851 900 2073 954 πλεονε-

388 999 669 1063 κτοῦντας,
704 998 874 1069 μυρία
922 996 1071 1050 κακά
1120 992 1474 1056 διατιθέντας,
1526 991 1708 1044 καὶέν
1741 987 1948 1052 πόλεσι,
1981 990 2071 1042 καὶ

387 1089 446 1139 ἐν
474 1088 683 1158 ἀγροῖς,
710 1086 837 1148 τοὺς
862 1085 1044 1147 αὐτοῖς
1068 1079 1442 1151 γειτνιῶντας,
1475 1079 1571 1132 καὶ
1597 1075 2075 1148 παρασταομένους

385 1176 481 1228 τοῦ
515 1174 613 1246 μὶν
643 1174 747 1228 τὸν
766 1173 956 1246 ἀγρὸν,
980 1171 1074 1225 τοῦ
1099 1170 1157 1223 δέ
1187 1168 1285 1240 τὴν
1310 1167 1507 1231 οἰκίαν,
1534 1164 1822 1236 καὶταύτῃ
1857 1162 2075 1215 πλείονα

392 1262 593 1333 μᾶλλον
625 1260 724 1333 τὴν
744 1260 956 1314 εὔνοιαν
986 1259 1113 1330 περὶ
1144 1258 1344 1320 αὐτοὺς
1386 1252 1843 1324 ἐπιδεικνύμενοι.
1874 1252 1937 1304 Εἰ
1967 1250 2075 1320 γὰρ

389 1351 483 1404 καὶ
512 1350 699 1419 ἐτέρου
728 1350 789 1403 τὸ
820 1349 922 1418 τῆς
951 1348 1169 1410 ἀδικίας
1202 1345 1362 1416 ἔργον
1389 1339 1478 1415 ἦν,
1509 1341 1623 1395 ἀλλ’
1658 1340 1821 1405 αὐτὸς
1852 1337 2076 1393 ἐκοινώ-

387 1454 557 1507 νησας
578 1435 673 1489 τοῦ
714 1436 1059 1506 πράγματος,
1096 1433 1158 1487 οὐ
1188 1433 1349 1503 μόνον
1382 1431 1461 1503 τῷ
1495 1429 1788 1501 ἐφήδεσθαι
1817 1426 1894 1498 τῷ
1916 1442 2078 1496 γεγε-

387 1525 629 1596 νημένῳ,
650 1523 746 1578 καὶ
778 1523 1018 1594 νομίζειν
1044 1523 1108 1575 ἐκ
1137 1520 1327 1574 τούτου
1350 1536 1430 1572 σοι
1461 1517 1558 1589 τὴν
1589 1517 1779 1569 οὐσίαν
1795 1513 2074 1581 αὔξεσθαι,

388 1613 483 1666 καὶ
518 1612 615 1683 τὴν
646 1610 966 1682 περιουσίαν
1002 1609 1224 1663 πλείονα
1256 1606 1529 1676 γενέσθαι,
1573 1604 1709 1659 ἀλλά
1760 1604 1855 1657 καὶ
1882 1602 1959 1673 τῷ
2000 1602 2076 1673 μὴ

391 1700 633 1755 κωλῦσαι
670 1698 971 1771 μέλλουσαν
1003 1697 1100 1769 τὴν
1129 1697 1343 1751 ἀδικίαν
1369 1693 1641 1766 είςοέργον
1679 1691 1971 1746 ἐκϐαίνειν.
2015 1690 2077 1743 '0

392 1790 501 1860 γάρ
536 1788 833 1858 δυνάμενος
870 1785 1112 1840 κωλῦσαι
1160 1785 1251 1839 τὸν
1300 1781 1612 1844 ἀδικοῦντα,
1647 1779 1742 1835 καὶ
1796 1778 1870 1850 μὴ
1922 1777 2079 1832 τοῦτο

392 1874 586 1937 ποιῶν,
616 1874 714 1927 οὑκ
742 1872 966 1927 ἔλαττον
996 1871 1090 1926 τοῦ
1120 1870 1434 1933 ἀδικοῦντος
1464 1867 1564 1932 τὰς
1599 1865 1831 1929 εὐθύνας
1866 1862 2075 1934 ὑφέξει.

462 1978 555 2050 Μὴ
577 1977 757 2031 τοίνυν
777 1976 1076 2048 ἀπατῶμεν
1098 1976 1344 2041 ἑαυτοὺς,
1367 1972 1689 2047 παρακαλῶ,
1714 1969 1850 2025 ἀλλὰ
1869 1968 1964 2023 καὶ
1982 1967 2080 2023 αύ-

388 2065 473 2119 τοὶ
492 2064 783 2136 φεύγωμεν
802 2064 901 2129 τὰς
922 2063 1199 2134 ἁρπαγάς,
1217 2063 1317 2126 τὰς
1337 2058 1671 2125 πλεονεξίας,
1691 2057 1865 2112 καὶτὸ
1887 2058 1952 2111 ἐκ
1970 2057 2079 2110 τῶν

388 2153 646 2208 τοιούτων
666 2151 852 2217 αὔξειν
872 2154 1004 2224 ήμῖν
1025 2151 1122 2222 τὴν
1143 2148 1484 2221 περιουσίαν,
1506 2149 1746 2210 καὶτοὺς
1765 2146 1897 2217 ἡμῖν
1918 2160 2081 2217 προσ-

389 2241 626 2310 ήκοντας
646 2237 988 2308 παιδεύωμεν
1013 2235 1180 2308 μηδὲν
1201 2234 1410 2288 τοιοῦτο
1430 2231 1778 2305 ἐργάζεσθαι.
1815 2230 1950 2285 Οὐδὲ
1970 2228 2080 2301 γὰρ

390 2327 715 2391 ἀνευθύνους
737 2328 885 2399 ἡμᾶς
902 2324 1062 2379 τοῦτο
1084 2324 1327 2394 ἀφίησιν,
1352 2322 1488 2377 ἀλλά
1521 2321 1743 2375 πλείονα
1778 2319 1876 2390 τὴν
1914 2318 2079 2372 κατά⁶

390 2434 570 2489 κρισιν
607 2414 939 2487 ἐργάζεταιο
983 2411 1119 2484 πρὸς
1166 2413 1275 2483 γάρ
1328 2412 1424 2483 τὴν
1472 2411 1748 2481 ἡμετέραν
1785 2407 2081 2479 ἀρέσκειαν

390 2506 590 2558 ἐκεῖνοι
628 2504 724 2575 τὴν
761 2501 970 2556 ἑαυτῶν
1009 2501 1350 2570 προδιδόντες
1389 2498 1696 2570 σωτηρίαν,
1734 2497 1834 2567 τὴν
1867 2494 2080 2551 ἀδικίαν

391 2590 657 2662 τολμῶσι,
683 2587 822 2661 μετά
855 2589 953 2659 τῆς
987 2586 1198 2641 ἑαυτῶν
1219 2585 1497 2648 ἀπωλείας
1516 2585 1611 2639 καὶ
1630 2586 1780 2655 ἡμᾶς
1801 2600 2080 2653 συγκατα-

394 2678 655 2740 σπῶντες.
679 2678 741 2731 Εἰ
773 2677 831 2730 δέ
867 2675 1170 2748 βουλόμεθα
1189 2676 1400 2746 νήφειν,
1424 2674 1519 2728 καὶ
1538 2674 1695 2727 αὑτοὶ
1714 2675 1814 2744 τῆς
1833 2671 2081 2726 ἐντεῦθεν

391 2764 570 2836 λύμης
589 2762 1089 2834 ἀπαλλαγησόμεθα
1111 2802 1124 2826 ,
1149 2761 1439 2823 κάκείνους
1458 2760 1843 2829 ἀποστήσομεν
1865 2758 1964 2829 τῆς
1984 2776 2081 2811 κα-

391 2852 498 2913 κῆς
518 2851 935 2922 ἐπιχειρήσεως.
958 2850 1070 2903 Καὶ
1107 2849 1179 2921 μή
1219 2864 1308 2919 μοι
1341 2847 1467 2916 λέγε
1485 2847 1554 2900 τά
1572 2846 1757 2918 ψυχρά
1776 2847 1960 2900 ἐκεῖνα
1984 2847 2082 2917 ῥή-

395 2957 572 3010 ματα·
597 2939 765 2993 Οὐδέν
786 2957 877 3011 μοι
899 2940 1070 3010 μέλει.
1093 2938 1184 3010 Μὴ
1205 2938 1316 3008 γάρ
1337 2936 1449 3006 ἐγὼ
1468 2935 1949 3007 παρεσωσάμηνς
1977 2935 2083 2989 Οὑ-

390 3029 480 3082 δὲν
498 3023 615 3081 οἶδα
635 3044 649 3059 ·
674 3027 862 3100 ἐτερος
883 3027 1201 3098 εἰργάσατο,
1235 3025 1337 3078 οὑκ
1374 3024 1707 3094 ἐκοινώνησα
1724 3023 1825 3095 τῆς
1844 3023 2077 3088 ἀδικίας.

393 3114 600 3185 Σκῆψις
617 3114 788 3168 ταῦτα
808 3115 904 3168 καὶ
924 3113 1221 3185 πρόφασις.
1246 3113 1310 3166 Εἰ
1334 3111 1511 3182 βούλει
1529 3111 1698 3176 δεῖξαι
1716 3112 1798 3166 ὅτι
1820 3112 1920 3165 οὐκ
1940 3112 2083 3164 ἐκοι-

391 3202 642 3275 νώνησας
660 3202 758 3274 τῆς
777 3201 1013 3266 ἀδικίας,
1035 3202 1210 3255 καἱού
1232 3197 1597 3272 συνέπραξας,
1620 3200 1833 3269 καὶτῆς
1858 3200 2081 3253 πλεονεα

395 3288 514 3355 ξθας
533 3290 594 3343 οὗ
615 3290 845 3359 γέγονας
866 3289 1127 3361 ἐργάτης,
1150 3287 1441 3360 διόρθωσαι
1459 3289 1522 3342 τὸ
1539 3287 1784 3357 γεγονὸς,
1823 3286 2082 3359 παραμύ-

393 3378 556 3450 θησαι
574 3377 665 3431 τὸν
686 3376 1035 3448 ἠδικημένον,
1058 3377 1257 3440 ἀπόδος
1288 3376 1357 3430 τά
1390 3374 1775 3447 ἀφαιρεθέντα.
1798 3372 1955 3429 Οῦτω
1974 3374 2084 3445 γὰρ

394 3466 492 3519 καὶ
512 3465 706 3520 σαυτὸν
728 3463 1306 3540 ἐλευθερώσειςέγκλη
1316 3463 1526 3535 μάτων,
1562 3463 1657 3517 καὶ
1674 3463 1764 3517 τὸν
1785 3462 2083 3534 ἠδικηκότα

392 3552 684 3627 διορθώσῃ,
706 3554 887 3618 δείξας
924 3554 1001 3617 ὡς
1039 3554 1101 3607 οὑ
1142 3552 1283 3607 κατὰ
1316 3552 1540 3623 γνώμην
1564 3567 1658 3604 σου
1679 3550 1747 3606 τὰ
1768 3551 1896 3623 παρ’
1917 3551 2083 3605 αὑτοῦ

396 3639 734 3710 πέπρακται,
775 3640 871 3693 καὶ
906 3639 997 3693 τὸν
1034 3638 1243 3710 πένητα
1280 3636 1673 3709 παρακαλέσας
1708 3638 1810 3691 οὑκ
1847 3637 2084 3709 ἀφήσεις

397 3726 504 3779 ὑπὸ
538 3727 637 3797 τῆς
674 3726 911 3797 ἀθυμίας
946 3725 1345 3797 καταποθῆναι,
1366 3725 1433 3797 ἢν
1451 3725 1540 3778 διά
1559 3725 1654 3796 τὴν
1674 3724 1964 3797 ἀφαίρεσιν
1983 3726 2087 3795 ὑφ-

401 3812 651 3867 ίστασθαι
672 3812 886 3884 ἔμελλε.
910 3810 968 3865 Μ
973 3813 1009 3881 ὴ
1036 3812 1214 3876 ἔστω,
1235 3812 1386 3882 φησὶ.
1405 3810 1572 3881 μάχη
1592 3812 1709 3866 ἀνὰ
1719 3811 1918 3880 μέσον
1938 3812 2084 3882 ἐμοῦ

397 3901 498 3955 καὶ
536 3900 677 3966 σοῦ,
703 3901 803 3956 καί
844 3899 965 3956 τῶν
1002 3899 1303 3971 ποιμένων
1333 3916 1453 3969 μου
1493 3899 1591 3954 καὶ
1633 3897 1753 3952 τῶν
1787 3901 2086 3970 ποιμένων

397 4006 537 4057 σου,
559 3988 648 4043 ὅτι
670 3987 969 4058 ἄνθρωποι
989 3988 1238 4058 ἀδελφοί
1260 3987 1431 4057 ἡμεῖς
1448 3987 1654 4056 ἐσμεν.
1671 3982 1826 4051 Εἶδες
1845 3989 2086 4059 πραΰτης

397 4094 468 4132 τα
485 4096 498 4108 ·
524 4075 665 4142 εἶδες
685 4077 1017 4143 ἐπιείκειαν;
1044 4078 1241 4131 ’Ἄκουε
1265 4075 1482 4130 καὶτῶν
1504 4074 1654 4145 ἑξῆς,
1679 4074 1767 4128 ἵνα
1789 4073 1966 4148 μάθῃς
1987 4075 2085 4128 αὑ-

399 4165 492 4219 τοῦ
511 4165 611 4237 τῆς
631 4166 948 4236 φιλοσοφίας
967 4166 1065 4237 τὴν
1086 4164 1412 4237 ὑπερϐολήν.
1436 4163 1564 4228 Πῶς
1583 4159 1676 4218 οὖν
1696 4163 1764 4217 τὰ
1781 4164 1881 4233 τῆς
1904 4165 2086 4235 μάχης

398 4253 553 4307 λύσιν
591 4254 755 4326 λάϐῃ,
779 4256 874 4309 καὶ
917 4254 1118 4325 σϐεσθῇ
1141 4253 1209 4306 τά
1227 4255 1327 4324 τῆς
1348 4251 1713 4322 φιλονεικίας;
1747 4251 1892 4306 Ἰδοὺ
1915 4250 2105 4306 πᾶσα’

398 4346 438 4412 ἠ
481 4344 580 4417 γῆ,
617 4347 804 4418 φησὶν,
834 4345 1115 4400 ἐναντίον
1158 4359 1273 4398 σου
1313 4343 1467 4398 ἐστί.
1515 4343 1941 4412 Διαχωρίσθητι
1982 4343 2084 4397 ἀπ’

399 4431 547 4501 ἐμοῦ
567 4449 580 4463 ο
605 4433 658 4486 εἰ
696 4432 779 4486 σὺ
817 4434 904 4499 εἰς
943 4431 1244 4500 ἀριστερὰ,
1271 4431 1386 4502 ἐγὼ
1405 4435 1491 4498 είς
1510 4430 1679 4496 δεξιά
1697 4447 1711 4461 ο
1732 4429 1873 4485 εἰδὲ
1894 4430 1974 4484 σὺ
1997 4433 2084 4498 εἰς

399 4516 592 4584 δεξιὰ,
615 4517 731 4588 ἐγὼ
748 4519 837 4584 εἰς
859 4517 1161 4586 ἀριστερά.
1186 4518 1387 4571 Σκόπει
1405 4517 1499 4571 τοῦ
1520 4517 1728 4572 δικαίου
1747 4516 1845 4588 τὴν
1869 4517 2083 4585 φιλοσο-

402 4606 534 4676 φίαν
562 4606 658 4659 καί⁵
686 4604 786 4676 τῆς
816 4604 1316 4677 ταπεινοφροσύνης
1335 4604 1434 4677 τὴν
1454 4605 1725 4658 ἐπίτασιν.
1748 4603 1862 4676 Πρὸ
1880 4604 1937 4657 δέ
1956 4604 2082 4659 τού-

399 4711 508 4748 των
527 4692 699 4747 ἐννόει
721 4711 834 4766 μοι,
855 4692 1130 4764 ἀγαπητέ,
1153 4682 1251 4764 ὅση
1273 4691 1365 4746 τοῦ
1386 4691 1618 4746 πλούτου
1642 4693 1675 4763 ή
1694 4691 1863 4763 λύμη,
1878 4692 2086 4761 καὶτῆς

401 4782 719 4857 περιουσίας
760 4782 862 4855 τῆς
903 4781 1432 4854 πολλῆςήδιαφορά.
1465 4780 1690 4852 Ηὺξήθη
1727 4782 1797 4835 τὰ
1833 4780 2083 4853 ποίμνια,

402 4870 760 4943 προσεγένετο
780 4868 1010 4934 πλοῦτος
1027 4867 1175 4943 [556]
1193 4870 1379 4935 πολὺς,
1399 4870 1492 4923 καὶ
1511 4869 1714 4933 εὐθέως
1733 4868 2085 4924 διακόπτεται

399 4961 434 5029 ἡ
458 4958 681 5031 ὁμόνοια
697 4974 710 4987 ·
733 4958 831 5012 καὶ
852 4957 978 5011 ἔνθα
997 4953 1066 5027 ἦν
1080 4959 1119 5028 ,ὴ
1140 4958 1332 5029 εἰρήνη
1352 4958 1446 5011 καὶ
1464 4959 1492 5011 6
1511 4956 1808 5028 σύνδεσμος
1825 4957 1924 5029 τῆς
1946 4957 2086 5027 ἀγά-

402 5063 533 5117 πης,
556 5047 672 5099 ἐκεῖ
693 5046 840 5118 μάχη
860 5046 957 5100 καὶ
976 5045 1479 5114 φιλονεικία.Ὅπου
1500 5044 1611 5117 γὰρ
1642 5044 1705 5098 τὸ
1741 5046 1874 5115 ἐμὸν
1911 5044 2087 5101 καὶτὸ

402 5134 516 5196 σὸν,
555 5135 675 5187 ἐκεῖ
710 5136 861 5188 πᾶσα
898 5133 1081 5205 μάχης
1119 5132 1251 5198 ἰδέα,
1294 5134 1388 5187 καὶ
1425 5132 1758 5202 φιλονεικίας
1794 5133 2081 5197 ὑπόθεσιςσ

400 5222 530 5283 ἔνθα
566 5223 623 5275 δέ
657 5222 817 5276 τοῦτο
855 5222 930 5295 μὴ
968 5218 1026 5297 ᾖ,
1047 5222 1115 5276 τὰ
1144 5222 1245 5293 τῆς
1271 5221 1526 5293 ὁμονοίας
1545 5221 1638 5276 καὶ
1657 5220 1724 5275 τά
1742 5223 1842 5292 τῆς
1862 5223 2087 5292 εἰρήνης

405 5309 544 5377 μετά
566 5309 748 5379 πάσης
765 5309 1053 5380 ἀκριϐείας
1073 5309 1433 5363 πολιτεύεται.
1455 5309 1567 5363 Καὶ
1587 5309 1673 5362 ἵνα
1696 5308 1895 5381 μάθῃς,
1918 5308 2085 5364 ἄκουε

402 5396 456 5448 τί
478 5413 644 5466 φησιν
678 5399 706 5452 6
742 5398 1014 5470 μακάριος
1033 5399 1248 5463 Λουκᾶς
1268 5396 1522 5469 περὶτῶν
1542 5396 1601 5462 ἐξ
1620 5397 1796 5467 ἀρχῆς
1816 5398 1882 5469 τῇ
1904 5395 2086 5449 πίστει

404 5480 898 5554 προσιόντων.ἿΙν,
923 5472 1357 5558 φησὶ,’πάντων
1377 5485 1416 5554 ἡ
1442 5483 1656 5553 καρδιά
1692 5483 1791 5537 καί
1830 5484 1869 5553 ἡ
1911 5483 2084 5554 ψυχὴ

397 5571 543 5640 μία·
582 5571 683 5625 οὑκ
717 5572 904 5646 ἐπειδὴ
937 5573 1116 5645 ψυχὴν
1141 5573 1266 5646 μίαν
1303 5566 1451 5644 εἶχον
1487 5572 1689 5636 πάντες
1710 5573 1727 5643 (
1747 5571 1863 5636 πῶς
1881 5571 1991 5643 γὰρ
2027 5575 2086 5626 ἐν

403 5658 681 5731 διαφόροις
703 5660 947 5732 σώμασιν
966 5662 1117 5727 ὄντες
1137 5681 1151 5718 :
1172 5663 1215 5734 ),
1248 5661 1384 5716 ἀλλά
1414 5660 1510 5732 τὴν
1536 5659 1935 5731 ἐπιτεταμένην
1955 5660 2079 5730 ὁμό-

405 5763 552 5801 νοιαν
569 5750 702 5818 ήμῖν
721 5748 979 5802 δείκνυσι.
1004 5750 1115 5803 Καὶ
1135 5751 1183 5803 εξ
1205 5751 1278 5820 μὴ
1302 5750 1507 5820 σφόδρα
1531 5746 1884 5819 μακρόθυμός
1902 5765 1986 5812 τις
2017 5743 2084 5819 ἦν

408 5834 679 5902 ὁδίγαιος,
702 5838 797 5896 καὶ
838 5838 1142 5913 φιλοσοφεῖν
1170 5837 1346 5901 εἰδὼς,
1371 5838 1465 5891 καὶ
1497 5837 1831 5909 ἐχαλέπηνεν
1869 5836 1953 5901 ἂν,
1991 5838 2087 5891 καὶ

1181 347 1240 407 S.
1282 345 1572 406 JOANNIS
1610 343 2108 405 CHRYSOSTOMI
2146 337 2473 398 ARCHIEP.
2514 332 3069 395 CONSTANTINOP.

3767 330 3869 387 510

2182 455 2301 513 εἷπε
2344 457 2481 530 πρὸς
2517 454 2698 511 αὑτόν·
2742 454 2909 524 Τίςσή
2947 449 3185 520 τοσαύτη
3224 445 3513 521 παροινίας
3540 446 3723 509 Ὅλως
3760 447 3869 517 γάρ

2177 548 2483 617 ἐτόλμησαν
2521 545 2571 598 οἰ
2609 539 2983 615 προσήκοντές
3022 555 3106 592 σοι
3143 537 3328 607 διᾶραι
3365 536 3544 606 στόμα
3583 535 3724 605 πρὸς
3746 535 3871 599 τοὺς

2178 636 2302 705 ἐμοί
2319 633 2680 704 διαφέροντας
2703 648 2718 693 ς
2756 630 2853 684 καὶ
2881 630 2983 682 οὑκ
3004 626 3314 696 ἐνενόησαν,
3335 626 3460 678 ὅσον
3480 624 3541 677 τὸ
3563 624 3730 693 μέσον
3750 623 3870 676 ἐστὶ

2182 724 2384 796 μεταξὺ
2406 722 2594 793 ήμῶνς
2617 720 2788 773 Πόθεν
2809 720 2918 790 γάρ
2939 715 3109 771 σοιτά
3127 715 3228 786 τῆς
3246 713 3510 785 εὐπορίας
3529 712 3735 781 ταύτης
3775 728 3869 779 γε-

2178 812 2441 882 γένηται;
2474 811 2573 864 οὑκ
2607 811 2671 862 ἐκ
2705 808 2806 880 τῆς
2840 807 2979 877 ἐμῆς
3012 802 3494 875 κηδεμονίαςςΤίς
3513 802 3570 854 δέ
3593 819 3654 853 σε
3676 803 3756 863 εἰς
3775 802 3871 853 ἀν-

2180 898 2433 973 θρώπους
2468 895 2700 969 ὀφθῆναι
2738 894 3074 966 πεποίηκεν;
3113 892 3214 945 οὑκ
3251 889 3362 960 ἐγὼ
3399 890 3521 944 ἀντί
3544 889 3765 942 πάντων
3786 906 3869 941 σοι

2178 986 2441 1057 γεγονὼς,
2462 986 2557 1039 καὶ
2578 985 2678 1055 τὴν
2699 983 2905 1054 πατρός
2926 999 3008 1036 σοι
3028 980 3218 1051 χρείαν
3238 976 3328 1031 διὰ
3347 978 3571 1032 πάντων
3598 975 3869 1041 ἐπιδειξά-

2184 1091 2344 1144 μενος
2363 1092 2378 1140 ;
2398 1072 2612 1136 Ταύτας
2637 1088 2725 1143 μοι
2745 1069 2844 1134 τάς
2864 1066 3101 1140 ἀμοιϐάς
3121 1066 3386 1128 ἀποδίδως
3404 1064 3505 1135 τῆς
3526 1063 3727 1133 πολλῆς
3747 1079 3808 1115 πε
3816 1062 3871 1132 ρὶ

2183 1161 2242 1215 σέ
2279 1160 2613 1234 θεραπείας;
2664 1159 2851 1217 Ταῦτα
2888 1154 3124 1219 ἐλπίζων
3160 1150 3438 1223 πανταχοῦ
3478 1168 3539 1205 σε
3580 1151 3696 1221 μετ’
3738 1150 3868 1221 ἐμοῦ

2188 1250 2481 1321 περιῆγον;
2519 1249 2722 1313 Ἔστω,
2742 1245 2895 1301 οὐδὲν
2926 1244 3036 1298 τῶν
3072 1242 3442 1315 ὑπηργμένων
3479 1259 3564 1295 σοι
3584 1239 3718 1310 παρ’
3737 1238 3869 1309 ἐμοῦ

2181 1338 2263 1401 εἰς
2300 1337 2512 1390 ἔννοιαν
2544 1334 2737 1399 ἔλαϐες
2757 1351 2770 1366 ·
2804 1334 2907 1388 κάν
2929 1350 3029 1403 μου
3050 1330 3181 1401 γοῦν
3198 1330 3260 1385 τὸ
3278 1330 3457 1401 γῆρας
3477 1328 3590 1382 αἰδε
3600 1326 3794 1397 σθῆναί
3814 1344 3873 1379 σε

2182 1426 2283 1479 οὐκ
2302 1424 2492 1496 ἐχρῆν,
2514 1424 2610 1478 καὶ
2628 1423 2854 1494 τιμῆσαι
2876 1421 2975 1484 τὰς
2994 1420 3188 1483 πολιάς
3206 1421 3307 1481 τάς
3326 1418 3467 1489 ἐμάς
3486 1435 3501 1486 ;
3536 1415 3699 1469 Ἀλλά
3721 1432 3876 1487 περι-

2182 1513 2322 1579 εῖδες
2353 1514 2481 1576 τοὺς
2512 1511 2781 1584 ποιμένας
2800 1510 2927 1575 τοὺς
2947 1510 3075 1571 σοὺς
3096 1506 3568 1580 ἐμπαροινοῦντας
3586 1509 3704 1569 τοῖς
3723 1507 3876 1575 ἐμοῖς

2184 1600 2461 1671 ποιμέσιν,
2479 1599 2580 1653 οὑκ
2599 1598 2756 1661 εἰδὼς
2775 1599 2856 1651 ὅτι
2877 1597 3067 1667 ὥσπερ
3084 1598 3118 1667 ή
3140 1598 3220 1660 εἰς
3236 1595 3478 1660 ἐκείνους
3497 1594 3655 1663 ὕϐρις
3676 1595 3758 1656 εἰς
3776 1593 3876 1662 ἐμὲ

2182 1688 2471 1757 διαϐαίνει,
2484 1686 2628 1742 οὑτω
2646 1687 2742 1742 καὶ
2762 1689 2795 1758 ή
2817 1687 3040 1740 ἐκείνων
3061 1684 3365 1759 προπέτεια
3384 1685 3465 1748 εἰς
3483 1682 3544 1735 σέ
3564 1682 3663 1752 τὴν
3680 1681 3879 1750 ἀναφο-

2189 1777 2288 1850 ράν
2307 1777 2442 1849 ἔχει.

2254 1882 2317 1937 δ’.
2363 1882 2503 1937 Ἀλλ’
2522 1882 2673 1937 οὐδὲν
2690 1881 2895 1936 τούτων
2913 1882 2942 1937 6
2959 1880 3168 1943 δίκαιος
3187 1877 3311 1933 οὔτε
3333 1879 3413 1941 εἰς
3428 1877 3672 1932 διάνοιαν
3689 1876 3878 1930 λαϐεῖν

2185 1969 2530 2035 κατεδέξατο,
2551 1969 2687 2025 ἀλλά
2724 1970 2902 2025 πάντα
2934 1968 3177 2023 τοιοῦτον
3207 1965 3466 2037 λογισμὸν
3486 1964 3873 2036 ἀπωσάμενος,

2186 2060 2305 2125 ἑνὸς
2336 2061 2546 2131 γίνεται
2585 2061 2768 2133 μόνου,
2791 2060 2941 2123 ὅπως
2971 2059 3069 2113 καὶ
3097 2056 3198 2129 τὴν
3219 2056 3519 2129 μέλλουσαν
3540 2054 3873 2120 ἐξάπτεσθαι

2187 2149 2523 2219 φιλονεικίαν
2541 2147 2876 2220 κατασϐέσῃ,
2898 2148 2993 2201 καὶ
3010 2145 3102 2200 τὸν
3120 2143 3396 2217 χωρισμὸν
3415 2143 3641 2209 ἀλύπως
3661 2145 3874 2214 ἐπινοή-

2188 2254 2289 2301 σας
2320 2236 2503 2306 πάσης
2536 2236 2783 2308 ταραχῆς
2820 2235 2976 2299 ἐκτὸς
3008 2236 3211 2307 ποιήσῃ
3229 2235 3328 2305 τὴν
3347 2232 3544 2287 οἰκίαν.
3572 2234 3700 2287 Οὐκ
3724 2232 3869 2296 ίδοὺ,

2187 2325 2342 2394 φησι.
2365 2323 2533 2378 πᾶσα
2572 2326 2610 2394 ἠ
2650 2323 2727 2394 γῆ
2770 2323 3052 2378 ἐναντίον
3088 2336 3206 2377 σου
3246 2321 3410 2382 ἐστί;
3448 2320 3876 2390 Διαχωρίσθητι

2186 2411 2288 2465 ἀπ’
2308 2410 2454 2480 ἐμοῦ
2476 2429 2488 2442 ·
2533 2413 2586 2465 εἰ
2625 2410 2707 2465 σὺ
2741 2413 2827 2476 εὶς
2846 2409 3034 2474 δεξιὰ,
3056 2409 3170 2480 ἐγὼ
3189 2411 3278 2474 εἰς
3297 2405 3579 2476 ἀριστφά
3598 2425 3611 2437 ·
3637 2410 3690 2461 εἰ
3712 2408 3781 2461 δὲ
3798 2408 3876 2461 σὺ

2185 2497 2617 2567 εἰςπάριστερὰ,
2644 2497 2759 2567 ἐγὼ
2796 2500 2885 2563 είς
2922 2495 3271 2565 δεξιά.”ορα
3304 2495 3403 2565 τὴν
3441 2495 3748 2547 ἐπιείκειαν
3786 2493 3877 2547 τοῦ

2186 2585 2419 2639 δικαίου.
2442 2586 2665 2649 Δεικνὺς
2703 2585 2813 2654 γὰρ
2850 2583 2998 2655 αὑτῷ
3016 2582 3105 2636 διά
3124 2581 3233 2636 τῶν
3253 2582 3617 2653 πραγμάτων,
3662 2581 3744 2636 ὅτι
3781 2583 3878 2653 οὐχ

2187 2672 2504 2728 ἐκὼν’τοῦτο
2523 2673 2821 2741 ποιεῖ,οὑδὲ
2844 2672 3165 2743 βουλόμενος
3181 2670 3345 2724 αὐτὸν
3360 2669 3720 2742 χωρισθῆναι,
3740 2669 3881 2725 ἀλλά

2186 2761 2274 2816 διὰ
2292 2763 2390 2833 τὴν
2407 2762 2507 2832 τῆς
2527 2761 2860 2831 φιλονεικίας
2881 2761 3151 2831 ἀνάγκην,
3170 2761 3265 2813 καὶ
3284 2758 3421 2812 ὥστε
3446 2758 3517 2829 μὴ
3539 2759 3768 2829 διηνεκῆ
3791 2759 3883 2813 τὸν

2188 2850 2423 2922 πόλεμον
2463 2845 2601 2904 εἰναι
2641 2851 2698 2903 ἐν
2718 2852 2784 2922 τῇ
2806 2849 2974 2919 οἰκία,
2999 2846 3329 2910 σκόπει³πῶς
3346 2846 3434 2900 διά
3451 2845 3557 2899 τῶν
3578 2846 3756 2914 λόγων
3778 2864 3880 2900 κα-

2186 2941 2490 3011 ταπραΰνει
2527 2939 2693 2993 αὑτοῦ
2732 2939 2831 3011 τὴν
2869 2937 3211 3010 φλεγμονὴν,
3249 2936 3344 2990 καὶ
3378 2935 3525 3007 αὑτῷ
3560 2938 3746 2989 πᾶσαν
3784 2936 3883 3007 τὴν

2188 3027 2435 3093 ἐξουσίαν
2470 3028 2653 3082 δίδωσι
2692 3027 2791 3095 τῆς
2830 3026 3085 3097 ἐκλογῆς,
3106 3028 3203 3080 καὶ
3238 3026 3558 3097 προτίθησιν
3595 3025 3747 3096 αὐτῷ
3780 3027 3883 3095 τὴν

2188 3116 2291 3188 γῆν
2314 3116 2555 3180 ἃπασαν,
2578 3115 2670 3169 καί
2692 3132 2858 3185 φησιν
2877 3131 2891 3146 ·
2918 3116 3041 3169 Οὐκ
3082 3113 3213 3168 ίδοὺ
3253 3113 3422 3169 πᾶσα
3441 3114 3478 3182 ή
3502 3110 3579 3183 τῆ
3598 3114 3884 3169 ἐναντίον

2188 3218 2338 3269 σου;
2361 3204 2464 3256 Ἦν
2484 3202 2550 3257 ἂν
2574 3202 2761 3275 βούλῃ,
2775 3200 2922 3267 ἑλοῦ,
2941 3199 3097 3269 κάγὼ
3115 3201 3330 3271 ἐκείνην
3351 3199 3717 3270 καταδέξομαι
3736 3202 3881 3272 μετὰ

2191 3291 2391 3361 πολλῆς
2428 3291 2528 3362 τῆς
2563 3291 2781 3362 ἡδονῆς,
2804 3290 2869 3361 ἢν
2904 3290 2971 3344 ἂν
3004 3290 3165 3351 αὐτὸς
3185 3288 3508 3360 καταλίπῃς.
3531 3289 3760 3361 Μεγάλη
3781 3290 3879 3344 τοῦ

2188 3378 2398 3433 δικαίου
2434 3381 2469 3449 ή
2513 3379 2823 3448 φιλοσοφία.
2883 3378 2983 3432 Διά
3020 3378 3240 3432 πάντων
3277 3376 3589 3448 ἀνεπαχθὴς
3627 3376 3877 3447 βούλεται

2189 3469 2446 3540 γενέσθαι
2465 3468 2544 3539 τῷ
2564 3468 2849 3539 ἀδελφιδῷ.
2868 3467 3086 3540 Ἐπειδὴ
3106 3466 3235 3536 γὰρ,
3251 3465 3437 3536 φησὶν,
3452 3466 3592 3539 ὅπερ
3609 3468 3711 3521 οὑκ
3728 3468 3878 3523 ἐϐου-

2190 3558 2386 3630 λόμην,
2406 3558 2566 3612 τοῦτο
2602 3557 2834 3627 γίνεται,
2859 3557 2956 3610 καὶ
2992 3556 3081 3611 ίνα
3111 3555 3179 3609 τὰ
3202 3555 3301 3625 τῆς
3322 3555 3652 3624 φιλονεικίας
3673 3558 3871 3628 παυθῇ,

2189 3646 2283 3698 τὸν
2301 3645 2582 3717 χωρισμὸν
2601 3645 2817 3714 ἀνάγκη
2841 3643 3141 3715 συμϐῆναι·
3165 3642 3254 3696 διὰ
3273 3641 3429 3696 τοῦτό
3452 3659 3511 3696 σε
3532 3643 3723 3713 κύριον
3743 3645 3872 3699 καθ-

2195 3733 2384 3803 ίστημι
2421 3732 2523 3803 τῆς
2543 3732 2830 3804 αἱρέσεως,
2853 3732 2948 3787 καὶ
2966 3730 3064 3803 τὴν
3086 3729 3336 3797 ἐξουσίαν
3357 3747 3440 3782 σοι
3460 3732 3642 3784 πᾶσαν
3660 3732 3875 3803 δίδωμι,

2191 3821 2280 3875 ἵνα
2298 3821 2365 3893 ἢν
2387 3821 2453 3876 ἂν
2473 3821 2706 3892 νομίσῃς
2722 3816 2863 3874 εἶναι
2878 3819 3216 3891 τιμιωτέραν
3231 3819 3355 3889 γῆν,
3370 3818 3588 3888 ἐκείνην
3603 3820 3876 3890 ἐλόμενος,

2189 3909 2289 3982 τὴν
2323 3909 2519 3981 λοιπὴν
2555 3909 2679 3980 ἐμοὶ
2719 3904 3202 3983 καταλίπῃςῘΑρα
3242 3909 3308 3962 ἂν
3327 3908 3484 3962 τοῦτο
3504 3910 3728 3981 ποιῆσαί
3747 3911 3878 3964 ποτέ

2190 4015 2275 4061 τις
2294 3996 2618 4061 κατεδέξατο
2638 3995 2775 4068 πρὸς
2792 3995 3033 4067 ὁμήλικα
3052 3995 3300 4065 ἀδελφὸν,
3330 3996 3469 4068 ὅπερ
3487 3998 3516 4049 6
3536 3998 3881 4068 πατριάρχης

2191 4085 2328 4154 πρὸς
2346 4086 2437 4138 τὸν
2457 4082 2778 4153 ἀδελφιδοῦν
2798 4082 3112 4147 ἐπεδείξατο
3132 4100 3147 4150 ;
3170 4085 3233 4137 El
3251 4083 3361 4156 γὰρ
3381 4084 3476 4137 καὶ
3495 4084 3660 4148 αὑτὸς
3679 4086 3879 4155 προλα-

2190 4172 2302 4226 ϐὼν
2337 4172 2436 4244 τὴν
2462 4170 2611 4243 [55⁸7]
2635 4169 2865 4241 ἐκλογὴν
2906 4170 3297 4241 ποιησάμενος,
3319 4172 3416 4225 καὶ
3434 4172 3504 4225 τά
3522 4175 3767 4241 πρωτεία
3784 4173 3880 4226 λα-

2190 4258 2301 4313 ϐὼν
2324 4257 2723 4330 παρεχώρησεν
2743 4256 2939 4327 ἐκείνῳ
2958 4257 3027 4311 τά
3049 4257 3463 4326 ὑπολειφθέντα,
3485 4259 3605 4329 ούχὶ
3625 4261 3721 4312 καὶ
3737 4260 3882 4314 οὕτω

2194 4347 2335 4418 μέγα
2351 4342 2419 4418 ἦν
2438 4345 2500 4398 τὺ
2521 4347 2653 4417 παρ’
2674 4344 2838 4399 αὐτοῦ
2858 4346 3141 4415 γινόμενον
3167 4363 3183 4411 ;
3227 4346 3365 4400 Ἀλλ’
3386 4347 3538 4417 ὅμως
3560 4346 3879 4417 βουλόμενος

2191 4434 2286 4488 καὶ
2322 4434 2422 4505 τῆς
2462 4433 2665 4505 ἀρετῆς
2700 4431 2873 4497 δεῖξαι
2912 4432 3009 4505 τὴν
3050 4432 3378 4504 ὑπερϐολὴν,
3402 4434 3496 4487 καὶ
3525 4434 3619 4487 τοῦ
3641 4435 3762 4487 νέου
3780 4426 3885 4503 τὴν

2189 4520 2489 4592 ἐπιθυμίαν
2522 4520 2825 4591 ἐμπλῆσαι,
2845 4519 2987 4574 ὥστε
3008 4519 3279 4592 μηδεμίαν
3315 4520 3425 4574 ἀπὸ
3459 4519 3553 4573 τοῦ
3595 4522 3879 4591 χωρισμοῦ

2190 4607 2444 4677 γενέσθαι
2481 4606 2661 4680 λύπης
2698 4608 2977 4679 ἀφορμὴν,
3002 4607 3153 4678 αὑτῷ
3190 4607 3415 4680 προθεὶς
3436 4608 3655 4663 ἃπασαν
3674 4608 3771 4678 τὴν
3791 4608 3882 4673 ὲξο

2191 4696 2401 4763 ουσίαν,
2425 4697 2589 4775 φησίν
2610 4714 2623 4726 ·
2659 4696 2814 4752 Ἰδοὺ
2835 4694 3006 4751 πᾶσα
3029 4698 3065 4765 ἠ
3094 4696 3168 4767 γῆ
3190 4696 3472 4753 ἐναντίον
3490 4713 3608 4752 σου
3632 4715 3646 4728 ·
3668 4697 3883 4767 διαχω-

2184 4784 2427 4854 ρίσοητι
2466 4784 2567 4839 ἀπ’
2589 4784 2759 4854 ἐμοῦ,
2783 4784 2878 4838 καὶ
2914 4785 3034 4839 οἵαν
3066 4784 3133 4839 ἂν
3176 4784 3338 4857 βούλῃ
3376 4784 3518 4838 ἐλοῦ.
3542 4785 3672 4840 Δέον
3698 4786 3882 4839 τοίνυν

2190 4872 2283 4925 τὸν
2302 4871 2618 4941 ἀδελφιδοῦν
2638 4871 2906 4943 τοσαύτης
2925 4872 3230 4937 ἐπιεικείας
3251 4873 3580 4944 πειραθέντα
3598 4874 3882 4943 ἀντιτιμῆο

2193 4975 2283 5012 σαι
2302 4958 2392 5012 τὸν
2414 4959 2783 5031 πατριάρχην.
2798 4960 2893 5013 καὶ
2916 4959 3116 5031 μᾶλλον
3132 4960 3294 5014 αὑτὸν
3311 4958 3461 5031 αὐτῷ
3477 4960 3880 5032 παραχωρῆσαι

2190 5048 2291 5118 τῆς
2319 5046 2585 5118 αἱρέσεως
2605 5047 2702 5119 τὴν
2724 5048 2980 5119 ἐκλογήν.
3001 5047 3288 5121 Είώθαμεν
3307 5049 3417 5121 γάρ
3436 5067 3554 5112 πως
3571 5048 3814 5114 ἅπαντες
3829 5050 3879 5103 οἰ

2190 5135 2288 5192 ἄνθ
2298 5152 2493 5208 ρωποι,
2511 5136 2731 5219 ἐπειδὰν
2750 5137 3150 5202 ἀντιτείνοντας
3172 5138 3270 5208 μὲν
3291 5137 3489 5208 ἴδωμεν
3508 5138 3635 5201 τοὺς
3660 5138 3881 5208 μέλλον-

2189 5241 2290 5289 τας
2327 5223 2464 5296 πρὸς
2501 5225 2652 5295 ἡμᾶς
2690 5241 2743 5278 τι
2783 5224 3162 5296 διερευνᾶσθαι
3181 5226 3276 5280 καὶ
3294 5224 3730 5295 φιλονεικοῦντας
3769 5230 3879 5291 τοῖς

2140 5376 2158 5394 ⁸
2193 5310 2480 5382 πρωτείοις
2516 5310 2823 5382 ἐπιπηδᾷν,
2865 5310 2940 5382 μὴ
2978 5311 3267 5383 ἀνέχεσθαι
3303 5312 3695 5378 ἐλαττοῦσθαι,
3742 5314 3881 5385 μηδὲ

2192 5398 2453 5454 ἐνδιδόναι
2473 5398 2656 5462 αὐτοῖς
2669 5414 2684 5431 ·
2706 5400 2835 5453 ὃταν
2853 5399 2911 5453 δέ
2932 5399 3395 5472 παραχωροῦντας
3416 5399 3761 5471 θεασώμεθα,
3784 5403 3882 5454 καὶ

2193 5486 2614 5557 καθυφειμένοις
2635 5487 2846 5558 ῥήμασι
2864 5488 2965 5559 τὴν
2984 5487 3231 5554 ἐξουσίαν
3267 5487 3487 5543 ἃπασαν
3505 5490 3637 5560 ήμῖν
3655 5489 3851 5560 ἐπιτρέ
3864 5518 3881 5530 ο

2194 5590 2415 5637 ποντας,
2438 5573 2628 5645 ῶσπερ
2647 5574 2951 5646 αἰδούμενοι
2973 5574 3070 5647 τὴν
3090 5575 3291 5647 πολλὴν
3311 5575 3634 5639 ἐπιείκειαν,
3655 5575 3753 5628 καὶ
3778 5575 3879 5645 τῆς

2195 5662 2525 5732 φιλονεικίας
2542 5662 2912 5733 ἀφιστάμεθα,
2930 5665 3027 5719 καὶ
3047 5664 3207 5718 πάλιν
3227 5663 3673 5737 ἀντιστρέφοντες
3694 5664 3876 5716 πᾶσαν

2194 5750 2291 5820 τὴν
2331 5748 2580 5815 ἐξουσίαν
2619 5751 3075 5821 παραχωροῦμεν,
3097 5752 3200 5807 κᾶν
3235 5752 3480 5806 ἐλάττων
3511 5746 3651 5804 εἶναι
3684 5750 3816 5819 δοκῇ
3846 5749 3879 5802 6

2200 5837 2330 5911 πρὺς
2353 5840 2499 5909 ἡμᾶς
2518 5835 2960 5912 διερευνώμενος.
2992 5839 3253 5911 Ὀφείλων
3274 5841 3452 5893 τοίνυν
3475 5840 3567 5893 καὶ
3585 5840 3614 5891 6
3633 5837 3758 5892 Λὼτ
3780 5836 3873 5891 ἐπὶ
