4060 6416
366 386 468 442 509

365 505 586 559 adre-mc
616 500 703 555 hic
732 500 990 555 versatnri
1015 508 1159 565 sunt,
1189 515 1322 568 quos
1349 498 1792 565 mansuetudinis,
1820 498 1957 552 leni-

367 599 511 661 tatis,
540 603 594 650 et
624 594 800 647 omnis
835 592 1187 662 philosophia:
1226 592 1473 648 doctores
1512 606 1630 646 esse
1654 590 1953 659 Oportebat,

366 691 507 743 inter
549 703 609 742 se
653 686 978 741 contendere
1020 695 1073 741 et
1102 685 1420 756 digladiari?
1448 685 1679 739 Audiant
1723 683 1840 739 hinc
1867 683 1957 753 qui

364 797 425 836 se
450 790 603 836 extra
646 778 1126 848 reprehensionem
1172 784 1364 849 putant
1409 792 1549 841 esse,
1594 775 1806 846 quando
1834 789 1956 844 pro-

363 881 485 940 pter
517 868 927 923 familiaritatem
951 866 1262 936 propinquis
1292 867 1403 919 suis
1429 866 1718 920 connivcnt
1742 865 1958 933 rapien-

367 965 531 1026 tibus,
578 961 989 1031 decipientibus,
1022 961 1186 1014 multa
1236 959 1374 1013 mala
1424 958 1872 1021 machinantibus,
1904 965 1958 1011 et

367 1054 418 1105 in
450 1053 773 1117 civitatibus,
804 1060 858 1106 et
886 1052 937 1105 in
960 1051 1121 1121 agris,
1148 1050 1515 1105 auferentibus
1542 1064 1571 1102 a
1599 1049 1786 1104 vicinis
1817 1062 1961 1103 nunc

366 1158 576 1211 agrum,
623 1157 768 1197 nunc
812 1141 1053 1206 domum,
1085 1156 1254 1210 eaque
1293 1140 1360 1195 de
1401 1154 1559 1195 causa
1610 1139 1796 1209 majori
1825 1137 1961 1192 tales

370 1231 617 1286 homines
656 1231 1028 1287 benevolentia
1070 1241 1485 1301 prosequuntur.
1525 1230 1657 1284 Nam
1697 1230 1819 1284 licet
1856 1228 1957 1282 ini-

368 1338 532 1393 quum
556 1337 691 1392 opus
720 1323 788 1377 ab
809 1322 916 1378 alio
943 1332 1209 1393 patratum
1239 1326 1327 1389 sit,
1370 1331 1542 1376 tamen
1573 1328 1627 1375 et
1655 1321 1769 1390 ipse
1799 1333 1963 1388 nego-

372 1414 427 1468 tii
457 1414 725 1483 particeps
752 1410 898 1467 fuisti
929 1430 942 1465 :
973 1428 1077 1467 non
1108 1412 1283 1467 solum
1311 1411 1453 1481 quod
1476 1410 1761 1465 oblecteris
1792 1408 1954 1474 facto,

369 1514 428 1558 et
467 1503 658 1559 credas
704 1503 827 1558 inde
868 1501 1208 1557 facultatibus
1243 1504 1351 1556 tuis
1389 1502 1777 1556 incrementum
1806 1514 1960 1554 acce-

368 1595 537 1660 dere;
569 1593 665 1648 sed
692 1593 834 1664 quod
876 1593 1179 1663 prohibeas,
1209 1608 1278 1648 ne
1330 1593 1531 1647 facinus
1575 1591 1959 1645 committatur.

372 1687 503 1741 Nam
525 1686 612 1756 qui
644 1684 930 1755 prohibere
950 1692 1127 1755 potest
1150 1699 1272 1739 eum
1301 1683 1391 1753 qui
1418 1682 1665 1753 injuriam
1694 1680 1875 1748 infert,
1909 1687 1966 1735 et

374 1794 479 1833 non
528 1777 795 1848 prohibet,
838 1777 885 1832 is
921 1793 1030 1832 non
1074 1776 1339 1832 minorem
1385 1776 1497 1832 luet
1524 1789 1759 1846 poenam,
1802 1788 1964 1845 quam

371 1871 462 1940 qui
494 1869 739 1939 injuriam
768 1868 947 1923 infert.

444 1964 487 2019 Α
506 1958 772 2034 fraudibus
783 1971 829 2016 et
850 1961 1045 2031 rapinis
1063 1969 1334 2015 avocat.—
1346 1957 1582 2015 Obsecro
1598 1958 1778 2028 igitur,
1796 1972 1863 2011 ne
1879 1969 1965 2010 se-

373 2055 631 2108 ducamus
659 2053 1037 2123 nosmetipsos,
1061 2051 1155 2108 sed
1181 2063 1235 2106 et
1259 2052 1357 2121 ipsi
1386 2049 1648 2119 fugiamus
1674 2049 1885 2117 rapinas
1909 2053 1967 2101 et

376 2146 612 2213 fraudes,
656 2154 712 2200 et
752 2161 819 2202 ex
861 2144 1160 2200 istiusmodi
1203 2144 1407 2198 artibus
1426 2143 1783 2197 emolumenta
1807 2149 1860 2195 et
1883 2140 1966 2194 lu-

374 2257 505 2296 cra:
557 2250 611 2295 et
653 2238 941 2293 familiares
979 2246 1192 2292 nostros
1235 2235 1665 2308 erudiamus,,ne
1697 2232 1827 2303 quid
1859 2232 1965 2286 tale

373 2339 685 2401 eperentur.
717 2329 831 2384 Non
861 2329 1004 2384 enim
1045 2328 1148 2383 hoc
1178 2341 1278 2382 nos
1316 2329 1552 2381 insontes
1588 2332 1828 2396 priestat,
1869 2322 1965 2378 sed

378 2423 557 2492 potius
581 2421 771 2491 majori
798 2420 1230 2477 condemnationi
1259 2419 1550 2475 obnoxios:
1570 2418 1694 2488 quia
1713 2419 1765 2470 in
1796 2417 1965 2471 nostri

377 2516 599 2586 gratiam
628 2514 703 2568 illi
731 2528 880 2568 suam
911 2514 1220 2568 amittentes
1255 2513 1503 2578 salutem,
1532 2510 1843 2579 injustitiam
1873 2524 1968 2563 au-

375 2610 526 2674 dent,
555 2617 610 2662 et
636 2608 734 2678 ipsi
765 2608 816 2663 in
847 2608 1140 2677 perniciem
1169 2615 1358 2661 euntes
1386 2619 1486 2660 nos
1515 2618 1697 2659 secum
1728 2603 1961 2671 rapiunt.

377 2699 527 2767 Quod
553 2699 599 2753 si
628 2698 812 2769 vigiles
843 2714 963 2754 esse
989 2697 1337 2762 voluerimus,
1367 2703 1422 2751 et
1449 2695 1549 2765 ipsi
1575 2695 1643 2749 ab
1678 2708 1744 2748 eo
1771 2693 1967 2748 damno

379 2789 744 2847 liberabimur;
797 2794 855 2843 et
904 2789 1028 2843 illos
1066 2802 1095 2841 a
1126 2786 1281 2841 malis
1319 2785 1599 2841 conatibus
1640 2784 1962 2839 arcebimus.

378 2881 561 2936 Porro-
595 2895 663 2934 ne
710 2879 841 2933 mihi
879 2878 1027 2934 dicas
1068 2878 1257 2933 frivola
1307 2878 1397 2932 illa
1438 2875 1639 2931 verba:
1666 2874 1807 2928 Nihil
1836 2873 1967 2927 mihi

377 2989 523 3029 cura:
563 2980 664 3028 est.
710 2971 975 3041 Numquid
1003 2987 1103 3042 ego
1130 2971 1325 3041 rapui?
1354 2970 1497 3025 Nihil
1538 2968 1667 3022 mihi
1712 2983 1774 3022 ea
1813 2966 1879 3022 de
1907 2982 1969 3022 re

378 3071 620 3117 constat:
651 3061 785 3117 alius
810 3060 956 3126 fecit,
980 3076 1084 3116 non
1109 3059 1181 3115 fui
1206 3059 1479 3130 particeps
1500 3058 1790 3127 injustitize.
1823 3057 1968 3111 Prae-

380 3164 556 3209 textus
582 3153 671 3208 illa
712 3162 856 3218 sunt,
885 3160 941 3208 et
971 3153 1130 3207 inane
1168 3159 1556 3207 commentum.
1585 3148 1641 3204 Si
1675 3148 1756 3202 vis
1784 3147 1967 3203 decla-

379 3260 502 3300 rare
528 3254 579 3300 te
601 3259 707 3299 non
731 3255 1036 3299 consortem
1073 3243 1240 3298 fuisse
1274 3242 1566 3312 injustitite,
1595 3255 1767 3311 neque
1793 3237 1969 3292 avari-

382 3336 468 3390 tiae
493 3335 781 3401 studuisse,
804 3334 1029 3390 emenda
1056 3334 1276 3401 factum,
1305 3334 1481 3389 solare
1506 3348 1629 3388 eum
1659 3333 1749 3402 qui
1777 3330 1966 3401 injuria

380 3427 601 3483 affectus
622 3436 723 3494 est,
759 3427 927 3484 redde
958 3427 1156 3481 ablata.
1184 3427 1277 3481 Sic
1302 3427 1443 3482 enim
1477 3433 1531 3480 et
1558 3425 1783 3494 teipsum
1805 3438 1833 3477 a
1860 3423 1966 3478 cri-

381 3519 615 3574 minibus
642 3518 915 3586 liberabis,
945 3527 999 3572 et
1022 3533 1144 3572 eum
1170 3517 1261 3585 qui
1286 3516 1530 3586 injuriam
1561 3515 1684 3569 fecit
1707 3514 1963 3583 corriges,

381 3609 427 3664 si
470 3609 842 3675 declaraveris,
885 3611 1001 3664 hrec
1040 3625 1144 3662 non
1186 3607 1350 3663 fuisse
1376 3608 1511 3661 facta
1551 3606 1843 3661 secundum
1875 3619 1970 3658 vo-

382 3704 640 3759 luntatem
686 3710 852 3764 tuam,
893 3711 948 3757 et
975 3702 1260 3757 consolans
1287 3714 1596 3770 pauperem,
1631 3713 1736 3752 non
1777 3697 1971 3752 siveris

382 3809 507 3849 eum
548 3808 578 3847 a
626 3793 841 3849 tristitia
882 3792 1180 3856 absorberi,
1223 3807 1381 3861 quam
1424 3790 1616 3845 ablatis
1663 3790 1818 3844 bonis
1861 3788 1972 3841 suis

384 3899 641 3953 passurus
659 3895 795 3941 erat.
826 3883 910 3939 Ne
933 3885 1020 3951 sit,
1050 3884 1242 3954 inquit,
1268 3884 1382 3937 rixa
1408 3884 1540 3936 inter
1572 3899 1651 3935 me
1676 3891 1721 3935 et
1747 3891 1812 3947 te,
1845 3881 1989 3960 inter

384 3984 609 4045 pastores
637 3991 771 4029 meos
796 3983 840 4028 et
865 3983 997 4039 tuos,
1037 3974 1157 4043 quia
1182 3973 1407 4028 [contines
1436 3974 1618 4042 fratres
1643 3989 1733 4026 nos
1775 3988 1968 4025 sumus.

389 4066 575 4121 Vidisti
642 4065 1152 4121 mansuetudinem?
1215 4066 1396 4122 vidisti
1455 4064 1768 4119 lenitatem?
1833 4064 1974 4119 Audi

384 4167 440 4212 ct
492 4160 791 4228 sequentia,
845 4167 903 4212 ut
952 4157 1130 4212 discas
1180 4158 1535 4213 excellentem
1580 4158 1697 4227 ejus
1732 4157 1971 4228 philoso-

386 4252 588 4322 phiam.
629 4251 910 4321 Quomodo
953 4251 1114 4321 igitur
1153 4250 1268 4305 rixa
1307 4249 1593 4314 dirimitur,
1624 4259 1676 4303 et
1702 4250 1974 4304 contentio

386 4345 777 4419 restinguitur?
831 4343 885 4401 9.
938 4343 1070 4397 Ecce
1114 4343 1277 4397 omnis
1315 4353 1468 4406 terra,
1499 4341 1690 4411 inquit,
1729 4358 1900 4395 coram
1929 4351 1975 4395 te

385 4448 479 4493 est.
503 4435 713 4489 Discede
733 4452 764 4487 a
786 4452 866 4489 me
885 4452 905 4489 .'
930 4435 974 4488 si
999 4443 1053 4487 tu
1081 4434 1149 4487 ad
1172 4434 1449 4500 sinistram,
1478 4449 1568 4504 ego
1589 4434 1655 4486 ad
1680 4433 1975 4497 dexteram;

384 4531 430 4585 si
472 4539 526 4582 tu
568 4527 635 4589 ad
663 4528 942 4591 dexteram,
988 4543 1078 4598 ego
1109 4527 1177 4579 ad
1222 4528 1502 4580 sinistram.
1545 4526 1743 4581 Tecum
1789 4535 1974 4594 reputa

389 4618 803 4689 pltiloSOphiam,
827 4626 882 4674 et
903 4619 1169 4689 insignem
1189 4618 1503 4673 modestiam
1526 4617 1685 4689 hujus
1699 4618 1847 4688 justi.
1871 4619 1974 4673 Sed

386 4716 510 4763 ante
536 4707 684 4772 haec,
718 4710 942 4763 obsecro
968 4751 981 4770 ,
1025 4710 1196 4779 cogita
1248 4719 1500 4779 quantum
1539 4725 1605 4764 ex
1643 4709 1841 4764 divitiis
1887 4711 1978 4765 da-

390 4815 598 4865 mnum,
627 4807 679 4853 et
707 4808 903 4869 quanta
938 4814 1002 4854 ex
1033 4801 1212 4854 multis
1255 4801 1445 4869 opibus
1474 4802 1765 4856 contentio.
1810 4803 1977 4855 Aucta

386 4899 514 4944 sunt
550 4899 815 4955 armenta,
864 4886 1195 4961 multiplicati
1231 4906 1441 4961 greges,
1483 4892 1803 4949 aflluxerunt
1840 4893 1979 4947 divi-

387 4983 478 5035 tiae
523 4981 729 5048 multm,
767 4991 823 5037 et
863 4982 1043 5036 statim
1083 4983 1400 5038 discinditur
1442 4985 1764 5040 concordia:
1793 4995 1847 5040 et
1889 4985 1976 5039 ubi

382 5083 503 5128 erat
532 5088 631 5143 pax
661 5082 716 5141 et
738 5075 976 5130 caritatis
1005 5076 1298 5142 vinculum,
1334 5092 1473 5132 nunc
1500 5079 1636 5144 rixa,
1665 5088 1719 5132 et
1750 5088 1975 5133 conten-

388 5164 486 5217 tio.
521 5162 620 5219 Ubi
645 5164 787 5218 enim
815 5180 991 5225 meum
1020 5175 1074 5224 et
1090 5176 1260 5231 tuum,
1289 5167 1396 5223 illic
1425 5183 1584 5223 omne
1611 5169 1780 5222 litium
1808 5185 1977 5239 genus

385 5266 444 5310 et
464 5258 821 5313 contentionis
845 5259 1086 5315 occasio:
1121 5260 1207 5315 ubi
1235 5270 1411 5315 autem
1453 5261 1568 5316 hzec
1594 5278 1699 5315 non
1726 5271 1870 5328 sunt,
1905 5261 1977 5318 ibi

388 5363 580 5403 secura
610 5357 856 5404 versatur
882 5365 982 5420 pax
1022 5362 1077 5406 et
1117 5352 1425 5423 concordia.
1458 5353 1521 5406 Et
1552 5353 1664 5408 haec
1694 5363 1752 5408 ut
1780 5354 2007 5418 discas,,

388 5438 512 5492 andi
558 5439 683 5508 quid
727 5439 868 5495 dicat
910 5440 1096 5496 beatus
1130 5422 1301 5496 Lucas
1337 5442 1403 5498 de
1426 5443 1488 5497 iis
1519 5443 1607 5512 qui
1636 5444 1703 5498 ab
1731 5444 1883 5500 initio
1908 5422 2002 5500 adz

392 5528 551 5583 fidem
590 5530 833 5584 conversi
866 5540 1010 5584 sunt.
1050 5531 1202 5599 Erat,
1232 5531 1421 5601 inquit,
1456 5535 1679 5586 omnium
1707 5550 1793 5588 cor
1818 5550 1977 5589 unum

389 5627 434 5668 et
458 5618 629 5671 anima
656 5635 759 5672 una
785 5618 939 5688 (Act.
976 5620 1030 5675 4.
1060 5621 1130 5677 52
1153 5621 1171 5693 )
1196 5637 1209 5675 :
1244 5638 1349 5676 non
1375 5622 1515 5694 quod
1544 5638 1699 5677 unam
1742 5624 1974 5680 animam

390 5705 671 5762 habuerint
701 5723 908 5775 onmes,
930 5712 1221 5782 (quomodo
1247 5711 1389 5769 enim
1416 5714 1537 5779 hoc,
1565 5730 1685 5769 cum
1718 5716 1768 5770 in
1797 5717 1972 5772 diver-

390 5799 464 5867 sis
488 5800 803 5871 corporibus
834 5802 1028 5858 fuerint
1047 5805 1110 5874 Ἰ)
1156 5806 1247 5861 sed
1278 5807 1618 5864 concordiam
1647 5807 1857 5891 illorujn
1883 5826 1967 5865 ar-

1396 384 1457 440 IN
1496 385 1647 441 CAP.
1687 382 1828 438 XIII.
1868 379 2112 440 GENES.
2155 383 2388 443 HOMIL.
2432 390 2673 450 XXXIII.
3550 401 3646 455 3l0

2066 499 2357 556 ctissimam
2406 503 2560 560 nobis
2599 505 2947 562 demonstrat.
2995 507 3112 566 Jam
3154 512 3255 568 nisi
3297 514 3536 585 plurima:
3569 531 3648 585 pa-

2065 592 2267 648 tientia:
2299 594 2489 651 fuisset
2511 597 2683 666 justus
2715 598 2821 664 ille,
2849 612 2903 656 et
2930 602 3189 674 insignem
3218 620 3327 675 pra:
3354 620 3415 661 se
3443 606 3652 661 tulisset

2065 684 2474 755 philosophiam,
2511 693 2905 748 succensuisset
2936 694 3174 761 forsitan,
3204 706 3258 752 et
3298 697 3370 753 ita
3396 700 3447 754 ei
3484 699 3657 755 dixis-

2063 785 2184 830 set:
2229 776 2367 844 Quis
2393 778 2541 835 furor
2580 782 2710 837 ille?
2743 783 2945 839 Ausinc
2971 794 3094 840 sunt
3120 785 3303 841 famuli
3338 790 3413 843 tui
3436 804 3498 844 os
3521 806 3649 859 ape-

2062 866 2170 919 rire
2198 867 2453 924 adversus
2484 886 2675 940 operas
2707 889 2854 927 meas
2881 875 2905 928 ?
2938 889 3042 927 non
3069 878 3369 947 cogitarunt
3392 893 3650 948 quantum

2065 955 2204 1011 inter
2250 973 2347 1012 nos
2394 961 2463 1014 sit
2505 962 2833 1018 discrimen?
2874 965 3025 1021 Unde
3064 968 3204 1021 enim
3237 970 3331 1024 tibi
3364 970 3450 1024 illa
3478 972 3649 1025 abun-

2063 1049 2290 1105 dantia?
2329 1068 2505 1109 nonne
2546 1070 2611 1111 ex
2651 1074 2776 1111 mea-
2810 1060 2977 1114 cura?
3015 1061 3146 1127 Quis
3175 1073 3225 1117 te
3270 1064 3323 1118 in
3373 1067 3650 1119 hominum

2063 1154 2409 1210 conspectum
2440 1147 2699 1213 protulit?
2726 1165 2903 1204 nonne
2932 1167 3031 1221 ego
3051 1148 3140 1222 qui
3167 1170 3261 1224 pro
3288 1156 3537 1210 omnibus
3559 1157 3650 1211 tibi

2065 1227 2160 1296 fui,
2205 1242 2258 1286 et
2308 1236 2470 1302 patris
2518 1237 2608 1291 tibi
2651 1239 2798 1294 vices
2837 1242 2920 1310 egi
2974 1259 3067 1311 per
3105 1246 3324 1299 omnia?
3359 1249 3532 1317 Atque
3556 1247 3652 1301 has

2065 1322 2196 1375 mihi
2245 1340 2341 1392 pro
2388 1334 2466 1380 tot
2508 1328 2818 1386 ministeriis
2854 1334 3129 1388 meret-des
3162 1336 3379 1390 reddis?
3422 1338 3653 1394 Haecine

2066 1428 2161 1483 spe
2213 1416 2408 1486 ubique
2455 1428 2508 1473 te
2548 1422 2799 1476 comitem
2852 1424 3058 1480 itineris
3096 1426 3295 1480 habui?
3336 1428 3484 1492 Esto,
3520 1428 3650 1485 nihil

2065 1520 2250 1561 eorum
2279 1524 2395 1577 qua:
2413 1524 2444 1563 a
2470 1526 2555 1566 me
2582 1511 2746 1568 habes
2775 1514 2825 1568 in
2853 1528 3085 1571 mentem
3115 1519 3206 1573 tibi
3239 1520 3414 1575 veniat
3439 1538 3451 1573 :
3475 1536 3651 1576 nonne

2066 1595 2253 1650 saltem
2280 1599 2363 1652 vel
2384 1609 2655 1655 senectam
2685 1618 2856 1657 meam
2884 1613 2938 1659 et
2966 1621 3131 1661 canos
3164 1611 3398 1663 revereri
3429 1620 3650 1679 Oporte-

2067 1684 2194 1740 bat?
2215 1686 2320 1741 Sed
2346 1689 2682 1745 connivendo
2707 1694 2993 1760 permisisti
3016 1705 3256 1763 pastores
3283 1706 3400 1752 tuos
3427 1700 3477 1751 in
3505 1714 3654 1753 meos

2066 1777 2407 1846 debacchari,
2447 1783 2660 1837 nescius
2697 1784 2838 1854 quod
2882 1786 3019 1840 sicut
3055 1788 3402 1853 contumelia,
3444 1805 3543 1859 qua
3577 1790 3651 1844 illi

2067 1867 2241 1923 atl'ecti
2283 1882 2430 1935 sunt,
2478 1872 2529 1926 in
2574 1889 2664 1929 me
2705 1876 2914 1944 transit,
2944 1878 3015 1932 ita
3048 1888 3104 1933 et
3137 1889 3346 1935 tuorum
3385 1883 3655 1937 temeritas

2070 1957 2162 2011 tibi
2185 1958 2526 2017 adscribitur.

2139 2048 2195 2103 4.
2240 2049 2345 2105 Sed
2382 2051 2514 2105 nihil
2542 2052 2730 2107 horum
2752 2054 2928 2124 justus
2954 2058 3036 2111 vel
3064 2058 3115 2111 in
3150 2069 3383 2114 mentem
3415 2061 3650 2125 admisit,

2068 2137 2164 2193 sed
2192 2140 2442 2195 omnibus
2472 2142 2576 2196 illis
2602 2144 2669 2198 ab
2693 2145 2872 2200 animo
2898 2147 3151 2215 repulsis,
3191 2166 3352 2203 unum
3398 2151 3500 2205 hoc
3524 2167 3654 2222 age-

2068 2229 2181 2295 bat,
2209 2232 2477 2300 qnomodo
2503 2235 2642 2303 quod
2677 2246 2987 2305 erupturum
3028 2250 3144 2293 erat
3171 2242 3529 2296 contentionis
3570 2245 3655 2297 in-

2068 2321 2315 2376 cendium
2342 2324 2724 2394 exstingueret,
2767 2336 2822 2382 et
2857 2329 3009 2383 suavi
3060 2333 3397 2400 separatione
3446 2333 3656 2404 excogi-

2068 2415 2415 2486 tata,absque
2444 2418 2611 2471 turbis
2638 2417 2929 2474 habitaret:
2958 2421 3088 2475 dicit
3108 2423 3249 2476 enim
3286 2441 3298 2475 :
3327 2422 3459 2478 Ecce
3486 2441 3657 2477 annon
3743 2456 3749 2462 ο

2069 2508 2232 2560 omnis
2255 2516 2389 2560 terra
2412 2524 2584 2560 coram
2615 2518 2663 2561 te
2690 2509 2804 2563 est?
2833 2508 3044 2564 Discede
3065 2528 3096 2564 a
3125 2527 3243 2565 me:
3284 2512 3325 2565 si
3357 2523 3409 2565 tu
3435 2512 3502 2565 ad
3530 2513 3657 2566 sini-

2069 2609 2249 2668 stram,
2270 2616 2361 2672 ego
2383 2600 2452 2654 ad
2484 2601 2780 2665 dexteram;
2806 2602 2848 2656 si
2889 2612 2907 2656 ι
2918 2619 2945 2649 τι
2967 2603 3036 2656 ad
3065 2604 3341 2669 dexteram,
3374 2622 3465 2676 ego
3499 2605 3567 2657 ad
3587 2606 3660 2658 si-
3740 2616 3743 2619 ‘

2070 2692 2303 2745 nistram.
2343 2690 2477 2746 Vide
2520 2693 2987 2748 mansuetudinem
3029 2693 3178 2763 justi.
3211 2695 3477 2763 Oper-ibus
3516 2696 3657 2749 enim

2070 2783 2324 2849 ostendit,
2368 2798 2427 2838 se
2453 2799 2559 2837 non
2591 2799 2682 2838 sua
2711 2793 2900 2853 Sponte
2928 2783 3104 2839 facere
3138 2785 3262 2852 hoc,
3296 2801 3467 2855 neque
3507 2802 3661 2855 sepa-

2071 2876 2176 2930 rari
2199 2877 2356 2942 velle,
2386 2876 2481 2931 sed
2508 2876 2577 2931 ob
2611 2877 2968 2931 contentionis
2995 2878 3392 2942 necessitatem,
3425 2888 3481 2930 ut
3510 2893 3576 2931 ne
3604 2879 3657 2931 in

2071 2969 2232 3024 domo
2265 2970 2333 3024 sit
2373 2979 2690 3039 perpetuum
2736 2970 2933 3025 bellum
2963 2989 2975 3024 :
3003 2971 3126 3025 vide
3169 2971 3439 3040 quomodo
3488 2970 3664 3025 verbis

2071 3052 2216 3116 illius
2241 3060 2400 3115 bilem
2432 3059 2802 3127 mansuefacit,
2850 3070 2903 3115 et
2936 3076 3149 3115 omnem
3178 3062 3224 3115 ei
3247 3060 3523 3115 electionis
3562 3076 3658 3129 po-

2075 3159 2322 3206 testatem
2360 3150 2470 3217 dat,
2504 3152 2857 3221 proponitque
2894 3166 3108 3206 omnem
3142 3160 3363 3217 terram,
3400 3167 3462 3205 ac
3495 3151 3657 3206 dicit:

2072 3240 2204 3297 Ecce
2221 3258 2389 3296 annon
2416 3244 2577 3296 anatis
2602 3252 2735 3297 terra
2757 3259 2929 3296 coram
2957 3244 3043 3296 te?
3068 3243 3237 3309 Quam
3267 3243 3367 3308 vis,
3399 3243 3537 3311 elige
3562 3260 3574 3295 :
3606 3251 3663 3297 et

2073 3350 2188 3405 ego,
2205 3351 2360 3405 quam
2374 3345 2427 3390 tu
2449 3336 2747 3405 reliqueris,
2766 3351 2953 3406 magna
2969 3352 3087 3390 cum
3106 3337 3371 3405 voluptate
3385 3334 3659 3405 accipiam.

2073 3425 2258 3495 Magna
2291 3435 2374 3480 est
2396 3425 2526 3495 justi
2570 3425 2727 3495 hujus
2767 3425 3124 3496 philosophia.
3159 3426 3274 3480 Non
3311 3426 3423 3480 vult
3447 3426 3665 3479 omnino

2073 3532 2339 3575 onerosus
2382 3534 2503 3575 esse
2545 3519 2722 3574 fratris
2764 3521 2909 3584 lilio;
2942 3521 3093 3589 quasi
3122 3519 3359 3573 diceret:
3403 3519 3664 3586 Quoniam

2075 3609 2128 3664 id
2164 3609 2308 3679 quod
2333 3609 2603 3684 _nolebam
2649 3610 2860 3675 accidit,
2894 3626 2999 3680 quo
3033 3617 3245 3663 cessent
3274 3609 3665 3671 contentiones,

2077 3701 2437 3755 necessarium
2479 3708 2562 3755 est
2604 3709 2660 3754 ut
2698 3715 3044 3769 separemur:
3090 3709 3369 3768 propterea
3407 3706 3457 3751 te
3495 3698 3666 3750 domi-

2077 3811 2205 3849 num
2232 3792 2512 3849 electionis
2541 3801 2596 3848 et
2624 3793 2882 3847 arbitrum
2910 3792 3215 3854 constituo;
3251 3800 3302 3845 et
3326 3805 3538 3843 omnem
3575 3788 3665 3842 tibi

2079 3892 2396 3954 potestatem
2439 3884 2530 3949 do,
2559 3893 2615 3937 ut
2643 3892 2838 3937 terram
2884 3897 3045 3950 quam
3085 3874 3362 3934 meliorem
3393 3894 3581 3932 censes
3614 3888 3669 3931 tu

2078 3977 2263 4046 eligas,
2305 3984 2360 4031 et
2403 3976 2663 4044 reliquam
2705 3975 2849 4027 sinas
2879 3987 2997 4026 esse
3032 3987 3225 4025 meam.
3256 3970 3389 4023 Num
3424 3969 3524 4022 hoc
3549 3969 3668 4037 quis

2076 4084 2328 4138 umquam
2368 4067 2588 4137 mqualis
2620 4065 2791 4119 multis
2827 4062 2976 4117 fratri
3012 4062 3311 4117 faciendum
3351 4061 3578 4124 censuit,
3608 4059 3660 4112 id

2077 4158 2220 4228 qttod
2248 4156 2425 4211 fratris
2458 4155 2569 4210 filio
2597 4153 2939 4224 patriarcha?
2976 4152 3106 4206 Nam
3137 4152 3181 4205 si
3215 4152 3327 4221 ipse
3356 4150 3488 4204 facta
3522 4151 3668 4218 prius

2078 4250 2342 4304 electione
2371 4248 2597 4318 primum
2621 4249 2791 4302 locum
2820 4247 2921 4300 sibi
2954 4252 3243 4309 servasset,
3276 4244 3663 4298 concessisset-

2078 4360 2182 4414 que
2199 4344 2273 4398 illi
2297 4343 2522 4411 reliqua,
2551 4356 2726 4396 nonne
2754 4349 2808 4394 et
2836 4339 2937 4393 hoc
2962 4347 3116 4408 pacto
3147 4353 3393 4407 magnum
3416 4334 3667 4406 quiddam

2082 4434 2336 4489 fecisset?
2371 4435 2438 4486 At
2468 4433 2695 4503 ingentis
2723 4431 2932 4485 virtutis
2954 4446 3062 4485 sua:
3089 4430 3359 4497 Specimcn
3387 4428 3664 4492 exhibere,

2082 4538 2136 4582 et
2164 4527 2487 4582 desiderium
2509 4524 2718 4595 juvenis
2739 4524 2954 4593 explere
2979 4522 3212 4590 volebat,
3248 4522 3318 4575 ita
3341 4530 3397 4576 ut
3428 4521 3570 4575 nulla
3601 4536 3666 4573 ex

2081 4622 2419 4690 separatione
2468 4626 2781 4673 nasceretur
2827 4616 3075 4672 maeroris
3124 4615 3376 4678 occasio,
3428 4614 3567 4667 unde
3619 4613 3667 4667 ei

2083 4713 2354 4784 proposita
2386 4719 2648 4782 potestate
2679 4709 2847 4774 omni,
2877 4709 3041 4763 dicit:
3072 4706 3203 4760 Ecce
3238 4706 3398 4760 omnis
3422 4714 3553 4758 terra
3579 4719 3664 4756 c0-

2081 4824 2189 4860 ram
2228 4817 2314 4860 te:
2357 4820 2594 4875 separare
2631 4821 2661 4855 a
2699 4818 2797 4865 me,
2843 4809 2899 4857 et
2935 4799 3143 4869 qualem
3183 4798 3415 4851 volueris
3470 4806 3665 4851 terram

2083 4898 2239 4968 elige.
2270 4896 2554 4966 Oportebat
2585 4894 2743 4963 igitur
2772 4891 2951 4947 fratris
2979 4892 3164 4955 lilimn,
3195 4905 3313 4944 cum
3348 4897 3546 4942 tantam
3568 4904 3658 4942 cx-

2086 4990 2351 5059 perirelur
2391 4987 2695 5055 mqttitatem
2739 4983 3094 5054 patriarclue.
3153 4996 3332 5050 parem
3373 4979 3671 5050 rependere

2084 5082 2370 5145 honorem,
2399 5077 2525 5133 etei
2553 5077 2727 5146 potius
2757 5076 2975 5129 liberam
3000 5077 3318 5128 electionem
3349 5071 3666 5126 concedere.

2082 5171 2330 5227 Solemus
2373 5169 2514 5224 enim
2559 5167 2724 5222 ferme
2762 5167 2936 5221 cuncti
2970 5165 3231 5230 homines,
3261 5165 3304 5218 si
3336 5162 3672 5217 obluctantes

2084 5261 2359 5316 videamus
2388 5259 2747 5324 adversarios,
2772 5273 2834 5312 ac
2849 5256 3237 5312 contendentes
3261 5256 3313 5310 in
3339 5255 3570 5324 primum
3590 5255 3669 5308 lo-

2092 5361 2205 5408 cum
2232 5350 2541 5415 ascendere,
2576 5364 2680 5403 non
2709 5347 2850 5404 ferre
2877 5362 2974 5402 nos
3004 5345 3285 5400 inferiores
3315 5360 3455 5408 esse,
3496 5361 3671 5414 neque

2052 5463 2165 5515 ,ets
2191 5444 2421 5500 cedere:
2463 5456 2597 5512 quos
2635 5442 2679 5495 si
2706 5440 2898 5495 cedere
2935 5439 3247 5503 viderimus,
3295 5446 3344 5492 et
3380 5435 3673 5489 humilibus

2084 5538 2264 5593 verbis
2301 5543 2616 5606 potestatem
2666 5548 2881 5588 omnem
2933 5530 3086 5584 nobis
3138 5530 3468 5599 permittere,
3519 5528 3671 5598 quasi

2084 5634 2392 5684 reverentes
2415 5640 2660 5697 magnam
2689 5620 3172 5691 mansuetudinem,
3199 5637 3253 5676 et
3272 5636 3303 5675 a
3325 5621 3671 5675 contentione

2084 5719 2411 5783 desistimus,
2443 5725 2498 5772 et
2521 5715 2638 5771 vice
2670 5728 2826 5770 versa
2848 5727 3061 5767 omnem
3085 5720 3400 5782 potestatem
3431 5710 3509 5763 eis
3535 5724 3670 5762 con-

2090 5812 2354 5869 cedimus.
2402 5809 2610 5866 etiamsi
2655 5809 2831 5864 minor
2863 5824 2982 5864 esse
3013 5807 3251 5865 videatur
3292 5810 3337 5867 is
3365 5806 3454 5881 qui
3489 5805 3673 5860 nobis-
