4060 6496
430 366 528 425 311

427 493 547 533 cum
593 477 777 548 litigat.
809 478 942 532 Cum
985 477 1206 534 deberet
1247 480 1404 548 igitur
1428 489 1477 532 et
1508 478 1607 533 Lot
1635 494 1756 534 cum
1783 479 2006 548 patriar-

430 572 528 624 cha
564 570 664 623 hoc
706 569 914 632 facere;
949 571 1036 624 ille
1069 579 1245 624 tzunen
1271 580 1452 639 utpote
1483 571 1713 640 juvenis,
1741 580 1797 626 ct
1826 570 2013 640 majori

431 661 862 728 concupiscentia
891 671 1111 725 tractus,
1142 663 1376 732 potiores
1409 672 1516 717 tum
1542 663 1641 717 sibi
1673 663 1812 717 visas
1841 673 2017 732 partes

433 752 646 820 arripit,
670 759 723 806 et
747 753 1062 807 electionem
1089 753 1230 808 facit.
1261 754 1346 810 l0.
1372 755 1437 808 Et
1458 755 1687 821 sublatis,
1707 757 1898 823 inquit,
1922 755 2016 810 Lot
2053 792 2076 840 ,-

430 843 591 895 oculis
620 843 746 906 suis,
775 844 896 895 vidit
925 860 1123 897 omnem
1147 847 1399 915 regionem
1414 846 1545 899 circa
1561 845 1595 899 ,1
1601 846 1862 911 ordanem,
1885 848 2019 916 quod

431 943 537 986 tota
581 945 705 988 esset
747 935 958 1006 irrigua,
1000 948 1268 1008 antequam
1307 938 1554 992 Dominus
1593 939 1893 994 subverteret
1921 939 2021 994 So-

430 1025 584 1079 doma
631 1036 676 1080 et
724 1025 1029 1092 Gomorrha,
1080 1031 1223 1094 quasi
1258 1031 1430 1084 hortus
1477 1031 1592 1096 Dei,
1637 1041 1683 1085 et
1714 1033 1844 1085 sicut
1886 1044 2020 1086 terra

435 1116 653 1187 Αἴσωπε
678 1136 834 1185 usque
860 1119 979 1173 dum
1007 1123 1200 1174 venitur
1226 1123 1276 1175 in
1305 1121 1522 1193 Zogora.
1555 1125 1642 1178 11.
1667 1124 1732 1178 Et
1753 1125 1897 1195 elegit
1926 1126 2020 1179 sibi

436 1206 533 1259 Lot
575 1226 769 1262 onmem
810 1210 944 1263 circa
981 1210 1260 1266 Jordanem
1299 1214 1574 1284 regionem,
1612 1224 1659 1268 et
1694 1216 1891 1269 recessit
1928 1213 2020 1268 Lot

433 1299 495 1351 ab
525 1299 745 1366 Oriente,
776 1301 1020 1371 divisique
1057 1312 1173 1356 sunt
1197 1314 1402 1374 uterque
1434 1322 1466 1358 a
1491 1306 1649 1375 fratre
1675 1323 1785 1360 suo.
1831 1306 2021 1362 Vidisti

431 1392 559 1459 justi
591 1392 836 1447 virtutem
858 1386 1135 1464 ingentem
1161 1438 1174 1458 ,
1219 1399 1488 1466 quomodo
1535 1399 1766 1454 radicem
1808 1401 2022 1455 ntaliti:e

437 1498 504 1536 ne
523 1484 829 1553 germinare
859 1487 1072 1555 quidem
1103 1489 1367 1557 permisit,
1415 1490 1508 1544 sed
1555 1492 1733 1544 statim
1769 1506 1890 1547 cum
1911 1493 2020 1561 jam

432 1575 686 1643 oriretur,
717 1577 951 1633 funditus
977 1582 1218 1635 exsecuit
1241 1591 1293 1636 et
1318 1582 1572 1649 abolevit,
1602 1584 1766 1637 multa
1794 1600 1920 1638 usus
1950 1584 2026 1639 le-

436 1666 621 1730 nitate,
651 1677 705 1722 et
740 1668 951 1723 virtutis
989 1685 1149 1725 causa
1185 1681 1500 1726 caeterarum
1532 1689 1711 1728 rerum
1756 1691 2023 1730 summum

435 1765 801 1824 contemptum
847 1775 954 1828 pra:
995 1774 1054 1814 se
1096 1759 1294 1828 ferens,
1337 1745 1724 1834 declaransque
1753 1765 2020 1831 omnibus,

435 1847 704 1915 quomodo
734 1863 916 1917 pacem
950 1849 1168 1919 habere,
1197 1862 1252 1908 et
1280 1868 1310 1906 a
1341 1856 1682 1910 contentione
1707 1856 1940 1925 liberari,
1973 1859 2025 1912 id

438 1938 603 2006 pluris
631 1939 828 1994 faceret
851 1958 1008 2010 quant
1027 1958 1214 1998 omnes
1235 1943 1699 2000 facultates?Nam
1729 1956 1785 2001 ut
1813 1963 1881 2002 ne
1907 1949 2026 2018 quis

436 2027 760 2084 condemnet
781 2029 984 2100 justum
1011 2033 1163 2102 quasi
1186 2033 1449 2104 ingratum
1481 2037 1623 2092 circa
1656 2037 1777 2105 Lot,
1806 2039 2025 2108 etquod

435 2133 596 2188 quem
626 2135 656 2174 e
686 2120 847 2176 domo
877 2138 970 2177 sua
1000 2123 1261 2179 eduxerat
1289 2125 1343 2180 itt
1372 2135 1569 2182 terram
1600 2127 1853 2192 alienam,
1885 2144 2027 2184 nunc

437 2227 467 2265 a
488 2211 883 2270 cohabitatione
909 2214 1149 2284 ejiceret,
1180 2232 1314 2272 neve
1337 2227 1487 2288 putet
1512 2220 1686 2288 ipsum
1717 2219 2026 2274 inimicitia-

437 2319 556 2358 rum
575 2306 740 2374 gratia
761 2307 872 2361 haec
891 2306 1086 2371 facere,
1101 2309 1196 2364 sed
1221 2319 1278 2364 ut
1299 2310 1568 2367 discamus
1590 2327 1778 2367 omnes
1800 2328 1860 2367 se
1881 2315 2028 2382 pacis

437 2395 617 2450 studio
662 2395 780 2451 haec
830 2398 1024 2464 facere,
1060 2400 1181 2454 ideo
1219 2411 1273 2456 et
1307 2402 1624 2458 electionem
1653 2405 1702 2459 ei
1737 2405 2025 2472 concessit,

440 2501 612 2556 neque
643 2488 870 2544 moleste
898 2490 1016 2543 tulit
1041 2490 1184 2560 quod
1227 2492 1398 2561 prima
1451 2493 1636 2560 ferret,
1683 2503 1741 2549 ut
1780 2497 2028 2551 omnibus

440 2586 624 2630 notum
651 2577 809 2644 foret,
828 2581 1099 2649 quomodo
1115 2597 1268 2637 mens
1296 2598 1390 2638 sua
1419 2584 1487 2639 ad
1516 2587 1661 2654 pacis
1687 2587 2029 2657 caritatisque

438 2683 660 2738 scopum
682 2681 947 2741 spectaret
970 2675 1325 2743 potissimum.
1343 2677 1607 2734 Prmterea
1624 2688 1679 2735 et
1696 2681 1840 2735 aliud
1861 2681 2031 2752 quod-

439 2757 563 2812 dam
611 2762 923 2832 mysterium
957 2763 1068 2834 jam
1109 2775 1266 2822 antea
1303 2767 1735 2840 dispensabatur,
1766 2780 1826 2827 ut
1863 2773 2030 2827 multa

441 2848 543 2904 hoc
562 2853 810 2922 exemplo
841 2853 1050 2923 fierent,
1078 2866 1132 2912 et
1157 2865 1216 2914 ut
1236 2858 1333 2914 Lot
1356 2859 1517 2915 rebus
1539 2862 1669 2932 ipsis
1703 2862 2028 2932 erudiretur,

440 2955 501 2995 se
521 2956 625 2995 non
653 2951 714 2996 ut
744 2959 839 3013 par
864 2955 979 3000 erat
999 2947 1246 3018 elegisse,
1264 2959 1319 3004 et
1347 2959 1407 3006 ut
1441 2951 1712 3009 discerent
1740 2954 2033 3013 Sodomitas

441 3031 692 3088 virtutem
723 3034 845 3104 Lot,
873 3049 927 3091 et
949 3040 1287 3109 separatione
1314 3041 1451 3097 facta
1482 3045 1771 3112 promissio
1802 3048 2032 3116 patriar-

437 3124 554 3179 clue
579 3125 700 3180 data
718 3140 912 3184 eventu
942 3133 1325 3202 compleretur,
1349 3150 1452 3204 qua
1474 3135 1676 3191 dictum
1707 3148 1791 3193 est
1811 3140 1859 3194 ei
1881 3158 1893 3192 :
1916 3140 2033 3195 Tibi

439 3223 488 3268 et
515 3217 696 3270 semini
718 3227 804 3271 tuo
823 3221 956 3274 dabo
982 3230 1166 3276 terram
1193 3224 1361 3280 hanc:
1389 3225 1442 3280 id
1468 3228 1610 3297 quod
1640 3230 1892 3298 paulatim
1911 3247 2034 3301 pro-

441 3306 685 3362 cedendo
716 3309 1036 3375 videbimus,
1059 3313 1236 3368 divina
1258 3314 1532 3386 Scriptura
1560 3319 1714 3374 nobis
1749 3336 1809 3375 ea
1847 3321 2032 3376 decla-

439 3409 616 3452 rante.
666 3400 753 3454 12.
787 3401 854 3456 Et
902 3403 1089 3458 Abram
1112 3445 1127 3471 ,
1175 3407 1364 3478 inquit,
1396 3409 1635 3464 habitavit
1663 3413 1714 3466 in
1741 3423 1876 3467 terra
1897 3412 2028 3468 Cha-

441 3504 616 3555 naan;
649 3491 746 3545 Lot
783 3502 950 3546 autem
990 3495 1233 3550 habitavit
1278 3499 1331 3551 in
1368 3499 1566 3554 civitate
1597 3518 1710 3572 qua:
1748 3513 1854 3556 erat
1899 3505 2034 3558 circa

437 3579 743 3650 Iordanem,
770 3594 816 3638 et
843 3589 1221 3643 tabernaculum
1253 3592 1426 3645 habuit
1453 3593 1505 3646 in
1536 3591 1798 3648 Sodomis.
1821 3596 1906 3650 15.
1933 3596 2033 3662 Qui

436 3682 610 3726 autem
637 3675 862 3730 homines
888 3677 1133 3734 Sodomis
1171 3683 1405 3752 agebant,
1437 3685 1562 3738 mali
1591 3697 1733 3739 erant
1772 3698 1819 3740 et
1857 3704 2037 3757 pecca-

443 3773 581 3816 tores
627 3782 797 3818 coram
846 3767 954 3822 Deo
999 3771 1161 3824 valde.
1207 3772 1365 3828 Vides
1409 3773 1512 3828 [λοι
1549 3785 1752 3830 tantum
1793 3788 2036 3848 spectare

443 3863 602 3908 terra:
617 3863 882 3925 naturam,
903 3869 956 3912 et
977 3875 1081 3912 non
1100 3862 1378 3919 advertere
1404 3865 1694 3920 incolarum
1714 3869 2035 3938 nequitiam?

444 3945 576 4012 Qua:
619 3947 760 4002 enim
796 3951 1015 4017 utilitas,
1043 3951 1148 4020 dic,
1189 3969 1306 4021 oro,
1340 3955 1382 4009 si
1412 3964 1552 4010 terra
1579 3957 1650 4011 sit
1679 3956 1952 4016 fructuosa
1981 3971 2035 4017 et

443 4036 616 4106 ferax,
649 4040 893 4098 homines
934 4056 1113 4100 autem
1159 4048 1295 4103 adeo
1332 4050 1592 4105 scelesti?
1621 4052 1758 4120 Quid
1785 4052 1966 4109 damni
2003 4072 2035 4112 e

442 4130 732 4187 solitudine
758 4143 811 4187 et
844 4134 1154 4206 infrugifera
1182 4151 1344 4206 terra,
1373 4142 1415 4196 si
1449 4142 1695 4200 homines
1725 4145 1832 4199 sint
1855 4146 2037 4201 huma-

446 4221 662 4276 niores?
688 4224 861 4293 Caput
897 4227 1042 4281 enim
1082 4239 1137 4284 et
1161 4245 1367 4284 summa
1412 4232 1673 4288 bonorum
1708 4245 1792 4291 est
1827 4237 2037 4293 inhabi-

445 4314 668 4368 tantium
713 4317 964 4384 probitas.
992 4319 1258 4374 Cancrum
1284 4321 1384 4376 Lot
1414 4323 1481 4377 ad
1516 4341 1677 4378 unum
1713 4335 1914 4382 tantum
1950 4344 2035 4382 re-

443 4405 641 4471 spexit,
671 4421 862 4476 nempe
888 4409 955 4462 ad
984 4408 1312 4467 fertilitatem
1344 4422 1522 4469 teme.
1549 4415 1616 4470 Et
1645 4417 1844 4473 idcirco
1887 4419 2035 4474 Scri-

449 4507 604 4564 ptura
634 4496 911 4555 declarare
937 4501 1092 4556 nobis
1122 4505 1304 4558 volens
1344 4505 1700 4563 habitantium
1744 4511 1851 4566 illic
1880 4513 2036 4566 mali-

448 4585 598 4653 tiam,
635 4587 801 4642 dicit:
849 4589 950 4656 Qui
983 4601 1152 4645 autem
1185 4594 1409 4650 homines
1446 4599 1498 4650 in
1527 4597 1768 4654 Sodomis
1801 4603 2033 4672 agebant,

448 4677 574 4730 mali
601 4688 744 4732 erant
775 4691 820 4734 et
855 4692 1141 4752 peccatores
1170 4701 1342 4739 coram
1371 4687 1480 4742 Deo
1505 4690 1670 4744 valde.
1698 4691 1814 4746 Non
1838 4694 2031 4760 solum,

451 4767 642 4840 inquit,
668 4769 817 4837 Mali,
849 4773 945 4828 sed
981 4773 1299 4840 Peccatores,
1327 4787 1380 4833 et
1401 4795 1506 4834 non
1539 4782 1874 4852 simpliciter,
1914 4784 2038 4840 Pec-

448 4869 660 4926 catores,
693 4862 786 4916 sed
811 4873 865 4917 et
890 4863 1072 4919 Coram
1099 4865 1233 4934 Deo;
1265 4869 1365 4923 hoc
1389 4880 1491 4938 est,
1521 4873 1572 4926 in
1601 4872 1917 4930 immensum
1945 4893 2041 4932 ex-

446 4961 730 5007 creverant
767 4968 953 5009 eorum
992 4969 1229 5026 peccata,
1273 4969 1327 5013 et
1363 4963 1662 5032 prodigiosa
1700 4976 1814 5020 erat
1850 4983 2034 5020 eorum

452 5043 706 5111 iniquitas
733 5063 746 5099 :
779 5045 900 5102 ideo
927 5055 982 5101 et
1009 5049 1268 5115 subdidit,
1300 5050 1483 5106 Coram
1518 5053 1624 5109 Deo
1651 5057 1816 5110 valde.
1849 5057 2037 5112 Vidisti

451 5135 672 5190 malitia:
716 5137 1184 5206 magnitudinem?
1222 5142 1400 5197 vidisti
1438 5155 1695 5213 quantum
1723 5156 1812 5201 est
1837 5150 2036 5204 malum

450 5227 652 5295 primas
682 5236 857 5295 partes
883 5243 1095 5299 capere,
1123 5241 1178 5286 et
1209 5248 1314 5286 non
1349 5233 1490 5304 quod
1531 5235 1659 5290 utile
1687 5247 1768 5290 est
1795 5238 2039 5294 conside-

453 5315 614 5370 rare?
639 5315 818 5371 vidisti
846 5330 1101 5388 quantum
1137 5322 1333 5376 bonum
1373 5324 1443 5379 sit
1480 5324 1802 5391 humanitas,
1831 5339 1886 5383 et
1929 5329 2033 5400 pri-

455 5419 545 5459 mo
571 5407 688 5461 loco
715 5408 928 5474 cedere,
957 5419 1012 5466 et
1039 5411 1344 5468 inferiorem
1377 5427 1582 5484 partem
1613 5417 1858 5474 habere?
1898 5420 2038 5478 Ecce

455 5495 597 5548 enim
624 5497 675 5550 in
707 5515 960 5565 processu
989 5502 1251 5559 doctrina:
1277 5506 1574 5562 videbimus
1603 5509 1734 5562 nihil
1775 5511 2038 5579 profuisse

458 5583 686 5651 primum
716 5589 891 5646 locum
918 5594 965 5648 ei
997 5593 1087 5664 qui
1118 5595 1394 5666 elegerat;
1439 5607 1492 5652 ct
1516 5614 1638 5652 eum
1669 5601 1756 5669 qui
1785 5600 2036 5659 inferiora

460 5672 631 5740 petiit.
671 5679 952 5735 clariorem
983 5685 1221 5751 quotidie
1259 5686 1479 5754 factum,
1507 5703 1744 5758 opesque
1773 5691 1915 5748 illius
1943 5709 2040 5764 per

458 5765 638 5822 omnia
663 5780 866 5840 auctas,
891 5775 1244 5848 omnibusque
1271 5777 1466 5836 factum
1495 5784 1862 5852 spectabilem.

1145 366 1205 423 S.
1245 367 1524 424 JOANNIS
1561 365 2032 423 CHRYSOSTOMI
2077 366 2377 421 UiCHlEP.
2419 363 2957 423 CONSTANTINOP.

3599 368 3699 425 3|2

2191 478 2246 534 5.
2287 477 2502 532 Moralis
2539 481 2822 534 exhortatio
2852 482 2920 532 ad
2955 479 3306 534 humilitatem.
3334 511 3405 520 —
3438 481 3702 538 Caeterum

2123 579 2276 624 utne
2321 570 2588 640 longiores
2627 571 2795 624 simus
2821 570 3082 636 docendo,
3133 571 3236 626 hoe
3275 572 3394 625 loco
3437 575 3596 628 linem
3628 575 3704 629 lo-

2121 661 2316 730 quendi
2369 661 2660 725 facientes,
2707 662 2848 732 quod
2895 662 3158 731 reliquum
3207 672 3323 728 est,
3374 665 3425 718 in
3479 678 3704 734 sequen-

2125 762 2230 806 tem
2270 767 2547 807 servemus
2571 754 2906 808 concionem.
2957 753 3088 808 Illud
3125 763 3304 808 autem
3349 769 3444 807 vos
3490 771 3708 825 rogave-

2125 845 2247 909 rim,
2298 851 2353 897 ut
2401 845 2696 898 imitatores
2731 845 2848 898 sitis
2895 844 3230 914 patriarchae,
3265 855 3320 899 et
3363 846 3562 914 primas
3592 862 3711 914 par-

2129 943 2206 986 tes
2235 949 2522 1002 numquam
2545 935 2960 1003 concupiscatis,
3001 935 3096 989 sed
3131 935 3517 1004 obtemperetis
3559 935 3715 991 beato

2127 1022 2293 1078 Paulo
2343 1025 2564 1092 dicenti,
2624 1025 2832 1080 Honore
2877 1028 3084 1081 invicem
3137 1029 3492 1098 prazvenientes
3534 1028 3711 1096 (Itom.

2132 1117 2216 1169 l2.
2279 1118 2368 1188 10)
2407 1117 2712 1188 superiores
2758 1135 2818 1174 se
2862 1121 3020 1189 ipsis:
3055 1129 3105 1174 et
3138 1119 3278 1174 detis
3302 1136 3543 1190 operam,
3574 1130 3632 1173 ut
3661 1119 3715 1173 in

2126 1209 2373 1263 omnibus
2422 1211 2628 1264 minora
2681 1213 2925 1265 teneatis.
2973 1211 3083 1266 iloc
3122 1223 3204 1268 est
3240 1214 3382 1266 enim
3427 1213 3716 1281 primatum

2131 1297 2326 1354 habere
2354 1339 2366 1362 ,
2415 1301 2553 1354 sicut
2593 1311 2648 1356 et
2688 1301 2936 1356 Christus
2980 1303 3150 1356 dicit:
3201 1302 3302 1368 Qui
3343 1319 3398 1357 se
3449 1304 3716 1369 humiliat,

2127 1391 2430 1446 emitobitur
2483 1392 2637 1461 (Luc.
2692 1394 2781 1449 M.
2840 1395 2926 1458 11,
2972 1399 3030 1446 et
3068 1394 3154 1448 18.
3197 1395 3309 1462 14).
3368 1395 3506 1460 Quid
3557 1395 3719 1464 igitur

2133 1482 2256 1536 huic
2299 1483 2503 1553 aequale
2549 1483 2732 1549 fuerit,
2783 1485 2999 1554 quando
3042 1502 3138 1555 per
3179 1502 3243 1540 ea
3286 1486 3337 1540 in
3375 1488 3568 1556 quibus
3597 1487 3719 1540 aliis

2131 1572 2330 1642 primas
2390 1573 2670 1640 cedimus,
2717 1575 2817 1645 ipsi
2862 1576 3047 1645 majori
3097 1577 3322 1631 fruimur
3369 1575 3607 1641 honore;
3655 1586 3717 1630 et

2131 1681 2226 1734 per
2249 1682 2370 1736 quae
2399 1667 2533 1723 alios
2559 1667 2911 1738 praeferimus,
2943 1669 3041 1737 ipsi
3073 1669 3124 1723 in
3147 1684 3412 1724 summum
3457 1670 3722 1724 honorem

2131 1755 2448 1811 evehimur?
2475 1757 2656 1828 Itaque
2682 1759 2906 1816 obsecro
2951 1769 3010 1814 ut
3040 1759 3354 1815 Studeamus
3395 1761 3590 1815 imitari
3627 1776 3722 1829 pa-

2135 1848 2382 1904 triarcha:
2411 1848 2786 1918 humilitatem,
2815 1859 2870 1905 et
2893 1852 3044 1921 sequi
3072 1853 3290 1922 vestigia
3315 1851 3452 1921 ejus,
3475 1853 3564 1922 qui
3594 1863 3722 1907 ante

2132 1941 2305 2010 legem
2336 1949 2535 1996 tantam
2569 1943 2958 2013 philosophiam
2987 1959 3095 2013 pra:
3138 1959 3197 1998 se
3241 1943 3376 2008 tulit,
3401 1946 3498 1998 nos
3537 1945 3626 2013 qui
3665 1944 3721 1998 in

2130 2033 2295 2100 gratia
2324 2048 2622 2088 versamur.
2653 2033 2754 2089 Ista
2775 2034 2920 2089 enim
2964 2049 3089 2089 vera
3110 2043 3194 2090 est
3221 2035 3520 2100 humilitas,
3558 2049 3721 2103 quam

2137 2125 2364 2179 eximius
2396 2124 2486 2180 ille
2509 2126 2592 2180 vir
2615 2126 2901 2180 declaravit
2927 2141 3052 2196 erga
3081 2141 3203 2181 eum
3229 2126 3316 2195 qui
3344 2126 3511 2180 multo
3541 2141 3601 2179 se
3624 2125 3726 2179 fuit

2131 2218 2372 2284 inferior,
2406 2233 2512 2273 non
2539 2219 2716 2273 solum
2737 2219 2807 2274 ob
2826 2219 3036 2273 virtutis
3067 2219 3322 2272 rationem
3345 2257 3360 2283 ,
3387 2217 3480 2272 sed
3515 2226 3566 2270 ct
3591 2232 3723 2286 pro-

2131 2316 2251 2378 pter
2279 2299 2490 2364 :etatem
2511 2317 2566 2363 et
2585 2309 2688 2365 alia
2713 2309 2914 2364 omnia.
2942 2308 3126 2379 Cogita
3153 2309 3297 2363 enim
3325 2323 3506 2363 senem
3531 2308 3721 2376 juveni

2129 2401 2379 2466 cessisse,
2411 2409 2465 2456 et
2513 2410 2760 2472 patruum
2816 2401 2995 2456 fratris
3043 2401 3172 2468 filio,
3202 2409 3255 2456 et
3305 2401 3394 2470 qui
3439 2407 3640 2453 tantam
3691 2415 3723 2451 a

2135 2493 2243 2548 Deo
2263 2493 2486 2548 sortitus
2522 2505 2638 2549 erat
2663 2494 2909 2563 gratiam,
2931 2494 2981 2548 ei
3001 2493 3094 2563 qui
3133 2494 3188 2548 in
3215 2492 3353 2548 nulla
3392 2507 3452 2547 re
3475 2506 3724 2561 magnam

2131 2584 2347 2655 aliquod
2394 2585 2664 2655 specimen
2703 2586 3049 2655 praebuerat:
3081 2593 3136 2638 et
3178 2599 3242 2639 ea
3283 2599 3403 2653 qua:
3443 2581 3726 2652 oportebat

2133 2675 2281 2730 illum
2309 2674 2512 2742 dicere,
2534 2684 2593 2730 ut
2609 2675 2858 2745 juvenem
2888 2673 2952 2728 ad
2975 2688 3157 2729 senem
3184 2683 3339 2728 :etate
3367 2681 3422 2726 et
3444 2671 3721 2741 dignitate,

2133 2777 2189 2823 et
2219 2778 2487 2837 patruum,
2506 2768 2593 2822 illa
2622 2767 2978 2838 patriarcbam
3004 2765 3184 2836 juveni
3205 2765 3423 2820 dixisse.
3449 2763 3610 2834 Igitur
3626 2777 3727 2815 nos

2134 2874 2347 2929 quoque
2379 2876 2490 2938 non
2511 2861 2797 2926 eistatum,
2834 2858 2925 2927 qui
2945 2866 3101 2912 aetate
3127 2857 3280 2911 nobis
3305 2865 3430 2910 sunt
3455 2854 3684 2922 majores
3705 2894 3723 2916 ,

2140 2947 2224 3003 vel
2243 2949 2406 3002 etiam
2463 2949 2715 3017 atquaIes,
2743 2947 3000 3002 honorem
3052 2946 3420 3002 exhibeamus.
3471 2943 3584 3000 Non
3637 2953 3726 2998 est

2135 3041 2278 3095 enim
2328 3040 2634 3108 humilitas,
2668 3040 2845 3095 facere
2885 3039 3026 3110 quod
3064 3039 3384 3094 necessitate
3430 3036 3593 3092 debes
3635 3035 3722 3088 vel

2134 3131 2345 3201 cogeris
2373 3148 2387 3184 :
2413 3132 2534 3199 hoc,
2560 3132 2794 3202 inquam,
2819 3147 2925 3186 non
2949 3140 3033 3186 est
3053 3130 3388 3196 humilitatis,
3416 3127 3511 3184 sed
3535 3128 3720 3183 debiti.

2137 3223 2276 3280 Vera
2318 3232 2495 3278 autem
2543 3224 2815 3278 humilitas
2854 3230 2976 3286 est,
3005 3221 3221 3292 quando
3258 3220 3498 3275 cedimus
3530 3219 3594 3273 iis
3630 3218 3722 3288 qui

2137 3316 2291 3370 nobis
2320 3315 2567 3370 videntur
2595 3329 2716 3369 esse
2738 3314 3007 3377 minores,
3038 3321 3093 3367 et
3131 3326 3227 3368 eos
3268 3325 3586 3365 veneramur
3629 3311 3720 3378 qui

2138 3407 2293 3460 nobis
2318 3405 2601 3460 inferiores
2629 3418 2750 3460 esse
2777 3400 3202 3469 videntur.Quod
3228 3401 3271 3454 si
3295 3408 3440 3454 recte
3465 3398 3720 3468 sapimus,

2139 3497 2312 3551 nullos
2335 3497 2493 3550 etiam
2525 3495 2676 3549 nobis
2698 3508 2820 3549 esse
2845 3493 3078 3563 minores
3103 3488 3600 3554 arbitrabimur,sed
3625 3505 3723 3541 nos

2138 3587 2383 3655 superari
2413 3587 2481 3642 ab
2504 3585 2757 3641 omnibus
2781 3583 3087 3638 hominibus
3114 3581 3373 3635 dicemus.
3394 3581 3459 3634 Et
3479 3579 3579 3633 hoc
3602 3578 3726 3632 dico

2139 3691 2247 3729 non
2274 3675 2341 3731 de
2362 3675 2536 3742 nobis,
2554 3675 2645 3744 qui
2671 3673 2964 3729 innumeris
2985 3671 3220 3755 immersi
3250 3684 3436 3726 sumus
3456 3670 3721 3740 peccatis:

2138 3766 2232 3822 sed
2259 3767 2468 3822 etiamsi
2493 3765 2615 3835 quis
2639 3765 2739 3820 sibi
2767 3763 3118 3834 plurimorum
3148 3762 3283 3816 bene
3302 3770 3572 3832 gestorum
3591 3773 3723 3814 con-

2140 3859 2283 3914 scius
2311 3859 2400 3924 sit,
2425 3859 2526 3913 nisi
2552 3857 2692 3927 apud
2715 3871 2776 3912 se
2808 3858 2999 3911 sentiat
3030 3871 3090 3911 se
3112 3855 3352 3910 omnium
3377 3869 3495 3910 esse
3526 3865 3725 3923 postre-

2140 3965 2286 4004 mum
2306 3992 2321 4018 ,
2345 3951 2490 4005 nulla
2531 3951 2580 4004 ei
2611 3949 2786 4004 futura
2815 3949 3015 4002 utilitas
3052 3962 3119 4001 ex
3155 3946 3404 4001 omnibus
3443 3945 3594 4000 bouis
3615 3945 3729 3998 suis

2139 4041 2413 4110 operibus.
2430 4041 2556 4096 Haec
2583 4049 2666 4095 est
2692 4039 2835 4094 enim
2859 4037 3153 4103 humilitas,
3181 4035 3393 4105 quando
3421 4037 3557 4104 quis,
3579 4049 3732 4087 occa-
3810 4034 3823 4043 '

2139 4132 2320 4186 siones
2348 4130 2554 4186 habens
2581 4139 2638 4186 ut
2666 4131 2972 4194 extollatur,
2996 4143 3054 4183 se
3084 4128 3258 4195 ipsum
3289 4126 3535 4180 humiliat
3562 4135 3614 4179 et
3635 4125 3731 4180 de-

2141 4223 2357 4293 primit,
2395 4237 2459 4276 ac
2514 4222 2756 4276 modeste
2798 4235 2857 4274 se
2905 4219 3062 4288 gerit.
3094 4217 3244 4272 Tunc
3270 4218 3411 4272 enim
3452 4215 3517 4269 ad
3542 4231 3734 4271 verum

2139 4313 2464 4367 subvehetur
2505 4311 2768 4382 fastigium
2815 4309 3107 4365 secundum
3158 4307 3567 4376 promissionem
3618 4304 3730 4356 Do-

2139 4403 2292 4468 mini,
2317 4419 2434 4472 qua:
2463 4402 2592 4457 dicit
2625 4402 2760 4470 τρυε
2779 4419 2831 4456 se
2853 4401 3102 4466 humiliat,
3132 4399 3434 4454 exaltabitur
3465 4396 3611 4469 (Luc.
3639 4398 3730 4450 14.

2141 4493 2253 4564 11).
2277 4491 2591 4563 ὃιιθεειιιιυε
2622 4492 2799 4562 igitur,
2820 4492 3065 4554 obsecro,
3082 4490 3339 4545 verticem
3363 4489 3512 4542 illum
3539 4502 3733 4542 omnes

2140 4581 2547 4652 apprehendere
2599 4597 2694 4652 per
2747 4581 3136 4648 humilitatem,
3183 4588 3242 4635 ut
3289 4578 3533 4634 eamdem
3585 4577 3732 4630 illam

2140 4691 2300 4745 quam
2326 4675 2504 4744 justus
2531 4675 2618 4728 ille
2645 4689 2676 4728 a
2705 4673 2932 4728 Domino
2971 4676 3196 4743 gratiam
3226 4685 3642 4740 consequamur,
3679 4679 3735 4722 ct

2143 4765 2425 4820 inetfabilia
2457 4766 2544 4819 illa
2571 4765 2708 4819 bona
2737 4779 3057 4828 mereamur,
3085 4763 3254 4834 gratia
3281 4772 3337 4818 et
3365 4759 3733 4815 misericordia

2144 4857 2351 4911 Domini
2383 4857 2549 4910 nostri
2571 4855 2699 4911 Jesu
2725 4854 2925 4910 Clu-isti
2945 4895 2960 4919 ,
3003 4854 3218 4924 quicum
3248 4851 3430 4916 Patri,
3455 4859 3510 4904 et
3543 4862 3733 4903 sancto

2141 4947 2359 5018 Spiritui
2390 4947 2458 5001 sit
2477 4946 2668 5016 gloria,
2693 4945 2996 5015 imperium,
3028 4945 3219 5012 honor,
3241 4958 3383 4999 nunc
3409 4951 3464 4996 et
3492 4955 3732 5009 semper,

2141 5054 2195 5097 et
2224 5042 2276 5094 in
2299 5040 2497 5094 saecula
2526 5039 2864 5095 sazculorum.
2895 5039 3088 5092 Amen.

2653 5171 2934 5227 HOMILIA
2975 5168 3215 5225 XXXIV.

2147 5285 2210 5341 Et
2240 5285 2368 5340 dixit
2397 5283 2534 5338 Deus
2561 5284 2712 5339 Abrae
2736 5294 3000 5354 postquam
3018 5289 3281 5352 separatus
3316 5289 3392 5333 est
3416 5279 3478 5332 ab
3504 5293 3560 5331 eo
3601 5275 3700 5330 Lot
3716 5318 3730 5331 .

2214 5377 2436 5432 Elevatis
2464 5377 2626 5429 oculis
2654 5375 2752 5428 tuis
2778 5374 2891 5428 vide
2913 5391 2945 5426 a
2971 5372 3101 5437 loco,
3132 5371 3185 5424 in
3211 5386 3308 5438 quo
3335 5379 3388 5422 tu
3420 5383 3552 5421 nunc
3576 5367 3734 5431 εδ,αά

2211 5470 2496 5539 aquilonem
2507 5477 2553 5520 et
2569 5466 2844 5533 meridiem,
2858 5476 2903 5519 et
2919 5466 3152 5518 orientem
3166 5473 3215 5516 et
3228 5479 3365 5515 mare
3376 5477 3396 5514 :
3407 5461 3523 5523 quia
3538 5474 3738 5512 onmem

2215 5569 2420 5623 terram,
2437 5574 2589 5627 quam
2609 5567 2665 5611 tu
2678 5558 2835 5624 vides,
2856 5556 2943 5610 tibi
2963 5555 3092 5609 dabo
3108 5570 3220 5608 eam
3237 5551 3366 5623 (Gen
3375 5591 3388 5605 .
3411 5551 3499 5606 1⁸5.
3521 5551 3586 5604 11
3616 5548 3709 5614 15)

2217 5695 2270 5748 1.
2327 5692 2628 5747 Modestiam
2676 5702 2722 5746 et
2789 5691 3223 5746 mansuetudinem
3288 5686 3624 5742 commendat.
3653 5717 3722 5726 -—

2149 5785 2414 5845 Didicistis
2454 5787 2599 5853 heri,
2636 5785 2934 5854 carissimi,
2966 5784 3211 5841 eximiam
3261 5779 3575 5852 patriarcha:
3633 5775 3730 5828 hu.
