4060 6432
251 458 346 512 3.,
1336 455 1404 508 IN
1440 454 1594 510 CAP.
1637 453 1751 509 xm
1788 452 2273 514 GENESJIOMIL
2336 460 2576 521 xxxw.

249 578 344 631 τοῦ
384 577 724 649 πατριάρχου
760 576 919 629 τοῦτο
955 570 1378 644 διαπράξασθαι,
1401 572 1652 642 καθάπερ
1692 569 1927 633 νέοστδς,

250 665 349 717 καὶ
386 665 492 717 ὑπὸ
529 664 630 733 τῆς
666 662 761 731 τοῦ
799 662 1044 724 πλείονος
1082 659 1377 729 ἐπιθυμίας
1417 658 1785 727 ἐξελκόμενος.
1820 659 1931 719 τοῖς

252 751 545 822 πρωτείοις
565 750 826 821 ἐπιπηδᾷ,
841 749 917 813 ῶς
937 747 1175 818 ἐνόμιζε.
1196 747 1290 800 καί⁸
1308 746 1406 818 τὴν
1427 744 1654 816 ἐκλογὴν
1675 747 1928 797 ποιεῖται.

253 838 360 892 Καὶ
385 837 636 906 ἐπάρας,
659 838 815 907 φησὶ,
835 835 966 891 Λὼτ
1002 834 1144 901 τοὺς
1183 834 1529 903 ὀφθαλμοὺς
1569 832 1776 897 αὑτοῦ,
1812 827 1933 886 εἶδε

252 921 465 977 πᾶσαν
502 922 616 991 τὴν
654 925 986 993 περίχωρον
1022 922 1129 977 τοῦ
1160 919 1477 989 Ἰορδάνου,
1515 919 1605 973 ὅτι
1647 917 1815 975 πᾶσα
1854 913 1933 988 ἦν

250 1009 625 1078 ποτιζομένῃ,
652 1012 765 1077 πρὸ
808 1009 914 1064 τοῦ
952 1010 1360 1078 καταστρέψαι
1396 1008 1500 1061 τὸν
1522 1006 1671 1061 Θεὸν
1700 1005 1934 1075 Σόδομα

252 1097 352 1151 καί
374 1099 673 1166 Γόμορρα,
698 1098 779 1164 ὠς
796 1100 829 1152 ό
851 1097 1214 1166 παράδεισος
1234 1097 1340 1150 τοῦ
1365 1096 1531 1160 Θεοῦ,
1565 1095 1661 1149 καί
1692 1095 1774 1160 ὡς
1795 1094 1833 1161 ἡ
1857 1092 1933 1164 γῆ

250 1187 559 1253 Αἰγύπτου
585 1225 600 1248 ,
643 1185 754 1251 ἕως
799 1184 998 1239 ἐλθεῖν
1043 1187 1130 1251 εἰς
1172 1184 1415 1253 Ζόγορα.
1459 1182 1567 1238 Καὶ
1612 1180 1933 1247 ἐξελέξατο

251 1272 449 1339 ἐαυτῷ
474 1274 605 1327 Λὼτ
625 1272 835 1328 πᾶσαν
861 1274 977 1341 τὴν
997 1273 1331 1342 περίχωρον
1354 1271 1462 1325 τοῦ
1495 1269 1811 1340 Ἰορδάνου,
1835 1270 1935 1325 καί

252 1358 453 1428 ἀπῆρε
487 1359 617 1415 Λὼτ
654 1359 773 1415 ἀπὸ
795 1359 1129 1423 ἀνατολῶν,
1165 1359 1260 1413 καί
1285 1358 1763 1428 διεχωρίσθησαν
1794 1357 1933 1413 ἕκα-

250 1464 403 1515 στος
426 1448 545 1502 ἀπὸ
583 1447 689 1502 τοῦ
710 1448 979 1516 ἀδελφοῦ
1000 1447 1208 1502 αὑτοῦ.
1231 1442 1383 1510 Εἶδες
1400 1447 1500 1518 τῆς
1520 1446 1721 1517 ἀρετῆς
1738 1445 1832 1500 τοῦ
1852 1446 1933 1501 διε

253 1537 415 1590 καίού
435 1536 533 1608 τήν
555 1536 885 1607 ὑπερϐολὴν,
907 1537 1057 1600 ὅπως
1076 1536 1134 1588 οὐ
1159 1535 1535 1607 συνεχώρησεν
1555 1534 1675 1589 οὐδὲ
1697 1535 1933 1606 βλαστῆ-

253 1644 347 1681 σαι
384 1627 484 1698 τὴν
523 1626 679 1698 ῥίζαν
718 1626 818 1696 τῆς
855 1626 1076 1690 κακίας,
1098 1626 1217 1679 ἀλλ’
1235 1625 1438 1690 εὐθέως
1457 1625 1551 1680 καὶ
1580 1625 1648 1678 τὰ
1671 1624 1933 1694 μέλλοντα

251 1718 489 1789 φύεσθαι
507 1716 752 1771 κάτωθεν
769 1717 990 1786 ἐξέτεμε
1007 1718 1101 1770 καὶ
1115 1716 1345 1785 ἠφάνισε
1359 1729 1374 1744 ⁸
1398 1714 1565 1786 πολλῇ
1580 1717 1646 1787 τῇ
1666 1714 1934 1786 ἐπιεικείᾳ

251 1808 626 1877 χρησάμενος,
650 1806 743 1859 καὶ
762 1805 830 1858 δι’
852 1804 1050 1877 ἀρετὴν
1083 1804 1191 1857 τῶν
1212 1804 1387 1858 ἀλλων
1409 1804 1710 1875 ὑπεροψίαν
1728 1802 1933 1872 ἄφατον

252 1895 689 1965 ἐπιδειξάμενος,
711 1894 807 1949 καὶ
824 1894 1038 1958 δεικνὺς
1069 1894 1274 1949 ἅπασιν
1291 1894 1441 1957 ὅπως
1459 1892 1640 1963 πάσης
1659 1891 1809 1963 αὐτῷ
1830 1908 1931 1946 πε·

253 1982 503 2056 ριουσίας
523 1983 894 2054 προτιμοτέρα
914 1982 1222 2053 τυγχάνειή
1245 1982 1457 2053 εἰρήνη,
1481 1982 1577 2034 καὶ
1608 1980 1671 2034 τὸ
1702 1980 1933 2050 φιλονει-

250 2072 381 2136 κίας
417 2071 793 2142 ἀπηλλάχθαι;
817 2072 935 2124 Ἵνα
977 2071 1084 2143 γάρ
1124 2070 1198 2140 μή
1233 2088 1317 2134 τις
1336 2068 1589 2140 καταγνῷ
1608 2068 1701 2122 τοῦ
1721 2068 1931 2122 δικαίου

249 2159 329 2224 ὡς
367 2158 680 2229 ἀγνώμονος
717 2158 1010 2228 γενομένου
1049 2156 1177 2228 περί
1214 2156 1305 2210 τὸν
1342 2155 1487 2219 Λὼτ,
1509 2157 1604 2210 καί
1621 2157 1702 2210 ὅτι
1722 2155 1933 2209 οἴκοθεν

249 2246 419 2299 αὐτὸν
452 2246 782 2315 ἀναστήσας,
805 2245 899 2298 καὶ
932 2244 1154 2313 ἀγαγὼν
1174 2245 1267 2298 ἐπὶ
1285 2244 1384 2314 τῆς
1405 2243 1713 2315 ἀλλοτρίας,
1736 2243 1935 2297 ἐκϐάλ-

250 2332 337 2386 λει
372 2333 473 2402 τῆς
508 2332 703 2396 οἰκίας,
729 2332 861 2403 μηδὲ
901 2332 1096 2403 νομίσῃ
1136 2349 1219 2395 τις
1251 2330 1546 2402 ἀπεχθείας
1565 2331 1727 2385 αὑτὸν
1748 2331 1934 2384 ἕνεκεν

249 2420 426 2475 ταῦτα
461 2419 811 2492 ἐργάζεσθαι,
832 2420 968 2474 ἀλλά
1007 2419 1269 2491 μάθωμεν
1310 2419 1570 2484 ἅπαντες,
1591 2420 1673 2473 ὅτι
1707 2420 1933 2491 εἰρήνης

249 2508 614 2578 ἀντεχόμενος
646 2507 818 2561 ταῦτα
840 2509 1003 2571 ποιεῖ,
1023 2507 1112 2562 διὰ
1128 2506 1289 2561 τοῦτο
1306 2508 1401 2562 καὶ
1420 2506 1520 2578 τὴν
1536 2507 1766 2577 ἐκλογὴν
1785 2507 1934 2578 αὐτῷ

250 2596 641 2666 παρεχώρησε,
662 2596 754 2648 καὶ
790 2595 860 2649 τά
894 2596 1135 2665 πρωτεῖα
1158 2594 1366 2649 ἐκείνου
1387 2594 1641 2665 ἑλομένου
1662 2596 1762 2648 οὐκ
1783 2595 1936 2648 ἐδυσ-

250 2683 503 2753 χέρανεν,
523 2683 611 2737 ἵνα
628 2682 827 2746 πάντες
850 2682 1050 2735 εἰδέναι
1069 2682 1283 2754 ἔχωμεν
1314 2686 1415 2755 τῆς
1446 2682 1540 2737 τοῦ
1563 2683 1775 2736 δικαίου
1793 2682 1935 2752 γνώ-

253 2786 368 2839 μης
402 2769 463 2822 τὸ
500 2769 818 2838 φιλάγαθον,
839 2770 934 2823 καὶ
970 2770 1069 2842 τῆς
1102 2771 1386 2842 εἰρηνικῆς
1421 2769 1588 2824 αὑτοῦ
1629 2770 1808 2842 ψυχῆς
1843 2770 1935 2824 τὸν

251 2856 698 2920 σκοπόν.⁰Αλλως
724 2856 781 2911 δὲ
816 2858 911 2911 καὶ
929 2857 1116 2928 ἕτερόν
1134 2876 1187 2912 τι
1211 2859 1511 2929 μυστήριον
1528 2853 1596 2929 ἦν
1617 2874 1933 2930 προοικονο-

253 2941 547 3012 μούμενον.
572 2942 713 2997 ῶστε
752 2944 923 2998 πολλά
959 2944 1080 2999 κατ’
1101 2944 1263 3000 αὐτὸν
1291 2943 1564 3013 γενέσθαι,
1588 2945 1791 2999 καὶτὸν
1809 2943 1935 2998 Λὼτ

248 3028 343 3084 διά
362 3029 470 3083 τῶν
490 3031 829 3102 πραγμάτων
849 3032 1222 3103 παιδευθῆναι,
1242 3032 1318 3096 ὡς
1337 3033 1398 3086 οὐ
1417 3032 1644 3096 δεόντως
1663 3031 1760 3105 τὴν
1780 3032 1936 3086 ἐκλο-

248 3116 359 3188 γὴν
379 3117 696 3188 ἐποιήσατο,
720 3118 814 3173 καὶ
847 3121 973 3183 τοὺς
1007 3120 1064 3175 ἐν
1097 3119 1352 3190 Σοδόμοις
1372 3121 1562 3190 μαθεῖν
1580 3119 1674 3173 τοῦ
1694 3118 1817 3173 Λὼτ
1835 3120 1935 3191 τὴν

252 3205 479 3275 ἀρετὴν,
501 3203 707 3258 καὶτοῦ
728 3206 1010 3278 χωρισμοῦ
1033 3208 1347 3279 γενομένου,
1369 3207 1467 3280 τὴν
1487 3207 1818 3277 ἐπαγγελίαν
1836 3207 1934 3279 τὴν

257 3293 337 3355 εἰς
373 3291 464 3344 τὸν
500 3294 843 3365 πατριάρχην
883 3296 1259 3367 γεγενημένην
1278 3298 1358 3360 είς
1376 3297 1537 3367 ἔργον
1569 3296 1817 3368 ἐκϐῆναι,
1836 3296 1935 3368 τὴν

251 3378 520 3447 λέγουσαν
542 3396 554 3409 ’
578 3381 681 3435 Σοί
717 3383 813 3436 καί
851 3382 932 3448 τῷ
969 3383 1265 3453 σπέρματί
1288 3383 1437 3456 [538]
1459 3400 1575 3438 σου
1614 3382 1785 3437 δώσω
1820 3383 1937 3451 τὴν

250 3465 378 3537 γῆν
398 3469 626 3534 ταύτην
644 3485 657 3499 ’
682 3470 965 3523 καὶταῦτα
985 3471 1126 3524 κατά
1148 3472 1341 3543 μικρὸν
1371 3472 1651 3544 προϊόντες
1667 3470 1931 3542 ὀψόμεθα,

249 3553 357 3622 τῆς
380 3553 528 3618 θείας
549 3555 773 3626 Γραφῆς
796 3558 927 3628 ἡμῖν
967 3557 1180 3612 ἅπαντα
1215 3558 1492 3629 κατάδηλα
1526 3557 1803 3630 ποιούσης.
1825 3560 1933 3613 Καὶ

254 3641 510 3709 ’Λϐραμ,
550 3642 718 3713 φησὶ,
760 3642 1119 3712 παρῴκησεν
1156 3644 1226 3698 ἐν
1268 3642 1346 3715 τῇ
1389 3644 1659 3699 Χαναὰν·
1703 3645 1835 3700 Λὼτ
1868 3645 1937 3698 δὲ

249 3725 613 3795 κατῴκησεν
633 3730 702 3783 ἐν·
723 3731 895 3784 πόλει
931 3730 1049 3785 τῶν
1073 3731 1432 3800 περιχώρων,
1456 3733 1556 3787 καί
1580 3732 1938 3811 ἐσκήνωσεν

248 3813 325 3865 ἐν
348 3813 653 3884 Σοδόμοις.
684 3820 747 3870 Ol
782 3816 850 3870 δὲ
874 3816 1171 3886 ἅνθρωποι
1194 3822 1248 3872 οἱ
1280 3819 1351 3872 ὲν
1370 3818 1657 3888 Σοδόμοις
1681 3820 1935 3889 πονηρσί

251 3901 352 3954 καὶ
393 3901 726 3971 ἁμαρτωλοὶ
765 3903 1045 3958 ἐναντίον
1076 3904 1183 3960 τοῦ
1219 3905 1366 3960 Θεοῦ
1385 3908 1640 3977 σφόδρα.
1660 3909 1822 3980 Ὁρᾷς
1844 3908 1935 3963 τὸν

236 3986 381 4055 ,Λὼτ
408 3988 544 4059 πρὸς
580 3990 677 4059 τὴν
700 3990 796 4061 τῆς
818 3992 919 4061 γῆς
942 3991 1102 4057 φύσιν
1128 3993 1287 4063 μόνον
1308 3993 1586 4058 ἀπιδόντα,
1610 3996 1702 4048 καὶ
1722 3996 1781 4048 οὐ
1808 4014 1935 4050 σκο-

250 4076 359 4129 πού
369 4093 527 4146 μενον
562 4077 670 4130 τῶν
696 4079 1047 4134 ἐνοικούντων
1066 4080 1165 4151 τὴν
1193 4082 1451 4153 πονηρίαν
1472 4098 1486 4146 ;
1510 4082 1573 4134 Τί
1594 4083 1701 4154 γὰρ
1722 4083 1932 4152 δφελος,

248 4164 389 4217 εἰπὲ
401 4180 511 4234 μοι,
534 4165 636 4236 γῆς
658 4166 1034 4239 ἐπιτηδειότης
1075 4170 1169 4222 καὶ
1209 4169 1440 4239 καρπῶν
1460 4170 1709 4242 εὐφορία,
1731 4172 1858 4225 ὃταν
1883 4174 1932 4225 οἰ

249 4251 590 4315 ἐνοικοῦντες
617 4246 717 4306 ὦσι
760 4246 1025 4326 μοχθηροὶ
1062 4255 1153 4309 τὸν
1193 4257 1425 4327 τρόπον;
1462 4259 1602 4312 Τίδέ
1625 4259 1820 4329 βλάϐος
1839 4261 1935 4314 ἀπ’

247 4340 491 4410 ἐρημίας
510 4339 575 4393 ἂν
594 4340 804 4409 γένοιτο
824 4344 917 4397 καὶ
936 4344 1040 4413 γῆς
1063 4342 1424 4417 φαυλοτάτης,
1445 4347 1571 4400 ὅταν
1590 4349 1639 4400 οἱ
1661 4347 1934 4402 ἐνοικοῦν-

245 4443 345 4489 τες
365 4419 498 4480 ὦσιν
517 4427 911 4501 ἐπιεικέστεροι
931 4447 946 4496 ;
968 4429 1043 4483 Τὸ
1061 4430 1175 4503 γὰρ
1190 4431 1480 4500 κεφάλαιον
1512 4433 1621 4487 τῶν
1657 4434 1877 4503 ἀγαθῶν
1900 4437 1932 4507 ή

246 4513 366 4566 τῶν
399 4515 751 4570 ἐνοικούντων
771 4518 919 4571 ἐστὶν
937 4518 1351 4590 εὐγνωμοσύνη.
1372 4519 1510 4573 Ἀλλ’
1529 4524 1557 4574 ό
1576 4521 1697 4575 Λὼτ
1720 4523 1855 4592 πρὸς
1875 4522 1934 4576 ἐν

249 4601 419 4671 μόνον
456 4598 585 4665 εἶδεν
607 4606 706 4675 τῆς
743 4604 851 4675 γῆς
889 4604 986 4677 τὴν
1024 4607 1301 4678 εὐφορίαν.
1341 4608 1439 4662 Διά
1473 4609 1632 4662 τοῦτο
1672 4611 1704 4681 ἡ
1744 4610 1933 4683 Γραφὴ

247 4691 499 4759 σημᾶναι
533 4691 664 4762 ήμῖν
685 4690 983 4764 βουλομένη
1005 4693 1113 4747 τῶν
1135 4694 1321 4749 αὐτόθι
1342 4696 1633 4749 οἰκούντων
1651 4697 1749 4768 τὴν
1770 4715 1935 4769 πονη-

247 4775 399 4847 ρίαν,
423 4777 627 4847 φησίνο
672 4780 737 4832 Ol
771 4776 841 4832 δὲ
875 4778 1173 4847 ἄνθρωποι
1207 4785 1259 4836 οἱ
1291 4781 1664 4851 ἐνΣοδόμοις
1685 4785 1934 4855 πονηροὶ

249 4866 353 4918 καί
392 4865 726 4934 ἁμαρτωλοί
764 4866 1049 4923 ἐναντίον
1069 4869 1174 4923 τοῦ
1198 4870 1346 4923 Θεοῦ
1368 4870 1624 4939 σφόδρα.
1652 4873 1724 4924 Οὐ
1750 4874 1930 4943 μόνον,

245 4953 412 5022 φησὶ,
451 4956 732 5022 Πονηροί,
774 4956 911 5010 ἀλλὰ
949 4957 1057 5010 Κιιί
1101 4957 1454 5026 ἁμαρτωλοὶ,
1478 4961 1570 5012 καὶ
1604 4961 1702 5031 οὐχ
1746 4961 1932 5026 ἁπλῶς

261 5043 636 5109 ’Λμαρτωλοί,
660 5044 796 5099 ἀλλὰ
836 5046 930 5099 καὶ
963 5046 1274 5100 Ἐναντίον
1311 5048 1417 5105 τοῦ
1437 5048 1607 5113 Θεοῦ,
1629 5050 1771 5103 τοῦτ’
1792 5049 1928 5117 ἐστι,

244 5128 425 5199 πολλὴ
444 5131 551 5182 τῶν
573 5133 986 5203 ἁμαρτημάτων
1005 5134 1184 5187 αὐτῶν
1204 5136 1237 5205 ή
1258 5136 1529 5201 ἐπίτασις,
1548 5137 1640 5189 καὶ
1660 5137 1931 5209 ὑπερϐάλ-

240 5217 418 5270 λουσα
450 5216 630 5270 αὐτῶν
656 5219 689 5287 ή
713 5220 975 5290 πονηρία·
997 5221 1064 5274 δι’
1085 5221 1114 5274 ὃ
1146 5223 1239 5275 καὶ
1273 5224 1550 5292 ἐπήγαγεν
1567 5242 1580 5254 ο
1616 5225 1932 5280 Ἕναντίον

240 5303 360 5357 τοῦ
386 5304 533 5358 Θεοῦ
553 5306 806 5373 σφόδρα.
830 5302 983 5371 Εἶδες
1004 5308 1205 5373 κακίας
1228 5310 1485 5379 μέγεθος;
1520 5308 1656 5376 εἶδες
1672 5312 1797 5366 ὅσον
1813 5313 1931 5367 ἐστὶ

242 5392 423 5445 κακὸν
457 5392 518 5446 τὸ
552 5397 662 5457 τοῖς
700 5396 988 5465 πρωτείοις
1024 5397 1319 5468 ἐπιπηδᾷν,
1342 5402 1432 5453 κσίι
1459 5398 1534 5470 μὴ
1552 5399 1614 5453 τὸ
1650 5401 1928 5473 συμφέρον

245 5482 479 5533 σκοπεῖν
498 5497 513 5545 ;
535 5476 673 5545 εἶδες
693 5483 815 5535 ὅσον
835 5483 983 5536 ἐστὶν
1003 5485 1293 5549 ἐπιείκεια,
1314 5488 1410 5541 καὶ
1425 5488 1487 5541 τὸ
1506 5488 1616 5541 τῶν
1643 5488 1928 5560 πρωτείων

246 5571 627 5639 παραχωρεῖν,
650 5570 743 5623 καὶ
778 5569 1166 5639 ἐλαττοῦσθαι;
1205 5574 1335 5627 Ἰδοὺ
1355 5574 1465 5646 γάρ
1493 5574 1789 5646 προϊούσης
1827 5575 1927 5647 τῆς

243 5654 599 5719 διδασκαλίας
634 5655 880 5727 ὀψόμεθα
897 5657 990 5710 τὸν
1012 5659 1112 5728 μὲν
1128 5659 1200 5713 τὰ
1220 5660 1413 5731 πρῶτα
1430 5661 1812 5732 ἐκλεξάμενον,
1831 5661 1925 5715 οὐ-

245 5742 441 5811 δεμίαν
477 5742 686 5797 ἐκεῖθεν
724 5742 908 5814 ὀνησιν
947 5746 1451 5818 προσλαμϐάνοντα,
1472 5749 1564 5803 τὸν
1591 5748 1648 5803 δὲ
1671 5748 1926 5804 ἐλάττονα

247 5828 523 5899 ἑλόμενον,
562 5830 1023 5904 περιφανέστερον
1064 5833 1184 5889 καθ’
1206 5835 1440 5909 ἐκάστην
1481 5838 1784 5909 γινόμενον,
1822 5838 1920 5895 καὶ

3609 468 3713 524 512

2032 571 2121 626 διὰ
2160 577 2378 633 πάντων
2418 579 2792 652 αὐξανομένην
2828 580 2995 636 αὐτοῦ
3017 582 3115 655 τὴν
3134 583 3417 656 εὐπορίαν,
3442 585 3538 638 καὶ
3575 586 3713 640 πᾶσι

2040 664 2262 734 περίόλε
2271 682 2400 719 πτον
2420 667 2840 738 καθιστάμενον.

2103 747 2165 803 ε’.
2185 752 2324 806 Ἀλλ’
2345 753 2433 807 ἶνα
2456 754 2530 827 μὴ
2550 757 2628 819 εἰς
2645 755 2779 809 πολύ
2804 757 2978 827 μῆκος
2996 756 3440 830 ἐκτείνωμεν.τὴν
3452 757 3569 811 διδα
3577 776 3709 812 sxa-

2029 838 2172 903 λίαν,
2198 841 2358 913 μέχρι
2389 842 2579 896 τούτου
2620 844 2915 914 στήσαντες
2932 844 3024 898 τὸν
3042 843 3220 914 λόγον,
3244 846 3325 908 εἰς
3345 845 3442 916 τὴν
3461 845 3590 916 ἑξῆς
3609 864 3709 900 τα-

2035 926 2391 997 μιευσώμεθα
2411 927 2478 982 τά
2498 928 2817 999 λειπόμενα,
2837 930 3012 983 ἐκεῖνο
3033 929 3511 1002 παρακαλέσαντες
3545 933 3574 984 ὑ
3582 932 3710 1001 μᾶς,

2032 1012 2172 1067 ὥστε
2210 1011 2449 1084 ζηλῶσαι
2486 1014 2578 1069 τόν
2617 1017 2984 1091 πατριάρχην,
3006 1017 3103 1071 καὶ
3140 1017 3409 1089 μηδέποτε
3428 1018 3537 1071 τῶν
3558 1035 3711 1088 πρωι-

2029 1099 2187 1154 τείων
2225 1100 2493 1170 ἐφίεσθαι.
2524 1102 2660 1156 ἀλλά
2697 1104 2978 1158 πείθεσθαι
3016 1103 3096 1176 τῷ
3136 1103 3391 1175 μακαρίῳ
3410 1102 3607 1174 Παύλῳ
3625 1104 3713 1157 λέ-

2030 1205 2178 1252 γοντι
2197 1204 2212 1218 ο
2241 1188 2319 1259 Τῇ
2357 1188 2494 1259 τιμῇ
2540 1190 2852 1259 ἀλλήλους
2888 1191 3325 1263 προηγούμενοι
3344 1192 3712 1263 ὑπερέχοντας

2031 1275 2263 1341 έαυτῶν,
2287 1277 2381 1331 καὶ
2418 1278 2740 1343 σπουδάζειν
2780 1279 2841 1332 ἐν
2878 1278 3082 1332 ἅπασιν
3121 1278 3498 1333 ἐλαττοῦσθαι.
3540 1277 3715 1332 Τοῦτο

2031 1365 2140 1436 γάρ
2159 1366 2275 1419 ἐστι
2298 1366 2354 1418 τὸ
2372 1365 2439 1419 τὰ
2460 1369 2703 1438 πρωτεῖα
2723 1367 2888 1438 ἔχειν,
2910 1365 3164 1439 καθάπερ
3188 1367 3284 1420 καὶ
3301 1368 3330 1420 ὁ
3349 1365 3582 1438 Χριστός
3604 1383 3712 1436 φη·-

2032 1469 2145 1505 σιν·
2198 1452 2251 1505 ’0
2290 1451 2587 1507 ταπεινῶν
2628 1454 2867 1520 ἑαυτὸν,
2908 1454 3315 1522 ὑψωθήσεται.
3342 1453 3407 1506 Τί
3427 1448 3518 1507 οῦν
3537 1452 3604 1507 ἂν
3624 1455 3713 1525 εἴη

2031 1540 2221 1594 τούτου
2261 1539 2397 1607 ίσον,
2418 1541 2546 1595 ὅταν
2578 1540 2644 1595 δι’
2665 1537 2739 1595 ὧν
2776 1540 2983 1613 ἑτέροις
3002 1541 3109 1596 τῶν
3130 1541 3417 1613 πρωτείων
3451 1556 3713 1612 παραχω-⁸

2034 1628 2257 1700 ροῦμεν,
2280 1628 2433 1683 αὐτοί.
2458 1627 2702 1699 μείζονος
2721 1628 3084 1700 ἀπολαύωμεν
3103 1629 3205 1699 τῆς
3223 1628 3412 1699 τιμῆς,
3435 1629 3527 1683 καὶ
3549 1629 3617 1682 δι’
3636 1623 3712 1684 ὧν

2030 1716 2254 1790 ἐτέρους
2295 1716 2683 1790 προτιμῶμεν,
2724 1716 2953 1781 ἐαυτούς
2992 1718 3072 1781 είς
3112 1716 3212 1788 τὴν
3251 1718 3513 1773 ἀνωτάτω
3545 1718 3719 1789 τιμὴν

2030 1806 2361 1877 άνάγωμενς
2412 1806 2583 1860 Τοῦτο
2636 1806 2816 1863 τοίνυν
2837 1846 2853 1871 ,
2893 1806 3198 1879 παρακαλῶ
3219 1848 3236 1874 ,
3282 1806 3672 1877 σπουδάζωμεν
3694 1846 3715 1873 ,

2030 1893 2171 1948 ὥστε
2217 1894 2499 1966 μιμεῖσθαι
2537 1892 2632 1947 τοῦ
2672 1893 3015 1966 πατριάρχου
3054 1894 3153 1965 τὴν
3185 1894 3709 1965 ταπεινοφροσύνην,

2031 1980 2124 2034 καὶ
2143 1982 2265 2033 κατ’
2286 1982 2432 2051 ῐχνος
2449 1980 2637 2035 τούτου
2657 1980 2752 2034 τοῦ
2772 1982 2878 2053 πρὸ
2898 1979 2991 2034 τοῦ
3012 1981 3177 2052 νόμου
3197 1982 3297 2053 τὴν
3315 1982 3569 2052 τοιαύτην
3590 1982 3714 2036 ἐπι-

2029 2067 2346 2139 δειξαμένου
2367 2067 2685 2138 φιλοσοφίαν
2708 2070 2867 2140 ήμεῖς
2887 2069 2936 2122 οἱ
2957 2070 3015 2122 ἐν
3034 2072 3097 2140 τῇ
3120 2069 3302 2139 χάριτι
3323 2068 3709 2141 πορευώμεθα.

2033 2153 2512 2227 Ταπεινοφροσύνη
2534 2156 2645 2227 γάρ
2663 2156 2881 2227 ἀληθῶς
2900 2155 3038 2228 αῦτη
3063 2156 3230 2219 ἐστὶν,
3250 2156 3428 2227 ἥνπερ
3445 2157 3474 2209 ὁ
3495 2156 3714 2226 θαυμάα

2033 2259 2148 2306 σιος
2168 2237 2321 2307 οὗτος
2357 2245 2495 2315 ἀνὴρ
2525 2244 2837 2308 ἐπεδείξατο
2857 2261 2924 2297 πε
2934 2244 2985 2313 ρ).
3004 2244 3094 2297 τδν
3116 2244 3250 2301 πολύ
3271 2244 3436 2298 αὑτοῦ
3458 2244 3711 2315 λειπόμε-

2032 2347 2142 2393 νον,
2164 2330 2225 2384 οὐ
2265 2331 2408 2384 κατά
2445 2332 2536 2384 τδν
2567 2331 2667 2402 τῆς
2687 2331 2887 2402 ἀρετῆς
2906 2332 3066 2399 λόγον
3090 2332 3269 2403 μόνον,
3293 2332 3427 2386 ἀλλὰ
3447 2333 3542 2387 καὶ
3564 2332 3710 2387 κατά

2031 2415 2127 2487 τὴν
2149 2417 2362 2487 ἡλικίαν
2383 2418 2478 2471 καὶ
2497 2417 2565 2471 τὰ
2586 2418 2720 2473 ἄλλα
2741 2418 2938 2471 πάντα.
2957 2418 3240 2490 Ἐννόησον
3260 2418 3368 2492 γὰρ
3388 2420 3471 2473 ὅτι
3506 2419 3534 2473 ὁ
3577 2437 3712 2491 πρε-

2034 2503 2237 2574 σὸύτης
2265 2503 2342 2575 τῷ
2361 2504 2466 2574 νέῳ
2486 2504 2869 2577 παρεχώρησε,
2893 2505 2985 2559 καί⁵
3005 2507 3034 2558 ὁ
3054 2505 3197 2569 θεῖος
3214 2504 3292 2576 τῷ
3312 2506 3593 2577 ἀδελφιδῷ,
3616 2507 3717 2561 καὶ

2032 2592 2061 2645 ὁ
2094 2591 2363 2663 τοσαύτης
2398 2592 2688 2646 ἀπολαύων
2731 2592 2884 2665 παρὰ
2920 2592 3013 2646 τοῦ
3047 2592 3182 2646 Θεοῦ
3216 2593 3429 2658 εὐνοίας
3446 2592 3522 2664 τῷ
3546 2593 3717 2665 μηδὲν

2037 2677 2260 2750 μηδέπω
2299 2679 2441 2749 μέγα
2476 2697 2530 2733 τι
2566 2678 2989 2753 ἐπιδειξαμένῳ·
3031 2681 3126 2735 καὶ
3156 2681 3300 2754 άπερ
3319 2683 3485 2753 ἐχρῆν
3504 2683 3713 2736 ἐκεῖνον

2032 2767 2226 2828 εἰπεῖν,
2246 2767 2323 2830 ώς
2364 2766 2483 2821 νέον
2519 2766 2657 2840 πρὸς
2696 2768 2789 2822 τὸν
2828 2770 3144 2840 πρεσϐύτην
3179 2769 3273 2823 καὶ
3311 2769 3452 2823 θεῖον
3493 2767 3709 2832 ἑαυτοῦ,

2030 2852 2204 2908 ταῦτα
2221 2856 2250 2907 ὁ
2270 2854 2619 2927 πατριάρχης
2637 2855 2773 2927 πρὸς
2792 2855 2883 2909 τὸν
2904 2855 3059 2928 [5'59]
3082 2857 3201 2910 νέον
3220 2856 3395 2924 ἔλεγε.
3419 2856 3530 2909 Καὶ
3550 2857 3715 2927 ἡμεῖς

2029 2940 2212 2993 τοίνυν
2234 2940 2307 3012 μὴ
2330 2942 2458 3013 περί
2475 2943 2601 3006 τοὺς
2619 2942 3064 3014 ὑπερϐεϐηκότας
3080 2945 3251 3015 ἡμᾶς,
3267 2942 3301 3015 ἦ
3317 2945 3398 3006 εἰς
3414 2944 3540 3006 τοὺς
3562 2944 3713 3006 ῖσους

2031 3028 2217 3099 ήμῖνι
2245 3029 2615 3099 τυγχάνοντας
2658 3029 2818 3100 μόνον
2852 3030 2923 3083 τά
2962 3030 3060 3100 τῆς
3100 3029 3269 3100 τιμῆς
3292 3027 3713 3100 ἐπιδειξώμεθα.

2032 3113 2205 3168 Τοῦτο
2225 3116 2332 3188 γάρ
2350 3115 2450 3170 οὐκ
2468 3114 2534 3170 ἂν
2555 3117 2639 3189 είη
2660 3115 3127 3190 ταπεινοφροσύνη
3155 3135 3169 3148 ·
3190 3119 3318 3172 ὅταν
3335 3117 3445 3188 γάρ
3460 3134 3545 3181 τις
3561 3118 3624 3171 τὸ
3650 3113 3719 3183 ἐξ

2032 3201 2278 3275 ἀνάγκης
2330 3203 2676 3275 ὀφειλόμενον
2719 3207 2885 3276 ποιῇ,
2926 3205 2986 3259 οὐ
3027 3203 3497 3277 ταπεινοφροσύνη
3550 3204 3711 3258 τοῦτό

2033 3291 2200 3353 ἐστιν,
2241 3290 2355 3344 ἀλλ’
2375 3290 2583 3363 ὀφειλή.
2608 3291 2676 3345 Ἦ
2712 3291 2769 3345 δὲ
2806 3282 3013 3363 ἀληθής
3052 3291 3543 3364 ταπεινοφροσύνη,
3581 3293 3712 3345 ὅταν

2032 3380 2143 3441 τοῖς
2164 3377 2440 3433 ἐλάττοσιν
2459 3375 2599 3434 εἴναι
2616 3379 2835 3433 δοκοῦσι
2864 3378 3303 3452 παραχωρῶμεν,
3337 3380 3433 3434 καὶ
3467 3380 3716 3443 ἐκείνους

2035 3465 2395 3535 προτιμῶμεν
2433 3466 2557 3530 τούς
2599 3465 2735 3520 πολύ
2778 3466 3235 3537 καταδεεστέρους
3262 3463 3711 3536 εἶναινομιζομέ-

2033 3553 2286 3615 νους.“Λν
2326 3552 2383 3605 δὲ
2423 3553 2703 3624 νήφωμεν,
2743 3553 2865 3608 οὐδέ
2897 3554 3151 3616 ἐλάττους
3187 3553 3349 3624 ήμῶν
3387 3548 3525 3607 εἷναί
3562 3542 3716 3617 τινας

2033 3637 2506 3709 νομίσομεν,ἀλλά
2546 3639 2755 3704 πάντας
2797 3640 3116 3713 ἀνθρώπους
3155 3639 3506 3712 ὑπερὸαίνειν
3542 3642 3710 3711 ἡμᾶς.

2033 3724 2145 3777 Καὶ
2182 3724 2341 3779 τοῦτο
2376 3725 2541 3795 λέγω,
2565 3727 2625 3780 οὐ
2658 3728 2788 3798 περὶ
2804 3728 2965 3799 ήμῶν
2983 3727 3091 3781 τῶν
3115 3727 3329 3799 μυρίοις
3351 3728 3570 3800 ἀμαρτή
3578 3743 3711 3797 μασι

2036 3808 2508 3881 βεϐαπτισμένων,
2530 3812 2667 3867 ἀλλὰ
2694 3813 2796 3868 κᾶν
2820 3812 2989 3885 μυρία
3009 3810 3145 3886 τις
3167 3812 3567 3884 κατορθώματα
3586 3815 3716 3867 ἑαυο

2032 3895 2111 3968 τῷ
2132 3899 2410 3963 συνειδὼς,
2435 3900 2509 3971 μὴ
2530 3901 2687 3955 τοῦτο
2717 3901 2776 3955 δέ
2813 3900 3078 3970 λογίζοιτο
3098 3901 3219 3955 καθ’
3243 3900 3455 3967 ἐαυτὸν,
3474 3902 3556 3955 ὅτι
3578 3901 3720 3955 πάν-

2033 4001 2144 4038 των
2164 3985 2310 4039 ἐστὶν
2330 3986 2575 4056 ἔσχατος,
2598 3988 2749 4041 οὐδὲν
2769 3987 2917 4059 αὐτῷ
2937 3988 3125 4058 ὄφελος
3146 3987 3213 4041 ἂν
3232 3988 3438 4055 γένοιτο
3458 3989 3565 4042 τῶν
3586 4005 3713 4042 τοσ-

2033 4072 2206 4126 ούτων
2228 4074 2683 4144 κατορθωμάτων.
2710 4073 2882 4129 Τοῦτο
2918 4076 3027 4146 γάρ
3065 4077 3182 4129 ἐστι
3215 4075 3708 4147 ταπεινοφροσύνη,

2034 4160 2160 4213 ὅταν
2178 4177 2263 4225 τις
2283 4160 2537 4233 ἀφορμάς
2557 4160 2694 4231 ἔχων
2727 4161 2820 4215 τοῦ
2862 4162 3207 4234 ἐπαίρεσθαι,
3229 4163 3568 4238 καταστέλλῃ
3587 4165 3720 4217 ἐαυ-

2034 4246 2125 4299 τὸν
2144 4248 2238 4301 καὶ
2257 4250 2523 4312 ταπεινοῖ,
2546 4249 2640 4301 καὶ
2663 4248 2951 4323 μετριάζη.
2976 4251 3109 4304 Τότε
3147 4252 3255 4323 γάρ
3284 4252 3380 4305 καὶ
3401 4253 3480 4315 εἱς
3498 4252 3558 4305 τὸ
3577 4251 3716 4323 ἀλη-

2036 4332 2125 4397 θὲς
2144 4334 2279 4404 ὕψος
2294 4335 2678 4407 ἀναχθήσεται,
2701 4336 2840 4392 κατὰ
2856 4337 2955 4409 τὴν
2974 4338 3068 4392 τοῦ
3088 4337 3285 4409 Κυρίου
3303 4338 3597 4410 ὑπόσχεσιν
3611 4341 3716 4412 τὴν

2034 4420 2318 4490 λέγουσαν,
2339 4422 2421 4475 ὅτι
2451 4422 2505 4475 '0
2527 4423 2824 4478 ταπεινῶν
2843 4424 3061 4479 ἑαυτὸν
3095 4424 3499 4494 ὑψωθήσεται.
3539 4425 3712 4484 21:00-

2034 4508 2283 4579 δάσωμεν
2319 4510 2516 4577 τοίνυν,
2540 4512 2865 4584 παρακαλῶ,
2888 4512 3091 4576 πάντες
3110 4511 3202 4567 τοῦ
3226 4511 3399 4583 ὕψους
3431 4515 3717 4586 ἐπιτυχεῖν

2033 4596 2128 4650 τοῦ
2168 4596 2255 4651 διὰ
2289 4597 2389 4668 τῆς
2428 4600 2949 4671 ταπεινοφροσύνης,
2973 4601 3063 4655 ἵνα
3099 4603 3197 4673 τῆς
3229 4602 3401 4672 αὐτῆς
3419 4601 3496 4672 τῷ
3514 4601 3717 4669 δικαίῳ

2036 4684 2249 4750 εὐνοίας
2282 4686 2678 4759 ἀπολαύσωμεν
2699 4689 2848 4761 παρά
2867 4687 2961 4742 τοῦ
2983 4689 3273 4754 Δεσπότου,
3298 4689 3517 4742 καὶτῶν
3538 4691 3715 4760 amp.

2037 4777 2218 4846 ρήτων
2238 4776 2704 4847 ἐκείνωνξάγαθῶν
2721 4775 3058 4847 ἀξιωθῶμεν,
3082 4776 3266 4847 χάριτι
3288 4776 3382 4830 καὶ
3402 4777 3707 4848 φιλανθρω·

2036 4863 2135 4935 πίᾳ
2163 4863 2257 4917 τοῦ
2287 4863 2495 4936 Κυρίου
2513 4863 2673 4935 ἡμῶν
2706 4863 2878 4935 Ἰησοῦ
2900 4863 3157 4935 Χριστοῦ,
3184 4864 3304 4935 μεθ’
3326 4857 3387 4918 οὐ
3406 4864 3484 4934 τῷ
3505 4865 3707 4936 Πατρί,

2034 4949 2152 5021 ἅμα
2180 4950 2258 5021 τῷ
2295 4951 2435 5022 ἁγίῳ
2455 4950 2752 5021 Πνεύματι,
2774 4948 2920 5015 δόξα,
2941 4949 3163 5022 κράτος,
3186 4950 3339 5023 τιμὴ,
3367 4950 3461 5006 νῦν
3482 4952 3575 5005 καὶ
3594 4951 3708 5012 ἀεὶ.

2033 5038 2127 5091 καὶ
2146 5039 2226 5103 εἰς
2243 5038 2369 5102 τούς
2388 5039 2590 5102 αἰῶνας
2606 5037 2715 5093 τῶν
2734 5036 2964 5094 αἰώνων.
2982 5039 3176 5110 Ἀμήν.

2664 5162 2763 5216 ΟΜ
2772 5162 2909 5215 [AIA
2948 5162 3069 5217 ΛΔ’.

2030 5257 2179 5337 Εἷπε
2208 5263 2289 5337 δέ-
2310 5264 2522 5337 Κύριος
2549 5263 2638 5337 τῷ
2655 5266 2895 5337 ,Ἅϐραμ
2926 5268 3075 5336 μετὰ
3103 5268 3172 5321 τὸ
3204 5266 3568 5337 χωρισθῆναι
3596 5268 3707 5321 τὸν

2101 5333 2359 5407 Λὼτ-ἀπ’
2388 5334 2574 5407 αὐτοῦ
2593 5351 2605 5365 ⁸
2654 5333 3030 5407 Ἀναϐλέψας
3069 5333 3562 5407 τοῖςδέρθαλμοῖς
3583 5354 3705 5392 σου

2101 5402 2331 5486 ιδεάπὸ
2350 5403 2457 5486 τοῦ
2489 5407 2699 5486 τόπου,
2725 5402 2798 5461 οὗ
2833 5402 2928 5486 σίξ
3082 5409 3154 5471 εἷ,
3169 5402 3332 5486 πρξθς
3348 5402 3581 5486 ,βορρᾶν
3602 5408 3706 5486 κιαί

2100 5474 2263 5546 λίϐα,
2286 5474 2387 5546 καί
2419 5475 2721 5546 ἀνατολὰς
2753 5476 2851 5546 καί
2888 5474 3233 5542 θάλασσαν,
3249 5478 3337 5532 ὅτι
3360 5474 3568 5533 πᾶσαν
3591 5478 3708 5546 τὴν

2099 5542 2236 5613 γῆν,
2271 5540 2353 5610 ’ἢν
2382 5544 2464 5597 σὺ
2502 5543 2666 5613 ὁρᾷς,
2696 5540 2799 5600 σοί
2828 5545 3002 5600 δώσω
3028 5540 3240 5614 αὐτήν.

2099 5653 2167 5703 α’.
2206 5649 2556 5719 Κατεμάθετε
2586 5651 2734 5723 χθὲς,
2776 5653 3069 5723 ἀγαπητοὶ.
3102 5653 3196 5707 τοῦ
3234 5655 3566 5728 πατριάρχου
3602 5654 3704 5725 τὴν

2033 5733 2131 5790 ὑπε
2139 5734 2469 5808 ρ6άλλουσαν
2484 5741 3003 5812 ταπεινοφροσύνην,
3022 5741 3192 5794 είδετε
3214 5742 3513 5808 ἐπιεικείας
3530 5744 3699 5813 ὑπερ-

2103 5862 2135 5889 *
2160 5861 2308 5911 Savil.
2332 5869 2381 5912 el
2404 5862 2600 5924 quidam
2623 5861 2707 5914 alii
2727 5863 2837 5922 τοὺς
2853 5864 2899 5920 ἐξ
2932 5863 3042 5924 ίσης
3062 5864 3192 5929 ἡμῖν.
