4060 6418
362 397 468 453 ⁸513

362 512 546 582 ϐολήν.
562 511 695 565 Οὐδὲ
707 511 814 583 γὰρ
828 507 895 581 ἦν
909 510 967 564 τὺ
978 508 1139 583 τυχὸν
1154 510 1215 563 τὸ
1233 508 1323 561 τὸν
1344 524 1447 578 πρε
1457 505 1679 573 σϐύτην,
1696 504 1784 556 τὸν
1803 502 2041 555 τοσαῦτα

363 600 780 671 εὑεργετῆκότα,
798 598 890 652 τὸν
901 597 1170 669 τοσαύτης
1185 595 1528 651 ἀπολαύοντα
1546 594 1642 663 τῆς
1663 592 1873 656 εὐνοίας
1892 592 2042 663 παρά

361 687 454 740 τοῦ
496 686 712 741 πάντων
750 686 1043 750 Δεσπότου,
1063 683 1333 754 τοσαύτην
1372 680 1743 747 ἐπιδείξασθαι
1784 681 1913 752 περί
1950 680 2040 734 τὸν

362 775 502 836 νέον,
522 774 613 827 τὸν
644 772 980 842 ἀδελφιδοῦν,
1003 772 1102 843 τὴν
1144 771 1437 841 ἰσοτιμίαν,
1459 770 1597 825 ὥστε
1636 771 1730 823 καὶ
1756 770 1865 822 τῶν
1887 787 2039 841 πρω-

360 859 521 916 τείων
558 861 709 932 αὑτῷ
750 864 1171 932 παραχωρῆσαι,
1193 859 1371 913 καὶτὰ
1393 859 1647 914 ἐλάττονα
1683 857 1920 919 ἑλέσθαι,
1944 858 2039 913 καί¹

362 951 539 1005 πάντα
576 949 972 1017 καταδέξασθαι
1015 948 1155 1019 ὑπὲρ
1192 947 1284 1001 τοῦ
1323 947 1413 999 τὸν
1444 947 1680 1017 πόλεμον
1702 947 2036 1012 ἀναστεῖλαι,

362 1037 457 1092 καὶ
476 1037 573 1110 τὴν
593 1037 694 1107 τῆς
714 1036 1045 1107 φιλονεικίας
1065 1035 1319 1089 ὑπόθεσιν
1354 1033 1593 1088 ἐκποδὼν
1632 1034 1877 1105 ποιῆσαι.
1901 1035 2040 1088 Τοῦ-ο

359 1142 451 1179 τον
492 1125 729 1189 ἅπαντες
773 1123 967 1195 ζηλοῦν
1008 1123 1414 1192 σπουδάζωμεν,
1450 1123 1546 1176 καὶ
1590 1123 1856 1194 μηδέποτε
1899 1125 2038 1179 κατά

360 1211 469 1266 τῶν
509 1212 735 1281 πλησίον
771 1210 1149 1282 ἐπαιρώμεθα,
1173 1211 1307 1281 μηδέ
1352 1210 1494 1280 μέγα
1535 1210 1860 1283 φρονῶμεν·
1904 1212 2038 1265 ἀλλά

362 1302 563 1374 πολλὴν
593 1302 691 1371 τὴν
711 1302 1211 1372 ταπεινοφροσύνην
1233 1300 1667 1370 ἐπιδεικνύμενοι
1688 1303 2036 1373 παραχωρῶ-

364 1407 484 1460 μεν,
507 1389 601 1443 καὶ
621 1388 971 1442 ἐλαττοῦσθαι
995 1388 1195 1459 μᾶλλον
1217 1389 1535 1457 σπεύδωμεν
1554 1390 1612 1443 ὲν
1634 1392 1923 1461 πράγμασι
1944 1390 2035 1443 καὶ

361 1477 419 1529 ἐν
440 1477 665 1547 ῥήμασι,
678 1474 772 1528 καὶ
794 1477 929 1545 μήτε
945 1474 1080 1545 πρὸς
1095 1474 1219 1537 τοὺς
1237 1474 1559 1537 ἀδικοῦντας
1576 1474 2034 1547 ἀπεχθανώμεθα,

361 1563 461 1618 κᾶν
500 1562 929 1635 εὑηργετημένοι
963 1562 1167 1633 τύχωσι
1204 1563 1334 1634 παρ’
1369 1561 1524 1632 ἡμῶν
1557 1563 1709 1626 ὄντες
1730 1563 1908 1633 (τοῦτο
1927 1565 2035 1636 γάρ

358 1650 555 1721 ἀρίστη
579 1648 909 1718 φιλοσοφία),
933 1650 1070 1720 μήτε
1090 1649 1225 1719 πρὸς
1244 1648 1342 1712 τάς
1364 1648 1513 1720 1540]
1535 1648 1666 1721 ὑϐρε
1676 1668 1721 1713 ις
1740 1651 2036 1721 ἀγριαίνω⁴

362 1756 482 1808 μεν,
504 1739 607 1792 κᾶν
627 1738 1005 1807 ὑποδεέστεροι
1039 1732 1148 1789 εἷεν
1179 1737 1226 1789 οἰ
1250 1737 1387 1807 πρὸς
1407 1739 1554 1807 ἡμᾶς
1573 1737 2035 1808 διαπληκτιζόμε-

359 1844 462 1889 νοι,
483 1826 618 1880 ἀλλά
653 1828 717 1897 τῇ
753 1824 1024 1895 ἐπιεικείᾳ
1056 1825 1151 1877 καὶ
1184 1826 1247 1894 τῇ
1274 1824 1547 1894 πραΰτητι
1568 1826 1658 1878 τὸν
1680 1825 1850 1896 θυμὸν
1868 1845 2035 1880 κατα-

360 1918 686 1988 στέλλωμεν.
710 1916 875 1969 Οὑδέν
895 1913 1001 1985 γὰρ
1022 1914 1226 1984 ταύτης
1267 1915 1637 1987 ἰσχυρότερον,
1659 1916 1812 1969 οὐδὲν
1831 1916 2034 1988 ταύτης

357 2003 742 2075 δυνατώτερον.
769 2000 918 2071 Αὑτη
936 2001 1034 2072 τὴν
1054 2002 1326 2073 ἡμετέραν
1355 2001 1532 2071 ψυχὴν
1551 2003 1609 2056 ἐν
1628 2003 1867 2071 διηνεκεῖ
1903 2004 2034 2057 καθ-

362 2094 539 2164 ἰστησι
575 2095 642 2163 τῇ
684 2089 913 2161 γαλήνῃ,
938 2090 1188 2162 καθάπερ
1226 2093 1283 2144 ἐν
1322 2090 1503 2161 λιμένι
1519 2091 1691 2162 αὑτὴν
1709 2091 2033 2163 ὁρμίζεσθαι

359 2179 869 2252 παρασκευάζουσα,
894 2179 990 2233 καὶ
1029 2178 1211 2248 πάσης
1246 2178 1606 2242 ἀναπαύσεως
1626 2179 1881 2244 ὑπόθεσις
1900 2181 2032 2251 ἡμῖν

356 2268 636 2339 γινομένη.
660 2266 759 2320 Διά
795 2266 952 2319 τοῦτο
990 2267 1082 2319 καὶ
1113 2267 1142 2318 6
1179 2265 1416 2337 Χριστὸς
1435 2266 1535 2338 τὴν
1554 2267 1706 2321 Θείαν
1727 2267 1944 2340 ἐκείνην
1964 2268 2034 2322 δι-

355 2355 650 2410 δασκαλίαν
713 2351 1034 2424 ποιούμενος
1086 2353 1272 2422 ἐλεγε-
1321 2352 1553 2408 Μάθετε
1594 2355 1695 2410 ἀπ’
1715 2356 1897 2425 ἐμοῦ,
1943 2356 2036 2413 ὅτι

357 2443 547 2512 πρᾶός
584 2444 701 2511 ειμι
738 2440 836 2494 καὶ
872 2438 1154 2506 ταπεινὸς
1192 2438 1266 2507 τῇ
1306 2440 1516 2508 καρδίᾳ
1539 2483 1555 2507 ,
1595 2442 1695 2495 καί
1747 2443 2035 2509 εὑρήσετε

355 2531 706 2586 ἀνάπαυσιν
739 2527 870 2593 ταῖς
910 2526 1137 2595 ψυχαῖς
1175 2525 1361 2597 ὑμῶν.
1406 2528 1570 2582 Οὑδὲν
1610 2528 1721 2600 γάρ
1756 2529 1900 2583 οὕτω
1936 2531 2033 2603 τὴν

354 2618 534 2711 ψυχὴν
573 2616 633 2670 ἐν
672 2614 975 2669 ἀναπαύσει
1016 2614 1309 2711 καθίστησι
1330 2616 1424 2711 καὶ
1444 2615 1609 2687 πολλῇ
1631 2620 1695 2687 τῇ
1718 2617 1938 2691 ἡσυχίᾳ,
1960 2619 2037 2684 ώς

356 2701 600 2778 πραότης
637 2704 734 2758 καὶ
769 2701 1258 2773 ταπεινοφροσύνη.
1281 2701 1451 2757 Τοῦτο
1484 2704 1684 2769 παντὸς
1703 2705 2035 2777 διαδήματος

356 2792 578 2864 τιμιώτε
587 2810 676 2863 ρον
693 2790 758 2845 ἂν
772 2791 982 2860 γένοιτο
1000 2790 1077 2860 τῷ
1095 2790 1297 2863 ταύτην
1319 2791 1657 2863 κεκτημένῳ,
1678 2792 1834 2847 τοῦτο
1853 2795 2033 2866 πάσης

356 2880 711 2953 περιφανείας
750 2881 845 2934 καὶ
864 2878 1021 2950 δόξης
1041 2878 1497 2951 λυσιτελέστερον.
1520 2879 1586 2933 Τί
1606 2880 1715 2952 γὰρ
1736 2881 1802 2935 ἂν
1822 2882 2033 2952 γένοιτο

357 2967 768 3040 μακαριώτερον
800 2964 896 3019 τοῦ
928 2965 1349 3037 ἀπηλλαγμένου
1371 2964 1463 3018 τοῦ
1485 2966 1695 3020 ἔνδοθεν
1715 2971 2032 3042 τικτομένου

355 3056 590 3127 πολέμου
611 3073 625 3122 ;
651 3053 766 3108 Κᾶν
797 3053 906 3125 γὰρ
932 3054 1191 3125 μυριάκις
1210 3053 1433 3124 εἰρήνης
1454 3053 1650 3118 ἔξωθεν
1670 3056 2033 3130 ἀπολαύωμεν

354 3146 447 3198 καὶ
466 3143 782 3215 θεραπείας,
804 3142 1013 3196 ἔνδοθεν
1032 3142 1089 3195 δὲ
1110 3141 1360 3212 τίκτηται
1393 3144 1526 3213 ἡμῖν
1564 3144 1628 3196 ἐκ
1663 3145 1761 3215 τῆς
1798 3147 1908 3199 τῶν
1947 3148 2035 3201 λο-

353 3231 570 3303 γισμῶν
608 3230 854 3303 ταραχῆς
896 3229 1123 3300 θόρυϐος
1162 3230 1257 3282 καὶ
1298 3229 1432 3301 ζάλη
1458 3270 1473 3293 ,
1518 3230 1669 3284 οὑδέν
1703 3232 1897 3301 ὄφελος
1933 3240 2032 3307 τῆς

352 3320 551 3388 ἔξωθεν
609 3321 862 3391 εἰρήνης·
921 3318 1110 3391 ῶσπερ
1182 3317 1305 3372 οὑδέ
1363 3317 1570 3382 πόλεώς
1621 3338 1671 3373 τι
1735 3321 2028 3378 ἐλεεινότε-

356 3425 447 3479 ρον
470 3421 519 3472 ι,
561 3407 666 3461 κᾶν
699 3406 869 3478 μυρία
905 3424 989 3471 τις
1032 3407 1187 3478 τείχη
1223 3408 1317 3461 καὶ
1337 3406 1718 3478 χαρακώματα
1740 3412 1909 3482 αὐτὴν
1931 3430 2030 3465 πε-

354 3496 603 3567 ριϐἀλλῃ,
640 3497 704 3548 ἐκ
740 3494 796 3548 δὲ
834 3493 943 3548 τῶν
982 3493 1192 3549 ἔνδοθεν
1231 3494 1586 3549 ἐνοικούντων
1618 3495 1717 3567 τὴν
1740 3498 2030 3568 προδοσίαν

352 3578 618 3651 ὑπομένῃ.
653 3576 823 3630 Τοῦτο
864 3576 1067 3642 τοίνυν,
1102 3577 1424 3648 παρακαλῶ,
1464 3578 1569 3650 πρὸ
1606 3578 1823 3633 πάντων
1860 3598 2028 3634 σπου-

352 3663 627 3734 δίιζωμεν,
675 3662 945 3733 ἀτάραχον
982 3662 1126 3732 ἔχειν
1165 3662 1263 3734 τὴν
1289 3664 1489 3734 ψυχὴν,
1524 3665 1582 3716 ἐν
1615 3665 1819 3735 ἡσυχίᾳ.
1860 3666 2029 3738 αὐτὴν

351 3749 696 3812 καθιστάναι,
745 3749 927 3819 πάσης
962 3750 1153 3820 ἀηδίας
1200 3750 1567 3822 ἀπηλλάχθαι,
1612 3752 1699 3805 ’ίνα
1749 3754 1843 3807 καὶ
1876 3755 2029 3808 αὐτοὶ

352 3839 551 3911 πολλῆς
575 3839 1067 3907 τῆςοάναπαύσεως
1102 3840 1485 3912 ἀπολαύωμεν,
1520 3841 1745 3906 καὶτοῖς
1775 3859 2026 3912 συγγινο-

355 3926 534 3998 μένοις
583 3929 713 3999 ήμίν
760 3929 1053 4001 προσηνεῖς
1090 3927 1390 3999 γινώμεθα.
1430 3928 1602 3982 Τοῦτο
1647 3929 1756 4001 γὰρ
1793 3930 2027 4001 μάλιστα

351 4014 642 4087 γνώρισμα
687 4015 977 4086 ἀνθρώπου
1021 4016 1114 4069 τοῦ
1136 4015 1278 4088 λόγῳ
1306 4016 1693 4088 τετιμημένου,
1711 4018 1773 4071 τὸ
1795 4018 2023 4090 ἥμερον,

348 4102 411 4156 τὸ
433 4103 695 4168 ἐπιεικὲς,
739 4103 801 4157 τὸ
839 4105 1037 4175 πρᾶον.
1083 4104 1143 4156 τὸ
1177 4102 1536 4167 ταπεινὸν,τὸ
1584 4105 1808 4177 ἥσυχον,
1853 4106 1914 4159 τὺ
1951 4106 2026 4179 μὴ

351 4190 601 4262 καθάπερ
620 4191 952 4263 ἀνδράποδον
971 4189 1142 4254 οὑτως
1162 4190 1416 4244 ἕλκεσθαι
1444 4191 1539 4244 καὶ
1560 4190 1842 4263 σύρεσθαι,
1864 4193 1896 4266 ἢ
1922 4196 2026 4249 ὑπὸ

348 4278 540 4350 ὀργῆς,
577 4278 611 4349 ἢ
646 4278 752 4332 ὑπὸ
780 4278 888 4331 τῶν
922 4278 1100 4332 ἄλλων
1137 4277 1344 4342 παθῶν,
1374 4277 1510 4331 ἀλλά
1533 4279 1612 4349 τῷ
1645 4280 1892 4351 λογισμῷ
1929 4301 2024 4336 πεο

353 4364 656 4435 ριγίνεσθαι
684 4365 793 4416 τῶν
839 4362 1050 4418 ἔνδοθεν
1096 4364 1504 4435 σκιρτημάτων,
1548 4367 1645 4418 καὶ
1689 4367 1787 4437 τὴν
1819 4370 2024 4423 οἰκείαν

350 4449 638 4515 διασώζειν
664 4450 963 4516 εὐγένειαν,
989 4452 1082 4505 καὶ
1120 4450 1193 4522 μὴ
1217 4451 1306 4505 διὰ
1346 4452 1616 4523 ῥᾳθυμίας
1648 4454 1676 4493 δ
1696 4456 1777 4517 εἰς
1796 4456 1895 4527 τὴν
1914 4458 2023 4510 τῶν

352 4538 564 4606 ἀλόγων
611 4538 898 4591 ἐκπίπτειν
940 4537 1257 4609 θηριωδίαν.
1296 4539 1405 4592 Kal
1453 4539 1539 4593 ἵνα
1582 4541 1760 4615 μάθῃς
1787 4544 1885 4615 ὅση
1926 4548 2023 4617 τῆς

350 4626 662 4697 πραΰτητος
692 4625 785 4677 καὶ
825 4625 924 4694 τῆς
950 4625 1247 4689 ἐπιεικείας
1283 4628 1316 4698 ἡ
1358 4626 1526 4697 ἰσχὺς,
1548 4630 1643 4683 καὶ
1686 4631 1762 4694 ὡς
1793 4634 2024 4705 ἤρκεσεν

348 4713 489 4785 αὕτη
512 4714 645 4785 μόνη
668 4715 701 4785 ή
732 4713 901 4785 ἀρετὴ
922 4714 1011 4769 τὸν
1050 4714 1218 4786 αὐτὴν
1251 4717 1389 4787 μετά
1408 4717 1692 4788 ἀκριϐείας
1730 4722 2022 4793 κατωρθωο

348 4802 481 4856 κότα
520 4800 629 4854 τῶν
671 4802 999 4873 ἀπορρήτων
1046 4803 1269 4856 ἐκείνων
1299 4804 1536 4858 ἐπαίνων
1575 4806 1826 4873 ἀξιῶσαι,
1858 4810 2023 4865 ἄκουε

346 4888 441 4944 τοῦ
466 4889 740 4961 μακαρίου
769 4890 1049 4953 Μωὺσέως
1067 4890 1166 4960 τὴν
1184 4890 1517 4962 ἀνακήρυξιν
1536 4893 1782 4948 ἐντεῦθεν
1802 4898 2024 4967 γινομέ-

346 4995 466 5049 νην,
490 4978 585 5032 καί
604 4976 866 5045 στέφανον
886 4976 1033 5047 αὑτῷ
1067 4978 1133 5029 ἐκ
1150 4970 1354 5048 ταύτης
1374 4978 1514 5032 οὑτω
1536 4980 1888 5052 πλεκόμενον.
1912 4986 2021 5039 Καὶ

346 5062 607 5132 Μωῦσῆς
627 5059 726 5132 ἦν,
755 5063 907 5131 φησὶ,
932 5064 1264 5130 πραότατος
1284 5063 1527 5118 πάντων
1546 5067 1876 5135 ἀνθρώπιον
1904 5070 2024 5124 τῶν

345 5152 443 5206 ἐπὶ
464 5151 574 5220 τῆς
612 5150 745 5223 τῆς.
781 5146 933 5215 Εἶδες
971 5151 1249 5221 ἐγκωμίου
1290 5152 1541 5222 μέγεθος,
1579 5154 1607 5206 ὃ
1635 5155 1817 5227 πάσης
1856 5159 2021 5212 αὑτὸν

344 5240 444 5310 τῆς
473 5238 820 5309 ἀνθρωπίνης
859 5236 1070 5306 φύσεως
1111 5236 1414 5291 ἰσοστάσιον
1447 5240 1714 5311 ἀπέφηνε,
1743 5242 1942 5311 μᾶλλον
1966 5244 2022 5296 δὲ

345 5327 546 5391 παντὸς
566 5327 659 5380 τοῦ
678 5327 785 5379 τῶν
808 5325 1113 5397 ἀνθρώπων
1142 5326 1333 5394 γένους
1365 5328 1691 5398 προέκρινε;
1727 5330 1837 5383 Kal
1860 5331 2020 5384 πάλιν

346 5415 476 5486 περὶ
499 5413 593 5467 τοῦ
613 5415 774 5468 Δαυῖδ
808 5431 971 5485 φησιν
999 5414 1031 5485 ή
1066 5414 1277 5485 Γραφή·
1319 5415 1653 5483 Μνήσθητι,
1695 5419 1890 5484 Κύριε,
1913 5420 2019 5474 τοῦ

345 5500 548 5564 Δαυῒδ,
595 5500 691 5553 καὶ
743 5500 950 5569 πάσης
980 5498 1087 5567 τῆς
1126 5499 1461 5568 πραότητος
1489 5502 1695 5557 αὑτοῦ.
1742 5503 2019 5559 Ἐντεῦθεν

345 5588 440 5642 καὶ
483 5588 512 5639 6
557 5587 899 5659 πατριάρχης
941 5586 1120 5657 πολλῷ
1165 5588 1387 5641 πλείονα
1423 5588 1519 5659 τὴν
1559 5590 1765 5644 ἄνωθεν
1806 5591 2018 5648 εὔνοιαν

344 5676 716 5739 ἐπεσπάσατο,
755 5676 851 5727 καὶ
878 5674 946 5728 τὰ
984 5675 1115 5747 παρ’
1145 5674 1339 5728 ἐαυτοῦ
1381 5677 1725 5745 εἰσενεγκὼν,
1767 5680 1875 5733 τῶν
1901 5698 2018 5750 μει-

344 5761 513 5825 ζόνων
548 5759 756 5831 ἠξιώθη
795 5761 946 5831 παρά
977 5761 1071 5813 τοῦ
1115 5762 1499 5833 φιλανθρώπου
1531 5764 1686 5819 Θεοῦ.
1720 5767 1829 5820 Kal
1859 5768 2019 5822 τοῦτο

343 5848 576 5916 είσεσθε,
614 5848 835 5901 ἐπειδὰν
864 5848 945 5910 εἰς
981 5847 1146 5917 μέσον
1175 5848 1466 5918 προθῶμεν
1500 5852 1629 5921 ὑμῖν
1660 5853 1731 5907 τὰ
1749 5855 2015 5911 ἀκόλουθα

410 6050 434 6075 λ
457 6045 555 6098 Alii
581 6047 888 6111 ἐλεεινότερον
918 6047 1119 6110 γένοιτο.
1184 6047 1212 6089 b
1240 6048 1442 6113 Septem
1466 6064 1577 6102 mss.
1606 6052 1683 6102 διὰ
1708 6055 1950 6127 ῥᾳθυμίαν.

1204 391 1261 447 S.
1300 386 1586 446 JOANNIS
1622 380 2028 442 CHRYSOSTO

2149 380 2464 438 Autumn.
2509 376 3052 446 CONSTANTINOP.

3715 394 3816 454 3H

2144 503 2252 555 τῶν
2302 502 2427 573 χθὲς
2486 506 2825 576 εἰρημένων,
2877 506 2970 560 καὶ
3022 506 3091 560 τὰ
3142 508 3355 579 πρῶτον
3402 511 3819 581 ἀναγνωσθέντα

2142 588 2539 658 ἀναπτύξωμεν
2572 590 2665 641 ἐπὶ
2703 590 2800 659 τῆς
2848 590 3120 661 ὑμετέρας
3154 593 3392 664 ἀγάπης.
3447 595 3666 666 Ἐπειδὴ
3710 597 3818 668 γὰρ

2141 675 2342 748 πολλὴν
2396 677 2805 747 ἐπιδειξάμενος
2846 678 2943 748 τὴν
2988 679 3290 734 ἐπιείκειαν
3339 683 3707 755 παρεχώρησε
3738 685 3817 755 τῷ

2140 763 2266 819 Λὼτ
2295 765 2403 820 τῶν
2434 767 2735 837 πρωτείων,
2763 770 2857 823 καὶ
2886 769 2987 838 τῆς
3016 769 3246 839 ἐκλογῆς
3274 770 3422 842 αὑτῷ
3447 772 3544 842 τὴν
3568 773 3816 839 ἐξουσίαν

2138 852 2408 917 δεδωκὼς,
2446 854 2616 908 είλετο
2650 855 2947 927 προθύμως
2993 857 3091 929 τὴν
3130 857 3389 911 ἐλάττονα
3431 860 3622 930 μερίδα
3673 860 3814 930 ὑπὲρ

2139 940 2233 994 τοῦ
2292 944 2470 995 πᾶσαν
2526 942 2767 995 ἐκποδὼν
2820 942 3073 1012 γενέσθαι
3111 943 3468 1012 φιλονεικίαν·
3525 947 3629 1010 ὅρα
3659 946 3812 1020 [541]

2138 1030 2269 1100 ὅσης
2319 1030 2579 1085 ἀπολαύει
2631 1032 2973 1103 παραχρῆμα
3014 1033 3160 1104 παρὰ
3208 1028 3303 1086 τοῦ
3337 1033 3471 1087 Θεοῦ
3516 1035 3616 1105 τῆς
3655 1037 3817 1106 ἀμοι-

2138 1119 2263 1189 ϐῆς,
2295 1119 2388 1173 καὶ
2420 1121 2567 1185 ὅπως
2606 1121 2671 1172 ἐκ
2698 1119 2898 1191 πολλῆς
2921 1121 3019 1191 τῆς
3052 1121 3368 1192 περιουσίας
3401 1121 3646 1191 μείζονος
3672 1122 3816 1188 ἀξιοῖ

2134 1206 2236 1275 τῆς
2270 1206 2590 1270 ἀντιδόσεως
2619 1206 2709 1260 τὸν
2736 1208 3099 1277 πατριάρχην.
3141 1206 3397 1271 Τοιοῦτος
3423 1208 3533 1279 γάρ
3552 1208 3581 1261 6
3604 1210 3813 1262 Δεσπό-

2135 1311 2235 1364 της
2264 1296 2293 1347 ό
2344 1290 2655 1365 ἡμέτερος·Δ
2679 1293 2896 1348 ἐπειδὰν
2926 1294 3009 1368 ἴδῃ
3070 1296 3263 1364 μικρόν
3297 1313 3351 1348 τι
3402 1297 3815 1364 εἰσενεγκόντας

2137 1380 2305 1451 ἡμᾶς,
2334 1381 2576 1450 δαψιλεῖς
2606 1382 2739 1452 ἡμῖν
2771 1380 2995 1456 παρέχει
3027 1383 3124 1445 τάς
3165 1384 3293 1453 παρ’
3324 1381 3517 1436 ἑαυτοῦ
3549 1382 3811 1453 ἀμοιϐάς,

2136 1468 2229 1521 καὶ
2248 1468 2517 1537 τοσαύτην
2539 1468 2904 1523 ἐπιδείκνυται
2928 1469 3028 1538 τὴν
3061 1469 3392 1540 φιλοτιμίαν,
3427 1471 3501 1533 ὡς
3535 1468 3717 1542 πολλῷ
3735 1468 3816 1543 τῷ

2140 1553 2325 1625 μέτρῳ
2349 1555 2771 1626 ὑπερακοντίσαι
2803 1555 2872 1608 τὰ
2902 1558 3028 1628 παρ’
3055 1558 3210 1627 ήμῶν
3245 1557 3520 1625 γεγονότα.

2209 1644 2272 1716 β’.
2299 1645 2405 1698 Καὶ
2425 1645 2585 1699 τοῦτο
2615 1647 2700 1715 ἐφ’
2728 1648 2943 1717 ἑκάστῳ
2971 1647 3078 1700 τῶν
3108 1647 3237 1719 παρ’
3266 1649 3422 1718 ἡμῶν
3458 1648 3816 1719 ἐπιτελουμέ-

2136 1750 2243 1785 νων
2271 1734 2494 1805 εὑρήσει
2515 1752 2599 1799 τις
2622 1735 2751 1807 παρ’
2779 1736 2944 1789 αὑτοῦ
2975 1736 3275 1805 γινόμενον.
3305 1735 3369 1790 Τί
3394 1736 3522 1807 γὰρ,
3553 1738 3676 1790 εἰπέ
3695 1755 3811 1808 μοι,

2134 1823 2227 1877 δύο
2256 1823 2457 1877 ὀϐολῶν
2488 1823 2555 1878 ἂν
2612 1825 2820 1892 γένοιτο
2875 1825 3281 1893 εὑτελέστερον;
3334 1825 3473 1879 Ἀλλ’
3514 1829 3665 1896 ὅμως
3713 1827 3814 1898 τὴν

2136 1912 2311 1983 χήραν
2337 1913 2571 1985 ἐκείνην,
2614 1913 2714 1983 τὴν
2750 1915 2876 1977 τοὺς
2912 1913 3004 1967 δύο
3038 1914 3258 1977 ὀϐολοὺς
3283 1914 3712 1975 καταϐαλοῦσαν,
3749 1911 3813 1980 ἐξ

2136 1999 2342 2053 ἐκείνου
2370 2000 2530 2072 μέχρι
2577 2001 2669 2055 τοῦ
2700 2002 2965 2074 παρόντος
3014 2002 3093 2065 εἰς
3123 2004 3303 2055 πᾶσαν
3351 2002 3449 2071 τὴν
3481 2003 3811 2073 οἰκουμένην

2135 2086 2606 2158 ἀνακηρύττεσθαι
2660 2089 2945 2159 πεποίηκε.
2983 2089 3091 2151 Kal
3139 2088 3192 2141 τί
3238 2088 3381 2158 λέγω
3414 2088 3505 2143 δύο
3545 2089 3808 2156 όϐολούςς

2135 2174 2254 2229 Κάν
2285 2176 2541 2246 ποτήριον
2571 2176 2780 2248 ψυχροῦ
2806 2194 2889 2240 τις
2923 2176 3019 2248 δῷ,
3050 2179 3142 2231 καὶ
3168 2178 3308 2248 ὑπὲρ
3335 2177 3524 2231 τούτου
3561 2177 3810 2248 μεγάλας

2134 2264 2305 2337 ὁρίζει
2330 2265 2429 2328 τὰς
2462 2265 2716 2337 ἀμοιϐὰς.
2751 2265 2859 2319 ἀπὸ
2892 2266 2989 2337 τῆς
3012 2266 3238 2337 γνώμης
3269 2267 3354 2319 ἀεὶ
3373 2266 3653 2344 στεφανῶν
3680 2267 3810 2332 τοὺς

2134 2351 2232 2422 τὴν
2261 2351 2463 2423 ἀρετὴν
2513 2352 2933 2424 κατορθοῦντας.
2976 2354 3087 2407 Kal
3137 2353 3230 2407 ἐπὶ
3262 2353 3361 2423 τῆς
3390 2355 3717 2426 προσεδρίας
3748 2355 3809 2409 δὲ

2132 2440 2242 2493 τῶν
2270 2440 2445 2511 εὑχῶν
2472 2439 2630 2493 τοῦτο
2662 2441 2760 2495 ἴδοι
2781 2458 2866 2504 τις
2902 2441 2969 2495 ἂν
3001 2442 3130 2512 παρ’
3156 2440 3320 2495 αὑτοῦ
3356 2441 3659 2512 γινόμενον.
3678 2444 3811 2497 Ἐἀν

2133 2527 2241 2599 γὰρ
2277 2527 2361 2599 ίδῃ
2424 2529 2564 2598 μετά
2592 2528 2921 2600 θερμότητός
2959 2546 3080 2583 τινα
3115 2530 3427 2600 προσιόντα,
3456 2530 3660 2595 εὐθέως
3688 2532 3812 2603 ἐρεῖ

2133 2618 2269 2689 πρὸς
2320 2618 2501 2671 αὑτόν·
2532 2620 2654 2671 Ἔτι
2682 2618 3020 2685 λαλοῦντός
3048 2633 3165 2672 σου
3194 2619 3322 2673 ἰδοὺ
3354 2620 3618 2691 πάρειμι.
3659 2623 3723 2676 Εἰ
3745 2624 3808 2677 δὲ

2134 2706 2353 2759 πλείονα
2386 2705 2484 2777 τὴν
2529 2706 2857 2777 προσεδρίαν
2905 2706 3257 2773 ἐπιδείξηται,
3304 2708 3397 2761 καὶ
3441 2710 3577 2780 μετά
3605 2711 3807 2765 πολλοῦ

2131 2795 2224 2849 τοῦ
2259 2795 2426 2848 πόθου
2450 2796 2544 2849 καὶ
2578 2794 2808 2864 ζεούσης
2847 2795 2944 2864 τῆς
2973 2795 3281 2867 προθυμίας
3305 2797 3372 2850 τά
3400 2798 3499 2868 τῆς
3532 2799 3811 2869 αἰτήσεως

2132 2881 2517 2952 φιλοτιμεῖται,
2566 2882 2661 2935 καὶ
2708 2880 2813 2952 πρὸ
2861 2882 2960 2952 τῆς
3008 2884 3275 2952 αἰτήσεως
3317 2883 3679 2955 ἀνακηρύττει
3706 2892 3809 2942 καὶ

2135 2972 2408 3040 στεφανοῖ·
2463 2971 2601 3040 ὅπερ
2655 2969 2749 3022 καὶ
2805 2969 2897 3022 ἐπὶ
2960 2971 3058 3040 τῆς
3115 2971 3425 3034 Χαναναίας
3477 2972 3806 3043 πεποίηκεν.

2144 3058 2361 3128 Ἐπειδὴ
2412 3057 2520 3129 γάρ
2554 3054 2692 3113 εἶδεν
2726 3057 2894 3128 αὑτῆς
2931 3056 3023 3111 τὸν
3051 3057 3201 3111 τόνον
3230 3060 3324 3113 καὶ
3346 3060 3444 3129 τὴν
3471 3059 3674 3131 πολλὴν
3718 3062 3809 3114 ἒν-

2133 3162 2342 3208 στασιν,
2382 3146 2644 3218 πρότερον
2698 3144 3044 3216 ἀνακηρύξας
3081 3146 3176 3199 καὶ
3216 3146 3582 3217 στεφανώσας,
3612 3148 3689 3213 ὡς
3724 3151 3809 3202 εἰ-

2132 3236 2252 3289 πεῖν
2282 3234 2370 3287 διὰ
2403 3233 2510 3287 τῶν
2542 3234 2853 3304 ἐγκωμίων,
2896 3234 2988 3287 καὶ
3032 3234 3179 3306 πάσῃ
3210 3238 3274 3306 τῇ
3310 3236 3604 3309 οἰκουμένη
3629 3239 3805 3293 κατάο

2129 3323 2285 3394 δηλον
2314 3321 2484 3393 αὐτὴν
2518 3323 2769 3392 ποιήσας,
2792 3321 2912 3375 τότε
2942 3323 3037 3375 καὶ
3060 3322 3128 3375 τά
3154 3322 3253 3392 τῆς
3281 3323 3545 3392 αἰτήσεως
3574 3325 3807 3392 ἐφιλοτι·

2134 3414 2343 3483 μήσατο
2370 3410 2507 3482 μετά
2534 3409 2729 3480 πολλῆς
2754 3409 2854 3477 τῆς
2881 3409 3178 3479 δαψιλείας.
3219 3409 3400 3463 Εἰπὼν
3437 3410 3566 3481 γάρ,
3592 3407 3660 3464 Ὦ
3691 3415 3801 3481 γύ-

2129 3518 2247 3563 ναι,
2286 3498 2519 3568 μεγάλη
2573 3514 2689 3551 σου
2712 3499 2747 3563 ἡ
2774 3498 2999 3561 πίστις,
3028 3497 3148 3549 τότε
3179 3498 3442 3567 ἐπήγαγε,
3478 3501 3540 3551 Γ.
3560 3500 3801 3566 νηθήτω

2130 3605 2229 3643 σοι
2257 3589 2337 3653 ὡς
2368 3586 2582 3652 θέλεις.
2622 3586 2732 3639 Kal
2761 3588 2807 3638 εἰ
2850 3583 3171 3655 βουλοίμεθα
3201 3585 3429 3639 ἕκαστον
3456 3586 3561 3639 τῶν
3590 3589 3646 3639 ὲν
3677 3591 3801 3652 ταῖς

2130 3676 2303 3739 θείαις
2326 3675 2566 3747 Γραφαῖς
2594 3671 2858 3741 ἐκλέγειν,
2899 3671 3176 3743 πανταχοῦ
3207 3671 3408 3747 ¹πολλὴν
3435 3672 3677 3745 ὀψόμεθα
3699 3673 3799 3747 τὴν
3840 3728 3851 3739 ,

2130 3765 2437 3835 φιλοτιμίαν
2475 3761 2568 3816 τοῦ
2593 3761 2883 3815 Δεσπότου.
2913 3762 3086 3831 Ὅπερ
3123 3759 3364 3831 ἀκριϐῶς
3404 3764 3432 3814 6
3456 3763 3798 3835 πατριάρχης

2128 3852 2509 3922 ἐπιστάμενος,
2540 3853 2635 3905 καὶ
2667 3847 2821 3912 εἰδὼς
2841 3848 2924 3902 ὅτι
2954 3848 2984 3901 6
3011 3847 3119 3902 τῶν
3146 3848 3441 3902 ἐλαττόνων
3464 3852 3802 3921 παραχωρή-

2130 3958 2230 4005 σας
2285 3939 2548 4011 μειζόνων
2613 3935 2972 4001 ἐπιτεύξεται,
3031 3935 3284 4006 καθάπερ
3333 3935 3460 4006 χθὲς
3507 3937 3798 4006 ἠκούσατε,

2130 4026 2493 4100 παρεχώρησε
2515 4025 2594 4097 τῷ
2642 4024 2787 4091 Λὼτ,
2808 4025 2904 4078 καὶ
2934 4023 3110 4077 εἵλετο
3150 4023 3248 4093 τὴν
3280 4022 3660 4093 εὐτελεστέραν
3685 4025 3799 4094 χώ-

2130 4131 2250 4185 ραν,
2275 4114 2362 4168 ’ίνα
2393 4112 2605 4181 καὶτῆς
2636 4110 2968 4179 φιλονεικίας
2996 4109 3094 4173 τὰς
3130 4110 3384 4181 ἀφορμὰς
3418 4109 3670 4182 περιέλῃ,
3702 4112 3804 4164 καὶ

2128 4210 2225 4282 τὴν
2257 4209 2461 4263 οἰκείαν
2494 4209 2692 4281 ἀρετὴν
2717 4205 3068 4277 ἐπιδείξηται,
3105 4207 3199 4260 καὶ
3219 4206 3277 4258 ἐν
3303 4207 3494 4278 εἰρήνῃ
3511 4208 3805 4277 καταστή-

2131 4326 2199 4381 σῃ
2232 4309 2330 4379 τὴν
2368 4307 2544 4360 οἰκίαν
2577 4306 2813 4360 ἃπασαν.
2852 4304 2991 4357 Ἀλλ’
3025 4305 3224 4374 ἴδωμεν
3251 4305 3316 4357 ἐκ
3338 4303 3445 4356 τῶν
3472 4304 3803 4375 προσφάτως

2129 4403 2573 4474 ἀνεγνωσμένων,
2620 4402 2772 4466 τίνας
2818 4401 3083 4473 λαμϐάνει
3124 4399 3221 4465 τὰς
3240 4400 3474 4471 ἀμοιϐὰς
3516 4399 3663 4471 παρά
3699 4401 3801 4454 τοῦ

2128 4503 2397 4556 Δεσπότου
2437 4500 2580 4572 ὑπὲρ
2604 4500 2701 4570 τῆς
2726 4498 2992 4568 τοσαύτης
3029 4495 3346 4560 ἐπιεικείας.
3371 4497 3476 4550 Καὶ
3504 4492 3653 4559 εἷπε,
3688 4514 3794 4567 φη-

2130 4600 2234 4662 σὶν,
2277 4603 2310 4652 ό
2345 4597 2488 4663 Θεὸς
2532 4594 2612 4662 τῷ
2645 4597 2873 4664 Ἀϐραμ
2919 4593 3068 4662 μετὰ
3089 4591 3156 4646 τὸ
3203 4591 3666 4661 διαχωρισθῆναι
3690 4593 3807 4645 τὸν·

2127 4696 2259 4750 Λὼτ
2274 4697 2376 4750 ἀπ’
2396 4694 2603 4748 αὐτοῦ·
2646 4690 3010 4760 Ἀναϐλέψας
3033 4689 3156 4756 τοῖς
3188 4689 3517 4759 ὀφθαλμοῖς
3546 4705 3683 4753 σου,
3707 4690 3806 4743 ἴδε

2125 4792 2243 4846 ἀπὸ
2262 4776 2367 4844 τοῦ
2394 4791 2601 4853 τόπου,
2630 4783 2704 4843 οὗ
2725 4786 2841 4841 νῦν
2861 4786 2943 4840 σὺ
2981 4782 3053 4850 εἷ,
3081 4784 3231 4853 πρὸς
3248 4783 3484 4853 ,βορρᾶν
3509 4784 3604 4837 καί
3633 4784 3803 4847 λίϐα,

2126 4888 2224 4942 καὶ
2260 4885 2563 4951 ἀνατολὰς
2607 4883 2706 4937 καί
2756 4882 3097 4937 θάλασσαν·
3132 4881 3222 4935 ὅτι
3274 4878 3482 4934 πᾶσαν
3522 4879 3637 4947 τὴν
3658 4879 3801 4949 γῆν,

2125 4983 2207 5052 ἢν
2237 4984 2318 5038 σὺ
2349 4980 2515 5051 ὁρᾷς,
2541 4980 2639 5035 σοί
2663 4978 2834 5032 δώσω
2864 4977 3078 5045 αὐτὴν,
3111 4975 3210 5029 καὶ
3245 4972 3327 5040 τῷ
3357 4973 3652 5044 σπέρματί
3680 4992 3802 5030 σου

2122 5083 2233 5148 ἕως
2256 5081 2363 5136 τοῦ
2413 5078 2644 5144 αἰῶνος.
2681 5078 2823 5149 Ὅρα
2854 5077 2915 5130 τὸ
2931 5077 3094 5146 τάχος
3117 5074 3217 5145 τῆς
3254 5072 3349 5126 τοῦ
3377 5073 3513 5126 Θεοῦ
3543 5075 3802 5144 προνοίας

2123 5181 2214 5232 καὶ
2246 5178 2344 5247 τῆς
2376 5173 2631 5245 ἀμοιϐῆς,
2663 5167 2731 5244 ἧς
2766 5170 2894 5239 περί
2909 5170 3000 5223 τὸν
3024 5169 3229 5222 δίκαιον
3260 5166 3645 5220 ἐπιδείκνυται.
3673 5166 3806 5219 Βου-

2119 5274 2323 5346 λομένη
2365 5271 2476 5342 γάρ
2499 5270 2647 5341 ἡμᾶς
2676 5267 2935 5337 διδάξαιή
2962 5265 3079 5319 θεία
3112 5262 3324 5335 Γραφὴ,
3361 5264 3494 5335 ὅσης
3524 5263 3803 5333 ἀποδοχῆς

2120 5369 2327 5440 ἠξιώθη
2361 5367 2514 5438 παρά
2541 5364 2634 5418 τοῦ
2686 5362 3069 5433 φιλανθρώπου
3091 5361 3225 5414 Θεοῦ
3277 5362 3305 5414 6
3336 5360 3678 5432 πατριάρχης
3706 5361 3803 5416 ἐπὶ

2121 5468 2186 5536 τῇ
2212 5462 2451 5534 τοσαύτῃ
2488 5457 2986 5531 ταπεινοφροσύνῃ,
3023 5454 3254 5510 εἰποῦσα
3282 5455 3365 5508 ὅτι
3408 5454 3732 5526 διεχωρίσθη
3772 5456 3802 5506 6

2123 5562 2264 5625 Λὼτ,
2300 5562 2396 5616 καὶ
2448 5556 2691 5624 ἀπῆλθεν
2733 5557 2815 5618 εἰς
2868 5554 2968 5625 τὴν
3010 5553 3134 5623 γῆν,
3179 5553 3247 5622 ἣν
3285 5550 3459 5619 εἵλετο
3502 5551 3576 5613 ὠς
3622 5549 3806 5603 καλλι-

2123 5661 2440 5725 στεύουσαν,
2481 5655 2684 5718 εὐθέως
2714 5653 2985 5725 ἐπήγαγε·
3026 5650 3133 5704 Καὶ
3175 5645 3304 5704 εἷπε
3342 5650 3558 5717 Κύριος
3587 5651 3620 5701 ό
3653 5648 3804 5712 Θεὸς

2122 5757 2203 5824 τῷ
2223 5759 2471 5825 Ἀϐραμ.
2502 5749 2636 5807 Εἶτα
2656 5753 2743 5806 ἵνα
2791 5750 3051 5821 μάθωμεν
3072 5747 3210 5818 μετά
3243 5746 3528 5818 ἀκριϐείας
3548 5748 3628 5799 ὅτι
3657 5744 3802 5815 ὑπὲρ

2123 5854 2233 5908 τῶν
2265 5854 2344 5916 εἰς
2379 5852 2470 5919 τὸν
2494 5849 2615 5904 Λὼτ
2641 5846 3025 5916 γεγενημένων
3055 5842 3415 5913 ἀμειϐόμενος
3445 5840 3595 5913 [ΜΞ]
3635 5840 3802 5891 αὑτὸν

2122 5950 2299 6005 ταῦτά
2329 5965 2482 6018 φησι,
2514 5945 2841 6018 προσέθηκε·
2879 5940 2985 5994 Καὶ
3019 5935 3189 5992 εἶπεν
3215 5942 3246 5991 ὁ
3282 5936 3425 6001 Θεὸς
3466 5934 3545 6000 τῷ
3581 5936 3798 6002 Ἀὅρημ

2118 6045 2264 6119 μετὰ
2298 6046 2361 6099 τὸ
2388 6039 2851 6113 διαχωρισθῆνηι
2879 6036 2985 6091 τὸν
3005 6034 3132 6090 Λὼτ
3159 6034 3260 6089 ἀπ’
3287 6032 3491 6089 αἰτοῦ·
3515 6030 3796 6103 μονονουχὶ
