4060 6460
316 457 417 511 MS

316 577 586 630 utilitatem
611 616 626 640 ,
655 575 860 629 vidistis
911 573 1179 628 lenitatem
1223 573 1510 642 egregiam.
1540 571 1723 639 Neque
1760 572 1900 626 enim

315 676 426 720 erat
456 681 544 720 res
570 666 819 735 vulgaris,
850 665 990 735 quod
1021 681 1182 719 senex
1201 706 1215 731 ,
1253 665 1343 734 qui
1371 673 1446 718 tot
1476 663 1734 719 beneficia
1769 679 1897 719 con-

321 759 533 822 tulerat,
562 774 720 828 quem
763 769 905 812 tanta
954 758 1320 813 benevolentia
1367 758 1622 812 Dominus
1662 759 1901 813 omnium

314 849 754 918 prosequebatur,
787 848 900 918 pari
946 848 1149 903 honore
1179 848 1487 918 dignaretur
1524 848 1774 915 juvenem
1799 888 1816 915 ,
1848 858 1901 904 et

311 939 494 992 fratris
535 938 736 1000 ﬁlium.
763 947 818 992 et
848 939 1075 1008 primatu
1127 939 1201 992 illi
1253 938 1504 1002 cederet,
1545 937 1900 1008 inferioraque

309 1030 425 1098 ipse
449 1028 725 1098 deligeret,
756 1027 995 1098 nihilque
1020 1044 1127 1082 non
1156 1029 1353 1083 faceret
1380 1045 1483 1100 quo
1507 1028 1702 1084 bellum
1731 1029 1898 1097 impe-

306 1120 470 1185 diret,
526 1131 579 1173 et
634 1119 997 1173 contentionis
1039 1119 1319 1173 materiam
1362 1133 1393 1174 e
1436 1119 1613 1174 medio
1664 1119 1898 1176 tolleret.

306 1210 461 1264 Hunc
501 1225 690 1264 omnes
730 1211 927 1269 imitari
969 1211 1299 1277 Studeamus,
1323 1220 1378 1267 et
1421 1227 1706 1281 numquam
1733 1226 1896 1282 super

306 1302 610 1369 proximum
659 1301 1017 1369 extollamur,
1049 1318 1333 1373 numquam
1360 1302 1426 1357 de
1456 1303 1606 1357 nobis
1650 1302 1893 1357 sublimia

301 1394 636 1449 sentiamus:
667 1393 760 1449 sed
785 1394 1044 1448 modestia
1075 1394 1345 1463 conspicui
1375 1394 1626 1447 cedamus
1655 1393 1773 1446 aliis
1797 1434 1811 1455 ,
1840 1400 1895 1446 et

303 1482 595 1538 inferiores
628 1484 811 1549 haberi
840 1500 1117 1551 conemur,
1149 1495 1254 1539 tam
1289 1486 1462 1540 verbis
1506 1500 1664 1554 quam
1709 1484 1891 1552 Operi-

298 1572 433 1640 bus,
467 1588 565 1628 nec
594 1589 840 1644 umquam
870 1576 948 1629 eis
976 1576 1064 1645 qui
1104 1577 1258 1630 nobis
1299 1576 1541 1643 iniuriam
1576 1575 1887 1641 intulerunt,

295 1665 686 1733 adverscmur,
730 1667 938 1721 etiamsi
996 1668 1176 1721 multis
1230 1668 1424 1721 nostris
1463 1666 1636 1720 allecti
1694 1667 1890 1720 fuerint

295 1756 579 1810 beneticiis
613 1775 626 1812 :
659 1757 774 1812 hcce
799 1759 1168 1826 enimoptima
1198 1767 1280 1811 est
1314 1757 1648 1827 philosophia
1676 1774 1689 1810 :
1717 1772 1888 1826 neque

294 1849 624 1902 contumelia
653 1848 827 1904 allecti
869 1849 1074 1904 feroces
1118 1850 1321 1913 simus,
1352 1861 1561 1903 etiamsr
1603 1848 1886 1904 inferiores

292 1939 455 1991 nobis
483 1942 588 1993 sint
620 1941 653 1994 ii
684 1941 773 2009 qui
804 1941 1082 1994 nobiscum
1116 1941 1443 1994 contendunt
1469 1957 1482 1991 :
1513 1939 1605 1995 sed
1637 1954 1886 1993 mansue-

291 2029 479 2084 tudine
519 2041 573 2083 et
616 2030 833 2085 lenitate
882 2031 1209 2085 iracundiam
1257 2032 1691 2101 comprimamus.
1740 2030 1882 2085 Nihil

287 2122 436 2173 enim
487 2122 575 2174 illa
607 2124 909 2190 potentius,
943 2123 1073 2175 nihil
1121 2123 1209 2176 illa
1268 2124 1475 2177 fortius.
1508 2122 1596 2176 llla
1649 2124 1879 2177 animum

290 2220 536 2264 nostram
569 2212 618 2267 in
651 2222 903 2281 perpetua
934 2213 1345 2282 tranquillitate,
1370 2222 1423 2267 et
1452 2215 1602 2282 quasi
1642 2215 1693 2267 in
1726 2223 1878 2283 portu

285 2304 602 2368 constituit,
627 2311 680 2357 et
728 2295 902 2358 omnis
942 2305 1289 2358 rccreatiouis
1330 2319 1393 2358 ac
1436 2305 1628 2374 quietis
1669 2306 1878 2361 occ;isio

288 2393 448 2446 nobis
478 2403 578 2447 est.
604 2395 903 2465 Eapropter
946 2405 1000 2450 et
1043 2396 1287 2450 Christus
1323 2397 1499 2450 divina
1551 2397 1637 2451 illa
1681 2398 1878 2454 docens

282 2483 499 2538 dici-bat
524 2503 535 2537 :
564 2484 751 2540 Discite
775 2503 807 2540 a
828 2504 925 2552 me,
944 2487 1061 2557 quia
1086 2488 1219 2541 mitis
1237 2506 1347 2542 sum
1379 2499 1424 2541 et
1454 2490 1657 2543 humilis
1681 2491 1830 2544 corde
1858 2506 1877 2544 :

282 2585 330 2626 et
368 2575 627 2630 invenietis
654 2578 869 2648 requiem
895 2578 1158 2633 animabus
1189 2580 1359 2632 vestris
1391 2578 1603 2649 (Matth.
1637 2582 1723 2636 11.
1756 2582 1872 2654 29).

282 2664 430 2719 Nihil
460 2667 599 2721 enim
625 2669 855 2721 animam
884 2670 951 2723 ita
982 2670 1033 2723 in
1062 2671 1439 2741 tranquillitate
1466 2680 1521 2726 et
1540 2673 1719 2742 quiete
1748 2689 1875 2726 con-

280 2758 483 2823 stituit,
514 2766 569 2812 ut
597 2760 950 2829 mansuetudo
978 2771 1031 2814 ct
1054 2760 1335 2816 modestia.
1364 2762 1487 2816 llznc
1514 2764 1659 2817 omni
1692 2763 1875 2819 diade-

279 2860 429 2904 mate
469 2865 527 2905 se
555 2852 846 2919 poSsidenti
876 2862 956 2907 est
984 2853 1323 2920 honoratior;
1351 2854 1464 2908 huic
1493 2857 1637 2908 omni
1657 2856 1872 2919 claritu-

278 2938 412 2995 dine
438 2948 492 2994 ct
507 2941 672 3009 gloria
695 2942 1097 2997 eonducibilior.
1113 2943 1250 3011 Quid
1279 2945 1419 2999 enim
1453 2943 1679 3011 beatius,
1710 2961 1870 3015 quam

278 3033 538 3086 intestino
568 3034 777 3088 liberari
804 3036 980 3090 bello?
1001 3036 1130 3091 Nam
1156 3037 1398 3107 quamvis
1417 3038 1641 3107 plurima
1666 3052 1794 3106 pace
1816 3047 1870 3093 et

280 3124 544 3179 famulatu
569 3135 795 3180 externo
827 3126 1084 3192 fruamur,
1111 3128 1157 3182 si
1188 3129 1327 3183 intra
1356 3144 1452 3183 nos
1486 3129 1868 3198 cogitationum

276 3223 536 3268 nascatur
566 3224 876 3284 tempestas,
895 3219 1152 3272 tumultus
1173 3227 1227 3273 et
1253 3218 1467 3284 seditio,
1489 3218 1622 3273 nihil
1648 3228 1867 3274 externa

280 3321 386 3372 pax
440 3306 593 3360 nobis
647 3308 885 3377 proderit
919 3327 931 3361 ι
962 3310 1100 3363 sicut
1151 3324 1323 3377 neque
1382 3309 1737 3363 miserabilius
1785 3318 1868 3364 est

275 3395 426 3449 aliud
453 3397 666 3452 civitate
687 3439 701 3461 ,
732 3415 850 3467 qua:
881 3399 1003 3454 licet
1026 3400 1307 3470 aggeribus
1335 3408 1389 3454 et
1428 3400 1594 3455 muris
1626 3399 1761 3454 bene
1799 3402 1869 3455 sit

276 3488 506 3551 munita,
532 3488 672 3542 intus
709 3498 886 3544 tamen
916 3492 1062 3544 cives
1084 3490 1261 3545 foveat
1291 3493 1609 3561 proditores.
1635 3493 1747 3547 Hoc
1772 3494 1867 3563 igi-

276 3588 370 3632 tur
399 3579 626 3635 obsecro
647 3623 661 3642 ,
691 3590 748 3636 ut
767 3593 890 3637 ante
912 3583 1091 3637 omnia
1119 3583 1271 3639 nobis
1297 3584 1364 3638 sit
1390 3600 1534 3640 cura:
1554 3627 1570 3654 ,
1594 3587 1865 3656 quomodo

274 3672 515 3725 animam
545 3689 574 3726 a
604 3674 928 3729 turbulentia
957 3674 1287 3731 vindicemus
1307 3717 1321 3739 ,
1353 3688 1407 3732 et
1441 3677 1494 3731 in
1522 3679 1863 3748 tranquillum

274 3772 479 3816 statum
511 3764 798 3819 educamus
818 3805 833 3830 ,
858 3776 1018 3836 atque
1043 3766 1111 3821 ab
1131 3767 1276 3821 omni
1304 3767 1590 3823 liberemus
1615 3770 1867 3823 amaritu-

273 3852 429 3918 dine,
461 3867 568 3921 quo
593 3862 648 3907 ct
676 3854 775 3923 ipsi
804 3857 968 3910 multa
1001 3854 1240 3910 fruamur
1264 3858 1465 3927 quiete,
1496 3868 1548 3911 et
1578 3857 1646 3912 iis
1671 3859 1759 3928 qui
1790 3858 1866 3912 fa-

275 3942 643 3998 miliaritatem
703 3946 980 4001 nobiscum
1019 3946 1253 4011 habent,
1285 3948 1453 4002 simus
1506 3947 1706 4003 blandi.
1753 3948 1865 4004 Hoc

273 4032 424 4085 enim
470 4033 826 4089 certissimum
863 4036 1097 4105 signum,
1127 4052 1234 4106 quo
1264 4038 1643 4093 internoscitur
1669 4041 1750 4094 vir
1773 4054 1862 4094 ra-

275 4125 428 4178 tione
458 4125 710 4193 praeditus
732 4167 748 4192 ,
774 4128 817 4181 si
842 4138 1153 4184 mansuetus
1181 4129 1360 4195 fuerit,
1383 4132 1426 4184 si
1455 4131 1610 4195 lenis,
1630 4132 1674 4187 si
1698 4134 1857 4197 initis,

274 4218 318 4269 si
357 4217 636 4274 modestus
674 4230 727 4274 et
750 4221 960 4290 quietus
993 4239 1006 4276 :
1037 4222 1081 4276 si
1109 4237 1215 4275 non
1241 4222 1394 4291 quasi
1421 4238 1608 4279 servus
1638 4224 1863 4278 ducatur

274 4319 328 4361 et
359 4307 597 4362 trahatur
624 4319 716 4363 aut
745 4311 811 4365 ab
839 4312 936 4375 ira,
967 4322 1058 4365 aut
1087 4313 1154 4367 ab
1183 4313 1301 4366 aliis
1326 4313 1733 4377 affectionibus;
1766 4314 1862 4369 sed

275 4397 489 4452 ratione
518 4400 695 4454 vincat
720 4399 956 4455 infernos
988 4402 1105 4455 illos
1135 4402 1514 4471 incompositos
1540 4412 1737 4469 motus,
1762 4420 1850 4457 no-

276 4487 649 4558 bilitatemque
688 4505 837 4544 suam
875 4499 1092 4558 servet,
1116 4507 1182 4544 ne
1214 4493 1264 4544 in
1305 4491 1582 4546 brutorum
1612 4494 1860 4548 ferociam

276 4581 598 4649 negligentia
628 4582 935 4651 degeneret.
962 4584 1027 4637 Et
1049 4594 1102 4637 ut
1124 4583 1299 4639 discas
1323 4594 1580 4653 quantum
1608 4600 1860 4640 mansue-

276 4671 479 4726 tudinis
502 4680 559 4726 et
586 4672 821 4727 leuitatis
848 4673 916 4727 sit
946 4675 1137 4739 robur,
1159 4685 1213 4728 et
1246 4675 1387 4743 quod
1418 4675 1529 4729 sola
1557 4675 1669 4730 haec
1692 4676 1862 4730 virtus

275 4765 450 4830 possit
475 4778 535 4818 se
557 4765 824 4819 colentem
854 4765 1140 4836 diligenter
1168 4767 1521 4821 ineli'abilibus
1552 4768 1653 4821 illis
1691 4769 1863 4821 laudi-

276 4854 380 4909 bus
408 4855 624 4925 dignum
655 4857 903 4921 reddere,
927 4858 1049 4911 audi
1080 4858 1294 4913 beatum
1317 4860 1515 4914 Mosem
1542 4860 1666 4915 hinc
1692 4862 1860 4929 potis-

272 4950 471 5003 simum
515 4949 789 5018 przedicari
814 4991 830 5014 ,
861 4958 917 5005 et
960 4966 1024 5005 ex
1073 4952 1172 5006 hac
1213 4951 1262 5006 ei
1300 4967 1551 5006 coronam
1584 4953 1762 5021 plecti.
1796 4952 1861 5005 Et

277 5038 477 5101 Moses,
513 5040 715 5108 inquit,
745 5049 852 5093 erat
894 5041 1184 5094 mitissimus
1202 5041 1425 5094 omnium
1455 5041 1742 5107 hominum,
1774 5043 1861 5109 qui

275 5149 430 5199 super
457 5143 642 5185 terram
670 5132 859 5199 (Nunt.
885 5132 970 5188 12.
993 5134 1068 5203 5).
1087 5133 1271 5188 Vidisti
1317 5134 1544 5189 encomii
1593 5136 1860 5204 magnitu-

276 5223 478 5290 dinem,
509 5224 648 5294 quod
681 5225 828 5280 omni
868 5241 989 5279 eum
1033 5226 1264 5281 humano
1290 5227 1471 5295 generi
1508 5242 1689 5296 parem
1734 5240 1860 5296 pm-

277 5318 516 5380 nuntiet,
546 5317 654 5370 imo
682 5318 824 5371 omni
857 5317 1131 5370 hominum
1155 5318 1335 5386 generi
1365 5317 1646 5386 praeferat?
1669 5318 1733 5372 Et
1757 5318 1857 5373 ite-

277 5422 392 5461 rum
417 5408 485 5461 de
515 5406 677 5460 David
701 5407 827 5462 dicit
851 5407 1124 5475 Scriptura
1150 5425 1161 5458 :
1189 5406 1462 5471 Memento,
1489 5406 1722 5476 Domine,
1756 5406 1860 5463 Da-

277 5498 379 5562 uid,
419 5508 467 5551 et
495 5500 658 5552 omnis
687 5499 1086 5553 mansuetudinis
1114 5499 1224 5569 ejus
1253 5497 1423 5569 (Psal.
1455 5502 1576 5556 151.
1614 5500 1690 5569 1).
1726 5502 1858 5556 llinc

279 5589 576 5654 patriarcha
619 5589 718 5644 sibi
749 5589 1005 5659 majorem
1049 5591 1252 5645 czclitus
1289 5592 1591 5645 conciliavit
1626 5591 1857 5648 benevo-

279 5678 523 5744 lentiam,
550 5688 605 5733 et
650 5680 880 5735 alIerens
919 5697 1039 5751 qua:
1084 5696 1178 5736 sua
1231 5693 1411 5747 erant,
1441 5697 1469 5736 a
1509 5684 1855 5740 ntisericorde

281 5769 388 5826 Deo
425 5772 630 5841 majora
674 5784 998 5843 assequutus
1021 5783 1123 5829 est.
1161 5774 1272 5829 Hoc
1301 5775 1481 5830 scietis
1507 5785 1562 5831 et
1598 5792 1693 5831 vos
1717 5818 1731 5840 ,
1763 5777 1853 5831 ubi

279 5863 609 5921 attulerinius
653 5865 707 5918 in
759 5864 992 5939 medium
1039 5882 1102 5921 ea
1149 5882 1268 5936 qua:
1303 5863 1553 5923 hesterna
1583 5867 1721 5923 dicta
1764 5883 1852 5924 se-

1354 455 1417 510 IN
1456 454 1608 509 CAP.
1652 453 1789 509 Illi.
1830 452 2076 513 GENES.
2119 453 2343 508 llUlllL
2390 454 2625 511 XXXIV.

3487 454 3581 513 514

2008 578 2269 640 quuutur,
2298 580 2352 625 et
2377 586 2498 642 qua:
2527 572 2673 640 prius
2704 580 2828 626 sunt
2856 573 2990 627 lecta
3033 573 3239 626 raritati
3271 583 3460 628 vostrae
3486 575 3567 627 de.

2007 661 2409 718 claraverinms.
2430 661 2559 715 Nam
2585 662 2703 730 quia
2729 663 2921 716 Abram
2951 664 3168 718 inultam
3199 681 3309 733 prae
3328 680 3386 720 se
3409 665 3582 720 ferens

2005 751 2470 806 mansuetudinem
2499 752 2632 807 Loto
2664 753 2923 822 potiorem
2954 764 3155 822 partem
3179 757 3360 820 cessit,
3384 771 3436 809 et
3463 770 3581 809 om-

2006 858 2129 897 ncm
2154 843 2202 897 ei
2242 843 2468 912 eligendi
2516 842 2822 899 facultatem
2861 846 3193 913 permittens,
3217 860 3337 899 cum
3389 845 3584 917 gaudio

2003 930 2162 1003 elegit
2191 934 2454 989 minorem
2484 935 2822 1004 portionem,
2854 935 3014 989 modo
3053 934 3355 990 auferretur
3405 938 3581 991 omnis

2002 1026 2318 1079 contentio:
2350 1025 2470 1080 vide
2513 1037 2766 1096 quantam
2819 1026 2995 1080 statim
3044 1028 3344 1081 mercedem
3398 1042 3427 1080 a
3473 1028 3582 1081 Deo

2002 1116 2365 1184 consequitur,
2397 1125 2453 1170 et
2490 1116 2759 1186 quomodo
2781 1116 2956 1171 adhuc
2986 1117 3173 1186 majori
3203 1118 3576 1182 retributione,

2001 1207 2099 1259 etsi
2129 1206 2353 1259 multum
2394 1207 2592 1262 divitiis
2617 1208 2883 1272 abundet,
2915 1207 3277 1279 patriarcham
3329 1206 3581 1278 dignatur
3658 1246 3659 1249 η

2002 1287 2163 1352 Deus.
2192 1297 2337 1353 Talis
2360 1300 2502 1353 enim
2532 1308 2615 1354 est
2640 1300 2893 1355 Dominus
2916 1311 3100 1356 noster
3122 1301 3236 1355 utsi
3266 1301 3478 1370 quando
3497 1301 3579 1356 vel

1998 1404 2219 1458 parvum
2258 1390 2386 1459 quid
2417 1392 2658 1447 attulisse
2699 1407 2797 1447 nos
2831 1392 3054 1457 viderit,
3088 1392 3416 1461 largissimas
3453 1408 3579 1449 suas

1964 1500 1967 1507 ε
1996 1481 2150 1536 nobis
2181 1482 2637 1537 remunerationes
2664 1483 3004 1553 suppeditet,
3038 1491 3345 1554 tantamque
3368 1499 3476 1553 pra:
3514 1498 3576 1539 se

1993 1569 2131 1625 ferat
2170 1573 2558 1640 liberalitatem,
2585 1585 2641 1628 ut
2681 1591 2742 1630 ea
2793 1592 2913 1645 qua:
2949 1591 2980 1629 a
3027 1576 3179 1631 nobis
3227 1584 3354 1631 sunt
3394 1576 3529 1631 facta
3555 1617 3571 1641 ,

1993 1664 2176 1718 multis
2203 1665 2438 1719 numeris
2460 1680 2490 1718 a
2522 1666 2672 1720 novis
2699 1666 2815 1734 ejus
2842 1665 3115 1721 beneﬁciis
3144 1667 3444 1723 vincantur.

2061 1754 2118 1809 2.
2151 1754 2273 1810 Non
2295 1757 2414 1810 doni
2435 1758 2749 1827 magnitudo,
2773 1758 2860 1812 sed
2885 1759 3051 1813 dantis
3080 1761 3279 1813 animus
3299 1769 3572 1828 spectatur.

1988 1838 2140 1898 —-Et
2165 1844 2266 1899 hoc
2296 1846 2348 1899 in
2376 1848 2622 1902 omnibus
2668 1849 2865 1902 nostris
2893 1849 3043 1904 factis
3074 1848 3308 1903 inveniet
3348 1850 3467 1918 quis
3503 1851 3572 1903 ab

1988 1948 2053 1988 eo
2080 1935 2220 1990 ﬁeri.
2246 1937 2381 2002 Quid
2415 1938 2594 2004 enim,
2625 1938 2709 1993 die
2737 1939 2864 1992 mihi
2882 1980 2895 2003 ,
2930 1940 3084 1993 vilius
3110 1939 3315 1993 duobus
3356 1940 3571 1994 obolis?

1986 2025 2235 2080 Attamen
2264 2028 2384 2094 quia
2414 2028 2569 2082 vidua
2598 2030 2681 2082 illa
2703 2029 2836 2084 duos
2857 2030 3044 2084 obolos
3072 2031 3123 2084 in
3153 2032 3438 2084 corlionam
3469 2032 3570 2086 mi-

1984 2116 2055 2169 sit
2075 2114 2405 2189 (Luc.2l.5),
2438 2119 2561 2174 inde
2581 2120 2805 2174 celebris
2827 2123 3072 2175 universo
3094 2121 3291 2175 mundo
3331 2120 3463 2176 facta
3485 2132 3588 2197 est

1983 2209 2052 2262 ab
2079 2224 2145 2263 eo
2173 2218 2410 2279 tempore
2447 2226 2614 2281 usque
2644 2213 2696 2265 in
2740 2228 2993 2281 praesens.
3020 2202 3089 2266 Et
3118 2213 3241 2281 quid
3272 2213 3392 2268 dico
3429 2213 3565 2268 duos

1982 2301 2213 2354 obolos?
2245 2303 2463 2357 Etiamsi
2493 2304 2611 2373 quis
2637 2305 2858 2359 calicem
2904 2320 3055 2374 aquae
3084 2304 3288 2374 frigida:
3331 2305 3565 2374 pnebeat

1986 2388 2306 2460 (Matt/2.10.
2340 2392 2453 2463 4‘2),
2487 2409 2584 2463 pro
2630 2409 2695 2448 eo
2741 2395 2901 2448 etiam
2956 2410 3159 2464 magna:
3206 2394 3565 2450 decernuntur

1979 2482 2357 2537 retributiones
2381 2500 2394 2537 :
2425 2498 2635 2553 semper
2662 2484 2805 2539 enim
2836 2494 3056 2538 coronat
3084 2500 3177 2539 eos
3197 2485 3287 2554 qui
3312 2487 3560 2540 virtutem

1978 2583 2286 2642 operantur,
2318 2574 2609 2629 secundum
2641 2578 2973 2644 operantium
3020 2577 3370 2631 voluntatem.
3402 2577 3563 2633 Simi-

1976 2663 2100 2720 liter
2128 2665 2178 2718 iu
2212 2680 2426 2734 precum
2471 2668 2779 2723 assiduitate
2826 2668 2965 2727 istud
3006 2668 3177 2739 ipsum
3221 2670 3290 2725 ab
3332 2685 3399 2724 eo
3449 2670 3560 2725 fieri

1976 2754 2157 2808 videre
2186 2756 2331 2810 licet.
2359 2755 2491 2810 Nam
2522 2758 2567 2812 si
2601 2774 2759 2828 quem
2792 2759 2965 2813 videat
3008 2754 3253 2813 alacriter
3278 2775 3337 2814 se
3362 2760 3561 2814 adeun-

1976 2854 2081 2901 tem
2105 2888 2118 2910 ,
2156 2849 2335 2901 statim
2375 2849 2423 2902 ei
2450 2849 2579 2903 dicit
2610 2866 2624 2902 :
2658 2850 2837 2903 Adhuc
2875 2850 3105 2919 loquente
3144 2860 3192 2904 te
3223 2867 3335 2904 ecce
3378 2852 3559 2905 adsum

1975 2935 2122 3007 (Isai.
2151 2938 2238 2992 65.
2269 2935 2553 3008 21).Quod
2574 2940 2618 2993 si
2644 2940 2954 3008 ampliorem
2986 2939 3323 2995 sedulitatem
3357 2952 3552 3007 teneat,

1973 3038 2027 3082 et
2050 3043 2242 3097 magno
2272 3028 2564 3095 desiderio,
2598 3030 2926 3099 ferventique
2952 3032 3149 3085 mentis
3172 3032 3441 3085 alacritate
3468 3048 3558 3100 pe—

1973 3117 2190 3173 titiones
2235 3118 2477 3172 emittat:
2508 3121 2667 3173 etiam
2705 3130 2827 3175 ante
2869 3121 3178 3190 petitionem
3217 3123 3467 3192 praedicat
3501 3133 3555 3177 et

1971 3218 2194 3278 coronat
2227 3228 2241 3263 :
2271 3210 2322 3264 id
2354 3212 2494 3281 quod
2523 3222 2577 3266 et
2598 3212 2649 3266 in
2670 3212 2968 3267 Chananzna
2997 3215 3219 3270 muliere
3243 3215 3547 3270 declaravit.

1969 3301 2233 3368 Quoniam
2261 3302 2401 3357 enim
2429 3304 2561 3357 vidit
2588 3304 3030 3373 indefatigabilem
3063 3305 3177 3376 ejus
3199 3309 3552 3361 constantiam

1969 3403 2025 3447 et
2051 3393 2521 3462 persevcrantiam,
2550 3394 2637 3448 ubi
2669 3395 2899 3465 primum
2931 3411 3047 3450 eam
3075 3396 3400 3465 praedicavit,
3422 3407 3554 3452 etut

1970 3487 2040 3540 ita
2062 3485 2255 3548 dicam,
2278 3487 2572 3550 coronavit,
2592 3488 2792 3557 totique
2814 3488 3011 3543 mundo
3043 3490 3348 3556 celebravit,
3369 3499 3548 3558 postea

1968 3576 2288 3631 liberalitate
2320 3592 2505 3646 magna
2538 3593 2724 3646 preces
2750 3579 2866 3648 ejus
2891 3581 3049 3634 etiam
3080 3584 3372 3651 superavit.
3397 3582 3547 3648 Nam,

1970 3676 2027 3721 ut
2055 3668 2186 3721 dixit
2208 3685 2221 3722 :
2245 3668 2289 3720 0
2310 3670 2509 3733 mulier,
2535 3686 2718 3740 magna
2740 3680 2810 3723 est
2835 3672 2961 3739 ﬁdes
2984 3682 3070 3725 tua
3092 3688 3111 3726 :
3140 3681 3265 3727 tunc
3289 3673 3547 3738 subdidit,

1968 3756 2089 3811 Fiat
2118 3758 2207 3811 tibi
2249 3759 2377 3812 sicut
2424 3760 2496 3813 vis
2528 3760 2740 3827 (Matth.
2775 3762 2862 3816 15.
2884 3760 3000 3832 28).
3034 3762 3100 3816 Et
3143 3763 3186 3816 si
3232 3764 3552 3818 voluerimus

1967 3851 2176 3920 singula
2223 3849 2513 3921 Scriptura:
2559 3852 2754 3906 divinae
2802 3854 3047 3923 exempla
3093 3854 3308 3918 atl‘erre,
3357 3856 3551 3924 ubique

1967 3959 2213 4013 magnam
2239 3944 2446 3998 Domini
2470 3946 2885 4000 munificentiam
2911 3946 3223 4000 videbimus.
3251 3948 3361 4001 Hoc
3383 3949 3549 4016 probe

1966 4035 2170 4089 sciebat
2196 4035 2493 4102 patriarcha
2518 4036 2629 4102 ille,
2658 4036 2934 4092 cedentem
2967 4037 3261 4091 minoribus
3287 4053 3548 4106 assequu-

1967 4132 2144 4178 turum
2167 4126 2386 4195 majora,
2405 4126 2540 4179 sicut
2562 4124 2676 4180 heri
2697 4125 2970 4182 audivistis
2991 4145 3004 4182 :
3025 4129 3186 4182 cessit
3200 4128 3356 4185 Loto.
3379 4130 3549 4197 regio-

1966 4232 2196 4286 nemque
2223 4218 2541 4273 deteriorem
2573 4220 2730 4289 eli-git
2756 4261 2771 4285 ,
2804 4229 2863 4273 ut
2890 4222 3248 4275 contentionis
3281 4232 3549 4276 resecaret

1965 4310 2309 4375 occasiones,
2335 4321 2390 4366 et
2430 4321 2646 4366 ostensa
2695 4314 2889 4367 virtute
2931 4327 3024 4366 sua
3075 4314 3329 4382 peculiari
3383 4323 3547 4368 totam

1966 4400 2181 4456 domum
2230 4412 2470 4471 pacatam
2528 4404 2799 4458 redderet.
2847 4402 3112 4458 Caeterum
3167 4405 3442 4460 videamus
3481 4421 3545 4457 ex

1966 4509 2153 4550 recens
2181 4495 2350 4562 lectis,
2380 4512 2622 4565 quamam
2655 4511 2752 4565 pro
2775 4505 2917 4551 tanta
2963 4497 3369 4555 mansuetudine
3411 4498 3551 4552 acci-

1968 4589 2078 4658 piat
2102 4604 2131 4640 a
2160 4589 2268 4643 Deo
2299 4590 2540 4657 praemia.
2572 4590 2657 4643 14.
2677 4587 2742 4641 Ει
2765 4589 2931 4656 dixit,
2963 4589 3133 4658 inquit
3155 4630 3171 4656 ,
3205 4588 3340 4643 Deus
3361 4590 3508 4644 Abrae
3529 4631 3545 4653 ,

1966 4687 2225 4749 postquam
2263 4690 2523 4748 separatus
2544 4690 2616 4734 est
2645 4679 2707 4733 ab
2730 4696 2787 4734 eo
2820 4679 2911 4733 Lat
2937 4695 2956 4733 :
2982 4678 3201 4733 Elevatis
3245 4680 3404 4733 oculis
3443 4682 3544 4733 tuis

1966 4786 2108 4823 cerne
2128 4787 2159 4822 a
2177 4771 2287 4824 loco
2307 4770 2359 4823 in
2371 4786 2469 4841 quo
2491 4780 2541 4822 tu
2565 4786 2698 4823 nunc
2718 4786 2790 4836 es,
2808 4769 2876 4821 ad
2897 4770 3177 4838 aquilonem
3202 4778 3246 4822 et
3267 4769 3543 4831 meridiem,

1965 4871 2012 4914 et
2055 4861 2293 4914 orientem
2320 4870 2367 4914 et
2398 4877 2535 4913 mare
2559 4876 2579 4913 :
2607 4861 2691 4915 15.
2722 4861 2838 4930 quia
2863 4875 3059 4913 omnem
3104 4868 3287 4912 terram
3312 4874 3462 4929 quam
3492 4870 3547 4911 tu

1965 4950 2132 5015 vides,
2163 4952 2250 5005 tibi
2275 4950 2404 5003 dabo
2435 4967 2576 5015 eam,
2605 4960 2652 5003 et
2689 4950 2865 5003 semini
2892 4958 2977 5003 tuo
3002 4965 3157 5018 usque
3191 4950 3243 5002 in
3283 4949 3545 5002 steculum.

1968 5045 2101 5099 Vide
2125 5045 2392 5115 quomodo
2416 5043 2592 5098 divina
2614 5042 2888 5111 Scriptura
2917 5041 3264 5096 acceleratam
3296 5040 3389 5095 Dei
3419 5055 3546 5110 pro-

1964 5137 2251 5191 videntium
2287 5145 2341 5189 et
2375 5135 2777 5190 retributionem
2804 5134 2949 5203 justo
2977 5133 3171 5189 faciant
3194 5132 3542 5187 demonstrat.

1969 5227 2164 5281 \‘olens
2192 5228 2332 5282 enim
2361 5242 2457 5280 nos
2502 5225 2729 5285 docere,
2765 5235 3021 5294 quantum
3052 5226 3340 5293 approbata
3389 5224 3543 5278 fuerit

1964 5332 1993 5370 a
2036 5315 2384 5370 miscricordc
2436 5316 2543 5370 Deo
2584 5315 2898 5384 patriarcha:
2942 5316 3239 5382 humilitas,
3269 5325 3543 5384 postquam

1964 5409 2116 5477 dixn,
2139 5415 2439 5477 separatum
2466 5405 2629 5462 fuisse
2651 5407 2770 5475 Lot,
2803 5417 2855 5462 et
2882 5407 3079 5462 abiisse
3098 5409 3147 5461 in
3173 5418 3363 5461 terrain
3387 5421 3544 5475 quam

1963 5500 2125 5570 elegit
2171 5510 2229 5555 ut
2268 5501 2731 5569 praestantiorem;
2760 5500 2940 5553 statim
2992 5498 3228 5553 subdidit
3259 5516 3272 5553 :
3309 5497 3373 5551 Et
3417 5499 3545 5552 dixit

1962 5589 2101 5646 Deus
2130 5590 2292 5645 Alme.
2320 5590 2519 5645 Deinde
2546 5599 2601 5645 ut
2627 5589 2906 5660 diligenter
2933 5588 3201 5643 discamus
3221 5589 3332 5643 haec
3348 5587 3546 5643 dixisse

1965 5681 2130 5736 Deum
2161 5681 2214 5735 in
2239 5680 2538 5735 mercedem
2569 5694 2754 5735 eorum
2784 5695 2902 5750 quae
2932 5681 3071 5735 circa
3096 5679 3284 5734 Lotum
3316 5678 3536 5741 fecerat,

1966 5776 2081 5831 hmo
2103 5773 2306 5829 addidit
2338 5790 2352 5827 :
2388 5772 2453 5827 Et
2476 5774 2604 5827 dixit
2633 5771 2770 5827 Deus
2797 5772 2966 5839 Abrre,
2990 5784 3258 5843 postquam
3284 5784 3544 5841 separatus

1966 5877 2037 5921 est
2057 5866 2118 5919 ab
2143 5882 2202 5920 eo
2226 5865 2342 5934 Lat,
2373 5865 2524 5939 quasi
2567 5865 2848 5922 manifeste
2887 5865 3000 5921 hsce
3033 5865 3080 5921 ei
3124 5865 3286 5921 verba
3317 5864 3534 5923 dicens:
