4060 6454
490 468 596 523 515

490 583 570 636 Ob
600 577 1234 634 tuam'mansuetudinem
1279 577 1493 646 regione
1530 575 1749 630 meliore
1797 584 1851 628 et
1894 589 2059 628 amus-

492 672 642 726 niore
688 669 866 724 fratris
892 669 998 722 ﬁlio
1023 668 1269 733 cessisti,
1295 676 1348 721 ct
1393 667 1641 720 eximiam
1669 679 1776 735 pra:
1806 673 1858 718 te
1903 663 2064 717 tulisti

497 762 870 826 humilitatem,
902 769 1208 829 tantamque
1231 758 1375 828 pacis
1411 757 1637 811 habuisti
1668 769 1882 820 curam,
1905 763 1963 808 ut
1991 754 2069 808 ni-

498 856 571 911 hil
599 871 705 910 non
734 857 905 925 potius
932 852 1216 922 delegeris,
1247 865 1406 920 quam
1428 863 1548 903 esse
1573 849 1710 902 inter
1729 863 1823 901 vos
1847 857 2069 901 conten—

498 947 713 1000 tiones:
745 951 1028 1012 eapropter
1069 941 1239 1010 largas
1282 939 1394 992 illas
1431 953 1460 991 a
1497 953 1582 993 me
1614 935 2073 990 remunerationes

499 1035 704 1104 accipe.
733 1033 952 1087 Elevatis
972 1073 986 1096 ,
1011 1032 1202 1101 inquit,
1223 1031 1380 1083 oculis
1406 1029 1504 1082 tuis
1523 1070 1536 1092 ,
1569 1029 1680 1081 vide
1707 1045 1737 1080 a
1767 1027 1875 1080 loco
1894 1027 1946 1079 in
1975 1041 2073 1094 quo

499 1138 550 1179 tu
581 1142 714 1179 nunc
740 1141 812 1191 es,
840 1124 908 1178 ad
949 1123 1230 1194 aquilonem
1274 1130 1320 1174 et
1363 1120 1636 1184 meridiem,
1661 1126 1706 1172 et
1751 1118 1987 1171 orientem
2027 1124 2076 1168 et

499 1225 638 1263 mare
667 1209 829 1278 :quia
865 1222 1060 1260 ontnem
1100 1213 1285 1257 terram
1307 1245 1321 1267 ,
1349 1219 1500 1273 quam
1541 1210 1593 1254 tu
1619 1201 1753 1254 rides
1771 1243 1786 1265 ,
1820 1200 1907 1252 tibi
1946 1197 2076 1252 dabo

504 1318 632 1365 eam,
653 1310 700 1355 et
720 1301 896 1355 semini
921 1309 1005 1353 tuo
1034 1314 1188 1366 usque
1207 1298 1259 1351 in
1283 1296 1543 1351 steculum.
1562 1293 1749 1348 Vidisti
1776 1292 2072 1347 retributio-

508 1406 630 1446 nem
674 1399 821 1461 gesta
865 1391 981 1459 ejus
1013 1389 1194 1444 multis
1234 1387 1407 1442 modis
1449 1385 1832 1455 superantem?
1885 1358 2120 1437 lisdemx

506 1481 681 1536 verbis
706 1481 870 1536 utitur
897 1481 1206 1535 misericors
1231 1477 1486 1533 Dominus
1505 1516 1520 1540 ,
1555 1476 1747 1545 quibus
1773 1481 1827 1528 et
1858 1472 2081 1541 patriar-

504 1573 603 1625 cha
630 1573 930 1626 cessionem
959 1569 1175 1626 fecerat.
1202 1569 1332 1624 Nam
1363 1569 1498 1622 sicut
1518 1566 1815 1637 patriarcha
1834 1564 2078 1620 dicebat:

506 1661 658 1729 Ecce,
689 1678 860 1716 annon
898 1662 1059 1715 omnis
1102 1671 1234 1714 terra
1271 1675 1442 1713 coram
1495 1658 1580 1712 te?
1621 1656 1873 1711 discedea
1899 1655 2080 1709 me:si

511 1764 564 1806 tu
588 1752 656 1806 ad
683 1753 962 1817 dexteram,
991 1767 1082 1822 ego
1107 1751 1175 1804 ad
1202 1751 1458 1803 sinistram
1478 1763 1496 1812 ,'
1517 1750 1560 1801 si
1589 1758 1644 1801 tu
1675 1748 1744 1800 ad
1785 1747 2037 1800 sinistram
2064 1787 2079 1811 ,

509 1860 601 1913 ego
625 1843 692 1896 ad
720 1843 979 1897 dexteram
1006 1857 1025 1895 :
1055 1842 1124 1895 ita
1147 1849 1200 1896 ct
1241 1841 1492 1894 Dominus
1516 1839 1678 1894 dicit:
1708 1837 1928 1892 Elevatis
1961 1853 2085 1890 ocu-

510 1935 571 1987 lis
597 1935 695 1987 tuis
724 1933 836 1986 vide
862 1950 894 1985 a
919 1933 1028 1986 loco
1056 1933 1110 1985 in
1135 1947 1233 2000 quo
1259 1941 1313 1984 tu
1338 1947 1472 1984 nunc
1501 1947 1552 1984 es
1573 1946 1593 1986 :
1618 1931 1738 1999 quia
1762 1944 1956 1982 omnem
1981 1938 2085 1981 ter-

510 2042 640 2089 ram,
669 2041 822 2092 quam
843 2033 894 2078 tu
923 2024 1081 2087 vides,
1099 2023 1186 2076 tibi
1209 2023 1339 2076 dabo
1368 2038 1480 2075 eam
1499 2063 1512 2086 ,
1545 2030 1592 2075 et
1618 2021 1795 2075 semini
1818 2029 1905 2074 tuo
1932 2033 2088 2088 usque

510 2117 562 2169 in
589 2115 850 2170 stcculum.
884 2115 998 2181 llic,
1031 2129 1246 2184 quaeso,
1275 2113 1638 2167 animadverte
1672 2111 1938 2180 ingentem
1970 2125 2090 2164 mu-

513 2208 856 2263 nificentiam.
905 2206 982 2260 Tu
1029 2206 1265 2275 quidem,
1294 2204 1498 2274 inquit,
1525 2205 1650 2258 dato
1698 2202 1773 2257 illi
1811 2199 2092 2257 electionis

513 2299 752 2365 arbitrio,
782 2313 866 2362 ea,
899 2313 1058 2366 quam
1082 2297 1171 2350 ille
1217 2296 1383 2350 voluit
1421 2296 1634 2365 eligere,
1668 2303 1808 2347 terra
1839 2289 2045 2347 cessisti
2074 2329 2089 2355 ,

515 2391 756 2444 relictam
777 2397 955 2443 autem
980 2389 1095 2458 ipse
1118 2387 1374 2457 accepisti
1397 2407 1411 2442 :
1439 2400 1539 2456 ego
1564 2401 1692 2442 vero
1713 2393 1857 2439 tanta
1887 2394 1939 2438 te
1963 2382 2095 2437 libe-

515 2481 723 2535 ralitate
750 2493 1063 2548 prosequar,
1087 2487 1145 2532 ut
1171 2492 1385 2532 omnem
1405 2491 1564 2546 quam
1599 2485 1724 2529 ante
1761 2474 1943 2528 oculos
1976 2481 2094 2528 tuos

521 2581 720 2626 terram
749 2570 897 2624 vides
925 2570 1102 2635 sitam,
1127 2586 1191 2623 es
1219 2579 1446 2637 utroque
1476 2568 1643 2622 latere
1667 2566 1854 2621 dextro
1879 2573 1934 2622 et
1962 2565 2096 2620 sini-

521 2673 656 2726 stro,
682 2678 711 2716 a
751 2662 1114 2732 septentrione
1155 2660 1480 2724 etameridie,
1513 2660 1580 2714 ab
1604 2659 1809 2714 oriente
1855 2667 1910 2714 et
1947 2657 2096 2712 occi-

521 2755 698 2817 dente,
725 2762 780 2807 et
810 2753 862 2806 in
891 2767 1118 2818 summa,
1147 2766 1361 2806 omnem
1386 2759 1583 2806 terram
1610 2765 1767 2820 quam
1786 2749 1979 2815 cernis,
2003 2749 2098 2804 tibi

523 2862 641 2901 sum
662 2860 1017 2902 concessurus
1043 2863 1058 2899 :
1091 2859 1263 2915 neque
1283 2845 1375 2900 tibi
1395 2845 1588 2909 solum,
1613 2843 1706 2898 sed
1730 2842 1795 2896 Et
1815 2843 1990 2898 semini
2015 2851 2100 2896 tuo

523 2953 680 3008 usque
704 2938 754 2991 in
773 2936 1226 2992 saeculumNidisti
1247 2937 1460 3007 dignam
1475 2936 1651 2991 divina
1673 2934 1908 2990 bonitate
1927 2935 2101 2989 muni-

527 3028 838 3083 licentiam?
863 3027 1050 3082 Vidisti
1077 3027 1288 3098 quantis
1315 3027 1496 3092 cessit,
1523 3036 1720 3098 quanta
1749 3034 1834 3081 est
1857 3041 2106 3096 assequu-

530 3119 656 3171 tns‘l
685 3118 820 3172 llinc
861 3118 1167 3173 erudiamur
1187 3159 1202 3185 ,
1235 3128 1292 3172 ut
1320 3133 1509 3188 magna
1555 3118 1607 3172 in
1636 3118 1831 3174 dandis
1873 3119 2104 3174 eleemo-

527 3210 674 3281 synis
705 3211 946 3281 largitate
975 3219 1220 3276 utamur,
1249 3225 1356 3280 quo
1384 3210 1522 3266 datis
1545 3212 1721 3280 parvis
1749 3210 2108 3280 adipiscamur

529 3315 743 3371 magna.
771 3301 1049 3368 Quomodo
1069 3302 1212 3356 enim
1232 3302 1378 3372 paria
1399 3313 1541 3368 sunt,
1571 3302 1678 3370 die,
1706 3303 1952 3369 obsecro,
1980 3303 2109 3358 dare

532 3410 724 3466 parum
753 3396 981 3467 argenti,
1005 3408 1056 3452 et
1079 3397 1320 3453 obtinere
1349 3407 1692 3467 peccatorum
1713 3397 2110 3452 remissionem?

536 3504 756 3558 pascere
783 3492 1140 3559 esurientem,
1171 3502 1224 3546 et
1251 3493 1303 3546 in
1331 3491 1420 3547 die
1450 3491 1537 3546 illa
1577 3490 1818 3547 horribili
1862 3491 2110 3546 ﬁduciam

535 3583 780 3653 assequi.
814 3591 868 3636 et
913 3583 1098 3638 audire
1147 3582 1308 3638 verba
1360 3598 1482 3637 cum
1528 3598 1693 3653 regno
1744 3581 2110 3638 conferenda:

542 3672 764 3737 Esurivi,
795 3684 840 3727 et
872 3673 1078 3730 dedistis
1113 3675 1240 3729 mihi
1284 3675 1588 3729 manducare
1616 3673 1830 3745 (Matth.
1859 3675 1951 3730 25.
1979 3674 2115 3744 '55)?

541 3765 679 3818 Num
709 3767 797 3834 qui
829 3766 924 3821 tibi
958 3777 1157 3822 tantam
1188 3783 1370 3822 rerum
1399 3768 1544 3822 dedit
1579 3769 1875 3823 ubertatem
1895 3811 1909 3835 ,
1946 3769 2117 3839 potuit

547 3865 603 3909 et
630 3855 775 3909 illius
801 3856 1036 3926 inopiam
1061 3857 1239 3912 levare
1265 3867 1320 3912 et
1343 3858 1546 3912 solari?
1569 3857 1677 3913 Sed
1715 3857 1814 3914 hac
1852 3858 1919 3914 de
1958 3874 2116 3913 causa

544 3946 797 4016 relinquit
843 3948 992 4002 illum
1041 3949 1221 4019 inopia
1260 3952 1474 4016 vexari,
1512 3962 1570 4005 ut
1605 3959 1660 4006 et
1710 3951 1822 4022 ipse
1867 3952 2118 4021 patientia

547 4037 770 4092 multum
797 4038 1059 4096 mercedis
1083 4040 1382 4110 acquireret
1401 4083 1416 4107 ,
1447 4050 1500 4097 et
1526 4053 1579 4097 tu
1603 4057 1698 4112 per
1725 4043 2120 4114 eleemosynam

549 4128 644 4182 tibi
675 4127 881 4183 ﬁducia:
906 4131 1184 4185 materiam
1213 4131 1336 4186 illuc
1363 4133 1734 4201 przemitteres.

619 4221 671 4276 5.
693 4221 876 4276 Vidisti
907 4223 1321 4278 misericordiam
1348 4224 1576 4286 Domini,
1607 4223 1875 4293 quomodo
1904 4232 2124 4293 propter

551 4321 789 4368 nostram
819 4312 1042 4367 salutem
1069 4312 1342 4383 dispenset
1369 4315 1544 4368 omnia
1568 4315 1592 4365 ?
1623 4315 1800 4384 Itaque
1824 4315 1950 4368 dum
1978 4315 2122 4384 cogi-

553 4410 663 4464 tas,
696 4413 913 4471 propter
940 4411 992 4456 te
1019 4412 1073 4457 et
1098 4413 1317 4472 propter
1343 4413 1486 4458 tuam
1509 4404 1782 4458 utilitatem
1820 4407 1965 4459 illum
2005 4421 2125 4458 cum

555 4490 729 4560 inopia
755 4491 1148 4548 eonﬁictantem
1193 4493 1332 4548 fame
1359 4495 1564 4562 perire,
1608 4511 1674 4549 ne
1697 4496 1895 4566 absque
1923 4496 2131 4551 miseri-

561 4583 736 4636 cordia
775 4593 1042 4648 transeas,
1083 4583 1175 4639 sed
1203 4595 1318 4639 esto
1347 4583 1520 4638 ﬁdelis
1559 4600 1777 4650 eorum,
1826 4601 1943 4656 quae
1979 4585 2130 4640 tibia

563 4676 786 4730 llutnino
808 4691 1060 4731 concessa
1091 4685 1234 4740 sunt,
1258 4676 1519 4731 bonorum
1537 4677 1889 4747 dispensator,
1916 4691 1972 4734 ut
1993 4679 2134 4735 illius

562 4767 886 4821 sublevando
909 4769 1202 4837 penuriam,
1235 4768 1452 4823 multam
1470 4769 1563 4824 tibi
1579 4785 1859 4839 supernam
1882 4771 2135 4826 concilies

559 4858 804 4927 gratiam.
855 4859 917 4912 Et
941 4859 1175 4929 gloriﬁca
1205 4860 1482 4914 Dominum
1513 4871 1698 4926 tuum,
1745 4862 1886 4931 quod
1915 4871 2134 4932 prepter

565 4961 614 5003 te
657 4962 711 5004 et
756 4952 976 5005 salutem
1029 4963 1170 5006 tuam
1210 4953 1508 5022 permiserit
1551 4953 1698 5006 illum
1738 4953 1789 5006 in
1829 4964 2139 5024 paupertate

565 5042 764 5095 versari
793 5083 810 5107 ,
857 5052 914 5096 nt
942 5043 1032 5096 tibi
1059 5044 1138 5096 via
1166 5052 1377 5112 pateat,
1421 5058 1514 5112 per
1540 5059 1698 5113 quam
1725 5054 1938 5114 peccata
1967 5047 2140 5116 possis

566 5132 781 5188 abluere
806 5175 819 5195 ,
864 5143 915 5188 et
940 5134 1261 5203 dispensatis
1289 5135 1424 5189 bene
1454 5134 1519 5188 iis
1539 5149 1658 5204 qua:
1699 5150 1727 5188 a
1773 5137 1996 5190 Domino
2043 5135 2142 5191 tibi

567 5232 690 5278 sunt
711 5239 986 5290 concessa,
1017 5227 1197 5279 laudes
1221 5225 1340 5279 illas
1367 5241 1624 5290 mereare,
1655 5242 1771 5296 qua:
1791 5242 2004 5282 omnem
2031 5242 2145 5283 ser-

571 5330 781 5369 monent
829 5324 885 5370 et
937 5318 1195 5370 ratioaem
1257 5318 1656 5372 transcendunt.
1709 5319 1906 5375 Audies
1953 5321 2096 5375 enim
2127 5361 2144 5386 ,

579 5403 746 5476 Euge,
770 5424 909 5462 serve
947 5410 1072 5464 bone
1095 5420 1139 5464 et
1161 5410 1358 5478 ﬁdelis,
1396 5426 1546 5481 super
1572 5430 1735 5482 pauca
1773 5413 1913 5481 fuisti
1945 5413 2144 5481 fidelis,

576 5511 725 5563 super
750 5499 911 5552 multa
938 5510 985 5554 te
1007 5502 1307 5554 constituam
1334 5519 1353 5556 :
1378 5504 1511 5555 intra
1556 5505 1608 5556 in
1653 5505 1892 5573 gaudium
1945 5502 2149 5556 Domini

573 5584 646 5636 tui
675 5585 897 5654 (Matth.
919 5590 1011 5646 25.
1040 5590 1166 5662 23).
1195 5592 1318 5645 Hum
1344 5593 1846 5657 animadvertentes,
1881 5595 1951 5647 ita
1981 5594 2150 5662 reSpi-

572 5691 777 5737 t‘mmus
824 5702 1118 5757 pauperes,
1162 5691 1314 5760 quasi
1359 5689 1656 5757 beneﬁcos,
1702 5690 1792 5759 qui
1843 5688 2152 5743 occasiones

578 5773 767 5828 Salutis
792 5777 916 5830 dare
960 5780 1112 5835 nobis
1142 5791 1391 5850 possunt,
1443 5791 1497 5836 et
1533 5782 1612 5836 eis
1654 5781 1866 5849 largiter
1893 5778 2154 5846 hilarique

584 5871 632 5914 at
653 5864 760 5919 imo
788 5883 1087 5939 erogemus,
1116 5889 1400 5943 numquam
1431 5884 1715 5930 renuentes
1737 5873 1885 5940 dare,
1917 5869 2012 5928 sed
2042 5885 2153 5924 ma-

1233 461 1288 519 S.
1327 461 1604 517 JOANNIS
1639 458 2110 516 CllllYSOSTOMl
2151 456 2464 514 AllClllEl'.
2505 456 3029 514 CONSTANTINOP.

3651 453 3742 518 διο

2172 587 2274 642 gna
2305 573 2522 628 lenitate
2544 589 2663 627 cum
2693 573 2772 628 eis
2795 573 3160 642 colloquentes
3183 616 3198 639 ,
3243 585 3297 628 et
3341 577 3558 630 multam
3602 594 3746 630 Inan-

2173 665 2506 720 suetudinem
2534 665 2886 722 declarantes.
2918 665 3122 719 Inclina
3143 708 3157 732 ,
3189 667 3392 737 inquit,
3423 670 3631 737 pauperi
3656 686 3746 720 au-

2172 773 2277 810 rem
2306 766 2464 822 tuam,
2497 766 2542 810 et
2563 757 2810 825 responde
2833 758 2880 810 ei
2906 757 3116 826 paciﬁce
3139 759 3190 810 in
3221 759 3602 812 mansuetudine
3629 758 3748 825 (Ec.

2174 848 2258 901 cli.
2286 848 2338 902 4.
2371 847 2464 919 8),
2495 857 2552 902 ut
2583 857 2638 902 et
2665 857 2949 918 antequam
2993 847 3120 910 des,
3151 849 3434 904 verborum
3469 849 3750 903 clementia

2177 938 2343 992 multa
2388 939 2562 1007 inopia
2590 937 2852 1008 deiectum
2894 938 3009 1008 ejus
3048 939 3283 992 animum
3310 940 3520 1008 erigas;
3570 938 3752 992 Melior

2177 1030 2308 1083 enim
2333 1039 2427 1094 est,
2461 1030 2648 1099 inquit,
2676 1045 2859 1090 sermo.
2885 1046 3037 1098 quam
3071 1031 3276 1084 donatio
3305 1030 3486 1099 (Eccli.
3521 1030 3607 1085 l8.
3641 1030 3750 1099 i6).

2178 1117 2327 1173 Adeo
2366 1119 2523 1173 etiam
2567 1120 2788 1174 verbum
2828 1120 3058 1174 animam
3101 1120 3388 1187 roborare,
3432 1122 3758 1177 consolatio-

2180 1225 2410 1277 nemztue
2435 1210 2653 1264 nmltam
2684 1209 2873 1265 afferre
2895 1211 3049 1264 solet.

2252 1302 2585 1371 Eleemosgna
2614 1301 2848 1355 alacriter
2884 1301 3160 1372 eroganda.
3206 1299 3422 1356 Serendi
3465 1311 3656 1372 tempus
3683 1314 3757 1355 est

2182 1394 2288 1447 [nec
2313 1395 2431 1447 vita.
2461 1422 2534 1432 —
2558 1392 2720 1462 igitur
2764 1407 2868 1446 non
2917 1401 3120 1446 tantum
3148 1392 3482 1447 attendentes
3506 1407 3626 1447 eum
3665 1393 3757 1462 qui

2183 1485 2394 1553 accipit,
2437 1485 2488 1538 in
2527 1483 2715 1538 dandis
2743 1484 3095 1553 eleemosynis
3129 1484 3294 1538 simus
3325 1484 3568 1541 liberales
3610 1502 3625 1538 :
3663 1486 3760 1540 sed

2185 1577 2564 1631 ratiocinantes
2602 1577 2779 1645 potius
2806 1576 2923 1644 quis
2950 1575 3040 1630 ille
3064 1576 3134 1629 sit
3169 1576 3258 1644 qui
3301 1590 3364 1629 ea
3405 1592 3521 1645 quae
3546 1577 3598 1629 in
3629 1591 3761 1646 pau-

2187 1685 2366 1741 perem
2397 1671 2656 1725 collocata
2684 1677 2829 1734 sunt,
2859 1680 2916 1724 ut
2954 1671 3054 1724 sibi
3097 1670 3230 1725 facta
3260 1670 3489 1724 vindicat
3512 1712 3528 1736 ,
3569 1681 3624 1726 et
3664 1687 3761 1738 pro

2187 1763 2324 1818 datis
2363 1762 2680 1817 solutionem
2731 1761 3052 1832 pollicetur:
3083 1773 3240 1830 atque
3279 1761 3350 1814 ita
3393 1762 3570 1816 animo
3612 1762 3762 1815 illum

2189 1853 2454 1909 intuentes
2477 1893 2495 1922 ,
2541 1867 2726 1922 magna
2753 1853 3023 1907 alacritate
3046 1852 3173 1906 dare
3202 1852 3510 1906 Studeamus
3530 1891 3545 1916 ,
3577 1861 3631 1906 et
3658 1851 3757 1905 Iar~

2188 1958 2332 2013 gam,
2359 1942 2483 1997 dum
2506 1943 2680 1996 adhuc
2704 1952 2910 2010 tempus
2935 1951 3037 2002 est,
3071 1949 3362 1996 sementem
3385 1941 3642 2009 iaciamus
3659 1979 3675 2003 ,
3707 1950 3766 1994 ut

2190 2043 2244 2088 et
2268 2033 2500 2088 ubertim
2530 2043 2808 2087 metamus.
2836 2032 2966 2086 Nam
3003 2031 3104 2098 Qui
3125 2047 3274 2100 parce
3295 2030 3537 2091 seminat,
3563 2030 3762 2099 inquit,

2194 2140 2343 2195 parce
2356 2135 2401 2178 et
2417 2133 2562 2177 metet
2587 2123 2666 2193 (2.
2691 2122 2806 2177 Cor.
2830 2123 2881 2178 9.
2907 2122 2986 2191 6).
3016 2122 3170 2176 Manu
3197 2121 3352 2191 igitur
3372 2121 3587 2175 minime
3611 2137 3767 2190 parca

2193 2217 2395 2271 semina
2422 2215 2509 2269 illa
2537 2216 2670 2270 bona
2701 2230 3030 2284 spargamus,
3062 2225 3119 2268 ut
3147 2230 3242 2269 suo
3271 2223 3508 2283 tempore
3535 2213 3768 2268 ubertim

2196 2315 2479 2363 metamus.
2511 2307 2661 2362 Nunc
2685 2308 2826 2362 enim
2855 2306 3147 2362 seminandi
3177 2317 3381 2375 tempus
3406 2313 3506 2370 cst,
3533 2305 3672 2374 quod
3704 2319 3773 2358 ne

2194 2408 2577 2472 praetereamus
2601 2399 2825 2454 obsecro
2844 2440 2859 2466 ,
2903 2407 2959 2452 ut
3001 2399 3052 2452 in
3081 2398 3167 2453 die
3193 2397 3554 2452 retributionis
3582 2412 3678 2465 pro
3707 2396 3773 2448 iis

2197 2509 2315 2564 qua:
2345 2493 2431 2548 hic
2458 2491 2840 2548 seminavimus
2862 2532 2877 2558 ,
2922 2488 3124 2545 fruetus
3152 2490 3505 2560 percipiamus
3531 2529 3546 2554 ,
3582 2498 3636 2542 et
3666 2488 3774 2540 Do-

2200 2583 2328 2638 mini
2375 2582 2796 2638 misericordiam
2839 2595 3202 2651 assequamur.
3249 2578 3458 2634 Nullum
3485 2578 3625 2633 estin:
3654 2592 3775 2630 om-

2201 2677 2328 2732 nino
2357 2675 2496 2731 aliud
2523 2690 2656 2745 opus
2683 2675 2877 2730 bonum
2898 2674 2975 2729 sic
3004 2672 3199 2742 poterit
3224 2671 3551 2741 restinguere
3588 2683 3777 2738 pecea-

2205 2775 2379 2824 torum
2403 2776 2706 2823 nostrorum
2729 2765 3047 2828 incendium,
3075 2773 3134 2818 ut
3151 2764 3502 2834 eleemosynaa
3522 2760 3775 2830 largitas:

2204 2860 2303 2915 ista
2330 2867 2385 2914 et
2414 2865 2748 2928 peccatorum
2777 2866 3078 2912 nostrorum
3117 2854 3457 2909 abolitionem
3501 2861 3777 2922 operatur,

2204 2959 2260 3006 et
2284 2949 2438 3006 nobis
2465 2947 2710 3004 ﬁduciam
2751 2947 3036 3011 conciliat,
3077 2954 3131 3000 et
3177 2943 3515 3000 inetl'abilium
3562 2941 3779 2995 illorum

2205 3042 2467 3096 bonorum
2498 3041 2724 3095 fructum
2763 3047 3044 3110 praeparat.
3073 3036 3269 3091 Verum
3321 3035 3388 3090 de
3436 3033 3519 3087 his
3562 3032 3782 3102 quidem

2210 3135 2340 3189 satis
2387 3133 2588 3188 dictum
2629 3140 2711 3186 est
2743 3130 2796 3185 in
2822 3127 3240 3185 cobortationem
3283 3134 3552 3188 vestram;
3598 3131 3654 3176 et
3687 3121 3784 3175 de-

2211 3233 2560 3281 monstratum
2592 3236 2691 3276 nos
2719 3220 2765 3276 si
2795 3234 2952 3289 parva
2974 3218 3276 3273 dederimus
3296 3257 3311 3281 ,
3343 3230 3372 3268 a
3420 3213 3641 3267 Domino
3681 3223 3783 3263 no-

2211 3325 2324 3372 stro
2353 3329 2539 3385 magna
2561 3318 2978 3382 consequuturos
3019 3322 3156 3364 esse.
3181 3306 3316 3360 Hine
3339 3304 3478 3358 enim
3521 3316 3698 3356 sermo
3725 3300 3784 3352 in

2212 3407 2566 3476 eleemosynte
2593 3402 3010 3457 admonitionem
3037 3397 3318 3453 devolutus
3347 3407 3427 3448 est
3455 3412 3469 3447 :
3500 3393 3618 3463 quia
3639 3393 3783 3445 enim

2214 3497 2444 3553 diximus
2481 3495 2833 3566 patriarcbam
2858 3533 2876 3559 ,
2907 3491 3033 3546 dum
3065 3499 3266 3560 partem
3310 3497 3468 3543 terra:
3513 3485 3787 3540 meliorem

2216 3588 2317 3643 Lot
2344 3585 2630 3650 concessit,
2657 3592 2712 3638 et
2735 3583 2976 3639 viliorem
3003 3581 3116 3652 ipse
3136 3578 3373 3642 retinuit,
3407 3583 3603 3630 tantam
3628 3589 3658 3626 a
3686 3573 3789 3626 Do.

2218 3679 2366 3733 mino
2394 3683 2783 3746 consequutum
2809 3687 2929 3728 esse
2955 3671 3342 3734 liberalitatem,
3370 3674 3428 3720 ut
3447 3679 3658 3719 onmem
3692 3676 3790 3715 eo-

2220 3771 2527 3840 gitationem
2565 3766 2904 3823 transcendat
2943 3762 3225 3834 promissio
3250 3775 3405 3830 quam
3444 3759 3493 3813 ei
3537 3756 3790 3811 Dominus

2223 3863 2347 3918 fecit
2374 3880 2388 3915 :
2420 3861 2638 3916 Elevatis
2666 3861 2795 3914 enim
2824 3857 2983 3912 oculis
3026 3857 3144 3921 tuis,
3173 3852 3360 3923 inquit,
3404 3852 3562 3904 videa
3583 3851 3710 3910 loco,
3734 3848 3790 3900 in

2223 3972 2322 4024 quo
2347 3964 2398 4007 tu
2427 3969 2559 4007 nunc
2585 3968 2655 4017 es,
2685 3951 2753 4004 ad
2776 3949 3056 4020 aquilonem
3083 3955 3129 4000 et
3156 3944 3411 3998 meridiem
3433 3983 3445 4005 ,
3483 3951 3528 3994 et
3555 3940 3796 3993 orientem

2224 4059 2270 4102 et
2299 4063 2436 4101 mare
2461 4061 2478 4100 :
2506 4047 2623 4116 quia
2647 4059 2842 4098 omnem
2867 4051 3048 4094 terram
3068 4079 3083 4105 ,
3112 4053 3262 4107 quam
3289 4045 3340 4087 tu
3365 4035 3497 4086 vides
3519 4073 3536 4095 ,
3569 4047 3675 4084 eam
3705 4029 3796 4081 tibi

2227 4138 2380 4203 dabo,
2418 4146 2461 4190 et
2489 4135 2663 4190 semini
2685 4143 2770 4186 tuo
2796 4145 2954 4200 usque
2978 4131 3031 4182 in
3051 4128 3306 4182 arculum.
3335 4124 3489 4179 Parte
3513 4131 3684 4184 teme,
3716 4119 3802 4172 in-

2228 4227 2361 4297 quit,
2391 4224 2600 4280 cessisti
2631 4222 2808 4277 fratris
2838 4221 2947 4274 lilio
2971 4236 2985 4273 :
3015 4232 3140 4272 ecce
3169 4231 3268 4285 ego
3297 4224 3459 4268 totam
3483 4212 3575 4266 tibi
3601 4219 3801 4263 terram

2230 4319 2528 4390 polliceor;
2559 4329 2730 4383 neque
2761 4314 2865 4367 hoc
2889 4311 3079 4373 solum,
3109 4307 3202 4362 sed
3227 4315 3282 4362 et
3309 4305 3495 4360 semini
3526 4313 3614 4355 tuo
3639 4299 3800 4390 polli-

2231 4387 2358 4464 ceor
2382 4420 2501 4462 eam
2525 4419 2691 4472 usque
2727 4402 2780 4456 in
2819 4400 3071 4455 saeculum
3106 4416 3118 4451 :
3151 4399 3250 4450 hoc
3277 4405 3379 4460 est,
3403 4400 3674 4462 perpetuo.
3705 4387 3804 4441 Vi-

2235 4498 2356 4552 disti
2383 4494 2647 4566 quomodo
2677 4499 2856 4548 certat
2881 4487 3197 4544 beneﬁciis?
3244 4485 3431 4540 Sciens
3474 4481 3612 4536 enim
3663 4479 3807 4532 Deus

2238 4590 2339 4644 hoc
2367 4587 2597 4642 maxime
2622 4597 2816 4653 cupere
2840 4579 3216 4650 patriarcham,
3249 4585 3304 4631 et
3327 4575 3452 4628 nihil
3474 4573 3587 4643 ejus
3610 4568 3809 4624 alacri-

2238 4689 2399 4736 tatem
2429 4681 2498 4733 ita
2525 4677 2896 4732 roboraturum
2920 4687 3058 4735 esse,
3091 4670 3259 4740 inquit
3289 4687 3302 4722 :
3331 4668 3398 4723 Et
3423 4666 3526 4720 hoc
3563 4665 3650 4718 tibi
3677 4678 3812 4716 con-

2241 4773 2448 4838 cedam,
2477 4780 2536 4826 ut
2557 4769 2646 4839 qui
2676 4783 2738 4822 ex
2762 4775 2814 4821 te
2839 4772 3141 4826 nascentur,
3169 4759 3471 4822 succedant,
3495 4767 3550 4811 et
3569 4755 3814 4811 similiter

2242 4875 2383 4919 terra
2433 4866 2707 4925 fruantur,
2763 4857 3092 4924 habeantque
3129 4861 3440 4943 perpetuum
3471 4849 3609 4902 illius
3636 4845 3816 4899 domi.

2244 4956 2410 5010 nium.
2444 4948 2662 5013 Deinde,
2701 4957 2758 5001 ut
2787 4962 2855 5000 ne
2881 4941 3168 5012 respiciens
3187 4941 3254 4995 ad
3277 4948 3516 4995 naturam
3556 4945 3611 4991 et
3658 4950 3816 4989 sene-

2244 5055 2444 5102 ctutem
2473 5055 2621 5095 suam
2649 5080 2664 5106 ,
2692 5038 2942 5107 Sameque
2981 5034 3310 5089 sterilitatem
3337 5070 3351 5095 ,
3410 5028 3817 5099 promissionem

2245 5139 2421 5193 minus
2450 5139 2678 5196 curaret,
2711 5131 2805 5184 sed
2827 5129 2960 5183 bene
2990 5125 3174 5180 ﬁderet
3197 5122 3489 5192 pollicentis
3509 5119 3714 5180 virtuti,
3740 5120 3819 5170 in-

2248 5232 2364 5301 quit
2393 5227 2516 5283 :16.
2548 5224 2613 5278 Et
2657 5224 2841 5294 faciam
2877 5234 3042 5273 semen
3081 5227 3222 5270 tuum
3247 5215 3376 5266 sicut
3408 5227 3614 5265 arenam
3652 5218 3814 5261 terra.

2252 5322 2313 5376 Si
2340 5319 2452 5388 quis
2481 5324 2638 5386 potest
2666 5327 2928 5367 numerare
2953 5323 3157 5362 arenam
3197 5315 3360 5370 teme,
3402 5312 3448 5357 et
3477 5315 3642 5354 semen
3679 5309 3825 5350 luunt

2251 5409 2612 5467 numerabitur.
2646 5406 2779 5460 Vere
2808 5417 2966 5471 supra
2992 5409 3228 5454 naturam
3259 5396 3541 5449 humanam
3570 5399 3684 5445 erat
3708 5389 3828 5444 bmc

2254 5501 2536 5574 promissio
2574 5517 2588 5553 :
2633 5514 2736 5552 non
2763 5497 2935 5550 soluat
2979 5493 3120 5548 enim
3170 5489 3412 5560 promisit
3459 5501 3518 5540 se
3565 5483 3828 5538 facturum

2255 5611 2377 5653 eum
2427 5601 2628 5662 patrem
2671 5592 2807 5642 inter
2865 5596 2941 5639 tot
2969 5577 3338 5653 impedimenta
3365 5621 3379 5645 ,
3403 5577 3495 5633 sed
3526 5578 3580 5630 in
3623 5584 3832 5628 tantum

2258 5684 2725 5753 multiplicaturnm
2754 5679 2910 5738 ﬁlios,
2940 5685 2996 5728 ut
3014 5687 3187 5727 arena:
3210 5681 3365 5725 teme
3389 5665 3685 5737 comparari
3705 5677 3832 5734 pos-

2259 5787 2398 5835 sent.
2445 5777 2777 5831 lnnumeram
2815 5783 2976 5840 porro
3026 5762 3417 5819 multitudinem
3448 5761 3562 5817 fore
3583 5769 3691 5814 tam
3733 5756 3830 5819 by-

2265 5866 2528 5942 perboliea
2557 5861 2898 5919 similitudine
2925 5856 3195 5913 declarare
3222 5852 3404 5907 voluit.
