4060 6432
366 490 393 519 ὀ

385 535 549 591 ταυτὶ
585 536 722 606 πρὸς
746 535 909 590 αὐτὸν
938 532 1184 605 φανερῶς
1225 532 1392 604 λέγων
1416 533 1486 588 τὰ
1522 534 1760 604 ρήματα’
1808 531 2058 604 παρεχώ-

388 637 566 693 ρησας
614 620 702 674 διὰ
732 619 931 691 πολλὴν
960 618 1259 673 ἐπιείκειαν
1300 619 1402 690 τῆς
1439 618 1927 688 καλλιστευομένης
1956 614 2060 685 χώφ

389 719 491 775 ρας
526 702 605 772 τῷ
634 701 921 772 ἀδελφιδῷ,
948 702 1043 755 καὶ
1086 702 1183 772 τὴν
1215 702 1391 773 ἀκραν
1420 700 1677 766 ἐπεδείξω
1699 714 2060 767 ταπεινοφρο-

388 785 577 856 σύνην,
609 785 703 838 καὶ
720 784 987 855 τοσαύτην
1009 785 1249 855 ἐποιήσω
1276 788 1373 855 τῆς
1404 786 1626 856 εἰρήνης
1656 783 1753 853 τὴν
1779 780 2058 853 πρόνοιαν,

384 868 466 932 ὼς
499 868 677 923 πάντα
727 868 1124 932 καταδέξασθαι
1146 868 1286 935 ὑπὲρ
1315 867 1407 922 τοῦ
1436 867 1704 939 μηδεμίαν
1736 861 1874 918 εἶναι
1906 863 2062 933 ὑμῶν

388 951 596 1021 μεταξὺ
640 950 993 1020 φιλονεικίανο
1017 952 1105 1005 διὰ
1133 952 1292 1004 τοῦτο
1323 951 1561 1021 λάμϐανε
1596 949 1725 1019 παρ’
1748 948 1882 1019 ἐμοῦ
1901 946 2059 1015 δαψι-

381 1033 501 1096 λεῖς
527 1033 626 1097 τὰς
653 1034 908 1104 ἀμοιϐάς.
955 1034 1350 1103 Ἀναϐλέψας,
1384 1034 1539 1104 φησὶ,
1579 1034 1703 1099 τοῖς
1732 1028 2060 1099 ὀφθαλμοῖς

383 1133 528 1182 σου,
564 1116 654 1170 ἴδε
675 1116 795 1171 ἀπὸ
814 1117 920 1171 τοῦ
942 1120 1153 1181 τόπου,
1180 1115 1251 1174 οὗ
1287 1119 1405 1172 νῦν
1433 1118 1514 1171 σὺ
1538 1113 1609 1179 εἴ,
1652 1117 1802 1183 πρὸς
1826 1111 2060 1182 βορρᾶν

383 1197 486 1253 καί
522 1200 680 1265 λίϐα,
714 1199 813 1253 καί
862 1201 1171 1267 ἀνατολὰς
1198 1201 1297 1254 καὶ
1340 1201 1682 1255 θάλασσαν·
1734 1199 1824 1252 ὅτι
1852 1196 2059 1251 πᾶσαν

382 1282 504 1347 τὴν
521 1279 655 1350 γῆν,
693 1280 869 1349 ἢνσὺ
897 1282 1063 1350 ὁρᾷς,
1091 1280 1191 1337 σοὶ
1213 1283 1385 1337 δώσω
1417 1282 1612 1349 αὐτὴν
1646 1282 1742 1336 καί
1768 1281 1847 1347 τῷ
1864 1280 2059 1347 σπέρ-

377 1366 526 1433 (ulti
546 1381 662 1420 σου
684 1365 796 1433 ἕως
832 1366 939 1421 τοῦ
991 1365 1227 1433 αἰῶνος.
1266 1363 1418 1430 Εἶδες
1464 1366 1728 1420 ἀντίδοσιν
1771 1364 1951 1433 πολλῷ
1979 1361 2058 1432 τῷ

385 1448 575 1519 μέτρῳ
609 1449 1042 1521 ὑπερϐαίνουσαν
1071 1450 1139 1503 τὰ
1177 1452 1304 1522 παρ’
1349 1448 1512 1503 αὑτοῦ
1538 1449 1827 1518 γινόμενα;
1861 1449 1937 1499 Δι’
1957 1447 2055 1499 αὑ-

379 1529 494 1582 τῶν
520 1530 630 1584 τῶν
649 1532 911 1603 ῥημάτων
947 1531 1167 1603 ἔρχεται
1195 1533 1224 1584 6
1254 1532 1633 1603 φιλάνθρωπος
1664 1531 1959 1599 Δεσπότης,
1989 1529 2055 1581 δι’

381 1606 463 1667 ὧν
478 1614 570 1666 καὶ
588 1616 618 1667 6
639 1616 985 1686 πατριάρχης
1005 1616 1105 1687 τὴν
1127 1616 1519 1686 παραχώρησιν
1542 1616 1851 1686 ἐποιήσατο.
1878 1613 2056 1667 Καθά-

382 1694 493 1768 περ
520 1697 629 1769 γὰρ
657 1699 863 1762 ἐκεῖνος
881 1699 1085 1768 ἔλεγεν,
1123 1703 1245 1753 Οὐκ
1276 1700 1403 1753 ίὸοὺ
1420 1697 1588 1753 πᾶσα
1616 1701 1653 1766 ἠ
1685 1696 1759 1766 γῆ
1782 1698 2059 1750 ἐναντίον

380 1795 539 1843 σου;
561 1780 983 1850 διαχωρίσθητι
1014 1783 1115 1837 ἀπ’
1149 1782 1315 1853 ἐμοῦο
1335 1786 1388 1837 εὶ
1404 1784 1493 1838 σὺ
1512 1786 1599 1849 εις
1626 1782 1814 1847 δεξιὰ,
1835 1781 1948 1850 ἐγὼ
1972 1784 2058 1845 είς

377 1863 687 1933 ἀριστεράο
717 1867 772 1919 εί
803 1865 872 1918 δὲ
900 1865 982 1920 σὺ
998 1867 1088 1932 είς
1115 1866 1417 1935 ἀριστερὰ,
1445 1866 1560 1935 ἐγὼ
1583 1870 1670 1932 εις
1704 1864 1892 1930 δεξιά·
1915 1863 2057 1917 οὕτω

378 1947 477 2000 καὶ
522 1948 552 1999 ὁ
595 1949 876 2019 Δεσπότης
925 1949 1111 2019 φησίν·
1163 1949 1535 2015 Ἀναϐλέψας
1577 1950 1699 2014 τοῖς
1729 1945 2057 2016 ὀφθαλμοῖς

376 2043 522 2094 σου,
548 2029 639 2084 ιδε
660 2031 777 2085 ἀπὸ
799 2031 906 2086 τοῦ
932 2034 1140 2095 τόπου,
1163 2030 1235 2089 οὗ
1268 2032 1350 2086 σὺ
1379 2029 1585 2086 εἷνῦν·
1608 2032 1695 2084 ὅτι
1715 2029 1924 2084 πᾶσαν
1946 2029 2058 2096 τὴν

378 2111 518 2181 γῆν,
559 2112 641 2180 ἢν
668 2113 835 2182 ὁρᾷς,
855 2114 960 2169 σοὶ
975 2113 1147 2169 δώσω
1168 2116 1363 2184 αὐτὴν
1383 2115 1482 2169 καί
1512 2113 1592 2180 τῷ
1608 2114 1905 2183 σπέρματί
1938 2128 2054 2166 σου

375 2195 489 2261 ἕως
525 2196 631 2250 τοῦ
679 2195 912 2264 αἰῶνος.
963 2197 1226 2252 Ἐνταῦθά
1256 2216 1344 2269 μοι
1386 2199 1577 2252 σκόπει
1607 2198 1705 2269 τῆς
1739 2196 2051 2267 φιλοτιμίας

376 2280 481 2349 τὴν
511 2279 837 2349 ὑπερϐολήν.
878 2280 951 2334 Σὺ
985 2280 1084 2351 μὲν
1130 2281 1260 2351 γὰρ,
1303 2281 1503 2352 φησὶν,
1552 2280 1763 2350 αἵρεσιν
1793 2278 1917 2342 δοὺς
1956 2277 2055 2348 τὴν

378 2362 481 2430 τῆς
500 2361 752 2431 ἐκλογῆς,
776 2361 872 2431 τήν
907 2361 1009 2431 μὲν
1034 2362 1452 2434 παρεχώρησας,
1473 2363 1646 2433 ἤνπερ
1666 2360 1878 2414 ἑλέσθαι
1901 2358 2056 2411 ἐϐου-

375 2444 542 2515 λήθη,
574 2443 669 2516 τὴν
724 2444 780 2497 δὲ
822 2445 1240 2510 ὑπολειφθεῖσαν
1283 2446 1444 2509 αὐτὸς
1503 2443 1799 2508 κατεδέξωο
1844 2442 1955 2511 ἐγὼ
2000 2441 2056 2494 δὲ

376 2527 648 2598 τοσαύτην
692 2527 950 2599 ποιοῦμαι
974 2529 1071 2601 τὴν
1101 2529 1429 2599 φιλοτιμίαν,
1468 2528 1543 2591 ὡς
1592 2530 1769 2580 πᾶσαν
1800 2526 1899 2594 τὴν
1949 2525 2055 2595 γῆν

375 2610 480 2681 τὴν
506 2611 917 2666 ὑποπίπτουσαν
945 2617 1011 2684 τῇ
1038 2613 1147 2666 τῶν
1184 2612 1291 2666 σῶν
1334 2610 1629 2682 ὀφθαλμῶν
1661 2610 1758 2680 θέᾳ
1782 2609 1839 2675 ἐξ
1865 2608 2056 2662 ἐκατέ-

378 2710 491 2760 ρων
518 2692 624 2747 τῶν
651 2695 855 2765 μερῶν,
893 2697 1001 2749 ἀπὸ
1043 2697 1246 2767 ἄρκτου
1290 2696 1383 2750 καὶ
1416 2696 1525 2749 ἀπὸ
1555 2691 1922 2765 μεσημϐρίας,
1962 2691 2057 2744 καὶ

375 2777 490 2829 ἀπὸ
519 2776 791 2829 ἀνατολῶν
817 2778 911 2830 καὶ
931 2777 1173 2847 δυσμῶν,
1210 2779 1389 2831 πᾶσαν
1417 2778 1517 2849 τὴν
1543 2778 1667 2845 γῆν,
1698 2776 1765 2845 ἥν
1795 2775 1948 2851 ὁρᾷς,
1974 2776 2058 2831 σοὶ

374 2860 823 2930 παραχωρήσειν⁸
854 2861 946 2915 καὶ
978 2861 1037 2914 οὑ
1069 2861 1226 2914 τοῦτο
1261 2862 1442 2932 μόνον,
1464 2861 1601 2915 ἀλλά
1626 2861 1735 2915 Καὶ
1757 2856 1836 2922 τῷ
1868 2857 2055 2926 σπέρο·

371 2942 521 3010 putt
561 2958 678 2995 σου
707 2942 818 3008 ἕως
855 2944 962 2998 τοῦ
999 2943 1232 3011 αἰῶνος.
1263 2941 1420 3008 Εἶδες
1454 2944 1612 3009 ἀξίαν
1649 2944 1745 3013 τῆς
1778 2941 1874 2995 τοῦ
1919 2940 2055 2993 Θεοῦ

372 3024 716 3096 ἀγαθότητος
743 3027 842 3098 τὴν
880 3027 1220 3098 φιλοτιμίαν;
1267 3025 1406 3091 εἶδες
1434 3028 1575 3081 ὅσων
1625 3026 2053 3098 παραχωρήσας,

372 3108 519 3161 ὅσων
538 3108 775 3181 ήξιώθης
811 3111 1090 3166 Ἐντεῦθεν
1114 3111 1501 3183 παιδευώμεθα
1532 3110 1732 3181 πολλὴν
1757 3109 2058 3163 ἐπιδείκνυ-

375 3188 504 3242 σθαι
533 3191 810 3260 δαψίλειαν
846 3194 973 3264 περὶ
997 3193 1094 3265 τὴν
1142 3194 1532 3265 ἐλεημοσύνην,
1563 3194 1648 3247 ἵνα
1681 3191 1852 3263 μικρὰ
1873 3191 2056 3254 δόντες

377 3273 632 3343 μεγάλων
676 3275 1016 3347 άξιωθῶμεν.
1055 3278 1165 3330 Ποῦ
1202 3278 1310 3349 γὰρ
1331 3279 1468 3338 ἴσον,
1502 3277 1623 3329 εἰπέ
1649 3292 1760 3343 μοι,
1792 3272 2056 3346 ἀργύριον

376 3357 553 3427 βραχὺ
590 3357 797 3424 δοῦναι,
830 3360 924 3413 καὶ
978 3360 1328 3431 συγχώρησιν
1367 3357 1781 3429 ἁμαρτημάτων
1825 3358 2056 3428 κομίσα-

375 3438 534 3505 σθαις
593 3440 789 3511 θρέψαι
835 3442 1127 3507 πεινῶντα,
1183 3442 1275 3496 καὶ
1309 3441 1621 3515 παρρησίας
1669 3440 1967 3510 ἀξιωθῆναι
1996 3441 2053 3492 ἐν

372 3521 561 3592 ἐκείνῃ
592 3525 657 3593 τῇ
688 3523 871 3595 ἡμέρᾳ
899 3527 965 3595 τῇ
1007 3524 1232 3595 φοϐερᾷ,
1270 3525 1365 3577 καὶ
1404 3523 1634 3577 ἀκοῦσαι
1661 3524 1727 3576 τὰ
1756 3524 1854 3592 τῆς
1895 3522 2048 3592 βασι-

372 3603 528 3668 λείας
556 3606 784 3670 ἀντάξια
836 3608 1076 3678 ρήματα,
1132 3607 1478 3667 Ἐπείνασα,
1512 3605 1607 3660 καὶ
1653 3605 1909 3657 ἐδώκατέ
1948 3622 2051 3673 μοι

370 3688 628 3757 φατεῖν;
665 3690 756 3761 Μὴ
809 3691 920 3762 γὰρ
957 3693 986 3744 ό
1018 3692 1101 3744 σοὶ
1140 3690 1439 3762 παρασχὼν
1473 3690 1568 3761 τήν
1598 3690 1867 3758 τοσαύτην
1897 3689 2053 3757 δαψί-

371 3768 527 3822 λειαν
570 3771 671 3824 οὑκ
714 3772 944 3842 ἠδύνατο
986 3774 1241 3827 κάκείνου
1280 3773 1380 3845 τὴν
1414 3773 1618 3826 ἔνδειαν
1651 3772 2053 3843 παραμυθήσα-

374 3852 534 3916 σθαι;
552 3854 711 3908 Ἀλλά
738 3855 827 3909 διὰ
856 3853 1014 3910 τοῦτο
1042 3858 1266 3927 ἀφίησιν
1286 3858 1449 3912 αὑτὸν
1475 3860 1540 3927 τῇ
1559 3856 1718 3927 πενίᾳ
1734 3856 2052 3926 τρύχεσθαι,

370 3935 465 3988 ἵνα
484 3938 734 4003 κάκεῖνος
758 3941 855 4009 τῆς
891 3941 1167 4012 ὑπομονῆς
1197 3942 1365 3995 πολὺν
1397 3940 1693 4012 κομίζηται
1714 3943 1805 3993 τὸν
1838 3939 2050 4010 μισθὸν,

371 4020 473 4073 καὶ
499 4022 562 4073 σὺ
604 4021 704 4095 τὴν
736 4024 846 4077 ἀπὸ
874 4025 976 4095 τῆς
1018 4022 1389 4095 ἐλεημοσύνης
1420 4021 1601 4091 σαυτῷ
1642 4022 1923 4093 προαποθῇ
1956 4022 2054 4093 τὴν

370 4105 710 4176 παρρησίαν.

448 4195 516 4258 γ’.
544 4185 697 4254 Εἶδες
715 4190 1126 4262 φιλανθρωπίαν
1149 4190 1440 4257 Δεσπότου,
1470 4190 1585 4253 πῶς
1602 4189 1815 4241 ἅπαντα
1841 4185 1928 4239 διὰ
1956 4186 2053 4259 τὴν

370 4272 654 4347 ἡμετέραν
685 4276 956 4346 σωτηρίαν
996 4277 1300 4345 οἱκονομεῖς
1336 4274 1506 4329 Ὅταν
1536 4268 1628 4327 οῦν
1659 4273 1940 4342 ἐννοήσῃς,
1970 4271 2052 4324 ὅτι

370 4355 464 4408 διὰ
482 4356 541 4409 σέ
595 4357 689 4410 καὶ
719 4356 817 4428 τὴν
848 4358 946 4429 σὴν
974 4358 1241 4427 ὠφέλειαν
1285 4360 1490 4422 ἐκεῖνος
1512 4362 1579 4429 τῇ
1609 4357 1768 4428 πενίᾳ
1801 4371 2052 4426 προσπαο

372 4437 547 4492 λαίων
584 4437 729 4509 λιμῷ
758 4440 1155 4512 διαφθείρεται,
1197 4441 1271 4513 μὴ
1301 4440 1576 4512 παρέλθῃς
1600 4436 1864 4508 ἀνηλεῶς,
1915 4435 2051 4490 ἀλλὰ

372 4521 536 4591 γενοῦ
558 4523 748 4586 πιστὸς
766 4523 1047 4595 οἰκονόμος
1074 4525 1181 4578 τῶν
1214 4524 1364 4596 παρά
1410 4524 1504 4577 τοῦ
1527 4523 1798 4575 Aes-116101:
1833 4537 1916 4573 σοι
1948 4537 2053 4572 πα-

378 4603 775 4675 ρασχεθέντων,
804 4604 891 4659 ἴνα
908 4605 1007 4676 τὴν
1032 4606 1241 4660 ἐκείνου
1274 4606 1481 4660 ἔνδειαν
1515 4601 2052 4674 παραμυθησάμενος

375 4687 585 4757 πολλὴν
620 4687 903 4760 ἐπισπάσῃ
926 4688 1025 4761 τήν
1072 4688 1277 4744 ἀνωθεν
1302 4688 1534 4744 εὔνοιαν.
1567 4687 1676 4741 Καὶ
1705 4684 1926 4746 δόξασόν
1958 4698 2050 4734 σου

372 4768 470 4825 τὸν
498 4770 795 4840 Δεσπότην,
818 4772 899 4823 ὅτι
920 4770 1009 4825 διὰ
1046 4772 1108 4824 σὲ
1134 4773 1228 4825 καὶ
1250 4771 1348 4843 τὴν
1382 4770 1481 4842 σὴν
1521 4768 1795 4839 σωτηρίαν
1819 4764 2054 4834 συνεχώ-

380 4868 547 4923 ρησεν
583 4851 792 4906 ἐκεῖνον
834 4854 891 4906 ἐν
940 4854 1099 4924 πενίᾳ
1145 4852 1293 4927 [545]
1340 4854 1568 4921 διάγειν,
1618 4852 1706 4904 ἵνα
1734 4852 1797 4903 σὺ
1820 4847 2054 4918 δυνηθῇς

373 4933 497 4987 ὁδὸν
532 4934 732 5005 εὑρεῖν,
756 4934 823 4987 δι’
843 4928 911 5005 ἦς
940 4934 1143 5006 δυνήσῃ
1183 4935 1278 4989 καὶ
1306 4933 1374 4988 τὰ
1395 4931 1757 5005 ἡμαρτημένα
1787 4928 2054 4996 ἀπονίψα-

378 5016 528 5076 σθαι,
555 5018 650 5070 καὶ
674 5016 742 5070 τὰ
764 5017 912 5088 παρά
929 5016 1024 5070 τοῦ
1050 5017 1322 5071 Δεσπότου
1336 5034 1417 5070 σοι
1443 5009 1852 5086 παρασχεθέντα
1873 5011 2053 5074 καλῶς

373 5098 755 5169 οἰκονομήσας,
775 5098 881 5152 τῶν
908 5099 1141 5152 ἐπαίνων
1163 5100 1386 5153 ἐκείνων
1415 5097 1710 5168 ἀξιωθῆναι
1736 5094 1844 5148 τῶν
1876 5094 2052 5147 πάντα

376 5179 538 5249 λόγον
572 5180 663 5233 καὶ
696 5181 935 5236 διάνοιαν
975 5181 1435 5254 ὑπερϐαινόντων.
1479 5178 1713 5249 Ἀκούσῃ
1753 5179 1883 5248 γὰρ,
1939 5173 2051 5242 Εὖ,

375 5263 566 5319 δοῦλε
586 5265 771 5332 ἀγαθὲ
794 5264 892 5318 καὶ
934 5263 1131 5331 πιστὲ,
1177 5265 1269 5317 ἐπ’
1317 5265 1539 5333 ὀλίγων
1568 5258 1642 5331 ἧς
1680 5260 1919 5326 πιστὸς,
1954 5260 2053 5314 ἐπὶ

378 5344 632 5401 πολλῶν
672 5364 748 5400 σε
786 5346 1165 5414 καταστήσω·
1203 5348 1445 5402 εἴσελθε
1465 5348 1552 5411 εἰς
1575 5344 1689 5413 τὴν
1731 5343 1924 5412 χαρὰν
1948 5340 2056 5397 τοῦ

306 5456 317 5465 ο
379 5428 604 5497 Κυρίου
634 5441 773 5481 σου.
795 5428 982 5483 Ταῦτα
1007 5428 1336 5492 ἐννοοῦντες,
1363 5427 1614 5497 καθάπερ
1633 5425 1945 5496 εὐεργέτας,
1961 5427 2055 5480 καὶ

376 5510 484 5579 τῆς
513 5509 786 5580 σωτηρίας
814 5513 948 5580 ήμϊν
971 5511 1071 5573 τὰς
1102 5510 1357 5582 ἀφορμὰς
1405 5510 1664 5581 παρέχειν
1698 5507 2054 5577 δυναμένους,

364 5590 559 5661 γοὺτως
601 5592 819 5663 ὁρῶμεν
862 5594 986 5657 τοὺς
1027 5594 1284 5664 πένητας,
1329 5595 1422 5647 καὶ
1458 5592 1597 5661 μετά
1640 5590 1920 5661 δαψιλείας
1960 5590 2055 5644 καὶ

381 5674 580 5746 ἱλαρᾶς
610 5678 710 5745 τῆς
736 5675 1043 5746 προθυμίας
1082 5677 1437 5749 παρέχωμεν,
1461 5676 1735 5749 μηδέποτε
1762 5672 2056 5729 ἀνανεύον-

360 5771 474 5820 xc;
496 5755 738 5831 περὶ-τὴν
777 5756 944 5821 δόσιν,
989 5758 1126 5812 ἀλλὰ
1177 5760 1316 5829 μετά
1370 5759 1567 5830 πολλῆς
1614 5758 1716 5827 τῆς
1758 5756 2057 5818 ἐπιεικείας

376 5836 774 5910 διαλεγόμενοι,
802 5841 897 5893 καί⁵
913 5841 1193 5912 πραότητα
1214 5840 1415 5910 πολλὴν
1442 5839 1798 5913 δεικνύμενοι.
1830 5835 2055 5891 Κλῖνον

899 5958 1171 6021 Ρηιιοι..
1212 5959 1333 6020 Gn.
1380 5961 1539 6023 LIII.

1493 417 1558 472 ΙΝ
1591 418 1741 475 CAP.
1784 414 1898 471 XIII
1939 414 2186 472 GENES.
2223 413 2457 472 ΗΟΜΙΙ...
2497 414 2735 470 XXXIV.

3731 411 3836 469 3m

2172 530 2281 601 γὰρ
2307 530 2518 598 πτωχῷ
2537 530 2603 583 τὸ
2624 525 2733 596 οὖς
2752 546 2889 595 σου,
2910 529 3005 583 καὶ
3025 528 3372 599 ἁποκρίθητι
3398 528 3559 595 αὐτῷ
3575 531 3839 600 εἰρηνικὰ

2171 618 2241 671 ἐν
2277 620 2587 687 πραΰτητι,
2608 619 2693 670 ἴνα
2718 618 2812 671 καὶ
2836 617 2943 689 πρδ
2970 619 3066 687 τῆς
3085 618 3284 681 δόσεως
3312 619 3379 690 τῇ
3402 618 3701 690 προσηνείᾳ
3729 618 3840 673 τῶν

2172 706 2433 777 ῥημάτων
2493 707 2593 777 τὴν
2640 705 3122 777 καταϐεϐλημένην
3161 704 3326 759 αὑτοῦ
3372 704 3549 778 ψυχὴν
3599 706 3703 760 ὑπὸ
3734 705 3838 776 τῆς

2170 792 2371 863 πολλῆς
2400 793 2608 858 ἐνδείας
2642 785 2972 865 ἀναστήσῃς.
3001 793 3302 860 Κρεῒσσον
3322 792 3451 864 γὰρ,
3481 794 3636 863 φησὶ,
3657 793 3840 863 λόγος

2169 879 2207 948 ἢ
2234 880 2425 948 δόσις.
2456 881 2641 944 Οὕτως
2669 877 2777 934 οἶδε
2800 881 2892 933 καὶ
2924 880 3075 951 ρῆμα
3093 879 3360 951 νευρῶσαι
3378 878 3576 950 ψυχὴν,
3598 880 3693 933 καὶ
3712 880 3840 932 πολε·

2169 967 2264 1039 λὴν
2288 971 2601 1037 εἰσαγαγεῖν
2632 968 2730 1040 τὴν
2762 966 3136 1039 παραμυθίαν.

2239 1055 2333 1126 Μὴ
2347 1056 2526 1109 τοίνυν
2545 1055 2681 1127 πρὸς
2701 1055 2792 1108 τὸν
2807 1054 3151 1124 λαμϐάνοντα
3171 1053 3329 1125 μόνον
3344 1053 3578 1125 ὁρῶντες
3597 1052 3695 1123 τὴν
3710 1052 3838 1123 περὶ

2167 1142 2266 1213 τὴν
2310 1142 2677 1213 ἐλεημοσύνην
2709 1141 3020 1213 φιλοτιμίαν
3058 1138 3363 1211 ποιώμεθα,
3395 1138 3529 1193 ἀλλά
3558 1138 3839 1209 λογιζόμε-

2170 1245 2248 1282 νοι
2269 1230 2350 1292 τίς
2379 1231 2525 1281 ἐστιν
2557 1231 2585 1283 ὁ
2616 1228 2981 1299 οἰκειούμενος
3013 1227 3081 1281 τὰ
3101 1229 3185 1290 είς
3215 1227 3308 1279 τὸν
3336 1227 3545 1295 πένητα
3558 1225 3838 1296 γινόμενα,

2167 1315 2261 1368 καὶ
2292 1314 2389 1386 τὴν
2413 1316 2551 1387 ὑπὲρ
2582 1314 2689 1368 τῶν
2718 1314 3008 1385 διδομένων
3037 1312 3242 1367 ἔκτισιν
3276 1313 3665 1383 ὑποσχόμενος,
3699 1310 3842 1366 οὕτω

2168 1398 2305 1469 πρὸς
2347 1400 2551 1469 ἐκεῖνον
2581 1397 2976 1469 τείνοντες-τῂν
3003 1396 3240 1469 διάνοιαν
3302 1396 3440 1469 μετὰ
3477 1395 3672 1469 πάσης-
3707 1412 3840 1469 προ·

2169 1463 2369 1538 θυμίας
2397 1467 2657 1538 παρέχειν
2701 1463 3110 1537 σπουδάζωμεν,
3140 1467 3235 1519 καὶ
3282 1463 3620 1536 σπείρωμεν,
3642 1463 3719 1526 ὡς
3754 1463 3839 1518 ῑτι

2167 1554 2377 1626 καιρὸς,
2415 1554 2552 1624 μετά
2585 1553 2881 1623 δαψιλείας,
2909 1553 2995 1606 ἵνα
3027 1553 3121 1606 καὶ
3157 1551 3294 1623 μετά
3318 1550 3591 1621 δαψιλείας
3609 1550 3839 1620 θερίσω-

2170 1658 2290 1710 μεν.
2338 1641 2401 1694 ’0
2434 1642 2699 1709 σπείρων
2740 1640 2870 1711 γὰρ,
2900 1640 3056 1709 φησὶ,
3078 1639 3458 1709 φειδομένως,
3481 1635 3840 1706 φειδομένως

2166 1732 2264 1786 καὶ
2325 1734 2566 1799 θερίσει.
2640 1731 2876 1802 Ἀφειδεῖ
2918 1732 3097 1784 τοίνυν
3161 1733 3228 1802 τῇ
3286 1731 3431 1803 χειρὶ
3490 1728 3840 1784 καταϐάλλω-

2169 1835 2268 1887 μεν
2297 1818 2365 1872 τὰ
2405 1819 2546 1873 καλά
2573 1819 2744 1873 ταῦτα
2759 1820 3068 1890 σπέρματα,
3099 1819 3187 1872 ἵνα
3215 1820 3273 1871 ἐν
3304 1817 3478 1890 καιρῷ
3509 1815 3646 1887 μετά
3682 1815 3838 1883 δαψι-

2165 1903 2311 1969 λείας
2330 1904 2655 1977 θερίσωμεν.
2672 1905 2788 1959 Νῦν
2813 1906 2911 1975 μὲν
2928 1907 3035 1976 γάρ
3061 1908 3207 1960 ἐστιν
3228 1907 3256 1959 ὁ
3282 1904 3374 1959 τοῦ
3401 1905 3601 1974 σπόρου
3627 1902 3838 1973 καιρὸς,

2163 1992 2223 2045 ὃν
2254 1993 2330 2065 μὴ
2355 1995 2826 2066 παραδράμωμεν,
2856 1994 3181 2065 παρακαλῶ,
3229 1994 3314 2048 ἵνα
3345 1997 3402 2047 ἐν
3440 1996 3504 2063 τῇ
3537 1993 3637 2063 τῆς
3678 1994 3841 2047 ἀντα-

2164 2080 2433 2144 ποδόσεως
2460 2083 2566 2136 τῶν
2594 2082 2827 2135 ἐνταῦθα
2866 2082 3183 2153 σπαρέντων
3217 2081 3563 2153 ἡμέρᾳποὺς
3593 2079 3841 2151 καρποὺς

2163 2167 2618 2240 ἀποδρεψώμεθα,
2632 2169 2841 2239 καὶτῆς
2859 2169 3008 2240 παρὰ
3027 2168 3120 2222 τοῦ
3138 2169 3408 2223 Δεσπόλωυ
3429 2166 3619 2238 φιλανθ
3629 2166 3853 2240 ρωπίας.

2162 2253 2504 2326 άξιωθῶμεν.
2529 2256 2695 2310 Οὐδὲν
2720 2256 2850 2327 γὰρ,
2882 2256 3035 2310 οὐδὲν
3063 2255 3249 2327 ἕτερον
3273 2255 3383 2310 τῶν
3399 2254 3840 2327 κατορθωμάτων

2162 2339 2303 2394 οὑτω
2358 2342 2644 2413 δυνήσεται
2689 2342 2881 2395 σϐέσαι
2932 2342 3042 2396 τῶν
3094 2341 3513 2414 ἁμαρτημάτων
3557 2340 3713 2413 ήμῶν
3739 2338 3839 2410 τὴν

2163 2428 2364 2499 πυρὰν,
2394 2429 2471 2492 ὡς
2510 2431 2543 2500 ἡ
2590 2418 2690 2500 τῆς
2733 2428 3106 2500 ἐλεημοσύνης
3136 2428 3405 2497 δαψίλεια.
3437 2428 3585 2497 Αῦτη
3607 2426 3701 2480 καὶ
3730 2426 3838 2478 τῶν

2162 2516 2577 2585 ἡμαρτημένων
2605 2516 2736 2585 ἡμῖν
2767 2514 2857 2567 τὸν
2886 2514 3197 2585 ἀφανισμὸν
3219 2513 3538 2585 ἐργάζεται,
3568 2515 3661 2566 καὶ
3698 2514 3840 2583 παρ-

2165 2601 2359 2671 ρησίας
2394 2602 2524 2671 ἡμῖν
2545 2600 2804 2670 πρόξενος
2831 2601 3063 2669 γίνεται,
3094 2602 3189 2655 καὶ
3216 2600 3323 2654 τῶν
3349 2602 3674 2672 ἀπορρήτων
3694 2598 3838 2652 ἐκεί-

2163 2705 2268 2739 νων
2293 2687 2515 2756 ἀγαθῶν
2546 2688 2643 2760 τὴν
2672 2687 2975 2742 ἀπόλαυσιν
3000 2688 3440 2759 προευτρεπίςει.
3486 2687 3647 2739 Ἀλλὰ
3668 2685 3841 2738 ταῦτα

2164 2776 2264 2845 μὲν
2288 2776 2489 2839 ἱκανῶς
2519 2776 2732 2847 εἴρηται
2774 2776 2907 2846 πρὸς
2936 2775 3034 2846 τὴν
3070 2776 3344 2845 ὑμετέραν
3378 2774 3713 2845 προτροπὴν,
3744 2776 3838 2827 καὶ

2162 2864 2298 2934 πρὸς
2324 2866 2384 2917 16
2414 2865 2604 2929 δεῖξαι,
2635 2865 2718 2917 ὅτι
2751 2865 2928 2935 μικρά
2975 2863 3206 2926 διδόντες
3258 2864 3511 2933 μεγάλων
3540 2863 3839 2934 ἀξιούμεθα

2164 2949 2315 3020 παρὰ
2334 2949 2427 3002 τοῦ
2464 2950 2756 3003 Δεσπότου.
2790 2949 3064 3002 Ἐντεῦθεν
3083 2949 3192 3018 γὰρ
3208 2951 3339 3020 ἡμῖν
3363 2950 3456 3003 καὶ
3480 2952 3509 3003 6
3528 2949 3683 3018 λόγος
3700 2948 3839 3022 πρὸς

2160 3036 2260 3106 τὴν
2288 3037 2385 3107 τῆς
2414 3036 2783 3108 ἐλεημοσύνης
2806 3038 3129 3108 παραίνεσιν
3152 3036 3491 3109 ἐξεκυλίσθηο
3520 3036 3705 3108 ἐπειδὴ
3730 3036 3839 3106 γὰρ

2161 3122 2442 3195 ἐλέγομεν,
2465 3125 2544 3178 ὅτι
2572 3125 2771 3196 μέρους
2815 3126 2918 3195 γῆς
2952 3125 3360 3196 παραχωρήσας
3396 3125 3425 3176 6
3469 3124 3837 3195 πατριάρχης.

2162 3210 2255 3265 καὶ
2279 3210 2340 3264 16
2372 3210 2657 3266 κάλλιστον
2681 3212 2777 3283 τῆς
2815 3211 2998 3283 χώρας
3022 3211 3324 3284 προέμενος
3352 3212 3431 3286 τῷ
3452 3211 3594 3279 Λὼτ,
3619 3212 3713 3265 καὶ
3737 3211 3838 3282 τήν

2163 3297 2506 3369 φαυλοτάτην
2548 3302 2651 3371 γῆν
2698 3300 2950 3370 ἐλόμενος
2987 3299 3165 3371 ἐαυτῷ
3190 3301 3458 3373 τοσαύτης
3489 3298 3699 3371 ἠξιώθη
3737 3297 3839 3367 τῆς

2163 3385 2315 3457 παρὰ
2344 3385 2434 3439 τοῦ
2468 3386 2604 3439 Θεοῦ
2659 3386 2992 3458 φιλοτιμίας,
3024 3387 3101 3451 ὡς
3130 3387 3477 3457 ὑπερϐαίνειν
3505 3386 3683 3440 πάντα
3712 3384 3838 3439 νοῦν

2166 3473 2260 3527 καὶ
2287 3473 2522 3526 διάνοιαν
2540 3472 2635 3544 τὴν
2656 3473 2948 3543 ὑπόσχεσιν
2972 3474 3073 3544 τὴν
3105 3474 3257 3545 παρὰ
3276 3472 3371 3527 τοῦ
3399 3472 3533 3527 Θεοῦ
3564 3474 3645 3536 είς
3673 3472 3837 3527 αὑτὸν

2166 3559 2558 3630 γεγενημένην.
2614 3560 2991 3629 Ἀναϐλέψας
3012 3561 3141 3630 γὰρ,
3172 3562 3325 3631 φησὶ,
3356 3561 3480 3627 τοῖς
3508 3559 3840 3630 ὀφθαλμοῖς

2161 3662 2297 3712 σου,
2336 3647 2423 3701 ἴδε
2440 3648 2558 3701 ἀπὸ
2593 3648 2696 3701 τοῦ
2729 3649 2937 3711 τόπου,
2973 3644 3044 3703 οὗ
3079 3648 3158 3702 σὺ
3182 3644 3239 3701 εἷ
3261 3648 3397 3710 νῦν,
3424 3648 3572 3715 πρὸς
3606 3646 3841 3716 βορρᾶν

2162 3734 2261 3788 καὶ
2287 3735 2426 3788 λίϐα
2452 3745 2500 3773 ιι·
2528 3735 2614 3787 ὅτι
2655 3733 2863 3788 πᾶσαν
2887 3734 3001 3802 τὴν
3018 3734 3156 3804 γῆν,
3196 3734 3277 3802 ἦν
3304 3735 3385 3790 σὺ
3414 3733 3579 3803 ὁρᾷς,
3607 3734 3705 3789 σοὶ
3730 3734 3840 3788 δώο

2162 3837 2250 3875 σω
2264 3820 2459 3888 αὐτὴν
2487 3821 2582 3875 καὶ
2604 3820 2684 3886 τῷ
2699 3822 2994 3891 σπέρματί
3012 3838 3126 3876 σου
3144 3822 3251 3887 ἕως
3271 3822 3501 3888 αἰῶνος.
3518 3823 3699 3892 Μέρος
3711 3825 3836 3893 γῆς,

2162 3907 2316 3980 [544]
2350 3911 2503 3979 φησὶ,
2527 3909 2927 3980 παρεχώρησας
2948 3908 3025 3979 τῷ
3046 3909 3328 3979 ἀδελφιδῷ·
3356 3910 3462 3962 ἰδοὺ
3486 3908 3596 3978 ἐγὼ
3614 3909 3836 3981 ὁλόκλη-

2165 3991 2255 4060 ρόν
2287 4008 2368 4043 σοι
2395 3991 2493 4061 τὴν
2522 3992 2624 4059 γῆν
2651 3990 3014 4060 ὑπισχνοῦμαι
3033 4008 3046 4020 ·
3084 3990 3179 4043 καὶ
3216 3991 3278 4043 οὐ
3304 3989 3459 4042 τοῦτο
3495 3991 3674 4060 μόνον,
3698 3992 3835 4045 ἀλλὰ

2161 4077 2256 4130 καὶ
2285 4076 2363 4147 τῷ
2400 4078 2670 4147 σπέρματί
2706 4095 2799 4131 σου
2832 4076 3090 4148 παρέξειν
3122 4077 3492 4148 ἐπαγέλλομαι
3515 4079 3708 4150 αὐτὴν,
3737 4080 3837 4132 καί⁹

2160 4163 2265 4227 ἕως
2298 4163 2510 4228 αἰῶνος,
2542 4163 2685 4218 τοῦτ’
2710 4163 2823 4217 ἔστι
2852 4163 3136 4235 διηνεκῶς.
3162 4162 3314 4229 Εἶδες
3337 4164 3453 4228 πῶς
3470 4164 3834 4235 φιλοτιμεῖται

2162 4254 2221 4305 ἐν
2245 4256 2362 4317 ταῖς
2396 4254 2768 4324 εὑεργεσίαις;
2806 4253 3022 4325 Ἐπειδὴ
3051 4253 3160 4325 γὰρ
3194 4254 3308 4325 ᾔδει
3336 4254 3417 4306 ὄτι
3452 4253 3640 4308 τούτου
3678 4255 3837 4326 μάλιο

2164 4356 2264 4393 στα
2286 4338 2547 4411 ἐπεθύμει
2570 4342 2597 4394 ὁ
2622 4340 2984 4412 πατριάρχης,
3012 4341 3106 4394 καὶ
3135 4341 3285 4395 οὐδὲν
3305 4339 3469 4395 αὑτοῦ
3502 4340 3600 4411 τήν
3628 4341 3835 4413 προθυ-

2165 4426 2294 4498 μίαν
2329 4426 2470 4480 οὑτω
2491 4427 2773 4499 νευρώσει,
2807 4428 2939 4498 φησί
2963 4442 2978 4459 ο
3020 4429 3112 4484 καὶ
3138 4428 3297 4482 τοῦτό
3324 4445 3406 4481 σοι
3429 4428 3670 4501 παρέξω,
3693 4428 3835 4484 ὥστε

2162 4514 2257 4568 καὶ
2294 4513 2420 4578 τοὺς
2452 4514 2559 4567 ἀπὸ
2598 4514 2690 4567 σοῦ
2723 4515 3073 4585 τικτομένους
3105 4514 3447 4579 διαδέξασθαι
3482 4515 3579 4585 τῆς
3608 4516 3710 4586 γῆς
3733 4517 3835 4588 τὴν

2162 4601 2481 4667 ἀπόλαυσιν,
2511 4602 2604 4654 καὶ
2627 4601 2851 4671 διηνεκῆ
2877 4601 3079 4672 ταύτης
3115 4601 3259 4672 ἔχειν
3286 4602 3385 4671 τὴν
3400 4602 3674 4667 ἐξουσίαν.
3704 4600 3836 4657 Εἶτα

2160 4687 2251 4742 ἵνα
2278 4686 2353 4758 μὴ
2385 4687 2521 4757 πρὸς
2542 4688 2642 4758 τὴν
2664 4688 2867 4742 οίκείαν
2899 4688 3060 4758 μόνον
3079 4687 3260 4756 φύσιν,
3288 4688 3379 4740 καὶ
3409 4688 3547 4758 πρὸς
3574 4688 3632 4741 16
3657 4688 3837 4758 γῆρας

2159 4772 2221 4825 16
2250 4772 2465 4837 ἑαυτοῦ,
2493 4774 2587 4827 καὶ
2632 4774 2730 4845 τὴν
2761 4774 2857 4844 τῆς
2888 4775 3068 4844 Σάρας
3101 4774 3388 4844 στείρωσιν
3435 4774 3664 4837 ἀπιδὼν,
3703 4792 3837 4848 ναρ-

2161 4862 2305 4934 κήσῃ
2344 4861 2480 4931 πρὸς
2512 4860 2611 4931 τήν
2642 4861 2954 4931 ὑπόσχεσιν,
2996 4860 3131 4915 ἀλλὰ
3177 4860 3427 4933 θαρρήσῃ
3467 4863 3534 4931 τῇ
3574 4860 3669 4914 τοῦ
3703 4862 3837 4915 ὑπο-

2162 4949 2423 5019 σχομένου
2451 4948 2696 5020 δυνάμει,
2729 4949 2860 5019 φησί
2879 4964 2893 4979 ⁸
2932 4949 3040 5004 Καὶ
3074 4948 3310 5017 ποιήσω
3336 4947 3403 5002 τὸ
3430 4949 3668 5017 σπέρμα
3693 4963 3833 5016 σου,

2159 5035 2239 5101 ὡς
2269 5035 2386 5102 τὴν
2409 5034 2605 5104 ἅμμον
2634 5036 2747 5103 τῆς
2780 5034 2909 5105 γῆς.
2932 5038 3000 5090 ΕΞ
3030 5034 3360 5101 δυνήσεταί
3382 5052 3472 5101 τις
3497 5034 3612 5103 τὴν
3636 5035 3835 5116 ἄμμον

2159 5121 2269 5190 τῆς
2300 5122 2413 5192 γῆς
2441 5121 2855 5191 ἐξαριθμῆσαι,
2883 5124 2981 5176 καὶ
3012 5121 3078 5176 τὸ
3105 5122 3342 5194 σπέρμα
3365 5139 3484 5179 σου
3510 5122 3835 5194 ἀριθμηθή-

2159 5222 2349 5264 σεται.
2382 5208 2621 5280 Ἀληθῶς
2641 5209 2783 5282 ὑπὲρ
2805 5209 2967 5279 φύσιν
2989 5209 3339 5281 ἀνθρωπίνην
3356 5204 3425 5281 ἦν
3451 5211 3485 5281 ή
3514 5211 3831 5283 ὑπόσχεσιςο

2157 5296 2218 5348 οὐ
2250 5296 2409 5366 μόνον
2436 5297 2544 5369 γὰρ
2588 5297 2799 5370 πατέρα
2837 5298 2999 5354 αὑτὸν
3036 5299 3282 5369 ποιήσειν
3321 5298 3606 5370 ὑπέσχετο,
3644 5298 3835 5354 τοσού-

2158 5401 2267 5436 των
2298 5383 2467 5436 ὄντων
2504 5384 2610 5438 τῶν
2642 5384 3000 5455 κωλυμάτων,
3022 5384 3158 5440 ἀλλά
3191 5385 3287 5438 καὶ
3313 5386 3394 5448 είς
3416 5384 3620 5456 πλῆθος
3640 5386 3832 5441 τοσοῦ-

2160 5486 2250 5523 τον
2285 5469 2593 5534 ἐπιδώσειν,
2621 5471 2697 5533 ὡς
2725 5473 2793 5541 τῇ
2840 5472 3012 5542 ἀμμῳ
3042 5474 3141 5541 τῆς
3172 5472 3276 5542 γῆς
3303 5471 3704 5543 παρισωθῆναι,
3736 5474 3833 5528 καὶ

2152 5556 2431 5628 ⁵ἀνώτερον
2456 5550 2692 5629 ἀριθμοῦ
2720 5558 2781 5613 16
2805 5556 3005 5629 πλῆθος
3036 5557 3314 5627 γενέσθαι,
3336 5557 3435 5628 τὴν
3465 5559 3715 5613 ἐπίτασιν
3732 5560 3833 5631 τῆς

2161 5643 2465 5717 ὑπερϐολῆς
2497 5645 2584 5700 διὰ
2615 5644 2709 5699 τοῦ
2740 5645 3177 5717 παραδείγματος
3207 5645 3450 5717 ἐμφῆναι
3485 5646 3825 5718 βουλόμενος.

2223 5793 2249 5823 ⁸
2264 5791 2381 5842 Post
2391 5791 2502 5842 λίϐα
2521 5806 2648 5843 unus
2665 5794 2798 5845 addit
2814 5796 2894 5844 καὶ
2917 5794 3145 5853 ἀνατολὰς
3161 5796 3244 5844 καὶ
3268 5795 3530 5855 θάλασσαν,
3542 5800 3599 5844 οι
3617 5793 3683 5842 In
3702 5790 3832 5855 legit

2166 5859 2312 5905 vetus
2327 5856 2594 5918 interpres.

3470 5948 3542 6000 20
