4060 6418
302 429 400 484 517

371 542 570 598 Σκόπει
619 541 734 606 πῶς
776 540 805 593 ὁ
847 537 1229 610 φιλάνθρωπος
1271 537 1549 607 Δεσπότης
1600 536 1742 590 κατά
1785 533 1977 604 μικρὸν

301 631 570 703 γυμνάζει
597 630 690 684 τοῦ
725 627 936 682 δικαίου
963 627 1061 698 τήν
1093 627 1316 698 ἀρετήν.
1344 626 1529 680 Εἰπὼν
1556 626 1666 697 γὰρ
1699 623 1980 694 ἀνωτέρω,

301 722 381 774 ὅτι
429 719 514 784 Τῷ
567 717 864 787 σπέρματί
911 732 1028 770 σου
1068 714 1247 768 δώσω
1286 714 1401 782 τὴν
1433 710 1550 784 γῆν
1596 713 1848 780 ταύτην·
1887 710 1983 764 νῦν

301 807 462 861 πάλιν
487 807 672 876 φησὶν,
699 803 812 857 Καὶ
834 803 915 869 τῷ
943 800 1239 871 σπέρματί
1272 819 1389 855 σου
1419 801 1590 855 δώσω
1609 801 1719 866 ἕως
1745 800 1981 864 αἰῶνος,

299 895 398 948 καὶ
435 893 670 961 ποιήσω
702 891 851 946 αὐτὸ
895 892 978 956 ὡς
1014 889 1131 958 τὴν
1159 891 1356 959 ἄμμον
1383 888 1495 959 τῆς
1523 889 1658 959 τῆς.
1699 889 1810 940 Kal
1847 887 1983 950 τέως

305 982 465 1054 μέχρι
516 981 691 1050 λόγων
731 978 803 1032 τά
839 978 942 1048 τῆς
986 978 1355 1048 ὑποσχέσεως,
1399 977 1493 1031 καὶ
1529 977 1694 1038 πολὺς
1741 977 1799 1029 ἐν
1834 973 1984 1043 μέσῳ

302 1069 670 1140 παραγίνεται
698 1068 914 1140 χρόνος,
951 1069 1043 1122 ἵνα
1071 1065 1164 1119 καὶ
1193 1066 1293 1134 τῆς
1326 1065 1553 1136 γνώμης
1588 1062 1683 1118 τοῦ
1714 1062 1984 1134 πατριάρ-

290 1173 399 1229 ,χου
429 1157 692 1228 μάθωμεν
718 1157 780 1209 τὸ
809 1155 1072 1224 φιλόθεον,
1096 1153 1305 1207 καὶτοῦ
1331 1154 1466 1206 Θεοῦ
1493 1153 1591 1224 τὴν
1614 1150 1984 1221 ὑπερϐάλλου-

304 1263 404 1299 σαν
425 1245 676 1315 δύναμιν.
695 1243 980 1314 Ἐπίτηδες
1010 1242 1120 1313 γὰρ
1151 1241 1335 1311 μέλλει
1359 1242 1452 1295 καὶ
1481 1239 1868 1297 ἀναϐάλλεται,
1897 1237 1984 1289 ἵνα

303 1337 383 1399 εἰς
418 1333 562 1405 βαθὺ
599 1334 776 1403 γῆρας
810 1331 1099 1395 ἐλάσαντες
1142 1331 1192 1383 οἱ
1232 1331 1332 1403 τὴν
1362 1330 1649 1400 ὑπόσχεσιν
1678 1328 1981 1398 δεξάμενοι,

300 1425 394 1478 καὶ
431 1423 782 1492 ἀπογνόντες,
810 1422 886 1484 ὡς
916 1423 1112 1485 εἰπεῖν,
1143 1422 1281 1484 τέως
1324 1419 1462 1473 κατά
1491 1418 1836 1490 ἀνθρωπίνην
1859 1418 1986 1471 ἀκο-

300 1511 541 1576 λουθίαν,
571 1510 692 1564 τότε
724 1511 817 1564 καὶ
841 1509 942 1578 τῆς
977 1509 1184 1572 οἰκείας
1214 1507 1499 1571 ἀσθενείας
1523 1508 1620 1579 τὴν
1648 1509 1864 1577 πεῖραν,
1891 1505 1986 1558 καὶ

298 1601 399 1670 τῆς
425 1599 636 1669 ἀφάτου
665 1599 949 1668 δυνάμεως
971 1595 1064 1651 τοῦ
1093 1595 1228 1650 Θεοῦ
1260 1595 1356 1667 τὴν
1375 1595 1678 1667 ὑπερϐολὴν
1708 1593 1911 1650 ἴδωσιν.

370 1729 433 1781 δ’.
463 1726 664 1780 Ἐννόει
675 1726 732 1780 δέ
756 1744 844 1797 μοι
862 1727 927 1779 ἐκ
945 1726 1044 1796 τῆς
1061 1725 1421 1797 παρατάσεως
1431 1724 1525 1778 τοῦ
1544 1726 1602 1778 ἐν
1623 1725 1774 1796 μέσῳ
1793 1723 1982 1796 χρόνου

299 1816 362 1868 τὸ
392 1815 618 1884 στερρὸν
649 1813 753 1885 τῆς
779 1812 875 1867 τοῦ
911 1813 1249 1884 πατριάρχου
1284 1812 1531 1884 γνώμης,
1565 1811 1682 1876 πῶς
1709 1811 1886 1864 πάντα
1915 1811 1984 1865 τά

299 1901 619 1973 ἀνθρώπινα
649 1901 1032 1973 παρατρέχων,
1067 1901 1206 1972 πρὸς
1235 1900 1295 1952 τὸ
1321 1900 1545 1954 δυνατὸν
1563 1898 1658 1953 τοῦ
1680 1899 1983 1970 ὑποσχομέ-

300 2008 395 2044 νου
433 1990 617 2054 τείνας
647 1989 745 2061 τὴν
773 1989 1033 2055 διάνοιαν,
1063 1990 1166 2043 οὑκ
1212 1988 1542 2060 ἐθορυϐεῖτο,
1590 1989 1710 2042 οὑδέ
1755 1987 1985 2060 ἐταράτ-

296 2093 439 2131 τετο.
461 2075 603 2130 Ἴστε
635 2077 745 2148 γὰρ
775 2076 1055 2143 πολλάκις,
1083 2077 1162 2130 ὅτι
1188 2076 1409 2130 ἐπειδάν
1445 2093 1529 2141 τις
1560 2074 1706 2142 ἅπαξ
1738 2076 1831 2129 καὶ
1857 2076 1983 2129 δεύ-

297 2179 457 2233 τερον
479 2163 851 2234 ὑποσχόμενος
876 2163 1102 2235 μηδέπω
1130 2164 1210 2226 είς
1236 2162 1395 2234 ἔργον
1424 2163 1608 2232 ἀγάγῃ
1627 2161 1697 2214 τά
1719 2161 1985 2230 ἐπαγγελ-

294 2251 480 2312 θέντα,
524 2251 643 2315 πῶς
675 2252 1026 2324 ὀκνηρότεροι
1065 2251 1330 2321 γινόμεθα
1371 2251 1508 2320 πρὸς
1548 2249 1610 2302 τὺ
1644 2248 1806 2302 πάλιν
1833 2248 1984 2320 αὑτῷ

195 2349 197 2351 ’
299 2339 588 2394 πιστεῦσαι
613 2337 1051 2410 ὑπισχνουμένῳ.
1094 2338 1232 2391 Ἀλλ’
1270 2339 1362 2391 ἐπὶ
1400 2338 1499 2408 μὲν
1531 2337 1818 2408 ἀνθρώπου
1846 2337 1984 2390 είκό-

297 2446 409 2490 τως
438 2427 505 2481 ἂν
534 2426 693 2480 τοῦτο
724 2426 962 2496 γένοιτο’
1001 2426 1095 2478 ἐπὶ
1125 2425 1183 2478 δέ
1215 2423 1309 2478 τοῦ
1331 2424 1464 2478 Θεοῦ
1495 2424 1586 2478 τοῦ
1617 2425 1754 2493 μετὰ
1781 2424 1984 2496 πολλῆς

301 2513 492 2583 σοφίας
535 2513 605 2567 τὰ
639 2512 883 2584 ἡμέτερα
912 2511 1341 2582 οἱκονομοῦντος,
1375 2511 1592 2564 ἐπειδὰν
1621 2510 1769 2576 ἅπαξ
1813 2509 1988 2580 ἐπαγο’

297 2601 572 2673 γείληται,
612 2600 718 2654 κᾶν
755 2599 922 2670 μυρία
951 2601 1010 2653 ἐν
1042 2597 1121 2669 τῷ
1169 2599 1318 2669 μέσῳ
1357 2597 1656 2670 κωλύματα
1696 2598 1981 2670 παρεμπί-

300 2706 446 2751 πτοι,
476 2687 613 2759 πρὸς
635 2687 697 2741 τὸ
729 2686 960 2758 μέγεθος
989 2687 1087 2758 τῆς
1109 2685 1203 2740 τοῦ
1239 2685 1374 2739 Θεοῦ
1415 2685 1696 2756 δυνάμεως
1737 2685 1981 2757 ὁρῶντας

300 2775 522 2847 θαρρεῖν
548 2773 677 2846 χρὴ,
715 2774 812 2828 καὶ
837 2768 1238 2846 ἐστηριγμένον
1279 2773 1422 2843 ἔχειν
1448 2774 1539 2826 τὸν
1569 2773 1848 2844 λογισμὸν,
1887 2776 1981 2828 καὶ

297 2864 496 2916 εἰδέναι
525 2863 601 2926 ὡς
636 2863 855 2927 πάντως
884 2863 963 2927 είς
993 2861 1153 2932 ἔργον
1188 2863 1415 2933 ἐκϐῆναι
1440 2863 1520 2916 δεῖ
1553 2863 1622 2916 τά
1653 2864 1782 2934 παρ’
1813 2863 1979 2918 αὑτοῦ

297 2951 564 3023 εἰρημένα
584 2967 597 2980 ·
653 2949 820 3005 Οὑδὲν
864 2950 974 3021 γάρ
1020 2952 1168 3004 ἐστιν
1197 2950 1225 3003 ὃ
1253 2950 1540 3022 δυνήσεταί
1569 2969 1698 3004 ποτε
1728 2951 1980 3022 διακόψαι

295 3040 364 3093 τά
395 3041 523 3111 παρ’
554 3037 720 3093 αὑτοῦ
747 3037 1134 3110 ἐπηγγελμένα
1155 3053 1168 3066 '
1222 3038 1352 3103 Θεὸς
1387 3038 1496 3110 γάρ
1527 3040 1695 3101 ἐστιν,
1727 3032 1772 3107 ᾧ
1802 3043 1980 3095 πάντα

294 3127 526 3182 δυνατόν
569 3127 665 3180 καὶ
699 3125 788 3178 διά
817 3124 986 3178 τοῦτο
1033 3125 1169 3197 πρὸς
1206 3124 1234 3178 ὂ
1279 3125 1548 3196 βούλεται,
1597 3126 1979 3200 μεθίστησιτά

295 3215 622 3288 πράγματα,
658 3214 753 3267 καὶ
779 3215 983 3285 πόρους
1011 3211 1070 3278 ἐξ
1094 3214 1314 3285 ἀπόρων
1335 3215 1513 3285 εὑρεῖν
1536 3214 1853 3284 δυνάμενος,
1885 3216 1981 3270 καὶ

301 3306 440 3373 μετὰ
469 3303 570 3374 τὴν
597 3301 913 3371 ἀπόγνωσιν
946 3301 1046 3373 τὴν
1075 3302 1349 3374 ἡμετέραν
1378 3303 1457 3366 είς
1486 3303 1728 3375 χρηστάς
1759 3304 1979 3369 ἐλπίδας

294 3394 466 3460 ἄγων,
495 3391 562 3444 ἶν’
594 3389 738 3444 οὕτω
764 3389 1095 3461 σαφέστερον
1121 3390 1286 3444 αὑτοῦ
1322 3389 1681 3462 μανθάνωμεν
1706 3390 1856 3464 [545]
1881 3393 1980 3463 τῆς

293 3477 603 3548 εὐμηχάνου
636 3476 827 3544 σοφίας
853 3476 952 3545 τὴν
981 3475 1309 3547 ὑπερϐολήν.
1347 3475 1635 3542 Ἀναστὰς
1663 3477 1790 3547 γάρ,
1823 3478 1977 3548 φησὶ,

293 3565 615 3620 διόδευσον
645 3564 761 3632 τὴν
791 3563 931 3633 γῆν,
965 3563 1055 3630 εἷς
1097 3580 1162 3616 τε
1200 3563 1266 3616 τὸ
1311 3562 1506 3633 μῆκος
1541 3564 1734 3633 αὐτῆς
1768 3566 1865 3619 καὶ
1892 3569 1979 3633 είς

293 3653 360 3705 τὸ
395 3652 646 3716 πλάτος,
672 3650 761 3704 ὅτι
790 3667 887 3704 σοι
911 3649 1085 3704 δώσω
1102 3649 1316 3718 αὐτήν.
1333 3651 1475 3720 ’Ὀρα
1511 3650 1624 3714 πῶς
1651 3651 1739 3705 διὰ
1760 3653 1978 3708 πάντων

293 3740 403 3794 τῶν
428 3738 770 3810 πραγμάτων
801 3737 1002 3809 πολλὴν
1037 3736 1284 3808 βούλεται
1325 3737 1701 3808 πληροφορίαν
1747 3740 1978 3794 ἐνθεῖναι

292 3827 372 3898 τῷ
419 3825 634 3897 δικαίῳ.
675 3823 964 3888 Ἀναστὰς,
1013 3824 1171 3896 φησὶ,
1227 3823 1505 3895 περίελθε,
1549 3826 1644 3879 καὶ
1693 3827 1977 3898 κατάμαθε

291 3916 388 3970 καὶ
430 3916 494 3969 τὺ
530 3912 705 3985 μῆκος
742 3912 834 3966 καὶ
871 3913 932 3964 τὸ
965 3911 1190 3978 πλάτος,
1237 3911 1325 3966 ἵνα
1358 3912 1554 3968 εἰδέναι
1586 3913 1718 3987 ἔχῃς
1768 3915 1864 3969 καὶ
1919 3916 1980 3969 τὸ

294 4001 526 4074 μέγεθος
558 4001 657 4072 τῆς
705 4000 826 4071 γῆς,
863 3995 934 4072 ’ἧς
980 4000 1274 4056 ἀπολαύειν
1321 4001 1558 4071 μέλλεις,
1613 4004 1706 4056 καὶ
1742 4003 1848 4073 πρὸ
1879 4004 1978 4074 τῆς

294 4087 649 4150 ἀπολαύσεως
675 4089 742 4159 τῇ
777 4086 953 4140 ἐλπίδι
981 4087 1334 4158 τρεφόμενος,
1365 4086 1566 4160 πολλὴν
1601 4089 1730 4160 ἔχῃς
1764 4089 1861 4160 τὴν
1887 4091 1978 4142 εὑ-

293 4175 516 4246 θυμίαν.
544 4173 719 4244 Ὄσην
751 4173 860 4245 γὰρ
894 4173 960 4227 ἂν
991 4174 1284 4245 περιέλθῃς
1315 4173 1441 4244 γῆν,
1480 4177 1566 4228 σοὶ
1594 4175 1750 4228 δώσω
1782 4176 1974 4248 αὑτὴν,

292 4263 383 4316 ἵνα
431 4261 609 4334 μάθῃς
641 4263 724 4315 ὃτι
753 4261 815 4314 οὑ
851 4260 1087 4315 τοσαῦτα
1129 4261 1554 4333 παρεχώρησας,
1587 4266 1688 4318 ὅσα
1712 4258 1807 4318 νῦν
1835 4263 1977 4335 λαμ-

293 4345 478 4397 ϐάνειν
507 4343 741 4414 μέλλεις.
766 4343 860 4413 Μὴ
888 4341 1066 4396 τοίνυν
1092 4343 1323 4416 νομίσῃς
1344 4344 1442 4414 τὴν
1476 4344 1736 4400 ἐλάττονα
1761 4345 1977 4418 εἰληφέ-

293 4449 400 4495 ναι,
428 4429 613 4500 ἐπειδὴ
641 4429 847 4491 ἐκεῖνος
868 4429 982 4491 τοῖς
1016 4429 1306 4499 πρωτείοις
1333 4432 1679 4501 φαινομένοις
1702 4434 1978 4505 ἐπεπήδη-

298 4536 408 4571 σεν.
454 4518 591 4589 Εἴσῃ
619 4514 675 4567 δὲ
707 4516 824 4584 μετ’
854 4516 914 4567 ού
963 4514 1096 4567 πολὺ
1128 4515 1194 4568 δι’
1229 4516 1408 4572 αὑτῶν
1442 4518 1551 4573 τῶν
1596 4522 1969 4592 πραγμάτων,

292 4608 374 4659 ὅτι
409 4605 469 4658 οὑ
501 4601 785 4673 λυσιτελὴς
820 4597 888 4672 ἦν
915 4600 1064 4672 αὑτῷ
1095 4602 1201 4654 τῶν
1229 4603 1513 4674 πρωτείων
1540 4608 1572 4677 ἡ
1607 4607 1806 4678 ἐκλογή
1838 4621 1848 4638 ’
1886 4611 1977 4663 καὶ

293 4695 457 4757 αὐτὸς
480 4693 537 4748 δέ
557 4695 761 4755 ἐκεῖνος
790 4691 1115 4762 μαθήσεται,
1139 4690 1263 4743 ὅσον
1293 4691 1409 4744 ἐστὶ
1431 4693 1600 4747 κακὸν
1617 4694 1796 4747 τὸτῶν
1822 4713 1975 4766 πρω-

292 4783 450 4836 τείων
479 4782 630 4853 ἐρᾷν.
661 4779 881 4842 Τέωςδέ
903 4776 1064 4842 αὑτὸς
1093 4776 1321 4848 κομίζου
1349 4778 1444 4851 τῆς
1477 4783 1977 4855 ταπεινοφροσύνης

292 4873 387 4926 καὶ
428 4870 529 4940 τῆς
585 4867 906 4934 ἐπιεικείας,
953 4867 1021 4938 ἢν
1068 4868 1198 4939 περὶ
1229 4867 1322 4922 τὸν
1353 4867 1666 4939 ἀδελφιδοῦν
1695 4871 1974 4938 ἐπεδείξω,

295 4959 392 5020 τὰς
429 4955 687 5028 ἀμοιϐὰς,
718 4955 811 5008 καὶ
839 4953 995 5025 δέχου
1044 4954 1143 5024 τὴν
1174 4954 1490 5024 ὑπόσχεσιν,
1535 4957 1632 5009 καὶ
1667 4957 1770 5027 ἤδη
1804 4975 1976 5014 κατα-

301 5045 537 5115 μάνθανε
563 5042 662 5115 τὴν
690 5041 795 5112 γῆν
823 5041 1062 5109 ἃπασαν,
1087 5036 1155 5112 ἦς
1174 5042 1362 5113 κύριος
1388 5039 1463 5108 εἷ,
1495 5044 1589 5096 καὶ
1619 5045 1736 5114 μετ’
1757 5046 1818 5097 οὑ
1841 5047 1974 5100 πολὺ

299 5133 392 5184 καὶ
428 5131 588 5194 αὑτὸς
625 5129 808 5184 καὶτὸ
840 5129 1064 5199 σπέρμα
1105 5128 1165 5180 τὸ
1205 5129 1297 5182 σὺν
1332 5130 1411 5192 είς
1437 5129 1497 5182 τὸ
1530 5129 1774 5200 διηνεκὲς
1814 5133 1976 5187 καθέ-

300 5218 439 5282 ξετε.
463 5219 572 5273 Καὶ
604 5216 685 5284 τῷ
709 5216 1006 5288 σπέρματί
1041 5232 1160 5270 σου
1191 5215 1321 5288 γάρ,
1347 5217 1531 5288 φησὶν,
1571 5218 1682 5284 ἕως
1709 5220 1818 5275 τοῦ
1842 5220 1976 5275 αἰῶ-

294 5323 421 5371 νος.
454 5306 596 5359 Πολὺ
635 5306 734 5375 τῆς
759 5303 1094 5374 ἐπαγγελίας
1121 5303 1216 5357 τοῦ
1253 5303 1390 5358 Θεοῦ
1427 5304 1488 5358 τὸ
1518 5306 1769 5376 μέγεθος,
1803 5309 1974 5382 πολλὴ

295 5393 392 5462 τῆς
427 5393 735 5463 φιλοτιμίας
767 5392 859 5446 τοῦ
894 5393 1114 5446 πάντων
1138 5391 1298 5462 ἡμῶν
1330 5394 1603 5446 Δεσπότου
1637 5396 1671 5465 ἡ
1701 5395 1972 5465 δαψίλεια,

295 5480 465 5551 πολλὴ
496 5480 592 5550 τῆς
617 5481 851 5552 ἀμοιϐῆς
872 5481 968 5534 τοῦ
990 5478 1374 5551 φιλανθρώπου
1396 5482 1491 5535 καὶ
1523 5484 1975 5556 πανοικτίρμονος

297 5569 331 5638 ἠ
371 5565 667 5638 ὑπερϐολὴ,
713 5568 783 5638 ἢν
820 5569 950 5639 περὶ
985 5567 1077 5621 τδν
1113 5568 1384 5639 μακάριον
1425 5567 1615 5624 τοῦτον
1659 5573 1973 5642 ἐποιήσατο,

297 5653 498 5724 καὶτῷ
536 5653 596 5718 ἐξ
637 5653 802 5708 αὑτοῦ
842 5654 1084 5724 μέλλοντι
1116 5655 1396 5710 τίκτεσθαι
1446 5656 1742 5728 σπέρματι.
1786 5659 1973 5713 Ταῦτα

299 5741 537 5803 ἀκούσας
567 5743 595 5793 ὁ
624 5741 990 5810 πατριάρχης,
1030 5741 1124 5793 καὶ
1167 5742 1464 5811 ἐκπλαγεὶς
1497 5744 1596 5814 τὴν
1641 5745 1848 5816 ἄφατον
1877 5747 1971 5801 τοῦ

298 5826 434 5880 Θεοῦ
465 5825 796 5897 ἀγαθότητα,
831 5825 1314 5894 Ἀποσκηνώσας,
1345 5831 1532 5901 φησὶν,
1551 5831 1752 5887 ἐλθὼν
1781 5833 1968 5899 κατῴ-

1088 424 1148 478 S.
1188 419 1477 478 JOANNIS
1504 415 2007 476 ‘CHRYSOSTOMI
2048 413 2366 470 ARCHIEP.
2407 414 2956 472 CONSTANTINOP.

2090 546 2245 599 κησε
2279 533 2440 602 παρὰ
2466 533 2582 600 τὴν
2620 532 2772 602 δρῦν
2802 531 2920 600 τὴν
2949 531 3220 601 Μαμϐρῆ,
3249 531 3362 600 τὴν
3394 531 3466 586 ἐν
3507 534 3764 603 Χεϐρών.

2087 619 2241 673 Μετά
2268 620 2329 672 τὸ
2359 620 2634 686 δέξασθαι,
2665 621 2819 691 φησὶ,
2855 621 2954 690 τὴν
2982 619 3334 688 ἐπαγγελίαν,
3359 620 3456 675 καὶ
3479 620 3573 674 τδν
3603 638 3770 693 χωρι-

2086 708 2224 779 σμὸν
2255 709 2510 776 γενέσθαι
2553 709 2647 762 τοῦ
2692 708 2837 774 Λὼτ,
2883 709 2983 780 τὴν
3033 709 3239 781 σκηνὴν
3272 708 3435 763 αὑτοῦ
3491 709 3769 780 μετῴκισε

2085 796 2237 866 παρά
2267 795 2366 868 τὴν
2395 793 2526 868 δρῦν
2555 797 2653 868 τὴν
2696 796 2965 869 Μαμϐρή.
2993 797 3136 867 Ὅρα
3187 797 3478 866 φιλόσοφον
3515 796 3770 868 γνώμην,

2085 883 2186 954 ὅρα
2220 886 2564 955 φρονήματος
2601 883 2753 954 ὕψος,
2787 885 2905 948 πῶς
2935 885 3054 956 μετ’
3075 884 3325 948 εὐκολίας
3357 885 3772 956 μετανίσταται,

2087 972 2183 1024 καὶ
2213 973 2274 1024 οὑ
2304 972 2648 1044 δυσχεραίνει
2678 973 2816 1045 πρὸς
2858 973 2920 1026 τὸ
2953 973 3150 1037 τόπους
3181 974 3246 1026 ἐκ
3274 974 3457 1027 τόπων
3493 973 3772 1042 ἀμείϐειν.

2089 1059 2198 1112 Kal
2229 1060 2337 1130 γὰρ
2368 1061 2620 1133 εὑρήσεις
2651 1063 2816 1114 αὑτὸν
2840 1061 2901 1114 οὑ
2935 1060 3196 1132 συνηθείᾳ
3228 1061 3334 1114 τινὶ
3362 1062 3777 1132 προκατειλημ-

2093 1147 2252 1216 μένον
2281 1149 2377 1200 καὶ
2406 1150 2835 1220 προστετηκότα,
2858 1149 2888 1202 ὃ
2925 1147 3110 1202 πολλοὶ⁸
3151 1148 3410 1212 πολλάκις
3435 1148 3775 1219 ὑπομένουσι

2089 1236 2310 1289 καὶτῶν
2330 1237 2630 1292 δοκούντων
2659 1239 2991 1308 φιλοσοφεῖν,
3013 1239 3108 1292 καὶ
3129 1238 3237 1292 τῶν
3264 1239 3321 1292 ἐν
3351 1236 3502 1309 μέσῳ
3523 1237 3775 1309 θορύϐων

2087 1325 2462 1396 ἀπηλλάχθαι·
2519 1327 2613 1381 καὶ
2646 1330 2852 1381 εἴποτε
2883 1328 3074 1400 καιρὸς
3109 1327 3298 1395 καλοίη
3343 1326 3777 1398 μεταναστῆναι,

2087 1413 2182 1465 καὶ
2211 1415 2288 1476 είς
2317 1415 2414 1484 τὴν
2442 1415 2727 1486 ἀλλοτρίαν
2753 1415 3031 1479 ἀπελθεῖν,
3067 1414 3330 1478 πολλάκις
3363 1414 3456 1468 καὶ
3477 1431 3778 1483 πνεύματι·-

2088 1500 2185 1553 κοῦ
2208 1503 2531 1574 πράγματος
2545 1503 2728 1568 ἔνεκα,
2748 1504 3220 1575 δυσχεραίνοντας,
3245 1503 3527 1565 ἀλύοντας,
3552 1500 3778 1573 βαρέως

2088 1588 2354 1660 φέροντας
2391 1591 2492 1662 τὴν
2530 1592 2860 1662 μετάστασιν
2894 1591 3076 1662 εὕροις
3112 1591 3181 1644 ἂν
3217 1591 3436 1654 αὑτοὺς,
3483 1589 3573 1643 διὰ
3607 1589 3668 1641 τὸ
3699 1591 3775 1658 τῇ

2088 1677 2345 1747 συνηθείᾳ
2378 1677 2762 1749 προειλῆφθαι.
2795 1679 2934 1731 Ἀλλ’
2959 1680 3058 1748 οὑχ
3089 1680 3118 1731 ό
3161 1677 3368 1741 δίκαιος
3413 1675 3608 1742 οὕτως,
3651 1674 3777 1728 ἀλλ’

2087 1761 2296 1816 ἀνωθεν
2315 1764 2410 1817 καὶ
2446 1767 2511 1818 ἐκ
2533 1767 2835 1836 προοιμίων
2865 1765 3208 1835 ἐφιλοσόφεν
3252 1765 3345 1818 καὶ
3390 1762 3646 1832 καθάπερ
3685 1761 3778 1825 ξέ-

2085 1867 2174 1914 νος
2194 1851 2289 1904 καὶ
2314 1851 2714 1924 παρεπίδημος,
2743 1852 2918 1916 οὑτως
2946 1851 3198 1906 ἐντεῦθεν
3227 1853 3365 1915 ἐκεῖ,
3393 1850 3646 1905 κάκεῖθεν
3665 1842 3774 1902 ὧδε

2089 1935 2574 2005 μετανιστάμενος,
2606 1937 2702 1989 καὶ
2736 1937 3014 2008 πανταχοῦ
3046 1935 3143 2008 τὴν
3171 1935 3418 2006 φιλόθεον
3441 1932 3606 1988 αὑτοῦ
3629 1931 3775 2001 γνὼ-

2089 2039 2196 2091 μην
2228 2020 2318 2076 διὰ
2358 2021 2466 2076 τῶν
2500 2022 2679 2096 ἔργων
2715 2023 3047 2088 ἐσπούδαζεν
3085 2022 3508 2078 ἐπιδείκνυσθαι.
3548 2020 3774 2092 Ἐπειδὴ

2084 2108 2197 2181 γάρ
2223 2111 2611 2181 κατεσκήνωσε
2647 2112 2802 2184 παρά
2826 2113 2926 2184 τὴν
2963 2111 3096 2184 δρῦν
3128 2111 3227 2184 τὴν
3263 2110 3531 2181 Μαμϐρὴ,
3563 2109 3773 2174 εὐθέως

2086 2199 2204 2252 ἐκεῖ
2231 2197 2620 2271 θυσιαστήριον
2647 2199 2964 2272 ᾠκοδόμησε
3003 2199 3082 2272 τῷ
3111 2200 3324 2272 Κυρίῳ.
3360 2195 3515 2262 Εῐδες
3543 2197 3777 2268 εὑχάρι-

2087 2301 2211 2338 στον
2237 2284 2492 2358 γνώμην;
2532 2289 2752 2360 Ἐπειδὴ
2781 2290 2891 2360 γάρ
2923 2289 3022 2361 τὴν
3055 2288 3260 2360 σκηνὴν
3284 2286 3543 2359 ἐπήξατο,
3565 2285 3775 2350 εὐθέως

2085 2372 2224 2444 ὑπὲρ
2240 2374 2338 2444 τῆς
2363 2375 2736 2446 γεγενημένης
2757 2376 2905 2447 αὑτῷ
2935 2376 3270 2446 ἐπαγγελίας
3295 2375 3394 2439 τὰς
3417 2374 3775 2446 εὐχαριστίας

2085 2461 2319 2533 ἀνέφερε
2344 2461 2422 2533 τῷ
2445 2464 2711 2538 Δεσπότῃ.
2737 2465 2849 2520 Καὶ
2874 2465 2995 2519 καθ’
3023 2465 3254 2520 ἕκαστον
3277 2465 3461 2526 τόπον,
3487 2462 3617 2516 ἔνθα
3639 2479 3776 2515 κατ-

2083 2549 2336 2620 εσκήνου,
2377 2550 2633 2623 εὑρήσεις
2674 2552 2837 2607 αὑτὸν
2865 2552 3056 2607 τούτου
3089 2552 3196 2624 πρὸ
3226 2553 3444 2607 πάντων
3473 2548 3772 2620 ἐπιμελού-

2087 2653 2269 2708 μενον,
2307 2639 2403 2692 καὶ
2453 2639 2839 2713 θυσιαστήριον
2880 2640 3286 2713 οἰκοδομοῦντα,
3323 2641 3418 2693 καὶ
3459 2637 3556 2703 τὰς
3602 2636 3776 2707 εὑχάς

2084 2725 2447 2798 ἀναφέροντα,
2479 2728 2573 2782 καλ⁵
2603 2729 2960 2784 ἀποσωλικὸν
2991 2730 3155 2802 νόμον
3185 2729 3516 2802 πληροῦντα,
3543 2727 3636 2780 τὸν
3671 2742 3775 2778 κε-

2082 2813 2306 2869 λεύοντα
2337 2816 2395 2869 ἐν
2424 2816 2586 2870 παντὶ
2607 2818 2758 2889 τόπῳ
2779 2816 3032 2890 εὔχεσθαι
3065 2817 3391 2891 ἐπαίροντας
3411 2812 3774 2891 ὁσίους

2084 2906 2295 2975 χεῖρας.
2338 2901 2492 2970 Εἶδες
2537 2905 2716 2977 ψυχὴν
2761 2906 3153 2979 ἐπτερωμένην
3193 2907 3331 2980 πρὸς
3374 2907 3465 2960 τδν
3503 2905 3596 2961 τοῦ
3627 2906 3774 2961 Θεοῦ

2083 2991 2268 3056 πόθον,
2310 2993 2404 3046 καὶ
2435 2993 2573 3066 ὑπὲρ
2603 2993 2856 3049 ἁπάντων
2884 2995 3208 3067 εὐχάριστον
3254 2995 3579 3067 γινομένηνς
3626 2995 3773 3048 Οὑόὲ

2082 3077 2192 3148 γὰρ
2212 3077 2471 3149 ἀνέμενεν
2488 3082 2568 3143 είς
2593 3080 2753 3152 ἔργον
2775 3080 2952 3134 ἐλθεῖν
2975 3080 3043 3135 τά
3059 3079 3487 3150 ἐπαγγελθέντα,
3511 3081 3645 3134 ἀλλά
3670 3084 3774 3134 καὶ

2086 3166 2226 3237 ὑπὲρ
2251 3165 2351 3236 τῆς
2394 3167 2743 3239 ὑποσχέσεως
2791 3169 3125 3240 εὐχαριστεῖ,
3166 3169 3261 3224 καὶ
3309 3169 3377 3223 τά
3411 3172 3539 3241 παρ’
3568 3169 3768 3224 ἑαυτοῦ

2082 3252 2472 3319 ἐπιδείκνυται,
2508 3256 2596 3309 ἵνα
2623 3255 2724 3328 τὴν
2758 3258 2852 3311 ἐπὶ
2881 3260 2996 3321 τοῖς
3028 3257 3389 3328 προλαϐοῦσιν
3421 3257 3770 3327 εὑγνωμοσύο

2082 3357 2181 3410 νην
2207 3342 2638 3414 ἐπιδειξάμενος,
2663 3346 2757 3399 καὶ
2779 3346 2909 3417 περὶ
2925 3345 3039 3418 ,τὴν
3062 3346 3410 3419 ἐκπλήρωσιν
3435 3347 3545 3402 τῶν
3583 3349 3767 3416 ἐπαγ-

2083 3429 2278 3497 γελιῶν
2308 3431 2673 3504 ἐκκαλέσηται
2695 3432 2785 3488 τὸν
2809 3432 3004 3488 ἐαυτοῦ
3037 3434 3334 3506 Δεσπότην.

2152 3575 2213 3630 ε’.
2261 3575 2463 3631 Τοῦτον
2488 3578 2551 3650 δὴ
2573 3578 2668 3632 καὶ
2684 3580 2846 3650 ἡμεῖς
2869 3579 3188 3651 μιμώμεθα,
3211 3581 3305 3634 καὶ
3328 3580 3618 3652 θαρρῶμεν
3639 3583 3766 3645 ταῖς

2079 3659 2174 3713 τοῦ
2210 3661 2346 3715 Θεοῦ
2377 3664 2726 3735 ὑποσχέσεσι,
2767 3666 2858 3720 καὶ
2887 3667 3026 3738 μήτε
3043 3669 3073 3720 ὁ
3093 3666 3286 3739 χρόνος
3307 3665 3640 3738 ἀμαυρούτω
3660 3668 3765 3739 τὴν

2082 3748 2414 3819 προθυμίαν,
2437 3752 2572 3822 μήτε
2587 3751 2659 3805 τά
2676 3754 2734 3806 ἐν
2757 3752 2907 3825 μέσῳ
2923 3754 3243 3825 κωλύματα,
3261 3756 3326 3809 ἂν
3338 3754 3598 3826 συμϐαίη,
3623 3773 3767 3826 χαυ-

2081 3835 2253 3889 νούτω
2287 3837 2446 3907 ήμῶν
2471 3839 2560 3892 τὸν
2594 3839 2884 3912 λογισμόν·
2935 3841 3073 3896 ἀλλά
3112 3845 3178 3914 τῇ
3221 3843 3317 3898 τοῦ
3352 3843 3488 3898 Θεοῦ
3530 3843 3764 3914 δυνάμει

2081 3921 2432 3995 θαρροῦντες,
2483 3927 2559 3989 ὡς
2599 3926 2698 3997 ἤδη
2756 3927 2862 3998 πρὸ
2903 3928 3013 3982 τῶν
3049 3928 3344 3999 ὀφθαλμῶν
3381 3929 3614 4000 ὁρῶντες
3660 3929 3765 3994 τάς

2081 4011 2403 4082 ὑποσχέσεις
2429 4013 2816 4084 ἐκϐεϐηκυίας,
2842 4015 2986 4070 οὑτω
3012 4016 3113 4087 τὴν
3138 4017 3320 4070 πίστιν
3350 4015 3615 4087 είλικρινῆ
3634 4019 3764 4070 ἐπιο

2079 4098 2402 4170 δειξώμεθα.
2420 4100 2529 4155 Καὶ
2551 4102 2659 4172 γὰρ
2675 4103 2769 4156 καὶ
2793 4103 2922 4173 ἡμῖν
2944 4104 3156 4173 μεγάλα
3173 4104 3269 4158 καὶ
3292 4102 3572 4174 ὑπέρογκα
3587 4107 3764 4174 ἐπηγο

2081 4180 2301 4250 γείλατο
2346 4185 2375 4236 ὁ
2423 4185 2721 4255 Δεσπότης,
2763 4186 2860 4239 καὶ
2913 4186 3314 4256 ὑπερϐαίνοντα
3361 4187 3454 4240 τὸν
3493 4187 3763 4259 ἡμέτερον

2079 4263 2359 4335 λογισμὸν,
2389 4270 2487 4337 τῆς
2516 4267 2792 4338 βασιλείας
2826 4269 2971 4340 λέγω
2989 4271 3091 4341 τὴν
3119 4271 3438 4336 ἀπόλαυσιν,
3456 4272 3564 4327 τῶν
3583 4273 3764 4345 ἀπορ-

2083 4353 2261 4424 ρήτων
2302 4354 2522 4423 ἀγαθῶν
2566 4356 2666 4427 τὴν
2701 4358 3012 4428 μετουσίαν,
3052 4358 3151 4430 τὴν
3189 4357 3326 4430 μετά
3354 4359 3600 4428 ἀγγέλων
3637 4358 3762 4413 δια-

2077 4441 2290 4513 γωγὴν,
2322 4443 2423 4514 τὴν
2455 4445 2552 4514 τῆς
2585 4444 2809 4516 γεέννης
2837 4445 3181 4518 ἀπαλλαγήν.
3217 4446 3379 4500 Ἀλλά
3414 4448 3562 4518 ὅμως
3593 4446 3764 4518 μηδὲν

2081 4525 2426 4597 ἀπιστῶμεν,
2459 4528 2646 4601 ἐπειδὴ
2678 4530 2753 4602 μὴ
2788 4533 2983 4602 ὁρᾶται
3020 4535 3133 4596 τοῖς
3178 4535 3512 4603 σωματικοῖς
3554 4532 3762 4602 ὀφθαλ-

2084 4617 2234 4684 μοῖς’
2273 4613 2410 4669 άλλά
2441 4615 2502 4668 τὸ
2532 4616 2763 4686 ἀψευδὲς
2794 4617 3098 4682 ἐννοοῦντες
3140 4619 3234 4672 τοῦ
3261 4619 3758 4690 ἐπαγγειλαμένου,

2082 4701 2177 4754 καὶ
2211 4704 2312 4772 τῆς
2353 4702 2638 4775 δυνάμεως
2667 4705 2832 4759 αὑτοῦ
2873 4705 2934 4759 τὸ
2987 4706 3237 4777 μέγεθος,
3263 4709 3378 4770 τοῖς
3403 4709 3500 4777 τῇς
3525 4707 3761 4773 πίστεως

2080 4787 2378 4860 ὀφθαλμοῖς
2409 4791 2550 4845 αὑτά
2588 4793 3032 4864 κατοπτεύωμεν,
3083 4796 3178 4849 καὶ
3211 4797 3276 4850 ἐκ
3313 4795 3420 4848 τῶν
3447 4795 3546 4866 ήδη
3577 4811 3760 4864 παρα-

2083 4876 2385 4946 σχεθέντων
2410 4881 2503 4933 καὶ
2535 4882 2661 4953 περί¹
2687 4881 2797 4936 τῶν
2825 4883 3128 4952 μελλόντων
3153 4884 3396 4956 χρηστὰς
3424 4885 3635 4955 ἔχωμεν
3657 4884 3762 4950 τάς

2082 4960 2302 5025 ἐλπίδας
2320 4979 2334 4992 ·
2367 4963 2456 5016 διὰ
2479 4965 2589 5034 γὰρ
2614 4965 2774 5019 τοῦτο
2806 4967 2901 5021 καὶ
2925 4967 3160 5022 ἐνταῦθα
3191 4969 3360 5022 πολλά
3384 4970 3516 5040 ἡμῖν
3551 4968 3761 5040 ἐδωρὴ-

2083 5065 2232 5115 σατο,
2267 5051 2355 5105 ἴνα
2385 5054 2449 5105 ἐκ
2483 5053 2688 5108 τούτων
2710 5055 3067 5128 ὁδηγούμενοι
3098 5057 3191 5111 καὶ
3223 5059 3352 5128 περὶ
3374 5057 3597 5111 ἐκείνων
3623 5059 3761 5130 θαρο

2083 5138 2197 5208 ῥεῖν
2222 5137 2453 5210 ἔχωμεν.
2481 5141 2540 5193 '0
2567 5141 2675 5213 γὰρ
2694 5142 2786 5197 τὸν
2808 5144 3001 5198 ἐαυτοῦ
3031 5145 3146 5198 υίδν
3177 5144 3368 5209 ἐκδοὺς
3394 5145 3484 5198 διά
3503 5144 3600 5211 τήν
3626 5147 3759 5216 περὶ

2079 5227 2228 5298 ἡμᾶς
2256 5227 2498 5300 ἀγάπην,
2521 5229 2638 5292 πῶς
2660 5230 2780 5300 οὑχὶ
2811 5231 2987 5286 πάντα
3014 5235 3146 5303 ἡμῖν
3169 5233 3236 5286 τά
3262 5233 3426 5286 λοιπά
3451 5235 3756 5304 χαριεῖται;

2077 5318 2348 5390 Καθάπερ
2373 5320 2468 5373 καὶ
2492 5319 2705 5384 Παῦλός
2731 5338 2922 5392 φησιν’
2950 5324 3048 5389 Ὄς
3066 5340 3133 5393 γε
3163 5323 3272 5378 τοῦ
3299 5323 3452 5378 ἰδίου
3484 5323 3620 5377 Υίοῦ
3640 5325 3757 5378 οὐκ

2056 5408 2383 5476 )ὲφείσατο,
2405 5407 2542 5462 ἀλλ’
2557 5407 2711 5476 ὑπὲρ
2729 5409 3159 5478 ήμὼπάντων
3177 5411 3524 5481 παρέδωκεν
3541 5410 3753 5476 αὑτὸν,
3783 5445 3793 5456 .

2077 5491 2204 5558 πῶς
2236 5492 2372 5560 οὐχὶ
2411 5492 2510 5546 καὶ
2543 5492 2666 5546 σὺν
2701 5493 2863 5559 αὐτῷ
2896 5495 2972 5548 τὰ
2996 5493 3193 5548 πάντα
3218 5494 3362 5564 ἡμῖν
3403 5495 3713 5563 χαρίσεται
3733 5511 3756 5556 ;

2047 5621 2055 5633 ,
2075 5578 2138 5631 Εἰ
2167 5578 2260 5631 τὸν
2280 5578 2408 5632 Υίδν
2433 5577 2598 5632 αὑτοῦ
2627 5579 2890 5645 ἐξέδωκεν
2919 5581 3060 5653 ὑπὲρ
3079 5582 3240 5652 ἡμῶν
3260 5581 3368 5636 τῶν
3387 5581 3752 5653 ἁμαρτωλῶν,

2075 5667 2125 5717 εί
2161 5665 2258 5718 τοῦ
2294 5666 2672 5737 βαπτίσματος
2703 5667 2800 5738 τήν
2833 5668 3042 5740 δωρεὰν
3064 5669 3376 5739 ἐχαρίσατο,
3407 5669 3456 5721 εί
3482 5669 3591 5722 τῶν
3617 5685 3752 5738 προε⁸

2073 5749 2346 5803 λαϐόντων
2367 5753 2778 5824 ἁμαρτημάτων
2809 5754 2910 5824 τὴν
2932 5755 3126 5824 ἄφεσιν
3155 5755 3486 5826 ἐδωρήσατο,
3514 5755 3562 5809 εί
3591 5771 3751 5826 μετα-

2062 5836 2225 5917 νοίας
2250 5837 2370 5893 ὁδὸν
2405 5839 2536 5908 ἡμῖν
2561 5839 2775 5910 ἔτεμεν,
2809 5841 2859 5895 εί
2902 5841 3070 5913 μυρία
3115 5842 3277 5916 ἔτερα
3317 5842 3453 5914 πρὸς
3491 5843 3591 5914 τὴν
3636 5858 3747 5895 σω-
