4060 6474
509 479 611 538 ΞΠ

577 597 798 651 Abralue
819 596 1046 650 uirtutem
1083 594 1328 664 paulatim
1353 602 1543 646 exercet
1565 589 1722 645 Deus.
1754 590 1954 658 Quanta
1997 606 2087 664 pa-

508 688 745 742 triai-eme
771 688 948 740 mentis
974 687 1207 754 ﬁrmitas.
1238 713 1309 724 —
1339 682 1567 738 Attende
1590 682 1858 753 quomodo
1885 681 2093 736 miseri-

504 793 626 833 cors
676 779 816 832 Deus
861 777 1113 848 paulatim
1155 777 1401 831 virtutem
1441 775 1569 846 justi
1615 775 1773 846 hujus
1820 783 2087 830 exerceat.

505 868 636 923 Nam
682 884 803 924 cum
848 869 1091 938 superius
1129 867 1322 922 dixerit
1365 885 1379 922 :
1424 867 1725 922 Semiuituo
1749 867 1879 920 dabo
1906 875 2090 919 terram

507 969 635 1013 hanc
652 977 672 1015 :
696 976 835 1015 nunc
860 961 1048 1015 iterum
1079 959 1206 1014 dicit
1229 977 1242 1012 :
1266 957 1334 1013 Et
1358 958 1536 1013 semini
1560 967 1644 1012 tuo
1672 973 1827 1028 usque
1845 958 1898 1010 in
1925 972 2089 1010 strtu-

506 1051 610 1105 lum
652 1052 782 1106 dabo
802 1094 816 1118 ,
849 1061 895 1106 et
925 1052 1111 1124 faciam
1136 1050 1267 1105 illud
1293 1051 1436 1121 quasi
1465 1066 1672 1104 arenam
1704 1059 1866 1104 terrae.
1895 1048 2087 1103 Hacte-

506 1159 607 1198 nus
633 1144 970 1198 sermonibus
998 1152 1199 1197 tantum
1232 1143 1366 1196 facta
1388 1150 1472 1197 est
1505 1142 1786 1211 promissio
1811 1183 1826 1206 ,
1857 1142 2087 1196 interce-

504 1232 686 1302 ditque
728 1235 868 1288 inter
895 1249 1007 1288 rem
1033 1242 1088 1288 et
1115 1233 1519 1302 promissionem
1547 1232 1771 1287 multum
1795 1231 2048 1299 temporis
2068 1271 2084 1298 ,

505 1332 563 1378 ut
590 1325 892 1395 religiosam
921 1323 1234 1395 patriarcha:
1269 1335 1501 1378 mentem
1522 1365 1536 1388 ,
1565 1333 1621 1378 et
1650 1322 1968 1378 ineffabilem
1995 1322 2087 1376 Dei

501 1420 748 1474 virtutem
775 1418 1063 1474 discamus.
1106 1419 1234 1472 Data
1262 1417 1406 1472 enim
1435 1431 1598 1485 opera
1623 1415 1798 1470 differt
1823 1430 1886 1470 ac
1912 1430 2086 1470 mora-

505 1519 608 1574 tur,
640 1519 698 1563 ut
726 1525 846 1563 cum
873 1509 930 1575 ii,
957 1510 1149 1578 quibus
1181 1508 1461 1578 promissio
1487 1507 1622 1562 facta
1648 1547 1664 1574 ,
1706 1507 1759 1561 in
1786 1517 2085 1562 extremam

503 1600 843 1670 pervenerint
886 1608 1175 1665 senectam,
1206 1608 1259 1653 et
1283 1598 1575 1652 secundum
1607 1597 1892 1651 humanam
1919 1597 2083 1652 ratio-

500 1705 644 1757 nem,
675 1699 731 1744 ut
759 1690 829 1743 ita
856 1689 1053 1756 dicam,
1075 1689 1294 1743 omnino
1315 1688 1746 1757 desperaverint,
1781 1697 1904 1742 tunc
1933 1703 2082 1742 suam

499 1783 856 1837 infirmitatem
882 1823 898 1847 ,
941 1790 997 1837 et
1017 1781 1386 1837 inenarrabilis
1417 1781 1667 1851 potentite
1711 1780 1802 1836 Dei
1838 1781 2084 1836 eminen-

498 1875 625 1928 tiam
655 1883 966 1944 agnoscant.

568 1968 620 2021 4.
655 1967 764 2022 Hoc
785 1967 903 2021 loco
932 1966 1223 2036 expendas,
1251 1981 1456 2037 qumso,
1486 1981 1516 2020 a
1548 1964 1803 2037 temporis
1827 1974 1971 2020 tanta
2002 1964 2082 2017 in-

504 2058 843 2128 tercapedine
865 2098 881 2125 ,
926 2074 1085 2129 quam
1129 2059 1298 2114 solida
1336 2059 1494 2114 fuerit
1534 2059 1850 2130 patriarcha:
1887 2071 2078 2123 mens,

495 2148 763 2218 quomodo
785 2150 1031 2205 humanis
1058 2149 1307 2205 omnibus
1337 2150 1649 2220 praateritis,
1678 2149 1745 2203 ad
1787 2147 2080 2219 potentiam

495 2240 610 2308 ejus
635 2239 722 2309 qui
750 2239 1016 2308 pollicitus
1042 2249 1158 2295 erat
1181 2281 1198 2307 ,
1251 2241 1541 2310 respiciens
1564 2281 1580 2308 ,
1620 2255 1725 2295 non
1757 2240 2040 2310 impatiens
2058 2277 2075 2304 ,

494 2344 601 2383 non
629 2329 870 2384 turbatus
896 2329 1076 2386 fuerit.
1102 2331 1261 2386 Scitis
1283 2332 1425 2386 enim
1447 2331 1716 2401 quomodo
1741 2332 2075 2402 plerumque,

493 2421 704 2488 quando
732 2421 851 2490 quis
875 2421 1041 2476 semel
1068 2431 1227 2492 atque
1268 2421 1461 2477 iterum
1504 2421 1817 2492 pollicetur,
1860 2430 1917 2476 et
1957 2437 2080 2492 pro-

491 2510 652 2564 missa
675 2510 898 2581 implere
927 2510 1120 2578 tardat,
1148 2511 1420 2582 segniores
1449 2525 1632 2566 sumus
1657 2511 1725 2565 ad
1749 2511 2076 2567 credendum

493 2601 556 2656 iis
581 2618 698 2672 quae
727 2603 916 2658 iterum
947 2604 1212 2674 promittit
1242 2621 1257 2658 :
1289 2604 1340 2659 id
1371 2603 1512 2673 quod
1537 2604 1593 2659 in
1624 2603 1843 2659 homine
1867 2619 1976 2660 non
1996 2604 2078 2658 in-

484 2692 627 2762 juria
664 2693 841 2748 locum
882 2694 1040 2749 habet
1075 2713 1090 2749 :
1135 2696 1190 2750 in
1213 2695 1324 2751 Deo
1351 2705 1530 2750 autem
1553 2739 1569 2763 ,
1608 2696 1700 2768 qui
1739 2711 1825 2752 res
1865 2705 2075 2752 nostras

491 2783 724 2836 maxima
753 2783 1026 2854 diSpcnsat
1065 2785 1360 2854 sapientia,
1387 2785 1432 2840 si
1471 2801 1574 2856 qua
1616 2785 1784 2842 semel
1814 2787 2072 2856 promissa

489 2870 722 2938 fuerint,
777 2874 989 2930 etiamsi
1041 2875 1319 2930 innumera
1373 2875 1706 2931 intercedant
1755 2875 2022 2931 obstacula
2051 2919 2070 2945 ,

487 2964 861 3019 confidendum
895 2977 976 3020 est
1005 2965 1070 3020 ad
1115 2965 1532 3036 magnitudinem
1560 2967 1811 3035 potentia:
1839 2967 1956 3036 ejus
1979 2982 2070 3022 re-

485 3058 850 3128 spicientibus,
879 3059 1351 3130 confirmandaque
1377 3067 1459 3114 est
1487 3059 1625 3113 ratio
1643 3099 1658 3125 ,
1685 3067 1740 3113 et
1765 3057 2066 3125 sciendum,

485 3150 662 3203 omnia
699 3165 818 3219 qua:
843 3149 911 3203 ab
936 3150 1024 3204 illo
1045 3160 1170 3204 sunt
1195 3150 1336 3204 dicta
1366 3150 1581 3204 evenire
1609 3149 1782 3204 modis
1821 3149 2069 3204 omnibus

486 3254 706 3295 necesse
731 3255 871 3296 esse.
900 3240 1042 3294 Nihil
1067 3241 1208 3296 enim
1236 3252 1319 3296 est
1343 3241 1484 3312 quod
1513 3241 1709 3295 morari
1749 3249 1910 3312 queat
1949 3239 2068 3309 ejus

487 3334 889 3401 promissiones,
910 3335 1159 3404 quoniam
1189 3335 1326 3389 Deus
1357 3343 1460 3400 est,
1487 3334 1572 3389 cui
1589 3335 1770 3388 omnia
1797 3343 1920 3388 sunt
1945 3349 2069 3403 pos-

482 3425 657 3479 sibilia
686 3443 700 3480 :
729 3435 784 3481 et
810 3426 1007 3481 idcirco
1033 3440 1366 3496 quocumque
1394 3426 1526 3493 vult,
1559 3441 1646 3481 res
1684 3423 1935 3479 transfert
1955 3464 1970 3490 ,
2012 3435 2067 3479 et

483 3517 572 3571 ubi
599 3532 704 3572 non
734 3527 858 3573 sunt
878 3520 998 3582 viae,
1032 3517 1272 3573 invenire
1297 3517 1397 3572 scit
1427 3517 1538 3572 vias
1556 3558 1571 3584 ,
1600 3533 1663 3571 ac
1687 3531 1784 3570 nos
1808 3516 2064 3586 despera-

482 3618 566 3664 tos
592 3609 644 3664 iu
673 3610 866 3666 bonam
891 3625 1042 3680 spem
1071 3610 1302 3677 adducit,
1329 3625 1437 3680 quo
1464 3609 1781 3666 excellentia
1804 3609 2064 3679 potentis-

480 3702 629 3757 simae
679 3718 790 3757 sua:
843 3703 1118 3773 sapientiae
1166 3703 1320 3759 nobis
1368 3701 1704 3758 manifestior
1762 3703 1871 3756 fiat.
1928 3702 2066 3758 Dicit

477 3792 619 3847 enim
650 3810 665 3847 :
697 3793 784 3848 i7.
809 3794 994 3864 Surge,
1018 3803 1066 3849 et
1094 3794 1386 3864 perambula
1412 3804 1598 3848 terram
1620 3794 1671 3847 in
1698 3793 2064 3865 longitudinem

478 3886 587 3954 ejus
612 3894 658 3939 et
687 3886 1021 3952 latitudinem,
1052 3887 1172 3956 quia
1201 3887 1289 3940 tibi
1318 3887 1448 3941 dabo
1475 3902 1607 3940 eam.
1638 3885 1773 3941 Vide
1795 3886 2062 3956 quomodo

479 3977 530 4029 in
560 3977 719 4030 rebus
747 3976 996 4032 omnibus
1021 3977 1240 4030 multam
1285 3977 1625 4031 securitatem
1662 3975 1808 4045 justo
1835 3975 1949 4030 viro
1977 3976 2058 4029 iu-

476 4084 663 4139 gerere
684 4069 894 4139 satagit.
932 4069 1068 4123 Dicit
1095 4069 1242 4123 enim
1277 4085 1292 4122 :
1323 4067 1514 4138 Surge,
1546 4077 1600 4122 et
1623 4067 1865 4131 circumi,
1894 4077 1944 4122 et
1968 4067 2062 4120 ad-

475 4157 623 4214 discc
647 4169 753 4214 tam
779 4159 1110 4214 latitudinem
1135 4200 1150 4225 ,
1197 4175 1354 4230 quam
1393 4158 1805 4229 longitudinem,
1838 4169 1898 4214 ut
1921 4159 2062 4214 scire

477 4248 650 4317 possis
677 4257 732 4303 et
759 4249 1173 4319 magnitudinem
1207 4257 1362 4302 terrae
1381 4264 1482 4318 qua
1509 4248 1761 4302 fruiturus
1780 4262 1859 4315 es,
1886 4257 1940 4303 et
1965 4262 2059 4301 an-

481 4349 689 4409 tequam
718 4339 910 4394 fruaris
931 4382 945 4406 ,
977 4354 1074 4408 spe
1098 4349 1311 4409 pastus,
1343 4354 1589 4409 magnam
1620 4339 1745 4394 inde
1767 4339 1929 4393 animi
1961 4355 2057 4393 vo-

475 4431 728 4500 luptatem
751 4430 984 4484 haurias.
998 4429 1130 4484 Nam
1151 4441 1636 4500 quantumcumque
1653 4439 1808 4484 terra:
1823 4431 2056 4484 circum-

475 4523 636 4588 ieris,
682 4522 776 4577 tibi
804 4522 977 4590 dabo,
1028 4529 1087 4576 ut
1113 4523 1250 4578 scias
1275 4530 1329 4577 te
1367 4537 1472 4576 non
1509 4530 1714 4577 tantum
1753 4522 2054 4588 dimisisse,

474 4623 729 4684 quantum
757 4623 1071 4684 accepturus
1115 4629 1196 4670 es.
1233 4613 1311 4669 Ne
1342 4615 1500 4684 igitur
1525 4623 1678 4684 putes
1717 4623 1769 4668 te
1795 4616 2054 4668 minorem

477 4717 672 4759 terram
699 4707 947 4759 sortitum
976 4719 1116 4772 esse,
1145 4705 1393 4775 quoniam
1421 4706 1511 4760 ille
1534 4706 1776 4775 arripuit,
1805 4720 1922 4776 quae
1948 4706 2056 4774 pri-

475 4811 560 4849 ma
582 4795 680 4850 sibi
711 4795 824 4848 visa
853 4804 936 4850 est
964 4803 1018 4850 et
1043 4795 1234 4864 potior.
1263 4795 1410 4850 Scies
1440 4795 1580 4850 enim
1613 4810 1718 4848 non
1747 4795 1912 4851 multo
1939 4803 2059 4864 post

473 4903 540 4941 ex
567 4887 725 4942 rebus
754 4887 903 4957 ipsis,
935 4901 1095 4956 quam
1124 4887 1256 4941 nihil
1285 4885 1545 4958 profuerit
1571 4887 1618 4941 ei
1649 4887 1870 4957 potioris
1895 4895 2054 4942 terra;

475 4979 698 5044 electio;
727 4989 782 5033 et
840 4979 954 5048 ipse
994 4980 1202 5046 discet,
1246 4988 1502 5048 quantum
1523 4979 1720 5033 malum
1749 4987 1832 5034 est
1858 4979 2054 5048 primas

473 5085 653 5124 amare
677 5081 873 5140 partes.
906 5071 984 5125 Tu
1005 5082 1182 5126 autem
1206 5086 1346 5126 nunc
1369 5071 1552 5141 accipe
1577 5071 1848 5126 modestia:
1870 5079 1926 5126 et
1949 5072 2056 5126 cle-

473 5161 708 5225 mentite,
737 5177 895 5230 quam
923 5177 1046 5233 erga
1078 5163 1256 5218 fratris
1282 5163 1450 5218 filium
1484 5163 1763 5219 declarasti
1787 5203 1804 5228 ,
1849 5177 2057 5217 mercc-

473 5251 633 5316 dcm;
668 5253 926 5320 promissa
967 5267 1120 5308 sume
1143 5295 1159 5320 ,
1187 5262 1241 5307 et
1271 5253 1384 5325 jam
1421 5268 1684 5324 cognosce
1713 5263 1910 5308 terram
1933 5267 2054 5308 om-

475 5360 596 5398 nem
620 5344 773 5414 cujus
793 5345 1041 5399 dominus
1067 5361 1147 5414 es,
1173 5354 1230 5401 et
1255 5361 1415 5416 quam
1442 5361 1548 5400 non
1578 5345 1746 5401 multo
1772 5354 1892 5414 post
1918 5353 1972 5400 et
1996 5355 2054 5400 tu

476 5434 607 5500 ipse,
639 5443 694 5488 et
719 5449 903 5488 semen
932 5444 1078 5490 tuum
1105 5436 1155 5490 in
1194 5445 1454 5491 aeternum
1482 5435 1842 5506 possidebitis.
1875 5434 1944 5489 Et
1971 5452 2053 5490 se-

455 5526 597 5577 mini
617 5535 726 5591 tuo,
751 5525 941 5595 inquit,
976 5543 1130 5597 usque
1151 5528 1204 5580 in
1225 5529 1486 5581 saeculum.
1511 5526 1697 5596 Magna
1721 5526 1916 5581 divina:
1939 5541 2057 5596 pro-

476 5615 742 5670 missionis
772 5616 1100 5686 magnitudo,
1131 5632 1321 5688 magna
1351 5618 1522 5672 nostri
1551 5616 1788 5671 omnium
1821 5616 2051 5681 Domini,

473 5717 631 5777 atque
659 5707 912 5762 immensa
939 5708 1246 5776 liberalitas,
1278 5723 1468 5778 ntagna
1495 5707 1760 5763 mercedis
1791 5715 2053 5776 praestan-

476 5796 568 5859 tia,
593 5810 755 5865 quam
781 5796 875 5850 dat
899 5797 1204 5854 misericors
1231 5808 1286 5852 et
1312 5796 1756 5852 clementissimus
1797 5795 2055 5852 Dominus

471 5886 628 5942 hcttto
654 5887 749 5955 illi,
773 5899 825 5944 et
849 5903 914 5945 ex
943 5889 1035 5945 illo
1060 5893 1331 5947 nascituro
1359 5889 1571 5946 semini.
1616 5887 1685 5946 Ut
1711 5887 1824 5943 hare
1850 5886 2054 5944 audivit

1597 475 1659 532 IN
1697 476 1848 533 CAP.
1881 475 2019 532 Xlll.
2061 475 2304 532 GENES.
2351 477 2577 534 HOMIL.
2623 478 2858 539 λχχιν.

3682 489 3785 544 318

2200 591 2534 658 patriarcha,
2563 591 2631 648 de
2657 593 2907 650 ineffabili
2945 596 3183 654 bonitate
3229 599 3322 656 Dei
3362 601 3780 670 obstupefactus,

2199 680 2285 735 i8.
2320 680 2474 736 Motis
2495 684 2852 749 tabernaculis,
2895 686 3082 756 inquit,
3108 692 3261 757 venit,
3287 701 3334 744 et
3364 692 3605 746 habitavit
3625 693 3784 761 juxta

2194 789 2431 843 quercum
2456 774 2687 832 Humbre
2708 818 2724 842 ,
2762 794 2876 848 qua:
2898 790 2970 833 est
2989 781 3042 834 in
3068 782 3318 840 Chebron.
3348 784 3637 856 Postquam
3655 827 3671 850 ,
3701 787 3784 842 in-

2193 866 2328 934 quit,
2374 867 2581 938 accepit
2611 870 3042 938 promissionem,
3064 883 3120 928 et
3141 879 3406 945 separavit
3427 892 3485 933 se
3513 877 3630 944 Lat,
3657 889 3783 934 tunc

2199 957 2470 1011 transtulit
2516 959 2918 1016 tabernaculum
2938 977 3091 1018 suum
3113 965 3180 1018 ad
3219 982 3474 1035 quercum
3520 969 3778 1027 Mambrc.

2203 1044 2333 1101 Vide
2357 1047 2779 1120 philosophicam
2813 1063 3071 1122 mentem,
3102 1056 3226 1112 vide
3239 1058 3456 1128 spiritus
3478 1061 3778 1117 sublimita-

2195 1145 2320 1203 tem,
2353 1139 2622 1209 quomodo
2647 1142 2801 1199 facile
2826 1144 2951 1200 inde
2976 1147 3191 1217 migrat,
3216 1164 3316 1204 nec
3343 1163 3592 1221 gravatur
3613 1153 3680 1208 de
3707 1153 3781 1209 lo-

2190 1228 2268 1282 cis
2299 1229 2352 1283 in
2395 1230 2512 1286 loca
2555 1233 2802 1290 transire.
2844 1235 3090 1293 invenies
3122 1240 3267 1294 enim
3306 1256 3430 1294 eum
3469 1243 3614 1297 nulla
3649 1259 3783 1299 con-

2190 1319 2473 1376 suetudine
2518 1332 2850 1392 praeventum
2875 1335 2928 1382 et
2951 1327 3272 1398 alligatum:
3315 1331 3367 1385 id
3409 1333 3550 1404 quod
3592 1335 3778 1393 multis

2189 1409 2388 1476 evenit,
2419 1413 2582 1467 etiam
2610 1413 2675 1469 iis
2700 1415 2788 1485 qui
2819 1431 2879 1472 se
2899 1416 3265 1489 philosophos,
3297 1429 3351 1476 et
3368 1437 3400 1477 e
3424 1423 3616 1480 mediis
3639 1426 3778 1482 libe-

2189 1509 2333 1554 ratos
2355 1503 2664 1559 tumultibus
2682 1506 2884 1575 jactant
2909 1525 2925 1562 :
2965 1517 3021 1564 et
3043 1510 3088 1564 si
3117 1511 3330 1580 quando
3357 1520 3568 1583 tempus
3594 1527 3774 1586 vocet,

2187 1591 2478 1659 spiritualis
2502 1610 2644 1666 saepe
2664 1599 2859 1668 negotii
2881 1601 3070 1670 gratia,
3105 1613 3162 1657 ut
3182 1603 3236 1657 in
3255 1604 3420 1659 alium
3445 1605 3622 1662 locum
3644 1624 3776 1665 con-

2187 1682 2380 1738 cedant
2404 1725 2418 1751 ,
2449 1701 2820 1756 saepenumero
2849 1693 3048 1746 morosi
3075 1704 3220 1759 sunt,
3258 1695 3468 1764 tristes,
3494 1707 3547 1752 et
3574 1700 3775 1769 migra-

2187 1775 2388 1831 tionem
2425 1793 2566 1848 tegre
2609 1779 2875 1849 ferentes,
2919 1799 2985 1838 eo
3025 1784 3167 1854 quod
3208 1789 3595 1845 consuetudine
3634 1806 3776 1861 pra:-

2184 1868 2430 1937 occupati
2457 1870 2589 1925 sint.
2635 1871 2832 1927 Verum
2865 1889 2970 1929 non
3009 1875 3080 1929 ita
3123 1876 3338 1945 justus,
3381 1879 3475 1933 sed
3512 1879 3624 1950 jam
3662 1891 3772 1938 tum

2185 1954 2564 2028 philosophum
2602 1962 2792 2031 agebat
2820 1981 2833 2017 :
2863 1973 2920 2019 et
2953 1965 3102 2034 quasi
3130 1967 3440 2036 peregrinus
3459 1978 3513 2023 et
3537 1969 3730 2040 httSpes
3753 2013 3770 2037 ,

2184 2047 2256 2102 ita
2281 2065 2422 2104 nunc
2448 2050 2573 2107 hinc
2601 2052 2748 2120 illuc,
2778 2070 2920 2110 nunc
2943 2057 3087 2111 illinc
3115 2057 3218 2112 huc
3248 2061 3653 2130 transmigrabat
3673 2103 3689 2128 ,
3715 2076 3773 2120 et

2186 2155 2280 2208 per
2307 2142 2489 2197 omnia
2525 2143 2832 2212 religiosam
2870 2161 3024 2201 suam
3069 2157 3301 2203 mentem
3341 2152 3592 2220 operibus
3643 2155 3772 2223 ipsis

2182 2228 2457 2287 declarare
2481 2233 2747 2288 studebat.
2766 2234 2899 2290 Nam
2922 2245 3202 2307 postquam
3226 2239 3627 2298 tabernaculum
3655 2244 3772 2300 fixit

2181 2321 2320 2390 apud
2365 2338 2624 2392 quercum
2661 2325 2928 2394 Mambre,
2972 2329 3151 2383 statim
3182 2329 3253 2384 ibi
3301 2334 3563 2388 exstruxit
3602 2335 3770 2392 altare

2181 2411 2428 2467 Domino.
2454 2413 2644 2470 Vidisti
2673 2427 2907 2472 mentem
2927 2421 3172 2488 gratam?
3196 2421 3327 2488 Quia
3355 2439 3479 2478 mox
3514 2436 3569 2479 ut
3595 2427 3771 2482 taber-

2182 2502 2430 2558 naculum
2459 2503 2594 2570 fixit,
2631 2507 2808 2561 statim
2842 2522 2937 2576 pro
2965 2506 3102 2563 facta
3137 2511 3238 2565 sibi
3267 2514 3618 2582 promissione
3643 2533 3770 2586 gra-

2183 2594 2376 2650 tiarum
2405 2597 2648 2654 actiones
2668 2598 2863 2654 obtulit
2894 2599 3142 2656 Domino.
3185 2602 3251 2656 Et
3291 2604 3344 2658 in
3388 2605 3608 2676 singulis
3635 2608 3766 2666 locis

2181 2686 2268 2740 ubi
2300 2686 2702 2744 tabernaculum
2729 2689 2866 2753 fixit,
2900 2691 3139 2747 invenies
3171 2693 3273 2748 hoc
3304 2710 3412 2764 prie
3440 2696 3687 2752 omnibus
3715 2699 3766 2754 ei

2179 2778 2342 2834 fuisse
2368 2793 2510 2835 cura:
2535 2819 2550 2846 ,
2599 2789 2657 2836 ut
2689 2791 2962 2838 exstructo
2999 2785 3154 2839 altari
3196 2801 3382 2854 preces
3420 2787 3638 2845 offerret
3661 2833 3674 2855 ,
3712 2802 3768 2848 et

2169 2870 2418 2941 Apostoli
2451 2879 2779 2941 praeceptum
2823 2873 3100 2941 impleret,
3143 2875 3378 2944 jubentis
3424 2887 3476 2932 ut
3524 2880 3577 2933 in
3618 2884 3764 2938 omni

2175 2959 2294 3014 loco
2318 2969 2520 3026 oretur,
2543 2972 2596 3017 et
2624 2963 2901 3019 eleventur
2919 2976 3117 3020 sanctae
3142 2983 3331 3022 manus
3350 2970 3395 3038 (l
3410 3011 3422 3022 .
3444 2969 3577 3025 Tim.
3604 2972 3655 3026 2.
3680 2975 3760 3046 8).

2173 3049 2362 3105 Vidisti
2383 3052 2615 3107 animam
2645 3053 2824 3108 divino
2849 3072 3034 3111 amore
3060 3071 3394 3128 succensam,
3423 3071 3476 3116 et
3497 3063 3565 3117 ad
3593 3064 3759 3119 Deum

2172 3142 2440 3199 Volantem
2465 3185 2480 3211 ,
2530 3161 2731 3216 proque
2769 3149 3017 3204 omnibus
3062 3150 3260 3220 gratias
3303 3155 3594 3224 agentem?
3641 3157 3758 3214 Non

2171 3237 2316 3291 enim
2335 3240 2665 3307 exspectavit
2707 3239 2879 3295 donec
2919 3243 3178 3311 promissa
3204 3245 3632 3314 complerentur;
3663 3251 3758 3305 scd

2169 3327 2315 3383 etde
2340 3330 2694 3398 promissione
2726 3333 2924 3402 gratias
2950 3334 3088 3404 agit,
3123 3334 3362 3407 nihilque
3394 3352 3498 3393 non
3527 3338 3673 3409 facit,
3702 3349 3760 3396 ut

2169 3419 2236 3474 de
2261 3420 2473 3490 prteviis
2511 3420 2699 3491 dignas
2737 3423 2933 3492 gratias
2978 3439 3088 3493 pra:
3127 3439 3185 3481 se
3231 3429 3437 3494 ferens,
3473 3429 3756 3486 Dominum

2169 3525 2324 3566 suum
2350 3521 2604 3581 provocet
2627 3513 2693 3567 ad
2721 3513 3103 3583 promissiones
3125 3531 3249 3572 suas
3275 3518 3590 3588 implendas.

2239 3604 2293 3658 5.
2326 3602 2541 3658 Moralis
2561 3605 2839 3660 exhortatio
2865 3606 2934 3659 ad
2961 3609 3294 3662 constantiam
3321 3610 3375 3664 in
3400 3612 3754 3678 ﬁde—Illum

2168 3710 2298 3751 sane
2325 3705 2380 3751 et
2399 3710 2496 3751 nos
2521 3697 2811 3764 imitemur,
2843 3707 2896 3752 et
2921 3700 3360 3768 promissiouibus
3397 3701 3590 3758 divinis
3625 3705 3750 3758 fida.

2169 3803 2319 3854 mus;
2350 3803 2520 3858 neque
2544 3788 2790 3843 alacritas
2811 3798 3053 3860 tempore
3073 3791 3392 3859 obsolescat,
3415 3808 3589 3865 neque
3605 3811 3756 3850 mens

2168 3879 2443 3933 remissior
2469 3879 2563 3934 ﬁat
2584 3895 2652 3935 ex
2690 3880 2932 3936 obicibus
2960 3883 3050 3952 qui
3081 3883 3480 3938 interveniunt:
3511 3886 3605 3941 sed
3645 3888 3752 3942 viro

2169 3970 2265 4022 tuti
2295 3969 2489 4025 divinae
2509 3970 2754 4038 fidentes,
2782 3972 2932 4041 quasi
2953 3975 3065 4041 jam
3094 3981 3218 4027 ante
3244 3975 3428 4029 oculos
3453 3975 3754 4033 videremus

2167 4062 2550 4130 promissiones
2597 4063 2822 4132 impleri,
2875 4063 2947 4117 ita
2993 4079 3178 4133 puram
3223 4075 3276 4119 et
3303 4065 3568 4122 sinceram
3595 4069 3752 4124 fidem

2166 4153 2531 4209 exhibeamus.
2559 4155 2745 4225 Magna
2773 4156 2914 4211 enim
2944 4165 3000 4211 et
3039 4157 3298 4212 immensa
3325 4160 3569 4228 promisit
3597 4162 3752 4218 nobis

2167 4245 2464 4312 Dominus,
2506 4256 2560 4302 et
2603 4262 2724 4316 quae
2771 4256 3006 4303 nostram
3047 4251 3429 4304 transcendunt
3466 4252 3748 4320 rationem,

2166 4352 2357 4407 nempe
2386 4353 2485 4393 nos
2515 4339 2800 4410 participes
2826 4340 2975 4411 regni
3004 4341 3113 4394 fore
3133 4383 3148 4408 ,
3195 4350 3251 4397 et
3277 4341 3621 4398 ineli'abilium
3657 4345 3752 4400 bo-

2165 4445 2353 4486 norum
2375 4442 2672 4496 consortes,
2700 4447 2820 4488 cum
2851 4434 3053 4504 angelis
3078 4443 3402 4498 versaturos,
3430 4444 3487 4490 et
3519 4436 3750 4492 liberau-

2163 4521 2262 4578 dos
2283 4538 2313 4577 a
2335 4524 2596 4594 gehenna.
2648 4523 2912 4580 Craterum
2939 4540 3112 4595 neque
3133 4525 3437 4580 diffidamus
3461 4525 3583 4582 ideo
3607 4529 3749 4598 quod

2163 4628 2226 4668 ea
2257 4629 2364 4668 non
2385 4613 2631 4672 videntur
2665 4615 3033 4686 corporalibus
3073 4616 3275 4682 oculis;
3324 4615 3418 4672 sed
3457 4619 3750 4689 cogitantes

2165 4704 2379 4760 mentiri
2409 4720 2516 4761 non
2543 4719 2700 4776 posse
2725 4722 2846 4760 eum
2876 4706 2966 4777 qui
2998 4707 3259 4777 promisit,
3284 4716 3338 4762 et
3362 4707 3527 4776 ipsius
3561 4719 3760 4778 poten-

2163 4798 2250 4850 tiae
2295 4797 2710 4865 magnitudinem
2762 4798 3194 4861 considerantes,
3245 4797 3359 4852 haec
3412 4798 3582 4852 oculis
3623 4799 3748 4856 fidei

2164 4895 2535 4952 contueamur,
2565 4895 2618 4941 et
2646 4901 2712 4940 ex
2743 4887 2806 4940 iis
2834 4901 2952 4955 quae
2968 4887 3076 4954 jam
3104 4901 3356 4942 concessa
3386 4897 3546 4954 sunt,
3585 4893 3746 4946 etiam

2162 4975 2230 5029 de
2260 4975 2450 5030 futuris
2478 4977 2669 5031 bonam
2694 4991 2843 5046 spem
2873 4975 3163 5031 habeamus
3195 4995 3209 5031 :
3239 4991 3302 5031 ea
3329 4979 3471 5032 enim
3500 4979 3568 5034 de
3586 4995 3746 5036 causa

2162 5075 2218 5121 et
2239 5065 2324 5121 hic
2340 5067 2504 5120 multa
2535 5065 2688 5120 nobis
2714 5065 2908 5121 donata
2932 5077 3092 5133 sunt,
3131 5077 3186 5120 ut
3214 5081 3279 5122 ex
3309 5068 3372 5121 iis
3395 5068 3711 5139 adjuvemur
3731 5113 3747 5138 ,

2163 5171 2430 5227 manuque
2459 5156 2736 5224 ducamur,
2751 5165 2809 5212 ut
2828 5157 2895 5212 de
2923 5157 3027 5212 illis
3052 5173 3262 5228 quoque
3284 5158 3418 5214 bene
3445 5175 3745 5229 speremus.

2163 5248 2293 5304 Nam
2329 5252 2418 5318 qui
2450 5249 2639 5304 Filium
2669 5264 2822 5305 suum
2856 5249 3071 5304 tradidit
3104 5259 3319 5320 propter
3362 5265 3514 5308 suam
3558 5253 3612 5308 in
3649 5271 3748 5312 nos

2163 5341 2460 5407 caritatem,
2484 5341 2750 5412 quomodo
2780 5356 2887 5395 non
2915 5341 3092 5395 omnia
3119 5341 3272 5396 nobis
3294 5342 3496 5412 reliqua
3529 5342 3744 5414 largita.

2163 5447 2256 5487 rus
2284 5433 2404 5488 est?
2442 5433 2588 5489 Sicut
2633 5441 2689 5488 et
2732 5432 2924 5488 Paulus
2955 5433 3123 5502 inquit
3164 5447 3178 5484 :
3229 5431 3329 5497 Qui
3371 5434 3577 5504 proprio
3611 5434 3749 5490 Filio

2161 5539 2254 5577 suo
2275 5540 2374 5577 non
2405 5524 2623 5594 pepercit
2649 5567 2662 5590 ,
2687 5523 2775 5578 sed
2798 5540 2890 5594 pro
2919 5523 3060 5578 nobis
3085 5524 3311 5579 omnibus
3337 5524 3546 5580 tradidit
3575 5526 3744 5592 illum,

2161 5616 2411 5680 quomodo
2438 5631 2539 5668 non
2562 5624 2608 5668 et
2633 5615 2803 5668 omnia
2828 5616 2970 5669 nobis
2994 5631 3108 5670 cum
3133 5615 3223 5671 illo
3247 5616 3454 5672 donabit
3483 5618 3656 5689 (Rom.
3688 5618 3744 5674 8.

2163 5703 2295 5773 ‘52)?
2323 5703 2379 5759 Si
2407 5705 2597 5760 Filium
2621 5719 2774 5760 suum
2801 5705 3019 5761 tradidit
3043 5721 3141 5777 pro
3171 5707 3325 5762 nobis
3355 5708 3742 5779 peccatoribus,

2163 5794 2210 5849 si
2235 5794 2566 5864 baptismatis
2587 5794 2783 5850 donum
2807 5796 3024 5866 largitus
3059 5804 3162 5863 est,
3189 5798 3233 5852 si
3274 5799 3508 5867 priorum
3551 5811 3742 5866 peccat-

2167 5899 2342 5944 torum
2370 5886 2735 5944 remissionem
2756 5885 2956 5954 tribuit,
2982 5887 3026 5943 si
3058 5887 3386 5958 paenitentiae
3425 5886 3560 5942 viam
3586 5883 3742 5939 nobis
