4060 6422
354 449 459 506 319

353 562 584 632 aperuit,
610 558 653 612 si
674 557 946 610 innumera
967 550 1070 604 alia
1097 544 1162 601 ad
1185 546 1410 601 salutem
1432 551 1667 598 nostram
1696 546 1945 632 operatus

356 628 459 710 est.
490 647 826 705 manifestum
850 649 931 697 cst
955 655 1077 695 eum
1102 648 1157 693 et
1187 637 1361 691 futura
1390 634 1526 688 bona
1544 632 1700 686 nobis
1715 628 1944 698 reposita

358 714 724 812 prmbiturum.
759 732 889 788 Nam
916 729 1005 800 qui
1033 735 1251 798 propter
1270 739 1420 780 suam
1452 722 1763 787 bonitatem,
1793 725 1945 812 ante.

361 806 519 904 quam
564 842 686 883 esse
730 826 1107 893 inciperemus,
1153 818 1268 872 hsce
1298 812 1634 904 prmparavit,
1667 806 1948 904 quomodo

358 900 463 978 non
513 930 567 975 et
612 918 712 972 frui
742 912 1041 971 concedet?
1070 908 1223 977 Quod
1263 916 1442 961 autem
1490 903 1639 973 prius
1666 901 1783 955 haec
1810 900 1947 954 bona

361 1014 515 1067 nobis
544 1007 928 1079 praeparaverit
952 1045 966 1069 ,
1001 1000 1122 1056 audi
1150 997 1275 1069 quid
1301 995 1445 1051 dicat
1468 991 1730 1048 sumtibus
1757 998 1787 1044 a
1816 989 1949 1043 dex-

361 1107 457 1161 tris
489 1123 501 1158 :
531 1103 727 1169 Venite,
750 1096 993 1154 benedicti
1044 1091 1217 1146 Patris
1252 1088 1348 1143 mei
1373 1130 1387 1155 ,
1432 1084 1706 1140 hereditate
1741 1080 1954 1150 accipite

362 1212 573 1267 regnum
596 1201 830 1265 paratum
848 1188 983 1243 vobis
994 1193 1109 1240 ante
1125 1181 1527 1238 constitutionem
1546 1173 1724 1230 mundi
1736 1170 1948 1242 (Matth.

362 1288 600 1356 25.1â€œ).
649 1282 836 1337 Vidisti
890 1277 1140 1334 bonitatis
1183 1270 1577 1336 excellentiam,
1598 1273 1797 1338 quanta
1818 1277 1952 1356 erga

362 1353 601 1433 nostrum
632 1386 799 1445 genus
830 1369 1153 1441 benignitate
1178 1378 1305 1419 usus
1332 1361 1423 1425 sit,
1450 1368 1511 1415 ut
1554 1364 1611 1414 et
1649 1366 1775 1412 ante
1810 1353 1953 1425 jacta

366 1467 703 1523 fundamenta
745 1461 930 1519 mundi
978 1459 1131 1515 nobis
1176 1454 1326 1527 regni
1366 1453 1617 1509 eaalorum
1649 1446 1954 1503 fruitionem

362 1571 665 1629 praeparare
697 1554 943 1623 dignatus
972 1548 1078 1606 sit?
1109 1548 1269 1618 Igitur
1295 1560 1363 1600 ne
1404 1543 1574 1599 simus
1604 1538 1794 1609 ingrati
1815 1578 1831 1603 ,
1861 1535 1958 1591 ob-

367 1659 738 1716 scero,ueque
754 1642 998 1712 indignos
1019 1640 1212 1695 talibus
1228 1651 1327 1692 nos
1355 1633 1511 1689 donis
1535 1631 1954 1687 constituamus:

365 1739 461 1796 sed
481 1738 786 1807 diligamus,
816 1745 875 1789 ut
897 1733 1072 1799 decet,
1104 1730 1385 1784 Dominum
1415 1733 1654 1781 nostrqu
1672 1763 1688 1789 ,
1722 1720 1958 1790 nihilque

366 1830 625 1885 faciamus
650 1826 788 1897 quod
815 1826 932 1894 ejus
958 1836 1082 1892 erga
1105 1834 1203 1875 nos
1224 1816 1651 1873 benevolentiam
1681 1810 1957 1881 impediat.

370 1922 510 1977 Num
539 1919 680 1974 enim
712 1930 807 1972 nos
838 1915 1044 1986 priores
1076 1926 1188 1966 rem
1217 1910 1358 1963 illam
1386 1905 1685 1976 capimus?
1715 1903 1826 1958 hno
1848 1902 1961 1971 ipse

371 2015 519 2085 prior
562 2024 804 2080 magnam
835 2018 889 2061 et
935 2002 1342 2060 incnarrabilcm
1372 2000 1646 2055 caritatem
1694 2010 1819 2066 erga
1862 2006 1961 2085 nos

371 2084 681 2158 declaravit.
730 2097 1009 2166 Quomodo
1035 2096 1192 2166 igitur
1222 2108 1326 2148 non
1373 2089 1662 2147 absurdum
1694 2086 1870 2151 fuerit,
1916 2084 1961 2139 si

379 2209 505 2249 eum
546 2193 634 2261 qui
681 2206 780 2244 nos
806 2191 880 2243 sie.
906 2187 1092 2243 dilexit
1138 2200 1242 2239 non
1288 2183 1569 2252 diligamus
1610 2179 1734 2234 totis
1762 2175 1963 2232 viribus

378 2282 617 2340 nostris?
649 2280 764 2350 lpse
793 2289 1010 2350 propter
1034 2293 1182 2331 suam
1208 2290 1332 2345 erga
1364 2288 1464 2328 nos
1491 2273 1763 2327 caritatem
1786 2269 1965 2323 omnia

374 2388 497 2426 cum
524 2372 793 2440 voluptate
833 2368 1085 2425 sustinuit
1109 2384 1121 2420 :
1160 2376 1214 2419 ct
1243 2381 1306 2419 ex
1337 2364 1450 2432 ipso
1477 2372 1698 2432 paterno
1722 2361 1842 2415 sinu
1871 2374 1965 2413 ex-

373 2464 581 2527 siliens,
611 2472 667 2516 ut
698 2463 765 2515 ita
795 2461 990 2527 dicam,
1037 2459 1175 2513 servi
1218 2458 1439 2511 formam
1481 2468 1753 2509 assumere
1780 2453 1962 2517 voluit,

376 2569 474 2625 per
504 2554 731 2607 humana
755 2551 929 2605 niunia
960 2549 1185 2604 transire
1212 2591 1225 2614 ,
1258 2558 1310 2603 ct
1339 2546 1479 2601 ferre
1502 2563 1529 2601 a
1558 2545 1755 2601 .ludreis
1775 2554 1965 2600 contu-

377 2648 564 2703 melias
595 2644 974 2713 ctopprobria,
1006 2642 1237 2711 denique
1273 2649 1329 2695 et
1367 2654 1601 2702 crucem,
1638 2653 1698 2692 ac
1734 2647 1963 2691 mortem

378 2736 969 2808 ignominiosissiinam,
1004 2744 1061 2789 ut
1085 2748 1183 2788 nos
1213 2733 1302 2802 qui
1343 2730 1488 2785 humi
1520 2730 1887 2794 trahebamur,
1914 2739 1969 2783 et

377 2831 599 2886 infinitis
624 2836 961 2899 peccatorum
989 2825 1211 2881 sarcinis
1237 2824 1477 2895 oppressi
1507 2838 1741 2888 eramus,
1786 2831 1966 2875 nostra

378 2925 432 2978 in
458 2938 518 2977 sc
545 2922 648 2975 fide
668 2920 865 2975 liberos
890 2918 1108 2973 faceret.
1144 2916 1267 2971 lltre
1297 2917 1437 2970 enim
1464 2914 1638 2968 omnia
1672 2921 1852 2967 mente
1880 2926 1965 2965 re.

378 3011 618 3081 cogitans
644 3010 829 3064 beatus
871 3007 1064 3062 Paulus
1090 3048 1102 3070 ,
1136 3005 1369 3061 fervidus
1394 3004 1592 3060 Christi
1627 3011 1833 3057 amator
1855 3042 1872 3068 ,
1917 3012 1970 3055 et

379 3101 530 3172 quasi
545 3102 714 3155 alatus
730 3101 1036 3154 universum
1058 3099 1241 3153 orbem
1256 3095 1660 3167 peragrans,qui
1678 3095 1728 3148 in
1746 3108 1974 3165 corpore

380 3213 498 3264 qua:
518 3195 947 3261 incorporearum
967 3200 1271 3246 naturarum
1297 3189 1506 3259 propria
1527 3196 1652 3244 sunt
1667 3187 1839 3243 facere
1854 3196 1973 3241 Stu-

379 3284 561 3349 debat,
585 3284 847 3338 clamabat
866 3282 1078 3336 dicens:
1097 3280 1298 3337 Caritas
1323 3282 1455 3334 enim
1476 3279 1662 3335 Christi
1678 3279 1863 3334 detinet
1880 3294 1973 3333 nos

384 3376 460 3448 (2.
487 3376 603 3430 Cor.
625 3376 676 3429 5.
702 3375 813 3445 li).
840 3373 971 3429 Vide
986 3372 1327 3444 probitatem,
1350 3370 1470 3426 vide
1479 3370 1688 3427 virtutis
1703 3370 1971 3425 excellen-

384 3471 509 3523 tiam
520 3468 659 3534 ,vide
675 3467 963 3523 ferventem
978 3482 1237 3521 aruorem.
1253 3464 1451 3520 Caritas
1466 3462 1651 3519 Christi
1665 3462 1847 3517 detinet
1859 3477 1972 3517 nos:

384 3560 486 3614 hoc
498 3569 601 3625 est,
622 3559 912 3628 compellit,
936 3557 1099 3628 cogit,
1120 3557 1372 3612 concitat.
1392 3555 1590 3611 Deinde
1606 3555 1788 3609 volens
1809 3554 1975 3609 inter-

391 3651 587 3722 pretari
614 3649 754 3719 quod
778 3665 804 3701 a
828 3665 887 3703 se
912 3648 1112 3703 dictum
1143 3657 1281 3715 erat,
1302 3647 1509 3717 inquit:
1535 3645 1835 3700 Judicantes
1856 3645 1969 3709 hoc,

387 3740 626 3810 quoniam
660 3740 705 3793 si
734 3755 866 3792 unus
894 3753 985 3808 pro
1015 3737 1246 3791 erunibus
1270 3745 1499 3791 mortuus
1512 3746 1583 3791 est
1602 3775 1617 3801 ,
1652 3752 1770 3809 ergo
1805 3751 1975 3790 omnes

386 3830 568 3885 mortui
594 3839 730 3884 sunt.
767 3828 835 3883 Et
870 3843 960 3899 pro
990 3827 1219 3882 omnibus
1246 3836 1471 3883 mortuus
1499 3836 1594 3892 est,
1614 3835 1669 3880 ut
1689 3837 1734 3880 et
1764 3828 1975 3880 viventes

386 3922 596 3993 posthac
611 3937 711 3975 non
728 3921 821 3975 sibi
826 3920 947 3987 ipsis
968 3920 1131 3974 vivant
1148 3959 1164 3986 ,
1186 3919 1276 3974 sed
1289 3918 1367 3974 illi
1377 3919 1462 3988 qui
1477 3933 1568 3988 pro
1584 3918 1655 3972 eis
1667 3929 1893 3972 mortuus
1903 3926 1975 3970 est

384 4025 431 4069 et
469 4015 740 4070 resurrexit
762 4013 920 4086 (Ibid.
946 4029 993 4068 Ï….
1019 4012 1129 4084 l5).
1183 4009 1656 4081 Vidistiquomodo
1676 4012 1797 4080 jure
1819 4009 1971 4074 dixit,

384 4105 583 4160 Detinet
606 4122 696 4159 nos
722 4106 909 4160 caritas
934 4103 1159 4160 Christi?
1185 4103 1242 4160 Si
1272 4104 1414 4159 enim
1452 4119 1548 4173 pro
1581 4102 1754 4165 nobis,
1782 4101 1973 4172 inquit,

384 4198 630 4253 erunibus
656 4207 898 4253 mortuus
918 4206 1019 4265 est,
1049 4206 1266 4266 propter
1286 4195 1385 4250 hoc
1401 4206 1642 4250 mortuus
1657 4204 1761 4261 est,
1789 4201 1846 4249 ut
1876 4207 1974 4249 nos

388 4290 627 4344 viventes
656 4288 878 4359 posthac
903 4303 1007 4343 non
1035 4289 1188 4343 nobis
1214 4288 1343 4357 ipsis
1368 4288 1610 4342 vivamus
1629 4327 1645 4353 ,
1674 4285 1768 4342 sed
1806 4286 1854 4342 ci
1884 4285 1974 4356 qui

389 4396 488 4451 pro
513 4381 668 4435 nobis
693 4388 937 4435 mortuus
979 4388 1060 4434 est
1088 4387 1142 4433 ct
1168 4379 1473 4434 resurrexit.
1525 4378 1862 4448 Aeeipiamus
1888 4378 1977 4449 igi-

395 4480 481 4523 tur
526 4469 871 4539 apostolicam
915 4468 1374 4535 admonitionem,
1403 4477 1460 4524 et
1506 4484 1612 4524 non
1651 4468 1806 4523 nobis
1848 4470 1975 4537 ipsis

389 4562 651 4628 vivamus,
683 4560 776 4615 sed
801 4561 848 4616 ei
877 4560 968 4631 qui
997 4575 1092 4631 pro
1116 4561 1270 4614 nobis
1289 4570 1528 4615 mortuus
1551 4569 1632 4615 cst
1651 4571 1705 4614 et
1731 4575 1973 4615 resurre-

393 4654 489 4708 xit.
515 4654 581 4708 Et
601 4652 891 4723 quomodo,
914 4651 1051 4707 dicet
1074 4650 1358 4721 quispiam,
1390 4649 1677 4720 poterimus
1697 4664 1802 4705 non
1823 4649 1976 4704 nobis

392 4749 521 4818 ipsis
544 4745 761 4802 vivere?
792 4746 924 4800 Audi
953 4746 1168 4801 beatqu
1216 4743 1389 4798 virum
1432 4744 1623 4799 iterum
1659 4743 1925 4798 dicentem
1959 4762 1972 4796 :

398 4838 523 4894 Viuo
548 4849 715 4893 autem
754 4853 853 4892 non
887 4837 1002 4906 jam
1032 4851 1168 4908 ego:
1205 4834 1324 4890 vivit
1346 4844 1516 4889 autem
1543 4834 1596 4889 in
1624 4850 1705 4888 me
1744 4833 1976 4889 Christus

390 4931 590 4999 (Galat.
616 4931 671 4984 2.
702 4930 819 5001 2:0).
847 4928 978 4984 Vide
1003 4928 1271 4999 quomodo
1296 4941 1458 4999 super
1484 4935 1682 4983 terram
1698 4927 1976 4984 ambulans

396 5031 450 5077 et
468 5037 629 5077 carne
651 5020 1027 5087 circmudatus,
1047 5019 1196 5089 quasi
1216 5019 1405 5075 caelum
1428 5019 1729 5075 inhabitans
1754 5026 1811 5075 et
1838 5018 1978 5073 inter

392 5116 734 5185 incorporeas
756 5115 979 5169 virtutes
1010 5127 1231 5167 versans
1262 5111 1541 5167 afficiatur.
1585 5112 1815 5168 Proinde
1852 5112 1974 5167 alibi

390 5206 584 5262 iterum
618 5206 865 5261 dicebat:
902 5204 1001 5270 Qui
1017 5213 1181 5258 autem
1206 5202 1392 5259 Christi
1431 5214 1578 5271 sunt,
1605 5220 1805 5259 carnem
1829 5220 1975 5259 suam

396 5300 754 5368 cruci/imarum
785 5313 900 5351 cum
921 5294 1270 5365 affectionibus
1299 5305 1346 5350 et
1387 5296 1801 5367 concupiscentiis
1824 5294 1973 5367 (Gal.

391 5388 447 5442 5.
476 5389 592 5459 24).
626 5388 736 5445 lloe
762 5389 917 5458 igitur
943 5397 1152 5443 estnon
1186 5386 1421 5457 sibiipsis
1464 5388 1662 5453 vivere,
1686 5387 1779 5465 sed
1808 5389 1859 5443 ei
1884 5388 1974 5458 qui

395 5493 494 5549 pro
536 5477 691 5532 nobis
719 5488 963 5534 mortuus
995 5487 1079 5533 est
1105 5486 1159 5533 et
1183 5477 1478 5533 resurrexit
1521 5494 1535 5531 :
1583 5476 1795 5547 quando
1824 5477 1975 5548 quasi

394 5566 589 5622 mortui
614 5552 799 5622 sumus
828 5568 1076 5637 praesenti
1102 5568 1247 5634 vitae,
1278 5575 1334 5623 et
1359 5566 1488 5622 nihil
1518 5581 1704 5624 eorum
1729 5583 1851 5639 qua:
1894 5568 1975 5625 vi-

378 5659 590 5716 dentur
618 5697 633 5723 ,
685 5658 1021 5728 suspicimus.
1074 5658 1207 5715 Nam
1243 5658 1445 5714 idcirco
1491 5658 1749 5714 Dominus
1792 5668 1977 5715 noster

393 5750 678 5806 crucifixus
703 5759 808 5814 est,
839 5757 899 5803 ut
936 5748 1073 5805 hanc
1101 5751 1263 5806 vitam
1289 5763 1388 5820 pro
1412 5748 1502 5805 illa
1547 5760 1973 5817 commutemus;

399 5841 506 5894 imo
529 5856 624 5911 per
644 5838 784 5895 hanc
813 5838 958 5895 illam
989 5840 1140 5897 nobis
1178 5841 1529 5913 negotiemur.
1559 5842 1805 5900 Prasens
1829 5844 1972 5900 enim

1060 434 1116 491 S.
1159 430 1436 489 JOANNiS
1473 423 1948 484 CHllYSOSTOMl
1988 420 2304 478 ARCHIEP.
2343 417 2880 479 CONSTANTINOP.

3531 420 3636 478 suo

2057 534 2180 600 vita,
2215 535 2262 589 si
2294 533 2542 590 volumus
2569 546 2688 589 esse
2714 531 2876 588 sobrii
2907 540 2961 586 et
2986 529 3171 602 vigiles
3194 573 3209 598 ,
3255 529 3398 585 ducit
3446 546 3545 586 nos
3571 534 3635 587 sd

2055 625 2359 680 fruitionem
2386 625 2509 680 vita:
2538 633 2755 680 aeterna:
2786 640 2800 677 :
2833 632 2997 693 atque
3021 623 3333 693 poterimus,
3350 638 3397 679 st
3429 638 3638 692 parum-

2056 732 2154 785 per
2182 715 2510 770 voluerimus
2553 714 2773 784 vigilare
2819 722 2874 769 et
2909 712 3119 783 aperire
3158 714 3354 768 mentis
3388 715 3637 780 oculum,

2054 806 2249 877 quietis
2291 805 2434 860 illius
2481 820 2697 873 semper
2746 802 2885 875 apud
2938 817 3036 858 nos
3080 804 3425 869 ï¬‚lelttittiSsc;
3474 814 3528 858 et
3576 806 3642 858 ita

2056 899 2339 969 praesentia
2367 898 2644 966 praeterire
2673 912 2735 949 ac
2754 895 3155 966 przctcrvolare.
3184 894 3249 949 ad
3272 894 3448 950 futura
3469 908 3644 951 autem

2056 999 2112 1044 et
2141 1004 2353 1058 semper
2378 989 2622 1044 durantia
2664 998 2896 1042 mentem
2931 987 3245 1052 intendere;
3286 989 3426 1044 sicut
3464 989 3646 1044 beatus

2059 1081 2151 1136 ille
2195 1097 2291 1135 nos
2339 1080 2567 1137 erudivit
2612 1080 2834 1137 dicens:
2872 1080 3022 1148 Quod
3062 1090 3231 1135 autem
3272 1098 3410 1136 nunc
3445 1083 3555 1137 vivo
3595 1084 3650 1138 in

2058 1188 2230 1238 carne,
2263 1172 2316 1226 in
2342 1171 2446 1238 ï¬de
2469 1172 2579 1228 uiuo
2610 1170 2735 1226 Filii
2760 1170 2875 1237 Dei,
2907 1172 2992 1241 qui
3020 1171 3196 1226 dilexit
3225 1188 3322 1240 me,
3351 1180 3400 1228 et
3439 1173 3649 1227 tradidit

2059 1262 2382 1331 semetipsum
2407 1278 2501 1331 pro
2525 1278 2605 1315 me
2630 1260 2823 1331 (Galat.
2855 1261 2910 1316 2.
2942 1261 3059 1331 20).

2130 1350 2184 1405 6.
2230 1351 2363 1407 Vide
2408 1352 2643 1407 animam
2694 1353 2815 1422 igne
2860 1366 3195 1421 sucecusam,
3243 1353 3364 1410 vide
3412 1366 3646 1411 mentem

2060 1445 2276 1513 alatam,
2303 1444 2424 1501 vide
2454 1446 2714 1501 rationem
2760 1446 3033 1502 incensam
3074 1446 3167 1501 Dei
3206 1462 3407 1503 amore.
3456 1447 3647 1517 Quod,

2062 1536 2252 1606 inquit,
2279 1552 2415 1590 nunc
2438 1539 2569 1604 uiuo,
2592 1536 2644 1590 in
2672 1537 2775 1606 ï¬de
2801 1536 2930 1590 vivo.
2973 1536 3052 1592 Ne
3077 1537 3243 1604 enim,
3273 1537 3465 1609 inquit,
3495 1549 3652 1609 pule-

2064 1628 2134 1682 tis
2160 1644 2245 1682 me
2275 1626 2451 1684 facere
2488 1628 2686 1698 aliquid
2717 1644 2898 1684 rerum
2928 1628 3085 1699 hujus
3115 1629 3237 1683 vitae
3279 1645 3462 1686 causa.
3519 1631 3653 1687 Nam

2066 1719 2189 1774 licet
2209 1735 2369 1775 carne
2389 1720 2746 1776 circumdatus
2767 1721 2891 1785 sim,
2914 1721 3427 1793 nceessitatibusque
3451 1733 3656 1781 natura

2066 1810 2312 1879 alligatus
2340 1826 2353 1863 :
2382 1810 2435 1865 in
2470 1810 2573 1866 fide
2616 1820 2793 1883 tamen
2824 1812 2964 1878 vivo,
2995 1827 3114 1881 qua:
3138 1822 3223 1867 est
3260 1812 3313 1868 in
3340 1812 3612 1869 Christum
3632 1854 3650 1882 ,

2066 1902 2368 1973 despiciens
2393 1904 2572 1959 omnia
2599 1906 2896 1974 praesentia,
2924 1913 2979 1959 et
3008 1918 3103 1975 spe
3149 1920 3269 1976 quin
3300 1905 3354 1961 in
3402 1906 3545 1961 illum
3575 1917 3658 1962 est

2067 1992 2245 2048 omnia
2276 2002 2727 2064 prmtercurrens,
2752 1994 3009 2049 intentam
3041 1995 3093 2050 in
3125 1995 3270 2050 illum
3299 2006 3533 2053 mentem
3564 1997 3660 2051 ba-

2070 2083 2190 2139 beo.
2248 2084 2486 2155 Denique
2535 2094 2592 2139 ut
2632 2084 2807 2141 discas
2846 2086 3216 2142 excellentiam
3265 2089 3468 2144 amoris
3504 2089 3656 2159 ejus,

2068 2174 2202 2231 dicit
2230 2195 2244 2231 :
2274 2175 2343 2230 In
2368 2176 2471 2247 ï¬de
2490 2176 2598 2230 vivo
2632 2175 2758 2230 Filii
2783 2174 2903 2243 Dei,
2931 2179 3017 2250 qui
3043 2194 3121 2232 me
3144 2178 3346 2246 dilexit,
3370 2190 3418 2233 et
3448 2181 3661 2236 tradidit

2071 2265 2395 2335 semetipsum
2442 2281 2535 2337 pro
2578 2284 2677 2322 me.
2730 2266 3020 2323 Considera
3066 2283 3227 2338 quam
3259 2269 3483 2341 insignis
3522 2272 3660 2342 grati

2070 2360 2235 2412 animi
2262 2357 2598 2428 significatio.
2646 2358 2784 2427 Quid
2812 2358 2964 2423 dicis,
2997 2374 3030 2414 o
3068 2359 3224 2415 beate
3270 2360 3469 2416 Paule?
3497 2362 3664 2419 Paulo

2073 2458 2199 2503 ante
2224 2447 2440 2503 dicebas
2462 2470 2478 2502 Îµ
2512 2447 2612 2513 Qui
2631 2448 2840 2519 preprio
2872 2447 3011 2504 Filio
3050 2465 3142 2503 suo
3184 2467 3286 2504 non
3308 2453 3548 2522 pepercit.
3573 2452 3663 2507 sed

2074 2559 2165 2609 pro
2191 2539 2332 2594 nobis
2358 2540 2586 2595 omnibus
2616 2539 2823 2593 tradidit
2851 2556 2961 2593 eum
2984 2538 3160 2612 (Rom.
3192 2540 3245 2595 8.
3275 2541 3367 2614 32)
3397 2559 3410 2595 :
3439 2551 3493 2597 et
3523 2557 3666 2597 nunc

2073 2633 2226 2698 dicis,
2277 2633 2376 2697 Qui
2406 2633 2581 2687 ditarit
2626 2649 2705 2686 me
2736 2650 2755 2687 :
2810 2642 2969 2703 atque
2998 2642 3055 2687 ut
3102 2634 3374 2704 proprium
3425 2635 3666 2705 appellas

2073 2740 2354 2780 Commune
2390 2724 2748 2779 beneficium?
2791 2724 2987 2791 Etiam,
3018 2725 3188 2792 inquit
3215 2743 3229 2780 :
3259 2741 3380 2780 nam
3411 2726 3534 2781 licet
3567 2741 3666 2797 pro

2075 2818 2222 2872 ounii
2251 2817 2524 2872 hominum
2558 2833 2757 2888 genere
2781 2816 3099 2873 sacrificium
3122 2817 3190 2874 ab
3217 2834 3284 2874 eo
3311 2819 3382 2872 sit
3400 2819 3661 2884 oblatum,

2077 2919 2249 2964 tamen
2278 2918 2492 2979 propter
2520 2924 2756 2963 amorem
2791 2909 2841 2962 in
2868 2925 2987 2965 eum
3015 2951 3029 2973 ,
3078 2909 3128 2965 id
3173 2910 3313 2979 quod
3357 2908 3552 2966 factum
3582 2920 3666 2967 est

2079 3004 2348 3069 proprium
2380 3002 2506 3056 mihi
2534 3001 2688 3056 facio.
2719 3001 2790 3056 fta
2821 3014 2873 3056 et
2904 3002 3182 3072 prophetis
3223 3017 3340 3057 mos
3364 3012 3446 3060 est
3489 3003 3667 3060 facere

2077 3102 2126 3146 et
2158 3092 2338 3148 dicere
2368 3111 2379 3144 :
2412 3091 2552 3147 Deus
2584 3092 2720 3148 Deus
2744 3110 2882 3147 meus
2910 3092 3081 3166 (Psal.
3099 3094 3251 3148 21.81
3286 3094 3407 3148 H7.
3439 3103 3485 3148 et
3516 3096 3664 3165 M2):

2077 3184 2327 3254 quamvis
2349 3184 2509 3238 totius
2548 3184 2695 3239 orbis
2720 3184 2790 3239 sit
2828 3183 2972 3239 Deus
3005 3202 3020 3239 :
3057 3183 3149 3239 sed
3172 3184 3436 3254 peculiare
3456 3183 3557 3241 hoc
3584 3196 3667 3241 est

2074 3275 2248 3328 aumri
2278 3315 2294 3341 ,
2322 3285 2379 3329 ut
2405 3290 2469 3331 ex
2507 3274 2880 3329 communibus
2908 3275 3118 3345 propria
3149 3273 3324 3331 faciat.
3376 3274 3504 3331 Filii
3551 3276 3664 3343 Dei,

2032 3408 2037 3415 .
2079 3368 2270 3437 inquit,
2301 3369 2385 3437 qui
2415 3366 2591 3421 dilexit
2620 3383 2718 3421 me.
2765 3366 2900 3435 Quid
2942 3366 3115 3421 dicis?
3155 3366 3231 3421 Te
3256 3366 3426 3421 solum
3447 3367 3670 3423 dilexit?

2078 3459 2302 3514 Omnem
2325 3500 2338 3523 ,
2370 3457 2574 3529 inquit,
2610 3457 2884 3514 hominum
2916 3466 3158 3512 naturam
3196 3456 3376 3512 dilexit
3399 3499 3416 3524 ,
3444 3457 3538 3513 sed
3569 3472 3671 3529 ego

2079 3553 2125 3605 ei
2152 3552 2348 3621 gratias
2376 3550 2567 3618 debeo,
2599 3549 2749 3620 quasi
2777 3564 2863 3604 me
2881 3550 3053 3604 solum
3100 3548 3395 3605 dilexisset.
3442 3548 3513 3604 Et
3556 3559 3665 3604 tra-

2079 3646 2209 3698 didit
2229 3644 2547 3714 semetipsum
2576 3659 2668 3713 pro
2690 3658 2785 3696 me.
2815 3642 2951 3710 Quid
2980 3642 3160 3711 igitur,
3189 3656 3286 3713 pro
3315 3649 3368 3696 te
3393 3641 3509 3697 solo
3539 3656 3667 3698 eruo

2081 3736 2270 3791 cifixus
2294 3735 2418 3791 cst?
2463 3736 2655 3790 Annon
2688 3735 2800 3804 ipse
2825 3734 2954 3788 dicit
2994 3752 3008 3789 :
3042 3732 3169 3788 Cum
3212 3734 3461 3789 excitatus
3500 3738 3666 3806 fuero,

2081 3844 2252 3883 omnes
2293 3827 2493 3881 traham
2528 3828 2597 3881 ad
2634 3827 2884 3898 meipsum
2908 3823 3086 3897 (Joan.
3141 3826 3224 3880 Î·.
3248 3825 3381 3898 52)?
3411 3841 3588 3882 nonne
3613 3834 3669 3881 Î¹Î¹Î¹

2082 3920 2194 3989 ipse
2220 3918 2420 3985 dixisti,
2454 3916 2560 3973 Pro
2607 3918 2748 3973 nobis
2775 3918 3006 3972 omnibus
3049 3918 3259 3972 tradidit
3301 3917 3670 3989 semetipsum!

2085 4010 2276 4076 Etiam,
2308 4009 2516 4079 inquit:
2548 4024 2652 4063 non
2685 4009 2877 4079 loquor
2924 4008 3244 4080 pugnantia,
3293 4009 3387 4065 sed
3428 4024 3667 4066 amorem

2083 4118 2260 4158 meum
2292 4106 2363 4158 ita
2393 4102 2666 4157 consolor.
2691 4100 2809 4156 lam
2855 4101 2976 4157 vide
3020 4102 3209 4157 iterum
3240 4109 3295 4157 et
3342 4101 3486 4156 aliud
3524 4100 3668 4173 quod

2084 4194 2241 4250 dictis
2272 4193 2378 4248 illis
2425 4208 2525 4248 nos
2553 4193 2729 4248 docet.
2760 4192 2895 4248 Cum
2923 4194 3064 4248 enim
3108 4194 3354 4264 superius
3380 4192 3576 4249 dixerit
3602 4193 3671 4250 de

2083 4288 2279 4355 Patre,
2321 4286 2427 4341 Pro
2458 4286 2600 4341 nobis
2643 4286 2874 4341 omnibus
2911 4286 3122 4342 tradidit
3161 4287 3306 4341 illum
3330 4327 3345 4353 ,
3384 4286 3473 4343 hic
3499 4286 3667 4356 dicit,

2083 4378 2422 4448 Semetipsum
2462 4377 2673 4432 tradidit
2708 4393 2728 4432 :
2756 4386 2809 4434 ct
2842 4378 2948 4432 illic
2972 4376 3208 4447 quidem,
3234 4387 3293 4431 ut
3329 4378 3669 4434 concordiam

2081 4469 2328 4525 ostendat
2355 4485 2419 4526 ac
2446 4485 2625 4539 parem
2654 4468 2912 4525 honorem
2941 4468 3115 4524 Patris
3138 4479 3192 4524 et
3217 4470 3358 4537 Filii,
3386 4478 3442 4526 et
3465 4471 3676 4545 passio:

2085 4577 2208 4616 nem
2232 4560 2531 4617 subindieet
2562 4579 2574 4615 :
2603 4562 2854 4632 quoniam
2876 4563 3036 4617 etiam
3075 4562 3184 4616 alio
3206 4563 3321 4617 loco
3348 4562 3479 4619 dicit
3509 4581 3524 4619 :
3556 4551 3677 4619 Fu?

2081 4664 2191 4709 etus
2211 4654 2446 4709 obediens
2465 4670 2621 4724 usque
2648 4654 2716 4708 ad
2737 4664 2944 4709 mortem
2967 4654 3223 4727 (Philipp.
3253 4655 3308 4712 2.
3346 4656 3403 4729 8)
3433 4675 3445 4709 :
3477 4656 3670 4727 ubique

2085 4744 2317 4813 passioni
2365 4743 2523 4800 fidem
2553 4744 2772 4800 faciens.
2820 4744 2918 4800 llic
2965 4755 3142 4801 autem
3182 4747 3392 4816 posuit,
3438 4746 3668 4802 Tradidit

2082 4836 2403 4906 semetipsum
2428 4875 2444 4903 ,
2494 4843 2552 4891 ut
2606 4835 2806 4892 iudicet
2858 4852 2979 4892 eum
3024 4838 3322 4895 voluntarie
3365 4838 3668 4908 passionem

2081 4925 2403 4996 suscepisse.
2425 4933 2607 4981 etnon
2634 4926 2974 4993 necessitate,
3008 4943 3181 4999 neque
3208 4928 3295 4994 vi,
3347 4929 3443 4984 sed
3483 4930 3669 4987 volen-

2084 5025 2189 5071 tem
2235 5018 2649 5088 cnpieutcmque
2694 5017 2856 5073 totius
2917 5018 3133 5074 humani
3189 5021 3401 5090 generis
3444 5023 3667 5078 salutem

2083 5109 2314 5178 operari,
2344 5124 2558 5164 crucem
2583 5110 2918 5166 sustinuisse.
2968 5112 3192 5181 Qualem
3235 5113 3393 5184 igitur
3430 5116 3667 5171 vicissim

2083 5219 2322 5259 amorem
2363 5203 2620 5259 exhibere
2666 5206 2958 5273 poterimus
3003 5216 3108 5260 tam
3145 5205 3365 5262 divitem
3399 5223 3525 5279 erga
3570 5223 3672 5265 nos

2083 5297 2359 5352 caritatem
2376 5296 2665 5353 declaranti
2683 5297 2707 5351 â€™á¼’
2725 5298 2942 5354 Etiamsi
2960 5300 3191 5355 animam
3211 5301 3379 5370 ipsam
3397 5302 3671 5371 impenda-

2085 5401 2203 5442 mus
2231 5402 2329 5457 pro
2360 5386 2477 5457 ejus
2511 5387 2734 5457 legibus,
2763 5396 2816 5444 et
2858 5405 2955 5458 pro
2983 5390 3359 5446 observatione
3387 5392 3669 5447 mandato-

2082 5494 2225 5541 rum,
2251 5493 2370 5548 quze
2389 5478 2457 5534 ab
2484 5479 2600 5549 ipso
2620 5487 2744 5535 sunt
2770 5479 2895 5535 data
2919 5521 2933 5545 ,
2987 5496 3157 5552 neque
3203 5479 3283 5535 sic
3324 5480 3391 5537 ad
3431 5483 3669 5539 caritatis

2084 5570 2300 5624 modum
2351 5569 2656 5640 pertingere
2694 5571 2988 5642 poterimus
3010 5613 3026 5637 ,
3072 5586 3229 5641 quam
3259 5587 3384 5643 erga
3424 5582 3667 5629 nostrum

2082 5659 2373 5714 declaravit
2420 5674 2609 5731 genus.
2650 5661 2770 5733 Ipse
2815 5662 2958 5718 enim
3004 5662 3144 5719 Deus
3190 5678 3311 5718 cum
3356 5674 3542 5732 esset,
3571 5680 3669 5734 pro

2085 5752 2389 5807 hominibus
2410 5751 2513 5808 hoc
2540 5755 2726 5820 subiit,
2747 5762 2803 5809 et
2832 5754 3091 5811 Dominus
3115 5770 3212 5824 pro
3234 5756 3440 5819 servis;
3470 5770 3534 5810 ac
3560 5771 3664 5812 non

2085 5858 2182 5915 pro
2204 5844 2371 5900 servis
2401 5846 2747 5915 simpliciter,
2787 5845 2883 5902 sed
2925 5861 3024 5917 pro
3053 5845 3272 5917 ingratis
3297 5855 3351 5902 et
3396 5848 3666 5918 perpetuis
