4060 6502
410 475 517 533 319

412 589 607 660 τηριαν
635 585 910 657 ἡμετίραν
929 583 1442 659 ἐπραγματεύσατο,
1460 586 1701 659 δηλονότι
1720 586 1812 641 καὶ
1838 586 1908 639 τὰ
1932 586 1990 637 ἑν

410 672 492 744 τῷ
515 670 762 745 μέλλοντι
781 672 914 742 ἡμῖν
928 687 1183 743 τεταμιευ
1191 670 1328 743 μένα
1347 670 1526 740 ἀγαθὰ
1542 672 1786 744 παρέξει.
1801 671 1861 724 '0
1883 669 1992 740 7&9

413 757 520 828 7:96
543 756 648 827 τῆς
669 756 752 820 είς
777 753 840 809 :6
879 749 1017 808 εἶναι
1044 755 1193 827 ἡμᾶς
1227 755 1465 826 παρόδου
1493 755 1666 810 ταῦτα
1701 768 1994 826 προευτρε-

411 840 578 904 πίσας
606 837 696 893 διὰ
735 837 834 911 τὴν
863 838 1072 894 οἰκείαν
1095 838 1426 911 ἀγαθότητα,
1465 840 1583 904 πῶς
1609 840 1731 910 οὐχὶ
1763 839 1858 893 καὶ
1894 838 1992 909 τὴν

411 924 712 980 ἀπόλαυσιν
740 926 1049 997 χαριεῖται;
1078 924 1196 979 Ὅτι
1220 924 1330 997 γὰρ
1357 923 1641 997 προλασὼν
1663 924 1835 979 ταῦτα
1858 924 1991 994 ἡμῖν

412 1008 677 1081 ἡτοίμασε
702 1008 770 1063 τὰ
799 1007 1004 1078 ἀγαθὰ,
1038 1009 1203 1064 ἀκουε
1235 1010 1400 1065 αὑτοῦ
1423 1008 1673 1080 λέγοντος
1699 1009 1834 1081 πρὸς
1862 1008 1991 1072 τοὺς

412 1094 479 1147 ἐκ
505 1091 695 1159 δεξιῶν
727 1091 989 1156 ἑστῶτας·
1019 1092 1217 1158 Δεῦτε,
1247 1096 1304 1148 οἱ
1329 1092 1720 1164 εὐλογημένοι
1746 1092 1853 1147 τοῦ
1875 1094 1992 1146 Πα-

411 1178 550 1244 τρός
562 1192 704 1242 μου,
725 1175 1225 1244 κληρονομήσατε
1246 1175 1363 1245 τὴν
1387 1175 1837 1247 ἡτοιμασμένην
1850 1174 1991 1245 ὑμῖν

405 1258 736 1324 βασιλείαν
768 1255 883 1326 πρὸ
911 1259 1295 1328 καταϐολῆςλ
1316 1260 1566 1329 κόσμου.
1599 1253 1755 1322 Εἶδες
1787 1258 1989 1327 ἀγαθό-

408 1357 570 1412 τητος
595 1341 697 1393 ὑπε
708 1339 926 1413 ρϐολὴν,
952 1340 1096 1416 πόσῃ
1116 1360 1183 1396 πε
1190 1345 1242 1416 ρὶ
1260 1345 1321 1397 τὸ
1340 1344 1607 1416 ἡμέτερον
1620 1343 1778 1412 γένος
1799 1343 1993 1414 κέχρη-

408 1440 499 1477 ται
530 1426 595 1494 τῇ
632 1423 1032 1495 φιλανθρωπίᾳ,
1063 1425 1137 1487 ῶς
1165 1426 1259 1480 καὶ
1289 1426 1395 1496 πρὸ
1423 1427 1520 1497 τῆς
1545 1427 1639 1480 :06
1666 1426 1872 1495 κόσμου
1895 1443 1990 1478 κα-

409 1506 641 1577 ταϐολῆς
669 1508 803 1577 ἡμῖν
839 1506 938 1577 τῆς
969 1508 1244 1577 βασιλείας
1274 1510 1699 1581 προευτρεπίσαι
1728 1509 1826 1580 τὴν
1859 1509 1993 1561 ἀπό-

409 1592 628 1655 λαυσιν;
654 1589 746 1662 Μὴ
774 1590 955 1644 τοίνυν
982 1591 1298 1662 ἀγνώμονες
1324 1594 1631 1664 γενώμεθα,
1665 1592 1988 1665 παρακαλῶ,

414 1676 547 1749 μηδὲ
575 1675 826 1742 ἀναξίους
859 1677 1088 1741 ἑαυτοὺς
1123 1678 1558 1749 καταστήσωμεν
1586 1678 1696 1732 τῶν
1723 1677 1991 1731 τοσούτων

408 1761 649 1831 δωρεῶν,
696 1759 833 1815 ἀλλὰ
880 1761 1279 1832 ἀγαπήσωμεν,
1324 1761 1399 1826 ὡς
1445 1761 1544 1825 δεῖ,
1590 1762 1681 1815 τὸν
1724 1762 1991 1834 ἡμέτερον

411 1844 710 1914 Δεσπότην,
731 1845 827 1898 καὶ
844 1844 1010 1915 μηδὲν
1036 1844 1497 1917 διαπραττὼμεθα
1523 1845 1632 1898 τῶν
1674 1845 1991 1899 διακοπτόν-

409 1945 516 1981 των
566 1924 667 1999 τὴν
706 1927 845 1999 πρὸς
876 1928 1024 1999 ἡμᾶς
1075 1927 1241 1981 αὑτοῦ
1269 1928 1501 1983 εὔνοιαν.
1561 1930 1653 2001 Μὴ
1697 1930 1806 2001 γὰρ
1836 1930 1990 1982 αὑτοὶ

412 2012 868 2083 προκατάρχομεν
910 2010 1006 2066 :06
1071 2012 1436 2085 πράγματος;
1479 2013 1653 2078 Αὐτὸς
1702 2012 1990 2086 προλαξὼν

409 2078 613 2164 πολλὴν
633 2078 732 2148 κᾶτ’
750 2078 957 2164 ἀφατον
984 2095 1083 2167 τὴν
1108 2078 1284 2168 περῖή
1295 2098 1401 2167 μᾶς
1416 2078 1636 2168 ἀγάπην
1659 2078 1985 2160 ἑπέδείξᾶτο.

411 2172 690 2250 [547]Πῶς
716 2174 809 2233 οὖν
838 2179 939 2234 οὑκ
962 2180 1164 2234 ἄτοπον
1192 2180 1284 2234 τὸν
1309 2179 1485 2244 οὑτως
1517 2181 1879 2252 ἀγαπήσαντα
1915 2181 1990 2252 μὴ

409 2260 504 2314 καὶ
528 2262 695 2333 ἡμᾶς,
714 2263 835 2315 ὅσον
853 2261 1051 2334 ἔχομεν
1074 2263 1377 2335 δυνάμεως,
1403 2264 1656 2334 ἀγαπᾷν;
1691 2264 1861 2327 Αὐτὸς
1882 2264 1991 2335 γὰρ

409 2341 499 2396 διὰ
528 2343 628 2414 τὴν
662 2345 791 2415 περὶ
835 2347 982 2417 ἡμᾶς
1015 2346 1236 2418 ἀγάπην
1269 2349 1448 2402 πάντα
1488 2346 1605 2418 μεθ’
1637 2346 1831 2417 ἡδονῆς
1857 2347 1991 2400 ὑπέ-

411 2442 583 2496 μεινε,
614 2428 709 2482 καὶ
733 2428 792 2495 ἐξ
821 2429 1001 2483 αὐτῶν
1028 2430 1137 2484 τῶν
1161 2429 1377 2490 κόλπων
1399 2430 1508 2483 τῶν
1540 2430 1821 2501 πατρικῶν
1847 2429 1994 2484 ἀλλό·

412 2525 592 2580 μενος,
632 2510 708 2575 ὡς
754 2513 953 2578 εἰπεῖν,
999 2512 1187 2566 δούλου
1220 2512 1433 2585 μορφὴν
1463 2512 1751 2567 ἀναλαϐεῖν
1777 2513 1993 2567 κατεδέ-

410 2592 558 2659 ξατο,
579 2596 674 2649 καὶ
691 2596 777 2649 διά
806 2598 1023 2652 πάντων
1043 2597 1150 2651 τῶν
1172 2598 1526 2670 ἀνθρωπίνων
1554 2597 1748 2665 ἐλθεῖν,
1775 2597 1870 2652 καὶ
1895 2599 1995 2663 τὰς

410 2679 560 2748 παρά
588 2679 858 2734 Ἰουδαίων
887 2680 1074 2753 ὑὸρεις
1104 2683 1200 2735 καὶ
1229 2681 1453 2753 ἀτιμίας
1484 2681 1791 2752 ὑπομείναι,
1817 2684 1910 2735 καὶ
1934 2682 1993 2735 τὸ

409 2763 716 2817 τελευταῖον
737 2764 971 2836 σταυρὸν
996 2764 1340 2831 κατεδέξατο,
1372 2766 1465 2819 καὶ
1496 2765 1725 2820 θάνατον
1754 2766 1843 2819 τὸν
1870 2767 1994 2819 ἑπο-

410 2845 687 2910 νείδιστον,
703 2846 789 2899 ἵνα
804 2848 950 2918 ἡμᾶς
964 2850 1090 2912 τοὺς
1110 2843 1282 2919 χαμαὶ
1303 2849 1647 2920 συρομένους,
1670 2849 1762 2901 καὶ
1781 2850 1994 2919 μυρίοις

410 2930 652 3001 φορτίοις
673 2930 1086 3003 ἁμαρτημάτων
1105 2932 1170 3002 βα
1179 2949 1269 3005 ρου
1278 2932 1486 3003 μένους.
1509 2932 1597 2986 διὰ
1613 2934 1711 3003 τῆς
1727 2935 1806 2995 είς
1832 2932 1994 2985 αὑτὸν

412 3014 650 3079 πίστεως
691 3015 1056 3088 ἐλευθερώσῃ.
1105 3017 1291 3071 Ταῦτα
1340 3017 1449 3090 γὰρ
1491 3018 1706 3072 ἅπαντα
1736 3017 1933 3071 ἐννοῶν
1967 3019 1995 3071 6

416 3099 682 3170 μακάριος
730 3099 961 3165 Παῦλος,
988 3102 1017 3154 6
1047 3100 1248 3174 θερμὸς
1292 3102 1526 3174 ἐραστὴς
1554 3101 1649 3156 :06
1681 3101 1940 3173 Χριστοῦ,
1967 3104 1995 3156 6

411 3181 665 3255 καθάπερ
691 3184 997 3254 ὑπόπτερος
1027 3184 1124 3255 τὴν
1141 3185 1464 3257 οἰκουμένην
1490 3184 1829 3256 περιτρέχων
1853 3186 1997 3239 ἀπα-

413 3283 531 3332 σαν,
556 3269 587 3319 6
631 3269 689 3320 ἐν
720 3265 934 3337 σώματι
981 3266 1049 3320 τὰ
1099 3267 1208 3321 τῶν
1245 3269 1552 3338 ἀσωμάτων
1589 3268 1996 3323 ἐπιδείκνυσθαι

414 3349 751 3414 σπουδάζων,
770 3350 900 3403 ἐϐόα
928 3350 1123 3419 λέγων*
1158 3351 1220 3407 Ἡ
1247 3352 1358 3421 γὰρ
1385 3349 1584 3421 ἀγάπη
1605 3353 1713 3407 τοῦ
1735 3352 1994 3422 Χριστοῦ

409 3433 657 3502 συνέχει
680 3431 1005 3505 ἠμᾶςῖορα
1033 3434 1473 3505 εὐγνωμοσύνην,
1492 3436 1593 3506 ὅρα
1611 3436 1813 3508 ἀρετῆς
1828 3437 1994 3507 ὑπερ-

411 3516 594 3588 δολὴν,
638 3517 739 3587 ὅρα
759 3514 922 3569 πόθον
956 3516 1164 3580 ζέοντα.
1200 3516 1260 3572 Ἠ
1288 3516 1512 3587 ἀγάπη,
1542 3519 1698 3589 φησὶ,
1734 3519 1840 3573 τοῦ
1863 3522 1996 3589 Χρι-

409 3599 563 3655 στοῦ
597 3599 844 3669 συνέχει
872 3598 1061 3668 ἡμᾶς’
1098 3600 1241 3654 τοῦτ’
1275 3600 1443 3665 ἐστιν,
1473 3601 1620 3664 ὠθεῖ,
1646 3602 1994 3671 καταναγκά·

287 3730 295 3735 .
412 3681 517 3746 ζει,
545 3684 883 3750 κατεπείγει.
904 3681 1036 3736 Εἶτα
1059 3682 1395 3754 ἑρμηνεῦσαι
1427 3683 1745 3755 βουλόμενος
1774 3684 1836 3737 τὸ
1867 3688 1994 3756 παρ’

411 3767 609 3821 ἑαυτοῦ
659 3768 845 3840 ῥηθὲν,
884 3768 1045 3839 φησί’
1078 3770 1410 3837 Κρίναντας
1456 3769 1649 3832 τοῦτο,
1684 3769 1774 3824 ὅτι
1816 3772 1869 3823 εὶ
1909 3764 1997 3835 εἷς

410 3852 564 3920 ὑπὲρ
596 3852 883 3906 ἁπάντων
919 3850 1240 3919 ἀπέθανεν,
1272 3851 1387 3922 ἄρα
1426 3855 1480 3907 οἱ
1519 3853 1745 3918 πάντες
1774 3853 1996 3909 ἀπέθα-

408 3951 544 3990 νον.
569 3935 676 3989 Καὶ
695 3934 847 4004 ὑπὲρ
869 3935 1112 3990 πάντων
1130 3937 1451 3998 ἀπέθανεν,
1474 3937 1575 3989 ἵνα
1592 3940 1644 3991 οἱ
1667 3935 1877 4002 ζῶντες
1886 3956 2000 4006 μη-

412 4020 539 4075 κέτι
563 4020 799 4087 ἑαυτοῖς
823 4018 1022 4086 ζῶσιν,
1058 4021 1219 4076 ἀλλὰ
1250 4020 1331 4086 τῷ
1358 4019 1511 4091 ὑπὲρ
1543 4021 1742 4074 αὐτῶν
1768 4022 1994 4075 ἀποθα-

412 4107 583 4159 νόντι
612 4104 709 4159 καὶ
742 4105 1062 4176 ἐγερθέντι.
1093 4101 1245 4168 Εἶδες
1277 4104 1393 4167 πῶς
1420 4105 1644 4168 εἰκότως
1677 4105 1881 4174 ἔλεγεν,
1916 4107 1995 4159 ὅτι

410 4188 665 4258 Συνέχει
688 4187 847 4259 ἡμᾶς
876 4189 913 4258 η
944 4187 1144 4258 ἀγάπη
1166 4187 1275 4243 τοῦ
1302 4186 1563 4257 Χριστοῦ
1575 4206 1595 4253 ;
1630 4186 1693 4241 Et
1724 4188 1833 4260 7&9
1856 4189 1997 4261 ὑπὲρ

411 4273 765 4345 ἡμῶν,φησὶ,
791 4273 1013 4328 πάντων
1037 4270 1293 4334 ἀπέθανε,
1317 4272 1406 4326 διὰ
1420 4272 1581 4326 τοῦτο
1603 4272 1895 4337 ἀπέθανεν,
1915 4272 2023 4339 ἵνα⁸

414 4358 578 4428 ἡμεῖς
605 4358 654 4410 οἱ
688 4357 889 4422 ζῶντες
926 4356 1125 4428 μηκέτι
1164 4357 1377 4421 ἑαυτοῖς
1408 4356 1614 4428 ζῶμεν,
1648 4356 1765 4411 ἀλλ’
1807 4358 1999 4428 ἐκείνῳ

409 4439 495 4513 τῷ
523 4441 663 4514 ὑπὲρ
692 4440 852 4513 ἡμῶν
886 4440 1211 4496 ἀποθανόντι
1247 4442 1340 4495 καὶ
1376 4440 1678 4513 ἐγερθέντι.
1705 4440 1998 4511 Δεχώμεθα

412 4524 598 4580 τοίνυν
622 4524 722 4597 τὴν
752 4524 1077 4596 παραίνεσιν
1106 4524 1206 4596 τὴν
1233 4524 1616 4597 ἀποστολικὴν,
1645 4526 1739 4579 καὶ
1773 4524 1848 4597 μὴ
1878 4527 2003 4578 ἐαυο

414 4611 530 4674 τοῖς
560 4608 763 4680 ζῶμεν,
791 4608 926 4663 ἀλλά
950 4608 1029 4680 τῷ
1051 4609 1362 4682 ὑπέρὴμῶν
1385 4610 1705 4664 ἀποθανόντι
1727 4611 1821 4663 καὶ
1846 4613 2003 4680 ἐγερ-

415 4691 585 4747 θέντι.
616 4692 728 4747 Καὶ
760 4692 899 4758 πῶς,
930 4692 1087 4763 φησὶ,
1123 4692 1468 4764 δυνησόμεθα
1516 4693 1593 4764 μὴ
1626 4695 1838 4756 ἑαυτοῖς
1868 4693 1997 4764 ζῇν;

421 4776 622 4832 ’Ἄκουε
648 4776 744 4831 :06
777 4777 1043 4848 μακαρίου
1072 4777 1261 4830 τούτου
1298 4776 1461 4831 πάλιν
1494 4776 1743 4847 λέγοντος
1762 4795 1775 4809 ο
1813 4776 1904 4830 Ζῶ
1935 4777 2003 4831 66

416 4862 535 4916 οὐκ
566 4860 656 4915 ἔτι
683 4860 818 4931 ἐγὼ,
846 4859 914 4931 ζῇ
939 4860 1008 4915 δὲ
1042 4863 1112 4916 ἐν
1133 4860 1262 4932 ἐμοὶ
1295 4862 1573 4930 Χριστός.
1592 4859 1734 4933 Ὅρα
1764 4861 1882 4926 πῶς
1909 4863 2002 4916 ἐπὶ

416 4942 526 5016 γῆς
558 4943 792 5015 βαδίζων
812 4946 908 4999 καὶ
925 4946 1088 5016 σαρκὶ
1104 4944 1618 5016 συμπεπλεγμένος,
1637 4946 1849 5001 καθάπ
1855 4964 1888 5018 ρ
1911 4947 2002 5000 τὸν

417 5028 648 5099 οὐρανὸν
676 5027 862 5096 οίκῶν,
893 5030 986 5083 καὶ
1008 5032 1130 5093 ταῖς
1159 5030 1473 5101 ἀσωμάτοις
1500 5029 2005 5101 συναναστρεφόμε-

418 5125 511 5173 νος
533 5109 847 5182 δυνάμεσιν,
871 5110 1013 5166 οὑτω
1026 5111 1276 5166 διέκειτο.
1296 5113 1395 5167 Διά
1413 5111 1572 5166 τοῦτο
1586 5111 1819 5183 ἀλλαχοῦ
1841 5113 2004 5168 πάλιν

419 5192 607 5262 ἔλεγεν
623 5208 639 5225 ·
669 5196 732 5248 Ol
753 5193 822 5248 δὲ
841 5194 946 5250 τοῦ
964 5194 1242 5265 Χριστοῦ,
1266 5194 1380 5265 τὴν
1393 5194 1591 5265 σάρκα
1610 5193 2005 5264 ἐσταύρωσαν

420 5274 546 5331 σὺν
564 5274 690 5343 τοῖς
716 5276 1026 5348 παθήμασι
1054 5279 1153 5333 καὶ
1177 5278 1306 5346 ταῖς
1321 5280 1680 5355 ἐπιθυμίαις.
1698 5278 1869 5333 Τοῦτο
1897 5280 2007 5333 τοί-

422 5375 520 5411 νυν
535 5358 652 5412 ἐστὶ
672 5359 729 5413 τὸ
759 5358 835 5432 μὴ
859 5361 1071 5426 ἑαυτοῖς
1099 5360 1219 5433 ζῇν,
1238 5361 1376 5417 άλλά
1404 5360 1482 5433 τῷ
1513 5361 1654 5434 ὑπὲρ
1686 5362 1844 5433 ἡμῶν
1867 5363 2005 5416 ἀπο-

424 5441 639 5498 θανόντι
666 5444 758 5497 καὶ
784 5444 1081 5516 ἐγερθέντι,
1108 5446 1237 5500 ὅταν
1255 5444 1505 5517 καθάπερ
1534 5445 1718 5515 νεκροὶ
1736 5439 1886 5515 ὦμεν
1908 5443 2005 5499 τοῦ

424 5526 695 5598 παρόντος
725 5527 863 5600 βίου,
898 5529 993 5582 καὶ
1028 5529 1164 5600 πρὸς
1201 5529 1370 5601 μηδὲν
1399 5527 1507 5582 τῶν
1535 5528 1833 5600 ὁρωμένων
1853 5522 2005 5599 ὦμεν

423 5610 774 5683 ἐπτοημένοι.
816 5610 917 5665 Διά
943 5611 1050 5682 γὰρ
1078 5611 1237 5666 τοῦτο
1263 5613 1290 5665 6
1313 5611 1594 5682 Δεσπότης
1624 5611 1783 5683 ἡμῶν
1812 5613 2007 5666 ἐσταυ-

426 5692 600 5766 ρώθη,
630 5694 719 5748 ἵνα
751 5695 871 5748 ἀντὶ
894 5694 1100 5764 ταύτης
1125 5695 1222 5766 τῆς
1249 5694 1394 5766 ζωῆς
1422 5694 1635 5767 ἐκείνην
1664 5694 2018 5761 ἀνταλλαξιίμ

426 5778 598 5843 μεθα·
626 5776 827 5849 μᾶλλον
851 5776 927 5843 δὲ,
946 5777 1035 5832 ἵνα
1066 5776 1156 5830 διὰ
1178 5776 1381 5848 ταύτης
1405 5779 1620 5848 ἐκείνην
1638 5780 1848 5843 ἑαυτοῖς
1868 5796 2011 5851 πρα-

425 5859 888 5931 γματευσὼμεθα.
919 5860 983 5914 Ἢ
1008 5859 1120 5933 γὰρ
1147 5860 1399 5932 παροῦσα
1418 5861 1551 5932 ζωὴ,
1578 5862 1672 5916 ἐὰν
1694 5861 2033 5934 βουλώμεθα⁵

427 5947 621 6015 νήφειν
636 5944 731 5998 καὶ
750 5943 1129 6016 ἐγρηγορέναι,
1148 5943 1287 6014 πρὸς
1312 5943 1410 6017 τὴν
1426 5944 1727 6001 ἀπόλαυσιν
1748 5946 1847 6018 τῆς
1875 5946 2005 6001 αίω-

494 6128 521 6157 ιι
545 6125 780 6191 qumque
796 6138 910 6183 mss.
937 6127 1031 6178 ἀπὸ
1053 6127 1345 6196 καταϐολῆςἰ

1441 469 1512 526 ΙΝ
1543 470 1696 528 CAP.
1729 469 1848 526 XIII
1885 468 2130 528 GENES.
2173 470 2405 531 HOMIL.
2438 474 2679 531 XXXIV.

3571 478 3677 535 5'20

2097 584 2209 640 νίου
2243 587 2388 660 ζωῆς
2419 591 2565 661 ἡμᾶς
2605 588 2817 659 ὁδηγεῖ⁹
2858 590 2950 643 καὶ
2991 590 3351 663 δυνησόμεθα,
3394 591 3440 644 εξ
3478 591 3674 662 βουλη-

2095 673 2319 745 θείημεν
2346 674 2539 746 μικρὸν
2563 673 2901 745 διεγερθῆναι
2931 676 3028 728 καὶ
3056 675 3311 740 διανοῖξαι
3340 676 3401 729 τὸ
3425 677 3523 747 τῆς
3558 678 3675 732 δια-

2093 756 2244 821 νοίας
2266 756 2439 828 δμμα,
2473 757 2569 827 τῆς
2604 757 2722 811 ἐκεῖ
2757 756 2963 827 λήξεως
2989 758 3086 829 τὴν
3122 758 3329 813 ἔννοιαν
3352 759 3438 813 διὰ
3477 762 3676 826 παντὸς

2091 840 2313 909 τρέφειν
2337 841 2466 911 παρ’
2492 841 2724 908 ἑαυτοῖς,
2751 842 2847 895 καὶ
2860 840 3004 895 οὕτω
3021 841 3089 895 τὰ
3112 842 3209 912 μὲν
3231 842 3485 913 ὁρώμενα
3503 860 3676 916 παρα-

2092 932 2308 1003 τρέχειν
2348 934 2443 987 καὶ
2477 932 2900 1005 ὑπερίπτασθαι,
2933 933 3066 1005 πρὸς
3100 932 3156 985 δὲ
3190 932 3260 986 τά
3289 933 3549 1004 μέλλοντα
3582 935 3677 989 καὶ

2094 1014 2468 1081 διαιωνίζοντα
2491 1016 2690 1071 τείνειν
2713 1015 2806 1069 τὸν
2828 1016 3107 1087 λογισμόνο
3135 1015 3387 1087 καθάπερ
3412 1017 3506 1070 καὶ
3532 1019 3561 1070 6
3581 1034 3677 1088 μα-

2094 1098 2284 1169 κάριος
2311 1090 2467 1164 οὗτος
2493 1099 2763 1154 παιδεύων
2788 1101 2935 1171 ἡμᾶς
2955 1098 3160 1167 ἑλεγεν·
3200 1101 3260 1151 Ὅ
3287 1099 3354 1152 δὲ
3373 1101 3490 1155 νῦν
3509 1099 3583 1161 ζῶ
3609 1101 3679 1154 ἐν

2093 1183 2296 1251 σαρκὶ.
2317 1182 2386 1235 ὲν
2401 1183 2598 1237 πίστει
2622 1181 2694 1244 ζῶ
2715 1182 2791 1252 τῇ
2810 1182 2916 1237 τοῦ
2945 1181 3082 1236 Υίοῦ
3107 1182 3212 1236 τοῦ
3237 1182 3387 1236 Θεοῦ
3414 1182 3522 1236 τοῦ
3538 1183 3679 1253 ἀγα-

2094 1266 2409 1335 πήσαντός
2436 1284 2533 1336 με,
2561 1267 2660 1321 καὶ
2692 1265 3065 1335 παραδόντος
3084 1266 3302 1318 ἑαυτὸν
3325 1264 3480 1334 ὑπὲρ
3508 1265 3674 1335 ἐμοῦ.

2173 1350 2405 1421 ς⁹.”Ορα
2429 1349 2605 1420 ψυχὴν
2634 1350 3055 1421 πεπυρωμένην,
3091 1348 3192 1419 ὅρα
3225 1347 3485 1420 λογισμὸν
3516 1352 3680 1403 ἐπτε-

2097 1432 2361 1503 ρωμένον,
2387 1434 2489 1503 ὅρα
2524 1432 2762 1487 διάνοιαν
2791 1432 3150 1503 ἐκκαιομένης)
3174 1431 3249 1500 τῷ
3272 1432 3407 1502 πρὸς
3427 1433 3516 1485 τὸν
3548 1432 3680 1485 Θεὸν

2096 1514 2264 1585 πόθῳ.
2292 1517 2353 1568 Ὃ
2383 1515 2501 1570 νῦν
2536 1514 2628 1580 ζῶ,
2668 1515 2853 1586 φησὶν,
2882 1516 2951 1568 ἐν
2989 1515 3188 1567 πίστει
3224 1512 3312 1574 ζῶ.
3347 1515 3438 1586 Μὴ
3460 1515 3567 1586 γάρ
3595 1531 3681 1567 νο-

2098 1599 2297 1670 μίσητέ
2317 1617 2406 1671 με,
2428 1600 2585 1670 φησὶ,
2608 1599 2881 1653 συντελεῖν
2904 1616 2953 1651 τι
2972 1600 3050 1660 είς
3069 1598 3136 1650 τά
3159 1598 3252 1650 :06
3279 1600 3543 1668 παρόντος
3562 1600 3677 1668 βίου

2095 1681 2249 1754 [548]
2281 1685 2606 1755 πράγματα.
2641 1683 2703 1736 EE
2737 1682 2845 1753 7&9
2885 1684 2977 1735 καὶ
3005 1681 3184 1752 σάρκα
3217 1682 3559 1753 περίκειμαι,
3585 1685 3679 1735 καὶ

2094 1767 2215 1828 ταῖς
2238 1765 2508 1835 ἀνάγκαις
2530 1766 2629 1837 τῆς
2650 1766 2865 1836 φύσεως
2887 1764 3273 1836 προσδέδεμαι,
3293 1764 3409 1818 ἀλλ’
3425 1767 3483 1818 ἐν
3502 1765 3679 1819 πίστει

2097 1847 2195 1914 ζῶ,
2230 1850 2295 1920 τῇ
2325 1851 2403 1913 είς
2435 1851 2690 1921 Χριστὸν,
2721 1848 2938 1902 πάντων
2969 1848 3249 1920 ὑπερορῶν
3279 1849 3308 1889 1)
3334 1848 3442 1902 τῶν
3474 1850 3679 1920 παρόν-

2096 1948 2223 1999 των,
2251 1935 2316 2004 τῇ
2341 1932 2513 1985 ἐλπίδι
2536 1934 2599 2002 τῇ
2624 1934 2702 1996 εἰς
2727 1931 2885 1985 αὑτὸν
2911 1932 3087 1986 πάντα
3111 1932 3490 2002 παρατρέχων,
3526 1936 3677 1985 ἐκτε-

2095 2015 2338 2086 ταμένην
2363 2014 2472 2086 ἔχω
2491 2018 2589 2086 τὴν
2614 2016 2851 2069 διάνοιαν
2869 2014 3006 2085 πρὸς
3036 2014 3216 2067 αὑτόν.
3235 2011 3367 2067 Εἶτα
3391 2015 3479 2068 ἴνα
3500 2015 3678 2089 μάθῃς

2097 2096 2260 2151 αὑτοῦ
2277 2096 2372 2151 τοῦ
2405 2097 2626 2169 φίλτρου
2649 2097 2747 2168 τὴν
2769 2096 3095 2168 ὑπερϐολὴν,
3132 2098 3298 2169 φησίν
3313 2138 3324 2150 .
3344 2097 3448 2151 Ἐν
3478 2099 3678 2151 πίστει

2096 2180 2168 2241 ζῶ
2195 2180 2271 2250 τῇ
2295 2182 2401 2236 τοῦ
2451 2181 2588 2235 Υἱοῦ
2621 2180 2728 2235 τοῦ
2770 2180 2918 2235 Θεοῦ
2950 2180 3058 2234 τοῦ
3101 2180 3536 2251 ἀγαπήσαντός
3578 2198 3675 2250 με,

2097 2264 2195 2317 καὶ
2222 2264 2600 2332 παραδόντος
2628 2261 2849 2318 ἑαυτὸν
2882 2262 3035 2331 ὑπὲρ
3067 2263 3235 2333 ἐμοῦ.
3270 2263 3469 2316 Σκόπει
3505 2264 3677 2335 πόσης

2094 2347 2196 2418 τῆς
2217 2347 2636 2419 εὐγνωμοσύνης
2664 2349 2696 2418 ή
2725 2346 3022 2421 ὑπερϐολή.
3040 2347 3105 2399 Τί
3134 2346 3331 2415 λέγεις,
3363 2340 3409 2399 ὧ
3441 2347 3678 2417 μακάριε

2097 2432 2311 2497 Παῦλε;
2344 2431 2457 2503 Πρὸ
2502 2430 2700 2503 μικροῦ
2744 2430 2947 2499 ἔλεγες,
2972 2431 3079 2496 Ὃς
3108 2448 3174 2501 γε
3204 2430 3310 2484 τοῦ
3349 2430 3501 2483 ἰδίου
3542 2431 3678 2483 Υίσῦ

2097 2517 2208 2569 οὐκ
2237 2515 2542 2585 ἐφείσατο,
2577 2515 2715 2570 ἀλλ’
2752 2513 2903 2583 ὑπὲρ
2933 2511 3103 2584 ἡμῶν
3145 2514 3389 2566 πάντων
3417 2512 3681 2581 παρέδω-

2097 2608 2203 2652 κεν
2227 2599 2440 2652 αὐτόν’
2484 2599 2577 2652 καὶ
2619 2599 2714 2651 νῦν
2750 2598 2945 2667 λέγεις,
2995 2597 3105 2651 Τοῦ
3132 2595 3559 2666 ἀγαπήσαντός
3585 2612 3677 2666 με,

2098 2683 2191 2735 καὶ
2220 2682 2447 2752 ἱδιοποιῇ
2484 2681 2581 2752 τὴν
2612 2682 2799 2753 κοινὴν
2835 2679 3188 2750 εύεργεσίαν;
3220 2680 3351 2742 Ναὶ,
3398 2679 3593 2749 φησίν⁸
3632 2680 3681 2731 εί

2096 2765 2203 2836 γὰρ
2222 2765 2314 2819 καὶ
2332 2764 2471 2834 ὑπὲρ
2490 2765 2692 2828 παντὸς
2713 2764 2807 2817 :06
2825 2764 2931 2816 τῶν
2948 2762 3250 2835 ἀνθρώπων
3267 2763 3455 2831 γένους
3474 2763 3506 2831 ἡ
3523 2760 3681 2813 θυσία

2099 2849 2525 2918 προσενήνεκται
2568 2847 2698 2916 παρ’
2736 2845 2925 2906 αὑτοῦ,
2973 2845 3107 2898 ἀλλὰ
3147 2845 3234 2898 διὰ
3264 2845 3324 2897 τὸ
3363 2846 3490 2914 περὶ
3521 2845 3683 2897 αὑτὸν

2098 2931 2319 3002 φίλτρον
2352 2948 2453 3001 μου
2492 2930 2602 2999 ἐγὼ
2642 2929 3002 2999 ίδιοποιοῦμαι
3031 2928 3093 2982 :6
3132 2930 3373 2997 γεγονός.
3404 2929 3560 2981 Οὕτω
3588 2929 3682 2981 καὶ

2097 3016 2213 3077 τοῖς
2234 3015 2542 3084 προφήταις
2565 3012 2685 3075 ἑθος
2707 3015 2900 3076 ποιεῖν,
2927 3011 3022 3066 καὶ
3046 3012 3245 3080 λέγειν’
3266 3012 3322 3064 '0
3344 3011 3477 3074 Θεὸς
3497 3013 3525 3063 6
3550 3011 3682 3073 Θεός

2102 3113 2203 3166 μου
2224 3112 2236 3126 ο
2268 3097 2444 3149 καίτοι
2476 3095 2576 3166 τῆς
2605 3096 2930 3166 οἰκουμένης
2958 3096 3076 3148 ἐστὶ
3095 3095 3228 3158 Θεός
3249 3109 3262 3122 ·
3293 3095 3406 3147 ἀλλ’
3437 3095 3563 3147 ἴδιον
3588 3092 3681 3147 τοῦ

2100 3180 2287 3245 πόθου,
2314 3180 2382 3232 τὰ
2403 3180 2555 3232 κοινά
2582 3177 2972 3232 ἱδιοποιεῖσθαι.
2996 3177 3075 3246 Τῇ
3094 3177 3202 3232 τοῦ
3234 3179 3370 3232 Υἱοῦ
3388 3177 3492 3231 τοῦ
3512 3177 3682 3241 Θεοῦ,

2100 3263 2252 3333 φησὶ,
2273 3262 2380 3317 τοῦ
2395 3260 2825 3331 ἀγαπήσαντός
2846 3261 3014 3329 με.Τί
3030 3261 3240 3329 λέγεις;
3274 3262 3340 3313 Σὲ
3364 3262 3521 3331 μόνον
3543 3260 3684 3330 ἠγά-

2106 3361 2278 3414 πησε;
2317 3346 2502 3398 Πᾶσαν
2546 3344 2665 3414 μὲν,
2695 3346 2849 3413 φησὶ,
2882 3345 2979 3414 τὴν
3006 3345 3113 3397 τῶν
3154 3343 3459 3415 ἀνθρώπων
3498 3341 3680 3411 φύσιν,

2105 3428 2220 3482 ἀλλ’
2246 3426 2355 3497 ἐγὼ
2389 3428 2463 3491 ὡς
2507 3427 2665 3498 μόνος
2707 3426 3035 3497 ἀγαπηθεὶς,
3062 3426 3234 3489 οὕτως
3275 3426 3422 3496 αύτῷ
3454 3427 3683 3497 χάριτας

2102 3511 2321 3581 ὀφείλω.
2347 3511 2455 3565 Καὶ
2479 3510 2852 3578 παραδόντος
2872 3509 3091 3564 ἑαυτὸν
3117 3510 3267 3577 ὑπὲρ
3295 3509 3461 3578 ἐμοῦ.
3481 3510 3545 3561 Τί
3570 3506 3684 3574 οὖν,

2103 3596 2241 3666 ὑπὲρ
2266 3595 2358 3649 σοῦ
2392 3594 2550 3664 μόνον
2575 3592 2926 3665 ὲσταυρώθη;
2960 3594 3071 3647 Οὑκ
3103 3594 3267 3657 αὐτὸς
3311 3593 3480 3662 λέγει,
3501 3594 3686 3646 Ὅταν

2103 3677 2586 3748 ὐψωθῶ,πάντας
2607 3678 2851 3731 ἑλκύσω
2877 3677 3023 3745 πρὸς
3038 3677 3321 3747 ἐμαυτόν;
3358 3677 3416 3730 οὑ
3440 3678 3503 3730 σὺ
3526 3677 3686 3741 αὑτὸς

2103 3759 2282 3828 εἶπας,
2309 3758 2581 3832 ὃτιὙπὲρ
2602 3760 2772 3832 ἡμῶν
2802 3761 3044 3814 πάντων
3071 3761 3412 3830 παρέδωκεν
3438 3761 3684 3824 ἐαυτόν;

2102 3847 2230 3911 Ναὶ,
2261 3845 2456 3917 φησίν·
2514 3846 2613 3898 οὑκ
2666 3842 3077 3913 ἐναντιούμενος
3107 3843 3284 3914 ἐαυτῷ
3310 3843 3479 3898 ταῦτά
3522 3860 3682 3914 φημι,

2101 3928 2239 3984 ἀλλὰ
2265 3929 2357 3983 τὸν
2392 3929 2631 3999 ἐμαυτοῦ
2666 3928 2829 3981 πόθον
2875 3927 3387 3997 παραμυθούμενος.
3431 3929 3540 3980 Καὶ
3583 3930 3686 3997 δρα

2104 4013 2263 4067 πάλιν
2298 4013 2394 4065 καὶ
2435 4011 2620 4082 ἕτερόν
2642 4029 2693 4063 τι
2723 4011 2809 4063 διὰ
2855 4009 2963 4063 τῶν
2993 4011 3301 4081 εἰρημένων
3339 4013 3487 4079 ἡμᾶς
3535 4010 3684 4063 διδά-

2105 4111 2321 4150 σκοντα.
2349 4094 2632 4166 Ἀνωτέρω
2678 4091 2787 4162 γὰρ
2832 4092 3002 4145 εἰπὼν
3050 4092 3295 4162 περὶτοῦ
3336 4092 3566 4162 Πατρὸς,
3601 4093 3685 4145 ὅτι

2116 4179 2295 4248 Ὑπὲρ
2328 4175 2499 4247 ἡμῶν
2538 4176 2780 4230 πάντων
2820 4175 3166 4244 παρέδωκεν
3196 4176 3403 4239 αὑτὸν,
3451 4175 3686 4230 ἐνταῦθα

2102 4266 2270 4334 λέγει,
2294 4262 2548 4316 Ἑαυτὸν
2582 4260 2926 4329 παρέδωκεν
2953 4278 2961 4288 '
3015 4260 3132 4313 ἐκεῖ
3166 4260 3282 4329 μὲν,
3314 4260 3403 4314 ἵνα
3432 4259 3529 4329 τὴν
3553 4259 3686 4329 ὁμό-

2104 4366 2253 4411 νοιαν
2273 4346 2423 4418 δείξῃ
2458 4345 2552 4399 καὶ
2582 4346 2679 4416 τὴν
2711 4344 2998 4415 ὀμοτιμίαν
3029 4342 3241 4414 Πατρὸς
3277 4344 3369 4397 καὶ
3404 4343 3555 4407 Υίοῦ,
3591 4344 3686 4396 καὶ

2103 4435 2202 4507 τὴν
2235 4431 2546 4501 οἰκονομίαν
2577 4441 2598 4469 ο
2637 4429 2937 4497 αἰνίξηται·
2975 4428 3094 4482 ἐπεὶ
3132 4430 3225 4481 καὶ
3261 4427 3495 4498 ἀλλαχοῦ
3530 4444 3683 4497 φησι,

2104 4518 2442 4586 Γενόμενος
2472 4517 2738 4580 ὑπήκοος
2760 4512 2938 4581 μέχρι
2969 4510 3248 4577 θανάτου,
3290 4512 3561 4583 πανταχοῦ
3594 4512 3689 4583 τὴν

2104 4599 2413 4670 οἰκονομίαν
2444 4597 2821 4669 πιστούμενος.
2856 4594 3125 4650 Ἐνταῦθα
3153 4595 3210 4647 δὲ
3240 4594 3320 4658 τὸ,
3342 4594 3690 4662 Παρέδωκεν

2104 4685 2344 4746 ἑαυτὸν,
2377 4682 2645 4742 τέθεικεν,
2678 4681 2766 4734 ἵνα
2793 4680 2942 4750 δείξῃ
2966 4681 3048 4732 ὅτι
3079 4680 3218 4732 ἑκὼν
3243 4680 3302 4731 :6
3329 4678 3499 4739 πάθος
3525 4695 3685 4730 κατε-

2104 4768 2317 4834 δέξατο,
2335 4762 2428 4819 καὶ
2446 4766 2546 4819 οὑκ
2570 4765 2784 4835 ἀνάγκῃ
2807 4764 2930 4816 οὑδὲ
2955 4763 3064 4832 βίᾳ,
3091 4761 3223 4814 ἀλλά
3253 4760 3572 4830 βουλόμενος
3595 4763 3689 4814 καὶ

2107 4850 2277 4904 θέλων
2317 4851 2483 4903 παντὶ
2515 4847 2592 4917 τῷ
2617 4847 2726 4900 τῶν
2756 4844 3061 4916 ἀνθρώπων
3097 4844 3243 4911 γένει
3283 4843 3382 4914 τὴν
3413 4844 3687 4915 σωτηρίαν

2107 4930 2664 5005 πραγματεύσασθαι,
2693 4929 2785 4982 τὸν
2823 4927 3054 4999 σταυρὸν
3088 4926 3369 4997 ὑπέμεινε.
3403 4926 3565 4979 Ποίαν
3594 4923 3687 4980 οὖν

2108 5019 2226 5071 κατ’
2251 5016 2408 5081 ἀξίαν
2430 5013 2650 5084 ἀγάπην
2668 5010 3040 5078 ἐπιδείξασθαι
3061 5008 3420 5080 δυνησόμεθα,
3442 5010 3577 5080 πρὸς
3599 5011 3688 5063 τὸν

2107 5101 2250 5154 οὑτω
2280 5099 2538 5153 πλουσίαν
2563 5097 2660 5167 τὴν
2684 5095 2810 5164 περὶ
2832 5096 2979 5166 ἡμᾶς
3005 5093 3231 5164 ἀγάπην
3249 5093 3686 5163 ἑπιδειξάμενονς

2108 5184 2229 5238 Κᾶν
2278 5184 2388 5253 γάρ
2429 5181 2598 5251 αὑτὴν
2633 5179 2732 5250 τὴν
2765 5177 2945 5249 ψυχὴν
2971 5175 3236 5249 προέσθαι.
3268 5175 3689 5247 καταδεξώμεθα

2110 5267 2248 5338 ὑπέρ
2277 5283 2338 5318 τε
2365 5266 2474 5319 τῶν
2508 5262 2675 5317 αὑτοῦ
2701 5261 2903 5333 νόμων,
2937 5260 3029 5313 καὶ
3060 5259 3161 5330 τῆς
3188 5259 3436 5329 φυλακῆς
3464 5258 3573 5311 τῶν
3606 5262 3693 5312 ἐν-

2109 5349 2278 5403 τολῶν
2307 5346 2417 5403 τῶν
2448 5346 2577 5417 παρ’
2600 5344 2764 5399 αὑτοῦ
2799 5342 3077 5409 δοθεισῶν,
3119 5343 3239 5396 οὑδὲ
3272 5342 3416 5396 οὕτω
3456 5343 3591 5413 πρὸς
3631 5344 3691 5395 τὸ

2115 5432 2311 5504 μέτρον
2343 5431 2545 5501 φθάσαι
2567 5427 2911 5499 δυνησόμεθα
2944 5426 3044 5495 τῆς
3073 5425 3314 5495 ἀγάπης,
3343 5426 3408 5496 ἢν
3442 5426 3571 5494 περὶ
3594 5426 3694 5495 τὴν

2111 5514 2389 5586 ἡμετέραν
2418 5511 2731 5576 ἐπεδείξατο
2773 5509 2955 5581 φύσιν.
2983 5509 3155 5573 Αὐτὸς
3192 5509 3291 5578 μὲν
3324 5509 3432 5578 γὰρ
3457 5509 3588 5572 Θεὸς
3619 5510 3693 5562 ὢν

2111 5598 2253 5668 ὑπὲρ
2299 5594 2603 5669 ἀνθρώπων
2652 5593 2811 5648 τοῦτο
2851 5592 3212 5657 κατεδέξατο,
3257 5592 3352 5645 καί
3413 5594 3687 5662 Δεσπότης

2109 5680 2393 5751 τυγχάνων
2417 5679 2556 5750 ὑπὲρ
2577 5677 2801 5742 δούλων,
2839 5676 2934 5731 καὶ
2961 5676 3061 5745 οὑχ
3089 5675 3231 5747 ὑπὲρ
3255 5674 3457 5729 δούλων
3481 5675 3692 5739 ἁπλῶς,

2112 5764 2248 5818 ἀλλά
2286 5764 2381 5818 καὶ
2422 5761 2754 5833 ἀγνωμόνων
2786 5759 2879 5814 καὶ
2925 5759 3128 5829 πολλὴν
3170 5759 3263 5813 καὶ
3302 5759 3566 5813 ἄσπονδον
3595 5757 3694 5825 τὴν

2113 5848 2310 5920 ἔχθραν
2327 5846 2809 5916 ἐπιδεικνυμένων.
2842 5843 2955 5898 Καὶ
2983 5843 3145 5907 αὑτὸς
3175 5843 3274 5913 μὲν
3302 5840 3590 5912 προλαϐὼν
3613 5839 3693 5900 είς

2182 6009 2209 6049 b
2233 6005 2317 6072 Sic
2338 6007 2485 6072 ξρνὶι.
2508 6013 2561 6058 ει
2581 6013 2774 6071 septem
2796 6021 2907 6072 ωεε.
2921 6007 3104 6072 _Morel.
3123 6009 3342 6072 ὑφορῶνη
3388 6000 3698 6072 ᾗοξῖιονοξιέίι

2120 6080 2231 6118 cum
2249 6068 2310 6117 de
2331 6068 2521 6119 Christo
2542 6075 2621 6119 est
2637 6064 2819 6129 ἑεῑιηο,
2832 6071 2894 6119 de
2921 6064 3255 6118 lncarnatibtie
3278 6064 3588 6125 intelligitur,
3613 6064 3693 6109 hic

2120 6142 2240 6180 vero
2263 6130 2325 6181 de
2349 6130 2607 6196 Passionis,
2631 6139 2686 6184 ut
2706 6146 2765 6183 ex
2788 6134 2919 6184 serie
2960 6132 3132 6191 liquet.
