4060 6510
478 456 579 514 ῊΙ

477 571 732 640 ἀναξίους
749 568 844 625 καὶ
873 568 1043 643 μυρία
1069 570 1399 635 ἐπταικότας
1428 570 1527 645 τήν
1553 568 1820 639 τοσαύτην
1843 567 2059 639 εὐεργε-

479 658 604 711 σίαν
623 653 956 719 ἐπεδείξατο⁵
981 655 1141 726 ἡμεῖς
1160 653 1238 719 δὲ,
1260 655 1398 725 ὅπερ
1417 653 1484 707 ἂν
1513 651 1880 717 ἐπιδείξασθαι
1905 648 2056 723 [549]

478 737 816 811 δυνηθῶμεν,
853 736 1005 791 οὐδὲν
1037 737 1181 809 μέγα
1206 736 1469 807 ποιοῦμεν
1492 736 1584 791 τὸν
1618 748 1645 777 ι
1671 735 2058 806 προφθάσαντα

477 825 599 887 ταῖς
624 820 917 886 τοσαύταις
940 820 1282 892 εὐεργεσίαις
1306 821 1456 891 ἡμᾶς
1480 818 1803 891 ἀμείϐεσθαι
1834 816 2059 872 σπουδά-

478 905 684 970 ζοντες.
737 905 820 959 Τά
864 905 974 977 γὰρ
1017 905 1153 977 παρ’
1192 903 1372 975 ἡμῶν,
1405 903 1470 958 ἀν
1517 902 1626 975 ἀρα
1666 902 2054 963 ἀκολουθῶσιν,

475 989 680 1061 ἀμοιϐή
707 987 791 1054 τίς
817 990 934 1043 ἐστι
963 988 1058 1042 zeal
1075 988 1265 1058 ὀφειλή
1288 1004 1302 1018 ο
1334 986 1404 1041 τά
1432 987 1490 1040 δὲ
1522 986 1653 1059 παρ’
1679 984 1868 1051 αὐτοῦ,
1896 984 2056 1055 χάρις

476 1073 573 1128 zeal
597 1071 929 1141 εὐεργεσίαι,
975 1071 1072 1126 καὶ
1104 1071 1315 1143 δωρεᾶς
1348 1071 1601 1142 μέγεθος.
1647 1068 1832 1123 Ταῦτα
1877 1067 2055 1122 τοίνυν

475 1155 693 1212 ἅπαντα
705 1154 1065 1225 λογιζόμενοι,
1093 1153 1469 1224 ἀγαπήσωμεν
1493 1153 1586 1207 τὸν
1605 1152 1859 1224 Χριστὸν,
1886 1150 2055 1205 καθά-

475 1257 587 1312 περ
608 1238 821 1303 Παῦλος
841 1236 1004 1292 αὐτὸν
1021 1236 1295 1307 ἠγάπησε,
1318 1237 1412 1290 zeal
1436 1235 1626 1308 μηδεὶς
1643 1237 1775 1306 ἡμῖν
1794 1234 1901 1287 τῶν
1922 1249 2054 1304 παρ⁴

472 1323 641 1378 όντων
675 1322 813 1375 ἔστω
850 1319 1030 1388 λόγος,
1081 1318 1219 1373 ἀλλά
1256 1317 1520 1388 διηνεκῶς
1554 1319 1646 1372 τὸν
1684 1317 1849 1373 αὐτοῦ
1889 1317 2051 1372 πόθον

472 1407 686 1479 έχωμεν
719 1403 1007 1478 ἱδρυμένον
1050 1401 1210 1474 ἡμῶν
1266 1404 1333 1474 τῇ
1383 1401 1551 1474 ψυχῇ.
1602 1400 1760 1457 Οῦτω
1800 1400 1910 1472 γάρ
1957 1400 2052 1454 zeal

471 1490 689 1546 πάντων
719 1485 1204 1557 καταγελασόμεθα
1229 1486 1342 1539 τῶν
1366 1485 1460 1540 τοῦ
1488 1486 1754 1559 παρόντος
1785 1484 1921 1556 βίου,
1957 1484 2051 1537 zeal

468 1573 612 1628 οὕτω
638 1572 736 1643 τὴν
762 1573 864 1643 γῆν
896 1567 1151 1638 καθάπερ
1190 1568 1285 1622 τὸν
1323 1568 1551 1640 οὐρανὸν
1579 1570 1894 1641 οἰκήσομεν,
1924 1567 2049 1621 οὔτε

469 1656 578 1710 ὑπὸ
608 1655 715 1709 τῶν
768 1650 1019 1725 χρηστῶν
1063 1649 1301 1705 ἐνταῦθα
1347 1651 1729 1722 χαυνούμενοι,
1772 1649 1895 1704 οὐτε
1942 1648 2048 1703 ὐπὸ

468 1737 577 1793 τῶν
609 1735 870 1806 λυπηρῶν
903 1732 1315 1806 συστελλόμενοι
1335 1749 1348 1763 ·
1389 1732 1527 1789 ἀλλά
1558 1734 1737 1790 πάντα
1768 1732 2047 1806 παρατρέ-

469 1838 656 1893 χοντες
682 1821 819 1892 πρὸς
837 1818 929 1872 τὸν
954 1816 1290 1888 ποθούμενον
1315 1817 1472 1889 ἡμῶν
1504 1818 1780 1888 Δεσπότην
1799 1816 2049 1872 ἐντεῦθεν

467 1900 925 1976 ἐπειχθησόμεθα,
957 1900 1052 1954 καὶ
1083 1901 1219 1971 μήτε
1260 1900 1397 1972 πρὸς
1448 1900 1620 1972 αὐτὴν
1648 1900 1748 1971 τὴν
1792 1900 2048 1972 μέλλησιν

465 1984 922 2059 δυσχερανοῦμεν,
940 1982 1055 2038 ἀλλ’
1079 1982 1314 2054 ἐροῦμεν
1343 1983 1488 2038 κατά
1510 1983 1602 2037 τὸν
1633 1984 1900 2055 μακάριον
1921 1983 2047 2037 τοῦ·

463 2087 557 2125 τον
591 2069 687 2124 zeal
724 2069 907 2139 ἡμεῖς,
939 2066 1022 2121 δτι
1046 2066 1108 2119 Ὃ
1139 2066 1257 2120 νῦν
1291 2065 1476 2134 ἄῖιμεν
1506 2065 1577 2120 ἐν
1602 2066 1807 2135 σαρκὶ,
1845 2066 1915 2121 ἐν
1950 2068 2048 2120 πί-

464 2170 597 2208 στει
633 2152 819 2223 ᾰῦμεν
849 2148 925 2219 τῇ
948 2148 1056 2204 τοῦ
1098 2147 1237 2203 Υίοῦ
1271 2148 1378 2204 τοῦ
1417 2148 1589 2213 Θεοῦ,
1616 2148 2048 2219 ἀγαπήσαντος

463 2234 644 2305 ἡμᾶς,
671 2234 771 2289 καί
793 2231 1169 2303 παραδόντος
1186 2230 1407 2286 ἑαυτὸν
1438 2231 1591 2300 ὑπὲρ
1605 2229 1801 2302 ἡμῶν·
1835 2232 1925 2286 ἵνα
1951 2232 2049 2286 zeal

462 2321 556 2374 τὸν
571 2319 816 2390 παρόντα
834 2316 948 2388 βίον
959 2315 1181 2380 ἀλύπως
1200 2315 1559 2385 διανύσωμεν,
1582 2316 1677 2369 zeal
1694 2316 1802 2369 τῶν
1824 2314 2046 2387 μελλόν-

461 2420 574 2457 των
596 2398 813 2471 ἀγαθῶν
824 2398 1129 2453 ἀπολαῦσαι
1149 2396 1601 2468 καταξιωθῶμεν,
1631 2398 1813 2471 χάριτι
1834 2398 1929 2453 zeal
1955 2415 2046 2468 φι-

461 2484 784 2557 λανθρωπίᾳ
803 2481 900 2536 τοῦ
926 2481 1132 2552 Κυρίου
1159 2479 1317 2553 ήμῶν
1349 2479 1525 2550 Ἰησοῦ
1550 2481 1811 2551 Χριστοῦ,
1844 2480 1962 2551 μεθ’
1985 2474 2047 2536 οὗ

461 2576 542 2648 τῷ
562 2574 760 2647 Πατρὶ,
804 2572 921 2643 ἅμα
966 2571 1046 2643 τῷ
1092 2570 1230 2642 ἀγίῳ
1271 2571 1588 2642 Πνεύματι,
1635 2571 1784 2637 δόξα,
1825 2572 2044 2644 κράτος,

461 2658 620 2730 τιμὴ,
653 2656 747 2711 νῦν
771 2656 868 2711 zeal
900 2656 1007 2720 ἀεὶ,
1034 2654 1130 2710 zeal
1158 2654 1239 2718 είς
1270 2654 1396 2718 τούς
1430 2654 1632 2719 αἰῶνας
1667 2654 1776 2707 τῶν
1814 2653 2042 2709 αἰώνων.

474 2743 669 2815 Ἀμήν.

1050 2830 1295 2886 ΟΜΙΛΙΑ
1333 2831 1459 2885 ΛΕ’.

473 2917 750 2988 Ἐγένετο,
768 2915 839 2970 δὲ
863 2915 936 2988 ἐν
975 2912 1053 2988 τῇ
1092 2914 1378 2988 βασιλεία
1412 2912 1707 2988 apameae
1737 2912 2046 2988 βασεηέαέευς

530 2982 823 3055 Σενναὰρ,
861 2982 1061 3055 Ἀριὼκ
1091 2983 1392 3050 βασιλεὺς
1426 2984 1705 3055 ᾎλασὰρ,
1736 2984 1835 3055 καὶ
1868 2982 2044 3055 Χοδο-

527 3051 789 3127 λογομὸρ
802 3051 1102 3127 ἕαάί-ιεῦς
1118 3051 1452 3127 Ἐλάμν,και
1479 3052 1716 3127 Θαρθάρι
1741 3052 2045 3127 ,ϐρσίλεὺς

532 3122 653 3181 τῶν
675 3122 887 3180 ’ὲθνῶν
923 3123 1222 3192 ἐποίησαν
1258 3122 1528 3192 πόλεμον
1548 3122 1699 3193 μετὰ
1721 3123 1828 3177 τοῦ
1854 3124 2041 3188 ,βασι-

531 3194 686 3262 λέως
717 3194 834 3248 τῶν
859 3193 1162 3263 Σοδόμων.

531 3287 598 3334 α’.
630 3279 792 3347 Μέγα
841 3276 1065 3346 ἀγαθὸν,
1101 3276 1393 3347 ἀγαπητοὶ,
1416 3274 1526 3329 τῶν
1552 3274 1710 3329 θείων
1745 3273 1978 3346 Γραφῶν
2006 3276 2039 3346 ἡ

461 3362 790 3434 ἀνάγνωσις.
814 3361 986 3415 Τοῦτο
1013 3360 1111 3432 τὴν
1133 3361 1312 3432 ψυχὴν
1335 3359 1622 3429 φιλόσοφον
1646 3360 1749 3413 ἀπε
1756 3356 2040 3428 ργάζεται.

458 3448 620 3501 τοῦτο
642 3445 780 3519 πρὸς
799 3444 892 3498 τδν
914 3444 1142 3515 οὐρανὸν
1175 3442 1462 3515 μεθίστησι
1490 3441 1590 3512 τὴν
1610 3441 1867 3502 διάνοιαν,
1885 3441 2044 3496 τοῦτο

459 3529 783 3601 εὐχάριστον
812 3526 1212 3590 κατασκευάζει
1249 3525 1341 3579 τὸν
1371 3524 1679 3595 ἄνθρωπον,
1720 3522 1879 3577 τοῦτο
1900 3525 2044 3577 ποιεῖ

460 3611 599 3684 πρὸς
624 3610 793 3682 μηδὲν
812 3609 923 3663 τῶν
944 3608 1227 3679 παρόντων
1254 3607 1571 3678 ἐπτοῆσθαι.
1598 3606 1758 3660 τοῦτο
1779 3605 2042 3677 διηνεκῶς

461 3695 581 3747 ἐκεῖ
611 3694 754 3744 ποιεῖ
772 3691 1082 3744 διαιτᾶσθαι
1107 3689 1199 3743 τὸν
1226 3689 1485 3760 λογισμὸν
1515 3689 1609 3742 τὸν
1636 3689 1928 3760 ⁴ἡμέτερον,
1947 3688 2044 3741 καὶ

463 3775 603 3848 πρὸς
653 3773 753 3845 τὴν
794 3771 891 3825 τοῦ
940 3773 1212 3826 Δεσπότου
1263 3771 1497 3843 ἀμοιϐὴν
1537 3772 1779 3841 ὁρῶντας
1825 3769 2042 3824 ἅπαντα

462 3858 612 3929 ἡμᾶς
642 3853 1064 3927 διαπράττεσθαι
1083 3894 1099 3917 ,
1135 3854 1230 3908 καὶ
1257 3854 1395 3928 προς
1425 3854 1552 3918 τοὺς
1587 3854 1686 3924 τῆς
1710 3853 1912 3921 ἀρετῆς
1941 3851 2041 3904 πό-

461 3957 586 4004 νους
615 3936 751 4011 μετά
785 3936 991 4008 πολλῆς
1020 3938 1299 4009 ἐγχειρεῖν
1324 3938 1423 4008 τῆς
1460 3935 1786 4008 προθυμίας.
1826 3932 2041 3988 Ἐντεῦο

461 4024 555 4078 θεν
570 4023 679 4095 γάρ
700 4023 817 4075 ἐστι
849 4020 1041 4092 μαθεῖν
1067 4020 1313 4092 ἀκριϐῶς
1333 4020 1435 4091 τῆς
1455 4020 1676 4092 ταχείας
1705 4018 2042 4091 ἀντιλήψεως

459 4105 554 4161 τοῦ
583 4105 718 4160 Θεοῦ
749 4104 848 4176 τὴν
893 4103 1174 4176 πρόνοιαν,
1205 4102 1313 4159 τῶν
1350 4104 1574 4159 δικαίων
1621 4104 1720 4174 τὴν
1763 4100 2037 4174 ἀνδρείαν,

458 4187 555 4243 τοῦ
599 4188 868 4242 Δεσπότω
900 4186 998 4258 τὴν
1030 4186 1339 4257 ἀγαθότητα
1356 4227 1370 4247 ,
1408 4188 1503 4241 zeal
1557 4186 1665 4240 τῶν
1699 4185 1943 4256 ἀμοιϐῶν
1979 4183 2040 4238 τὸ

464 4270 713 4343 μέγεθος.
773 4269 1050 4323 Ἐντεῦθεν
1098 4270 1246 4323 ἐστιν
1306 4271 1388 4333 είς
1443 4269 1606 4338 ζῆλον
1655 4269 1751 4323 zeal
1812 4266 2039 4338 μίμησιν

461 4353 805 4425 διεγερθῆναι
849 4354 948 4424 τῆς
998 4352 1315 4421 φιλοσοφίας
1353 4352 1462 4406 τῶν
1504 4351 1767 4420 γενναίων
1807 4348 2036 4420 ἀνδρῶν,

466 4437 562 4492 zeal
598 4435 673 4506 μὴ
703 4436 910 4506 ναρκᾷν
945 4437 1079 4503 πρὸς
1112 4436 1238 4497 τοὺς
1267 4434 1366 4505 τῆς
1395 4433 1596 4504 ἀρετῆς
1621 4433 1867 4501 ἀγῶνας,
1902 4430 2041 4485 ἀλλά

465 4518 690 4589 θαρρεῖν
719 4518 813 4569 zeal
859 4514 964 4586 πρὸ
1000 4516 1102 4586 τῆς
1135 4514 1412 4579 ἐκϐάσεως
1440 4519 1561 4579 ταῖς
1587 4517 1739 4587 παρὰ
1781 4514 1874 4569 τοῦ
1902 4512 2038 4569 Θεοῦ

465 4599 817 4671 ὑποσχέσεσι.
849 4599 926 4651 Δι’
956 4597 1005 4663 ὃ,
1043 4597 1365 4669 παρακαλῶ,
1400 4597 1539 4668 μετά
1565 4598 1766 4667 πολλῆς
1801 4594 2040 4666 σπουδῆς

461 4684 564 4755 τὴν
598 4681 906 4750 ἀνάγνωσιν
938 4681 1046 4734 τῶν
1080 4679 1240 4734 θείων
1282 4679 1515 4751 Γραφῶν
1548 4680 1851 4749 ποιώμεθα.
1880 4679 2040 4735 Οῦτω

460 4767 569 4836 γάρ
615 4766 709 4820 zeal
758 4763 860 4834 τῆς
913 4763 1166 4832 γνώσεως
1223 4762 1613 4833 ἐπιτευξόμεθα
1637 4802 1652 4826 ,
1703 4763 1752 4817 εί
1800 4764 2039 4835 συνεχῶς

461 4849 706 4919 ἐπίωμεν
752 4847 823 4900 τά
872 4845 1177 4916 ἐγκείμενοι.
1241 4845 1374 4899 Οὐδὲ
1425 4846 1533 4917 γάρ
1591 4848 1706 4900 ἐστι
1755 4846 1847 4900 τὸν
1903 4848 2040 4918 μετὰ

463 4931 703 5001 σπουδῆς
735 4929 830 4983 καὶ
861 4928 1057 4982 πολλοῦ
1090 4928 1256 4981 πόθου
1288 4931 1402 4992 τοῖς
1432 4928 1599 4993 θείοις
1644 4929 2038 5000 ἐντυγχάνοντα

461 5014 641 5082 λόγοις
658 5013 688 5053 ιι
717 5012 1072 5084 περιοφθῆναί
1099 5028 1230 5065 ποτε
1248 5027 1263 5041 ο
1297 5010 1435 5066 ἀλλὰ
1467 5012 1571 5067 κᾶν
1598 5012 1880 5082 ἄνθρωπος
1909 5015 2040 5085 ἡμῖν

469 5099 544 5169 μὴ
586 5096 809 5168 γένηται
838 5094 1153 5158 διδάσκαλος
1177 5137 1193 5160 ,
1237 5094 1401 5159 αὐτὸς
1440 5097 1470 5148 ό
1510 5097 1786 5168 Δεσπότης
1830 5097 2039 5153 ἀνωθεν

466 5179 790 5250 ἐμϐατεύων
849 5181 968 5242 ταῖς
1025 5177 1271 5250 καρδίαις
1320 5178 1439 5241 ταῖς
1475 5179 1769 5252 ἡμετέραις
1815 5181 2039 5249 φωτίζει

463 5264 563 5334 τὴν
588 5263 849 5325 διάνοιαν,
894 5259 1231 5329 καταυγάζει
1262 5260 1355 5315 τὸν
1394 5259 1679 5332 λογισμὸν,
1709 5263 2039 5318 ἐκκαλύπτει

463 5346 533 5400 τά
550 5345 903 5405 λανθάνοντα,
922 5341 1239 5405 διδάσκαλος
1256 5344 1387 5414 ἡμῖν
1404 5344 1613 5412 γίνεται
1631 5344 1739 5399 τῶν
1752 5347 2043 5418 ἀγνοουμέ-

467 5445 600 5482 νωψ
627 5429 787 5499 μόνον
981 5425 1076 5479 ἐάν
1097 5428 1256 5496 ἡμεῖς
1276 5429 1345 5479 τά
1373 5427 1502 5496 παρ’
1533 5428 1742 5481 ἑαυτῶν
1764 5431 2043 5502 εἰσφέρειν

471 5508 808 5579 βουλώμεθα.
840 5508 940 5575 Μὴ
979 5508 1281 5576 καλέσητε
1313 5508 1442 5578 γὰρ,
1475 5512 1628 5580 φησὶ,
1666 5510 2044 5568 διδάσκαλον

470 5589 571 5642 ἐπὶ
602 5589 709 5658 τῆς
752 5589 888 5660 τῆς.
940 5590 1191 5644 Ἐπειδὰν
1235 5587 1327 5645 οὖν
1369 5589 1624 5662 λάϐωμεν
1670 5595 1809 5664 μετά
1855 5600 2043 5666 χεῖρας

476 5677 674 5748 βιϐλίον
702 5680 1090 5750 πνευματικὸν,
1132 5679 1504 5744 συντείναντες
1553 5681 1766 5735 ἑαυτῶν
1800 5683 1900 5756 τήν
1931 5685 2045 5739 διά-

474 5778 642 5824 νοιαν,
684 5764 778 5816 zeal
819 5764 1216 5832 συναγαγόντες
1247 5764 1340 5818 τὸν
1392 5764 1674 5836 λογισμὸν,
1724 5767 1818 5819 καὶ
1864 5770 2045 5823 πᾶσαν

478 5839 733 5914 βιωτικὴι
764 5843 971 5898 ἔννοιαν
998 5845 1369 5913 ἀπωσάμενοι.
1399 5845 1544 5900 οὕτω
1593 5848 1692 5919 τὴν
1738 5849 2043 5918 ἀνάγνωσιν

477 5923 759 5993 ποιώμεθα
788 5925 926 6007 μετά
956 5926 1154 5995 πολλῆς
1180 5929 1278 5995 τῆς
1304 5928 1590 5992 εὐλαϐείας
1621 5971 1636 5996 ,
1667 5933 1803 6000 μετά
1841 5934 2042 6007 πολλῆς

476 6007 686 6116 ΕυῒτΔίὶἱ
712 6005 955 6069 ποιοῦμεν,
977 6007 1059 6059 alii
1079 6011 1305 6072 ποιῶμεν.
1372 6009 1402 6048 δ
1424 6011 1655 6063 Additum
1676 6015 1831 6077 λόγοις
1849 6030 1877 6066 e
1898 6005 2047 6072 CoisL

1246 452 1302 509 S.
1344 450 1629 511 JOANNIS
1668 445 2159 509 CIIRYSOSTOMI
2190 448 2506 512 ARCHIEP.
2545 457 3093 517 CONS'I'ANTINOP.

3621 462 3726 519 ΗΞ

2159 566 2260 637 τῆς
2290 572 2564 645 προσοχῆς
2583 613 2599 638 .
2632 574 2720 629 ἵνα
2746 575 3063 647 δυνηθῶμεν
3110 573 3215 628 ὑπὸ
3250 573 3343 628 τοῦ
3370 573 3527 645 ἀγίου
3559 575 3727 631 Πνεύ-

2162 665 2331 719 ματος
2362 654 2696 727 ὀδηγηθῆναι
2724 658 2818 712 ἐπὶ
2844 658 2943 730 τὴν
2971 657 3300 730 κατανόησιν
3342 656 3453 711 τῶν
3482 674 3727 730 γεγραμ-

2163 733 2363 803 μένων,
2393 740 2491 792 zeal
2531 740 2734 814 πολλὴν
2763 741 2973 796 ἐκεῖθεν
3004 742 3104 813 τὴν
3129 741 3400 811 ὠφέλειαν
3440 742 3728 813 καρπώσα-

2158 815 2302 872 σθαι.
2329 820 2441 875 Kal
2470 823 2581 895 γάρ
2602 825 2634 877 ό
2657 823 2912 895 εὐνοῦχος
2940 825 3148 889 ἐκεῖνος
3175 826 3204 878 ὁ
3241 822 3535 896 βάρὸαρος,
3571 827 3600 879 ὁ
3628 824 3727 895 τῆς

2158 898 2479 977 βασιλίσσης
2506 907 2800 973 Δίθιόπων,
2834 908 2894 960 ἐν
2919 907 3155 978 τοσαύτῃ
3181 908 3464 977 τυγχάνων
3491 923 3727 978 περιφα-

2155 983 2297 1055 νείᾳ,
2316 987 2409 1040 zeal
2430 988 2525 1041 ἐπὶ
2550 989 2644 1043 τοῦ
2676 989 2947 1060 ὀχήματος
2973 989 3428 1062 φερόμενοςςοὺδέ
3456 990 3516 1043 δν
3538 989 3728 1059 ἐκείνῳ

2154 1064 2232 1137 τῷ
2254 1069 2434 1141 καιρῷ
2460 1070 2561 1141 τῆς
2588 1070 2949 1140 ἀναγνώσεως
2975 1072 3202 1143 ἡμέλει,
3232 1070 3368 1125 ἀλλά
3389 1070 3481 1124 τὸν
3512 1071 3725 1141 προφή-

2153 1164 2254 1221 την
2287 1151 2428 1223 ἐχων
2456 1152 2596 1223 μετά
2619 1157 2837 1227 χεῖρας,
2866 1154 3067 1226 πολλὴν
3093 1154 3331 1209 ἐποιεῖτο
3352 1154 3453 1224 τὴν
3493 1152 3727 1223 σπουδὴν

2154 1233 2292 1305 πρὸς
2322 1236 2421 1307 τὴν
2446 1236 2754 1306 ἀνάγνωσιν
2771 1247 2818 1303 ο,
2867 1238 2963 1292 zeal
3002 1237 3175 1292 ταῦτα
3202 1237 3306 1291 οὐκ
3334 1237 3491 1301 είδὼς
3544 1235 3614 1290 τά
3637 1238 3728 1305 ἐγ-

2153 1317 2414 1389 κείμεναο
2452 1319 2567 1373 ἀλλ’
2620 1322 2772 1391 ὅμως
2805 1320 2995 1391 ἐπειδὴ
3035 1320 3107 1375 τὰ
3149 1320 3283 1392 παρ’
3317 1320 3511 1374 ἑαυτοῦ
3548 1320 3728 1374 πάντα

2152 1400 2459 1471 εἰσήνεγκε,
2487 1401 2586 1474 τὴν
2615 1402 2872 1474 σπουδὴν,
2905 1404 3005 1474 τὴν
3047 1401 3380 1474 προθυμίαν,
3426 1402 3526 1474 τὴν
3556 1416 3726 1470 προσ-

2151 1482 2303 1553 οχὴν,
2334 1484 2567 1556 ἐπέτυχε
2610 1484 2706 1539 τοῦ
2748 1486 3242 1559 καθοδηγήσαντος.
3289 1487 3572 1557 Ἐννόησον
3616 1485 3726 1555 γάρ

2151 1581 2243 1636 μοι
2266 1566 2389 1620 ὅσον
2412 1562 2504 1639 ἦν,
2540 1569 2678 1640 μήτε
2720 1569 3105 1641 ὁδοιποροῦντα
3149 1569 3423 1641 ἀμελῆσαι
3450 1568 3552 1639 τῆς
3594 1569 3726 1622 am.

2151 1648 2425 1717 γνώσεως,
2442 1651 2539 1705 καὶ
2567 1651 2742 1707 ταῦτα
2763 1654 2850 1708 ἐπ’
2870 1654 3144 1726 ὀχήματος
3170 1654 3499 1725 καθήμενον.
3517 1652 3727 1706 Ἄκουε-

2146 1746 2326 1786 τωσαν
2356 1733 2408 1786 οἱ
2443 1733 2579 1805 μηδὲ
2621 1735 2715 1788 ἐπὶ
2739 1734 2841 1806 τῆς
2885 1737 3061 1800 οίκίας
3089 1736 3248 1791 τοῦτο
3295 1736 3513 1808 ποιῆσαι
3556 1750 3726 1789 κατα-

2146 1815 2451 1888 δεχόμενοι,
2491 1816 2629 1872 ἀλλά
2653 1819 2967 1887 νομίζοντες
3002 1818 3279 1892 πάρεργον
3308 1816 3444 1872 εἷναι
3480 1816 3577 1888 τὴν
3600 1816 3724 1871 τού-

2147 1916 2257 1954 των
2302 1902 2630 1970 ἀνάγνωσιν,
2677 1903 2773 1957 καὶ
2810 1902 2899 1957 διά
2938 1903 3001 1957 τὸ
3045 1903 3268 1973 γυναικὶ
3308 1903 3593 1965 συνοικεῖν,
3628 1899 3723 1952 zeal

2150 1984 2405 2057 στρατείᾳ
2459 1984 2852 2055 κατειλῆφθαι,
2883 1984 2976 2041 zeal
3013 1985 3241 2041 παιδίων
3270 1983 3594 2058 φροντίζειν,
3628 1981 3724 2035 zeal

2147 2066 2374 2120 οίκετῶν
2401 2066 2798 2139 ἐπιμελεῖσθαι,
2826 2069 2922 2122 zeal
2964 2068 3165 2141 ἐτέρων
3199 2067 3540 2140 πραγμάτων
3576 2064 3722 2136 ἐχειν

2149 2148 2430 2221 φροντίδα,
2457 2149 2533 2221 μὴ
2556 2151 2854 2222 προσήκειν
2879 2150 3105 2216 αὐτοῖςά
3139 2152 3268 2222 περὶ
3293 2150 3394 2223 τὴν
3419 2148 3529 2203 τῶν
3559 2147 3721 2201 θείων

2147 2230 2381 2303 Γραφῶν
2407 2233 2713 2302 ἀνάγνωσιν
2749 2232 2894 2304 ἔχειν
2933 2235 3190 2302 σπουδήν.
3233 2233 3366 2287 Ἰδοὺ
3403 2232 3512 2302 γάρ
3543 2230 3721 2285 εὐνοῦ-

2148 2330 2262 2384 χος,
2290 2312 2577 2386 ἄνθρωπος
2611 2314 2919 2388 βάρϐαρος,
2951 2315 3237 2387 ἀμφότερα
3269 2313 3429 2367 ίκανά
3472 2315 3553 2371 εἰς
3588 2312 3720 2367 πολι

2146 2395 2246 2468 λὴν
2291 2397 2566 2469 ρᾳθυμίαν
2613 2398 2891 2469 ἐμϐαλεῖν,
2939 2399 3033 2454 zeal
3081 2399 3219 2471 μετά
3243 2400 3446 2453 τούτων
3481 2399 3516 2469 η
3549 2396 3721 2467 πολλὴ

2149 2481 2508 2553 περιφάνεια,
2555 2481 2650 2536 τοῦ
2699 2482 2929 2538 πλούτου
2962 2486 2995 2555 ή
3046 2482 3369 2555 περιουσία,
3404 2482 3536 2535 αὐτὸ
3572 2480 3634 2534 τὸ
3661 2481 3720 2534 ἐν

2148 2564 2424 2637 ὁδοιπορίᾳ
2473 2559 2615 2620 εἶναι
2663 2566 2758 2619 καὶ
2800 2565 2888 2620 ἐπ’
2933 2566 3210 2637 ὀχήματος
3261 2563 3552 2635 φέρεσθαι’
3597 2563 3720 2622 οὐδὲ

2148 2646 2257 2717 γὰρ
2286 2646 2468 2717 ῥᾴδιον
2498 2646 2802 2715 ἀναγνώσει
2846 2648 3134 2720 προσέχειν
3179 2647 3258 2719 τῷ
3302 2647 3474 2711 οὕτως
3509 2647 3721 2701 ὁδοιπο-

2150 2728 2351 2798 ροῦντι,
2379 2729 2516 2782 ἀλλὰ
2556 2729 2648 2783 καὶ
2673 2730 2877 2802 σφόδρα
2905 2731 3166 2803 δυσχερές
3188 2747 3203 2762 ο
3235 2729 3350 2784 ἀλλ’
3386 2730 3536 2801 ὅμως
3563 2730 3592 2782 ὁ
3621 2727 3721 2781 πό·

2145 2812 2236 2875 θος
2270 2811 2363 2864 zeal
2390 2814 2425 2883 ή
2452 2812 2621 2885 πολλὴ
2672 2814 2877 2885 σπουδὴ
2910 2814 3088 2868 πάντα
3116 2814 3185 2869 τά
3218 2812 3515 2885 κωλύματα
3556 2813 3722 2865 ἐκπο-

2143 2892 2250 2948 δὼν
2281 2897 2536 2961 ἐποιεῖτο,
2582 2896 2678 2950 zeal
2724 2896 2901 2968 εἴχετο
2938 2896 3036 2967 τῆς
3067 2897 3423 2963 ἀναγνώσεως
3443 2937 3461 2962 ,
3490 2894 3586 2948 zeal
3617 2894 3722 2948 οὐκ

2144 2976 2297 3047 ἔλεγε
2328 2976 2518 3044 ταῦτα,
2565 2979 2603 3034 ἀ
2639 2978 2736 3033 νῦν
2782 2979 2967 3035 πολλοὶ
3009 2978 3285 3049 λέγουσιν’
3315 2979 3378 3033 οὐ
3406 2978 3510 3032 νοῶ
3533 2977 3603 3032 τά
3634 2978 3722 3046 ἐγο

2145 3061 2397 3131 κείμενα,
2428 3062 2492 3115 οὐ
2516 3060 2751 3133 δύναμαι
2780 3063 3020 3117 συνιέναι
3056 3062 3118 3116 τὸ
3149 3061 3310 3133 βάθος
3334 3060 3446 3114 τῶν
3476 3077 3723 3131 γεγραμ-

2149 3145 2326 3217 μένων
2348 3162 2363 3176 °
2405 3146 2551 3211 τίνος
2581 3146 2767 3201 ἕνεκεν
2822 3147 3010 3210 ἁπλῶς
3051 3146 3146 3201 zeal
3177 3147 3298 3217 εἱκῆ
3345 3144 3438 3198 τὸν
3474 3145 3725 3216 κάματον

2145 3227 2423 3300 ὑπομενῶ,
2466 3229 2854 3299 ἀναγινώσκων
2883 3230 2977 3283 καὶ
3004 3230 3106 3284 οὐκ
3129 3230 3267 3300 ἔχων
3316 3229 3408 3282 τὸν
3457 3227 3723 3299 ὁδηγῆσαι

2141 3311 2472 3382 δυνάμενον;
2509 3312 2673 3367 Οὐδὲν
2706 3311 2907 3366 τούτων
2950 3311 3233 3381 ἐλογίσατο
3256 3313 3286 3364 ό
3312 3310 3583 3383 βάρϐαρος
3618 3310 3723 3381 μὲν

2143 3394 2240 3465 τὴν
2270 3393 2519 3462 γλῶσσαν
2541 3434 2557 3459 ,
2590 3393 2881 3463 φιλόσοφος
2927 3394 2985 3448 δὲ
3016 3395 3116 3466 τὴν
3148 3394 3417 3448 διάνοιαν·
3466 3393 3581 3447 ἀλλ’
3630 3396 3722 3446 ἐν-

2144 3480 2341 3549 νοήσας
2367 3477 2441 3542 ὡς
2475 3478 2537 3531 οὐ
2567 3476 2992 3548 περιοφθήσεται
3010 3516 3026 3541 ,
3065 3476 3202 3531 ἀλλά
3229 3476 3439 3548 ταχέως
3480 3476 3724 3530 ἀπολαύ-

2147 3577 2229 3614 σει
2258 3561 2354 3632 τῆς
2373 3560 2584 3615 ἀνωθεν
2617 3561 2811 3633 ῥοπῆς,
2841 3561 2891 3614 εί
2916 3560 2985 3614 τὰ
3012 3559 3142 3631 παρ’
3172 3560 3365 3613 ἐαυτοῦ
3397 3559 3494 3613 zeal
3536 3559 3603 3613 τά
3633 3561 3723 3622 είς

2143 3643 2372 3713 δύναμιν
2418 3643 2767 3709 ἐπιδείξαιτο,
2814 3643 2989 3715 εἴχετο
3038 3642 3138 3713 τῆς
3184 3641 3563 3710 ἀναγνώσεως.
3617 3642 3724 3694 Διά

2142 3725 2301 3780 τοῦτο
2323 3728 2353 3780 ό
2382 3725 2763 3798 φιλάνθρωπος
2803 3727 3079 3797 Δεσπότης
3115 3728 3254 3799 ὁρῶν
3285 3725 3451 3780 αὐτοῦ
3494 3725 3584 3779 τὸν
3616 3726 3720 3779 πό·

2143 3807 2257 3873 θον,
2310 3808 2371 3863 οὐ
2415 3808 2703 3879 περιεῖδεν,
2752 3809 2813 3861 οὐ
2859 3807 3147 3862 κατέλιπεν
3196 3808 3549 3880 ἀπρονόητον,
3597 3808 3721 3862 ἀλλ’

2141 3892 2345 3956 εὐθέως
2391 3892 2541 3963 αὐτῷ
2602 3892 2693 3945 τὸν
2739 3890 3058 3946 διδάσκαλον
3106 3892 3336 3962 ἔπεμψε.
3388 3892 3461 3944 Σὺ
3511 3891 3569 3945 δέ
3624 3910 3721 3963 μοι

2144 3975 2338 4030 σκόπει
2372 3975 2473 4047 τὴν
2516 3973 2611 4029 τοῦ
2657 3975 2794 4029 Θεοῦ
2834 3975 3030 4046 σοφίαν
3051 4016 3067 4043 ,
3116 3975 3232 4040 πῶς
3277 3976 3470 4046 έμενον
3509 3976 3722 4031 ἐκεῖνον

2141 4057 2408 4130 πρότερον
2444 4058 2514 4113 τά
2545 4058 2674 4130 παρ’
2714 4058 2908 4113 ἐαυτοῦ
2947 4060 3297 4127 είσενεγγεῖν,
3338 4058 3433 4112 zeal
3467 4060 3589 4113 τότε
3612 4059 3719 4128 τὴν

2141 4140 2346 4196 οἰκείαν
2388 4141 2669 4212 ἀντίληψιν
2713 4140 3101 4195 ἐπιδείκνυται.
3147 4140 3299 4194 Ἐπεὶ
3330 4137 3423 4196 οὖν
3465 4140 3533 4195 τά
3579 4144 3720 4213 παρ’

2141 4223 2335 4280 ἑαυτοῦ
2365 4224 2542 4279 πάντα
2570 4225 2892 4296 ἀπήρτιστο,
2908 4223 3092 4278 λοιπὸν
3113 4222 3267 4296 ὤφθη
3291 4225 3320 4277 ὁ
3348 4225 3574 4294 ἄγγελος
3596 4224 3719 4278 Κυ-

2144 4308 2259 4379 ρίου
2281 4307 2454 4377 λέγων
2475 4308 2555 4377 τῷ
2574 4308 2824 4380 Φιλίππῳ
2840 4325 2854 4339 ο
2872 4308 3156 4375 Ἀναστὰς
3180 4311 3443 4378 πορεύου
3470 4308 3566 4364 ἐπὶ
3592 4307 3716 4375 τὴν

2140 4390 2286 4446 ὁδὸν
2322 4390 2439 4459 τὴν
2490 4392 2976 4446 καταϐαίνουσαν
3026 4391 3146 4446 ἀπὸ
3194 4389 3584 4462 Ἰερουσαλὴμ
3625 4394 3722 4458 εις

2140 4472 2358 4538 Γάᾶιν,
2373 4473 2523 4538 αὕτη
2549 4474 2722 4529 ἐστὶν
2739 4475 2979 4544 ἕρημος.
3002 4473 3112 4529 Καὶ
3139 4473 3290 4537 ίδοὺ,
3303 4472 3459 4543 ἀνὴρ
3473 4474 3715 4543 Αίθίοψ,

2141 4554 2453 4625 δυνάστης
2476 4557 2769 4626 εὐνοῦχος
2796 4556 3116 4625 Κανδάκης
3134 4595 3150 4621 ,
3194 4554 3344 4629 [551]
3372 4556 3492 4624 τῆς
3530 4557 3717 4620 ﬂace-

2139 4640 2371 4707 ,πίσσης
2417 4639 2734 4704 Αἰθιόπων,
2764 4638 2832 4706 ὃς
2859 4638 3123 4705 ἐλήλυθε
3151 4637 3597 4707 προσκυνήσων
3625 4643 3724 4706 εις

2152 4720 2566 4790 Ἰερουσαλὴμ,
2615 4721 2716 4777 καὶ
2759 4716 2940 4787 οὗτος
2992 4720 3334 4791 ὑπέστρεψε
3383 4720 3725 4792 καθήμενος

2141 4803 2241 4857 ἐπὶ
2296 4804 2404 4859 τοῦ
2456 4805 2716 4874 ἅρματος
2766 4804 2973 4870 αὐτοῦ,
3032 4804 3131 4858 καὶ
3185 4805 3551 4874 ἀνεγίνωσκε
3606 4805 3728 4859 τὸν

2146 4886 2469 4957 προφήτην
2503 4887 2765 4942 Ἡσαΐαν.
2799 4888 2940 4959 Ὅρα
2974 4888 3091 4952 πῶς
3134 4888 3373 4960 ἀκριϐῶς
3417 4890 3548 4958 ἡμῖν
3593 4888 3721 4958 διη-

2141 4976 2351 5046 γήσατο
2377 4972 2406 5025 ό
2425 4969 2523 5040 τὴν
2553 4968 2734 5039 βίϐλον
2761 4970 3001 5042 γράψας,
3047 4970 3235 5034 εἰπὼν,
3277 4971 3360 5024 ὅτι
3389 4969 3598 5039 Ᾱίθίοψ,
3630 4972 3728 5025 ἵνα

2143 5056 2360 5126 γνῶμεν
2388 5054 2468 5107 ὅτι
2503 5052 2777 5123 βάρϐαρος
2807 5049 2876 5124 ἦν
2895 5069 2908 5082 ·
2939 5050 3059 5107 εἶτά
3086 5070 3271 5125 φησιν,
3309 5055 3390 5107 ὅτι
3415 5055 3727 5126 Δυνάστης,

2142 5142 2225 5194 ὅτι
2248 5139 2306 5191 ἐν
2336 5135 2604 5206 ἀξιώματι
2648 5136 2888 5207 μεγίστῳ
2920 5138 3014 5190 καὶ
3042 5138 3371 5208 περιφανείᾳ
3397 5137 3731 5207 ἐτύγχανεν,

2150 5225 2247 5288 ’Ὁς
2257 5220 2559 5288 ἐληλύθει,
2578 5235 2652 5290 φτξ
2659 5218 2731 5280 cl,
2749 5217 3196 5288 προσκυνήσων
3210 5222 3296 5284 είς
3310 5220 3727 5292 Ἰερουσαλήμ.

2145 5306 2290 5376 Ὅρα
2323 5303 2416 5358 zeal
2441 5301 2539 5373 τὴν
2563 5301 2839 5374 πρόφασιν
2857 5301 3019 5355 αὐτοῦ
3049 5302 3148 5371 τῆς
3168 5302 3499 5373 ἀποδημίας,
3526 5304 3736 5375 ἱκανὴν

2143 5384 2309 5441 οὖσαν
2329 5385 2496 5452 δεῖξαι
2525 5384 2585 5436 τὺ
2610 5383 2854 5452 φιλόθεον
2875 5384 3041 5440 αὐτοῦ
3071 5388 3170 5455 τῆς
3189 5386 3416 5457 γνώμης
3431 5402 3446 5417 ’
3479 5386 3587 5440 ἰδοῦ
3610 5387 3735 5462 γάρ

2145 5470 2319 5540 πόσην
2351 5468 2468 5521 ὁδὸν
2510 5466 2804 5528 στέλλεται,
2837 5468 2979 5522 ῶστε
3022 5468 3120 5544 τὴν
3166 5467 3536 5541 προσκύνησιν
3580 5470 3733 5523 ἀπο-

2143 5551 2325 5605 δοῦναι
2363 5549 2440 5621 τῷ
2475 5549 2739 5627 Δεσπότῃ.
2770 5552 2891 5604 Ἔτι
2923 5550 3030 5625 γὰρ
3059 5549 3311 5620 ἐνόμιζον
3349 5551 3406 5602 ἐν
3456 5551 3536 5604 ἐνὶ
3567 5552 3738 5623 τόπῳ

2146 5631 2565 5701 συγκεκλεῖσθαι
2592 5636 2692 5703 τὴν
2732 5633 3007 5706 λατρείαν,
3063 5633 3155 5687 zeal
3204 5633 3295 5687 διά
3328 5633 3487 5687 τοῦτο
3520 5634 3740 5707 πολλὴν

2143 5715 2262 5769 ὁδὸν
2296 5715 2639 5786 στελλόμενοι
2666 5717 2780 5769 ἐκεῖ
2816 5716 2916 5778 τάς
2961 5714 3129 5789 εὐχάς
3168 5716 3431 5787 ἀνέφερον
3455 5735 3467 5746 ·
3514 5716 3604 5771 διά
3637 5734 3737 5771 τοι

2142 5798 2302 5853 τοῦτο
2333 5801 2429 5853 zeal
2458 5795 2614 5863 οὗτος
2647 5800 2981 5871 παρεγένετο
3002 5842 3016 5866 ,
3060 5801 3186 5859 ἔνθα
3216 5802 3244 5854 ὁ
3276 5802 3404 5865 ναὸς
3446 5796 3515 5874 ἦν
3559 5801 3655 5855 καὶ
3691 5803 3738 5874 ἡ

2216 5963 2237 5990 ο
2264 5959 2413 6023 Sayil.
2447 5961 2533 6017 τὴν
2570 5962 2779 6018 σπουδὴν
2808 5960 2869 6023 τὰ
2904 5961 3025 6009 κατά
3061 5962 3147 6019 τήν
3177 5961 3457 6023 ἀνάγνωσιν.
3500 5963 3747 6021 Quatuor

2148 6035 2266 6070 mss.
2290 6022 2375 6076 τὴν
2395 6023 2606 6083 σπουδὴν
2634 6023 2751 6082 μετὰ
2764 6022 2861 6083 ,τήν
2883 6023 3164 6083 ἀνάγνωσιν.
3195 6022 3364 6071 Morel.
3393 6025 3480 6081 τὴν
3511 6024 3749 6082 σπουδὴν

2148 6083 2263 6146 πρὸς
2293 6084 2377 6140 τὴν
2409 6079 2685 6144 ἀνάγνωσιν.
2752 6079 2779 6120 d
2802 6079 3027 6145 Quinqtie
3052 6097 3163 6133 mss.
3192 6085 3378 6145 αὐτούς,
3430 6079 3530 6135 non
3570 6079 3739 6135 malé.
