4060 6482
448 429 541 486 521
1398 426 1467 482 ΙΝ·
1499 426 1648 483 CAP.
1690 425 1826 480 XIV.
1869 419 2112 479 GENES.
2156 418 2385 478 llOMlL.
2426 423 2637 479 XXXV:

444 542 694 600 inimicis.
739 543 802 597 Et
835 542 946 612 ipse
975 541 1119 611 prior
1149 539 1201 596 in
1247 540 1490 612 indignos
1536 550 1592 605 et
1633 540 1826 596 millies
1850 539 2024 608 lapsos

448 645 650 692 tantam
676 633 900 690 contulit
943 632 1346 688 beneficentiam
1387 652 1400 687 :
1451 646 1549 686 nos
1595 639 1770 686 autem
1816 627 2023 684 etiamsi

447 728 702 782 faciamus
742 740 1092 796 quaecumque
1135 725 1462 794 poterimus,
1493 723 1622 777 nihil
1651 737 1898 793 magnum
1944 720 2022 773 fa-

445 822 649 876 ciemus
668 861 684 886 ,
713 829 772 875 ut
795 820 844 874 ei
873 819 961 889 qui
1004 834 1101 873 nos
1129 819 1288 872 tantis
1317 817 1590 873 beneficiis
1619 815 1894 886 praevenit,
1925 814 2024 868 ali-

443 911 570 982 quid
617 911 989 981 rependamus.
1023 909 1212 964 Nostra
1262 909 1404 964 enim
1436 951 1450 972 ,
1496 908 1539 962 si
1565 923 1666 978 qua
1695 913 2016 976 sequuntur,

443 1003 722 1058 retributio
749 1002 963 1072 quidem
991 1012 1114 1056 sunt
1140 1010 1194 1057 et
1222 1000 1495 1063 debitum;
1527 999 1670 1054 illius
1691 1007 1867 1052 autem
1897 1004 2022 1050 sunt

441 1094 608 1163 gratia
652 1103 709 1148 et
753 1092 1047 1158 beneficia,
1075 1093 1480 1164 largitionisque
1521 1089 1846 1161 magnitudo.
1895 1088 2021 1143 Hmc

441 1185 602 1253 igitur
628 1185 806 1240 omnia
855 1185 1186 1256 cogitantes,
1238 1185 1518 1254 diligamus
1565 1181 1834 1238 Christum
1883 1182 2020 1236 sicut

441 1275 638 1330 Paulus
685 1277 857 1345 ipsum
905 1276 1131 1343 dilexit,
1161 1277 1465 1344 nullamque
1494 1274 1834 1345 praesentium
1866 1273 2020 1327 ratio-

439 1382 560 1421 nem
590 1366 897 1432 habeamus,
917 1366 1012 1420 sed
1036 1375 1346 1435 perpetuum
1364 1365 1478 1436 ejus
1499 1379 1733 1419 amorem
1766 1365 1815 1417 in
1843 1363 2018 1417 anima

441 1465 622 1511 nostra
673 1456 882 1511 firmum
926 1464 981 1511 et
1026 1456 1267 1511 stabilem
1309 1471 1604 1510 servemus.
1646 1453 1720 1509 Ita
1767 1455 1910 1510 enim
1966 1461 2020 1534 et

436 1547 614 1601 omnia
643 1562 762 1617 qua:
803 1547 856 1600 in
893 1546 992 1602 hac
1017 1547 1124 1600 vita
1152 1555 1295 1613 sunt,
1327 1546 1706 1609 deridebimus,
1739 1555 1794 1600 et
1821 1555 2014 1599 terram

435 1638 585 1707 quasi
612 1639 796 1692 crelum
821 1640 1252 1705 inhabitabimus,
1283 1654 1455 1708 neque
1479 1654 1543 1693 ex
1565 1638 1833 1710 prosperis
1858 1637 2017 1692 rebus

438 1728 774 1782 remissiores
791 1729 1009 1793 erimus,
1027 1743 1200 1798 neque
1216 1743 1278 1782 ex
1297 1728 1534 1784 adversis
1549 1727 1980 1783 contristabimnr
1999 1744 2012 1780 :

435 1820 530 1874 sed
561 1819 808 1874 omnibus
849 1819 1132 1889 prmteritis
1160 1819 1226 1874 ad
1273 1819 1553 1874 amabilem
1603 1819 1883 1874 Dominum
1917 1833 2015 1871 no-

436 1923 604 1966 strum
637 1911 759 1966 hinc
786 1910 1175 1976 festinabimus,
1223 1927 1395 1981 neque
1421 1911 1726 1965 dilationem
1750 1910 2014 1980 gravatim

435 2004 691 2069 feremus,
722 2003 815 2058 sed
846 2019 985 2059 nunc
1013 2011 1067 2058 et
1095 2018 1191 2057 nos
1216 2003 1353 2057 sicut
1386 2003 1568 2057 beatus
1614 2002 1704 2057 ille
1733 2002 1972 2056 dicemus
1995 2043 2010 2067 ,

438 2098 586 2164 Quod
606 2113 738 2150 nunc
765 2096 974 2150 vivimus
1001 2096 1054 2150 in
1081 2111 1252 2161 carne,
1285 2096 1337 2148 in
1365 2094 1467 2164 ﬁde
1503 2095 1711 2148 vivimus
1735 2092 1860 2147 Filii
1898 2093 2010 2158 Dei,

431 2190 518 2258 qui
543 2189 718 2243 dilexit
765 2205 875 2257 nos,
906 2197 951 2242 et
978 2189 1298 2258 semetipsum
1325 2187 1534 2241 tradidit
1563 2203 1656 2256 pro
1689 2186 1831 2240 nobis
1868 2184 2010 2259 (Gal.

431 2282 486 2334 2.
529 2281 622 2354 20)
649 2299 661 2335 :
693 2291 750 2336 ut
776 2290 832 2337 et
857 2291 1173 2351 prasentem
1203 2281 1364 2335 vitam
1392 2281 1594 2350 absque
1631 2293 1859 2334 mcerore
1889 2293 2011 2347 pcr-

435 2373 696 2440 fteiamus,
744 2381 800 2427 et
844 2371 1035 2427 futuris
1066 2372 1220 2428 bonis
1259 2371 1360 2426 frui
1391 2385 1724 2436 mereamur,
1766 2368 1933 2440 gratia
1961 2376 2014 2422 et

432 2464 800 2520 misericordia
841 2464 1048 2518 Domini
1089 2465 1257 2519 nostri
1296 2463 1424 2518 Jesu
1467 2461 1701 2529 Christi,
1744 2475 1865 2516 cum
1907 2475 2013 2530 quo

435 2558 576 2612 l’atri
609 2565 665 2612 et
694 2557 914 2628 Spiritui
944 2565 1131 2612 sancto
1159 2556 1432 2627 sitgloria,
1466 2554 1769 2625 imperium,
1817 2552 2006 2620 honor,

436 2658 650 2710 nunaet
677 2664 908 2720 semper,
943 2658 997 2705 et
1016 2649 1067 2703 in
1093 2649 1288 2704 saecula
1307 2647 1650 2703 saeculorum.
1677 2648 1867 2701 Amen.

954 2780 1234 2836 HOMILIA
1269 2778 1489 2837 XXXV.

434 2891 649 2947 Factum
675 2900 748 2947 est
787 2900 954 2948 autem
983 2893 1036 2947 in
1064 2909 1218 2964 regno
1243 2891 1558 2962 Amarpliath
1597 2891 1728 2962 regis
1755 2889 2008 2956 Sermaar,

503 2986 690 3039 Arioclt
734 3001 825 3038 rea:
850 2985 1066 3052 Alasar,
1109 2993 1156 3039 et
1181 2982 1585 3055 Chodologomor
1623 2999 1714 3036 rea:
1752 2981 1934 3046 Elam,
1965 2990 2013 3034 et

506 3075 762 3130 Tharthac
787 3092 879 3131 rex
900 3077 1122 3148 gentium
1147 3084 1403 3148 gesserunt
1428 3074 1614 3130 bellum
1635 3090 1752 3128 cum
1779 3089 1893 3144 rege
1914 3072 2013 3128 So-

501 3167 766 3221 domorum
795 3165 958 3239 (Gen.
987 3167 1073 3222 l4.
1102 3168 1152 3222 1.
1184 3165 1273 3238 2).

504 3277 554 3332 1.
585 3274 756 3330 Lectio
783 3275 1065 3347 Scriptum
1091 3275 1488 3330 commendatur.
1513 3274 1787 3346 —lngens
1813 3275 2009 3330 bonum

432 3377 535 3433 est,
565 3369 916 3434 dilectissimi,
943 3368 1241 3423 divinarum
1265 3368 1656 3437 Scripturarum
1685 3368 1863 3423 lectio.
1888 3368 2012 3423 llaec

430 3461 574 3516 enim
619 3462 852 3515 animam
901 3475 1027 3515 vera
1072 3459 1410 3530 philosophia
1457 3461 1769 3515 instructam
1813 3461 2007 3528 reddit,

432 3555 547 3608 haec
574 3555 625 3608 in
655 3553 843 3608 caelum
876 3561 1109 3608 mentem
1137 3552 1418 3619 transfert,
1452 3551 1567 3607 haec
1595 3567 1886 3609 memorem
1914 3553 2010 3608 he-

430 3646 604 3702 neficii
652 3645 829 3701 reddit
857 3645 1125 3700 hominem
1153 3686 1168 3712 ,
1201 3644 1317 3700 haec
1360 3643 1484 3699 facit
1527 3659 1593 3699 ne
1632 3644 1916 3715 quidquam
1944 3660 2011 3700 ex

430 3738 590 3794 rebus
621 3737 975 3808 praesentibus
1021 3736 1379 3803 admiremur,
1422 3736 1517 3792 sed
1564 3744 1621 3791 ut
1661 3746 1915 3806 perpetuo
1957 3737 2009 3791 in

426 3831 531 3885 alia
562 3831 667 3884 vita
696 3839 878 3885 mente
906 3837 1086 3884 nostra
1116 3844 1426 3895 versemur,
1455 3837 1510 3884 et
1534 3828 1601 3884 ad
1628 3829 1834 3884 Domini
1865 3845 2009 3885 mer-

427 3923 612 3978 cedem
652 3923 1002 3992 respicientes
1043 3923 1220 3978 omnia
1261 3938 1546 3992 operemur
1570 3964 1583 3988 ,
1633 3923 2011 3994 alacritateque

427 4029 619 4083 magna
644 4013 896 4068 virtutum
926 4013 1134 4068 labores
1159 4013 1550 4084 aggrediamur.
1575 4014 1653 4068 Ex
1686 4015 1813 4084 ipsis
1841 4015 2012 4071 disce-

427 4120 487 4160 re
514 4106 637 4160 licet
666 4105 757 4161 Dei
787 4105 1036 4160 celeriter
1073 4105 1434 4160 succurrentis
1469 4105 1881 4175 providentiam,
1917 4106 2008 4176 ju-

426 4206 628 4252 storum
659 4197 1047 4262 fortitudinem,
1081 4196 1289 4251 Domini
1322 4195 1634 4263 bonitatem,
1667 4196 2007 4266 prtemiorum

426 4289 867 4361 magnitudinem.
909 4289 1046 4344 Hinc
1086 4303 1370 4358 possumus
1414 4287 1480 4343 ad
1524 4287 1917 4343 aemulationem
1954 4296 2010 4344 et

425 4382 778 4438 imitationem
823 4380 1174 4452 philosophiae
1219 4393 1602 4450 generosorum
1631 4379 1865 4433 virorum
1910 4394 2008 4434 ex-

425 4472 614 4538 citari,
641 4481 702 4527 ut
732 4487 840 4526 non
872 4479 1239 4542 torpescamus
1268 4471 1319 4524 in
1351 4470 1560 4525 virtutis
1588 4469 1965 4526 certaminibus
1989 4485 2005 4536 ;

423 4564 518 4620 scd
546 4563 876 4619 confidamus
906 4562 1101 4618 divinis
1131 4560 1571 4632 promissionibus
1591 4601 1606 4628 ,
1654 4561 1812 4615 etiam
1853 4570 2001 4616 ante-

423 4670 583 4723 quam
626 4654 893 4709 eveniant.
941 4651 1170 4708 Proinde
1211 4665 1400 4721 magna
1445 4649 1716 4721 diligentia
1742 4691 1757 4715 ,
1803 4665 2004 4720 quaeso,

422 4744 722 4799 divinarum
765 4742 1159 4814 Scripturarum
1200 4742 1414 4797 lectioni
1441 4757 1710 4797 vacemus.
1750 4741 1824 4798 Ita
1864 4743 2005 4798 enim

421 4846 478 4893 et
502 4837 780 4892 scientiam
817 4850 1186 4906 assequemur,
1231 4835 1274 4891 si
1322 4834 1388 4888 ad
1430 4849 1514 4899 ea,
1561 4850 1680 4903 quae
1724 4834 1793 4890 ibi
1836 4835 2005 4905 posita

423 4936 568 4994 sunt,
598 4926 907 4996 frequenter
933 4925 1268 4983 accedamus.
1298 4924 1478 4995 Neque
1500 4925 1642 4980 enim
1671 4925 1783 4981 fieri
1813 4934 2001 4994 potest,

423 5030 482 5074 ut
507 5020 552 5073 is
581 5019 670 5088 qui
701 5017 895 5072 divinis
925 5016 1212 5087 Scripturis
1251 5031 1442 5086 magno
1469 5016 1646 5071 studio
1676 5016 2007 5085 ferventique

420 5109 690 5165 desiderio
715 5116 898 5174 vacat,
929 5119 1179 5176 umquam
1212 5107 1541 5176 negligatur;
1588 5105 1680 5161 sed
1712 5106 1835 5162 licet
1865 5107 2000 5162 desit

422 5200 578 5256 nobis
620 5198 853 5255 hominis
881 5196 1278 5270 magisterium,
1332 5197 1446 5266 ipse
1484 5197 1742 5252 Dominus
1776 5211 2006 5268 superne

420 5300 605 5347 nostra
632 5290 684 5345 in
712 5289 876 5346 corda
901 5289 1106 5344 intrans
1142 5287 1370 5344 illustrat
1398 5297 1631 5343 mentem
1654 5330 1667 5353 ,
1697 5289 1887 5343 rationi
1914 5289 2004 5358 ju-

421 5381 522 5436 har
565 5397 719 5436 suum
767 5379 1029 5448 infundit,
1075 5379 1277 5450 detegit
1323 5381 1562 5446 occulta,
1610 5379 1900 5451 ductorque
1950 5382 2006 5436 fit

416 5487 608 5528 eorum
637 5488 756 5542 qua:
800 5471 1139 5542 ignoramus;
1185 5481 1388 5528 tantum
1435 5475 1478 5528 si
1521 5489 1618 5528 nos
1660 5491 1779 5545 quae
1823 5485 2003 5530 nostra

419 5571 549 5618 sunt
584 5563 775 5618 aﬂ'erre
802 5563 1051 5618 velimus.
1083 5562 1167 5617 Ne
1193 5566 1376 5618 vocetis
1406 5565 1547 5618 enim
1567 5607 1583 5632 ,
1613 5566 1814 5635 inquit,
1844 5569 2004 5638 magi-

417 5664 580 5710 strum
609 5672 761 5725 super
790 5663 974 5708 terram
1003 5653 1223 5727 (Matth.
1257 5654 1348 5711 25.
1377 5655 1472 5726 8).
1505 5655 1733 5724 Quando
1761 5657 1918 5728 igitur
1948 5665 2001 5714 In

419 5761 612 5802 manus
647 5746 975 5816 spiritualem
1019 5747 1212 5803 librum
1250 5749 1510 5819 capimus,
1558 5750 1761 5805 intenta
1802 5760 1998 5818 mente,

412 5835 658 5902 collectis
690 5832 1028 5908 reductisque
1067 5836 1508 5909 cogitationibus,
1542 5841 1792 5911 omnique
1829 5856 1996 5900 saecu-

3601 432 3706 486 322

2133 533 2228 588 lari
2259 549 2385 590 cura
2412 534 2630 606 depulsa
2652 579 2667 605 ,
2710 540 2921 598 lectioni
2966 543 3333 604 incumbamus
3358 564 3477 604 cum
3516 567 3703 622 magna

2129 624 2323 693 pietate
2351 636 2409 682 et
2437 630 2764 695 attentione,
2808 642 2864 687 ut
2909 636 3176 704 possimus
3220 653 3249 692 a
3291 650 3477 695 sancto
3507 641 3706 711 Spiritu

2126 716 2192 770 ad
2223 719 2542 788 scriptorum
2587 721 2986 794 intelligentiam
3032 728 3192 796 duci,
3232 740 3286 786 et
3330 734 3551 788 multum
3585 737 3706 792 inde

2125 804 2359 864 fructum
2389 815 2684 884 percipere.
2715 816 2846 872 Nam
2877 820 3135 876 barbarus
3160 823 3249 878 ille
3277 826 3474 895 reginae
3495 826 3704 882 Ethio-

2127 915 2251 968 pum
2307 905 2617 972 eunuchus,
2650 910 2739 978 qui
2785 911 2838 965 in
2860 920 3014 966 tanta
3059 925 3173 970 crat
3217 917 3406 986 gloria,
3449 929 3504 974 et
3546 935 3704 976 curru

2124 990 2416 1049 vehebatur
2438 995 2573 1067 (Act.
2601 998 2681 1070 8),
2704 1016 2773 1056 ne
2795 1001 2889 1056 illo
2908 1005 3124 1074 quidem
3153 1015 3395 1078 tempore
3422 1011 3704 1068 lectionem

2125 1085 2464 1155 uegligebat;
2496 1091 2588 1147 sed
2622 1094 2936 1162 pr0phetam
2966 1097 3293 1155 immanibus
3322 1103 3520 1158 habens
3541 1145 3556 1172 ,
3593 1121 3707 1160 ma-

2122 1190 2284 1265 gnum
2315 1177 2530 1234 lectioni
2557 1181 2842 1238 adhibebat
2868 1187 3127 1256 studium,-
3159 1191 3316 1261 idque
3345 1195 3554 1249 nescius
3579 1196 3702 1265 quid

2124 1264 2175 1318 in
2200 1265 2356 1356 libris
2395 1271 2798 1328 contineretur:
2829 1283 3062 1332 attamen
3103 1280 3226 1349 quia
3268 1281 3525 1338 afferebat
3552 1264 3707 1356 quid-

2123 1355 2247 1424 quid
2280 1356 2331 1410 in
2364 1373 2424 1414 se
2451 1369 2587 1428 erat,
2625 1379 2815 1433 nempe
2839 1367 3071 1421 studium
3092 1411 3106 1434 ,
3135 1370 3492 1440 alacritatem,
3523 1386 3702 1431 atten-

2124 1446 2319 1501 tionem
2339 1490 2354 1515 ,
2387 1449 2660 1507 doctorem
2689 1467 2874 1512 nactus
2902 1467 3000 1512 est.
3029 1461 3215 1530 Cogita
3243 1465 3425 1532 enim»,
3454 1467 3698 1534 obsecro,

2121 1546 2376 1604 quantum
2404 1551 2516 1595 erat
2545 1559 2717 1613 neque
2762 1545 2812 1599 in
2855 1547 3041 1604 itinere
3085 1551 3368 1609 lectionem
3411 1557 3698 1627 negligere,

2120 1632 2176 1718 et
2201 1631 2496 1696 praesertim
2533 1632 2808 1689 sedentem
2838 1639 2892 1692 in
2919 1654 3097 1694 curru.
3139 1642 3371 1698 Audiant
3399 1650 3699 1718 exemplum

2120 1715 2157 1769 ii
2186 1718 2274 1808 qui
2302 1735 2473 1790 neque
2495 1721 2640 1778 domi
2667 1735 2724 1779 ut
2748 1725 2850 1781 hoe
2875 1727 3088 1796 faciant,
3118 1735 3423 1802 persuaderi
3456 1715 3696 1808 possunt,

2119 1807 2213 1862 sed
2264 1819 2510 1879 putantes
2557 1831 3104 1887 supervacuamesse
3150 1823 3342 1879 horum
3393 1827 3696 1893 lectionem,

2119 1902 2240 1971 quia
2269 1905 2350 1958 vel
2377 1921 2496 1960 cum
2535 1908 2759 1966 muliere
2789 1910 3061 1979 habitant,
3095 1917 3177 1970 vel
3219 1919 3420 1973 militia:
3446 1921 3699 1992 adscripti

2117 2003 2242 2083 sunt
2265 2035 2281 2060 ,
2326 1995 2412 2050 vel
2442 2011 2732 2066 puerorum
2762 2011 2818 2055 et
2855 2017 3130 2058 servorum
3170 2007 3502 2078 aliorumque
3530 2028 3697 2083 nego-

2117 2082 2311 2138 tiorum
2338 2095 2500 2156 agunt
2525 2102 2706 2143 curam
2729 2130 2744 2155 ,
2789 2106 2895 2146 non
2931 2095 3220 2151 convenire
3259 2097 3358 2152 sibi
3391 2082 3692 2169 opinantur,

2118 2181 2175 2227 ut
2198 2173 2390 2229 divinae
2419 2177 2709 2248 Scripturae
2749 2181 2964 2237 lectioni
3006 2185 3334 2245 incumbant.
3381 2189 3518 2246 Ecce
3553 2195 3723 2248 enim-

2117 2265 2204 2321 hic
2223 2269 2499 2324 eunuchus
2523 2281 2577 2326 et
2597 2271 2872 2338 barbarus,
2898 2291 3016 2346 qua:
3037 2288 3260 2350 utraque
3280 2282 3345 2335 ad
3369 2285 3694 2343 reddendmn

2119 2358 2558 2429 negligentiorem
2597 2363 2948 2429 sufficiebant,
2976 2376 3031 2424 et
3058 2369 3124 2423 ad
3151 2370 3264 2426 haec
3286 2373 3552 2442 dignitatis
3579 2393 3694 2431 am-

2118 2449 2320 2518 plitudo
2345 2461 2399 2506 et
2423 2467 2583 2522 opum
2609 2453 2931 2512 abundantia
2961 2476 2973 2510 :
3007 2459 3142 2514 adde
3165 2462 3306 2531 quod
3337 2474 3390 2518 et
3419 2464 3470 2518 in
3504 2465 3694 2523 itinere

2116 2551 2306 2597 eratet
2337 2557 2494 2598 curru
2525 2544 2796 2601 ferebatur
2823 2567 2834 2601 :
2870 2547 2972 2603 hoc
2999 2550 3142 2604 enim
3173 2552 3331 2606 modo
3357 2554 3459 2608 iter
3485 2555 3693 2612 facienti

2118 2648 2224 2687 non
2250 2641 2331 2688 est
2358 2633 2512 2690 facile
2543 2635 2758 2691 lectioni
2790 2653 2910 2693 esse
2935 2649 3196 2696 attentum
3217 2683 3232 2707 ,
3262 2643 3370 2698 imo
3394 2646 3548 2701 valde
3578 2663 3697 2702 mo-

2116 2723 2308 2778 lestum
2339 2742 2353 2777 :
2386 2734 2619 2781 attamen
2647 2727 2968 2784 desiderium
3001 2740 3056 2786 et
3097 2733 3329 2787 studium
3372 2739 3549 2791 omnia
3591 2737 3695 2791 im-

2120 2815 2422 2884 pedimenta
2453 2833 2483 2872 e
2511 2818 2691 2873 medio
2720 2819 3022 2890 auferebat,
3055 2832 3108 2876 et
3137 2823 3349 2880 lectioni
3379 2827 3466 2881 ille
3494 2829 3699 2884 incum-

2118 2907 2308 2975 bebat,
2356 2925 2456 2964 nec
2486 2911 2696 2966 dicebat
2743 2928 2803 2968 ea
2835 2930 2953 2983 qua:
2996 2931 3137 2971 nunc
3183 2918 3425 2988 plerique
3465 2920 3646 2976 dicunt
3680 2941 3692 2976 :

2115 2998 2230 3052 Non
2259 3000 2497 3068 intelligo
2525 3016 2588 3056 ea
2617 3018 2736 3071 qua:
2762 3005 2957 3073 scripta
2989 3015 3135 3072 sunt,
3165 3023 3270 3062 non
3302 3024 3515 3077 possum
3545 3013 3697 3067 intel-

2117 3089 2281 3159 ligere
2309 3091 2720 3158 profunditatem
2752 3094 3149 3164 Scripturarum
3176 3115 3188 3150 :
3218 3115 3382 3168 quare
3422 3099 3612 3156 frustra
3643 3113 3698 3160 et

2117 3180 2382 3236 incassum
2411 3183 2646 3239 laborem
2676 3186 2996 3241 sustinerem
3038 3188 3284 3259 legendo,
3311 3192 3436 3246 dum
3464 3209 3568 3248 non
3598 3193 3696 3248 ha-

2116 3272 2218 3327 beo
2257 3275 2346 3344 qui
2396 3274 2812 3344 interpretetur?
2854 3277 2994 3332 Nihil
3047 3279 3233 3334 horum
3279 3283 3543 3351 cogitabat
3586 3285 3694 3353 ille,

2117 3363 2292 3435 lingua
2323 3365 2536 3434 quidem
2575 3366 2834 3422 barbarus
2853 3409 2868 3433 ,
2901 3380 3080 3424 mente
3109 3380 3284 3426 autem
3314 3372 3693 3443 philosophus;

2115 3454 2210 3508 sed
2235 3455 2476 3525 cogitans
2507 3457 2682 3526 potius
2710 3471 2770 3512 se
2810 3474 2914 3513 non
2943 3470 3305 3531 contemptum
3349 3465 3447 3531 iri,
3481 3467 3571 3521 sed
3601 3483 3695 3522 su-

2115 3559 2278 3615 perna
2305 3548 2475 3617 gratia
2502 3548 2856 3618 adjuvandum
2874 3591 2888 3615 ,
2922 3553 3081 3606 modo
3106 3554 3244 3623 quod
3275 3571 3426 3610 suum
3455 3567 3571 3612 erat
3602 3575 3698 3629 pro

2116 3638 2315 3692 viribus
2341 3638 2609 3706 adferret,
2641 3641 2858 3696 lectioni
2889 3643 3249 3699 incumbebat.
3283 3645 3570 3717 Propterea
3601 3651 3696 3706 he.-

2115 3729 2312 3799 nignus
2340 3731 2596 3787 Dominus
2625 3733 2790 3802 ipsius
2813 3735 3000 3790 videns
3025 3736 3368 3807 desiderium,
3397 3757 3518 3797 eum
3541 3745 3698 3800 mini-

2117 3835 2204 3875 me
2229 3823 2493 3892 neglexit,
2527 3838 2698 3893 neque
2726 3840 2820 3879 sua
2858 3841 2985 3880 cura
3031 3827 3302 3896 destituit,
3332 3831 3426 3886 sed
3458 3835 3701 3901 protinus

2116 3913 2217 3982 ipsi
2240 3915 2516 3970 doctorem
2544 3916 2706 3970 misit.
2737 3916 2815 3970 Tu
2841 3927 3016 3972 autem
3047 3921 3288 3989 expende
3309 3925 3578 3992 quomodo
3604 3943 3699 3983 ex-

2113 4007 2464 4074 spectaverit,
2496 4016 2553 4062 ut
2582 4008 2696 4077 ipse
2722 4023 2840 4078 quae
2882 4009 3048 4078 ipsius
3088 4021 3241 4066 erant
3267 4014 3412 4083 prius
3436 4014 3691 4085 adferret,

2112 4106 2167 4152 et
2201 4106 2324 4152 tunc
2353 4113 2506 4154 suum
2553 4096 2800 4167 patefecit
2828 4099 3102 4154 auxilium.
3146 4101 3279 4156 Cum
3321 4102 3478 4173 igitur
3515 4109 3697 4163 omnia

2114 4187 2347 4256 perfecta
2378 4195 2434 4242 et
2461 4187 2702 4243 absoluta
2732 4198 2912 4243 essent
2936 4205 3054 4260 qum
3080 4193 3148 4246 ab
3179 4193 3271 4248 illo
3311 4194 3514 4250 fuerant
3539 4198 3693 4252 exhi-

2114 4279 2284 4333 benda
2309 4321 2324 4346 ,
2356 4279 2610 4350 deinceps
2638 4280 2858 4350 angelus
2896 4281 3104 4336 Domini
3149 4283 3391 4354 Philippo
3429 4291 3696 4357 apparuit,

2113 4371 2298 4426 dicens
2328 4389 2340 4424 :
2371 4370 2536 4443 Surge
2564 4381 2610 4426 et
2633 4372 2758 4427 vade
2782 4373 2852 4426 ad
2879 4373 3010 4427 viam
3036 4391 3150 4443 qua:
3174 4375 3426 4431 descendit
3453 4379 3512 4432 ab
3535 4379 3692 4434 Jeru-

2112 4465 2268 4517 salem
2297 4464 2348 4517 in
2379 4462 2571 4518 Gazam
2589 4481 2608 4531 ;
2639 4465 2747 4519 hac
2773 4474 2844 4519 est
2873 4466 3086 4520 deserta.
3123 4467 3190 4522 Et
3218 4485 3360 4538 ecce,
3390 4471 3591 4542 inqttit,
3622 4475 3696 4528 vir

2113 4555 2377 4628 zEthiops,
2409 4561 2680 4629 prafectus
2705 4559 2962 4614 eunuchus
2990 4560 3249 4617 Candaces
3279 4565 3464 4634 regina:
3485 4565 3701 4620 ιΕιΙιίο.

2113 4666 2234 4720 pum
2253 4692 2269 4718 ,
2299 4652 2386 4721 qui
2413 4661 2612 4706 venerat
2637 4652 2948 4707 adoraturus
2969 4655 3021 4707 in
3045 4654 3368 4720 Jerusalem;
3409 4668 3452 4711 et
3476 4660 3582 4727 ipse
3611 4677 3692 4713 re-

2113 4743 2393 4795 vertebatur
2446 4743 2626 4796 sedens
2683 4759 2834 4813 super
2890 4760 3098 4797 currum
3156 4761 3338 4812 suum,
3407 4748 3694 4818 legebatque

2111 4832 2307 4888 Isaiam
2330 4834 2624 4906 prapltetam
2645 4834 2778 4906 (Act.
2803 4835 2856 4890 8.
2885 4833 3424 4906 26,28).Vide.quam
3447 4848 3693 4894 accurate

2113 4925 2266 4979 nobis
2293 4925 2522 4979 narrarit
2549 4925 2636 4996 qui
2667 4924 2857 4980 librum
2897 4925 3145 4995 scripsit,
3175 4926 3361 4982 dicens
3381 4968 3395 4992 ,
3425 4928 3690 4999 AEtIiiops,

2112 5025 2170 5070 ut
2199 5017 2342 5070 illum
2377 5015 2658 5070 barbarum
2701 5029 2823 5070 esse
2852 5030 3293 5085 cognosceremus
3322 5035 3334 5072 :
3366 5019 3560 5074 deinde
3595 5022 3690 5087 ait,

2112 5107 2432 5177 Prwfectus,
2458 5123 2565 5177 quo
2591 5108 2808 5162 nomine
2837 5109 3100 5164 maximus
3126 5109 3396 5180 dignitatis
3423 5111 3594 5168 honor
3621 5117 3696 5170 si-

2110 5197 2427 5268 gnificatur;
2461 5196 2562 5263 Qui
2587 5206 2810 5264 venerat,
2840 5198 3040 5267 inquit,
3073 5199 3379 5256 adoraturus
3405 5202 3458 5255 in
3482 5201 3693 5258 Jerusa-

2110 5291 2225 5343 lem.
2273 5287 2410 5344 Yide
2452 5289 2612 5343 etiam
2659 5289 3099 5358 peregrinationis
3145 5305 3400 5358 causam,
3446 5293 3690 5350 idoneam

2111 5397 2230 5452 quae
2261 5381 2422 5436 animi
2467 5380 2632 5450 ipsius
2662 5380 2912 5450 pietatem
2950 5381 3185 5437 declaret
3218 5401 3229 5435 :
3263 5383 3508 5453 expende
3548 5386 3692 5441 enim

2109 5480 2362 5542 quantum
2411 5471 2618 5528 itineris
2659 5473 2955 5542 susceperit
2998 5481 3058 5525 ut
3098 5472 3378 5527 Dominum
3422 5474 3691 5532 adoraret.

2107 5565 2261 5621 Tunc
2285 5565 2426 5620 enim
2461 5563 2636 5619 adhuc
2660 5563 2894 5618 divinum
2927 5564 3124 5618 cultum
3164 5564 3563 5622 arbitrabantur
3587 5583 3695 5622 uno

2111 5657 2230 5712 loco
2267 5654 2550 5722 concludi,
2597 5653 2824 5724 ideoque
2866 5653 3025 5723 longo
3062 5662 3278 5724 peracto
3323 5654 3515 5712 itinere
3537 5697 3559 5724 ,
3588 5656 3696 5710 illic

2107 5763 2232 5804 suas
2257 5763 2443 5820 preces
2469 5747 2762 5803 fundebant
2790 5765 2802 5801 :
2834 5757 3117 5817 propterea
3146 5756 3200 5802 et
3231 5748 3329 5804 iste
3359 5764 3423 5803 eo
3453 5757 3686 5810 venerat,

2116 5842 2204 5898 ubi
2236 5842 2487 5910 temp-lum
2518 5851 2630 5895 erat
2649 5847 2712 5895 et
2740 5839 2911 5895 cultus
2938 5837 3206 5906 Iudaicus,
3241 5847 3297 5895 ut
3325 5837 3713 5894 adorationum;
