4060 6432
419 527 648 585 Domino
690 522 1035 595 persolveret.
1078 519 1142 574 Et
1182 527 1527 589 posteaquam
1567 516 1709 588 quod
1752 515 1997 586 cupiebat

419 617 751 690 implevisset
773 656 788 681 ,
814 613 1083 668 Revertens
1102 650 1121 677 ,
1151 610 1341 681 inquit,
1369 618 1415 663 et
1444 608 1497 662 in
1528 622 1680 661 curru
1707 622 1800 660 suo
1828 606 2003 659 sedens

418 711 632 782 legebat.

485 802 542 857 2.
586 799 792 863 Deinde
818 813 942 854 cum
971 795 1288 853 accessisset
1324 794 1601 864 Philippus
1628 791 1742 865 (a),
1773 791 1910 847 dixit
1935 790 2004 845 ad

419 893 566 948 illum
598 909 614 947 ε
639 890 871 946 Putasne
898 888 1139 960 intelligis
1167 902 1284 957 qua:
1307 886 1431 957 legis
1458 884 1592 955 (Act.
1616 882 1670 939 8.
1694 882 1824 954 50)?
1847 881 2007 936 Vides

419 985 658 1040 animum
689 983 1004 1053 diligentem
1029 993 1093 1034 ac
1117 978 1401 1034 sollicitum
1420 1016 1437 1043 ,
1472 974 1686 1031 lectioni
1714 973 1877 1029 etiam
1907 972 2004 1037 i!|i,

421 1090 583 1146 quam
625 1089 730 1128 non
776 1072 1125 1142 intelligeret,
1159 1068 1588 1133 incumbentem,
1635 1075 1691 1121 et
1730 1064 2009 1121 doctorem

425 1169 513 1239 qui
547 1169 717 1237 ipsum
750 1165 1037 1219 instrueret
1062 1158 1467 1231 requirentem?
1499 1157 1709 1213 Etenim
1735 1154 2032 1239 apostolus

422 1231 604 1317 statim
643 1274 739 1330 per
782 1255 1251 1327 interrogationem
1301 1252 1443 1306 illius
1485 1250 1682 1307 excitat
1722 1231 2008 1311 allectum;

422 1352 563 1423 quod
584 1351 727 1407 enim
749 1350 942 1421 dignus
966 1357 1131 1412 esset,
1155 1346 1245 1416 qui
1267 1344 1502 1401 doctoris
1522 1358 1683 1412 opera
1706 1342 1760 1396 in
1780 1340 2011 1397 lectione

425 1441 824 1499 reconditorum
857 1438 1263 1507 intelligentiam
1290 1443 1710 1506 consequeretur
1733 1474 1745 1494 .
1776 1433 1885 1500 ipsa
1911 1431 2011 1485 viri

425 1534 706 1605 responsio
731 1532 989 1588 declarat.
1019 1529 1153 1586 Cum
1175 1529 1319 1585 enim
1345 1529 1615 1598 apostolus
1637 1526 1875 1589 dixisset,
1902 1523 2014 1579 Pu-

424 1636 568 1680 tasne
585 1624 827 1693 intelligis
847 1623 874 1678 l’
896 1632 1152 1692 vesteque
1171 1620 1263 1685 vili
1294 1620 1508 1675 indutus
1532 1618 1881 1673 accessisset:
1907 1630 2011 1668 non

428 1734 571 1789 :egre
597 1718 715 1772 tulit
743 1731 843 1773 nec
887 1713 1195 1784 indignatus
1217 1722 1336 1778 est,
1379 1726 1552 1780 neque
1593 1725 1651 1764 se
1695 1706 2014 1765 contumelia

428 1808 568 1864 afﬁci
596 1806 942 1872 existimavit,
971 1804 1112 1875 quod
1144 1802 1412 1873 plerisque
1441 1800 1657 1856 insulsis
1687 1798 1903 1863 accidit,
1926 1797 2014 1867 qui

429 1916 575 1971 stupe
602 1900 806 1955 malunt
834 1900 886 1953 in
911 1908 1169 1968 perpetua
1192 1895 1392 1950 versari
1423 1892 1740 1965 ignorantia,
1770 1891 1891 1960 quia
1924 1905 2018 1958 pu-

428 1990 519 2046 det
540 1990 660 2044 illos
690 1988 1041 2059 ignorantiam
1074 2001 1225 2041 suam
1255 1984 1522 2049 conﬁteri,
1549 1993 1603 2038 et
1628 1982 1695 2036 ab
1717 1982 1782 2035 iis
1810 1979 2019 2035 discere

429 2082 519 2151 qui
548 2081 744 2136 docere
777 2080 1009 2133 valeant.
1057 2081 1128 2132 At
1169 2075 1293 2131 huic
1336 2074 1469 2129 nihil
1518 2074 1623 2128 tale
1662 2074 1873 2134 evenit;
1923 2069 2016 2123 sed

430 2186 555 2228 cum
585 2169 995 2226 mansuetudine
1036 2178 1093 2224 et
1137 2171 1335 2237 pietate
1379 2164 1698 2235 respondet,
1744 2161 1905 2216 animi
1937 2160 2018 2214 sui

431 2273 628 2320 statum
656 2262 957 2323 declarans,
983 2262 1161 2331 aitque
1193 2277 1206 2313 :
1239 2260 1501 2326 Quomodo
1533 2258 1749 2327 possint,
1788 2255 1885 2310 nisi
1909 2254 2021 2324 quis

431 2356 556 2409 mihi
591 2354 861 2409 ostenderit
889 2352 1064 2421 (Ibid.
1093 2367 1141 2406 υ.
1168 2353 1227 2406 3i
1259 2351 1325 2422 )?
1370 2365 1470 2404 nec
1513 2358 1715 2403 tantum
1747 2357 2023 2402 mansuete

434 2445 734 2516 respondit,
764 2459 827 2499 ac
858 2454 1041 2513 postea
1073 2443 1300 2508 transiit,
1330 2442 1424 2496 scd
1456 2458 1638 2497 rursus
1668 2455 1871 2495 morum
1899 2454 2025 2494 suo-

435 2552 552 2590 runt
579 2536 831 2589 virtutem
862 2534 1017 2587 nobis
1043 2534 1437 2593 demonstrans,
1476 2533 1575 2586 ista
1605 2532 1855 2600 loquutus
1884 2545 2022 2598 pra:-

437 2625 606 2681 fectus
637 2625 763 2689 ille,
809 2623 1101 2690 barbarus,
1146 2636 1306 2677 curru
1354 2631 1573 2687 vectus,
1605 2636 1725 2676 eum
1774 2620 1861 2690 qui
1904 2619 2025 2674 vilis

434 2716 749 2777 videbatur,
794 2722 849 2769 et
893 2730 958 2769 ex
1005 2714 1196 2769 vestitu
1225 2712 1690 2779 contenmendus,
1735 2710 1937 2782 rogavit
1966 2719 2026 2764 ut

436 2808 781 2873 ascenderet,
825 2823 888 2862 ac
925 2821 1107 2862 secum
1152 2806 1385 2861 sederet.
1428 2805 1590 2860 Vides
1617 2806 1780 2859 animi
1812 2804 2024 2860 fervens

437 2898 718 2970 studium?
762 2898 910 2954 vides
972 2899 1115 2967 pium
1172 2897 1384 2952 barbari
1435 2896 1715 2962 animum,
1757 2895 2027 2966 quomodo

438 2991 695 3062 sapientis
722 2991 996 3061 cujusdam
1028 2990 1230 3045 dictum
1265 2988 1392 3044 illud
1428 2989 1727 3059 impleverit
1760 3005 1773 3042 :
1803 2988 1863 3043 Si
1894 2988 2028 3041 tnde-

437 3085 508 3137 ris
546 3084 710 3138 uirum
748 3083 1043 3153 prudentem
1064 3125 1079 3150 ,
1111 3099 1260 3137 mane
1293 3098 1446 3152 surge
1485 3083 1554 3134 ad
1582 3097 1696 3135 eum
1720 3121 1734 3146 ,
1764 3091 1810 3133 et
1839 3082 2029 3151 gradus

441 3185 684 3232 ostiorum
709 3176 846 3229 illius
875 3176 1069 3229 deterat
1098 3190 1185 3245 pes
1217 3184 1335 3229 tuus
1368 3171 1567 3245 (Ecrli.
1595 3172 1648 3227 6.
1678 3172 1782 3243 56)
1807 3175 1830 3225 Τ
1872 3171 2030 3225 Vides

444 3266 534 3337 qui
564 3267 755 3321 merito
780 3281 884 3321 non
912 3266 981 3321 sit
1004 3264 1315 3336 neglectus?
1343 3264 1491 3319 vides
1515 3263 1603 3333 qui
1631 3268 1822 3318 merito
1845 3276 2030 3331 supcr-

441 3373 563 3412 nam
605 3357 675 3413 sit
720 3365 1085 3427 consequutus
1129 3354 1564 3427 providentiam?
1609 3353 1756 3408 vides
1797 3363 1856 3407 ut
1900 3351 2031 3407 nihil

438 3449 685 3506 omiserit
730 3465 918 3505 eorum
966 3464 1089 3520 quae
1132 3449 1201 3504 ab
1249 3448 1365 3518 ipso
1413 3446 1591 3502 aiferri
1638 3442 2032 3500 conveniebat?

441 3542 732 3612 Propterea
752 3542 1011 3610 deinceps
1031 3540 1307 3596 doctorem
1331 3547 1540 3606 nactus,
1564 3552 1751 3594 eorum
1778 3537 1887 3592 vim
1913 3546 2034 3606 quae

443 3635 717 3704 pr0posita
744 3642 899 3689 erant
923 3640 1173 3689 accurate
1200 3631 1483 3698 discebat,
1530 3639 1584 3686 et
1613 3631 1794 3686 animo
1832 3631 2033 3686 illumi-

441 3726 689 3780 nabatur.

520 3814 688 3882 Quam
730 3814 852 3868 utile
880 3813 1207 3882 Scripturam
1254 3812 1455 3884 legere;
1503 3812 1699 3867 nullum
1739 3823 1931 3882 tempus
1969 3813 2037 3866 ad

444 3905 730 3977 Scriptum
751 3905 1014 3960 lectionem
1038 3904 1437 3959 incommodum.
1460 3934 1529 3944 —
1550 3902 1754 3959 Videtis
1781 3913 2036 3974 quantum

443 3999 517 4054 sit
558 3998 828 4054 commodi
871 4006 1075 4053 attente
1115 4004 1172 4052 et
1199 3997 1439 4052 studiose
1482 3996 1689 4052 divinas
1731 3996 2037 4066 Scripturas

443 4090 662 4162 legere?
692 4091 983 4159 Propterea
1010 4091 1153 4145 enim
1177 4099 1231 4145 et
1253 4088 1391 4145 hanc
1411 4088 1479 4144 de
1499 4088 1728 4146 barbaro
1760 4089 2035 4143 historiam

445 4182 500 4236 in
530 4181 767 4235 medium
795 4181 946 4236 vobis
974 4179 1230 4250 produxi,
1258 4189 1317 4234 ut
1345 4194 1412 4235 ne
1438 4194 1763 4250 quemquam
1794 4187 2036 4234 nostrum

446 4272 643 4342 pudeat
679 4272 1001 4326 imitatorem
1031 4270 1147 4325 ﬁeri
1173 4269 1442 4340 IEthiopis
1462 4311 1477 4336 ,
1510 4270 1774 4337 eunuchi,
1805 4271 1920 4340 ejus
1948 4271 2038 4340 qui

448 4377 518 4417 ne
546 4361 599 4415 in
644 4361 836 4416 itinere
862 4359 1075 4431 quidem
1125 4359 1407 4415 lectionem
1454 4360 1765 4431 neglexerit.
1814 4360 2040 4416 ldoncus

452 4452 595 4507 enim
622 4461 704 4507 est
731 4452 991 4506 barbarus
1019 4452 1117 4506 iste
1144 4453 1234 4523 qui
1264 4453 1417 4507 nobis
1439 4454 1687 4509 omnibus
1712 4454 1902 4509 doctor
1927 4456 2037 4521 ﬁat,

453 4552 565 4599 tum
594 4544 852 4614 privatam
882 4544 1043 4597 vitam
1071 4544 1429 4609 sectantibus,
1458 4554 1565 4599 tum
1603 4547 1805 4601 militiai
1834 4546 2038 4602 adscri-

452 4639 579 4710 ptis,
611 4647 721 4694 tum
747 4637 1008 4708 dignitate
1031 4645 1087 4692 et
1110 4637 1317 4692 honore
1348 4637 1584 4708 przcditis
1602 4678 1619 4706 ,
1647 4647 1702 4694 et
1731 4648 1788 4694 ut
1810 4640 1862 4693 in
1889 4654 2041 4694 sum-

452 4749 540 4790 ma
566 4734 738 4789 dicam
760 4775 775 4800 ,
808 4732 1057 4787 omnibus
1095 4747 1200 4786 non
1228 4731 1355 4786 viris
1379 4732 1575 4798 solum,
1605 4732 1700 4788 sed
1724 4739 1777 4787 et
1800 4733 2041 4787 mulieri-

453 4824 586 4890 bus,
615 4833 673 4879 ut
699 4839 818 4893 quae
858 4821 1074 4877 assidue
1100 4822 1246 4877 domi
1276 4832 1560 4877 versentur
1589 4839 1601 4876 :
1634 4823 1760 4892 quin
1787 4823 1945 4878 etiam
1978 4822 2044 4878 iis

452 4917 642 4973 doctor
680 4916 842 4972 fuerit
881 4916 971 4985 qui
1000 4915 1160 4970 vitam
1206 4913 1554 4970 monasticam
1591 4914 1942 4985 delegerunt,
1985 4921 2044 4969 ut

451 5009 662 5066 discant
681 5022 871 5063 omnes
897 5008 1101 5062 nullum
1129 5021 1251 5064 esse
1279 5016 1489 5078 tempus
1518 5007 1584 5063 ad
1610 5007 1912 5063 divinorum
1940 5008 2045 5063 elo-

451 5102 700 5172 quiorum
727 5100 1012 5155 lectionem
1044 5099 1441 5155 incommodum
1465 5138 1482 5165 ,
1510 5098 1604 5153 sed
1633 5099 1744 5153 ﬁeri
1777 5112 1954 5169 posse,
1986 5106 2045 5153 ut

454 5207 562 5248 non
592 5192 768 5248 solum
792 5190 976 5257 domi,
1008 5191 1360 5246 verumctiam
1397 5191 1451 5244 in
1497 5189 1615 5245 foro
1644 5199 1916 5246 versantes
1936 5232 1950 5256 ,
1990 5199 2046 5246 et

455 5285 556 5338 iter
585 5281 862 5349 facientes,
889 5290 944 5338 et
969 5283 1021 5336 in
1049 5282 1344 5338 multorum
1367 5290 1509 5336 coetu
1531 5290 1770 5352 agentes,
1799 5294 1862 5337 ac
1884 5281 2044 5337 variis

456 5372 686 5442 negotiis
715 5371 953 5440 impliciti
998 5371 1191 5426 horum
1221 5370 1397 5426 studio
1441 5380 1718 5425 teneamur
1737 5412 1752 5437 ,
1784 5381 1841 5425 ut
1865 5387 1984 5442 quae
2013 5386 2043 5424 a

459 5463 615 5517 nobis
656 5465 958 5532 praestanda
1003 5473 1129 5519 sunt
1166 5463 1540 5532 conferentes,
1585 5465 1691 5518 cito
1734 5464 2045 5534 magistrum

456 5549 833 5619 adipiscamur.
881 5554 1136 5608 Dominus
1164 5557 1310 5609 enim
1348 5552 1536 5609 videns
1575 5565 1816 5608 nostrum
1858 5554 1923 5608 ad
1954 5568 2044 5609 res

456 5640 763 5711 spirituales
785 5642 1055 5713 affectum,
1081 5661 1186 5701 non
1212 5645 1461 5717 negliget,
1493 5645 1588 5701 sed
1610 5660 1897 5715 supernam
1925 5646 2045 5699 illu-

519 5791 846 5871 Sqi_§onnulli
880 5806 1047 5871 putant
1086 5802 1216 5852 hunc
1232 5803 1517 5871 _Pl1ilippum
1550 5802 1820 5871 apostolum
1857 5801 2042 5867 fuisse;

445 5855 532 5904 alii
556 5867 761 5906 uulnere
777 5855 941 5919 plures
956 5861 1206 5912 diaconum
1229 5855 1384 5914 fuisse
1396 5855 1694 5915 asseverant.

1114 400 1198 463 VS.
1239 398 1515 457 JOANNIS
1551 364 2022 455 CllRYSOSTdMI
2063 395 2381 454 ARCHIEP.
2419 398 2957 468 CONSTANTl-NOP.

3586 410 3688 468 δυ

2112 517 2425 573 strationem
2447 521 2725 590 prailiebit,
2748 539 2811 579 ac
2833 531 3072 580 nostrum
3096 524 3413 582 illuminabit
3433 527 3688 584 animum.

2113 607 2189 663 Ne
2218 610 2378 679 igitur
2395 651 2409 675 ,
2436 611 2694 679 obsecro,
2725 612 3118 685 Scripturarum
3145 614 3429 672 lectionem
3453 617 3688 686 negliga-

2113 712 2232 754 mus
2259 717 2273 754 :
2305 714 2490 757 verum
2518 703 2630 758 sive
2667 718 2856 759 eorum
2875 749 2889 769 ,
2922 720 3042 775 qua:
3072 706 3155 759 his
3182 706 3525 761 continentur
3544 744 3565 772 ,
3588 706 3692 759 vim

2114 790 2492 861 intelligamus,
2533 794 2646 849 sive
2685 796 3017 865 ignoremus,
3060 795 3147 850 illa
3185 794 3497 865 frequenter
3532 796 3693 849 admi-

2113 895 2254 935 mus.
2283 883 2508 937 Assidua
2537 885 2680 938 enim
2706 886 2981 939 meditatio
3022 888 3333 941 memoriam
3359 885 3524 940 efﬁcit
3551 885 3696 938 inde-

2117 973 2328 1028 lebilem
2357 993 2371 1026 τ
2401 983 2458 1030 et
2485 992 2590 1029 non
2622 992 2743 1031 raro
2772 978 2978 1042 evenit,
3008 985 3065 1032 ut
3093 977 3235 1047 quod
3262 976 3421 1031 hodie
3464 977 3700 1031 invenire

2116 1079 2225 1120 non
2247 1066 2514 1135 potuimus
2535 1068 2791 1137 legentes,
2818 1068 2917 1123 hoc
2939 1082 3152 1123 rursum
3175 1077 3390 1139 postero
3413 1068 3501 1122 die
3523 1082 3701 1136 aggie-

2116 1156 2356 1224 dientes,
2404 1171 2625 1227 repente
2665 1160 3033 1226 inveniamus,
3067 1160 3176 1214 Deo
3202 1159 3445 1214 videlicet
3485 1175 3582 1228 pro
3603 1171 3705 1213 sua

2116 1249 2401 1305 clementia
2432 1252 2641 1307 occulte
2664 1261 2900 1306 mentem
2926 1262 3164 1307 nostram
3190 1252 3503 1307 illustrante.
3531 1248 3705 1305 Crte-

2120 1353 2238 1394 rum
2264 1340 2361 1393 ista
2390 1340 2455 1394 ad
2487 1342 2757 1397 assiduam
2779 1341 3079 1397 divinarum
3105 1343 3498 1412 Scripturarum
3524 1342 3705 1395 lectio-

2120 1445 2241 1483 nem
2270 1431 2663 1500 suseipiendam
2689 1432 2920 1486 diximus
2947 1450 2960 1485 :
2989 1441 3047 1486 ut
3066 1441 3245 1488 autem
3263 1432 3482 1487 discatis
3507 1431 3560 1486 in
3584 1432 3706 1487 aliis

2118 1527 2282 1581 etiam
2310 1528 2556 1582 omnibus
2584 1526 2685 1581 hoc
2717 1527 2999 1582 Dominum
3035 1528 3207 1582 facere
3245 1527 3617 1591 consuevisse,
3648 1534 3708 1579 ut

2120 1635 2242 1673 cum
2267 1635 2385 1687 qua:
2414 1636 2442 1672 a
2475 1620 2628 1675 nobis
2652 1630 2777 1673 sunt
2803 1619 3210 1683 contulerimus,
3240 1619 3353 1688 ipse
3379 1632 3472 1673 sua
3497 1616 3709 1671 abunde

2122 1710 2458 1782 suppeditet,
2502 1711 2725 1781 etquod
2769 1713 2820 1765 in
2851 1711 3248 1781 Scripturarum
3292 1709 3524 1765 lectione
3560 1708 3705 1774 fecit,

2122 1803 2285 1856 multa
2329 1817 2453 1857 cum
2495 1802 2770 1858 celeritate
2814 1802 2980 1856 misso
3023 1801 3089 1855 ad
3138 1800 3422 1856 barbarum
3467 1799 3706 1863 doctore,

2124 1892 2225 1948 hoc
2263 1893 2409 1947 et‘in
2455 1892 2521 1947 iis
2558 1893 2648 1962 qui
2694 1892 2947 1946 virtutem
2984 1905 3239 1946 exercere
3265 1891 3453 1944 volunt
3492 1889 3707 1956 efﬁciat,

2124 1984 2246 2038 audi
2274 2000 2394 2054 quae
2420 1984 2693 2038 dicuntur.
2725 1984 2923 2039 Verum
2951 1991 3009 2037 ut
3046 1981 3383 2038 manifeStior
3422 1982 3575 2037 nobis
3612 1982 3712 2036 iste

2126 2092 2304 2132 sermo
2325 2076 2599 2141 reddatur,
2626 2086 3049 2132 consentaneum
3076 2074 3238 2131 fuerit
3262 2089 3475 2129 rursum
3500 2089 3622 2139 qtae
3645 2073 3711 2128 ad

2125 2168 2485 2238 patriarcham
2521 2168 2749 2222 attinent
2792 2167 2845 2221 in
2890 2166 3130 2222 medium
3172 2165 3474 2229 adducere,
3512 2173 3569 2218 et
3594 2179 3716 2234 quae

2127 2258 2242 2313 heri
2271 2258 2416 2313 dicta
2447 2259 2844 2328 subsequuntur
2872 2271 3013 2313 nunc
3054 2271 3350 2311 assumere.
3379 2254 3717 2326 Cognovistis

2127 2352 2272 2408 enim
2297 2365 2360 2406 ex
2389 2351 2501 2420 jam
2526 2351 2685 2405 dictis
2704 2392 2720 2413 ,
2760 2349 3030 2419 quomodo
3056 2349 3301 2404 maxime:
3330 2348 3472 2402 illius
3498 2347 3719 2401 humili-

2129 2444 2253 2498 tatis
2280 2456 2408 2512 erga
2446 2442 2546 2496 Lot
2573 2440 2828 2496 exhibita:
2844 2448 2863 2505 ',
2895 2456 2999 2511 qua
3039 2439 3114 2492 illi
3147 2438 3441 2508 potioribus
3478 2437 3721 2507 partibus

2129 2534 2325 2599 cessit,
2353 2544 2603 2603 magnam
2627 2548 2657 2585 a
2692 2533 2800 2586 Deo
2827 2530 3129 2585 mercedem
3156 2531 3226 2584 sit
3252 2538 3635 2599 consequutus,
3667 2539 3721 2584 et

2132 2628 2545 2699 promissionem
2585 2627 2853 2696 acceperit
2898 2626 3055 2695 longe
3086 2624 3253 2691 ipsius
3294 2622 3425 2677 facta
3457 2637 3721 2692 superan-

2131 2732 2262 2776 tem.
2287 2719 2574 2775 Videamus
2599 2729 2776 2774 autem
2811 2719 3065 2788 deinceps
3092 2717 3252 2773 etiam
3290 2732 3354 2771 ex
3386 2716 3545 2770 hodie
3572 2717 3723 2771 lectis

2130 2829 2347 2870 rursum
2372 2814 2540 2885 ipsius
2560 2812 2687 2884 justi
2715 2813 2987 2877 virtutem,
3008 2819 3070 2865 ut
3091 2809 3161 2863 ita
3184 2807 3535 2880 procedentes
3557 2807 3726 2860 disca-

2133 2920 2253 2962 mus
2293 2904 2617 2960 iueﬁ‘abilem
2666 2903 2759 2958 Dei
2804 2916 2930 2973 erga
2978 2900 3123 2955 illum
3167 2899 3573 2969 providentiam.
3615 2896 3726 2952 Nos

2133 2998 2275 3052 enim
2324 3012 2512 3052 omnes
2562 3011 2655 3066 per
2697 2993 3017 3066 patriarcha:
3066 2989 3455 3062 philosophiam
3498 2987 3723 3054 docens,

2134 3089 2263 3143 sinit
2309 3087 2479 3157 ipsum
2512 3103 2603 3156 per
2635 3085 2841 3157 singula
2889 3094 3130 3155 tempora
3169 3082 3315 3153 prius
3355 3079 3728 3135 demonstrare

2135 3182 2298 3236 animi
2330 3182 2604 3250 pietatem,
2629 3190 2685 3234 et
2708 3188 2835 3232 tunc
2856 3193 3008 3233 suam
3037 3176 3192 3230 ali‘ert
3217 3172 3728 3237 remunerationem,

2137 3283 2276 3330 utet
2319 3289 2421 3329 nos
2462 3271 2818 3344 patriarcham
2858 3270 3129 3326 imitantes
3159 3266 3398 3322 studiose
3424 3264 3731 3319 adnitamur

2138 3367 2285 3438 prius
2324 3360 2535 3421 virtutis
2577 3364 2787 3419 labores
2828 3376 3144 3432 capessere,
3187 3368 3346 3431 atque
3390 3358 3463 3412 ita
3503 3356 3570 3411 ab
3610 3355 3734 3426 ipso

2141 3458 2588 3516 remunerationis
2623 3457 2790 3512 vicem
2824 3461 3158 3523 exspectare.

2188 3557 2243 3611 3.
2261 3552 2443 3609 Clades
2458 3544 2589 3622 regis
2608 3550 2966 3614 Sodomorum,
2986 3563 3017 3599 a
3037 3542 3262 3616 pluribus
3277 3542 3472 3614 regibus
3487 3540 3702 3611 impetiti
3712 3581 3733 3606 ,

2139 3646 2405 3718 captivitas
2429 3653 2475 3700 et
2499 3643 2737 3714 spoliatio
2761 3639 2896 3705 Lot;
2926 3637 3193 3693 concordia
3211 3636 3470 3703 laudatur,
3495 3649 3592 3704 qua
3619 3648 3735 3688 ser-

2138 3751 2252 3795 uata
2280 3738 2410 3793 nihil
2436 3737 2531 3793 Lat
2556 3736 2729 3808 [uisset
2749 3748 3025 3803 passus.—
3043 3729 3148 3787 Sed
3171 3741 3381 3798 tempus
3404 3735 3508 3794 est,
3533 3735 3587 3779 ut
3608 3739 3736 3797 qua

2140 3830 2303 3885 hodie
2334 3828 2469 3883 lecta
2495 3836 2650 3891 ,sunt,
2684 3824 2837 3880 vobis
2885 3835 3176 3893 proponam
3210 3836 3223 3873 :
3254 3832 3318 3874 ea
3349 3817 3489 3873 enim
3516 3816 3599 3870 vix
3645 3817 3734 3870 in-

2142 3923 2525 3996 terpretatione
2544 3935 2681 3990 opus
2706 3917 2920 3972 habent.
2949 3914 3082 3971 Nam
3108 3913 3191 3969 vel
3218 3913 3330 3983 ipsa
3360 3909 3517 3966 lectio
3546 3910 3732 3963 excel-

2141 4019 2337 4074 lentem
2353 4017 2480 4085 justi
2501 4012 2750 4071 virtutem
2767 4010 2895 4066 satis
2911 4008 3279 4064 demonstrare
3294 4013 3487 4077 potest.
3507 4005 3527 4059 l
3544 4040 3555 4051 -
3574 4000 3739 4072 (Cap.

2144 4110 2236 4180 14)
2253 4104 2470 4162 Factum
2487 4115 2558 4161 est
2574 4114 2762 4169 autem,
2796 4102 2983 4172 inquit,
3018 4101 3069 4153 in
3093 4114 3247 4170 regno
3271 4094 3580 4163 Amarphatlt
3600 4095 3740 4165 regis

2145 4202 2417 4265 Sennaar,
2452 4197 2637 4251 Arioch
2680 4211 2771 4249 rea:
2830 4192 3052 4258 Elasar,
3096 4199 3145 4245 et
3192 4188 3593 4260 Ckodologotnor
3644 4202 3743 4239 rex

2144 4291 2320 4360 Elam,
2354 4299 2399 4345 et
2427 4287 2683 4344 Tharthac
2708 4301 2797 4341 res
2821 4283 3064 4356 gentium,
3084 4276 3141 4334 2.
3170 4283 3393 4352 fecerunt
3417 4277 3595 4331 bellum
3616 4289 3767 4328 σωκ·

2144 4384 2305 4439 Balac
2346 4399 2461 4454 rege
2509 4380 2877 4446 Sodomorum,
2926 4386 2972 4430 et
3015 4391 3127 4429 cum
3154 4372 3347 4427 Barsac
3375 4386 3489 4441 rege
3517 4369 3740 4422 Gomor—

2145 4480 2271 4543 rltte,
2314 4488 2360 4532 et
2404 4491 2520 4529 cum
2567 4473 2802 4529 Sennaar
2849 4486 2965 4541 rege
2996 4468 3211 4532 Atlanta,
3264 4473 3311 4518 et
3339 4479 3455 4517 cum
3486 4459 3744 4532 Symobor

2145 4586 2261 4640 rege
2298 4567 2523 4631 Seboim,
2567 4574 2615 4618 et
2660 4579 2776 4634 rege
2800 4558 2992 4626 Balac;
3017 4560 3128 4631 ipsa
3148 4567 3220 4613 est
3241 4557 3423 4628 Segor.
3463 4555 3497 4610 5
3550 4549 3745 4607 Omna

2146 4663 2185 4716 ii
2234 4661 2320 4731 qui
2363 4659 2774 4729 conspirauerunt
2825 4656 2881 4708 in
2932 4652 3076 4708 Valle
3127 4650 3285 4719 salsa,
3329 4662 3442 4719 qute
3491 4661 3621 4701 nunc
3666 4655 3748 4699 est

2147 4770 2288 4808 mare
2340 4752 2482 4807 salis.
2532 4749 2665 4805 Vide
2715 4746 3005 4818 Scriptura}
3059 4743 3425 4816 diligentiam,
3469 4737 3746 4810 quomodo

2148 4846 2365 4902 nomina
2414 4844 2573 4898 etiam
2620 4855 2804 4913 regum
2859 4846 2914 4894 et
2948 4830 3218 4892 nationum
3267 4844 3738 4893 commemorave-

2151 4937 2245 5003 rit;
2281 4953 2387 4992 non
2432 4937 2549 4991 sine
2590 4949 2772 5001 causa,
2817 4930 2913 4988 sed
2953 4939 3012 4987 ut
3048 4944 3115 4986 ex
3158 4928 3350 4983 horum
3390 4923 3750 4996 appellatione

2147 5031 2325 5088 discas
2354 5028 2638 5084 barbarum
2666 5024 2890 5079 istorum
2930 5022 3187 5076 animum.
3219 5018 3313 5074 isti
3351 5015 3515 5082 enim,
3548 5014 3750 5084 inquit,

2148 5125 2348 5181 bellum
2379 5129 2662 5191 gesserunt
2702 5113 2958 5173 adversus
2983 5113 3339 5171 Sodomorum
3369 5124 3551 5180 regem
3582 5116 3635 5163 et
3662 5124 3744 5162 re-

2150 5219 2347 5287 liquos.
2377 5212 2578 5269 Deinde
2618 5210 2744 5266 belli
2783 5222 2999 5264 causam
3024 5206 3185 5262 etiam
3213 5203 3391 5269 docet,
3424 5199 3566 5256 unde
3596 5199 3750 5268 prin-

2150 5310 2347 5379 cipium
2375 5303 2641 5369 habuerit,
2666 5301 2850 5357 dicens
2877 5301 2968 5355 τι.
2998 5297 3280 5352 Duodecim
3303 5294 3452 5349 annis
3473 5293 3751 5348 servierant

2149 5398 2576 5469 Cliodalogomor,
2628 5395 2773 5448 tertio
2818 5400 2990 5445 autem
3036 5389 3229 5443 decimo
3254 5403 3389 5440 anno
3411 5384 3751 5449 desciuerunt,

2151 5495 2207 5550 5.
2237 5491 2432 5559 Quarto
2457 5497 2627 5541 autem
2672 5497 2718 5540 et
2765 5486 2958 5539 decimo
2986 5498 3120 5537 anno
3163 5479 3293 5534 venit
3319 5476 3752 5547 Chodologomor,

2151 5595 2200 5639 et
2231 5598 2372 5652 reges
2414 5581 2499 5650 qui
2543 5595 2657 5631 cum
2700 5594 2757 5632 eo
2801 5585 2962 5643 erant,
2993 5584 3040 5628 et
3066 5572 3384 5627 trucidarunt
3431 5570 3657 5642 gigantes
3699 5568 3754 5620 in

2153 5671 2394 5728 Astaroth
2437 5680 2482 5724 et
2509 5667 2769 5731 Carnaim,
2800 5676 2848 5723 et
2873 5676 3046 5738 gentes
3076 5664 3229 5733 fortes
3254 5680 3356 5716 una
3384 5679 3500 5715 eum
3528 5661 3674 5730 ipsis,
3709 5667 3750 5712 et

2157 5764 2433 5826 Ummazos,
2478 5761 2563 5828 qui
2590 5770 2732 5813 erant
2779 5760 2830 5813 in
2876 5757 3007 5811 Save
3047 5754 3269 5817 civitate,
3301 5752 3354 5806 6.
3385 5763 3433 5806 et
3460 5751 3752 5816 Chorrtcos,

2155 5853 2243 5922 qt'i
2268 5861 2407 5905 erant
2433 5853 2483 5906 in
2513 5851 2762 5906 montibus
2793 5849 2929 5916 Scit,
2961 5862 3117 5918 usque
3137 5847 3205 5898 ad
3226 5842 3586 5899 Terebintltum
3607 5840 3752 5896 l’lta-
