4060 6472
329 531 553 603 λατρεία
583 534 617 603 η
655 532 942 605 Ἰουδαῐκὴ,
972 533 1060 588 ἵνα
1090 534 1188 605 τὴν
1222 535 1588 607 προσκύνησιν
1615 535 1798 602 ἀποδῷ
1821 533 1900 603 τῷ

331 615 597 686 Δεσπότῃ.
668 617 777 668 Καὶ
827 616 1014 688 ἐπειδὴ
1066 618 1350 688 ἐπλήρωσε
1407 618 1469 671 τὸ
1536 618 1898 687 ποθούμενον,

343 697 786 767 Ὑποστρέφων,
826 700 989 769 φησὶ,
1019 700 1119 754 καί
1162 700 1496 772 καθήμενος
1526 702 1624 755 ἐπὶ
1656 699 1760 754 τοῦ
1801 700 1904 768 ἅρ-

322 797 515 850 ματος
543 780 732 835 αὑτοῦ
761 783 1187 851 ἀνεγίνωσκεν.

402 863 468 934 β’.
492 860 624 918 Εἶτα
670 865 897 930 ἐπιστὰς
917 869 946 920 6
964 866 1227 932 Φίλιππός
1255 885 1386 939 φησι
1402 867 1539 940 πρὸς
1550 867 1730 922 αὐτόν.
1760 862 1903 934 Ἀρά

329 963 398 1016 τε
426 946 742 1016 γινώσκεις
771 947 811 1002 ἃ
838 950 1301 1018 ἀναγινώσκεις;
1335 948 1484 1015 Εἶδες
1524 951 1703 1021 ψυχὴν
1735 966 1903 1020 μεμε-

327 1031 695 1101 ριμνημένην,
725 1032 826 1085 οὐκ
850 1032 1052 1087 εἰδυῖαν
1079 1035 1179 1104 μὲν
1205 1034 1272 1088 τὰ
1300 1035 1616 1105 ἐγκείμενα,
1634 1033 1901 1104 ἐχομένην

325 1113 387 1166 δὲ
432 1113 531 1184 τῆς
575 1114 974 1182 ἀναγνώσεως,
1033 1120 1128 1171 καὶ
1170 1118 1438 1171 ποθοῦσαν
1488 1121 1765 1187 ἐπιτυχεῖν
1804 1116 1901 1171 τοῦ

325 1193 651 1266 ὀδηγοῦντος
671 1196 993 1253 διδασκάλου
1018 1217 1033 1266 ;
1063 1202 1172 1254 Καὶ
1191 1201 1300 1270 γάρ
1325 1200 1524 1264 εὐθέως
1552 1204 1581 1255 6
1609 1201 1900 1264 ἀπόστολος

321 1277 420 1332 διὰ
461 1280 557 1349 τῆς
603 1283 926 1353 ἐρωτήσεως
968 1285 1225 1355 διεγείρει
1264 1284 1427 1339 αὐτοῦ
1456 1285 1550 1339 τὸν
1592 1285 1786 1339 πόθον’
1821 1286 1901 1337 ὅτι

324 1360 439 1433 γὰρ
480 1362 627 1428 ἄξιος
665 1361 734 1436 ἦν
769 1370 954 1438 τυχεῖν
994 1368 1088 1422 τοῦ
1123 1369 1444 1439 όδηγοῦντος
1485 1369 1621 1440 πρὸς
1658 1370 1756 1440 τὴν
1794 1370 1902 1422 τῶν

325 1445 666 1516 ἐγκειμένων
700 1451 1046 1521 κατανόησιν,
1089 1452 1227 1523 αὐτὴ
1275 1454 1307 1523 ἡ
1352 1453 1641 1521 ἀπόκρισις
1668 1451 1762 1504 τοῦ
1807 1453 1902 1505 ἀν-

322 1526 456 1598 δρὸς
491 1529 660 1601 δηλοῖ.
691 1533 797 1585 Τοῦ
826 1533 936 1605 γὰρ
962 1535 1261 1588 ἀποστόλου
1288 1531 1705 1602 εἰπόντο;,⁷Αρά
1729 1553 1793 1604 γε
1825 1554 1904 1606 γι·

321 1612 615 1681 νώσκεις;
656 1618 751 1670 καὶ
781 1620 920 1688 μετά
973 1620 1221 1684 εὐτελοῦς
1249 1624 1525 1691 σχήματος
1568 1624 1900 1693 προσιόντος,

320 1696 429 1749 οὐκ
473 1698 849 1770 ἐδυσχέρανεν,
896 1704 997 1756 οὐκ
1048 1705 1450 1774 ἠγανάκτησεν,
1505 1707 1606 1759 οὐκ
1653 1706 1903 1776 ἐνόμισεν

322 1779 600 1858 ὑϐρίσθαι,
663 1784 693 1836 ὃ
739 1785 925 1840 πολλοὶ
981 1787 1091 1842 τῶν
1149 1789 1393 1859 ἀνοήτων
1452 1788 1740 1859 πάσχουσι,
1810 1790 1903 1842 καὶ

324 1864 587 1930 πολλάκις
628 1868 904 1939 αἱροῦνται
953 1873 1010 1924 ἐν
1060 1871 1299 1943 διηνεκεῖ
1345 1873 1538 1945 ἀγνοίᾳ
1590 1874 1900 1944 τυγχάνειν,

321 1948 707 2020 αἰσχυνόμενοι
736 1953 835 2024 τὴν
867 1954 1086 2022 ἄγνοιαν
1114 1955 1466 2025 ὁμολογῆσαι,
1498 1956 1592 2007 καὶ
1622 1955 1773 2027 παρά
1795 1955 1903 2008 τῶν

317 2031 535 2098 διδάξαι
561 2033 874 2104 δυναμένων
900 2037 1107 2107 μαθεῖν.
1154 2037 1291 2090 Ἀλλ’
1330 2033 1483 2102 οὗτος
1516 2039 1665 2091 οὐδὲν
1697 2037 1903 2093 τούτων

321 2116 596 2170 πέπονθεν
615 2134 629 2147 °
653 2119 787 2171 ἀλλά
817 2122 952 2189 μετά
983 2122 1162 2191 πάσης
1188 2123 1484 2185 ἐπιεικείας
1506 2124 1597 2175 καὶ
1620 2123 1903 2186 εὐλαϐείας

317 2198 425 2268 τὴν
454 2199 745 2271 ἀπόκρισιν
774 2205 1027 2267 ποιεῖται,
1054 2204 1266 2267 δεικνὺς
1286 2205 1449 2257 αὐτοῦ
1474 2206 1571 2275 τῆς
1598 2207 1772 2276 ψυχῆς
1804 2206 1901 2277 τὴν

318 2281 683 2347 κατάστασιν,
715 2285 808 2338 καί
840 2302 1003 2355 φησι·
1038 2286 1169 2353 Πῶς
1196 2290 1304 2356 γὰρ
1336 2287 1412 2341 ἂν
1449 2287 1768 2357 δυναίμην,
1796 2290 1904 2342 ἐὰν

311 2363 524 2434 μήτις
552 2365 826 2435 όδηγήσῃ
853 2385 963 2437 με;
1002 2368 1104 2422 Καὶ
1135 2371 1197 2422 οὐ
1234 2372 1392 2439 μόνον
1431 2372 1763 2441 ἀπεκρίνατο
1803 2373 1903 2443 μὲν

319 2452 446 2520 μετ’
491 2454 823 2517 ἐπιεικείας,
872 2456 1188 2526 παρέδραμε
1230 2457 1324 2519 δέ,
1367 2456 1504 2510 ἀλλά
1556 2457 1756 2528 μᾶλλον
1796 2458 1902 2512 τῶν

315 2536 542 2588 οἰκείων
557 2537 774 2609 τρόπων
791 2539 1193 2608 ἐνδεικνύμενος
1210 2540 1342 2610 ἡμῖν
1362 2540 1459 2610 τὴν
1484 2541 1705 2612 ἀρετὴν,
1731 2541 1902 2594 ταῦτα

315 2617 498 2673 εἰπὼν
535 2620 909 2692 παρεκάλεσεν
943 2624 971 2675 6
1007 2622 1310 2693 δυνάστης,
1349 2624 1377 2675 6
1410 2623 1705 2695 βάρϐαρος,
1742 2625 1771 2677 6
1815 2625 1904 2677 ἐπ’

314 2703 601 2773 ὀχήματος
633 2707 932 2778 φερόμενος
960 2707 1051 2761 τὸν
1083 2706 1271 2778 εὐτελῆ
1305 2708 1654 2778 φαινόμενον,
1679 2709 1771 2762 τὸν
1796 2710 1905 2763 ἀπὸ

309 2788 421 2856 τῆς
456 2789 681 2858 ἐσθῆτος
711 2792 1209 2863 εὐκαταφρόνητον,
1230 2791 1509 2846 ἀναϐάντα
1542 2792 1764 2846 καθίσαι
1806 2796 1903 2847 σὺν

310 2870 490 2942 αὐτῷ.
522 2869 675 2936 Εἶδες
703 2873 881 2945 ψυχῆς
907 2875 1251 2946 προθυμίαν;
1289 2871 1427 2939 εἶδες
1458 2874 1748 2940 εὐλαϐείας
1780 2878 1903 2929 ἐπί-

308 2971 511 3019 τασινς
536 2950 675 3020 εἶδες
716 2956 993 3029 βαρϐάρου
1024 2956 1251 3030 γνώμην
1282 2958 1549 3027 φιλόθεον,
1580 2958 1694 3022 πῶς
1731 2960 1901 3032 ἐπλή-

318 3055 423 3108 ρου
472 3040 649 3092 ἐκεῖνο
703 3039 763 3093 τὸ
806 3042 958 3112 παρά
1004 3035 1169 3108 σοφοῦ
1210 3059 1352 3105 τινος
1401 3043 1720 3113 είρημένον’
1770 3044 1904 3097 Ἐὰν

315 3120 464 3189 ἴδῃς
491 3122 787 3187 συνετὸν,
817 3122 1040 3192 ὅρθριζε
1071 3125 1221 3193 πρὸς
1250 3126 1440 3178 αὐτόν
1458 3166 1472 3190 ,
1506 3126 1602 3179 καὶ
1629 3126 1903 3195 ,βαθμοὺς

310 3206 523 3275 θυρῶν
558 3209 1093 3278 αὐτοῦ’έκτριϐέτω
1127 3215 1158 3265 d
1197 3212 1351 3278 ποῦς
1393 3230 1543 3277 σου;
1590 3209 1741 3277 Εἶδες
1787 3213 1905 3278 πῶς

308 3289 545 3354 δικαίως
570 3293 631 3344 οὐ
669 3291 989 3364 περιώφθη;
1025 3290 1164 3357 εἶδες
1219 3293 1337 3357 πῶς
1366 3294 1588 3359 δικαίως
1618 3296 1903 3366 ἀπήλαυσε

308 3372 425 3441 τῆς
449 3373 654 3428 ἀνωθεν
689 3376 972 3448 προνοίαςς
1015 3372 1153 3440 εἶδες
1187 3376 1304 3439 πῶς
1340 3376 1493 3430 οὐδὲν
1536 3378 1749 3431 ἐνέλιπε
1795 3381 1903 3434 τῶν

313 3457 650 3524 ὀφειλόντων
680 3461 809 3531 παρ’
841 3459 1005 3512 αὑτοῦ
1035 3457 1438 3530 εἰσενεχθῆναι;
1468 3460 1568 3514 Διά
1608 3462 1766 3515 τοῦτο
1792 3463 1904 3515 λοι-

315 3538 428 3592 πὸν
460 3541 731 3611 ἐπιτυχὼν
762 3541 857 3595 τοῦ
891 3540 1233 3606 διδασκάλου,
1275 3542 1544 3613 ἐμάνθανε
1581 3546 1720 3614 μετὰ
1745 3547 1903 3616 ἀκρι-

314 3622 479 3684 ϐείας
509 3626 603 3677 καὶ
633 3624 742 3677 τῶν
777 3625 1111 3696 ἐγκειμένων
1148 3625 1248 3696 τὴν
1287 3625 1538 3697 δύναμιν,
1573 3629 1666 3682 καί
1698 3630 1898 3698 ἐφωτί-

316 3705 450 3771 ζετο
480 3707 578 3777 τὴν
607 3706 870 3762 διάνοιαν.

396 3821 562 3877 Ἴδετε
611 3824 735 3880 ὅσον
765 3823 914 3878 ἐστὶν
943 3823 1149 3893 ἀγαθὸν
1195 3824 1257 3877 τὸ
1305 3826 1443 3895 μετά
1482 3828 1761 3898 προσοχῆς
1804 3831 1901 3883 καὶ

316 3907 563 3978 σπουδῆς
610 3910 709 3979 τὴν
749 3908 1053 3975 ἀνάγνωσιν
1088 3907 1358 3962 ποιεῖσθαι
1400 3909 1510 3962 τῶν
1551 3910 1710 3964 θείων
1762 3913 1904 3983 Γρα-

315 3989 472 4060 φῶνς
499 3992 597 4043 Διά
618 3991 723 4063 γὰρ
748 3989 907 4044 τοῦτο
934 3991 1028 4043 καὶ
1061 3992 1159 4062 τὴν
1199 3992 1340 4045 κατά
1364 3992 1455 4044 τὸν
1484 3992 1758 4063 βάρϐαρον
1784 3994 1906 4047 τοῦ-

313 4090 415 4127 τον
460 4073 698 4144 ἱστορίαν
755 4076 834 4137 εἰς
885 4075 1049 4145 μέσον
1097 4076 1225 4144 ὑμῖν
1283 4076 1632 4147 παρήγαγον,
1691 4077 1782 4130 ἵνα
1827 4079 1902 4149 μὴ

316 4157 779 4228 ἐπαισχυνθῶμεν
810 4156 1052 4219 ἅπαντες
1083 4157 1324 4229 ζηλωταὶ
1364 4159 1622 4227 γενέσθαι
1667 4159 1763 4212 τοῦ
1805 4162 1903 4213 Αἰ-

318 4238 532 4305 θίοπος,
556 4239 649 4293 τοῦ
675 4239 953 4310 εὐνούχου,
980 4240 1075 4293 τοῦ
1104 4240 1237 4311 μηδέ
1263 4244 1321 4294 ἐν
1354 4242 1637 4315 ὁδοιπορίᾳ
1655 4244 1755 4314 τῆς
1782 4245 1904 4298 ἀνα-

319 4321 583 4391 γνώσεως
628 4324 979 4393 ἀμελοῦντος.
1041 4322 1195 4396 [552]
1250 4326 1456 4390 Ἱκανὸς
1512 4328 1620 4400 γάρ
1671 4321 1827 4393 οὗτος
1876 4330 1905 4381 6

323 4407 604 4480 βάρϐαρος
634 4409 835 4464 ἀπασιν
863 4412 995 4480 ἡμῖν
1018 4410 1338 4475 διδάσκαλος
1366 4411 1639 4480 γενέσθαι,
1671 4417 1766 4467 καὶ
1793 4418 1905 4477 τοῖς

318 4492 417 4546 τὸν
448 4493 715 4546 ἰδιωτικὸν
741 4495 856 4564 βίον
890 4495 1352 4567 ἐπανῃρημένοις,
1382 4496 1476 4549 καὶ
1507 4500 1620 4560 τοῖς
1650 4499 1707 4550 ὲν
1736 4515 1903 4567 στρα-

320 4578 418 4648 τιᾷ
458 4578 896 4648 κατειλεγμένοις
917 4619 932 4644 ,
970 4581 1065 4632 καὶ
1093 4581 1151 4631 ἐν
1193 4581 1523 4652 περιφανείᾳ
1552 4583 1902 4650 τυγχάνουσι,

323 4660 422 4714 καὶ
453 4661 618 4713 πᾶσιν
657 4661 991 4727 ἁπαξαπλῶς
1030 4663 1132 4716 οὑκ
1170 4663 1431 4733 ἀνδράσιν
1453 4705 1468 4727 ,
1495 4665 1633 4718 ἀλλά
1675 4668 1765 4719 καὶ
1810 4683 1907 4735 γυ-

323 4742 537 4810 ναιξὶν,
572 4744 684 4815 ὅσῳ
725 4745 821 4798 καὶ
861 4745 1125 4815 διηνεκῶς
1166 4747 1303 4800 οίκοι
1344 4747 1730 4817 διατρίϐουσιν,
1770 4749 1907 4803 ἀλλά

324 4828 422 4883 καὶ
453 4831 562 4893 τοῖς
592 4828 685 4882 τὸν
712 4829 1005 4900 μοναχικδν
1028 4829 1142 4900 βίον
1163 4832 1415 4902 ἐπανῃρη
1424 4832 1625 4901 μένοις,
1652 4832 1739 4886 ἵνα
1764 4851 1905 4902 μαν-

325 4911 531 4969 θάνωσι
578 4914 809 4978 πάντες,
859 4914 934 4976 ὡς
965 4914 1139 4978 οὐδεὶς
1184 4914 1373 4985 καιρὸς
1423 4914 1653 4985 κώλυμα
1695 4917 1906 4983 γίνεται

327 4996 466 5067 πρὸς
488 4996 588 5068 τὴν
617 4995 728 5050 τῶν
757 4996 917 5050 θείων
939 4997 1135 5065 λογίων
1164 4995 1491 5066 ἀνάγνωσιν,
1516 4998 1650 5052 ἀλλά
1679 5000 1906 5055 δυνατὸν

331 5081 408 5154 μὴ
442 5081 603 5152 μόνον
643 5082 735 5134 ἐπὶ
767 5080 946 5142 οἰκίας
967 5121 981 5143 ,
1010 5079 1145 5133 ἀλλά
1182 5082 1276 5134 καὶ⁵
1317 5081 1403 5134 ἐπ’
1432 5083 1638 5154 ἀγορᾶς
1672 5084 1909 5154 βαδίζον.

328 5184 449 5232 τας,
489 5166 581 5220 καὶ
623 5165 933 5236 ὁδοιπορίαν
972 5166 1362 5235 ποιουμένους,
1400 5168 1494 5220 καὶ
1544 5167 1603 5220 ἐν
1648 5170 1907 5242 συνουσίᾳ

330 5250 592 5311 πλειόνων
628 5251 1015 5320 τυγχάνοντας,
1062 5251 1160 5303 καὶ
1196 5251 1486 5322 πράγμασι
1521 5252 1907 5325 συμπλεκομέ-

329 5352 455 5399 νους
478 5335 579 5405 τῆς
616 5332 819 5386 τούτων
845 5332 1062 5405 ἔχεσθαι
1097 5332 1358 5402 σπουδῆς,
1405 5334 1491 5386 ἵνα
1516 5333 1586 5386 τά
1611 5337 1741 5407 παρ’
1776 5338 1906 5390 ἑαυ-

329 5417 440 5471 τῶν
475 5417 821 5488 εἰσφέροντες
839 5457 853 5481 ,
886 5416 1097 5486 ταχέως
1126 5416 1338 5469 καὶτοῦ
1369 5417 1693 5487 ὁδηγοῦντος
1722 5419 1911 5473 ἐπιτύ-

330 5518 535 5571 χωμεν.
592 5500 761 5571 Ὀρῶν
796 5499 905 5570 γάρ
950 5497 1106 5569 ἡμῶν
1144 5499 1173 5549 ὁ
1211 5500 1487 5572 Δεσπότης
1530 5501 1628 5572 τὴν
1665 5505 1793 5575 περὶ
1840 5505 1910 5559 τά

333 5586 678 5655 πνευματικά
702 5584 1019 5656 ἐπιθυμίαν,
1047 5584 1107 5638 οὐ
1141 5584 1480 5657 περιόψεται,
1517 5585 1653 5640 ἀλλά
1686 5588 1909 5659 παρέξει

334 5666 432 5739 τὴν
458 5666 666 5721 ἀνωθεν
691 5666 979 5737 ἕλλαμψιν,
996 5669 1090 5722 καὶ
1122 5671 1316 5738 φωτιεί
1344 5668 1499 5739 ὴμῶν
1518 5668 1617 5741 τὴν
1648 5670 1905 5726 διάνοιαν.

337 5750 429 5820 Μὴ
454 5751 636 5804 τοίνυν
663 5751 988 5821 ἀμελῶμεν,
1022 5751 1356 5822 παρακαλῶ,
1392 5751 1495 5822 τῆς
1525 5753 1909 5821 ἀναγνώσεως,

340 5830 472 5889 ἀλλά
511 5834 613 5889 κάν
642 5850 701 5887 τε
748 5834 980 5905 εἰδῶμεν
1011 5834 1121 5889 τῶν
1160 5834 1498 5906 ἐγκειμένων
1531 5837 1630 5909 τὴν
1659 5837 1909 5910 δύναμιν,

1286 380 1287 383 γ
1348 420 1414 475 IN
1452 423 1604 479 CAP.
1646 422 1761 478 xw
1803 418 2046 477 GENES.
2083 421 2317 477 nomn.
2360 420 2574 477 xxxv.

3474 415 3582 476 39.4

2002 536 2103 589 κάν
2131 553 2189 589 τε
2225 535 2545 605 ἀγνοῶμεν,
2578 533 2818 605 συνεχῶς
2860 533 3003 589 αὑτά
3042 533 3309 604 ἐπίωμεν.
3359 532 3425 586 Ἠ
3468 532 3577 603 γάρ

2000 617 2253 690 διηνεκὴς
2302 618 2506 690 μελέτη
2555 618 2940 685 ἀνεξάλειπτον
2970 616 3262 690 ἐργάζεται
3290 616 3391 686 τὴν
3437 616 3580 687 μνή-

2003 718 2137 772 μην’
2177 703 2271 757 καὶ
2304 702 2561 767 πολλάκις
2604 703 2744 772 ὅπερ
2783 703 3026 773 σήμερον
3082 702 3262 771 εὑρεῖν
3293 701 3393 753 οὐκ
3425 698 3579 768 ἰσχύ-

2002 800 2175 853 σαμεν
2219 785 2578 853 ἀναγνόντες,
2625 785 2785 838 τοῦτο
2817 785 2978 838 πάλιν
3021 782 3210 855 αὔριον
3260 781 3579 843 ἐπελθόντες

2000 866 2193 937 ἀθρόον
2230 867 2500 939 εὕρομεν,
2554 866 2650 920 τοῦ
2698 866 3079 938 φιλανθρώπου
3133 865 3268 918 Θεοῦ
3332 865 3580 936 ἀοράτως

2001 950 2156 1020 ἡμῶν
2186 951 2285 1020 τὴν
2310 951 2547 1005 διάνοιαν
2575 951 2921 1019 φωτίζοντος.
2965 947 3127 1002 Ἀλλά
3153 946 3328 1000 ταῦτα
3357 947 3455 1017 μὲν
3483 944 3578 999 νῦν

2002 1033 2138 1103 πρὸς
2162 1035 2221 1086 τὸ
2260 1034 2456 1104 συνεχῆ
2496 1034 2766 1086 ποιεῖσθαι
2810 1032 2911 1103 τὴν
2939 1033 3245 1101 ἀνάγνωσιν
3280 1030 3390 1082 τῶν
3419 1027 3581 1082 θείων

2001 1116 2234 1187 Γραφῶν
2258 1117 2562 1188 εἰρήκαμεν
2579 1133 2593 1146 ·
2632 1115 2717 1169 ἵνα
2743 1115 2801 1169 δέ
2851 1115 3082 1186 μάθητε,
3112 1115 3195 1168 ὅτι
3230 1113 3323 1167 καὶ
3350 1112 3442 1164 ἐπὶ
3469 1109 3580 1162 τῶν

2001 1204 2177 1257 ἄλλων
2216 1205 2468 1257 ἁπάντων
2492 1203 2650 1256 τοῦτο
2684 1201 2765 1273 τῷ
2788 1200 3039 1270 Δεσπότῃ
3069 1198 3208 1263 ἔθος,
3261 1196 3479 1250 ἐπειδὰν
3512 1192 3583 1245 τά

2002 1286 2131 1356 παρ’
2168 1285 2376 1339 ἐαυτῶν
2410 1285 2829 1355 είσενέγκωμεν,
2867 1283 3007 1355 μετά
3041 1281 3324 1351 δαψιλείας
3351 1278 3420 1332 τὰ
3447 1277 3580 1346 παρ’

2000 1370 2192 1424 ἑαυτοῦ
2224 1372 2450 1441 χορηγεῖ
2470 1370 2564 1423 καὶ
2586 1367 2768 1432 αὐτὸς,
2794 1368 2889 1420 καὶ
2913 1368 3050 1440 ὅπερ
3079 1367 3173 1419 ἐπὶ
3195 1365 3295 1435 τῆς
3326 1359 3579 1427 ἀναγνώ-

2004 1470 2143 1518 σεως
2177 1454 2448 1525 πεποίηκε
2489 1452 2628 1524 μετά
2672 1452 2871 1521 πολλῆς
2898 1451 2999 1521 τῆς
3025 1449 3328 1520 ταχύτητος
3356 1445 3583 1516 πέμψας

2001 1538 2091 1590 τὸν
2124 1537 2446 1591 διδάσκαλον
2480 1535 2558 1607 τῷ
2593 1535 2876 1606 βαρϐάρῳ,
2912 1532 3071 1586 τοῦτο
3099 1532 3195 1585 καὶ
3220 1530 3313 1582 ἐπὶ
3343 1529 3451 1581 τῶν
3478 1526 3580 1597 τὴν

2003 1622 2201 1691 ἀρετὴν
2232 1621 2471 1691 μετιέναι
2506 1619 2843 1689 βουλομένων
2880 1615 3193 1686 ἐργάζεται,
3220 1615 3450 1668 ἄκουσον
3470 1610 3582 1664 τῶν

2004 1704 2099 1756 νῦν
2129 1704 2458 1772 λεγομένων.
2499 1702 2644 1755 Ἀλλ’
2685 1702 2775 1754 ἴνα
2813 1699 3148 1771 σαφέστερος
3188 1699 3318 1768 ἡμῖν
3363 1697 3391 1747 6
3422 1692 3582 1761 λόγος

2002 1789 2218 1858 γίνηται
2244 1784 2398 1851 οὗτος
2421 1829 2434 1850 ,
2479 1784 2770 1839 ἀκόλουθον
2806 1783 2871 1837 ἂν
2902 1783 2986 1855 εἴη
3034 1782 3196 1835 πάλιν
3225 1781 3294 1834 τὰ
3322 1777 3461 1831 κατά
3492 1776 3584 1829 τὸν

2004 1874 2350 1943 πατριάρχην
2385 1871 2464 1933 είς
2502 1869 2665 1941 μέσον
2698 1870 2956 1937 ἀγαγεῖν,
2991 1867 3086 1920 καὶ
3135 1865 3235 1935 τῆς
3262 1859 3584 1943 ἀκολουθίας

2002 1941 2259 2027 τῶνίχθὲς
2292 1958 2423 2025 ἡμῖν
2459 1954 2767 2024 εἰρημένων
2790 1951 2886 2005 νῦν
2917 1949 3294 2004 ἐπιλαϐέσθαι.
3338 1945 3448 1999 Καὶ
3473 1941 3583 2027 γάρ

2002 2024 2203 2107 ἔγνωτε
2225 2040 2289 2091 ὲκ
2316 2024 2428 2090 τῶν
2461 2037 2562 2108 ἤδη
2607 2036 2903 2107 ῥηθέντων,
2932 2033 3049 2096 πῶς
3077 2032 3176 2101 τῆς
3211 2028 3412 2098 πολλῆς
3434 2024 3581 2108 ἐκεί-

2002 2139 2099 2191 νης
2129 2107 2629 2192 ταπεινοφροσύνης
2654 2158 2669 2180 ,
2709 2119 2775 2189 ἢν
2815 2118 2943 2187 περὶ
2980 2115 3072 2168 τὸν
3104 2112 3228 2168 Λὼτ
3268 2107 3583 2192 ἐπεδείξατο

2004 2190 2412 2275 παραχωρήσας
2434 2202 2583 2272 αὐτῷ
2605 2200 2713 2254 τῶν
2744 2197 3048 2271 πρωτείων,
3071 2195 3272 2264 πολλῆς
3297 2190 3583 2275 ἀπήλαυσε

2000 2271 2104 2357 τῆς
2141 2271 2348 2342 ἀνωθεν
2379 2271 2635 2356 ἀμοιϐῆς,
2659 2284 2952 2354 ὑπόσχεσιν
2979 2280 3274 2350 δεξάμενος
3297 2274 3475 2345 πολλῷ
3502 2271 3583 2343 τῷ

2005 2372 2188 2441 μέτρῳ
2237 2368 2675 2440 ὑπερϐαίνουσαν
2721 2367 2788 2420 τά
2832 2367 2959 2435 παρ’
3005 2363 3171 2417 αὑτοῦ
3217 2357 3579 2441 γεγενημένα.

2007 2439 2233 2522 Ἶδωμεν
2277 2452 2333 2504 δὲ
2354 2439 2551 2504 λοιπὸν
2584 2451 2678 2504 καλ⁹
2711 2452 2774 2503 ἐκ
2808 2447 2911 2501 τῶν
2957 2448 3196 2517 σήμερον
3234 2439 3584 2511 ἀνεγνωσμέ-

2004 2552 2109 2589 νων
2135 2534 2293 2587 πάλιν
2323 2532 2416 2586 τοῦ
2443 2533 2651 2586 δικαίου
2672 2533 2770 2603 τὴν
2797 2529 3017 2601 ἀρετὴν,
3037 2529 3102 2581 ἵν’
3129 2527 3270 2580 οὕτω
3303 2522 3583 2595 προϊόντες

2004 2619 2412 2689 καταμάθωμεν
2444 2618 2542 2688 τὴν
2569 2617 2777 2685 ἄφατον
2814 2615 2910 2668 τοῦ
2956 2613 3092 2667 Θεοῦ
3138 2612 3266 2683 περὶ
3293 2609 3454 2664 αὐτὸν
3491 2624 3585 2676 γε·

2002 2703 2311 2773 γενημένην
2345 2701 2694 2773 κηδεμονίαν.
2722 2697 3001 2752 Παιδεύων
3026 2696 3136 2766 γὰρ
3157 2695 3405 2756 ἅπαντας
3432 2692 3581 2761 ἡμᾶς

2002 2785 2088 2839 διὰ
2123 2788 2221 2855 τῆς
2252 2786 2347 2839 τοῦ
2384 2784 2728 2855 πατριάρχου
2768 2780 3104 2850 φιλοσοφίας,
3163 2777 3387 2846 ἀφίησιν
3423 2774 3585 2828 αὑτὸν

2003 2868 2125 2922 καθ’
2182 2869 2413 2922 ἕκαστον
2467 2867 2657 2937 καιρὸν
2701 2865 2966 2936 πρότερον
3024 2857 3431 2914 ἐπιδείκνυσθαι
3483 2856 3583 2925 τῆς

2002 2953 2208 3016 οἰκείας
2235 2950 2460 3022 γνώμης
2493 2951 2552 3003 τὸ
2579 2948 2845 3020 φιλόθεον,
2884 2948 2979 3001 καὶ
3010 2946 3129 2998 τότε
3167 2943 3266 3013 τὴν
3297 2942 3428 3010 παρ’
3460 2941 3583 2993 ἐαυ-

2001 3035 2096 3090 τοῦ
2129 3036 2362 3108 ἀμοιϐὴν
2391 3035 2673 3106 εἰσφέρει,
2722 3034 2808 3086 ἵνα
2845 3029 3238 3096 σπουδάσωμεν
3277 3025 3373 3078 καὶ
3422 3022 3579 3108 αὐτοὶ

2007 3106 2333 3190 μιμούμενοι
2372 3118 2463 3171 τὸν
2497 3117 2841 3188 πατριάρχην
2882 3112 3141 3182 πρότερον
3171 3108 3437 3190 ἐγχειρεῖν
3470 3106 3584 3190 τοῖς

2003 3186 2102 3272 τῆς
2133 3186 2333 3273 ἀρετῆς
2384 3200 2588 3262 πόνοις,
2611 3186 2723 3250 -καὶ
2764 3195 2937 3257 οὕτως
2969 3193 3261 3262 ἀναμένειν
3304 3188 3414 3242 τῶν
3451 3186 3582 3260 παρ’

2004 3283 2170 3337 αὐτοῦ
2204 3282 2447 3353 ἀμοιϐῶν
2480 3281 2577 3352 τὴν
2607 3279 2896 3334 ἀντίδοσιν.

2074 3436 2142 3498 γ’.
2193 3429 2331 3481 Ἀλλ’
2359 3427 2476 3498 ὥρα
2500 3425 2684 3479 λοιπὸν
2710 3422 2849 3477 αὐτὰ
2871 3423 2999 3493 ὑμῖν
3028 3418 3339 3492 προτιθέναι
3355 3417 3423 3471 τά
3439 3416 3604 3486 σήμε-

2005 3529 2096 3585 ρον
2124 3512 2534 3581 ἀνεγνωσμένα’
2563 3509 2681 3563 ούδέ
2704 3507 2813 3576 γὰρ
2841 3505 3132 3578 ἑρμηνείας
3160 3504 3328 3556 δεῖται
3360 3499 3580 3585 σχεδὸν,

2004 3581 2140 3649 ἀλλά
2179 3596 2271 3648 καὶ
2300 3595 2436 3664 αὑτὴ
2471 3596 2505 3663 ἡ
2562 3593 2866 3659 ἀνάγνωσις
2921 3586 3080 3658 ἰκανὴ
3124 3586 3291 3650 δεῖξαι
3335 3585 3434 3654 τῆς
3485 3581 3582 3636 τοῦ

2003 3678 2212 3733 δικαίου
2259 3676 2460 3749 ἀρετῆς
2508 3674 2606 3744 τὴν
2659 3671 2985 3743 ὑπερϐολήν.
3034 3669 3295 3739 Ἐγένετο
3335 3666 3425 3732 δὲ,
3480 3682 3585 3735 φη-

2007 3762 2090 3816 σὶν
2118 3802 2132 3824 ,
2190 3762 2261 3814 ἐν
2303 3757 2452 3830 [5551
2509 3756 2581 3826 τῇ
2628 3755 2918 3821 βασιλείᾳ
2978 3753 3052 3821 τῇ
3107 3751 3407 3823 Ἀμαρςράθ
3470 3751 3586 3813 ,βα-

2005 3845 2222 3910 σιλέως
2295 3840 2562 3909 Σενναὰρ
2582 3878 2596 3903 ,
2658 3837 2858 3908 Ἀριὼχ
2913 3832 3217 3903 ,βασιλεὺς
3286 3830 3543 3899 Ἑλασὰρ
3567 3867 3583 3893 .
3660 3882 3663 3885 .

2005 3928 2103 3982 καί
2137 3924 2550 3994 Χοδολονομὸρ
2599 3921 2903 3988 ,βασιλεὺς
2946 3920 3163 3990 Ἐλάμ,
3222 3917 3320 3972 καί
3349 3915 3583 3984 Θαρθὰκ

2001 4010 2303 4077 ,ϐασιλεὺς
2373 4007 2565 4062 ἐθνῶν
2583 4047 2599 4073 ,
2663 4004 3028 4073 ἐποιήσαντο
3096 4005 3362 4071 πόλεμον
3430 3998 3583 4069 μετὰ

2004 4091 2210 4148 Βαλὰκ
2229 4089 2536 4157 ,ϐασιλέως
2564 4088 2862 4156 Σοδόμων,
2894 4086 2991 4140 καί
3015 4085 3163 4155 μετὰ
3200 4083 3444 4151 Βαρσάκ
3474 4085 3585 4135 Ba-

2006 4177 2225 4240 σιλέως
2262 4175 2565 4244 Γομόρρας
2588 4212 2603 4233 ,
2635 4172 2733 4224 καὶ
2772 4171 2923 4240 μετὰ
2971 4169 3238 4236 Σενναὰρ
3276 4164 3584 4232 ,βασιλέως

2017 4259 2252 4329 Ἀδαμὰ,
2296 4259 2395 4311 καὶ
2430 4254 2697 4325 Συμοϐὸρ
2728 4252 3034 4319 ,βασιλέως
3058 4250 3316 4319 Σεϐοεὶμ,
3350 4246 3448 4302 καί
3466 4247 3585 4329 βα-

2004 4327 2219 4411 σιλέως
2262 4341 2468 4396 Βανίάκ
2490 4355 2503 4369 ’
2546 4340 2696 4407 αὕτη
2730 4337 2862 4393 ἐστι
2892 4335 3115 4406 Σηγώρ.
3163 4333 3393 4399 Πάντες
3416 4327 3584 4386 οὗτοι

2006 4428 2454 4497 συνεφώνησαν
2508 4423 2606 4476 ἐπὶ
2647 4424 2762 4489 τὴν
2819 4420 3090 4491 φάραγγα
3140 4418 3255 4486 τὴν
3304 4414 3544 4484 ἁλυκήν
3567 4430 3580 4442 ·

2005 4512 2156 4581 αὕτη
2184 4512 2222 4578 ὴ
2254 4510 2535 4564 θάλασσα
2560 4506 2675 4560 τῶν
2693 4504 2875 4559 ἀλῶν.
2902 4504 3098 4558 Σκόπει
3117 4502 3218 4574 τῆς
3245 4499 3469 4572 Γραφῆς
3487 4498 3585 4567 τὴν

2009 4593 2323 4665 ἀκρίϐειαν,
2367 4592 2516 4654 ὅπως
2561 4590 2657 4643 καὶ
2697 4588 2805 4641 τῶν
2852 4586 3129 4659 ὀνομάτων
3176 4584 3286 4638 τῶν
3321 4581 3587 4665 βασιλέων

2007 4663 2400 4748 ἐμνημόνευσε,
2455 4674 2548 4728 καὶ
2574 4672 2682 4726 τῶν
2710 4670 2879 4725 ἐθνῶν
2904 4687 2917 4700 ⁸
2963 4671 3063 4739 οὐχ
3096 4665 3281 4729 ἁπλῶς
3304 4705 3319 4728 ,
3351 4665 3465 4720 ἀλλ’
3499 4663 3586 4748 ἵνα

2011 4746 2192 4833 μάθῃς
2219 4761 2282 4812 ἐκ
2305 4757 2405 4829 τῆς
2429 4756 2634 4809 τούτων
2658 4753 3027 4824 προσηγορίας
3058 4751 3156 4821 τὴν
3186 4748 3460 4833 βάρϐαρον
3489 4746 3587 4799 αύ-

2006 4828 2404 4911 τῶννγνώμην.
2443 4833 2603 4892 Οὗτοι
2638 4838 2778 4907 γὰρ,
2823 4836 2975 4904 φησὶ,
3025 4833 3161 4903 πρὸς
3201 4831 3292 4883 τὸν
3338 4828 3585 4911 Σοδόμων

2010 4910 2235 4997 βασιλέα
2267 4910 2360 4977 καὶ
2385 4924 2510 4984 τοὺς
2533 4919 2754 4981 λοιποὺς
2778 4917 3036 4987 ἐποίησαν
3058 4914 3186 4967 πόλε
3196 4929 3313 4984 μον.
3342 4910 3473 4997 Εἶτα
3491 4910 3586 4964 καί⁵

2004 4995 2106 5080 τὴν
2125 5009 2302 5062 αἰτίαν
2323 5005 2560 5059 διδάσκει
2580 5002 2675 5056 τοῦ
2696 5001 2956 5071 πολέμου,
2978 4998 3100 5053 ὅθεν
3118 4998 3216 5068 τὴν
3236 4998 3411 5068 ἀρχὴν
3437 4995 3583 5064 ἔσχε.

2008 5091 2245 5147 Δώδεκα
2273 5089 2382 5159 γάρ
2402 5089 2531 5156 ἐτη,
2563 5086 2746 5159 φησὶν,
2778 5084 3107 5138 ἐδούλευον
3133 5081 3213 5149 τῷ
3246 5080 3588 5149 Χοδολοτο-

2001 5176 2119 5245 μὸρ
2135 5170 2392 5238 βασιλεῖ
2413 5168 2595 5240 Ἐλὰμ
2614 5183 2627 5197 ’
2653 5166 2734 5233 τῷ
2753 5167 2821 5220 δὲ
2839 5163 3301 5236 τρισκαιδεκάτῳ
3309 5165 3427 5245 έτει
3441 5162 3587 5217 ἀπέ-

2007 5242 2269 5325 στησαν.
2314 5256 2416 5309 Ἐν
2451 5252 2521 5306 δὲ
2545 5251 2624 5318 τῷ
2644 5249 3280 5319 τεσσαρεσκαιδεκάτη)
3306 5242 3452 5316 ἦλθε
3480 5247 3585 5299 Xo.

2007 5339 2377 5410 δολογομὸρ,
2414 5336 2510 5391 καί
2554 5338 2608 5389 οἱ
2650 5333 2932 5400 ,βασιλεῖς
2968 5335 3025 5387 οι
3065 5334 3192 5402 μετ’
3223 5329 3444 5393 αὑτοῦ,
3485 5328 3586 5382 καί

2009 5423 2359 5491 κατέκοψαν
2391 5420 2535 5486 τοὺς
2569 5419 2853 5488 γίγαντας
2875 5417 3018 5481 τοὺς
3045 5416 3114 5470 ἐν
3152 5413 3447 5483 Ἀστορὼθ
3486 5413 3588 5467 καί

2010 5506 2329 5575 Καρναείμ,
2359 5503 2458 5556 καί
2493 5503 2636 5569 ἔθνη
2671 5502 2892 5570 ισχυρὰ
2916 5500 3035 5569 ἅμα
3067 5498 3291 5562 αὐτοῖς,
3325 5496 3589 5564 καὶτοὺς

2022 5590 2333 5660 Ὀμμαίους
2357 5587 2427 5640 ἐν
2446 5585 2613 5654 Σαυῇ
2642 5585 2712 5653 τῇ
2741 5586 2933 5650 πόλει,
2959 5582 3059 5638 καὶ
3084 5583 3227 5649 τοὺς
3258 5582 3582 5651 Χορῤαίους

2010 5673 2152 5738 τοὺς
2182 5673 2253 5725 ἐν
2282 5670 2406 5735 τοῖς
2426 5668 2590 5739 ὄρεσι
2614 5668 2808 5736 Σηείρ,
2830 5666 2942 5733 ἕως
2968 5665 3078 5736 τῆς
3115 5667 3451 5734 πρεείνθου
3474 5663 3589 5732 ’τῆς

2012 5756 2233 5825 Φαρὰν,
2267 5753 2306 5821 ἣ
2338 5754 2508 5807 ἐστιν
2525 5752 2597 5805 έν
2624 5750 2699 5819 τῇ
2724 5750 2938 5819 ἐρήμῳ.
2967 5750 3074 5805 Καὶ
3097 5749 3586 5818 ἀναστρέψαντες

2013 5837 2204 5905 ἦλθον
2242 5837 2496 5906 ἐπίτὴν
2534 5833 2737 5904 πηγὴν
2776 5833 2885 5902 τῆς
2924 5834 3169 5902 κρίσεως
3192 5849 3207 5863 ·
3252 5833 3405 5901 αὕτη
3454 5828 3587 5884 ἐστί
