4060 6444
542 286 648 344 325

541 402 761 470 Κόδης·
808 402 905 457 καί
955 400 1294 471 κατέκοψαν
1333 399 1566 464 πάντας
1620 395 1764 460 τοὺς
1805 395 2097 462 ἄρχοντας

553 483 835 553 Ἀμαλὴκ,
871 482 967 537 καί
998 483 1139 550 τοὺς
1178 483 1561 552 Ἀμορραίους
1587 477 1729 544 τοὺς
1760 473 2098 529 κατοικοῦνο

540 581 646 631 τας
677 567 746 619 ἐν
784 563 1246 634 Ἆσασονθαμάρ.
1290 562 1383 634 Μὴ
1414 560 1599 622 ἁπλῶς
1632 556 2097 629 παραδράμωμεν,

539 649 835 718 ἀγαπητοὶ,
874 649 941 702 τὰ
978 647 1241 719 εἰρημένα
1263 688 1278 710 ,
1323 647 1458 718 μηδέ
1497 645 1806 715 νομίσωμεν
1850 638 2097 708 ἀνωφελῆ

537 728 675 782 εἶναι
722 731 820 800 τὴν
865 733 1133 801 διήγησιν.
1197 729 1485 800 Ἐπίτηδες
1514 727 1623 799 γὰρ
1667 728 1702 797 ἡ
1738 724 1861 779 θεία
1907 719 2098 794 Γραφὴ

540 812 677 882 μετά
721 813 1004 882 ἀκριϐείας
1043 813 1259 867 ἅπαντα
1289 813 1418 883 ἡμῖν
1446 812 1760 881 διηγήσατο,
1796 810 1882 863 (va
1914 805 2098 877 μάθω-

540 911 638 965 μεν
667 895 774 949 τῶν
805 895 1092 967 βαρϐάρων
1123 897 1325 949 τούτων
1361 896 1459 966 τὴν
1490 895 1640 964 ἰσχὺν
1660 932 1675 957 ,
1709 893 1804 947 καὶ
1836 892 1968 961 ὅσην
2001 899 2100 961 την

535 979 786 1047 ἀνδρείαν
820 978 1159 1044 ἐπεδείξαντο
1181 1016 1195 1042 ,
1228 977 1323 1032 καὶ
1361 977 1501 1048 μετά
1545 976 1716 1045 πόσης
1745 973 2099 1046 σφοδρότητος

539 1060 671 1131 πρὸς
711 1062 799 1115 τδν
829 1061 1063 1131 πόλεμον
1089 1060 1350 1131 ὥρμησαν
1369 1099 1385 1123 ,
1422 1061 1498 1122 ὡς
1535 1059 1629 1113 κε.ιί¹
1658 1060 1783 1122 τοὺς
1817 1052 2096 1126 γίγαντας,

535 1142 679 1195 τοῦτ’
710 1142 824 1197 ἔστι
849 1145 973 1206 τοὺς
1005 1143 1253 1212 ἰσχυροὺς
1278 1141 1417 1195 κατά
1440 1140 1537 1211 τὴν
1565 1139 1658 1193 τοῦ
1692 1140 1939 1211 σώματος
1962 1137 2094 1204 ἐξιν,

537 1225 1026 1293 καταγωνίσασθαι.
1058 1223 1151 1277 καὶ
1181 1224 1354 1278 πάντα
1376 1223 1447 1276 τά
1485 1226 1662 1277 ἐκεῖσε
1693 1221 1946 1275 οἰκοῦντα
1970 1220 2095 1291 ἐθνη

534 1306 935 1376 τροπώσασθαι.
994 1304 1259 1373 Καθάπερ
1315 1305 1424 1376 γὰρ
1470 1305 1802 1375 χειμάρρους
1855 1303 2097 1374 σφοδρῶς

533 1387 772 1442 ἐπελθὼν
797 1388 1009 1442 ἅπαντα
1039 1387 1346 1459 παρασύρει
1380 1390 1472 1442 καὶ
1499 1388 1781 1449 ἀπόλλυσι,
1818 1386 1909 1439 τδν
1935 1385 2098 1439 αὑτὸν

530 1469 594 1540 δὴ
622 1470 823 1541 τρόπον
860 1471 954 1523 καὶ
992 1462 1135 1523 οὗτοι
1158 1471 1208 1523 οἰ
1245 1469 1507 1541 βάρϐαροι
1564 1473 1693 1523 πᾶσι
1734 1469 1942 1532 τούτοις
1983 1471 2096 1532 τοῖς

534 1552 740 1606 ἐθνεσιν
765 1553 1099 1616 ἐπελθόντες,
1134 1554 1338 1615 πάντας
1367 1552 1535 1622 ἄρδην
1564 1552 1869 1611 ἀπώλεσαν,
1895 1551 1970 1614 ὡς
2004 1552 2098 1604 καὶ

533 1634 660 1697 τοὺς
705 1636 972 1705 ἀρχοντας
1011 1634 1119 1688 τῶν
1176 1633 1573 1705 Ἀμαληκιτῶν,
1607 1635 1701 1687 καὶ
1739 1635 1863 1697 τοὺς
1907 1632 2097 1696 ἀλλους

534 1715 777 1779 ἅπαντας
804 1716 1209 1787 τροπώσασθαι.
1252 1716 1389 1768 Ἀλλ’
1423 1717 1552 1778 ῖσως
1584 1717 1727 1769 εῖποι
1760 1732 1841 1777 τις
1867 1714 1964 1768 ἀν’
2003 1714 2097 1768 καὶ⁵

536 1797 590 1850 τί
624 1815 713 1867 μοι
755 1798 944 1866 ὄφελος
987 1797 1095 1852 ἀπὺ
1138 1797 1233 1851 τοῦ
1274 1798 1477 1867 γνῶναι
1523 1797 1632 1851 τῶν
1680 1797 1967 1870 βαρϐάρων
1996 1797 2096 1867 τὴν

534 1879 718 1950 ἰσχύν;
750 1881 861 1951 Οὐχ
889 1879 1073 1944 ἁπλῶς
1099 1881 1218 1934 ούδέ
1246 1882 1367 1952 εἰκῆ
1400 1882 1432 1952 ὴ
1466 1881 1656 1953 Γραφὴ
1688 1880 1858 1934 ταῦτα
1879 1882 1945 1950 τῇ
1984 1880 2098 1950 διη-

529 1964 686 2032 γήσει
703 1961 1076 2033 ἐγκατέμιξεν,
1097 1962 1215 2017 ούδέ
1239 1963 1416 2035 μάτην
1436 1966 1597 2034 ἡμεῖς
1619 1962 1713 2016 νῦν
1736 1955 2096 2034 προλαϐόντες

527 2044 928 2116 παρεγγυῶμεν
956 2045 1083 2117 ὑμῖν
1115 2045 1423 2118 μεμνῆσθαι
1452 2046 1551 2116 τῆς
1580 2044 1783 2099 τούτων
1810 2044 2091 2115 ἀνδρείας·

526 2124 641 2177 ἀλλ’
673 2126 758 2180 ῖνα
788 2126 1081 2198 προϊούσης
1118 2129 1216 2198 τῆς
1248 2127 1597 2191 διδασκαλίας
1629 2128 1835 2199 μάθητε
1868 2127 1961 2181 καὶ
1994 2126 2095 2196 τῆς

524 2205 617 2260 τοῦ
645 2207 780 2261 Θεοῦ
810 2208 1090 2280 δυνάμεως
1114 2210 1215 2294 τὴν
1237 2210 1567 2283 ὑπερϐολὴν,
1588 2211 1683 2265 καὶ
1707 2209 1802 2264 τοῦ
1828 2210 2095 2281 πατριάρ-

523 2310 621 2364 χου
647 2294 746 2366 τὴν
775 2296 994 2368 ἀρετήν.
1025 2298 1168 2370 Πρὸς
1189 2298 1408 2362 τούτους
1429 2294 1543 2360 οὖν,
1567 2299 1721 2369 φησί,
1747 2300 1873 2362 τοὺς
1900 2297 2093 2351 τοσαύ-

518 2392 621 2446 την
644 2377 872 2447 δύναμιν
903 2381 1291 2451 κεκτημένους,
1322 2381 1415 2433 καὶ
1450 2379 1685 2433 τοσαῦτα
1717 2380 1843 2450 ἐθνη
1882 2395 2095 2450 τροπω-

524 2458 791 2529 σαμένους
829 2460 1083 2529 Ἐεῆλθε
1115 2461 1568 2531 παρατάξασθαι
1609 2466 1643 2517 ό
1659 2462 1961 2528 ,ϐασιλεὺς
1985 2465 2094 2515 Σο-

520 2540 739 2611 δόμων,
768 2542 866 2597 καί
891 2545 1218 2612 Γομόρρας.
1250 2544 1349 2597 καί
1393 2543 1647 2612 usam,
1692 2545 1789 2598 καὶ
1818 2545 2088 2613 Σεϐοεὶμ,

520 2624 619 2680 καὶ
655 2626 895 2680 Βαλάκ·
934 2627 1085 2694 αὕτη
1111 2626 1246 2680 ἐστί
1280 2626 1485 2696 Σητώρ
1508 2643 1522 2658 ⁸
1559 2627 1658 2681 καί
1683 2628 2091 2696 παρετάξαντο

519 2706 723 2772 αὐτοῖς
752 2708 822 2761 ἐν
850 2705 926 2776 τῇ
949 2708 1183 2764 κοιλάδι
1210 2707 1285 2777 τῇ
1303 2706 1504 2777 ἁλυκῇ
1521 2711 1609 2775 είς
1630 2710 1915 2779 πόλεμον,
1939 2710 2091 2778 πρὸς

518 2788 927 2858 Χοδολοτομὸρ
951 2832 966 2854 ,
1010 2789 1106 2845 καί
1148 2792 1380 2859 Θαρθὰκ
1402 2831 1417 2854 ,
1461 2791 1558 2845 καί
1616 2792 1917 2860 Ἀμαρφὰθ
1935 2834 1950 2857 ,
1989 2793 2085 2845 καί

529 2870 758 2940 Ἀρίωχ.
783 2875 847 2925 Ol
877 2871 1172 2941 τέσσαρες
1193 2871 1478 2939 ,βασιλεῖς
1521 2871 1672 2941 πρὸς
1707 2873 1849 2940 τοὺς
1885 2875 2084 2927 πέντε.

519 2951 740 3018 Κοιλὰς
762 2952 830 3006 δὲ
851 2952 890 3020 ἠ
926 2953 1125 3021 ἀλυκὴ
1148 2994 1164 3016 ,
1203 2954 1427 3023 φρέατα
1478 2954 1817 3023 ἀσφάλτου.
1844 2950 1979 3010 Εἶτα
2002 2956 2087 3010 ῖνα

521 3034 799 3104 μάθωμεν,
818 3035 932 3098 πῶς
945 3037 1380 3105 καταπλαγέντες
1397 3036 1573 3090 αὐτῶν
1588 3038 1686 3109 τὴν
1701 3037 1971 3108 ἀνδρείαν,
1993 3040 2087 3092 καὶ

514 3123 614 3193 τῆς
633 3115 913 3187 δυνάμεως
934 3118 1032 3186 τὴν
1065 3120 1240 3188 ἰσχὺν,
1255 3121 1336 3182 εἰς
1366 3119 1542 3191 φυγὴν
1569 3119 1724 3193 [554]
1746 3122 2084 3192 ἐτράπησαν,

516 3198 679 3267 φησὶν
710 3201 742 3268 ὴ
771 3200 955 3272 Γραφή
981 3217 997 3231 ο
1031 3201 1139 3253 Καὶ
1167 3202 1389 3270 ἔφυγεν
1415 3203 1763 3270 όβασιλεὺς
1785 3205 2082 3274 Σοδόμων,

515 3280 613 3333 καί
635 3282 958 3350 Γομόρρας,
982 3283 1081 3336 καί
1100 3284 1393 3340 ἐνέπεσον
1409 3285 1550 3351 ἐκεῖ,
1570 3286 1719 3343 ἔνθα
1734 3287 1809 3341 τὰ
1825 3287 2050 3358 φρέατα
2067 3303 2081 3318 ·

514 3367 570 3441 οί
621 3363 690 3418 δὲ
743 3365 1238 3435 καταιειφθέντες
1283 3370 1372 3435 εἰς
1407 3368 1524 3437 τὴν
1561 3368 1804 3439 ὀρεινὴν
1834 3371 2081 3441 ἔφυγον.

514 3440 671 3511 Εἶδες
708 3446 845 3518 πόση
879 3448 986 3502 τῶν
1015 3448 1225 3520 ἀνδρῶν
1256 3452 1289 3521 ὴ
1322 3451 1475 3522 ἰσχύς
1501 3468 1516 3516 ;
1547 3452 1666 3516 πῶς
1703 3454 1798 3507 καὶ
1828 3453 1887 3520 ἐξ
1915 3440 2085 3525 αύτῆς

512 3528 611 3599 τῆς
643 3530 956 3601 προσόψεως
981 3532 1396 3605 καταπλαγῆναι
1421 3535 1619 3599 αὐτοὺς
1640 3537 2081 3608 παρεσκεύασαν,

514 3611 608 3664 καὶ
640 3614 719 3675 εἰς
758 3613 935 3682 φυγὴν
964 3614 1238 3683 τραπῆναι
1285 3618 1680 3689 πεποιήκασιν;
1714 3620 1856 3689 Ὅρα
1898 3619 2083 3673 λοιπὸν

513 3692 632 3756 πιῖις
666 3695 806 3764 μετά
831 3695 1012 3765 πάσης
1035 3697 1281 3762 εὐκολίας
1302 3739 1317 3763 ,
1350 3701 1600 3767 φυγάδων
1630 3701 1884 3756 ἀπάντων
1922 3720 2083 3772 γεγε-

512 3775 781 3847 νημένων,
810 3776 878 3829 τά
912 3778 1090 3830 αὐτῶν
1129 3780 1344 3835 ᾶπαντα
1374 3781 1628 3845 λαϐόντες
1655 3785 1850 3838 ἐκεῖνοι
1877 3787 2082 3858 ἐπανῂ-

513 3873 661 3911 εσαν.
689 3859 942 3913 Ἔλασον
970 3859 1061 3924 δὲ,
1093 3862 1244 3930 φησί,
1277 3863 1375 3917 καί
1403 3865 1518 3932 τὴν
1547 3866 1809 3935 ὀρεινὴν,
1842 3868 1938 3923 καί
1969 3869 2081 3925 πᾶ-

509 3949 639 3995 σαν
650 3941 763 4009 τὴν
777 3942 965 3996 ἵππον
982 3943 1261 4015 Σοδόμων
1284 3947 1381 3999 καί
1409 3949 1736 4017 Γομόρρας,
1761 3950 1859 4003 καί
1885 3950 2081 4006 πάντα

509 4022 584 4076 τὰ
603 4021 885 4093 ,βρώματα
903 4025 1120 4089 αὐτῶν,
1150 4027 1246 4081 καί
1262 4029 1559 4097 ἀπῆλθον.
1600 4033 1863 4087 Ἔλαϐον
1887 4033 1956 4088 δέ
1978 4034 2077 4090 καί

511 4105 618 4159 τὸν
644 4105 773 4160 Λὼτ
796 4107 904 4161 τὸν
940 4108 1074 4162 υίὸν
1101 4110 1210 4164 τοῦ
1249 4110 1516 4180 ἀδελφοῦ
1546 4114 1799 4184 Ἀϐραμ,
1825 4117 1923 4171 καί
1963 4117 2079 4186 τὴν

509 4188 866 4256 ἀποσκευὴν
885 4191 1092 4254 αὑτοῦ,
1126 4192 1224 4244 καὶ
1252 4191 1587 4263 ἀπῴχοντο.
1617 4190 1729 4251 Ἦν
1755 4202 1865 4265 γὰρ
1884 4215 2079 4254 κατοι-

651 4271 722 4323 ἐν
739 4270 1048 4352 Σοδόμοις.
1095 4272 1226 4326 Ἰδοὺ
1263 4272 1401 4343 ὅπερ
1428 4275 1555 4344 χθὲς
1580 4276 1784 4345 ἐλεγον,
1815 4280 1894 4342 είς
1917 4280 2076 4352 ἔργον

509 4351 666 4422 ἐξέϐη
696 4351 793 4433 νῦν
812 4371 826 4383 ·
867 4354 947 4407 δτι
986 4355 1138 4408 οὐδὲν
1188 4353 1443 4411 ἀπώνατο
1471 4359 1501 4410 ὁ
1539 4357 1662 4411 Λὼτ
1698 4356 1809 4413 ἀπὸ
1827 4361 1925 4433 τῆς
1951 4351 2075 4418 τῶν

511 4432 792 4513 πρωτείων
831 4434 1059 4505 ἐκλογῆς
1079 4477 1097 4501 ,
1127 4436 1263 4490 ἀλλά
1288 4437 1355 4490 δι’
1384 4439 1562 4493 αὐτῶν
1589 4439 1699 4494 τῶν
1738 4432 2075 4513 πραγμάτων

507 4511 823 4599 ἐπαιδεύετο
859 4515 974 4599 τῶν
1019 4519 1304 4588 πρωτείων
1342 4521 1416 4591 μὴ
1462 4521 1612 4596 ἐρᾷν.
1659 4524 1738 4577 06
1964 4529 2074 4599 γὰρ

507 4595 657 4667 αὐτῷ
682 4598 746 4651 ἐκ
778 4598 966 4652 τούτου
1011 4600 1161 4653 ούδέν
1198 4602 1387 4669 δφελος
1417 4595 1637 4673 γέγονεν
1660 4648 1676 4673 ,
1708 4607 1821 4660 ἀλλ’
1854 4610 1960 4664 ἰδοὺ

506 4679 849 4763 αἰχμάλωτος
878 4681 1099 4763 ἀπήχθη
1119 4722 1134 4745 ,
1166 4685 1256 4737 καὶ
1289 4685 1558 4755 ἐμάνθανε
1595 4688 1683 4741 διὰ
1721 4690 1830 4744 τῶν
1862 4692 2070 4763 ἔργων,

503 4760 587 4815 δτι
613 4762 793 4834 πολλῷ
827 4763 1034 4830 βέλτιον
1057 4761 1126 4836 ἦν
1151 4767 1301 4837 αὐτῷ
1321 4767 1419 4838 τῆς
1442 4769 1537 4822 τοῦ
1559 4769 1766 4824 δικαίου
1789 4760 2071 4840 συνουσίας

502 4844 817 4928 ἀπολαύειν,
844 4846 878 4918 ἦ
916 4847 1235 4917 χωρισθέντι
1258 4888 1275 4913 ,
1307 4851 1402 4904 καὶ
1437 4852 1496 4905 ἐν
1522 4853 1804 4928 ἐλευθερίᾳ
1824 4860 2069 4927 γεγονότι

501 4926 775 5012 τοσούτων
794 4930 1118 5000 πειραθῆναι
1148 4930 1254 4983 τῶν
1287 4935 1598 5004 συμφορῶν.
1645 4926 1909 5012 Ἰδουγάρ
1928 4942 2070 5011 ἐχω-

505 5006 663 5083 ρίσθη
682 5007 778 5063 τοῦ
796 5012 1156 5082 πατριάρχου,
1187 5014 1280 5066 καὶ
1308 5015 1557 5085 ἐνόμισεν
1593 5020 1652 5072 ἐν
1682 5006 1885 5075 πλείονι
1928 5006 2068 5079 εἰναι

501 5090 674 5160 ἀδείᾳ,
728 5092 822 5145 καὶ
857 5092 968 5146 τῶν
1022 5095 1305 5164 πρωτείων
1344 5098 1826 5171 ἐπιτετυχηκέναι,
1874 5106 1968 5159 καὶ
2009 5110 2067 5161 ἐν

502 5172 669 5244 πολλῇ
709 5174 1000 5244 τυγχάνειν
1034 5178 1102 5247 τῇ
1133 5176 1393 5249 εὐπορίᾳ,
1428 5182 1522 5234 καὶ
1555 5184 1749 5254 ἀθρόον
1788 5188 2068 5257 αίχμάλω.

498 5271 611 5322 τος,
650 5257 867 5321 ἄοικος,
913 5258 1161 5323 ἀνέστιος
1198 5260 1439 5328 γίνεταιο
1468 5264 1553 5317 ἵνα
1594 5268 1770 5341 μάθῃς
1797 5270 1920 5325 ὅσον
1950 5274 2067 5327 ἐστί

499 5352 669 5437 κακὸν
693 5352 1029 5424 ⁴ἡδιαίρεσις,
1063 5356 1158 5408 καὶ
1182 5356 1304 5409 ὅσον
1343 5359 1488 5412 ἐστὶν
1521 5362 1721 5431 ἀγαθὸν
1749 5368 1782 5437 ἡ
1810 5368 2061 5437 ὁμόνοια·

499 5433 593 5517 καὶ
631 5435 713 5488 ὅτι
749 5437 1015 5507 προσήκει
1060 5438 1136 5509 μὴ
1179 5440 1447 5510 ἐπιπηδᾷν
1482 5446 1594 5508 τοῖς
1640 5433 1913 5517 μείζοσι-ν,
1944 5452 2063 5506 ἀλλ’

498 5516 720 5606 ἀγαπᾷν
766 5519 1118 5606 ἐλαττοῦσθαι
1167 5522 1384 5606 μᾶλλον.
1430 5526 1690 5582 Ἔλαϐον
1734 5533 1869 5603 γὰρ,
1907 5538 2060 5606 φησί,

498 5597 607 5651 τὸν
635 5597 786 5685 Λὼτ,
805 5600 904 5654 καί
924 5600 1039 5669 τὴν
1071 5603 1425 5673 ἀποσκευὴν
1451 5610 1656 5665 αὐτοῦ.
1684 5597 1842 5684 Πόσω
1864 5597 2064 5685 μάλλον

498 5687 705 5756 βέλτιον
733 5684 803 5760 ἦν
824 5694 1060 5745 συνεῖναι
1092 5693 1170 5764 τῷ
1204 5697 1535 5770 πατριάρχῃ,
1561 5704 1653 5756 καί.
1684 5684 2056 5764 πάνταγκατα-

1251 283 1309 341 S.
1346 280 1631 339 JOANNIS
1667 271 2146 336 CIFBYSOSTOMI
2183 273 2500 332 ARCHIEP.
2538 277 3083 343 CONSTANTINOP.

3655 291 3755 348 ἵνθῶ

2196 389 2443 477 δέχεσθαι
2466 394 2604 466 ὑπὲρ
2639 394 2733 448 τοῦ
2763 394 2837 467 μὴ
2861 396 3257 469 διασπασθῆναι
3282 399 3381 471 τὴν
3407 403 3612 470 μεταξὺ
3632 409 3753 477 όμό‹

2195 491 2363 540 νοιαν,
2394 476 2427 547 ἢ
2457 478 2811 549 χωρισθέντα,
2861 481 2953 533 καὶ
2982 481 3053 534 τά
3092 485 3333 552 πρωτεῖα
3364 476 3719 556 ἐκλεξάμενον
3738 530 3756 555 ,

2193 556 2394 621 εὐθέως
2442 558 2715 622 τοσούτοις
2753 561 3017 625 κινδύνοις
3063 564 3454 635 περιϐληθῆναι
3474 607 3491 633 ,
3536 570 3627 622 καὶ
3657 572 3762 628 ὑπὸ

2196 637 2488 722 βαρϐάροις
2518 642 2802 722 γενέσθαι;
2842 646 3329 714 Παραγενόμενος
3363 647 3431 700 δέ
3456 666 3568 714 τις.
3591 652 3756 722 φησί,

2194 718 2312 774 τῶν
2330 721 2761 777 ἀνασωθέντων
2777 762 2793 788 ,
2818 724 3141 795 ἀπήγγειλε
3169 727 3251 793 τῷ
3288 730 3511 798 Ἀϐραμ
3548 731 3628 796 τῷ
3656 718 3751 787 ἓτε-

2185 801 2362 872 ράτῃ.
2398 803 2586 871 Αὐτὸς
2603 803 2673 857 δὲ
2695 804 2942 872 κατῴκει
2963 808 3110 876 πρὸς
3140 808 3214 877 τῇ
3240 809 3376 877 δρυῒ
3404 810 3475 880 τῇ
3509 814 3755 883 Μαμϐρῆ

2206 885 2450 954 Ὀμοροῦ
2477 898 2527 947 ι.
2578 887 2683 941 τοῦ
2732 888 2998 959 ἀδελφοῦ
3047 892 3315 960 Ἐσχὼλ,
3352 895 3447 947 χαί
3492 896 3763 965 ἀδελφοῦ

2185 966 2405 1034 Αὐνᾶν,
2431 969 2489 1022 οἳ
2510 966 2674 1040 ἦσαν
2700 976 3039 1042 συνωμόται
3058 975 3138 1041 τῷ
3166 978 3400 1047 Ἀϐραμ.
3424 979 3549 1046 Πῶς
3578 985 3763 1037 τοσού-

2191 1067 2286 1104 του
2314 1051 2548 1137 πολέμου
2597 1056 3052 1127 συγκροτηθέντος
3088 1059 3193 1111 ούκ
3236 1058 3375 1127 ἔγνω
3420 1064 3453 1116 δ
3491 1068 3760 1137 πατριάρ-

2193 1152 2327 1205 χηςς
2360 1136 2489 1203 ἴσως
2521 1140 2656 1195 πολὺ
2677 1142 2736 1194 τὸ
2763 1142 2821 1193 ἐν
2841 1141 2991 1211 μέσῳ
3019 1141 3294 1215 διάστημα
3325 1145 3611 1215 ἐτύγχανε,
3645 1136 3755 1202 διδὸ

2192 1298 2566 1382 τῷνπεράτῃ·
2617 1303 2700 1357 τνα
2741 1307 2889 1376 ὴμᾶς
2923 1306 3242 1380 ἀναμνήσῃ,
3282 1309 3363 1362 δτι
3408 1309 3487 1379 τῷ
3530 1310 3641 1364 ἀπὸ
3663 1298 3763 1382 τῆς

2192 1381 2464 1447 Χαλδαίας
2478 1384 2842 1440 ἐπανελθόντι.
2875 1386 3091 1457 Ἐπειδὴ
3113 1390 3221 1461 γὰρ
3236 1390 3411 1462 πέραν
3433 1390 3530 1444 τοῦ
3545 1381 3765 1463 Εὐφρά-

2190 1480 2286 1517 του
2327 1465 2427 1536 τὴν
2470 1466 2787 1539 κατοίκησιν
2844 1463 2988 1540 εἷχε,
3039 1471 3129 1524 διὰ
3173 1471 3332 1525 τοῦτο
3380 1474 3473 1527 καὶ
3518 1476 3766 1545 περάτης

2192 1545 2427 1616 ἐλέγετο.
2457 1549 2566 1602 Καὶ
2594 1551 2797 1605 ἀνωθεν
2825 1553 2919 1605 καὶ
2945 1552 3004 1619 ἐξ
3031 1553 3207 1624 ἀρχῆς
3228 1554 3278 1607 οἰ
3309 1558 3483 1623 γονεῖς
3505 1556 3565 1609 τὸ
3589 1557 3765 1627 ὄνομα

2192 1630 2341 1701 αὑτῷ
2371 1631 2654 1698 ἐπέθεσαν,
2690 1634 3093 1705 προμηνύοντες
3120 1636 3269 1707 αύτῷ
3297 1636 3393 1707 τὴν
3426 1639 3633 1692 ἐκεῖθεν
3661 1640 3763 1693 αύ-

2190 1712 2285 1765 τοῦ
2334 1715 2748 1784 μετανάστασιν.
2821 1716 3037 1787 Ἐπειδὴ
3058 1717 3167 1791 γάρ
3223 1720 3394 1790 περᾷν
3448 1720 3639 1789 ἔμελλε
3668 1719 3764 1773 τὸν

2192 1795 2512 1868 Εὐφράτην,
2540 1797 2633 1850 καὶ
2673 1798 2766 1851 ἐπὶ
2798 1799 2897 1870 τὴν
2937 1799 3299 1871 Παλαιστίνην
3343 1800 3629 1873 ἔρχεσθαι,
3670 1804 3764 1859 διά

2190 1877 2347 1930 τοῦτο
2372 1880 2467 1931 καὶ
2500 1878 2722 1949 ’Δϐραμ
2749 1881 3015 1934 ἐκαλεῖτο.

2259 1958 2320 2012 δ’.
2358 1961 2556 2014 Σκόπει
2575 1962 2692 2024 πῶς
2719 1962 2813 2015 καὶ
2830 1963 3044 2016 ἄπιστοι
3064 1962 3216 2029 ὄντες
3237 1968 3286 2020 οί
3306 1970 3477 2035 γονεῖς
3500 1966 3600 2022 ούκ
3625 1968 3763 2022 εἰδό-

2188 2058 2299 2109 τες,
2319 2044 2431 2096 ἀλλ’
2447 2043 2552 2097 ὑπὸ
2581 2045 2678 2115 τῆς
2689 2046 2781 2099 τοῦ
2797 2046 3107 2117 εὐμηχάνου
3118 2048 3250 2103 Θεοῦ
3269 2038 3457 2119 σοφίας
3465 2051 3759 2122 ὁδηγούμε-

2191 2143 2291 2189 νοι,
2313 2125 2374 2179 τὸ
2396 2126 2565 2195 ὄνομα
2580 2127 2844 2182 ἐπέθεσαν
2857 2127 2935 2199 τῷ
2952 2130 3121 2194 παιδὶ,
3144 2131 3392 2202 καθάπερ
3406 2133 3500 2185 καὶ
3520 2134 3548 2184 ό
3565 2134 3760 2203 Λάμεχ

2188 2207 2267 2279 τῷ
2290 2207 2434 2261 Νῶε.
2464 2210 2574 2262 Καὶ
2601 2208 2761 2264 τοῦτο
2790 2209 2899 2283 γὰρ
2925 2212 3024 2283 τῆς
3043 2212 3137 2266 τοῦ
3161 2213 3294 2266 Θεοῦ
3329 2213 3758 2285 φιλανθρωπίας,

2186 2290 2249 2344 τὸ
2290 2292 2385 2343 καὶ
2428 2290 2517 2343 διά
2553 2290 2797 2345 ἀπίστων
2848 2292 3107 2357 πολλάκις
3152 2297 3483 2366 προμηνύειν
3519 2295 3588 2349 τὰ
3620 2299 3761 2366 μετά

2188 2371 2357 2425 πολὺν
2396 2371 2628 2442 ἐσόμενα
2654 2374 2864 2444 χρόνον.
2894 2375 3249 2446 Ἀπήγγειλεν
3274 2373 3366 2430 οὖν
3394 2376 3582 2441 ἐλθὼν,
3603 2377 3760 2452 [555]

2188 2454 2340 2525 φησὶ,
2369 2454 2455 2519 τὶς
2479 2454 2559 2526 τῷ
2592 2457 2804 2530 περάτῃ
2833 2457 2901 2510 τά
2927 2458 3206 2526 γεγονότα,
3233 2460 3325 2512 τοῦ
3358 2459 3633 2528 ἀδελφιδοῦ
3658 2461 3762 2530 τὴν

2185 2537 2581 2609 αἰχμαλωσίαν,
2623 2539 2717 2592 καὶ
2744 2540 2851 2595 τῶν
2885 2539 3146 2610 βασιλέων
3179 2543 3396 2595 ἐκείνων
3419 2542 3518 2612 τὴν
3554 2543 3763 2612 πολλὴν

2183 2622 2521 2685 δυναστείαν,
2560 2623 2655 2676 καὶ
2692 2623 2790 2695 τὴν
2830 2625 2886 2677 ἐν
2915 2624 3165 2693 Σοδόμοις
3202 2624 3483 2695 πόρθησιν.
3519 2626 3612 2678 καὶ
3654 2626 3762 2696 τὴν

2188 2706 2302 2775 μετ’
2343 2706 2603 2777 αἰσχύνης
2644 2707 2840 2776 φυγήν.
2876 2705 3071 2771 Αὐτὸς
3105 2706 3174 2759 δὲ
3209 2707 3453 2772 κατῴκει
3484 2708 3643 2775 παρὰ
3679 2707 3762 2776 τῇ

2182 2786 2318 2855 δρυῒ
2352 2787 2426 2855 τῇ
2455 2787 2700 2857 Μαμϐρῆ
2746 2778 3013 2857 Ὀμοροῦ,
3058 2788 3163 2842 τοῦ
3200 2788 3465 2858 ἀδελφοῦ
3500 2790 3759 2858 Ἐσχὼλ,

2182 2867 2283 2921 καὶ
2313 2868 2536 2931 Αὑνᾶν,
2572 2869 2629 2923 οῖ
2663 2866 2826 2940 ἦσαν
2856 2873 3195 2939 συνωμόται
3224 2871 3304 2936 τῷ
3335 2873 3565 2941 Ἀϐραμ.
3611 2873 3753 2925 Ἀλλ’

2184 2949 2314 3013 ἴσως
2336 2949 2569 3004 ἐνταῦθα
2592 2952 2657 3006 ἀν
2678 2969 2761 3015 τις
2790 2950 3065 3023 ζητήσειεν
3087 2952 3226 3016 τίνος
3250 2953 3434 3007 ἕνεκεν
3459 2955 3617 3024 μόνος
3642 2955 3760 3009 τῶν

2180 3033 2241 3086 ἐν
2273 3033 2525 3104 Σοδόμοις
2546 3035 2893 3104 πεφευγότων
2913 3036 2941 3088 ὁ
2962 3035 3164 3098 δίκαιος
3182 3034 3308 3089 Λὼτ
3335 3036 3415 3099 εἰς
3434 3035 3530 3107 τὴν
3550 3038 3760 3107 αἰχμα-

2179 3115 2382 3170 λωσίαν
2410 3117 2715 3185 ἀπάγεται;
2751 3117 2861 3187 οὐχ
2889 3116 3075 3181 ἁπλῶς
3098 3117 3215 3171 οὐδὲ
3242 3117 3420 3186 τοῦτο,
3448 3117 3567 3172 ούδέ
3597 3119 3753 3188 εικῆ,

2180 3198 2295 3252 ἀλλ’
2330 3199 2416 3252 ἵνα
2451 3198 2597 3271 μάθῃ
2625 3199 2693 3253 δι’
2724 3200 2902 3252 αὐτῶν
2931 3199 3040 3252 τῶν
3074 3201 3412 3271 πραγμάτων
3442 3201 3472 3253 δ
3503 3199 3625 3254 Λὼτ
3655 3201 3758 3253 καὶ

2178 3280 2271 3336 τοῦ
2295 3282 2633 3355 πατριάρχου
2664 3283 2763 3354 τὴν
2791 3282 3012 3354 ἀρετὴν,
3042 3284 3137 3337 καὶ
3162 3283 3228 3336 δι’
3269 3283 3432 3336 αὐτοῦ
3456 3284 3547 3337 καί¹
3571 3284 3756 3355 ἕτεροι

2179 3362 2504 3426 διασωθῶσι,
2535 3365 2631 3417 καὶ
2657 3365 2744 3417 ἵνα
2778 3365 3038 3435 παιδευθῇ
3085 3364 3159 3435 μὴ
3188 3364 3296 3417 τῶν
3337 3365 3615 3436 πρωτείων
3654 3367 3758 3434 ἐφ-

2181 3447 2377 3513 ίεσθαι,
2413 3447 2549 3502 ἀλλά
2581 3448 2927 3519 παραχωρεῖν
2955 3446 3065 3500 τῶν
3091 3447 3369 3518 μειζόνων.
3405 3448 3757 3518 Ἀκούσωμεν

2176 3529 2234 3583 δὲ
2261 3529 2445 3583 λοιπδν
2473 3528 2581 3582 τῶν
2610 3529 2757 3598 ἑξῆς,
2780 3530 2869 3583 ἵνα
2892 3530 3150 3599 μάθωμεν
3174 3529 3268 3583 καὶ
3300 3528 3393 3583 τοῦ
3420 3529 3625 3582 δικαίου
3652 3532 3755 3601 τὴν

2177 3612 2398 3684 ἀρετὴν,
2432 3612 2524 3665 καὶ
2560 3610 2654 3666 τοῦ
2688 3609 2824 3665 Θεοῦ
2855 3612 2958 3681 τὴν
2976 3610 3183 3681 ἄφατον
3210 3611 3539 3682 συμμαχίαν.
3584 3614 3755 3667 Ἀλλά

2178 3694 2474 3767 προσέχετε
2496 3694 2633 3766 μετά
2652 3692 2931 3764 ἀκριϐείας
2948 3695 3061 3756 τοῖς
3080 3692 3411 3764 λεγομένοις,
3432 3695 3523 3747 καὶ
3545 3699 3755 3748 συντείσ

2176 3793 2304 3830 νατε
2333 3776 2488 3846 ὑμῶν
2516 3774 2614 3847 τὴν
2632 3776 2889 3831 διάνοιαν.
2918 3774 3095 3830 Πολλά
3118 3776 3226 3846 γάρ
3248 3777 3362 3828 ἐστι
3389 3776 3526 3829 κατά
3548 3776 3753 3831 ταύτὸν

2176 3858 2425 3915 ἐντεῦθεν
2460 3858 2739 3931 κερδᾶναι,
2786 3859 2880 3911 καί⁵
2912 3858 2978 3912 ἐκ
3003 3858 3111 3912 τῶν
3144 3857 3221 3928 τῷ
3253 3856 3379 3911 Λὼτ
3423 3856 3751 3927 συμϐάντων

2174 3941 2383 3996 ἐκεῖθεν
2423 3940 2774 4013 παιδευθῆναι
2807 3940 3077 4013 μηδέποτε
3115 3939 3411 4011 διαπορεῖν,
3449 3939 3625 3993 εἴποτε
3669 3941 3753 3993 δί-

2173 4042 2319 4080 καιοι
2353 4026 2451 4095 μὲν
2479 4026 2805 4096 πειρασμοῖς
2829 4023 3194 4095 περιπέσοιεν,
3230 4021 3419 4091 φαῦλοι
3440 4022 3496 4075 δέ
3522 4024 3612 4075 καὶ
3639 4039 3748 4075 πο-

2171 4108 2328 4179 νηροὶ
2351 4107 2682 4177 διαφύγοιεν,
2711 4108 2845 4177 μήτε
2874 4106 2939 4159 ἐκ
2962 4104 3159 4169 παντὸς
3178 4105 3379 4175 τρόπου
3405 4104 3472 4157 τά
3501 4108 3748 4172 πρωτεῖα

2173 4190 2469 4261 ἐπιζητεῖν,
2501 4190 2640 4261 μήτε
2656 4189 2756 4260 τῆς
2777 4187 2913 4259 μετά
2941 4186 3049 4239 τῶν
3072 4185 3294 4239 δικαίων
3325 4187 3603 4248 συνουσίας
3620 4187 3747 4240 ἐντε-

2175 4275 2266 4345 ρόν
2311 4292 2365 4328 τι
2408 4273 2799 4344 προτιμότερον
2835 4269 3107 4343 ἡγεῖσθαι,
3153 4270 3287 4324 ἀλλά
3334 4270 3436 4324 κᾶν
3471 4271 3747 4325 δουλεύειν

2169 4356 2296 4419 δέοι,
2339 4359 2572 4411 συνεῖναι
2597 4357 2654 4411 δέ
2673 4358 2944 4428 ἐναρέτοις
2969 4356 3209 4428 ἀνδράσι,
3244 4356 3340 4409 τοῦ
3377 4357 3435 4409 ἐν
3459 4354 3745 4425 ἐλευθερίᾳ

2168 4432 2309 4491 εἶναι
2334 4439 2491 4492 τοῦτο
2513 4437 2946 4510 λυσιτελέστερον
2977 4436 3116 4493 εῖναι
3143 4439 3404 4509 νομίζειν.
3448 4437 3555 4491 Καὶ
3592 4438 3739 4506 μετά

2166 4517 2373 4572 τούτων
2400 4519 2457 4573 δέ
2498 4520 2594 4573 καὶ
2629 4518 2723 4573 τοῦ
2748 4520 3088 4592 πατριάρχου
3129 4518 3323 4591 μαθεῖν
3345 4517 3591 4572 ἐντεῦθέν
3617 4520 3742 4572 ἐστι

2166 4601 2265 4672 τὴν
2294 4600 2497 4673 πολλὴν
2521 4601 2889 4668 ἀνεξικακίαν,
2923 4603 3023 4674 τῆς
3039 4602 3416 4672 φιλοστοργίας
3440 4600 3538 4671 τὴν
3567 4600 3741 4668 ὑπερ-

2167 4682 2350 4755 ϐολὴν,
2387 4686 2486 4755 τῆς
2515 4682 2765 4755 ἀνδρείας
2799 4683 2861 4737 τδ
2890 4685 3136 4755 μέγεθος,
3171 4683 3281 4737 τῶν
3314 4682 3607 4754 χρημάτων
3631 4682 3740 4750 τὴν

2167 4765 2489 4837 ὑπεροψίαν,
2544 4765 2643 4835 τῆς
2687 4767 2814 4838 περὶ
2857 4766 3018 4820 αὐτὸν
3051 4764 3146 4819 τοῦ
3184 4764 3318 4819 Θεοῦ
3355 4764 3601 4835 βοηθείας
3632 4763 3739 4832 τὴν

2165 4848 2367 4918 ἄφατον
2416 4846 2665 4917 δύναμιν.
2719 4848 3007 4915 Ἀκούσας
3043 4846 3131 4912 δὲ,
3169 4848 3353 4918 φησὶν,
3392 4848 3604 4913 Ἅϐραμ
3641 4843 3739 4901 ὅτι

2164 4929 2617 4999 ᾑχμαλὼτευται
2654 4928 2785 4984 Λὼτ
2816 4928 3174 4999 ἀδελφιδοῦς
3204 4929 3410 4994 αὐτοῦ,
3441 4928 3739 4995 ἠρίθμησε

2162 5012 2305 5078 τοὺς
2331 5011 2517 5078 ἰδίους
2532 5009 2854 5081 οίκογενεῒς
2880 5013 3256 5079 τριακοσίους
3273 5010 3417 5065 δέκα
3436 5008 3533 5068 καί
3551 5006 3735 5072 ὀκτὼ,

2163 5095 2260 5148 καί
2306 5093 2663 5159 κατεδίωξεν
2702 5094 2894 5149 ὀπίσω
2943 5094 3139 5150 αὐτῶν
3169 5095 3279 5161 ἕως
3318 5095 3455 5157 Δὰν,
3486 5089 3582 5145 καί
3631 5089 3738 5142 ἑπ-

2161 5179 2384 5232 ἐπεσεν
2402 5178 2495 5231 ἐπ’
2511 5177 2732 5243 αὐτοὺς
2754 5177 2872 5246 thr
2886 5179 3078 5233 νύκτα
3088 5179 3291 5244 αὐτὸς,
3319 5176 3414 5231 καὶ
3439 5178 3493 5230 οί
3518 5171 3733 5243 παῖδες

2160 5259 2366 5325 αὐτοῦ,
2401 5259 2499 5313 καί
2524 5258 2821 5324 ἐπάταξεν
2853 5258 3073 5324 αὐτοὺς
3093 5258 3204 5324 ἕως
3239 5260 3465 5321 Χωϐὰλ,
3497 5259 3535 5326 ἦ
3555 5260 3733 5321 ἐστιν

2159 5342 2441 5410 ἀριστερὰ
2481 5343 2818 5411 Δαμασκοῦ.
2852 5343 2960 5398 Καὶ
3006 5341 3338 5410 ἐπέστρεψε
3378 5340 3583 5396 πᾶσαν
3611 5339 3729 5408 thr

2160 5424 2348 5478 ἵππον
2359 5423 2634 5493 Σοδόμων
2647 5424 2745 5477 καί
2768 5422 2891 5478 Λὼτ
2906 5424 3011 5477 τὸν
3026 5424 3389 5492 ἀδελφιδοῦν
3405 5423 3589 5477 αὑτοῦ
3604 5422 3726 5476 άπ-

2158 5506 2435 5575 έστρεψε,
2454 5505 2555 5561 καὶ
2579 5505 2775 5559 πάντα
2803 5504 2877 5558 τὰ
2895 5505 3241 5573 ὑπάρχοντα
3262 5506 3466 5571 αὑτοῦ,
3497 5503 3725 5559 καὶτὸν

2158 5591 2333 5659 λαὸν,
2348 5593 2443 5647 καί
2457 5592 2564 5657 τὰς
2574 5589 3081 5660 τυναῖκας.Ἐννόει
3093 5607 3184 5660 μοι
3194 5584 3727 5659 ἐνταῦθα,ἀγαπητέ,

2225 5719 2254 5750 ⁸
2275 5720 2376 5771 Sex
2400 5733 2517 5771 mss.
2542 5721 2623 5770 hic
2646 5723 2699 5770 el
2735 5716 2856 5771 infra
2879 5718 3106 5781 Ὅμορος.
