4060 6496
331 404 440 462 3‘25

327 538 446 586 γαπ,
474 534 590 592 qua:
616 527 690 574 est
717 521 774 576 in
801 533 984 576 eremo.
1012 519 1065 576 7.
1097 517 1163 574 Et
1201 520 1384 574 reversi
1411 528 1650 574 venerunt
1681 519 1751 574 ad
1777 516 1921 572 Fon-

328 625 429 666 tem
461 612 650 682 judicii
666 627 689 677 ;
707 613 819 684 ipsa
845 622 918 668 est
961 611 1159 678 Gades;
1185 621 1231 667 et
1259 613 1546 668 occiderunt
1575 630 1747 668 omnes
1777 612 1923 683 prin-

325 704 466 771 cipes
507 704 733 772 Amalec,
789 714 837 758 et
885 704 1208 760 Antorrltteos
1236 716 1285 760 et
1311 707 1591 762 habitantes
1619 709 1670 762 in
1700 711 1924 764 Asasan-

328 794 553 849 thamur.
601 793 680 850 Ne
721 804 1102 865 praetereamus
1148 797 1342 862 obiter,
1391 798 1591 860 dilecti.
1640 816 1758 871 qure
1783 800 1923 856 dicta

328 897 488 949 sunt,
536 902 710 957 neque
773 896 1019 958 putemus
1083 888 1322 944 inutilem
1370 906 1490 946 esse
1540 893 1920 947 narrationem.

330 977 519 1031 Dedita
567 979 710 1032 enim
755 993 915 1049 opera
941 979 1119 1034 divina
1147 981 1416 1051 Scriptura
1441 982 1722 1053 diligenter
1745 987 1922 1038 omnia

326 1070 488 1125 nobis
509 1071 763 1134 narravit,
793 1081 849 1126 ut
873 1072 1140 1128 discamus
1168 1083 1419 1144 quantum
1452 1076 1607 1130 fuerit
1648 1076 1830 1140 robur,
1869 1088 1925 1131 et

329 1173 528 1229 quanta
576 1164 808 1232 polentia
861 1165 1229 1234 barbarorum,
1276 1176 1330 1223 et
1371 1179 1569 1238 quanto
1619 1170 1815 1239 impetu
1870 1173 1920 1225 in

326 1248 532 1312 bellum
554 1255 816 1317 venerint.
845 1265 900 1310 ut
926 1258 1086 1312 etiam
1113 1260 1374 1329 gigantes,
1413 1259 1514 1314 hoc
1543 1270 1643 1325 est,
1675 1277 1924 1330 proceros

327 1351 385 1398 et
432 1351 596 1400 tortes
642 1361 888 1417 corpore,
939 1348 1290 1415 debellarint,
1347 1366 1639 1421 omnesque
1692 1353 1924 1422 regionis

327 1443 520 1503 gentes
576 1435 630 1489 in
675 1436 850 1506 fugam
902 1440 1178 1494 verterint.
1222 1440 1353 1495 Nam
1382 1442 1517 1498 sicut
1570 1452 1799 1507 torrens,
1833 1446 1920 1513 qui

328 1526 486 1581 valde
510 1527 743 1582 excurrit
771 1539 820 1584 et
851 1531 1091 1598 inundat,
1121 1534 1298 1588 omnia
1329 1549 1511 1589 secum
1558 1535 1695 1604 rapit
1721 1545 1774 1590 et
1801 1552 1924 1607 per-

327 1618 451 1674 d:t:
499 1621 567 1675 ita
613 1630 668 1676 et
715 1622 926 1678 barbari
975 1625 1047 1680 illi
1084 1625 1391 1681 invaserunt
1417 1642 1604 1682 omnes
1633 1638 1834 1698 gentes,
1869 1639 1923 1684 et

327 1724 518 1766 omnes
548 1728 768 1782 prorsus
795 1715 1159 1784 perdiderunt,
1187 1717 1256 1770 ita
1289 1728 1344 1772 ut
1371 1727 1426 1773 et
1455 1719 1719 1789 principes
1758 1722 1920 1774 Ama-

328 1802 624 1867 lccitarum,
673 1816 728 1861 et
772 1808 906 1862 alios
953 1824 1140 1866 omnes
1189 1811 1240 1864 in
1291 1810 1468 1881 fugam
1496 1813 1771 1867 verterint.
1815 1813 1922 1868 Sed

330 1895 468 1950 forte
501 1897 695 1952 dixerit
740 1900 1000 1970 quispiam
1037 1917 1051 1954 :
1095 1901 1161 1956 Et
1189 1917 1309 1972 qua:
1353 1903 1482 1956 mihi
1514 1903 1730 1968 utilitas,
1782 1905 1921 1960 scire

327 1987 674 2045 barbarorum
702 1994 904 2048 robur?
953 1993 1067 2050 Non
1095 2005 1296 2050 temere
1347 2011 1520 2067 neque
1574 1996 1764 2050 frustra
1797 2013 1919 2051 nar-

324 2081 520 2136 rationi
572 2082 694 2138 talia
741 2068 1032 2140 immiscuit
1081 2086 1354 2156 Scriptura
1398 2088 1609 2155 divina,
1657 2103 1758 2143 nec
1803 2089 1922 2144 sine

326 2188 484 2229 causa
513 2190 610 2231 nos
630 2192 660 2230 a
693 2178 953 2248 principio
977 2188 1222 2236 auctores
1251 2181 1401 2236 vobis
1443 2197 1626 2236 sumus
1654 2193 1708 2237 ut
1733 2198 1917 2237 eorum

327 2266 694 2325 fortitudinem
755 2273 1012 2328 memoria
1057 2276 1324 2329 teneatis:
1358 2277 1450 2331 sed
1492 2286 1549 2332 ut
1597 2279 1921 2347 procedente

327 2357 568 2413 doctrina
600 2361 819 2418 discatis
862 2373 913 2419 et
956 2364 1224 2434 ingentem
1257 2367 1351 2422 Dei
1399 2371 1710 2437 potentiam,
1741 2380 1795 2425 et
1825 2387 1919 2441 pa-

327 2451 577 2506 triarchae
619 2453 890 2509 virtutem.
942 2455 1140 2512 Contra
1192 2457 1310 2512 illos
1341 2460 1499 2530 igitur
1543 2462 1629 2530 qui
1660 2470 1807 2517 tanto
1835 2479 1922 2518 ro-

328 2540 458 2594 bore
485 2542 686 2611 przediti
719 2555 890 2611 erant,
919 2557 972 2600 et
995 2554 1072 2600 tot
1099 2557 1288 2618 gentes
1334 2550 1383 2603 in
1415 2550 1588 2620 fugam
1627 2563 1917 2620 verterant,

327 2632 382 2685 8.
419 2631 667 2702 Egressus
693 2645 785 2700 est,
817 2635 1006 2706 inquit,
1029 2639 1082 2691 in
1110 2640 1343 2710 prtelit'm
1370 2657 1460 2694 rea:
1482 2640 1841 2708 Sodomorum,
1874 2655 1920 2698 et

327 2722 647 2792 Gomorrlue,
679 2737 726 2780 et
753 2744 842 2782 rea:
866 2729 1086 2797 Adama,
1116 2741 1164 2786 et
1187 2748 1279 2786 γεω
1303 2732 1530 2801 Seboim,
1553 2744 1600 2788 et
1623 2751 1712 2789 γεω
1735 2734 1921 2814 Balac,

323 2815 438 2885 ipsa
461 2827 535 2871 est
555 2816 720 2889 Segar
738 2837 758 2874 :
782 2829 829 2875 et
852 2821 1142 2876 direxerant
1169 2824 1325 2879 aciem
1350 2825 1404 2878 in
1432 2828 1662 2894 prarlium
1690 2829 1742 2882 in
1778 2825 1923 2883 Valle

324 2909 485 2971 salsa,
529 2908 584 2964 9.
619 2919 796 2964 contra
834 2911 1242 2986 Cltodologomor
1283 2927 1328 2970 et
1363 2916 1637 2986 Tltarthac,
1661 2931 1711 2975 et
1738 2922 1918 2975 Amar-

324 2999 506 3069 phath,
553 3011 602 3055 et
640 3002 847 3058 Arioch.
902 3005 1134 3070 Quatuor
1173 3024 1313 3080 reges
1341 3022 1516 3064 contra
1559 3015 1794 3084 quinque.
1829 3014 1915 3070 10.

335 3089 498 3147 Vallis
541 3103 707 3148 autem
750 3096 908 3162 salsa,
957 3099 1094 3166 putei
1117 3099 1394 3155 bituminis.
1428 3101 1626 3158 Deinde
1653 3112 1710 3157 ut
1741 3103 1922 3160 disca-

326 3199 448 3237 mus
485 3187 754 3254 quomodo
797 3204 981 3245 eorum
1025 3191 1208 3256 robur,
1255 3203 1310 3247 et
1346 3195 1637 3264 potentiam
1663 3196 1918 3270 obstupe-

324 3282 561 3344 scentes,
588 3275 640 3330 in
665 3275 842 3348 fugam
868 3281 1005 3334 versi
1023 3288 1168 3348 sunt,
1197 3283 1363 3352 inquit
1383 3282 1470 3344 .Et
1489 3286 1618 3356 fugit
1642 3303 1731 3340 rea:
1752 3287 1923 3342 Sada-

324 3380 546 3433 morum,
592 3377 639 3421 et
684 3368 1001 3438 Gomorrhte,
1050 3381 1098 3426 et
1135 3374 1422 3429 ceciderunt
1471 3377 1576 3430 illic
1620 3377 1706 3431 ubi
1754 3384 1920 3448 fontes

324 3467 472 3510 erant
497 3473 518 3512 :
543 3460 630 3532 qui
649 3471 816 3515 autem
854 3465 1054 3535 reliqui,
1087 3470 1325 3539 fugerunt
1362 3469 1415 3523 in
1446 3480 1704 3524 montana.
1729 3471 1918 3526 Vidisti

323 3557 528 3616 quanto
571 3551 764 3607 robore
807 3553 1078 3610 bellabant
1121 3558 1206 3612 isti
1252 3558 1390 3612 viri?
1436 3563 1705 3630 quomodo
1737 3563 1918 3620 hostes

323 3652 456 3694 suos
481 3640 645 3695 etiam
671 3654 888 3714 aspectu
914 3660 1012 3700 suo
1040 3655 1366 3717 terruerunt,
1386 3660 1440 3704 et
1465 3652 1516 3705 in
1545 3651 1719 3721 fugam
1745 3663 1920 3711 verte-

325 3735 491 3788 runt?
521 3734 649 3789 Vide
675 3735 927 3809 deinceps
953 3741 1223 3810 quomodo
1249 3743 1352 3797 illis
1378 3743 1554 3813 fugam
1591 3747 1915 3816 ineuntibus,

329 3825 421 3879 isti
452 3826 644 3882 ablatis
668 3829 915 3885 omnibus
936 3847 1054 3902 quae
1076 3833 1285 3889 illorum
1310 3846 1483 3900 erant.
1509 3839 1802 3894 redierunt.
1829 3842 1914 3896 ll.

324 3916 639 3986 Acceperunt
675 3931 862 3988 autem,
908 3921 1095 3992 inquit,
1130 3935 1390 3991 montana,
1423 3937 1468 3981 et
1494 3945 1691 3984 omnem
1721 3934 1917 4002 equita-

327 4017 438 4060 tuut
484 4008 825 4066 Sodomorum
868 4023 914 4067 et
964 4013 1280 4084 Gomorrlue,
1313 4027 1360 4072 et
1411 4036 1583 4074 omnes
1611 4035 1919 4080 commeatus

324 4115 521 4166 eorum,
551 4111 600 4155 et
624 4104 869 4158 abierunt.
897 4105 980 4159 l2.
1011 4107 1325 4178 Acceperunt
1343 4127 1538 4181 quoque
1557 4123 1602 4166 et
1631 4112 1728 4168 Lat
1752 4117 1915 4183 ﬁlium

325 4192 502 4262 fratris
521 4193 689 4256 Abrw.
717 4207 764 4251 et
784 4199 1146 4268 supellectilem
1166 4203 1293 4273 ejus,
1313 4212 1362 4257 et
1372 4205 1620 4259 abierunt.
1645 4205 1918 4264 Habitabat

324 4284 459 4336 enim
487 4286 540 4339 in
569 4287 826 4344 Sodomis.
851 4290 988 4346 Ecce
1010 4291 1060 4346 id
1088 4293 1229 4362 qttod
1261 4293 1374 4348 heri
1404 4295 1666 4361 dicebam,
1699 4299 1750 4352 id
1777 4317 1918 4356 nunc

324 4377 539 4442 evenit;
583 4379 711 4433 nihil
753 4380 894 4435 enim
923 4382 1119 4451 profuit
1144 4384 1299 4449 Loto,
1328 4387 1472 4457 quod
1498 4390 1704 4458 potiora
1734 4391 1914 4463 elege-

324 4468 419 4536 rit,
459 4471 553 4526 sed
601 4487 660 4528 re
708 4472 819 4543 ipsa
864 4474 1049 4532 didicit
1074 4478 1281 4548 priores
1300 4490 1480 4552 partes
1506 4498 1610 4538 non
1639 4495 1912 4555 appetere.

325 4559 460 4616 Nam
499 4578 565 4618 ex
607 4563 707 4620 hoc
750 4582 855 4620 non
897 4569 1072 4624 solum
1117 4571 1251 4626 nihil
1301 4573 1542 4631 utilitatis
1583 4576 1632 4632 ei
1660 4579 1914 4645 accrevit,

323 4653 421 4707 sed
468 4669 595 4710 ecce
639 4657 882 4726 captivus
927 4660 1086 4714 etiam
1127 4661 1389 4719 abductus
1427 4675 1527 4730 est,
1559 4675 1614 4722 et
1646 4667 1832 4724 didicit
1857 4685 1918 4726 re

325 4745 461 4815 ipsa,
507 4748 676 4802 multo
727 4751 896 4805 satius
935 4753 982 4807 ei
1025 4755 1188 4810 fuisse
1231 4757 1303 4811 uti
1346 4759 1733 4816 consuetudine
1761 4763 1912 4831 justi,

324 4853 485 4906 quam
534 4850 864 4908 separatum,
913 4852 968 4898 et
1022 4845 1072 4899 in
1124 4847 1369 4905 libertate
1415 4851 1688 4907 viventem
1724 4853 1775 4908 in
1807 4864 1915 4909 tam

324 4930 522 4984 multas
551 4931 881 4990 calamitates
910 4936 1163 4992 incidere.
1194 4939 1332 4994 Ecce
1361 4942 1502 4997 enim
1532 4952 1588 4996 ut
1612 4943 1814 5000 divisus
1835 4955 1918 5001 est

323 5037 355 5076 a
383 5024 704 5092 patriarcha,
735 5043 858 5082 cum
887 5038 1091 5097 putaret
1117 5048 1174 5086 sc
1201 5034 1252 5087 in
1281 5036 1466 5105 majori
1494 5053 1614 5092 esse
1647 5039 1912 5110 libertate,

323 5125 378 5169 et
407 5118 611 5184 potiora
643 5133 703 5173 se
721 5131 1086 5190 assequutum,
1109 5133 1162 5178 et
1185 5125 1476 5191 abundare,
1501 5140 1722 5197 repente
1746 5132 1916 5189 factus

321 5217 408 5262 est
450 5223 659 5273 servus,
711 5224 902 5266 carens
950 5212 1130 5278 domo,
1163 5230 1352 5271 carens
1381 5229 1433 5272 et
1463 5219 1581 5273 foco
1611 5239 1623 5274 :
1659 5231 1714 5275 ut
1741 5223 1916 5279 discas

323 5310 582 5365 quantum
625 5300 822 5354 malum
870 5301 1154 5368 dissensio,
1200 5315 1254 5359 et
1279 5319 1533 5378 quantum
1562 5312 1758 5368 bonum
1789 5330 1918 5370 con-

327 5390 505 5444 cordia
535 5406 550 5445 :
593 5400 648 5444 et
683 5392 823 5446 scias
866 5403 1284 5452 consentaneum
1326 5416 1446 5456 esse
1476 5418 1579 5456 non
1611 5405 1808 5474 majora
1839 5417 1917 5464 te-

327 5498 476 5538 mere
524 5498 834 5555 capessere,
885 5486 979 5541 sed
1023 5489 1200 5558 potius
1257 5492 1554 5549 minoribus
1605 5505 1915 5554 contentum

327 5588 468 5629 esse.
515 5577 849 5644 Acceperunt,
896 5576 1087 5648 inquit,
1134 5578 1230 5634 Lat
1278 5591 1324 5635 et
1369 5586 1728 5654 supellectilem
1779 5590 1911 5658 ejus.

327 5673 536 5734 Quisnto
583 5668 774 5724 melius
813 5678 929 5725 erat
965 5685 1087 5726 eum
1130 5686 1253 5728 cum
1302 5677 1597 5744 patriarcha
1627 5679 1830 5747 vivere,
1862 5691 1917 5738 et

327 5757 504 5814 munia
531 5758 692 5824 ferre,
725 5768 783 5814 ut
811 5777 878 5815 ne
900 5763 1182 5819 concordia
1209 5766 1526 5830 solveretur,
1558 5785 1718 5839 quam
1757 5785 1912 5842 sepa-

327 5863 513 5921 ratum,
553 5858 606 5908 et
633 5853 816 5910 electis
845 5855 1158 5924 potioribus,
1183 5856 1235 5912 in
1266 5867 1409 5913 tanta
1432 5873 1650 5932 repente
1681 5863 1908 5937 pericula

1303 398 1366 455 ΙΝ
1406 398 1557 458 CAP.
1600 397 1736 456 XIV.
1783 397 2030 455 GENES.
2079 397 2304 454 IIOMIL.
2349 399 2566 456 XXXV.

3517 414 3624 472 325

2032 515 2291 584 incidere,
2341 526 2396 573 et
2442 519 2494 573 in
2543 517 2894 577 barbarorum
2923 523 3111 581 venire
3149 530 3505 596 potestatem?
3533 536 3624 589 t5.

2032 607 2313 661 Adveniens
2365 619 2533 664 autem
2588 610 2819 681 quidam,
2871 612 3066 684 inquit,
3100 634 3164 672 εω
3199 619 3261 674 iis
3310 621 3398 686 qui
3445 629 3624 680 seruati

2029 707 2196 764 erant,
2237 702 2483 755 nuntiavit
2521 702 2672 757 Abrae
2697 705 2974 760 transitori.
3011 707 3039 762 Ι
3047 726 3134 778 pse
3168 721 3335 767 autem
3367 714 3626 772 habitabat

2027 789 2176 858 jua‘ta
2218 807 2454 861 quercum
2485 791 2718 850 Humbre
2745 796 2940 863 Omari,
2973 803 3149 868 fratris
3190 802 3400 874 Eschol,
3439 819 3483 863 et
3508 813 3624 881 fra-

2030 883 2121 936 tris
2164 883 2376 948 Aunan,
2417 886 2504 954 qui
2551 899 2696 942 erant
2745 891 3077 963 confoederati
3125 896 3292 953 Abra'.
3341 899 3623 967 Quomodo

2031 983 2237 1029 tantum
2283 977 2481 1033 bellum
2524 979 2809 1036 conflatum
2840 982 3100 1053 ignoravit
3130 990 3464 1057 patriarcha?
3493 992 3623 1050 For-

2032 1066 2189 1122 tassis
2219 1085 2406 1140 magna
2437 1071 2687 1127 distantia
2714 1073 2917 1142 aberat,
2952 1086 3008 1131 et
3046 1076 3166 1132 ideo
3203 1081 3479 1150 ignoravit.
3510 1086 3620 1139 Ad-

2029 1159 2230 1213 veniens
2253 1171 2422 1216 autem
2457 1164 2666 1232 quidam
2700 1169 3019 1221 annuntiacit
3045 1170 3195 1224 Abrae
3237 1175 3496 1228 transitori
3519 1190 3538 1230 :
3565 1187 3620 1232 ut

2029 1251 2185 1306 nobis
2205 1267 2588 1311 commemoret
2612 1257 2661 1312 ei
2689 1261 3060 1316 aununtiatum
3088 1278 3228 1330 esse,
3256 1267 3344 1333 qui
3369 1281 3433 1321 ex
3459 1267 3622 1322 Chal-

2027 1341 2142 1395 dzca
2175 1343 2425 1400 redierat.
2461 1346 2593 1402 Nam
2622 1350 2744 1418 quia
2769 1358 2916 1404 trans
2954 1352 3059 1424 (a)
3093 1353 3419 1423 Euphratem
3449 1358 3621 1414 domi-

2027 1433 2207 1487 cilium
2249 1435 2526 1502 habuerat,
2552 1435 2722 1494 dictus
2770 1450 2854 1496 est
2897 1443 3289 1509 transﬂuvialis,
3326 1447 3410 1502 vel
3441 1457 3617 1504 trans-

2029 1523 2150 1577 itor.
2197 1526 2260 1580 Et
2294 1535 2449 1582 antea
2479 1531 2638 1585 etiam
2663 1532 2731 1586 ab
2751 1532 2901 1586 initio
2933 1544 3180 1604 parentes
3209 1538 3255 1592 ei
3285 1538 3384 1593 hoc
3423 1556 3616 1596 nomen

2030 1615 2348 1681 indiderunt,
2386 1617 2499 1687 jam
2545 1628 2701 1675 antea
2732 1623 3092 1692 significantes
3119 1641 3240 1680 eum
3273 1628 3397 1682 inde
3427 1631 3619 1702 migra-

2030 1714 2226 1759 turum.
2277 1707 2506 1764 Vocatus
2559 1711 2700 1765 enim
2750 1721 2833 1767 est
2877 1714 3098 1781 Abram,
3148 1717 3269 1785 quia
3295 1720 3618 1790 migraturus

2027 1807 2142 1852 erat
2168 1808 2316 1856 trans
2347 1802 2696 1872 Euphratem,
2729 1816 2782 1859 et
2807 1805 2861 1861 in
2891 1807 3227 1864 Palaestinam
3257 1823 3530 1870 venturus.

2097 1892 2152 1946 4.
2184 1893 2410 1950 Attende
2437 1897 2704 1966 quomodo
2727 1909 2780 1953 et
2807 1909 3055 1969 parentes
3079 1902 3195 1971 ejus
3222 1904 3346 1960 licet
3375 1907 3618 1965 infideles

2025 1993 2227 2051 essent,
2247 1985 2407 2040 ductu
2432 1989 2814 2057 potentissimae
2833 1991 3108 2061 sapientiae
3126 1996 3216 2049 Dei
3237 2012 3429 2053 nomen
3453 2015 3616 2068 puero

2028 2073 2430 2144 imposuerunt,
2467 2079 2602 2134 sicut
2627 2089 2683 2135 et
2712 2080 2943 2137 Lamech
2979 2099 3077 2138 suo
3115 2085 3243 2143 Noe.
3276 2087 3370 2142 Est
3397 2090 3536 2144 enim
3564 2100 3617 2146 ct

2027 2165 2129 2220 hoc
2163 2166 2357 2222 divina:
2397 2168 2772 2240 benignitatis,
2801 2182 2920 2242 post
2958 2174 3181 2229 multum
3222 2185 3429 2247 tempus
3456 2195 3616 2235 even-

2027 2263 2142 2310 tura
2173 2271 2270 2326 per
2295 2258 2539 2315 infideles
2562 2263 2946 2330 prmnuntiarc.
2976 2263 3276 2321 Adveniens
3305 2268 3480 2339 itaque
3502 2272 3617 2341 qui-

2025 2346 2171 2416 dam,
2201 2349 2389 2419 inquit,
2418 2353 2675 2407 nuntiavit
2712 2355 2982 2410 transitori
3020 2372 3139 2428 qua:
3178 2360 3498 2427 acciderant,
3527 2379 3616 2419 ca-

2029 2439 2323 2507 ptivitatem
2371 2441 2618 2498 videlicet
2665 2444 2756 2499 filii
2804 2447 3018 2513 fratris,
3066 2458 3120 2504 et
3168 2467 3352 2521 regum
3404 2455 3614 2512 illorum

2030 2545 2276 2598 magnam
2317 2534 2605 2601 potentiam
2632 2577 2647 2601 ,
2679 2536 3140 2609 Sodomorumque
3181 2545 3615 2614 populationem,

2026 2630 2080 2676 et
2109 2621 2300 2676 fmdam
2331 2622 2526 2694 fugam.
2559 2624 2681 2695 Ipse
2711 2638 2880 2682 autem
2900 2672 2914 2691 ,
2945 2630 3148 2700 inquit,
3188 2634 3446 2690 habitabat
3462 2639 3617 2708 juxta

2024 2726 2261 2781 quercum
2293 2712 2524 2769 Mambre
2552 2715 2730 2770 Omari
2747 2759 2761 2784 ,
2790 2721 2965 2790 fratris
2993 2721 3201 2787 Eschol,
3231 2734 3278 2778 et
3301 2725 3505 2794 Aunan,
3531 2730 3616 2798 qui

2025 2815 2170 2858 erant
2195 2807 2523 2876 conﬁederati
2551 2810 2719 2865 Abrae.
2751 2811 2867 2866 Jam
2898 2812 3032 2868 forte
3062 2814 3147 2870 hic
3172 2818 3363 2886 aliquis
3389 2821 3617 2876 interro-

2024 2897 2227 2964 gat-erit
2262 2897 2477 2965 :Quare
2516 2915 2700 2954 eorum
2740 2903 2828 2972 qui
2871 2903 2921 2958 in
2963 2905 3212 2961 Sodomis
3250 2919 3434 2976 erant,
3467 2914 3616 2968 solus

2018 2988 2194 3055 justus
2221 2988 2321 3043 Lot
2349 2990 2402 3043 in
2431 2991 2788 3060 captivitatem
2817 2995 3139 3052 abducitur?
3163 2998 3278 3054 Non
3313 3003 3428 3056 sine
3453 3018 3610 3058 causa

2026 3079 2160 3147 hoc,
2190 3096 2365 3152 neque
2393 3081 2586 3138 frustra
2619 3103 2633 3139 :
2664 3086 2758 3141 sed
2789 3096 2844 3142 ut
2872 3089 3039 3144 discat
3082 3091 3166 3147 his
3200 3095 3478 3152 eventibus
3517 3096 3614 3154 Lat

2027 3173 2341 3242 patriarchae
2379 3175 2625 3232 virtutem
2649 3217 2663 3242 ,
2695 3189 2754 3233 et
2790 3187 2847 3233 ut
2886 3191 3102 3251 propter
3137 3182 3307 3252 ipsum
3339 3197 3614 3244 serventur

2023 3275 2078 3320 et
2103 3267 2226 3331 alii,
2256 3277 2415 3337 utque
2440 3269 2696 3324 doceatur
2737 3273 3020 3340 primatum
3057 3289 3162 3330 non
3203 3287 3486 3349 appetere,
3519 3284 3614 3338 sed

2025 3358 2316 3428 majoribus
2344 3359 2555 3415 cedere.
2591 3362 2883 3420 Audiamus
2911 3375 3088 3421 autem
3123 3369 3375 3442 deinceps
3403 3389 3464 3428 ea
3496 3390 3616 3444 qua:

2023 3457 2336 3518 sequuntur,
2371 3460 2427 3505 ut
2455 3452 2724 3508 discamus
2752 3465 2806 3510 et
2838 3457 2966 3525 justi
2999 3461 3274 3527 virtutem,
3306 3474 3358 3519 et
3388 3465 3612 3522 immen-

2023 3558 2141 3598 sum
2178 3544 2268 3600 Dei
2311 3545 2626 3602 subsidium.
2669 3548 2862 3604 Verum
2903 3551 3188 3621 diligenter
3211 3555 3366 3612 dictis
3399 3563 3611 3616 auscul-

2024 3642 2152 3699 tate,
2177 3645 2516 3707 mentemque
2541 3638 2856 3710 recolligite.
2879 3641 3098 3697 Multum
3121 3646 3260 3700 enim
3285 3647 3415 3703 lucri
3443 3649 3616 3706 facere

2027 3723 2112 3778 hic
2150 3726 2473 3794 poterimus,
2505 3736 2561 3784 et
2585 3743 2650 3784 ex
2682 3729 2746 3785 iis
2771 3746 2889 3801 qua:
2927 3733 3028 3788 Lot
3055 3749 3346 3792 evenerunt
3371 3740 3571 3798 discere
3598 3763 3612 3798 :

2024 3831 2312 3886 numquam
2346 3833 2487 3888 aegre
2517 3819 2814 3888 ferendum,
2846 3823 2889 3878 si
2915 3826 3127 3895 quando
3146 3827 3274 3896 justi
3306 3830 3612 3888 incidantin

2026 3909 2364 3975 mutationes,
2389 3911 2614 3981 improbi
2640 3929 2766 3969 vero
2789 3925 2842 3970 et
2869 3917 2989 3970 mali
3017 3918 3246 3974 evadant
3271 3939 3285 3976 :
3315 3939 3486 3994 neque
3507 3928 3618 3983 ullo

2023 3999 2185 4053 modo
2215 4001 2383 4069 prima
2416 4003 2703 4072 quaerenda
2733 4019 2887 4072 esse,
2919 4022 3091 4078 neque
3117 4009 3314 4080 aliquid
3347 4013 3614 4081 justorum

2024 4088 2365 4144 familiaritati
2403 4102 2456 4147 et
2484 4094 2753 4149 convictui
2797 4097 3217 4166 prazferendum;
3246 4103 3338 4157 sed
3369 4106 3466 4159 etsi
3503 4121 3618 4162 sero

2020 4181 2274 4238 viendum
2304 4183 2374 4238 sit
2407 4183 2692 4241 habitando
2717 4202 2838 4242 cum
2873 4189 3001 4243 viris
3029 4190 3222 4248 virtute
3263 4196 3530 4264 prmditis,
3562 4199 3614 4254 id

2026 4280 2135 4343 ipsa
2169 4273 2412 4329 libertate
2451 4276 2634 4331 utilius
2670 4293 2811 4334 esse.
2856 4278 2924 4334 Et
2967 4281 3184 4351 insuper
3223 4284 3490 4342 discamus
3524 4305 3618 4359 pa-

2023 4363 2270 4420 triarchze
2316 4365 2576 4437 insignem
2623 4369 2958 4426 tolerantiam
2987 4413 3002 4434 ,
3053 4387 3373 4443 propensum
3415 4378 3468 4432 in
3515 4379 3617 4436 Lot

2021 4470 2260 4510 amorem
2284 4465 2338 4511 et
2358 4457 2806 4526 benevolentiam,
2832 4460 3156 4518 fortitudinis
3179 4467 3614 4537 magnitudinem,

2022 4561 2182 4616 apum
2210 4557 2608 4619 contemptura,
2639 4550 2956 4608 ineffabilem
2987 4553 3154 4609 divini
3186 4573 3310 4627 erga
3347 4559 3492 4613 illum
3524 4561 3620 4616 ad-

2018 4635 2204 4707 jutorii
2233 4639 2502 4693 virtutem.
2535 4641 2623 4697 H.
2663 4641 2730 4696 Ut
2761 4653 2926 4696 autem
2952 4645 3170 4711 audivit,
3203 4647 3403 4717 inquit,
3432 4650 3620 4708 Abram

2021 4730 2155 4799 quod
2182 4741 2360 4799 captus
2386 4743 2510 4786 esset
2539 4731 2637 4786 Lat
2665 4734 2840 4803 fratris
2878 4736 2955 4788 sui
2992 4737 3129 4804 ﬁlius
3147 4778 3160 4799 ,
3189 4743 3470 4794 numeravit
3499 4760 3620 4812 pro-

2024 4820 2161 4890 prios
2191 4822 2486 4875 vernaculas
2513 4839 2632 4876 suos
2659 4833 2903 4878 trecentos
2927 4825 3095 4879 decem
3122 4836 3169 4880 et
3194 4839 3304 4880 acta
3326 4870 3340 4895 ,
3371 4839 3418 4884 et
3451 4848 3623 4900 perse—

2022 4919 2210 4979 quutus
2236 4920 2308 4965 est
2333 4912 2450 4966 illos
2474 4928 2630 4982 usque
2655 4911 2793 4980 Dan,
2823 4915 2910 4969 15.
2937 4923 2987 4968 ει
3012 4915 3160 4968 irruit
3190 4933 3342 4988 super
3367 4936 3451 4975 eos
3483 4937 3627 4977 noc'e

2023 5003 2131 5070 ipse
2156 5011 2200 5056 et
2227 5003 2369 5070 pueri
2392 5004 2523 5073 ejus,
2548 5013 2593 5056 et
2617 5006 2859 5072 percussit
2881 5021 2985 5070 eos,
3015 5015 3061 5059 et
3092 5020 3416 5078 persequutus
3448 5022 3519 5067 est
3541 5031 3627 5072 eos

2025 5107 2183 5164 usque
2202 5091 2413 5156 Cbabal,
2437 5109 2548 5162 qua:
2575 5103 2644 5147 est
2667 5094 2721 5147 in
2745 5095 2949 5149 sinistra
2975 5095 3232 5152 Damasci.
3265 5102 3350 5155 16.
3379 5102 3448 5157 Et
3475 5107 3620 5160 redu-

2021 5185 2099 5238 xit
2125 5200 2322 5238 onmem
2350 5185 2624 5254 equitatum
2652 5185 3012 5241 Sodomorum.
3037 5187 3103 5241 Et
3133 5187 3229 5245 Lat
3257 5193 3420 5262 [ilium
3453 5199 3628 5267 fratris

2023 5277 2102 5330 sui
2128 5276 2362 5344 reduxit,
2387 5288 2434 5330 et
2457 5277 2788 5331 substantiam
2816 5279 2955 5348 ejus,
2987 5289 3033 5333 et
3058 5281 3333 5354 populum,
3360 5297 3407 5340 et
3441 5289 3622 5343 mulie~

2087 5433 2292 5516 (αλ-νοεῖ
2312 5435 2550 5516 tlebraica
2576 5446 2669 5500 est,
2694 5439 2822 5496 rm:
2847 5459 2860 5495 :
2886 5459 3030 5516 quam
3073 5448 3154 5499 alii
3185 5452 3512 5516 transitorem,
3541 5465 3621 5508 vel

2025 5503 2430 5588 εξειῃῖςίιιιίυὶιιιειη,1
2442 5507 2826 5588 interpretantur
2857 5503 3000 5588 ςῄειν
3023 5521 3152 5569 enim

2024 5567 2109 5644 ﬁlii
2136 5567 2493 5644 Hebraeumlhie
2514 5567 2763 5644 appellant
2781 5567 3113 5644 Abrahamutn,
3154 5567 3618 5644 ei‘hﬁ'thrii°iibiﬁéii

2023 5628 2212 5708 (ἔξευριὶ
2237 5629 2299 5677 ah
2320 5629 2523 5708 geberL
2537 5628 2681 5708 patre
2715 5637 2905 5700 Phalec,
2932 5655 2994 5708 e_x_
3020 5628 3118 5708 quo
3145 5628 3621 5708 diiéihziiidiiééﬁi

2024 5690 2465 5768 AbrahatnLEirCa-
2486 5690 2804 5768 hebraearum
2813 5690 3618 5768 _pphata(toueiiiiiiiééiiﬂiﬂﬁil

2023 5764 2138 5834 iam:
2145 5753 2708 5834 discrimeucbservatur
2733 5774 2752 5834 ε.
2760 5753 2875 5833 aliis
2965 5765 3149 5834 tuebar,
3167 5753 3617 5834 amitiuiidiu;

2025 5813 2258 5883 ﬂuviales
2280 5815 2482 5883 origine
2505 5826 2671 5872 erant.
2710 5820 2818 5874 aliis
2855 5825 2918 5874 ab
2963 5813 3612 5883 t’iébét-éﬂ'r'itiaﬁiiidﬁt

2029 5887 2206 5924 nomen
2231 5877 2574 5929 derivautihus.
