4060 6422
478 325 582 383 39.1

476 459 578 498 res.
613 439 910 497 Considera
940 436 1058 501 hic.
1087 434 1433 492 dilectissime
1452 472 1468 501 ,
1495 431 1982 503 magnanimitatem
2012 436 2068 484 et

477 533 841 590 fortitudinem
865 529 993 601 justi
1014 571 1028 595 ,
1055 526 1325 600 quomodo
1352 526 1490 583 bene
1528 522 1659 578 ﬁsus
1692 520 2071 578 misericordiae

481 624 609 691 Dei,
641 640 746 679 non
772 619 1048 694 perculsus
1072 626 1157 676 est
1181 616 1364 673 animo
1381 657 1396 681 ,
1425 631 1545 671 cum
1574 613 1811 669 audisset
1836 615 2070 668 virorum

476 714 842 771 fortitudinem
863 753 879 778 ,
908 721 963 766 ct
991 720 1220 781 stragem
1258 723 1419 780 quam
1457 707 1725 771 fecerant,
1756 703 1985 774 primum
2015 702 2071 758 in

476 820 666 862 omnes
689 817 879 876 sentes
913 802 1205 873 irruptione
1231 800 1368 856 facta
1395 842 1410 865 ,
1440 797 1823 867 debellatisque
1853 795 2073 850 Amale-

476 898 599 955 citis
634 909 689 953 et
724 898 935 953 caeteris
970 895 1217 949 omnibus
1249 912 1263 948 :
1290 890 1586 961 deindeque
1623 904 1744 946 cum
1781 887 2072 946 Sodomitis

477 1003 671 1045 manus
694 994 1042 1045 consereutes
1063 1025 1079 1050 ,
1106 985 1233 1039 etin
1260 982 1437 1054 fugam
1468 982 1611 1051 ipsos
1640 980 1930 1047 verterint,
1955 994 2073 1034 om-

478 1095 710 1150 nemque
734 1094 917 1135 eorum
943 1077 1257 1147 diripuerint
1293 1073 1664 1130 substantiam.
1695 1071 1898 1128 Idcirco
1925 1070 2069 1127 enim

477 1174 723 1245 superius
743 1170 857 1226 haec
874 1168 1051 1225 omnia
1072 1167 1302 1222 narravit
1321 1167 1474 1222 nobis
1491 1164 1785 1234 Scriptura,
1804 1169 1860 1218 et
1873 1172 2068 1233 quanta

477 1280 574 1322 sua
603 1264 794 1319 virtute
822 1270 1038 1317 strenue
1063 1266 1382 1331 gesserunt,
1415 1266 1472 1311 ut
1498 1255 1641 1312 scias
1668 1271 1774 1310 non
1804 1252 2070 1324 corporali

476 1358 669 1413 robore
706 1372 801 1411 eos
836 1354 1098 1410 devicisse
1144 1351 1498 1423 patriarcham
1522 1392 1537 1416 ,
1569 1349 1663 1406 sed
1692 1364 1788 1404 sua
1817 1348 1869 1403 in
1904 1348 2070 1402 Deum

478 1450 602 1516 ﬁde,
631 1457 686 1504 et
707 1463 940 1518 superno
969 1446 1217 1517 praesidio
1237 1444 1475 1513 adjutum
1498 1443 1673 1498 omnia
1698 1443 1783 1496 illa
1804 1440 2032 1511 gessisse
2053 1454 2067 1504 ;

474 1559 582 1599 non
611 1557 759 1597 arma
790 1540 973 1607 movit,
1004 1554 1105 1593 nec
1132 1539 1255 1604 tela,
1290 1551 1388 1592 nec
1417 1536 1647 1599 lanceas,
1679 1548 1779 1588 nec
1807 1542 1963 1587 arcus
1992 1530 2073 1584 in-

475 1631 668 1700 tendit,
700 1646 800 1687 nec
823 1639 972 1686 scuta
999 1628 1214 1698 objecit,
1245 1627 1339 1683 Sed
1364 1628 1538 1681 solum
1564 1641 1684 1681 cum
1712 1623 2031 1679 vernaculis.

547 1724 652 1779 Cur
677 1732 919 1777 trecentos
948 1719 1243 1776 vernaculos
1281 1719 1550 1790 sumpserit
1580 1716 1854 1770 Abraham.
1882 1744 1953 1755 —
1984 1714 2072 1767 Di-

478 1818 616 1873 xerit
637 1816 829 1887 aliquis
857 1835 871 1871 :
902 1816 966 1870 Et
993 1829 1158 1884 quare
1183 1812 1482 1868 numeraiit
1510 1820 1776 1866 trecentos
1802 1810 1986 1865 decem
2017 1818 2071 1864 et

478 1919 600 1965 octo
624 1906 976 1963 vernaculos?
998 1905 1068 1962 Ut
1094 1906 1232 1963 scias
1260 1920 1382 1960 eum
1423 1918 1528 1958 non
1562 1903 1838 1957 universos
1864 1916 2071 1955 assum-

476 2002 667 2072 psisse,
697 1999 793 2055 sed
822 1998 1158 2063 vernaculos,
1187 2005 1243 2052 et
1267 1997 1355 2067 qui
1383 2012 1501 2049 eum
1534 1996 1633 2049 Lot
1662 1995 1866 2049 educati
1895 2002 2068 2056 erant,

472 2104 533 2151 ut
562 2094 816 2148 ultionem
844 2101 1036 2163 sponte
1058 2100 1114 2147 et
1138 2089 1396 2145 benevole
1427 2090 1692 2145 facerent.
1723 2096 1906 2157 utpote
1931 2086 2071 2140 servi

474 2200 572 2256 pro
609 2200 707 2241 suo
744 2183 964 2240 domino
992 2192 1280 2239 certantes.
1313 2182 1377 2236 Et
1402 2182 1522 2236 vide
1546 2224 1561 2247 ,
1594 2182 1850 2245 obsecro,
1884 2181 2069 2235 miram

477 2276 574 2332 Dei
606 2278 918 2347 potentiam,
946 2284 1143 2344 quanta
1169 2274 1449 2329 velocitate
1475 2273 1695 2342 Contigit
1721 2272 1959 2327 victoria.
1988 2270 2073 2326 Ir-

470 2368 575 2423 ruit
603 2367 768 2429 enim,
801 2367 990 2437 inquit,
1020 2382 1176 2435 super
1204 2366 1318 2419 illos
1345 2373 1507 2431 nocte,
1536 2364 1661 2433 ipse,
1692 2372 1744 2417 et
1777 2364 1905 2417 servi
1932 2366 2066 2434 ejus,

378 2482 384 2488 ι
471 2467 519 2512 et
545 2459 788 2530 percussit
816 2475 930 2524 eos,
962 2467 1009 2511 et
1040 2467 1367 2528 persequutus
1393 2465 1464 2510 est
1489 2471 1595 2509 eos.
1631 2456 1755 2509 Erat
1780 2457 1923 2511 enim
1960 2472 2073 2510 ma-

475 2564 577 2604 nus
601 2563 850 2618 superna.
879 2565 997 2620 qua:
1027 2547 1313 2617 adjuvabat
1336 2557 1389 2602 et
1418 2547 1820 2602 commilitabat.
1855 2548 1923 2602 Et
1950 2547 2070 2604 ideo

474 2657 649 2712 neque
691 2642 891 2708 armis,
935 2656 1106 2711 neque
1149 2640 1412 2695 machinis
1454 2656 1588 2712 opus
1633 2640 1945 2695 habebant:
1977 2639 2074 2696 sed

477 2745 680 2790 unitum
712 2745 766 2789 ut
798 2734 1097 2802 comparuit
1123 2748 1244 2788 cum
1287 2732 1518 2800 famulis,
1545 2734 1680 2788 alios
1708 2735 1921 2803 quidem
1954 2748 2072 2803 per-

472 2826 673 2893 cussit,
700 2826 834 2881 alios
863 2833 1041 2880 autem
1073 2826 1126 2879 in
1155 2823 1329 2894 fugam
1357 2826 1549 2888 vertit,
1573 2833 1627 2879 et
1656 2835 1940 2895 utrumque
1970 2825 2071 2878 ini-

373 2955 378 2961 -
474 2919 684 2991 pavide,
708 2934 829 2974 cum
857 2918 1033 2973 nullus
1057 2927 1201 2973 esset
1224 2918 1312 2988 qui
1340 2918 1667 2982 obturbaret,
1697 2929 1751 2972 et
1772 2927 1877 2971 tam
1905 2933 2074 2987 equos

475 3010 617 3081 regis
638 3009 995 3065 Sodomorum
1020 3009 1250 3073 reduxit,
1276 3024 1433 3078 quam
1455 3008 1554 3064 Lot
1575 3008 1752 3063 fratris
1773 3008 1852 3064 sui
1882 3008 2070 3075 filium,

474 3108 529 3156 et
559 3116 773 3155 omnem
799 3101 912 3170 ers
939 3084 1292 3155 substantiam
1320 3107 1372 3155 et
1412 3100 1683 3156 mulieres.
1721 3101 1878 3155 Vides
1906 3116 2073 3171 quare

474 3194 595 3249 aliis
625 3192 743 3264 fuga
774 3192 1127 3259 elabentibus,
1157 3192 1449 3262 permissus
1478 3193 1548 3246 sit
1576 3192 1675 3246 Lot
1707 3193 1756 3246 in
1787 3193 2072 3262 captivitao

477 3294 587 3340 tem
614 3284 837 3340 venire?
862 3283 1065 3354 Nempe
1092 3293 1149 3339 ut
1172 3292 1225 3340 et
1262 3283 1575 3353 patriarchaa
1613 3283 1780 3338 virtus
1815 3285 2074 3339 claresce-

476 3388 592 3445 ret,
623 3386 676 3432 ct
703 3385 920 3448 propter
958 3378 1129 3447 ipsum
1164 3377 1254 3431 alii
1284 3376 1435 3430 multi
1467 3376 1694 3430 salutem
1720 3370 2074 3445 assequeren-

476 3480 580 3528 ω’.
609 3471 786 3529 Rediit
809 3482 986 3526 autem
1008 3485 1202 3541 magno
1231 3479 1283 3524 et
1313 3469 1573 3539 prmelaro
1600 3478 1801 3539 tropum
1828 3469 2068 3538 insignis,

474 3578 598 3620 cum
626 3563 727 3620 Lot
754 3579 922 3635 equos
940 3605 956 3628 ,
984 3572 1040 3618 et
1080 3561 1336 3617 mulieres
1356 3604 1372 3625 ,
1400 3570 1455 3617 et
1490 3571 1711 3616 cmteras
1748 3560 2073 3616 substantias

477 3657 772 3723 reducens,
804 3666 860 3711 et
885 3656 1029 3711 clara
1054 3670 1118 3711 ac
1145 3656 1297 3725 plena
1329 3669 1458 3709 voce
1490 3654 1813 3724 praedicans,
1843 3655 2073 3724 tubaque

477 3747 715 3803 vocalius
740 3749 997 3813 clamans,
1030 3761 1090 3801 se
1117 3761 1222 3801 non
1250 3745 1481 3801 humana
1507 3747 1727 3816 virtute,
1754 3761 1925 3816 neque
1953 3760 2074 3800 cor-

476 3840 648 3913 porali
675 3840 868 3895 robore
888 3848 941 3896 et
963 3838 1082 3894 illos
1104 3837 1434 3909 proﬂigasse,
1458 3847 1510 3893 ct
1538 3840 1793 3894 victorem
1812 3839 2068 3905 evasisse,

475 3932 571 3989 sed
599 3947 829 4003 superna
856 3946 1018 3987 manu
1045 3929 1276 3988 faciente
1303 3931 1502 3985 omnia.
1542 3930 1730 3986 Vidisti
1774 3946 1867 4001 per
1893 3932 2068 3986 omnia

477 4027 674 4094 justum
693 4027 977 4083 clariorem
999 4025 1136 4091 fieri,
1161 4034 1216 4081 et
1240 4024 1480 4096 quotidie
1505 4025 1673 4096 magis
1693 4024 1952 4080 declarari
1978 4024 2068 4079 Dei

474 4136 599 4192 erga
643 4136 767 4176 eum
815 4120 1242 4191 providentiam?
1278 4118 1413 4175 Vide
1454 4129 1570 4188 post
1612 4118 1759 4185 hme,
1801 4118 2070 4189 quomodo

475 4214 653 4271 studet
677 4225 733 4269 ut
755 4213 1047 4268 Sodomitis
1071 4212 1236 4268 divini
1263 4212 1441 4267 cultus
1459 4210 1650 4267 doctor
1676 4210 1786 4267 flat.
1814 4211 1902 4266 Ait
1924 4211 2071 4267 enim

476 4306 750 4376 Scriptura
782 4323 796 4360 :
822 4305 907 4360 l7.
942 4303 1188 4375 Egressus
1223 4314 1295 4358 est
1323 4321 1415 4359 rem
1441 4304 1855 4358 Sodomorunuin
1884 4320 2065 4358 occur-

475 4413 587 4450 sum
613 4396 662 4450 ei
679 4438 691 4458 ,
721 4404 987 4467 postquam
1024 4411 1250 4451 reversus
1286 4406 1357 4448 est
1384 4413 1414 4447 a
1442 4407 1610 4467 strage
1637 4393 2064 4468 Chodologomor,

475 4496 520 4542 et
554 4504 731 4558 regum
764 4488 848 4557 qui
876 4503 996 4541 eum
1028 4488 1141 4543 illo.
1183 4486 1415 4541 Attende
1451 4487 1633 4555 quanti
1677 4488 1748 4541 sit
1787 4487 1985 4551 virtus,
2013 4498 2068 4543 et

474 4580 640 4635 divini
684 4579 862 4635 auxilii
898 4579 1290 4634 commilitium.
1321 4577 1434 4633 Rex
1472 4580 1752 4649 peregrino
1781 4590 1835 4634 et
1866 4581 1981 4636 seni
2012 4581 2065 4636 in

473 4686 759 4728 occursum
795 4670 1067 4742 egreditur
1088 4710 1104 4737 ,
1134 4679 1190 4725 et
1225 4684 1440 4725 omnem
1485 4668 1744 4725 honorem
1788 4671 2062 4741 impendit.

473 4762 592 4819 iam
619 4765 764 4821 enim
791 4761 1070 4826 didicerat,
1096 4761 1226 4815 nihil
1258 4761 1514 4832 prodesse
1540 4777 1762 4832 regnum
1783 4763 1832 4817 ei
1858 4764 1947 4833 qui
1973 4778 2064 4817 su-

474 4872 646 4928 perno
666 4855 868 4912 auxilio
892 4863 976 4911 est
1000 4854 1305 4922 destitutus,
1331 4863 1385 4911 et
1412 4854 1544 4908 nihil
1570 4854 1838 4924 potentius
1860 4870 1982 4909 esse
2000 4869 2068 4910 eo

474 4948 564 5021 qui
594 4963 756 5003 manu
785 4948 878 5003 Dei
907 4946 1211 5019 adiuvatur.
1239 4946 1330 5002 i8.
1360 4945 1428 5000 Et
1466 4944 1829 5012 Melchisedec,
1859 4945 2064 5018 inquit,

473 5055 565 5096 rce;
615 5038 792 5095 Solem
822 5038 1034 5109 protulit
1062 5055 1219 5109 panes
1245 5048 1294 5094 et
1322 5039 1512 5094 uinum.
1546 5037 1676 5093 Erat
1699 5048 1866 5096 autent
1892 5055 2065 5095 sacer-

472 5132 567 5188 dos
597 5131 693 5188 Dei
718 5130 973 5187 altissimi.

544 5224 599 5279 5.
627 5222 767 5291 Quid
805 5223 906 5279 sibi
939 5221 1054 5278 vult
1090 5221 1206 5279 bare
1233 5222 1569 5291 observatio,
1600 5222 1712 5279 Rea:
1761 5223 1966 5290 Solem,
2011 5234 2068 5281 et

474 5313 728 5370 Sacerdos
754 5313 851 5369 Dei
873 5314 1152 5370 altissimi?
1174 5315 1287 5371 Rex
1311 5315 1527 5386 quidem
1552 5325 1665 5371 erat
1689 5317 1887 5373 Salcm.
1914 5317 2067 5373 Illum

474 5409 619 5465 enim
643 5409 798 5465 nobis
831 5418 887 5465 et
921 5408 1111 5466 beatus
1144 5410 1340 5467 Paulus
1384 5410 1623 5466 scribens
1655 5411 1721 5466 ad
1762 5427 1857 5467 eos
1883 5412 1972 5481 qui
2000 5428 2068 5469 ex

476 5494 717 5555 Hebraeis
742 5502 1114 5570 crediderant,
1142 5518 1264 5559 cum
1291 5503 1343 5557 in
1372 5503 1607 5558 medium
1636 5504 1980 5570 adduxisset,
2013 5515 2067 5561 et

477 5601 672 5645 nomen
698 5592 817 5661 ejus
844 5601 1098 5650 tractaret
1124 5602 1283 5665 atque
1305 5596 1594 5661 civitatem,
1623 5596 1777 5652 simul
1803 5597 2069 5670 significa-

477 5679 679 5735 tionem
701 5682 931 5740 nominis
950 5684 1069 5754 ejus
1090 5683 1494 5756 interpretatur,
1523 5695 1578 5742 et
1599 5702 1724 5742 usus
1746 5689 2064 5759 etymologia

394 5766 399 5771 ⁷
474 5771 706 5843 quadam
740 5771 817 5831 ait
844 5789 859 5830 :
891 5770 1259 5843 Mclchisedec,
1286 5793 1376 5832 rex
1407 5778 1625 5847 justitia:
1651 5775 1672 5853 (
1697 5777 1851 5835 Hebr.
1881 5779 1935 5834 1.
1965 5780 2059 5853 2).

1187 318 1246 375 S.
1287 314 1564 376 JOANNIS
1601 312 2078 372 CllRYSOSTOMl
2119 313 2437 369 ARClllEP.
2476 312 3007 371 CONSTANTINOP.

3661 324 3766 377 32“

2177 425 2311 482 Nam
2350 426 2645 482 secundum
2682 426 2998 483 Hebraicam
3038 428 3273 499 linguam
3315 429 3506 487 Μαιεὴί
3550 448 3772 504 regnum

2177 516 2437 589 significat
2466 535 2479 571 :
2506 526 2562 574 et
2589 517 2758 573 Sedec
2777 561 2792 584 ,
2818 517 3102 587 justitiam.
3135 520 3348 575 Etcum
3369 521 3438 576 ad
3467 537 3662 578 nomen
3689 526 3770 579 ci-

2176 610 2353 665 vitatis
2373 612 2536 675 venit,
2562 609 2674 666 Πρω
2694 612 2855 681 pacis,
2873 612 3046 681 inquit
3067 630 3081 666 :
3104 612 3282 668 Salem
3303 614 3444 668 enim
3466 615 3609 671 idem
3629 616 3773 685 quod

2177 718 2279 774 pax
2302 712 2401 758 est.
2428 703 2692 759 Sacerdos
2717 711 2895 759 autem
2924 714 3059 770 erat,
3091 705 3228 761 forte
3254 721 3285 760 a
3314 709 3605 777 semetipso
3628 710 3776 764 ordio

2177 805 2336 851 natus
2365 815 2378 850 :
2408 797 2486 851 sic
2507 797 2650 851 enim
2678 805 2801 851 tunc
2825 807 2978 852 erant
3000 799 3342 853 sacerdotes:
3364 800 3447 855 vel
3468 802 3590 870 quia
3615 809 3775 858 meite

2176 890 2479 959 provectior
2501 898 2638 954 crat,
2660 905 2690 945 a
2712 890 2822 944 suis
2848 889 2989 944 hunc
3010 891 3267 946 honorem
3293 893 3528 962 accepit;
3556 893 3638 949 vel
3659 894 3777 963 ipso

2175 980 2483 1036 sacrificare
2517 980 2738 1048 studuit,
2766 982 2905 1036 sicut
2931 975 2986 1036 et
3010 981 3143 1049 Noe,
3173 982 3326 1050 Abel,
3354 984 3575 1049 Abram,
3598 1001 3773 1056 quau-

2175 1072 2245 1127 do
2269 1072 2528 1127 sacriﬁcia
2558 1072 2886 1129 obtulerunt.
2918 1074 3166 1145 Alioquin
3193 1084 3248 1131 et
3273 1085 3428 1147 typus
3456 1076 3654 1132 Christi
3689 1077 3767 1133 fu-

2179 1173 2327 1220 turus
2366 1177 2500 1221 erat.
2535 1165 2687 1222 Unde
2715 1176 2769 1221 et
2808 1167 3001 1223 Paulus
3041 1168 3120 1224 sic
3158 1182 3280 1223 eum
3318 1170 3513 1241 accipit
3539 1170 3766 1227 dicens:

2180 1257 2306 1314 Sine
2332 1269 2476 1330 patre
2493 1299 2508 1325 ,
2534 1260 2643 1313 sine
2667 1268 2827 1313 matre
2844 1300 2859 1326 ,
2887 1260 2996 1314 sine
3030 1259 3326 1332 genealogia
3343 1303 3358 1326 ,
3387 1277 3548 1332 neque
3574 1263 3778 1317 initium

2175 1352 2395 1417 dierum,
2427 1368 2584 1423 neque
2606 1354 2719 1407 vitae
2741 1353 2894 1421 ﬁnem
2918 1353 3124 1420 habens,
3154 1355 3463 1411 assimilatus
3485 1365 3655 1412 autem
3684 1354 3773 1413 Fi-

2176 1445 2245 1498 lio
2273 1443 2391 1509 Dei,
2419 1456 2583 1498 manet
2612 1447 2848 1500 sacerdos
2878 1448 2930 1500 in
2972 1456 3267 1517 perpetuum
3295 1448 3476 1520 (Hebr.
3509 1452 3563 1506 7.
3597 1452 3680 1521 3).
3712 1453 3781 1507 Et

2175 1536 2464 1606 quomodo,
2494 1535 2659 1601 dices,
2692 1537 2943 1605 possibile
2966 1549 3048 1593 est
3075 1538 3348 1593 hominem
3372 1541 3574 1611 ah.~que
3600 1552 3776 1611 patre,

2174 1636 2229 1681 et
2259 1638 2425 1681 matre
2445 1669 2459 1689 ,
2486 1636 2539 1681 et
2569 1628 2685 1682 sine
2714 1628 3023 1698 genealogia
3062 1643 3183 1685 esse
3206 1671 3220 1695 ,
3245 1638 3300 1685 et
3326 1646 3429 1686 non
3461 1631 3663 1687 habere
3690 1634 3777 1688 vel

2177 1720 2405 1781 initium,
2436 1721 2514 1773 vel
2546 1720 2703 1776 finem
2732 1721 2895 1776 vitae?
2922 1722 3126 1777 Audisti
3154 1739 3276 1778 eum
3309 1725 3528 1795 ﬁgurant
3559 1726 3730 1782 fuisse
3754 1745 3768 1779 :

2176 1825 2241 1864 ne
2267 1825 2394 1879 ergo
2423 1812 2688 1867 admirare
2710 1853 2726 1875 ,
2755 1828 2927 1883 neque
2957 1815 3134 1870 omnia
3175 1817 3387 1886 require
3413 1818 3464 1872 in
3493 1828 3638 1889 typo.
3670 1818 3780 1875 Ne-

2176 1918 2280 1972 que
2310 1903 2451 1957 enim
2486 1914 2640 1975 typus
2665 1915 2841 1970 esset,
2871 1905 2914 1959 si
2942 1908 3119 1960 omnia
3148 1922 3266 1976 qua:
3298 1908 3348 1961 in
3381 1909 3603 1965 veritate
3637 1926 3773 1965 cono

2177 1996 2423 2064 tingunt,
2462 1997 2704 2052 haberet.
2745 1997 2882 2064 Quid
2928 1999 3088 2069 igitur
3121 2008 3206 2055 est
3242 1999 3384 2070 quod
3426 2000 3495 2055 ibi
3535 2002 3776 2061 dicitur!

2174 2085 2322 2142 Sicut
2361 2088 2448 2143 ille
2471 2129 2487 2155 ,
2520 2088 2686 2159 inquit
2711 2130 2726 2153 ,
2757 2104 2823 2145 eo
2852 2089 2993 2160 quod
3024 2090 3169 2144 nulla
3199 2092 3271 2146 sit
3298 2093 3553 2147 memoria
3583 2110 3775 2150 eorum

2178 2181 2266 2252 qui
2297 2191 2636 2251 genuerunt,
2668 2181 2862 2237 dicitur
2896 2184 3014 2239 sine
3056 2192 3203 2253 patre
3235 2192 3290 2239 et
3327 2185 3444 2240 sine
3481 2197 3689 2251 matre,
3720 2196 3783 2243 et

2175 2273 2297 2342 quia
2326 2287 2432 2327 non
2467 2282 2776 2328 recensetur
2804 2273 2919 2343 ejus
2942 2275 3251 2346 genealogia
3269 2318 3285 2342 ,
3316 2277 3512 2333 dicitur
3537 2279 3654 2334 sine
3676 2295 3778 2349 ge-

2178 2362 2414 2432 nealogia
2445 2379 2458 2417 :
2489 2363 2559 2417 ita
2587 2373 2641 2417 et
2665 2361 2910 2419 Christus
2929 2406 2943 2427 ,
2975 2365 3098 2434 quia
3129 2381 3233 2420 non
3261 2366 3417 2421 habet
3446 2369 3526 2421 vel
3559 2370 3610 2421 in
3637 2371 3776 2424 ca-lo

2178 2465 2425 2519 matrem,
2455 2455 2536 2509 vel
2565 2455 2616 2508 in
2648 2463 2784 2510 terra
2816 2466 3038 2523 patrem,
3069 2456 3270 2527 absque
3301 2460 3609 2529 genealogis
3636 2454 3780 2515 dici-

2179 2556 2264 2602 tur
2287 2557 2340 2603 et
2364 2558 2463 2603 est.
2490 2548 2622 2603 Vide
2648 2549 2914 2619 quomodo
2941 2565 3033 2618 per
3060 2551 3315 2606 honorem
3341 2552 3393 2606 in
3419 2552 3781 2620 patriarcbam

2176 2639 2427 2695 collatum
2453 2682 2468 2705 ,
2511 2641 2825 2712 mysterium
2868 2640 3084 2712 aliquod
3116 2641 3270 2697 nobis
3296 2642 3612 2697 insinuatur.
3646 2643 3785 2698 Pro.

2184 2735 2303 2788 tulit
2330 2734 2472 2790 enim
2506 2750 2696 2805 panem
2725 2745 2779 2791 et
2812 2736 3014 2791 vinum.
3049 2735 3249 2792 Videas
3275 2747 3454 2808 typum
3475 2781 3490 2804 ,
3520 2740 3696 2810 cogita
3726 2750 3786 2796 et

2177 2825 2456 2881 veritatem
2477 2868 2494 2892 ,
2531 2838 2581 2882 et
2625 2826 2890 2882 admirare
2916 2826 3115 2882 divina:
3148 2826 3437 2898 Scriptura:
3467 2829 3570 2883 vim
3598 2872 3613 2894 ,
3644 2846 3787 2900 quo-

2178 2916 2339 2971 modo
2378 2918 2745 2987 superioribus
2784 2918 2993 2974 steculis
3017 2927 3071 2973 et
3095 2918 3164 2973 ab
3189 2918 3341 2974 initio
3378 2918 3550 2974 futura
3591 2922 3785 2990 prarsi-

2176 3008 2465 3078 gniﬁcavit.
2496 3006 2584 3063 l9.
2612 3007 2675 3061 Et
2702 3008 2974 3075 benedixit,
3005 3009 3192 3079 inquit,
3216 3009 3508 3075 Abramunt,
3532 3020 3579 3063 et
3603 3011 3738 3066 dixit
3761 3030 3784 3067 :

2179 3098 2478 3155 Benedictus
2517 3100 2706 3154 Abram
2748 3099 2854 3155 Deo
2890 3102 3139 3155 altissimo
3161 3140 3180 3168 ,
3204 3103 3291 3172 qui
3313 3103 3496 3157 creauit
3519 3104 3702 3158 cretum
3726 3114 3781 3159 et

2180 3201 2382 3244 terram.
2412 3190 2503 3247 20.
2539 3190 2604 3245 Et
2631 3190 2919 3246 benedictus
2945 3192 3082 3246 Deus
3107 3193 3383 3249 altissimus
3404 3236 3419 3260 ,
3446 3196 3536 3265 qui
3565 3196 3781 3251 tradidit

2176 3282 2405 3335 inimicos
2429 3292 2542 3336 tuos
2581 3284 2632 3336 in
2661 3299 2841 3337 manus
2870 3294 3006 3337 tuas.
3040 3284 3156 3338 Non
3184 3284 3357 3340 solum
3398 3284 3568 3355 ipsum
3611 3286 3781 3344 bene-

2174 3371 2353 3440 dixit,
2385 3374 2480 3429 sed
2507 3383 2561 3429 et
2592 3374 2759 3430 Deum
2790 3375 3122 3445 glordicavit.
3153 3376 3220 3432 Ut
3245 3376 3378 3432 dixit
3403 3377 3544 3432 enim
3564 3419 3581 3445 ,
3612 3377 3779 3433 Bene-

2175 3463 2341 3517 dictus
2379 3465 2565 3519 Abram
2604 3464 2713 3520 Deo
2749 3465 2995 3521 altissimo
3019 3510 3034 3534 ,
3065 3468 3152 3538 qui
3182 3469 3365 3522 creavit
3392 3470 3569 3523 cretum
3595 3482 3640 3524 et
3668 3481 3776 3524 ter-

2175 3573 2306 3623 ram,
2330 3572 2360 3612 a
2383 3559 2639 3613 creaturis
2663 3557 2905 3613 virtutem
2932 3558 3021 3614 Dei
3050 3559 3201 3614 nobis
3224 3559 3527 3615 declaravit.
3552 3560 3608 3615 Si
3627 3562 3775 3616 enim

2178 3649 2322 3703 Deus
2347 3659 2429 3704 est
2455 3649 2542 3704 ille
2569 3650 2656 3719 qui
2689 3650 2937 3719 produxit
2964 3651 3151 3706 caelum
3178 3660 3234 3706 et
3259 3660 3477 3718 terram,
3507 3666 3611 3707 non
3642 3664 3773 3708 sunt

2173 3741 2284 3812 jam
2316 3742 2385 3796 dii
2413 3742 2504 3813 qui
2531 3743 2596 3797 ab
2626 3743 2927 3801 hominibus
2956 3744 3241 3799 coluntur:
3275 3743 3361 3797 Dii
3386 3745 3546 3808 enim,
3577 3746 3770 3815 inquit,

2174 3834 2262 3903 qui
2284 3834 2466 3888 uelum
2484 3843 2531 3888 et
2552 3845 2736 3889 terram
2757 3852 2856 3890 non
2882 3838 3126 3909 fecerunt,
3154 3846 3356 3907 pereant
3377 3836 3508 3907 (Jer.
3540 3837 3623 3892 i0.
3654 3840 3767 3904 ll).

2180 3923 2478 3980 Benedictus
2496 3967 2511 3992 ,
2543 3926 2746 3997 inquit,
2776 3926 2910 3981 Deus
2929 3968 2943 3992 ,
2974 3927 3061 3997 qui
3087 3928 3295 3981 tradidit
3321 3929 3547 3982 inimicos
3578 3939 3687 3982 tuos
3713 3930 3769 3982 in

2177 4028 2361 4070 manus
2396 4026 2529 4071 tuas.
2561 4016 2691 4072 Vide
2715 4059 2730 4085 ,
2759 4033 2855 4072 oro
2878 4059 2893 4084 ,
2918 4019 3185 4089 quomodo
3227 4035 3332 4074 non
3372 4020 3542 4074 solum
3564 4021 3765 4089 justum

2176 4108 2448 4178 prmdicat,
2480 4108 2577 4165 sed
2605 4118 2660 4164 et
2688 4109 2780 4165 Dei
2807 4110 3104 4165 subsidium
3129 4112 3390 4182 agnoscit.
3418 4111 3596 4182 Neque
3620 4113 3765 4166 enim

2174 4200 2376 4271 absque
2417 4202 2561 4257 illius
2589 4201 2756 4274 gratia
2805 4203 3063 4273 potuisset
3100 4212 3245 4259 tanta
3276 4205 3507 4275 potentia
3536 4206 3768 4259 munitos

2174 4292 2412 4350 vincere.
2447 4292 2549 4362 Qui
2587 4294 2833 4361 tradidit,
2867 4294 3068 4365 inquit,
3097 4295 3334 4350 inimicos
3358 4306 3469 4351 tuos
3497 4312 3518 4350 :
3545 4298 3653 4364 ipse
3682 4306 3768 4349 est

2174 4385 2261 4454 qui
2291 4394 2458 4440 telum
2487 4397 2738 4456 operatus
2763 4395 2885 4452 est,
2913 4386 3026 4457 ipse
3054 4395 3139 4442 est
3161 4386 3251 4457 qui
3282 4386 3445 4441 fortes
3474 4386 3593 4440 fecit
3616 4386 3762 4439 iulir.

2173 4494 2311 4545 mos,
2344 4479 2458 4549 ipse
2483 4489 2564 4533 est
2592 4478 2681 4549 qui
2708 4494 2802 4549 per
2831 4479 3065 4534 inermes
3093 4489 3327 4534 armatos
3351 4479 3540 4549 dt-jecit
3564 4494 3581 4532 :
3605 4479 3672 4533 ab
3697 4494 3763 4533 eo

2172 4582 2254 4627 est
2297 4572 2589 4639 auxilium,
2624 4572 2770 4644 quod
2816 4582 3015 4628 tantam
3063 4572 3136 4628 ibi
3182 4571 3429 4628 \irtulem
3477 4572 3760 4627 concessit.

2176 4664 2276 4730 Qui
2298 4665 2528 4733 tradidit,
2555 4665 2745 4735 inquit,
2772 4666 3003 4720 inimicos
3025 4674 3136 4719 tuos
3160 4665 3215 4718 in
3239 4681 3420 4719 manus
3444 4674 3572 4718 tuas.
3602 4662 3765 4719 Vides

2171 4759 2441 4831 quomodo
2468 4760 2706 4816 ostendit
2747 4760 2913 4830 ipsius
2945 4758 3285 4815 concordiam
3311 4798 3327 4826 ,
3360 4767 3414 4813 et
3443 4770 3769 4828 propensum

2170 4869 2411 4911 amorem
2441 4855 2495 4910 in
2533 4854 2634 4909 Lot
2666 4871 2680 4909 :
2710 4853 3050 4924 declaratque
3086 4869 3208 4909 eum
3243 4866 3342 4925 pro
3381 4850 3607 4906 inimicis
3632 4851 3766 4907 istos

2170 4944 2423 5003 habuisse
2448 4987 2464 5014 ,
2505 4954 2724 5018 propter
2761 4959 2822 5001 ea
2858 4960 2978 5015 qua:
3009 4945 3059 4999 in
3090 4943 3267 4999 fratris
3293 4944 3457 4999 illium
3485 4940 3766 4997 fecerant!

2172 5044 2239 5100 Et
2265 5045 2402 5100 dedit
2425 5044 2492 5110 ei,
2523 5043 2710 5114 inquit,
2740 5042 2961 5097 decimas
2985 5041 3049 5097 de
3072 5041 3323 5096 omnibus.
3350 5039 3461 5095 [loc
3484 5045 3541 5095 et
3566 5035 3767 5092 Paulus

2170 5136 2299 5192 dicit
2320 5154 2334 5192 :
2353 5134 2681 5191 Considerate
2700 5145 2867 5188 autem
2881 5143 3098 5205 quantus
3115 5133 3223 5199 ille,
3239 5132 3321 5187 cui
3340 5130 3556 5186 decimas
3575 5129 3764 5183 Abram

2173 5228 2461 5302 patriarcha
2486 5227 2623 5281 dedit
2647 5226 2710 5282 de
2735 5227 2969 5298 primitiis
2996 5224 3191 5297 (Hebr.
3219 5226 3270 5279 7.
3298 5224 3400 5293 4);
3428 5221 3670 5278 videlicet
3692 5236 3763 5275 ex

2171 5322 2358 5394 Spoliis
2385 5336 2503 5392 quae
2529 5318 2748 5374 adduxit
2783 5326 3158 5374 remuneratus
3182 5324 3269 5372 est
3293 5313 3725 5371 Melchisedecem
3743 5354 3761 5377 ,

2171 5428 2226 5472 et
2250 5414 2486 5471 decimas
2509 5413 2559 5468 ei
2587 5413 2886 5484 segregavit
2914 5411 2981 5467 de
3005 5410 3255 5466 omnibus
3282 5422 3401 5479 quae
3424 5406 3592 5462 attulit
3624 5422 3637 5458 :
3665 5418 3764 5474 per

2171 5507 2273 5563 hoc
2314 5508 2503 5561 doctor
2546 5505 2715 5560 factus
2760 5504 3045 5568 omnibus,
3088 5512 3147 5557 ut
3183 5511 3391 5571 gratum
3429 5498 3762 5554 declaramus

2169 5598 2405 5653 animum
2429 5638 2445 5660 ,
2475 5596 2735 5665 primitias
2773 5610 2958 5651 eorum
2987 5610 3106 5664 quae
3130 5593 3229 5649 sibi
3260 5608 3290 5647 a
3320 5591 3435 5648 Deo
3459 5587 3763 5647 concedun-

2171 5700 2279 5756 tur,
2307 5687 2553 5743 oll'erant.
2586 5688 2715 5745 Post
2758 5687 2876 5743 haec
2917 5685 3269 5742 Sodomorum
3311 5699 3406 5741 res
3444 5678 3759 5756 patriarcha:

2170 5775 2661 5848 magnanimitatem
2691 5778 3076 5849 obstupescens
3100 5776 3229 5832 dicit
3265 5776 3316 5833 ei
3344 5793 3357 5830 :
3388 5773 3478 5830 ει.
3521 5771 3604 5829 Da
3635 5769 3757 5824 mihi
