4060 6446
188 440 293 497 327

182 559 288 628 τῆς
325 557 421 611 τοῦ
473 556 684 611 δικαίου
733 558 983 627 ἀνδρείας
1020 558 1118 629 τὴν
1162 558 1585 629 μεγαλοψυχίαν,
1631 557 1778 619 ὅπως

185 641 475 712 θαρρήσας
502 644 566 712 τῇ
595 640 689 695 τοῦ
716 642 850 695 Θεοῦ
883 641 1110 714 δυνάμει
1134 641 1194 693 οὐ
1219 642 1538 710 κατεπλάγη
1561 639 1667 693 τῶν
1684 639 1781 692 ἀν-

184 724 334 791 δρῶν
376 727 478 796 τὴν
518 725 696 796 ἰσχὺν,
732 724 919 796 μαθὼν
952 726 1053 798 τὴν
1089 724 1296 796 τροπὴν
1330 725 1396 796 ἢν
1430 726 1778 794 ἐποιήσαντο,

189 805 460 879 πρότερον
494 808 592 878 μὲν
619 808 761 862 κατὰ
788 808 898 862 τῶν
925 808 1093 863 ἐθνῶν
1120 809 1375 863 ἀπάντων
1412 807 1777 878 ὁρμήσαντες,

188 891 287 945 καὶ
319 891 448 956 τοὺς
469 891 841 964 Ἀμαληκίτας
870 894 964 947 καὶ
986 894 1113 958 τοὺς
1136 893 1357 955 λοιποὺς
1380 891 1626 954 ἅπαντας
1650 907 1780 944 κατ-

185 975 617 1046 αγωνισάμενοι,
647 976 838 1030 ἔπειτα
875 976 931 1029 δὲ
960 975 1096 1048 πρὸς
1122 977 1247 1039 τοὺς
1274 977 1333 1028 ἐν
1365 974 1620 1044 Σοδόμοις
1640 989 1778 1043 συμ-

186 1055 471 1120 ϐαλόντες,
496 1059 593 1112 καὶ
618 1060 698 1123 είς
723 1058 900 1131 φυγήν
923 1059 1120 1121 αὐτοὺς
1138 1057 1460 1129 τρέψαντες,
1487 1060 1582 1111 καὶ
1600 1058 1779 1110 πᾶσαν

186 1139 372 1194 αὐτῶν
399 1140 721 1211 ἀφελόμενοι
759 1141 856 1214 τὴν
885 1139 1140 1212 ὓπαρξιν.
1173 1140 1274 1194 Διά
1305 1140 1414 1211 γὰρ
1448 1139 1605 1193 τοῦτο
1648 1155 1779 1208 προ-

184 1220 434 1277 λαϐοῦσα
459 1225 491 1295 ή
522 1223 642 1277 Θεία
668 1225 860 1296 Γραφὴ
884 1224 1062 1278 πάντα
1093 1222 1266 1277 ταῦτα
1301 1224 1432 1294 ἡμῖν
1460 1221 1776 1293 διηγήσατο,

187 1307 287 1360 καὶ
305 1307 406 1360 ὅσα
421 1307 511 1362 διά
534 1308 635 1379 τῆς
657 1308 835 1363 αὐτῶν
865 1308 1117 1380 ἀνδρείας
1148 1306 1535 1379 κατώρθωσαν,
1561 1306 1647 1360 ἵνα
1678 1306 1780 1377 μά-

188 1390 292 1462 θῃς
311 1390 387 1454 ὡς
405 1391 467 1444 οὐ
503 1394 789 1464 σωματικῇ
822 1391 967 1463 ἰσχύϊ
984 1394 1013 1445 6
1034 1391 1376 1461 πατριάρχης
1397 1389 1619 1452 τούτους
1648 1405 1779 1443 κατ-

184 1473 520 1542 ηγωνίσατο,
549 1474 685 1529 ἀλλά
713 1477 779 1547 τῇ
813 1475 994 1529 πίστει
1027 1477 1095 1545 τῇ
1134 1475 1216 1537 εἰς
1256 1473 1347 1526 τὸν
1376 1471 1533 1537 Θεὸν,
1582 1474 1677 1526 καί
1710 1474 1776 1545 τῇ

187 1555 401 1611 ἄνωθεν
440 1556 660 1630 βοηθείᾳ
685 1557 1052 1629 τειχιζὸμενος
1077 1557 1255 1612 πάντα
1282 1555 1455 1609 ταῦτα
1482 1554 1776 1626 κατώρθωο

189 1654 307 1704 σεν,
332 1639 432 1710 οὐχ
453 1639 593 1694 ὅπλα
617 1641 865 1711 κινήσας,
892 1641 985 1694 καί
1010 1640 1158 1711 βέλη,
1178 1640 1272 1693 καὶ
1291 1638 1512 1710 δόρατα,
1540 1639 1634 1691 καὶ
1648 1636 1778 1704 τόξα

185 1721 395 1786 τείνας,
433 1723 528 1776 xal
570 1724 804 1789 ἀσπίδας
856 1724 1281 1796 προϐαλόμενος,
1324 1720 1462 1775 ἀλλά
1494 1721 1633 1794 μετά
1668 1720 1778 1774 τῶν

183 1805 505 1874 οἰκογενῶν.

259 1889 373 1944 Καὶ
394 1889 535 1955 τίνος
555 1889 761 1957 ἕνεκεν,
786 1891 969 1963 φησὶν,
985 1889 1259 1961 ἠρίθμησε
1279 1887 1622 1960 τριακοσίους
1646 1886 1777 1940 δέκα

188 1974 291 2026 καὶ
331 1971 476 2026 ὀκτὼ
520 1975 845 2042 οίκογενεῖς;
896 1974 1015 2028 ’Ὶνα
1054 1972 1253 2045 μάθῃς,
1308 1972 1390 2025 ὅτι
1439 1972 1539 2041 οὐχ
1591 1969 1778 2033 ἁπλῶς

188 2056 440 2119 ἅπαντας
469 2055 681 2119 ἐλαϐεν,
712 2056 848 2110 ἀλλά
880 2058 1006 2120 τοὺς
1028 2057 1349 2125 οἰκογενεῖς,
1386 2054 1513 2117 τοὺς
1546 2070 1779 2107 συνανα-

183 2138 497 2210 τραφέντας
531 2137 679 2212 {356]
713 2139 791 2210 τῷ
831 2140 976 2202 Λὼτ,
1021 2140 1109 2195 ἵνα
1154 2139 1293 2211 μετά
1326 2139 1529 2210 πολλῆς
1567 2138 1780 2203 εὐνοίας

181 2221 288 2293 τὴν
316 2222 593 2293 ἐκδίκησιν
635 2225 989 2296 ποιήσωνται,
1022 2222 1096 2287 ὼς
1122 2224 1261 2296 ὑπὲρ
1285 2224 1486 2278 οἰκείου
1516 2222 1777 2276 δεσπότου

183 2304 378 2357 λοιπὸν
403 2305 816 2376 ἀγωνιζόμενοι.
853 2307 962 2361 Kal
989 2305 1087 2359 θέα
1126 2323 1217 2376 μοι
1242 2305 1341 2377 τῆς
1363 2306 1647 2376 δυνάμεως
1683 2302 1777 2359 τοῦ

183 2385 328 2440 Θεοῦ
355 2387 451 2459 τὴν
480 2388 808 2458 ὑπερϐολὴν,
844 2388 963 2459 μεθ’
990 2389 1121 2458 ὅσης
1141 2387 1442 2457 ταχύτητος
1478 2387 1545 2440 τά
1577 2387 1675 2457 τῆς
1699 2386 1780 2439 νί-

184 2488 296 2540 κης
343 2472 651 2543 γεγένηται.
702 2472 993 2527 Ἐπέπεσε
1037 2472 1144 2543 γὰρ
1192 2470 1415 2537 αὐτοῖς,
1465 2470 1618 2540 φησὶ,
1667 2468 1782 2536 τὴν

181 2558 384 2610 νύκτα
410 2557 612 2623 αὐτὸς,
636 2556 736 2610 καὶ
769 2560 824 2611 οί
863 2555 1075 2623 παῖδες
1103 2554 1313 2621 αὑτοῦ,
1348 2555 1445 2609 καί
1481 2552 1782 2619 ἐπάταξεν

182 2641 436 2706 αὐτοὺς,
464 2640 565 2694 καί
601 2640 849 2706 ἐδίωξεν
878 2641 1120 2705 αὐτούς.
1160 2640 1225 2692 Ἦ
1260 2637 1369 2709 γάρ
1408 2638 1616 2691 ἀνωθεν
1660 2638 1781 2709 χεὶρ

184 2720 260 2796 ἧν
304 2724 757 2795 συνεφαπτομένη
790 2726 885 2778 καὶ⁵
919 2721 1375 2793 συστρατηγοῦσα
1415 2724 1529 2785 τοῖς
1563 2721 1782 2792 γινομέ-

181 2826 323 2873 νοις.
355 2810 433 2860 Δι’
457 2807 485 2860 ὃ
512 2807 633 2861 οὐδὲ
663 2808 844 2861 ὃπλων
877 2807 1060 2869 αὐτοῖς
1097 2805 1338 2876 ἐδέησεν,
1368 2803 1491 2858 οὐδὲ
1536 2821 1783 2875 μηχανη-

187 2892 404 2962 μάτων,
430 2890 564 2945 ἀλλά
591 2894 752 2961 μόνον
772 2891 962 2955 φανεὶς
991 2888 1128 2960 μετά
1147 2887 1256 2943 τῶν
1280 2887 1508 2941 οἰκετῶν
1534 2887 1660 2948 τοὺς
1683 2886 1781 2957 μὲν

184 2972 452 3039 ἐπάταξε,
495 2973 621 3037 τοὺς
659 2972 717 3027 δὲ
753 2974 834 3036 εἰς
865 2971 1044 3042 φυγὴν
1080 2971 1323 3043 ὁρμῆσαι
1372 2967 1777 3041 παρεσκεύασε,

183 3057 287 3110 καὶ
338 3056 599 3127 ἑκάτερον
640 3056 864 3127 ἐποίησε
912 3054 1052 3125 μετά
1080 3054 1265 3117 ἀδείας
1296 3054 1536 3125 ἀπάσης,
1568 3052 1783 3116 οὐδενὸς

180 3141 342 3202 ὗντος
381 3137 474 3192 τοῦ
519 3137 883 3208 ἐνοχλοῦντος,
926 3138 1026 3209 τήν
1058 3155 1116 3190 τε
1165 3137 1331 3190 ἵππον
1377 3136 1474 3190 τοῦ
1516 3135 1782 3207 βασιλέως

183 3222 454 3293 Σοδόμων
475 3221 806 3294 ἀπέστρεψε,
840 3223 934 3276 καὶ
960 3222 1052 3275 τὸν
1080 3220 1204 3275 Λὼτ
1235 3221 1325 3274 τὸν
1354 3218 1668 3289 ἀδελφιδοῦν
1693 3219 1783 3273 αὐ-

182 3304 311 3370 τοῦ,
340 3306 435 3360 καὶ
457 3308 634 3361 πάντα
652 3306 721 3360 τὰ
743 3305 1058 3378 ὑπάρχοντα
1080 3306 1174 3359 καί
1188 3305 1287 3367 τάς
1306 3306 1591 3373 γυναῖκας.
1616 3301 1783 3375 Ὁρᾷς

182 3389 281 3444 διὰ
308 3390 363 3444 τί
391 3389 745 3464 συνεχωρήθη
772 3389 879 3443 τῶν
906 3388 1081 3444 ἀλλων
1110 3388 1461 3458 πεφευγότων
1482 3388 1510 3439 6
1536 3385 1658 3440 Λὼτ
1689 3386 1784 3456 μό-

183 3490 282 3536 νος
318 3472 661 3543 αἰχμάλωτος
696 3472 981 3542 γενέσθαι;
1013 3471 1130 3525 ’Ὶνα
1166 3472 1261 3524 καὶ
1310 3470 1402 3524 τοῦ
1444 3470 1783 3541 πατριάρχου

185 3556 496 3627 κατάδηλος
522 3558 750 3629 γένηται
779 3558 814 3629 ἠ
841 3554 1030 3627 ἀρετὴ.
1060 3556 1156 3608 καὶ
1189 3554 1255 3608 δι’
1286 3553 1448 3606 αὐτὸν
1480 3553 1573 3607 καὶ
1605 3552 1784 3623 ἕτεροι

185 3638 383 3693 πολλοὶ
409 3640 511 3711 τῆς
538 3638 813 3711 σωτηρίας
842 3639 1163 3708 ἐπιτύχωσι.
1200 3637 1309 3690 Kal
1341 3635 1567 3707 ἐπανῄει
1599 3634 1784 3688 λοιπὸν

189 3723 346 3794 μέγα
390 3725 484 3776 καὶ
527 3723 778 3796 λαμπρὸν
817 3724 1075 3795 τρόπαιον
1114 3721 1478 3792 ἐπαγόμενος,
1519 3720 1657 3791 μετά
1689 3718 1783 3773 τοῦ

185 3806 319 3861 Λὼτ
359 3806 453 3861 καὶ
489 3806 590 3877 τήν
626 3807 813 3874 ἵππον,
850 3807 944 3860 καὶ
978 3805 1077 3870 τὰς
1118 3809 1402 3875 γυναῖκας,
1439 3806 1535 3860 καί
1571 3804 1640 3858 τὰ
1681 3806 1787 3859 ὑπ-

188 3890 435 3961 άρχοντα
466 3889 884 3962 ἐπιφερόμενος,
936 3890 1032 3943 καὶ
1079 3890 1215 3942 πᾶσι
1266 3888 1498 3959 λαμπρᾷ
1531 3890 1597 3959 τῇ
1631 3892 1783 3962 φωνῇ

187 3972 506 4044 κηρύττων,
531 3973 624 4025 καὶ
652 3972 952 4041 σάλπιγγος
988 3972 1398 4043 μεγαλοφωνότε
1408 3987 1499 4042 ρον
1524 3970 1680 4040 βσκῦν,
1703 3971 1785 4025 δτι

187 4057 297 4110 οὐκ
324 4053 421 4109 ἀνθ
431 4054 640 4127 ρωπίνῃ
666 4054 912 4126 δυνάμει,
936 4054 1055 4107 οὐδὲ
1085 4052 1230 4123 ἰσχύϊ
1253 4053 1522 4123 σωμάτων
1545 4051 1645 4123 τὴν
1666 4069 1786 4122 τρο-

96 4206 101 4209 »
192 4139 309 4210 πὴν
339 4138 649 4209 εἰργάσατο.
687 4139 780 4192 καὶ
810 4138 909 4210 τὴν
946 4137 1104 4207 νίκην
1136 4137 1327 4207 ἤρατο,
1360 4134 1497 4188 ἀλλά
1524 4135 1623 4206 τῆς
1648 4134 1788 4189 ἄνω-

192 4225 293 4276 θεν
323 4222 506 4294 χειρὸς
540 4223 713 4277 πάντα
740 4222 1136 4294 ἐργαζομένης.
1171 4217 1318 4283 Εἶδες
1339 4218 1427 4274 διά
1457 4220 1675 4274 πάντων
1695 4220 1786 4273 τὸν

189 4308 409 4363 δίκαιον
440 4306 901 4377 περιφανέστερον
936 4305 1242 4376 γινόμενον,
1278 4305 1373 4358 καὶ
1406 4302 1527 4357 καθ’
1556 4303 1787 4357 ἕκαστον

193 4393 394 4463 καιρὸν
428 4394 558 4445 πᾶσι
585 4390 870 4444 δεικνύντα
905 4390 1003 4463 τήν
1028 4389 1155 4459 περὶ
1187 4388 1348 4442 αὐτὸν
1376 4387 1469 4441 τοῦ
1499 4386 1633 4440 Θεοῦ
1663 4387 1788 4457 πρό.

196 4476 551 4547 νοιανῖὌρα
581 4474 743 4528 αὐτὸν
769 4473 956 4528 λοιπὸν
987 4474 1081 4526 καὶ
1114 4471 1438 4525 διδάσκαλον
1476 4469 1789 4535 θεοσεϐείας

194 4558 455 4630 γενέσθαι
508 4555 876 4618 σπουδάζοντα
920 4558 1034 4619 τοῖς
1082 4557 1141 4609 ἐν
1194 4554 1471 4623 Σοδόμοις.
1544 4550 1790 4620 Ἐξῆλθε

194 4644 332 4713 γὰρ,
376 4642 561 4712 φησὶν,
596 4644 628 4696 ό
661 4639 962 4705 βασιλεὺς
986 4637 1266 4708 Σοδόμων
1289 4639 1375 4702 εἰς
1408 4636 1791 4702 συνάντησιν

194 4725 365 4791 αὐτῷ
396 4725 548 4794 μετά
581 4724 648 4778 τὸ
675 4721 1052 4791 ἀναστρέψαι
1081 4720 1268 4774 αὐτὸν
1296 4720 1416 4774 ἀπὸ
1448 4717 1556 4788 τῆς
1595 4717 1791 4787 κοπῆς

193 4812 310 4869 τοῦ
332 4811 769 4880 Χοδολογομὸρ,
801 4809 900 4862 καὶ
926 4807 1045 4863 τῶν
1059 4800 1372 4873 βασιλέων
1397 4806 1516 4860 τῶν
1538 4806 1667 4876 μετ’
1685 4808 1792 4861 αὐ-

194 4895 334 4950 τοῦ.
377 4894 578 4948 Σκόπει
608 4894 773 4947 πόσον
809 4894 957 4945 ἐστὶν
986 4893 1019 4962 ἡ
1052 4890 1243 4963 ἀρετὴ,
1284 4890 1378 4944 καὶ
1409 4890 1470 4943 τὸ
1505 4889 1606 4960 τῆς
1643 4888 1794 4960 παρά

195 4978 299 5033 τοῦ
330 4977 466 5031 Θεοῦ
503 4976 824 5047 συμμαχίας
856 4974 1171 5028 ἀπολαύειν.
1213 4974 1270 5027 '0
1305 4972 1555 5043 βασιλεὺς
1595 4971 1673 5043 τῷ
1708 4973 1794 5039 ξέ-

198 5081 304 5132 νῳ,
331 5061 409 5133 τῷ
453 5060 738 5134 πρεσϐύτῃ
772 5062 850 5124 εἰς
887 5058 1209 5128 συνάντησιν
1244 5056 1435 5122 ἔξεισι,
1480 5057 1574 5109 καὶ
1613 5058 1793 5110 πᾶσαν

197 5145 471 5217 ἀπονέμει
497 5147 682 5215 τιμήν.
731 5143 1031 5214 Ἐμάνθανε
1079 5141 1187 5213 γάρ
1224 5140 1299 5205 ὡς
1335 5139 1487 5193 οὐδὲν
1512 5138 1660 5209 αὐτῷ
1694 5141 1794 5211 τῆς

200 5229 486 5303 βασιλείας
514 5228 704 5299 ὄφελος
730 5229 830 5300 τῆς
852 5226 1058 5282 ἀνωθεν
1083 5225 1396 5297 συμμαχίας
1419 5224 1791 5295 ἠρημωμένῳ,

197 5317 301 5372 καὶ
320 5314 397 5379 ὡς
426 5314 578 5369 οὐδὲν
607 5313 676 5367 ἀν
703 5311 912 5381 γένοιτο
938 5309 1306 5380 δυνατώτερον
1333 5307 1427 5362 τοῦ
1451 5309 1555 5362 ὑπὸ
1580 5310 1678 5379 τῆς
1695 5308 1789 5362 τοῦ

198 5397 344 5454 Θεοῦ
388 5395 571 5468 χειρὸς
618 5394 1004 5468 βοηθουμένου.
1048 5392 1156 5450 Καὶ
1195 5392 1588 5461 Μελχισεδὲκ,
1638 5394 1792 5463 φησί,

193 5479 507 5547 ,βασιλεὺς
532 5478 741 5548 Σαλὴμ
765 5477 1091 5545 ἐξήνεγκεν
1115 5474 1333 5545 ἄρτους
1364 5475 1463 5529 καί
1491 5472 1676 5529 οἶνον·
1716 5471 1796 5545 ἦν

198 5564 278 5620 δὲ
314 5562 507 5632 ἱερεὺς
540 5562 648 5617 τοῦ
691 5560 840 5616 Θεοῦ
861 5562 966 5615 τοῦ
1014 5561 1300 5630 ὑψίστου.

279 5653 347 5700 ε’.
366 5646 431 5699 Τί
452 5645 701 5718 βούλεται
717 5647 850 5717 ἡμῖν
865 5644 1002 5717 αὕτη
1028 5647 1061 5715 ή
1076 5645 1478 5716 παρατήρησις,
1497 5643 1797 5710 Βασιλεὺς

202 5729 445 5799 Σαλὴμ,
475 5731 570 5783 καὶ
599 5729 811 5798 Ἰερεὺς
838 5729 946 5783 τοῦ
969 5729 1119 5783 Θεοῦ
1148 5727 1254 5783 τοῦ
1291 5730 1561 5798 ὑψίστου
1582 5745 1602 5793 ;
1633 5728 1792 5782 Βασι-

202 5813 339 5878 λεὺς
370 5813 468 5883 μὲν
487 5807 576 5884 ἦν,
606 5812 758 5883 φησὶ,
788 5814 889 5885 τῆς
911 5812 1118 5884 Σαλήμ.
1159 5811 1358 5866 Τοῦτον
1387 5811 1494 5884 γάρ
1518 5813 1607 5866 καί
1633 5814 1663 5866 6
1688 5829 1795 5883 μα-

205 5896 402 5965 κάριος
428 5893 642 5958 Παῦλος
664 5895 800 5966 πρὸς
829 5897 955 5959 τοὺς
975 5895 1033 5962 ἐξ
1066 5894 1332 5967 Ἐϐραίων
1363 5896 1794 5964 πεπιστευκότας

207 5979 544 6035 ἐπιστέλλων
585 5981 665 6044 είς
699 5980 864 6048 μέσον
893 5981 1178 6053 παράγων,
1207 5982 1301 6034 καὶ
1328 5981 1388 6034 τὸ
1421 5981 1590 6052 ὄνομα
1627 5982 1791 6037 αὑτοῦ

213 6061 597 6134 περιστρέφων
623 6062 716 6117 καὶ
740 6062 912 6133 πόλιν,
937 6063 1072 6136 ὁμοῦ
1100 6064 1389 6136 ἐρμηνεύει
1412 6063 1506 6118 τοῦ
1532 6066 1791 6137 ὀνόματος

1211 439 1277 495 ΙΝ
1316 440 1466 496 CAP.
1507 439 1623 495 XIV
1667 433 1913 494 GENES.
1958 434 2190 492 IIOMIL.
2232 438 2453 495 XXXV.

3367 439 3477 497 328

1883 553 1981 623 τὴν
2010 556 2307 625 σημασίαν,
2338 555 2434 609 καὶ
2461 555 2790 629 ἐτυμολογίᾳ
2824 556 2931 610 τινὶ⁸
2969 555 3237 628 κέχρηται
3271 555 3468 627 λέγων,

1881 639 2279 708 Μελχισεδὲκ,
2298 639 2603 707 ,βασιλεὺς
2622 639 3033 709 δικαιοσύνης.
3057 642 3166 695 Kal
3192 640 3302 709 γὰρ
3327 640 3472 696 κατά

1879 721 1978 790 τὴν
2009 721 2307 794 Ἐϐραῖκὴν
2335 722 2585 790 γλῶτταν
2632 723 2693 777 τὸ
2739 725 2837 795 μὲν
2862 724 3034 795 Μελχὶ
3070 723 3342 795 βασιλείαν
3367 741 3471 795 σηε-

1885 804 2085 872 μαίνει,
2115 807 2177 859 τὸ
2199 805 2256 860 δὲ
2282 807 2467 870 Σεδέκ,
2497 805 2862 879 δικαιοσύνην.
2895 802 3026 860 Εἶτα
3057 807 3152 861 καὶ
3179 807 3256 870 είς
3276 804 3338 859 τὸ
3356 805 3473 859 ὅνο-

1884 904 1961 957 μα
1983 890 2083 960 τῆς
2108 888 2318 954 πόλεως
2348 889 2518 944 ἐλθών
2539 907 2694 961 φησι,
2728 890 2989 955 Βασιλεὺς
3009 891 3251 961 εἰρήνης·
3277 889 3339 941 τὸ
3359 887 3469 961 γὰρ

1882 968 2070 1041 Σαλὴμ
2101 972 2324 1044 εἰρήνην
2351 974 2625 1044 ἐμφαίνει.
2658 974 2862 1045 Ἱερεὺς
2892 973 2948 1026 δέ
2969 967 3036 1043 ἦν
3065 972 3195 1034 ἴσως
3225 971 3470 1040 αὐτοχει-

1854 1053 2185 1140 ,ρρτόνητέος
2204 1054 2359 1140 ,οὕτω
2378 1056 2489 1127 γὰρ
2517 1052 2657 1128 ἦσαν
2676 1057 2796 1110 τότε
2824 1058 2873 1110 οἱ
2909 1056 3095 1129 ἱερεῖς’
3124 1055 3242 1140 ﬁta}
3271 1051 3362 1140 οὖν
3382 1053 3471 1108 διά

1879 1137 1940 1190 τὸ
1967 1140 2032 1208 τῇ
2064 1138 2250 1210 ἡλικίᾳ
2287 1141 2556 1213 προϐῆναι
2597 1144 2647 1195 οἱ
2685 1142 3056 1213 προσήκοντες
3095 1137 3245 1210 αὐτῷ
3274 1138 3471 1193 ἀπονε-

1880 1223 2152 1293 νεμήκασι
2183 1224 2281 1295 τὴν
2311 1227 2499 1297 τιμήνο
2533 1225 2566 1297 ἢ
2602 1227 2698 1280 καὶ
2731 1226 2893 1290 αὐτὸς
2937 1222 3242 1296 ἰερατεύειν
3272 1222 3471 1293 ἐπετή-

1879 1302 2058 1369 δευσε,
2089 1305 2340 1378 καθάπερ
2368 1309 2397 1360 ὁ
2430 1306 2574 1374 Νῶε,
2602 1310 2854 1380 καθάπερ
2883 1310 2911 1361 6
2938 1306 3126 1371 Ἀϐελ,
3157 1306 3409 1376 καθάπερ
3440 1304 3473 1358 ὁ

1894 1387 2164 1461 Ἀϐραάμ,
2187 1391 2352 1462 ἡνίκα
2378 1391 2478 1456 τάς
2505 1392 2696 1457 θυσίας
2726 1393 3022 1465 προσῆγον.
3055 1391 3267 1455 Ἀλλως
3288 1389 3344 1442 δέ
3372 1388 3469 1443 καὶ

1879 1471 2049 1536 τύπος
2074 1473 2294 1543 ἔμελλεν
2317 1470 2457 1529 εἶναι
2480 1476 2575 1529 τοῦ
2605 1473 2865 1548 Χριστοῦ.
2895 1475 2993 1529 Διά
3017 1473 3166 1547 [557]
3191 1473 3348 1527 τοῦτο
3373 1473 3469 1525 καὶ

1881 1554 2091 1620 Παῦλος
2100 1555 2274 1621 οὓτως
2290 1558 2452 1613 αὐτὸν
2466 1559 2797 1630 ἐκλαμϐάνει
2808 1559 3006 1628 λέγων’
3024 1557 3312 1626 Ἀπάτωρ,
3325 1553 3471 1624 ἀμή-

1880 1655 2016 1708 τωρ,
2056 1640 2559 1711 ἀγενεαλόγητος,
2591 1640 2746 1711 μήτε
2788 1640 2987 1711 ἀρχὴν
3022 1640 3180 1710 ἔχων
3210 1636 3467 1708 ἡμερῶν,

1875 1722 2028 1793 μήτε
2069 1722 2219 1792 ζωῆς
2246 1726 2441 1792 τέλος,
2469 1725 2928 1796 ἀφωμοιωμένος
2965 1724 3034 1777 δὲ
3083 1721 3164 1788 τῷ
3206 1722 3318 1787 Υίῷ
3362 1720 3471 1776 τοῦ

1885 1806 2052 1871 Θεοῦ,
2076 1807 2246 1875 μένει
2283 1808 2478 1876 ἱερεὺς
2505 1811 2593 1875 είς
2629 1811 2694 1863 τὸ
2722 1808 3014 1877 διηνεκές.
3053 1807 3164 1860 Kal
3196 1805 3332 1869 πῶς,
3361 1821 3470 1875 φη·
3557 1874 3562 1879 ξ

1884 1889 1989 1953 σἰν,
2020 1884 2130 1944 οἶόν
2159 1907 2217 1943 τε
2249 1890 2534 1962 ἄνθρωπον
2557 1892 2687 1946 ὄντα
2716 1891 2968 1964 ἀπάτορα
2993 1886 3250 1944 εἶναικαὶ
3273 1889 3474 1961 ἀμήτοη

1884 1992 1973 2046 ρα,
2001 1974 2097 2028 καὶ
2129 1977 2265 2046 μήτε
2296 1976 2471 2047 ἀρχὴν
2494 1979 2526 2048 ή
2536 1976 2719 2048 μερῶν
2746 1976 2909 2046 ἔχειν,
2947 1976 3084 2047 μήτε
3114 1974 3258 2044 ζωῆς
3285 1972 3469 2035 τέλοςῖ

1884 2060 2161 2123 Ἤκουσας
2181 2056 2548 2133 ὃτιτύποςῆν·
2576 2060 2651 2132 μὴ
2671 2060 2850 2113 τοίνυν
2876 2057 3104 2124 ξενίζου,
3133 2056 3268 2129 μηδέ
3294 2056 3471 2111 πάντα

1880 2141 2101 2195 ἀπαίτει
2136 2144 2194 2196 ἐν
2219 2141 2297 2214 τῷ
2327 2142 2504 2213 τύπῳ.
2543 2143 2679 2196 Οὐδὲ
2704 2142 2813 2212 γάρ
2839 2142 2905 2196 ἂν
2939 2141 3023 2212 εἴη
3051 2141 3242 2204 τύπος,
3265 2140 3311 2193 εἰ
3342 2137 3472 2209 μέλ-

1880 2224 1962 2278 λοι
1997 2226 2173 2279 πάντα
2210 2227 2352 2297 ἐχειν
2392 2225 2463 2279 τὰ
2489 2228 2557 2298 τῇ
2589 2225 2820 2296 ἀληθείᾳ
2852 2224 3236 2297 συμϐαίνοντα.
3275 2224 3339 2275 Τί
3377 2216 3474 2276 οὖν

1881 2307 1998 2361 ἐστι
2043 2307 2104 2361 τὸ
2146 2309 2435 2379 εἰρημένον
2460 2324 2474 2374 ;
2503 2309 2693 2381 ὥσπερ
2749 2301 2926 2376 οὗτος,
2980 2309 3134 2378 φησὶ,
3177 2306 3266 2361 διά
3304 2305 3367 2359 τὸ
3393 2305 3472 2377 μή

1884 2392 2324 2463 μνημονευθῆναι
2351 2394 2476 2457 τοὺς
2498 2391 2896 2462 γεγεννηκότας
2919 2391 3102 2457 αὑτὸν,
3128 2390 3359 2461 ἀπάτωρ
3385 2389 3466 2443 λέ·

1881 2493 2038 2544 γεται
2087 2476 2181 2529 καὶ
2225 2476 2476 2547 ἀμήτωρ,
2521 2476 2615 2529 καὶ
2650 2474 2742 2527 διά
2785 2473 2846 2527 τὸ
2881 2474 2955 2545 μὴ
2992 2470 3471 2543 γενεαλογηθῆναι,

1883 2559 2328 2630 ἀγενεαλόγητος·
2355 2560 2497 2615 οὕτω
2522 2560 2618 2615 καὶ
2646 2561 2674 2614 6
2703 2558 2961 2630 Χριστὸς,
2998 2558 3086 2611 διὰ
3116 2557 3191 2622 τὸ,
3209 2556 3284 2629 μὴ
3311 2558 3475 2628 ἐσχη-

1883 2642 2037 2696 κέναι
2060 2643 2198 2714 μήτε
2226 2643 2284 2696 ἐν
2309 2642 2557 2715 οὐρανοῖς
2589 2643 2819 2716 μητέρα,
2848 2643 2987 2714 μήτε
3010 2640 3104 2695 ἐπὶ
3123 2642 3222 2711 τῆς
3242 2641 3347 2711 γῆς
3367 2656 3474 2693 πα-

1881 2726 2035 2797 τέρα,
2071 2726 2501 2806 ἀγενεαλόγητος
2538 2726 2756 2796 λέγεται
2795 2728 2889 2780 καὶ
2922 2725 3057 2781 ἔστι.
3105 2726 3217 2780 Kal
3252 2727 3355 2794 δρα
3386 2723 3476 2777 διὰ

1881 2813 1980 2881 τῆς
2023 2811 2104 2873 εἰς
2149 2809 2240 2863 τὸν
2271 2811 2615 2882 πατριάρχην
2656 2810 2842 2880 τιμῆς,
2889 2811 3037 2873 ὅπως
3081 2807 3376 2881 μυστήριόν
3419 2823 3475 2860 τι

1883 2895 2014 2964 ἡμῖν
2038 2893 2106 2947 δι’
2125 2894 2297 2962 αὐτῆς
2320 2894 2639 2947 αἰνίττεται.
2677 2891 2969 2962 Ἐξήνεγκε
3004 2891 3113 2963 γάρ
3140 2892 3340 2961 ἄρτους
3377 2890 3474 2945 καὶ

1882 2972 2043 3031 οἶνον.
2090 2976 2265 3048 Ὁρῶν
2297 2975 2387 3028 τὸν
2429 2976 2620 3040 τύπον,
2650 2978 2762 3028 νόει
2803 2993 2893 3046 μοι
2933 2975 3030 3047 τὴν
3063 2974 3344 3046 ἀλήθειαν,
3378 2973 3476 3026 καὶ

1884 3059 2131 3131 θαύμαζε
2157 3061 2256 3131 τῆς
2282 3059 2433 3124 θείας
2457 3060 2680 3131 Γραφῆς
2714 3059 2813 3132 τὴν
2841 3059 3092 3128 δύναμιν,
3128 3058 3246 3121 πῶς
3268 3057 3474 3111 ἀνωθεν

1884 3147 1979 3199 καὶ
2020 3148 2084 3198 ἐκ
2121 3144 2421 3216 προοιμίων
2457 3144 2527 3197 τὰ
2571 3144 2831 3214 μέλλοντα
2876 3143 3094 3196 ἔσεσθαι
3136 3141 3468 3214 προεμήνυε.

1884 3229 1996 3282 Καὶ
2029 3229 2351 3299 εὑλόγησε,
2378 3227 2532 3297 φησὶ.
2563 3228 2669 3281 τὸν
2707 3225 2975 3295 Ἀϐραὰμ,
3011 3226 3109 3279 καί
3136 3223 3323 3280 εἶπεν·
3353 3224 3473 3278 Εὑ-

1883 3312 2142 3381 λογητὸς
2204 3313 2459 3380 Ἀϐραὰμ
2498 3308 2580 3377 τῷ
2619 3310 2741 3376 Θεῷ
2772 3310 2851 3375 τῷ
2882 3311 3143 3379 ὑψίστῳ,
3179 3308 3248 3376 ὃς
3272 3309 3478 3363 ἔκτισε

1883 3396 1992 3450 τὸν
2016 3396 2280 3465 οίῳανὸν
2304 3394 2401 3448 καί
2433 3394 2550 3462 τὴν
2571 3394 2708 3464 γῆν.
2735 3394 2847 3448 Καὶ
2870 3393 3200 3462 εὐλογητὸς
3223 3395 3254 3446 ὀ
3281 3391 3425 3456 Θεὸς
3443 3392 3477 3446 ό

1884 3480 2166 3548 ὕψιστος,
2199 3477 2267 3543 ὃς
2295 3477 2601 3545 παρέδωκε
2624 3477 2767 3543 τοὺς
2797 3476 3053 3545 ἐχθρούς
3083 3490 3199 3529 σου
3233 3477 3476 3540 ὑποχει-

1877 3564 2053 3629 ρίους
2082 3577 2201 3616 σοι.
2239 3562 2312 3614 Οὐ
2351 3561 2511 3630 μόνον
2549 3560 2710 3613 αὑτὸν
2741 3559 3057 3629 εὐλόγησεν.
3097 3557 3231 3613 ἀλλά
3266 3555 3478 3611 καὶτὸν

1885 3646 2017 3699 Θεὸν
2054 3645 2323 3710 ἐδόξασεν.
2367 3643 2552 3697 Εἰπὼν
2585 3643 2715 3714 γὰρ,
2753 3642 3101 3711 Εὐλογητὸς
3138 3643 3355 3708 Ἀϐραμ
3397 3637 3480 3705 τῷ

1889 3729 2011 3795 Θεῷ
2034 3726 2116 3793 τῷ
2145 3727 2406 3796 ὑψίστῳ,
2449 3726 2516 3792 ὃς
2563 3727 2765 3781 ἔκτισε
2801 3726 2907 3779 τὸν
2932 3726 3196 3794 οὐρανὸν
3229 3724 3326 3778 καὶ
3364 3722 3481 3789 τὴν

1887 3813 2026 3884 γῆν,
2051 3813 2146 3865 καὶ
2174 3811 2281 3864 ἀπὸ
2313 3810 2422 3864 τῶν
2449 3810 2957 3883 δημιουργημάτων
2978 3809 3073 3863 τοῦ
3106 3808 3242 3862 Θεοῦ
3269 3806 3367 3879 τὴν
3388 3806 3482 3860 δύ-

1888 3915 2051 3968 ναμιν
2079 3898 2211 3967 ἡμῖν
2247 3894 2533 3966 ἀνέφηνεν.
2570 3895 2633 3947 Εἰ
2662 3893 2771 3966 γὰρ
2798 3892 2962 3956 αὑτός
2993 3894 3110 3946 ἐστι
3139 3892 3290 3955 Θεὸς,
3326 3893 3355 3943 6
3385 3890 3480 3943 τὸν

1886 3979 2115 4050 οὐρανὸν
2144 3978 2239 4031 καὶ
2270 3977 2369 4048 τὴν
2402 3977 2505 4047 γῆν
2536 3974 2894 4048 παραγαγὼν,
2925 3976 2974 4027 οἰ
3007 3975 3111 4028 ὑπὸ
3138 3973 3246 4027 τῶν
3268 3969 3477 4044 ἀνθρώ-

1888 4079 2006 4114 πων
2045 4059 2472 4131 θεραπευόμενοι
2507 4061 2607 4113 ούκ
2645 4059 2712 4113 ἂν
2751 4058 2861 4112 εἶεν
2887 4058 3019 4111 θεοί·
3049 4056 3180 4111 Θεοί
3206 4054 3335 4126 γάρ,
3369 4071 3478 4125 φη·-

1890 4146 1995 4209 σ“ιν,
2036 4143 2094 4197 οἳ
2138 4142 2246 4196 τὸν
2272 4143 2533 4211 οὐρανὸν
2571 4142 2669 4197 καί
2703 4141 2819 4211 τὴν
2860 4141 2979 4212 γῆν
3011 4143 3124 4196 οὐκ
3155 4140 3473 4212 ἐποίησαν,

1888 4226 2348 4283 ἀπολέσθωσαν.
2369 4226 2735 4294 Εὐλογητὸς,
2762 4226 2947 4296 φησὶν,
2970 4229 3002 4279 ό
3026 4226 3186 4290 Θεὸς,
3221 4223 3290 4291 ὃς
3328 4238 3479 4291 παρα

1888 4311 2072 4365 έδωκε
2092 4309 2235 4375 τοὺς
2262 4309 2515 4377 ἐχθρούς
2537 4324 2654 4362 σου
2688 4309 3070 4378 ὑποχειρίους
3099 4322 3220 4361 σοι.
3243 4305 3357 4361 Θέα
3387 4323 3478 4377 μοι

1892 4394 2009 4459 πῶς
2038 4395 2098 4447 οὐ
2137 4393 2297 4465 μόνον
2323 4392 2415 4445 τὸν
2447 4392 2652 4447 δίκαιον
2679 4392 3066 4463 ἀνακηρύττει,
3099 4391 3236 4445 ἀλλά
3260 4392 3351 4446 καί
3382 4388 3478 4444 τοῦ⁹

1891 4478 2025 4531 Θεοῦ
2052 4478 2149 4547 τὴν
2178 4476 2494 4547 συμμαχίαν
2519 4474 2892 4545 ἐπιγινώσκει.
2925 4475 3058 4529 Ούδὲ
3086 4474 3195 4546 γὰρ
3223 4476 3351 4530 ἄνευ
3379 4474 3481 4545 τῆς

1892 4560 2100 4614 ἐκεῖθεν
2146 4558 2318 4630 ῥοπῆς
2371 4558 2613 4631 ἠδυνήθη
2676 4559 2785 4614 τῶν
2840 4558 3109 4629 τοσαύτην
3162 4550 3485 4612 δυναστείαν

1893 4642 2375 4714 περιϐεϐλημένων
2402 4641 2807 4713 περιγενέσθαι.
2845 4643 2947 4708 Ὃς
2972 4640 3297 4711 παρέδωκε.
3324 4641 3480 4710 φησὶ,

1893 4727 2035 4793 τοὺς
2067 4724 2322 4793 ἐχθέούς
2356 4742 2494 4780 σου’
2536 4726 2698 4789 αὑτός
2729 4728 2879 4779 ἐστιν
2909 4725 2938 4777 6
2964 4723 3024 4777 τὸ
3050 4724 3154 4777 πᾶν
3177 4724 3482 4795 ἐργασάμε-

1892 4826 2003 4873 νος,
2043 4810 2206 4870 αὐτός
2236 4808 2383 4861 ἐστιν
2415 4808 2444 4859 6
2477 4809 2605 4872 τοὺς
2639 4808 2895 4880 ἰσχυροὺς
2923 4806 3167 4869 ἀσθενεῖς
3207 4806 3482 4877 καταστή-

1896 4908 2015 4955 σας,
2041 4891 2203 4954 αύτός
2232 4893 2380 4944 ἐστιν
2407 4892 2436 4944 6
2464 4889 2554 4943 διά
2577 4889 2687 4943 τῶν
2715 4890 2932 4943 ἀόπλων
2956 4888 3080 4952 τοὺς
3105 4887 3484 4958 ὡπλισμένους

1894 4975 2261 5043 κατενεγκώνο
2294 4972 2503 5027 ἐκεῖθέν
2526 4974 2673 5027 ἐστιν
2700 4973 2735 5043 ἡ
2762 4971 2903 5044 ῥοπή
2931 4974 2965 5044 ή
2992 4970 3258 5044 τοσαύτην
3286 4987 3367 5024 σοι
3385 4971 3482 5043 τὴν

1893 5060 2123 5131 δύναμιν
2161 5058 2578 5131 παρασχομένη.
2618 5059 2724 5124 Ὃς
2765 5056 3089 5126 παρέδωκε,
3138 5057 3291 5129 φησὶ,
3339 5057 3485 5124 τοὺς

1895 5141 2146 5215 ἐχθρούς
2166 5158 2284 5198 σου
2304 5141 2688 5211 ὑποχειρίους
2722 5154 2842 5195 σοι.
2880 5142 3043 5211 Ὁρᾷς
3067 5142 3184 5204 πῶς
3210 5141 3484 5195 δείκνυσιν

1896 5228 2062 5284 αὑτοῦ
2085 5228 2184 5298 τὴν
2204 5229 2456 5298 ὁμόνοιαν
2480 5226 2577 5281 καὶ
2597 5224 2695 5297 τήν
2720 5225 3102 5297 φιλοστοργίαν
3121 5224 3220 5296 τὴν
3244 5226 3373 5294 περί
3391 5225 3487 5282 τὸν

1896 5314 2044 5380 Λὼτ,
2080 5312 2175 5367 καὶ
2204 5311 2322 5375 πῶς
2354 5311 2630 5382 ἐμφαίνει,
2659 5310 2741 5364 ὃτι
2770 5310 2865 5362 καὶ
2897 5310 2925 5362 6
2962 5308 3211 5380 Ἀϐραὰμ
3249 5308 3486 5375 οἰκείους

1897 5397 2095 5461 αὐτοὺς
2120 5394 2349 5467 ἐχθροὺς
2380 5396 2567 5465 ἡγεῖτο
2595 5393 2686 5446 διά
2709 5394 2778 5446 τά
2816 5394 2897 5455 εἰς
2919 5391 3010 5445 τὸν
3037 5388 3355 5460 ἀδελφιδοῦν
3385 5407 3486 5459 γε-

1897 5479 2206 5551 γενημένα;
2256 5477 2363 5532 Καὶ
2401 5476 2625 5531 ἔδωκεν
2660 5473 2841 5540 αὐτῷ,
2879 5474 3033 5546 φησί,
3070 5474 3334 5540 δεκάτην
3363 5472 3488 5528 ἀπὸ

1898 5563 2160 5618 πάντων.
2195 5560 2365 5613 Τοῦτο
2396 5559 2489 5613 καὶ
2514 5556 2725 5622 Παῦλός
2764 5574 2916 5629 φησι·
2955 5556 3230 5626 Θεωρεῖτε
3258 5555 3347 5621 δὲ,
3371 5572 3487 5625 πη·

1897 5647 2071 5712 λίκος
2108 5639 2307 5708 οὗτος,
2350 5634 2399 5708 ᾦ
2436 5642 2533 5695 καὶ
2566 5639 2825 5708 δεκάτην
2876 5641 3121 5710 Ἀϐραὰμ
3161 5639 3382 5694 ἔδωκεν
3415 5641 3486 5694 ἐκ

1897 5730 2017 5785 τῶν
2063 5727 2437 5798 ἀκροθινίων,
2474 5727 2507 5779 ό
2553 5721 2943 5791 πατριάρχης·
2986 5723 3231 5795 δηλονότι
3276 5726 3342 5778 ἐκ
3377 5723 3489 5779 τῶν

1898 5812 2177 5885 λαφύρων,
2203 5807 2278 5865 ὧν
2307 5811 2563 5881 ἐπήγετο,
2592 5808 2863 5880 ἠμείψατο
2885 5808 2980 5861 τὴν
3007 5807 3359 5880 Μελχισεδὲκ,
3392 5807 3488 5861 καὶ

1901 5899 2133 5972 δεκάτην
2172 5894 2322 5967 αὐτῷ
2360 5894 2635 5967 ἀφώρισεν
2669 5892 2775 5947 ἀπὸ
2814 5893 3032 5947 πάντων
3064 5885 3139 5947 ὧν
3167 5891 3481 5972 ἐπεφέρετο·

1901 5970 2150 6033 ἐντεῦθεν
2200 5979 2300 6048 ήδη
2347 5977 2663 6040 διδάσκαλος
2706 5975 2880 6030 ἅπασι
2924 5975 3235 6047 γενόμενος,
3281 5970 3485 6041 πολλὴν

1900 6060 2302 6117 ἐπιδείκνυσθαι
2329 6058 2768 6133 εὐγνωμοσύνην,
2803 6060 2894 6113 καὶ
2918 6059 3017 6123 τὰς
3037 6055 3290 6126 ἀπαρχὰς
3316 6068 3482 6122 προσ-
