4060 6444
611 426 732 486 329'

603 551 757 616 ἀγειν
785 545 893 599 τῶν
923 547 1073 617 παρά
1098 544 1192 600 τοῦ
1226 545 1361 599 Θεοῦ
1392 548 1524 617 ἡμῖν
1552 546 2018 618 παρασχεθέντων.
2059 541 2189 601 Εἶτα

603 630 898 699 ἐκπλαγεὶς
925 631 1018 686 τοῦ
1047 631 1389 703 πατριάρχου
1422 632 1573 703 [558]
1604 633 1704 702 τὴν
1737 632 2140 704 μεγαλοψυχίαν
2164 636 2192 688 ό

602 714 855 783 βασιλεὺς
908 713 1160 785 Σοδόμων
1207 717 1341 786 φησὶ
1389 716 1525 786 πρὸς
1556 716 1738 770 αὐτόν·
1778 718 1891 777 Δός
1920 735 2021 786 μοι
2050 718 2192 786 τοὺς

599 797 845 865 ἄνδρας,
871 800 984 866 τὴν
1018 798 1085 852 δέ
1117 800 1306 852 ἵππον
1333 798 1479 854 λάϐε
1507 797 1763 863 σεαυτῷ.
1791 799 1944 870 Καλὴ
1970 799 2064 854 τοῦ
2095 801 2192 872 βα-

601 880 792 944 σιλέως
815 884 847 952 ή
878 882 1285 954 εὐγνωμοσύνη·
1310 882 1424 936 ἀλλ’
1447 883 1550 953 ὅρα
1567 881 1661 935 τοῦ
1684 882 1891 936 δικαίου
1915 883 2011 952 τὴν
2042 884 2190 952 φιλο·

601 965 814 1033 σοφίαν.
841 962 984 1019 Εῖπε
998 966 1066 1020 δὲ
1087 968 1310 1035 Ἀϐραμ
1331 966 1481 1035 πρὸς
1499 965 1876 1029 τὸνβασιλέα
1892 966 2186 1036 Σοδόμων·

613 1047 861 1101 Ἐκτενῶ
893 1049 1008 1116 τὴν
1041 1047 1208 1118 χεῖρὰ
1235 1065 1356 1117 μου
1399 1047 1548 1115 πρὸς
1579 1047 1688 1101 τὸν
1726 1049 1874 1101 Θεὸν
1911 1049 2020 1103 τόν
2053 1050 2190 1118 ὕψι-

600 1145 772 1196 στον,
800 1131 870 1198 ὃς
891 1133 1139 1199 ἐποίησε
1161 1130 1266 1184 τὸν
1288 1132 1548 1199 οὐρανὸν
1574 1131 1672 1184 καὶ
1702 1130 1817 1200 τὴν
1837 1130 1972 1202 γῆν,
1995 1135 2047 1186 εί
2069 1133 2189 1188 ἀπὸ

601 1237 792 1289 camp:
803 1222 896 1274 Iov
921 1221 1033 1287 ἕως
1053 1219 1468 1290 σφαιρωτῆρος
1495 1220 1877 1289 ὑποδήματος
1917 1221 2190 1291 λήψομαι

600 1303 719 1356 ἀπὸ
760 1303 1002 1357 πάντων
1044 1301 1164 1357 τῶν
1201 1303 1349 1369 σῶν,
1393 1305 1494 1357 ἵνα
1523 1303 1610 1373 μὴ
1649 1306 1846 1372 εἴπῃς,
1895 1303 1984 1357 ὅτι
2042 1304 2189 1376 Ἐγὼ

599 1388 968 1440 πεπλούτικα
1001 1386 1108 1440 τὸν
1143 1387 1380 1456 Ἀϐραμ.
1419 1385 1594 1457 Πολλὴ
1633 1387 1727 1440 τοῦ
1771 1389 2110 1459 πατριάρχου
2152 1390 2186 1459 ή

598 1468 726 1539 περὶ
768 1467 837 1522 τά
869 1472 1125 1541 χρήματα
1165 1469 1455 1540 ὑπεροψία.
1496 1470 1605 1524 Kal
1651 1470 1796 1533 τίνος
1843 1471 2028 1524 ἕνεκεν
2068 1471 2186 1541 μεθ’

593 1550 760 1621 ὅρκου
785 1551 883 1622 τὴν
913 1553 1284 1623 ἀπαγόρευσιν
1310 1556 1564 1616 ποιεῖται,
1591 1553 1685 1606 καί
1709 1571 1895 1624 φησιν,
1938 1554 2187 1608 Ἐκτενῶ

597 1633 712 1701 τὴν
755 1633 924 1702 χεῖρά
961 1653 1082 1704 μου
1124 1635 1276 1703 πρὸς
1320 1636 1428 1690 τὸν
1478 1635 1628 1690 Θεὸν
1661 1638 1768 1690 τὸν
1806 1637 2092 1706 ὕψιστον,
2119 1638 2187 1704 ὃς

596 1717 799 1771 ἔκτισε
835 1718 941 1772 τὸν
961 1717 1225 1786 οὐρανὸν
1257 1719 1357 1772 καὶ
1396 1718 1512 1788 τὴν
1532 1718 1689 1788 γῆν;

669 1798 745 1864 ς’.
766 1800 1074 1872 Ἀμφότερα
1111 1800 1356 1871 βούλεται
1376 1802 1663 1856 παιδεῦσαι
1685 1802 1775 1856 τὸν
1790 1801 1898 1856 τῶν
1935 1803 2185 1874 Σοδόμων

599 1882 844 1952 βασιλέα,
882 1885 976 1938 καὶ
1013 1886 1094 1938 ὅτι
1130 1885 1394 1956 κρείττων
1427 1885 1545 1939 ἐστὶ
1578 1886 1687 1940 τῶν
1733 1889 1866 1958 παρ’
1899 1886 2064 1940 αὐτοῦ
2095 1887 2185 1940 δε-

594 1968 855 2038 δομένων,
882 1971 974 2024 καὶ
998 1969 1196 2040 πολλὴν
1220 1969 1583 2024 ἐπιδείκνυται
1603 1970 1702 2041 τὴν
1729 1970 2067 2040 φιλοσοφίαν,
2090 1971 2184 2024 καὶ

595 2051 904 2116 θεοσεϐείας
929 2053 1078 2125 αὐτῷ
1101 2053 1419 2118 διδάσκαλος
1452 2055 1708 2124 γενέσθαι
1747 2056 2057 2121 σπουδάζει,
2095 2074 2186 2128 μο-

594 2136 804 2205 νονουχὶ
831 2135 1095 2190 διδάσκων
1119 2137 1301 2202 αὐτὸν,
1331 2139 1414 2191 ὅτι
1444 2138 1651 2192 ἐκεῖνόν
1677 2155 1758 2191 σοι
1786 2137 2014 2211 παρέχω
2041 2139 2183 2209 μάρ-

593 2236 753 2291 τυρα,
781 2220 862 2272 δτι
890 2219 1041 2273 οὐδὲν
1068 2219 1175 2273 τῶν
1206 2220 1360 2291 παρὰ
1389 2219 1482 2274 σοῦ
1517 2221 1779 2292 λήψομαι,
1810 2221 1901 2275 τὸν
1927 2221 2183 2275 ἀπάντων

590 2303 942 2375 δημιουργὸν,
975 2304 1059 2357 Eva
1098 2303 1297 2356 εἰδέναι
1328 2303 1471 2374 ἔχοις
1511 2306 1602 2358 τὸν
1637 2306 1730 2358 ἐπὶ
1761 2307 1980 2360 πάντων
2025 2305 2180 2370 Θεὸν,

593 2388 687 2440 καὶ
719 2387 794 2457 μὴ
816 2387 1042 2458 νομίσῃς
1067 2381 1206 2440 εἶναι
1241 2387 1397 2450 θεοὺς
1424 2387 1492 2441 τά
1521 2387 1626 2440 ὑπὸ
1651 2389 1854 2458 χειρῶν
1879 2387 2183 2458 ἀνθρώπων

592 2472 1126 2541 κατασκευαζόμενα.
1156 2466 1325 2534 Οὗτος
1347 2470 1456 2542 γὰρ
1481 2471 1754 2543 όούρανοῦ
1785 2473 1878 2525 καὶ
1905 2473 2005 2542 γῆς
2029 2488 2184 2543 ποιη-

592 2555 713 2623 τὴς,
746 2553 907 2617 αὐτὸς
945 2554 1036 2606 καὶ
1074 2553 1164 2606 τὸν
1191 2552 1428 2623 πόλεμον
1462 2555 1650 2607 τοῦτον
1684 2555 2056 2627 ἐτροπώσατο,
2087 2556 2182 2609 καὶ

591 2638 691 2708 τῆς
735 2636 893 2707 νίκης
933 2637 1102 2699 αἴτιος
1146 2637 1404 2707 κατέστη·
1453 2638 1543 2709 Μὴ
1577 2639 1756 2693 τοίνυν
1803 2637 2177 2710 “mammam

591 2721 691 2792 ἐμὲ
715 2719 998 2786 ἀνέξεσθαί
1028 2738 1080 2773 τι
1107 2720 1289 2773 λαϐεῖν
1311 2719 1420 2774 τῶν
1444 2721 1595 2792 παρά
1617 2722 1710 2776 σοῦ
1734 2722 2046 2794 διδομένων.
2079 2723 2181 2775 Οὐ-

589 2804 646 2857 δὲ
692 2803 801 2875 γὰρ
846 2803 938 2857 ἐπὶ
985 2802 1164 2874 μισθῷ
1209 2802 1307 2874 τὴν
1349 2803 1592 2858 ἐκδικίαν
1633 2805 1997 2877 ἐποιησάμην,
2045 2806 2180 2861 άλλᾶ

590 2889 856 2960 πρότερον
896 2887 998 2960 μὲν
1027 2887 1113 2942 διά
1141 2887 1239 2958 τὴν
1265 2889 1394 2959 περὶ
1426 2889 1518 2942 τὸν
1552 2890 1865 2963 ἀδελφιδοῦν
1894 2893 2179 2964 φιλοστορ-

589 2971 736 3040 γίαν,
777 2971 966 3025 ἔπειτα
991 2971 1046 3025 δέ
1072 2972 1166 3025 καὶ
1198 2973 1264 3024 δι’
1293 2973 1463 3043 αὐτὴν
1492 2971 1587 3025 τοῦ
1621 2972 1831 3027 δικαίου
1865 2975 1964 3046 τὴν
1996 2975 2177 3045 φύσιν,

588 3055 730 3111 ὥστε
755 3057 880 3121 τοὺς
900 3055 1098 3119 ἀδίκως
1124 3056 1477 3127 ἀπηγμένους
1505 3056 1810 3129 ἐξαρπάσαι
1835 3059 1945 3112 τῶν
1970 3060 2179 3131 βαρϐα-

591 3138 760 3210 ρικῶν
784 3139 1000 3210 χειρῶν.
1038 3141 1103 3193 El
1134 3140 1252 3193 ἀπὸ
1283 3141 1602 3208 σπαρτίου,
1638 3142 1823 3213 φησὶν,
1857 3141 1970 3209 ἓως
2001 3157 2181 3212 σφαι-

587 3221 852 3291 ρωτῆρος
897 3221 1171 3292 λήψομαι
1219 3222 1340 3276 ἀπὸ
1382 3223 1624 3278 πάντων
1673 3224 1793 3279 τῶν
1831 3224 1981 3279 σῶν·
2035 3224 2178 3279 τοῦτ’

588 3298 758 3369 ἐστιν,
785 3305 905 3360 οὐδέ
933 3305 993 3358 τὸ
1022 3306 1204 3377 τυχὸν,
1233 3306 1354 3360 οὐδέ
1380 3308 1440 3361 τὸ
1467 3309 1702 3375 εὐτελὲς,
1723 3309 1845 3364 οὐδὲ
1866 3309 1933 3364 τὸ
1955 3310 2181 3364 εὐκατα-

588 3389 856 3461 φρόνητον
895 3390 1269 3462 νομιζόμενον.
1299 3391 1410 3446 Καὶ
1428 3393 1535 3465 γὰρ
1572 3395 1930 3467 σφαιρωτῆρα
1954 3395 2178 3451 εἰώθασι

587 3476 767 3543 λέγειν
810 3476 872 3529 τδ
905 3474 1074 3547 ἀκρον
1116 3475 1210 3528 τοῦ
1258 3476 1606 3548 ὑποδήματος
1646 3477 1708 3552 τὸ
1735 3480 1816 3542 είς
1849 3479 1943 3546 ὀξὺ
1991 3480 2175 3551 λῆγον·

585 3559 846 3624 τοιούτοις
866 3559 976 3631 γάρ
998 3559 1116 3622 ἔθος
1137 3558 1320 3630 ἔχουσι
1346 3561 1644 3632 κεχρῆσθαι
1664 3563 1714 3614 οἱ
1736 3561 2020 3635 βάρϐαροι.
2046 3560 2179 3618 Εἶτα

588 3644 686 3696 καὶ
716 3644 816 3712 τὴν
841 3643 1021 3696 αἰτίαν
1047 3643 1145 3711 τῆς
1175 3644 1558 3714 παραιτήσεώς
1591 3663 1777 3716 φησιν,
1811 3648 1947 3701 Ἵνα
1983 3647 2069 3717 μὴ
2098 3650 2179 3702 ει-

588 3743 734 3794 πῃς,
777 3725 929 3795 Ἐγὼ
957 3728 1331 3780 πεπλούτικα
1371 3728 1479 3780 τὸν
1510 3730 1754 3798 Ἀϐραμ.
1795 3731 1943 3802 Ἔχω
1969 3734 2059 3785 τὸν
2085 3751 2176 3802 χο-

591 3811 760 3882 ρηγδν
788 3809 895 3862 τῶν
917 3810 1126 3881 μυρίων
1152 3810 1393 3878 ἀγαθῶν,
1423 3811 1622 3882 πολλῆς
1642 3811 1902 3867 ἀπολαύω
1923 3815 2020 3885 τῆς
2037 3815 2182 3885 ἀνιω-

589 3897 679 3949 θεν
710 3893 904 3967 ῥοπῆς,
930 3894 991 3946 οὐ
1012 3892 1201 3965 δέομαι
1223 3895 1318 3948 τοῦ
1345 3894 1498 3967 παρά
1520 3896 1611 3949 σοῦ
1637 3895 1888 3972 πλούτου,
1911 3900 1971 3952 οὐ
1993 3900 2181 3972 χρῄζω

586 3978 936 4052 ἀνθρωπίνης
966 3977 1252 4050 εὐπορίας,
1297 3978 1576 4050 ἀρκοῦμαι
1603 3983 1670 4052 τῇ
1712 3981 1864 4054 παρά
1916 3982 2008 4037 τοῦ
2043 3984 2179 4039 Θεοῦ

587 4065 666 4126 είς
693 4062 792 4133 ἐμὲ
817 4061 1118 4132 φιλοτιμίᾳ,
1145 4056 1263 4116 οἶδα
1290 4061 1453 4116 αὐτοῦ
1479 4063 1538 4118 τὸ
1566 4064 1784 4134 δαψιλὲς
1811 4066 1921 4120 τῶν
1937 4067 2176 4140 δωρεῶν.

589 4147 710 4200 Τῶν
745 4145 954 4218 μικρῶν
986 4147 1080 4199 καὶ
1109 4145 1342 4199 εὐτελῶν
1365 4151 1779 4221 παραχωρήσας
1804 4148 1882 4220 τῷ
1911 4150 2055 4212 Λὼτ,
2091 4169 2182 4222 με.

589 4231 770 4300 γάλων
803 4230 897 4283 καὶ
935 4230 1263 4300 ἀπορρήτων
1294 4228 1534 4302 ἠξιώθην
1561 4234 1928 4304 ὑποσχέσεων·
1965 4236 2058 4289 καὶ
2084 4236 2180 4292 νῦν

594 4314 815 4383 μείζονα
838 4311 1066 4366 πλοῦτον
1082 4312 1260 4382 ἐαυτῷ
1281 4315 1822 4386 πραγματευόμενος,
1846 4318 1940 4371 καὶ
1960 4319 2179 4374 πλείονα

591 4398 720 4465 παρ’
771 4395 935 4450 αὑτοῦ
989 4394 1202 4449 εὐνοιαν
1264 4398 1666 4467 ἐπισπώμενος,
1727 4401 1819 4454 τὸν
1880 4404 2031 4474 παρά
2082 4404 2178 4458 σοῦ

593 4479 822 4532 πλοῦτον
845 4479 908 4531 οὐ
932 4479 1245 4550 προσίεμαι.
1274 4481 1371 4533 Διά
1391 4480 1549 4534 τοῦτο
1569 4483 1648 4544 δὲ,
1673 4483 1749 4546 ώς
1773 4481 1946 4555 οἶμαι,
1975 4487 2068 4541 καὶ
2090 4488 2179 4541 τὸν

590 4564 752 4634 ὅρκον
810 4561 1140 4634 προσέθηκε,
1189 4562 1284 4615 καὶ
1331 4560 1502 4626 εἶπεν,
1568 4566 1820 4620 Ἐκτενῶ
1862 4570 1978 4638 τὴν
2012 4573 2181 4642 χεῖρὰ

589 4665 706 4716 μου
746 4647 896 4716 πρὸς
937 4645 1044 4699 τὸν
1086 4644 1236 4699 Θεὸν
1277 4646 1384 4699 τὸν
1426 4647 1709 4730 ὕψιστον,
1747 4651 1833 4704 ἵνα
1875 4655 1950 4726 μὴ
1983 4658 2179 4730 νομίσῃ

591 4731 778 4794 ἀπλῶς
809 4730 971 4785 αὐτὸν
1006 4729 1458 4800 σχηματίζεσθαι,
1504 4727 1594 4786 οἷα
1636 4734 1955 4802 συμϐαίνειν
2010 4727 2178 4804 εἰκός·

593 4815 825 4869 ἀλλ’ἵνα
872 4814 1018 4886 μάθῃ
1051 4815 1132 4867 ὅτι
1165 4812 1322 4866 τοῦτο
1353 4815 1502 4886 αὐτῷ
1541 4816 1808 4883 δέδοκται,
1850 4821 1910 4873 τὺ
1949 4823 2083 4894 μηδέ
2123 4825 2183 4877 τὸ

591 4899 754 4972 τυχὸν
787 4898 996 4952 ἐκεῖθεν
1023 4896 1400 4967 νοσφίσασθαι.
1435 4900 1544 4953 Kal
1585 4901 1824 4972 ἐπλήρου
1871 4905 1932 4958 τὸ
1963 4909 2181 4977 παράγ-

593 4983 771 5054 γελμα
801 4984 977 5035 ἐκεῖνο
1007 4981 1066 5034 τὸ
1088 4980 1237 5051 παρά
1260 4979 1355 5033 τοῦ
1395 4982 1633 5052 Χριστοῦ
1664 4987 1777 5048 τοῖς
1816 4987 2085 5058 μαθηταῖς
2113 4993 2184 5043 εἱ-

595 5068 851 5139 ρημένον·
911 5065 1143 5133 Δωρεὰν
1173 5064 1438 5127 ἐλάϐετε,
1471 5065 1699 5135 δωρεὰν
1741 5068 1897 5125 δότε.
1941 5075 2032 5144 Μὴ
2075 5075 2182 5145 γὰρ

594 5150 705 5219 ἐγώ
733 5167 786 5202 τι
813 5149 1016 5211 πλεῖον,
1042 5149 1227 5219 φησὶν,
1256 5150 1550 5219 εἰσήνεγκα
1577 5153 1654 5214 εἰς
1688 5152 1786 5223 τὴν
1814 5155 1909 5207 τοῦ
1945 5157 2182 5227 πολέμου

595 5234 932 5304 ὑπόθεσιν,ἢ
973 5233 1135 5303 μόνον
1171 5233 1271 5304 τὴν
1308 5232 1534 5303 γνώμην
1566 5235 1660 5287 καὶ
1700 5237 1803 5305 τὴν
1841 5237 2180 5309 προθυμίανς

594 5318 707 5390 Τὴν
761 5317 816 5371 δέ
877 5318 1035 5388 νίκην
1095 5316 1190 5371 καὶ
1224 5316 1288 5368 τὸ
1325 5315 1608 5386 τρόπαιον,
1641 5319 1735 5372 καὶ
1779 5319 1846 5372 τὰ
1875 5321 2008 5374 ἄλλα
2031 5320 2182 5395 [359]

597 5404 773 5456 πάντα
812 5403 975 5466 αὐτὸς
1009 5402 1306 5474 εἰργάσατο
1326 5405 1392 5472 τῇ
1425 5404 1644 5474 ἀοράτῳ
1664 5405 1912 5476 δυνάμει.
1939 5403 2072 5461 Εἶτα
2097 5410 2184 5463 Eva

599 5488 673 5558 μὴ
697 5487 894 5558 νομίσῃ
921 5487 949 5538 ὁ
973 5485 1246 5555 βασιλεὺς,
1271 5486 1354 5539 ὅτι
1373 5485 1438 5538 δι’
1461 5486 1762 5556 ὑπεροψίαν
1788 5488 1882 5542 καὶ
1911 5492 2187 5562 καταφρό-

597 5586 751 5639 νησιν
790 5571 853 5622 οὐ
887 5571 1168 5640 προσίεται
1198 5569 1270 5622 τὰ.
1306 5571 1437 5640 παρ’
1465 5570 1630 5624 αὐτοῦ
1666 5573 1940 5643 διδόμενα,
1970 5575 2185 5642 δεικνὺς

598 5652 763 5706 αὐτοῦ
797 5654 890 5704 καὶ
920 5655 975 5705 ἐν
1006 5654 1182 5725 τούτῳ
1221 5657 1281 5707 τὸ
1321 5656 1551 5726 ἥμερον,
1589 5656 1683 5710 καὶ
1715 5657 1814 5727 τῆς
1856 5659 2083 5731 γνώμης
2125 5664 2186 5717 τὸ

600 5737 912 5806 φιλόσοφον,
943 5740 1127 5808 φησίν·
1156 5741 1218 5793 οὐ
1248 5740 1511 5811 λήψομαι,
1547 5743 1720 5810 Πλὴν
1747 5737 1835 5797 ὧν
1869 5747 2096 5815 ἔφαγον
2130 5753 2186 5804 οι

597 5820 932 5882 νεανίσκοι,
956 5821 1179 5888 καὶτῆς
1202 5824 1446 5890 μερίδος
1478 5825 1596 5879 τῶν
1627 5826 1867 5894 ἀνδρῶν
1888 5829 2008 5882 τῶν
2035 5846 2187 5900 συμ-

599 5900 1011 5984 πορευθέντων
1029 5907 1156 5973 μετ’
1177 5906 1343 5974 ἐμοῦ,
1373 5908 1632 5976 Ἐσχὼλ,
1659 5911 1888 5977 Αῠνᾶν,
1908 5912 2180 5984 Μαμϐρῆ·

599 5983 766 6043 οὗτοι
791 5984 1098 6070 λήψονται,
1112 5987 1347 6070 μερίδα.
1379 5988 1618 6052 Τούτοις,
1661 5995 1813 6061 φησὶ.
1849 5983 2188 6070 συγχωρήσω

603 6069 789 6125 λαϐεῖν
817 6086 938 6122 τινα
974 6069 1192 6139 μερίδα,
1233 6070 1422 6140 ἐπειδὴ
1468 6073 1667 6142 πολλῆς
1701 6077 1881 6145 φιλίας
1912 6069 2185 6154 τεκμήρια

1303 432 1359 488 S.
1399 429 1687 487 JOANNIS
1723 430 2182 487 CHllYSOSTOM

2286 432 2576 490 LRCHIEP.
2612 434 3165 490 CONSTANTINOP.

3779 434 3884 490 330

2297 548 2660 614 ἐπεδείξαντο.
2731 545 2906 605 Οὗτοι
2961 550 3105 622 γὰρ,
3178 551 3346 618 φησὶ.
3411 544 3760 615 συνωμόται
3808 549 3890 610 τῷ

2300 633 2534 701 Ἀϐραμ,
2567 633 2714 686 τοῦτ’
2753 633 2920 698 ἐστιν,
2951 636 3030 697 εἰς
3056 631 3232 702 φιλίαν
3261 648 3326 683 συ
3340 631 3619 701 θημμένοι·
3647 629 3888 682 καὶτοῦ-

2292 732 2354 768 το
2381 715 2620 769 δείκνυσι
2660 717 2722 769 τὸ
2753 716 2971 771 ἑλέσθαι
3011 717 3208 776 αὐτοὺς
3242 714 3569 783 κοινωνῆσαι
3598 712 3750 781 αὐτῷ
3783 711 3892 764 τῶν

2294 798 2576 853 κινδύνων.
2626 801 2724 853 Διά
2764 801 2924 853 τοῦτο
2962 801 3055 854 καὶ
3088 798 3251 862 αὐτὸς
3299 797 3662 868 ἀμειϐόμενος
3689 795 3892 858 αὐτοῦς

2293 883 2702 953 παρασκευάζει
2727 884 2920 956 μερίδα
2943 883 3066 938 τινὰ
3088 883 3292 949 λαϐεῖν,
3319 885 3414 936 καὶ
3439 885 3496 937 ἐν
3525 881 3702 952 τούτῳ
3725 880 3890 934 πάλιν

2289 965 2382 1018 τὸν
2413 967 2768 1021 ἀποστολικδν
2790 969 2954 1039 νόμον
2981 968 3203 1039 πληρῶν
3223 968 3312 1020 τὸν
3343 967 3590 1040 λέγοντα,
3629 967 3892 1030 Ἀξιος·ό

2289 1048 2539 1119 ἐργάτης
2590 1049 2697 1118 τῆς
2745 1051 2972 1120 τροφῆς
3025 1053 3214 1107 αὐτοῦ
3259 1053 3447 1106 ἐστιν.
3496 1050 3634 1104 Οὐδὲ
3687 1051 3796 1123 γάρ
3833 1065 3886 1104 τι

2290 1132 2452 1187 πλέον
2483 1135 2580 1203 τῆς
2609 1136 2799 1204 χρείας
2843 1136 3041 1200 αὐτοὺς
3066 1136 3254 1190 λαϐεῖν
3285 1135 3502 1207 ἀφίησι·
3550 1133 3729 1202 Πλὴν
3755 1133 3884 1205 γάρ,

2292 1217 2475 1286 φησὶν,
2510 1213 2597 1272 ὧν
2633 1219 2862 1288 ἔφαγον
2905 1223 2960 1274 οἱ
2999 1223 3329 1283 νεακίσκοι,
3369 1221 3466 1273 καί
3494 1217 3605 1285 τῆς
3639 1217 3886 1287 μερίδος

2290 1299 2410 1353 τῶν
2439 1302 2983 1370 συμπορευθέντων
3009 1307 3136 1372 μετ’
3157 1303 3326 1372 ἐμοῦ,
3365 1303 3622 1372 Ἐσχὼλ,
3653 1301 3882 1366 Αῠνᾶν,

2289 1383 2559 1452 Μαμϐρῆ·
2588 1381 2750 1439 οὗτοι
2780 1385 3065 1453 λήψοντα
3107 1387 3334 1454 μερίδα.
3366 1386 3531 1440 Ἴδετε
3552 1386 3654 1457 τῆς
3680 1386 3884 1456 ἀρετῆς

2289 1465 2382 1520 τοῦ
2419 1467 2755 1537 πατριάρχου
2790 1467 2888 1538 τὴν
2921 1468 3229 1538 ἀκρίϐειαν,
3264 1470 3379 1533 πῶς
3405 1471 3498 1523 καὶ
3536 1471 3638 1540 τὴν
3665 1469 3882 1538 φιλοσο-

2290 1551 2421 1619 φίαν
2448 1549 2760 1615 ἐπεδείξατο
2791 1551 2889 1622 τὴν
2910 1552 3038 1622 περὶ
3065 1552 3164 1623 τὴν
3195 1552 3494 1624 ὑπεροψίαν
3523 1553 3635 1606 τῶν
3665 1553 3884 1624 χρημά-

2289 1652 2414 1700 των,
2440 1634 2535 1687 καὶ
2555 1634 2652 1704 τὴν
2672 1635 3196 1708 ταπεινοφροσύνην,
3231 1638 3323 1690 καὶ
3353 1637 3526 1690 πάντα
3548 1641 3713 1702 ποιεῖ,
3741 1638 3881 1691 ὥστε

2291 1717 2365 1788 μὴ
2400 1717 2548 1782 δόξαι
2584 1718 2871 1789 ἀλαζονείᾳ
2895 1721 3001 1772 τινὶ
3036 1721 3128 1773 καί
3153 1724 3556 1791 καταφρονήσει
3580 1721 3746 1775 τοῦτο
3778 1739 3876 1775 πε-

2289 1802 2594 1872 ποιηκέναι,
2629 1802 2724 1855 καὶ
2746 1802 2833 1855 διά
2856 1802 3012 1856 τοῦτο
3037 1805 3180 1875 μέγα
3213 1807 3428 1876 φρονεῖν
3453 1804 3545 1858 ἐπὶ
3569 1808 3636 1877 τῇ
3659 1806 3787 1878 νίκῃ
3812 1809 3876 1878 τῇ

2285 1887 2636 1959 γεγενημένῃ
2658 1903 2672 1950 ;

2359 1967 2424 2032 ζ’.
2452 1968 2654 2022 Τοῦτον
2688 1969 2751 2040 δὴ
2775 1969 2871 2023 καὶ
2888 1971 3050 2040 ἡμεῖς
3082 1970 3399 2043 μιμώμεθα,
3421 1970 3752 2042 παρακαλῶ,
3780 1972 3874 2024 καὶ

2289 2051 2681 2122 σπουδάζωμεν
2703 2053 2981 2125 ἀλήπτους
3009 2056 3236 2119 ἑαυτοὺς
3267 2056 3580 2126 φυλάττειν,
3607 2057 3704 2110 καὶ¹
3739 2057 3878 2126 μήτε

2287 2135 2561 2207 προφάσει
2604 2135 2707 2206 τῆς
2750 2137 2952 2208 ἀρετῆς
2988 2139 3250 2204 ἀπονοίας
3291 2142 3504 2204 ἐαυτοῖς
3538 2140 3877 2211 περιτιθέναι

2285 2218 2462 2286 δόξαν,
2500 2220 2636 2290 μηδέ
2687 2221 2960 2290 προφάσει
2997 2223 3501 2294 ταπεινοφροσύνης
3535 2224 3641 2294 τῆς
3679 2225 3878 2295 ἀρετῆς

2285 2302 2638 2373 καταμελεῖν·
2668 2302 2807 2356 ἀλλά
2835 2304 3112 2375 πανταχοῦ
3146 2306 3208 2359 τὸ
3230 2307 3427 2378 μέτρον
3451 2306 3762 2372 διασώζειν,
3785 2306 3876 2360 καὶ

2281 2387 2395 2448 τοῖς
2418 2385 2806 2457 κατορθώμασι
2825 2389 2936 2450 τοῖς
2957 2387 3046 2456 ὑφ’
3065 2388 3219 2460 ὑμῶν
3250 2399 3269 2419 ·
3293 2391 3600 2460 γινομένοις
3625 2389 3878 2459 καθάπερ

2284 2469 2534 2539 θεμέλιόν
2572 2486 2694 2522 τινα
2737 2469 2830 2522 καὶ
2864 2470 3203 2543 ὑποϐάθραν,
3242 2471 3338 2544 τὴν
3371 2473 3878 2544 ταπεινοφροσύνην

2286 2548 2624 2613 ὑποτιθέναι,
2656 2547 2742 2602 ἵνα
2778 2549 2915 2618 μετά
2947 2550 3245 2619 ἀσφαλείας
3268 2553 3398 2622 ἡμῖν
3427 2551 3784 2622 οίκοδομῆται
3811 2551 3880 2604 τά

2281 2633 2382 2703 τῆς
2413 2633 2635 2703 ἀρετῆς.
2668 2632 2839 2686 Τοῦτο
2876 2633 2986 2705 γὰρ
3009 2634 3199 2706 ἀρετὴ,
3234 2637 3363 2689 ὅταν
3393 2634 3491 2708 ἔχῃ
3518 2635 3731 2705 ταύτην
3758 2651 3880 2686 συν·

2283 2717 2641 2788 εζευγμένην.
2687 2717 2746 2769 '0
2775 2716 2883 2788 γὰρ
2919 2717 3108 2771 τοῦτον
3151 2720 3289 2790 μετά
3316 2719 3620 2788 ἀσφαλείας
3669 2719 3766 2772 τὸν
3795 2719 3881 2772 θε-

2285 2800 2469 2872 μέλιον
2493 2799 2816 2854 καταϐαλὼν
2847 2801 3135 2872 δυνήσεται
3167 2803 3302 2874 πρὸς
3322 2804 3446 2858 ὅσον
3470 2803 3720 2874 βούλεται
3749 2803 3880 2872 ὕψος

2281 2885 2493 2954 ἐγεῖραι
2525 2882 2626 2952 τὴν
2641 2884 2953 2955 οίκοδομήν.
2984 2885 3132 2958 Αὕτη
3162 2888 3392 2958 μεγίστη
3418 2888 3713 2954 ἀσφάλεια,
3738 2887 3878 2958 αῦτη

2281 2970 2457 3036 τεῖχος
2497 2967 2759 3038 ἀῤῥαγές.
2807 2967 2944 3038 αὐτη
2988 2967 3195 3039 πύργος
3239 2970 3687 3040 ἀκαταμάχητος,
3740 2971 3878 3040 αὕτη

2283 3050 2465 3102 πᾶσαν
2484 3050 2773 3118 συσφίγγει
2803 3051 2900 3122 τὴν
2929 3051 3242 3122 οἰκοδομὴν,
3264 3053 3363 3106 οὐκ
3382 3054 3602 3121 ἀφιεῖσα
3629 3055 3755 3106 οὐτε
3780 3055 3878 3108 ὑπὸ

2281 3132 2500 3200 ἀνέμων
2531 3134 2915 3206 σφοδρότητος,
2949 3135 3074 3188 οὔτε
3106 3136 3212 3188 ὑπὸ
3238 3137 3338 3207 τῆς
3375 3135 3484 3190 τῶν
3512 3136 3742 3208 ὗμϐρων
3782 3155 3877 3208 φο·

2284 3218 2406 3290 ρᾶς,
2443 3215 2566 3271 οὐτε
2601 3219 2707 3272 ὐπὸ
2729 3219 2830 3290 τῆς
2860 3220 2969 3272 τῶν
3004 3220 3330 3290 πνευμάτων
3357 3219 3477 3290 βίας
3505 3222 3681 3294 αὐτὴν
3710 3239 3879 3277 κατα-

2283 3304 2489 3366 πεσεῖν,
2529 3303 2647 3355 ἀλλ’
2676 3303 2956 3374 ἀνωτέραν
2994 3303 3284 3375 καθίστησι
3337 3304 3518 3375 πάσης
3561 3305 3876 3376 ἐπιϐουλῆς,

2283 3387 2379 3440 xal
2420 3385 2673 3457 καθάπερ
2709 3385 2770 3451 ἐξ
2806 3387 3115 3458 ἀδάμαντός
3155 3405 3297 3452 τινος
3334 3389 3876 3460 κατεσκευασμένην,

2282 3469 2456 3532 οὑτως
2491 3469 2661 3539 αὐτὴν
2686 3468 2986 3540 άχείρωτον
3013 3471 3325 3542 ἐργάζεται,
3355 3471 3446 3524 καὶ
3474 3471 3719 3541 μεγάλας
3746 3473 3880 3543 ἡμῖν

2282 3551 2518 3624 ἀμοιϐὰς
2548 3552 2700 3624 παρά
2733 3553 2831 3622 τῆς
2855 3553 2950 3606 τοῦ
2982 3553 3362 3626 φιλανθρώπου
3389 3554 3524 3608 Θεοῦ
3546 3556 3759 3626 δωρεᾶς
3783 3557 3878 3625 ἐφ-

2282 3636 2517 3689 έλκεται·
2541 3636 2606 3688 δι’
2628 3633 2693 3708 ἧι,
2729 3638 3075 3710 πατριάρχης
3101 3638 3370 3692 τοσούτων
3396 3639 3504 3692 τῶν
3532 3640 3877 3707 ἐπαγγελιῶν

2281 3719 2377 3773 τοῦ
2405 3719 2540 3772 Θεοῦ
2569 3721 2629 3773 τὸ
2656 3720 2885 3790 μέγεθος
2918 3722 3155 3788 ἐδέξατο.
3186 3723 3414 3777 Είσεσθε
3440 3722 3569 3794 γὰρ,
3602 3724 3700 3776 τοῦ
3739 3723 3874 3778 Θεοῦ

2283 3803 2670 3874 ἐπιτρέποντος
2697 3844 2711 3867 ,
2763 3805 2854 3857 καὶ
2911 3806 2974 3858 ἐκ
3022 3806 3122 3875 τῆς
3177 3805 3498 3869 ἀκολουθίας
3568 3807 3678 3859 τῶν
3749 3806 3876 3876 ἑξῆς

2287 3886 2592 3957 μελλόντων
2646 3887 3002 3958 ῥηθήσεσθαι,
3048 3889 3165 3953 πῶς
3211 3891 3306 3943 καὶ
3342 3889 3437 3942 νῦν
3473 3890 3742 3960 ὑπεριδὼν
3765 3890 3876 3943 τῶν

2284 3971 2437 4042 παρὰ
2461 3970 2554 4025 τοῦ
2592 3972 2854 4042 βασιλέως
2893 3973 3144 4042 Σοδόμων
3184 3973 3334 4044 αὐτῴ
3365 3973 3656 4043 διδομένων
3687 3975 3736 4038 1³,
3779 3991 3875 4043 με·

2283 4057 2466 4126 γάλων
2509 4057 2603 4110 καὶ
2648 4058 2871 4124 ἀφάτων
2915 4056 3122 4125 ἠξιώθη
3167 4060 3277 4111 τῶν
3329 4057 3424 4112 τοῦ
3462 4058 3597 4111 Θεοῦ
3631 4058 3870 4128 δωρεῶν.

2283 4143 2383 4194 Διά
2437 4139 2641 4210 ταύτης
2691 4140 2792 4193 οὐκ
2827 4139 2992 4202 αὐτὸς
3041 4140 3221 4210 μόνος,
3253 4140 3390 4194 ἀλλά
3422 4142 3515 4194 καὶ
3550 4141 3657 4193 τῶν
3695 4141 3871 4194 ἀλλων

2281 4223 2506 4278 δικαίων
2559 4224 2790 4285 ἕκαστος
2841 4223 3190 4292 εὐδοκίμησε.
3243 4224 3353 4278 Kal
3403 4223 3581 4284 τοῦτο,
3633 4225 3746 4276 ὅσοι
3785 4243 3873 4293 φι-

2283 4309 2496 4362 λόποιοι
2548 4310 2677 4379 περὶ
2715 4307 2814 4378 τὴν
2845 4307 3149 4374 ἀνάγνωσιν
3185 4307 3293 4360 τῶν
3328 4307 3488 4361 θείων
3535 4307 3681 4380 [560]
3726 4308 3871 4378 Γρα-

2285 4392 2402 4461 φῶν
2451 4394 2596 4453 ἐστε,
2642 4388 2938 4461 δυνήσεσθε
2988 4390 3328 4462 καταμαθεῖν
3391 4391 3664 4461 πανταχοῦ
3719 4393 3871 4459 γινό-

2289 4493 2468 4545 μενον.
2516 4477 2572 4528 ὐ
2594 4475 2702 4546 γάρ
2732 4474 3113 4546 φιλάνθρωπος
3141 4474 3298 4545 ήμῶν
3321 4474 3616 4545 Δεσπότης,
3637 4476 3764 4527 ὅταν
3785 4475 3870 4546 [Bg

2285 4558 2671 4630 ὑπερορῶντας
2699 4560 2846 4630 ἡμᾶς
2867 4559 2974 4612 τῶν
2991 4559 3293 4629 παρόντων,
3320 4559 3458 4629 μετά
3480 4557 3756 4626 δαψιλείας
3775 4560 3872 4611 καὶ

2283 4641 2456 4694 ταῦτα
2488 4640 2740 4711 παρέχει,
2760 4642 2853 4694 καὶ
2885 4641 2994 4694 τῶν
3027 4641 3329 4712 μελλόντων
3359 4644 3490 4712 ήμῖν
3521 4639 3737 4709 ἀγαθῶν
3770 4642 3871 4714 τὴν

2283 4725 2587 4778 ἀπόλαυσιν
2611 4723 2954 4794 ταμιεύεται.
3003 4725 3113 4778 Kal
3133 4725 3292 4778 τοῦτο
3317 4726 3412 4780 καὶ
3428 4727 3519 4779 ἐπὶ
3547 4726 3868 4797 χρημάτων,

2285 4810 2379 4860 καὶ
2408 4809 2501 4861 ἐπὶ
2539 4809 2639 4877 τῆς
2657 4808 2814 4877 δόξης
2835 4806 2930 4860 τοῦ
2973 4809 3241 4879 παρόντος
3266 4809 3403 4880 βίου,
3431 4811 3525 4864 καὶ
3542 4810 3631 4862 ἐπὶ
3651 4811 3870 4864 πάντων

2282 4891 2392 4943 τῶν
2423 4891 2706 4961 ἐπικήρων
2730 4891 3072 4962 πραγμάτων
3098 4892 3246 4946 ἐστὶν
3280 4894 3408 4946 ἰδεῖν
3431 4895 3727 4962 γινόμενον.
3752 4895 3871 4947 Ka-

2284 4974 2643 5044 ταφρονῶμεν
2687 4975 2867 5026 τοίνυν
2901 4975 2996 5027 τοῦ
3051 4977 3315 5046 παρόντος
3371 4977 3621 5040 πλούτου,
3661 4978 3746 5030 Eva
3777 4978 3868 5030 τὶν

2284 5058 2459 5128 ἀληθῆ
2516 5057 2741 5111 πλοῦτον
2796 5057 2978 5128 εὑρεῖν
3025 5057 3364 5129 δυνηθῶμεν·
3398 5061 3733 5131 ὑπερίδωμεν
3765 5060 3867 5130 τῆς

2286 5141 2450 5211 κενῆς
2475 5139 2676 5208 ταύτης
2697 5141 2876 5209 δόξης,
2908 5141 2994 5194 ἵνα
3019 5143 3118 5211 τῆς
3146 5143 3380 5213 ἀληθοῦς
3418 5144 3629 5212 ἐκείνης
3653 5143 3745 5195 καὶ
3780 5143 3868 5212 βεα

2286 5223 2447 5286 ϐαίας
2489 5222 2912 5293 ἀπολαύσωμεν·
2955 5225 3420 5296 καταγελάσωμεν
3466 5227 3565 5296 τῆς
3590 5227 3870 5296 παρούσης

2285 5305 2608 5378 εὐημερίας,
2633 5306 2720 5358 ἵνα
2758 5307 2866 5359 τῶν
2892 5307 3220 5380 ἀπορρήτων
3250 5309 3475 5363 ἐκείνων
3504 5309 3714 5378 ἀγαθῶν
3743 5311 3870 5362 ἐπι-

2284 5391 2559 5460 τύχωμεν·
2597 5389 2762 5459 μηδὲν
2792 5390 3056 5461 ἡγώμεθα
3081 5390 3151 5442 τὰ
3205 5392 3469 5463 παρόντα,
3506 5394 3590 5445 ἴνα
3617 5391 3747 5462 πρὸς
3778 5394 3873 5446 τὸν

2286 5473 2392 5528 τῶν
2425 5473 2725 5544 μελλόντων
2776 5474 2936 5528 πόθον
2975 5473 3322 5544 διεγερθῆναι
3363 5475 3691 5546 δυνηθῶμεν.
3725 5477 3873 5530 Οὐδὲ

2286 5558 2396 5629 γάρ
2420 5553 2532 5612 οἶόν
2552 5574 2614 5609 τε
2648 5557 2738 5610 τὸν
2771 5560 2884 5620 τοῖς
2933 5558 3169 5628 παροῦσι
3198 5559 3616 5630 προσηλωμένον
3645 5559 3874 5614 ἐκείνων

2285 5644 2395 5696 τῶν
2451 5643 2783 5713 ἀπορρήτων
2838 5641 3058 5708 ἀγαθῶν
3107 5641 3199 5694 τὸν
3252 5642 3416 5695 πόθον
3475 5641 3873 5716 καταδέξασθαι

2288 5743 2437 5791 ποτε,
2458 5725 2710 5796 καθάπερ
2733 5724 2912 5796 λήμης
2934 5725 3078 5787 τινὸς
3101 5727 3215 5788 τοῖς
3233 5725 3532 5796 ὀφθαλμοῖς
3558 5726 3651 5780 τοῦ
3683 5724 3874 5796 σῶμα·

2349 5848 2523 5912 ’Βεῃ
2550 5856 2603 5898 ει
2626 5848 2874 5912 Savil._§q’
2895 5850 3046 5912 ὑμῶν.
3071 5848 3289 5912 ngguor
3308 5862 3424 5912 mss.
3447 5851 3525 5912 ὑφ’
3545 5851 3694 5912 ἡμῶν,
3717 5857 3873 5912 atque

2349 5866 2376 5879 “
2402 5866 2523 5909 neg.
2550 5866 2603 5898 ει
2627 5866 2776 5897 aavu.
2797 5866 2826 5895 ν
2865 5866 2873 5873 ’
2895 5866 3046 5909 υμων.
3071 5866 3289 5907 quatuor
3308 5866 3424 5898 mss.
3447 5866 3523 5912 ὑφ’
3545 5866 3694 5912 ημων,
3717 5866 3867 5912 atque

2288 5913 2354 5960 ita
2384 5909 2508 6020 legi:
2533 5921 2717 5981 mterp.
2786 5866 2918 5959 ὶιξὶε
2947 5911 3058 5960 Sav.
3084 5909 3275 5959 elﬂor.
3309 5911 3408 5986 ξθι
3443 5924 3557 5960 mss.

2288 5972 2412 6020 Infra
2437 6003 2450 6017 .
2502 5972 2586 6019 nl.
2616 5977 2671 6018 el
2700 5979 2895 6020 sentem
2935 5986 3049 6020 mss.
3084 5973 3193 6020 ὅσοι
3224 5973 3487 6020 odorum»
3516 5989 3620 6020 πεοι
3645 5974 3728 6020 τὴν
3753 5988 3867 6020 arva.

2287 5972 2412 6022 Infra
2437 5972 2586 6042 εδδ-ιι.
2609 5977 2671 6042 ,ει
2700 5979 2895 6042 septem
2935 5986 3049 6042 mss.
3084 5973 3193 6042 δσοι
3224 5973 3487 6042 φιλότεχνοι
3516 5975 3620 6036 περὶ
3645 5974 3728 6042 τὴν
3753 5973 3873 6020 ἀνά.

2285 6049 2476 6093 γνωσιν.
2504 6032 2675 6080 ιροιίο
2697 6046 2808 6092 qua
2837 6035 2885 6082 in
2908 6041 3146 6084 conlexlu
3171 6032 3589 6098 legimuhempe‘
3605 6035 3864 6096 φιλόπονοι,

2285 6092 2439 6158 magis
2460 6093 2660 6142 arridet.
