4060 6414
189 464 288 519 3:29

190 581 332 642 t-iros,
365 578 634 650 equitatum
662 589 826 634 autem
857 579 971 633 tolle
1000 579 1105 632 tibi.
1148 578 1376 632 Honesta
1405 577 1542 645 regis
1567 576 1754 644 gratia,

189 668 276 722 sed
320 669 439 722 vide
473 669 600 737 justi
648 670 1054 739 philosottliiam.
1084 669 1172 722 Ἡ.
1212 669 1352 722 Dixit
1389 677 1552 720 autem
1580 668 1762 720 Abram

188 759 286 828 regi
325 758 660 813 Sodomorum
690 775 709 814 :
740 759 1024 814 Extendunt
1062 776 1265 814 manum
1308 776 1467 814 meam
1495 758 1562 810 ad
1600 757 1762 810 Deum

187 851 496 911 altissimum,
525 851 613 919 qui
637 851 754 920 fecit
781 852 958 905 ratium
986 861 1034 905 et
1061 860 1265 916 terram,
1293 850 1383 905 25.
1414 851 1455 903 si
1479 867 1510 902 a
1536 848 1763 920 funiculo

188 957 337 1010 usque
359 941 427 993 ad
455 942 812 1010 sphwroterem
836 941 1157 996 calceamenti
1176 942 1422 1011 accipiam
1448 942 1510 994 de
1533 941 1762 994 omnibus

187 1033 282 1084 tuis
306 1047 324 1084 :
349 1042 404 1084 ut
430 1048 489 1084 ne
509 1033 666 1098 dicas,
691 1030 804 1103 Ego
826 1032 980 1086 ditavi
1005 1032 1211 1084 Abram.
1238 1031 1421 1102 Magna
1447 1030 1760 1100 patriarcha“:

189 1119 236 1172 in
266 1123 666 1177 (onteinnendis
689 1122 885 1178 divitiis
920 1123 1108 1177 virtus.
1153 1123 1216 1176 Et
1252 1123 1402 1191 cujus
1430 1123 1596 1192 gratia
1636 1137 1758 1176 cum

185 1205 483 1273 iuramento
512 1222 717 1267 recusat
759 1221 813 1268 et
847 1213 977 1268 dicit
1007 1232 1019 1268 :
1047 1212 1335 1267 Extendunt
1362 1229 1567 1266 manum
1596 1228 1759 1265 meam

188 1304 252 1357 ad
280 1301 438 1356 Deum
461 1307 802 1368 altissimum,
829 1305 913 1372 qui
940 1305 1125 1357 creavit
1150 1305 1329 1358 ratium
1352 1313 1396 1358 et
1423 1304 1654 1357 terram?

253 1395 303 1449 6.
334 1394 447 1448 Duo
492 1395 648 1449 simul
689 1394 882 1450 docere
922 1395 1030 1449 vult
1070 1395 1422 1449 Sodomorum
1468 1409 1666 1462 regem,
1697 1407 1759 1448 se

190 1485 396 1540 minime
434 1485 551 1554 capi
579 1484 733 1539 donis
761 1500 878 1554 quae
903 1485 970 1539 ab
1000 1485 1112 1554 ipso
1135 1485 1492 1540 offerebantur
1515 1525 1530 1550 ,
1557 1493 1609 1537 et
1639 1497 1756 1536 ma-

188 1592 335 1646 gnam
368 1577 719 1648 philosophiae
756 1577 982 1633 formam
1024 1578 1257 1632 indicare
1282 1577 1441 1641 velle,
1464 1590 1527 1630 ac
1549 1574 1758 1645 pietatis

185 1670 447 1725 doctorem
469 1672 516 1725 ei
547 1671 658 1725 fieri
688 1670 920 1735 studere,
939 1684 1001 1728 ac
1029 1671 1071 1723 si
1102 1669 1342 1724 instituat
1363 1669 1510 1722 illum
1538 1668 1620 1722 his
1635 1683 1756 1723 ver-

188 1761 302 1816 bis:
335 1761 482 1814 Illum
531 1760 622 1815 tibi
664 1769 850 1817 testem
888 1757 1136 1828 adhibeo,
1165 1776 1250 1815 me
1279 1759 1410 1814 nihil
1436 1767 1643 1814 tuarum
1673 1774 1758 1814 re-

188 1869 295 1906 rum
316 1865 675 1923 accepturum,
699 1853 870 1920 illum,
890 1869 1126 1924 inquam,
1141 1854 1374 1907 omnium
1390 1851 1752 1918 Conditorem,

189 1954 242 1997 ut
287 1958 442 1998 nosse
483 1944 656 2014 possis
699 1945 864 2000 Deum
912 1945 1172 2007 omnium.
1201 1953 1254 1999 et
1296 1959 1363 1998 ne
1403 1943 1592 1998 credas
1637 1958 1756 1999 esse

185 2034 305 2091 deos
333 2051 391 2090 ea
418 2051 540 2105 quae
568 2037 635 2091 ab
666 2035 936 2090 hominum
979 2035 1224 2090 manibus
1269 2034 1613 2090 fabricantur.
1662 2035 1755 2090 Ille

187 2127 318 2180 enim
347 2127 460 2180 caeli
485 2137 537 2181 et
563 2133 719 2181 terra:
749 2127 1022 2190 Conditor,
1051 2125 1139 2180 ille
1158 2135 1212 2181 et
1238 2125 1388 2181 nobis
1411 2125 1462 2179 in
1487 2127 1586 2179 hoc
1616 2126 1754 2180 bello

187 2217 405 2271 victoria:
433 2226 493 2272 et
534 2216 782 2288 triumphi
825 2227 1029 2271 auctor.
1075 2216 1150 2272 Ne
1178 2216 1336 2286 igitur
1361 2224 1639 2286 exspectes
1669 2231 1756 2272 me

185 2308 435 2377 quidpiam
461 2323 528 2363 ex
551 2309 702 2362 donis
727 2309 826 2362 tuis
851 2318 1210 2377 accepturum.
1236 2307 1417 2378 Neque
1445 2309 1584 2362 enim
1614 2324 1754 2362 mer-

184 2398 318 2453 cedis
352 2401 522 2469 gratia
553 2399 836 2454 vindictam
881 2398 1002 2464 feci,
1043 2400 1135 2455 sed
1182 2400 1406 2469 primum
1448 2399 1519 2454 ob
1558 2401 1756 2455 amoris

183 2489 432 2559 allectum,
473 2507 630 2562 quem
661 2507 784 2562 erga
821 2492 996 2546 fratris
1029 2494 1130 2547 mei
1159 2493 1324 2547 ﬁlium
1345 2508 1476 2562 gero
1515 2508 1532 2547 :
1565 2493 1756 2549 deinde

179 2589 230 2634 et
263 2591 483 2650 propter
510 2582 676 2652 ipsius
709 2581 928 2650 justitian
965 2582 1216 2650 officium,
1245 2590 1302 2637 ut
1339 2598 1370 2638 e
1408 2583 1753 2637 barbarorum

182 2671 410 2727 manibus
435 2674 704 2742 eriperem
729 2673 922 2742 injuste
950 2673 1226 2728 abductos.
1255 2674 1313 2728 Si
1343 2691 1375 2727 a
1399 2675 1643 2743 funiculo,
1673 2676 1754 2728 in-

179 2762 300 2832 quit,
323 2780 492 2835 usque
517 2765 584 2816 ad
609 2765 962 2835 sphwroterem
983 2765 1138 2819 calcei
1162 2765 1404 2834 accipiam
1430 2765 1494 2819 de
1515 2766 1612 2819 tuis
1641 2782 1753 2818 om-

180 2853 310 2907 nibus
334 2854 480 2908 :hoc:
504 2863 604 2919 est,
631 2854 761 2908 nihil
793 2864 898 2908 tam
924 2855 1046 2921 vile,
1076 2869 1174 2911 nec
1204 2864 1307 2909 tam
1337 2855 1482 2909 nihili
1516 2855 1751 2909 habitum

182 2953 258 2997 est
275 2945 407 3014 quod
428 2953 753 3013 accepturus
769 2945 891 2999 sim.
915 2945 1044 2998 Nam
1067 2943 1444 3014 sphaeroterem
1475 2945 1549 3016 (a)
1581 2945 1754 3000 solent

187 3048 363 3088 vocare
403 3035 610 3104 apicem
655 3035 850 3101 calcei,
894 3035 983 3106 qui
1028 3037 1079 3090 in
1115 3051 1336 3091 acumen
1381 3035 1574 3092 desinit
1603 3055 1615 3090 :
1647 3052 1754 3107 quo

187 3124 466 3179 calceorum
507 3141 709 3196 genere
753 3126 963 3181 barbari
1003 3137 1325 3182 consuerunt
1370 3129 1462 3182 uti.
1525 3129 1656 3183 Exin
1701 3140 1755 3186 et

189 3227 405 3280 causam,
427 3231 597 3286 quare
638 3216 878 3286 accipere
932 3217 1206 3283 detrectet,
1238 3218 1406 3273 dicit:
1443 3217 1513 3274 Ut
1560 3237 1622 3274 ne
1670 3221 1753 3274 di-

187 3306 430 3378 cas:Ego
455 3308 754 3378 locupletavi
780 3308 984 3362 Abram.
1030 3309 1208 3364 Habeo
1249 3311 1434 3374 Deum,
1465 3313 1553 3382 qui
1598 3312 1754 3368 innu-

188 3413 318 3454 mera
340 3401 464 3455 mihi
491 3401 795 3470 suppeditet
822 3401 958 3456 bona
985 3444 1000 3469 ,
1029 3417 1260 3472 superno
1286 3403 1483 3458 innitor
1508 3405 1705 3460 auxilio
1734 3423 1749 3462 :

189 3504 284 3544 non
321 3506 449 3560 opus
486 3491 620 3546 mihi
651 3491 847 3546 divitiis
875 3492 996 3557 tuis,
1026 3508 1129 3546 non
1159 3492 1368 3563 indigeo
1394 3493 1637 3549 humanis
1667 3495 1748 3548 fa-

187 3579 470 3650 cultatibus,
493 3589 776 3637 contentus
792 3597 910 3638 sum
935 3583 1021 3638 Dei
1046 3583 1097 3637 in
1121 3598 1206 3639 me
1226 3583 1571 3638 beneﬁcentia
1598 3602 1613 3639 :
1640 3586 1752 3640 scio

188 3668 316 3724 illius
342 3671 657 3741 largitatem.
685 3672 873 3728 Paucis
897 3681 951 3727 et
974 3673 1161 3729 vilibus
1189 3674 1327 3728 cessi
1351 3689 1470 3728 meo
1490 3674 1610 3742 Lot,
1639 3691 1752 3730 ma-

187 3775 306 3828 gnas
339 3770 392 3817 et
426 3761 724 3818 ineffabiles
748 3763 1132 3833 promissiones
1167 3773 1483 3834 assequutus
1519 3782 1668 3832 sum,
1696 3773 1753 3822 et

188 3869 314 3910 nunc
340 3856 600 3926 majorum
627 3856 926 3910 divitiarum
955 3857 1243 3927 negotiatio
1269 3857 1397 3912 mihi
1426 3867 1528 3924 est,
1558 3866 1612 3913 et
1641 3873 1754 3912 ma-

179 3944 340 4014 jorem
367 3947 478 4017 ejus
503 3947 727 4018 gratiam
750 3947 876 4001 mihi
897 3947 1143 4012 concilio,
1165 3963 1330 4018 quare
1350 3963 1481 4018 opes
1503 3957 1618 4003 tuas
1645 3965 1749 4004 non

186 4037 393 4106 accipio.
422 4038 548 4094 Ideo
574 4048 770 4106 autem,
797 4040 1006 4110 opinor,
1032 4039 1457 4110 ctjuramentum
1488 4040 1747 4109 adhibuit,

187 4137 237 4181 et
257 4129 382 4184 dixit
403 4130 721 4185 :Extendam
749 4148 951 4185 manum
972 4148 1133 4185 meum
1153 4132 1219 4185 ad
1240 4131 1403 4186 Deum
1430 4133 1747 4200 altissimum,

187 4228 239 4274 ut
273 4237 336 4276 ne
378 4233 524 4292 putet
554 4238 674 4278 eum
702 4224 770 4278 ita
799 4225 1071 4289 simulare,
1098 4232 1157 4278 ut
1192 4223 1465 4294 probabile
1490 4233 1574 4280 est
1607 4239 1751 4294 saepe

186 4314 480 4382 contingere
513 4333 526 4369 :
556 4315 648 4369 sed
669 4304 883 4371 ut'sciat
909 4315 1009 4371 hoc
1040 4316 1107 4370 ita
1133 4315 1290 4386 plane
1315 4315 1586 4372 decretum
1611 4317 1751 4388 apud

187 4401 370 4458 Abram
391 4447 403 4467 ,
434 4417 496 4460 ut
532 4418 603 4460 ne
631 4403 714 4462 vel
753 4408 1028 4462 minimum
1053 4407 1177 4478 quid
1205 4408 1328 4463 inde
1355 4407 1454 4463 sibi
1483 4409 1747 4478 seligeret.

186 4491 347 4560 Atque
391 4496 458 4549 ita
509 4495 759 4566 implebat
797 4498 1101 4552 mandatum
1140 4498 1268 4553 illud
1312 4497 1454 4568 quod
1478 4513 1508 4553 a
1539 4500 1752 4555 Christo

184 4582 439 4653 discipulis
487 4597 571 4642 est
621 4589 798 4644 datum
835 4607 849 4644 :
882 4589 1051 4645 Gratis
1091 4593 1384 4661 accepistis,
1434 4595 1591 4663 gratis
1636 4595 1752 4649 date

186 4673 384 4741 (Matth.
424 4678 510 4732 10.
543 4678 620 4749 8).
644 4679 778 4733 Num
809 4696 928 4751 ego,
961 4681 1150 4750 inquit,
1182 4681 1322 4736 aliud
1352 4682 1478 4752 quid
1515 4684 1580 4737 ad
1627 4684 1749 4739 belli

187 4777 288 4817 rem
329 4768 501 4832 attuli,
547 4779 892 4839 praeterquam
925 4771 1250 4825 voluntatem
1295 4779 1350 4826 et
1384 4773 1750 4829 alacritatem?

189 4853 460 4912 Victoriam
487 4871 663 4914 autem
684 4902 700 4928 ,
732 4871 785 4917 et
812 4861 1159 4930 triumphum,
1182 4877 1243 4917 ac
1276 4871 1468 4917 caetera
1500 4875 1750 4934 operatus

182 4958 258 5003 est
285 4950 372 5006 ille
402 4953 646 5007 invisibili
672 4956 883 5010 virtute.
934 4954 1135 5010 Deinde
1175 4963 1233 5009 ut
1278 4969 1346 5010 ne
1385 4964 1594 5024 putaret
1633 4972 1748 5024 rex,

182 5037 344 5105 ipsum
374 5056 440 5095 ex
468 5043 714 5111 superbia
739 5055 791 5098 et
815 5052 1120 5114 contemptu
1159 5059 1280 5114 qua:
1308 5046 1374 5099 ab
1399 5059 1464 5099 eo
1489 5045 1751 5101 dabantur

183 5143 279 5182 non
302 5132 562 5202 accipere,
585 5133 862 5189 declarans
889 5149 1038 5188 suam
1063 5144 1118 5189 et
1141 5134 1193 5188 in
1221 5133 1323 5190 hoc
1344 5134 1745 5202 humanitatem,

179 5226 228 5270 et
253 5219 666 5290 philosOphicam
693 5234 946 5289 mentem,
976 5224 1146 5293 inquit
1172 5241 1187 5278 :
1215 5223 1302 5279 24.
1326 5223 1442 5279 Νοη
1465 5225 1745 5294 accipiam,

179 5311 389 5379 exceptis
427 5313 490 5364 iis
527 5329 638 5380 qua:
679 5315 996 5368 comederunt
1019 5315 1251 5384 juvenes,
1281 5324 1329 5368 et
1357 5315 1585 5382 portione
1611 5315 1747 5367 viro-

183 5410 286 5450 rum
313 5401 400 5468 qui
429 5417 619 5454 mecum
648 5413 905 5466 venerunt,
937 5402 1145 5470 Eschol,
1173 5404 1378 5470 Aunan,
1405 5403 1668 5467 Humbre;
1711 5404 1750 5457 ii

181 5488 417 5556 accipient
459 5490 754 5558 porticum.
801 5492 928 5558 Hos,
966 5493 1150 5562 inquit,
1183 5493 1480 5562 permittam
1507 5493 1750 5562 accipere

199 5674 222 5688 .,
237 5614 310 5688 (α)
341 5623 390 5666 ιιι
412 5624 594 5688 Simo,»
617 5638 860 5685 *βιραηῆμο
901 5631 1042 5673 ιόιτο
1073 5637 1274 5688 mi
1294 5622 1421 5686 globi
1442 5623 1647 5686 formam
1665 5637 1750 5686 ρο·

181 5679 269 5748 tius
293 5679 612 5748 exprimeret,
630 5679 772 5748 gnam
787 5679 1010 5733 acumen.
1030 5679 1206 5734 Verum
1229 5679 1354 5748 apud
1378 5679 1490 5733 Lx'x
1508 5679 1751 5748 Interpre-

181 5741 268 5792 ιρι,
292 5755 514 5802 σψᾳηήρι,
542 5739 739 5804 legiiur,
776 5757 921 5806 quam
943 5758 1113 5795 vocem
1156 5739 1550 5809 interpretantur,
1591 5739 1749 5796 co'rri-

181 5817 317 5862 giam.
344 5815 438 5858 vox
461 5811 690 5862 Hebraica
707 5821 800 5875 est,
816 5811 978 5885 ΤΠΨ,
1000 5817 1224 5882 corrigia.
1236 5827 1415 5869 Omnes
1428 5816 1546 5868 Editi
1564 5823 1618 5867 et
1637 5821 1745 5866 MSS.

180 5885 502 5950 αηῒιοαοωὶ,
529 5914 766 5959 σμφνπῆμ,
794 5899 990 5949 habent.

1199 459 1264 515 IN
1291 458 1442 514 CAP.
1485 457 1622 512 XIV.
1658 454 1904 512 GENES.
1949 455 2180 510 llOMlL.
2222 457 2436 513 XXXV.

3346 466 3451 522 330

1875 572 2172 640 portionem
2201 574 2449 643 aliquam,
2480 575 2730 644 quoniam
2759 575 2986 646 ingentis
3010 577 3258 633 amicitia:
3280 583 3454 646 speci-

1871 678 1991 716 men
2033 664 2386 719 declararunt.
2437 663 2508 719 Hi
2543 666 2683 720 enim
2714 677 2876 733 erant,
2908 667 3094 738 inquit,
3128 670 3455 740 coufwderati

1868 753 2019 807 Abrae
2040 769 2060 808 :
2088 755 2187 809 hoc
2213 765 2314 822 est,
2345 755 2574 810 amicitia
2601 756 2868 826 conjuncti
2900 774 2913 810 :
2945 758 3084 828 quod
3117 758 3238 814 hinc
3266 770 3450 816 osten-

1867 842 2013 901 ditur
2040 845 2160 914 quia
2205 846 2257 900 in
2297 857 2500 916 partem
2542 848 2895 917 periculorum
2921 863 3043 906 cum
3071 865 3136 904 eo
3164 861 3446 906 venerunt.

1867 932 2017 988 Unde
2043 951 2384 991 remunerare
2415 938 2600 994 volens
2621 953 2734 1005 eos,
2765 937 2888 994 facit
2913 951 2968 994 ut
2993 949 3194 1009 partem
3217 942 3447 1012 aliquant

1865 1024 2161 1093 accipiant,
2193 1029 2536 1094 apostolicam
2565 1028 2734 1098 legem
2765 1029 2925 1084 etiam
2966 1031 3018 1085 in
3051 1031 3153 1086 hoc
3183 1032 3407 1102 implens
3429 1074 3443 1096 ,

1864 1129 1984 1184 qua:
2007 1115 2135 1171 dicit
2165 1134 2177 1170 :
2208 1117 2401 1188 Dignus
2427 1130 2500 1172 est
2525 1121 2785 1190 operarius
2809 1119 3049 1174 alimento
3083 1138 3177 1176 suo
3217 1121 3237 1194 (
3262 1123 3444 1176 Matth.

1865 1204 1952 1259 10.
1984 1205 2082 1268 i0;
2110 1205 2235 1261 Luc.
2267 1207 2352 1263 10.
2380 1209 2454 1278 7).
2484 1209 2620 1262 Nihil
2648 1211 2789 1265 enim
2819 1225 2912 1265 eos
2939 1212 3074 1266 ultra
3108 1228 3258 1266 usum
3289 1228 3446 1267 suum

1863 1297 2105 1365 accipere
2128 1300 2415 1367 permittit;
2450 1299 2579 1355 dicit
2603 1301 2745 1354 enim
2778 1317 2792 1354 :
2823 1301 3062 1369 Exceptis
3085 1302 3146 1356 iis
3168 1319 3284 1372 qua:
3310 1320 3450 1357 rom-

1863 1387 2071 1442 ederunt
2084 1391 2312 1460 juvenes,
2339 1402 2384 1446 et
2415 1393 2640 1462 portione
2665 1410 2837 1447 eorum
2861 1394 2946 1463 qui
2971 1411 3163 1448 mecum
3182 1407 3444 1461 venerunt,

1862 1475 2071 1544 Eschol,
2105 1481 2309 1549 Aunan,
2342 1482 2604 1546 Mambre;
2634 1483 2671 1536 ii
2689 1485 2933 1552 accipient
2962 1485 3261 1554 portionem.
3296 1487 3442 1540 Vidi-

1862 1570 1958 1622 stis
1999 1571 2314 1640 exquisitam
2367 1573 2684 1643 patriarcha:
2725 1575 2996 1642 virtutem,
3030 1577 3296 1646 quomodo
3323 1593 3442 1633 eam

1861 1660 2253 1732 philosophiam
2293 1665 2575 1731 exhibeat,
2624 1683 2740 1737 qua:
2781 1684 2940 1738 opum
2985 1678 3345 1738 contemptum
3391 1679 3448 1725 et

1863 1751 2177 1807 modestiam
2210 1755 2445 1826 respicit,
2475 1755 2710 1826 nihilque
2739 1773 2842 1812 non
2869 1767 3024 1828 agat,
3053 1768 3110 1812 ut
3135 1775 3201 1815 ne
3234 1775 3326 1829 per
3352 1775 3442 1814 ar-

1862 1843 2160 1910 rogantiam
2185 1854 2240 1899 et
2268 1858 2631 1917 contemptum
2663 1848 2715 1902 id
2737 1849 2910 1904 facere
2934 1850 3191 1919 videatur,
3217 1867 3390 1922 neque
3411 1867 3444 1908 e

1859 1933 2079 1987 victoria
2107 1937 2412 2006 superbiat?

1932 2025 1981 2078 7.
2017 2023 2232 2082 Moralis
2259 2029 2560 2084 exhortatio.
2579 2061 2650 2072 —
2678 2030 2863 2088 Talem
2891 2034 3063 2088 virum
3096 2035 3362 2091 imitemur
3389 2047 3441 2092 et

1861 2131 1977 2180 nos,
2006 2117 2249 2182 obsecro,
2271 2129 2324 2174 et
2342 2135 2558 2190 Operam
2583 2121 2791 2188 demus,
2819 2134 2876 2178 ut
2901 2125 3122 2180 invictos
3146 2143 3242 2182 nos
3261 2137 3441 2182 custo-

1860 2205 2085 2273 diamus,
2125 2218 2180 2262 et
2223 2225 2394 2280 neque
2436 2211 2647 2266 virtutis
2685 2213 2905 2268 obtentu
2943 2215 3204 2283 superbia:
3246 2217 3437 2272 famam

1859 2298 2224 2368 aequiramus,
2251 2317 2422 2372 neque
2451 2304 2724 2360 modestiae
2751 2305 2970 2360 obtentu
2994 2308 3240 2362 virtutem
3268 2311 3438 2380 negli-

1857 2402 2045 2457 gamus
2079 2408 2092 2443 :
2128 2392 2223 2448 sed
2255 2392 2447 2464 ubique
2475 2395 2689 2450 modum
2715 2409 2988 2451 servemus
3007 2439 3022 2463 ,
3053 2405 3106 2452 et
3133 2397 3286 2453 bonis
3307 2414 3440 2469 ope-

1860 2479 2010 2535 ribus
2039 2483 2235 2537 nostris
2264 2483 2639 2553 humilitatem,
2667 2487 2816 2557 quasi
2847 2487 3245 2544 fundamentum
3274 2500 3329 2546 et
3357 2491 3443 2546 ba-

1859 2571 1960 2625 sim
1986 2571 2362 2643 subjicianius,
2401 2585 2460 2630 ut
2487 2591 2674 2632 secure
2697 2594 2814 2648 qua:
2842 2577 2909 2633 ad
2932 2580 3176 2634 virtutem
3199 2591 3444 2650 spectant

1858 2672 2169 2719 construere
2189 2666 2477 2721 valeamus.
2518 2667 2644 2724 Haec
2679 2668 2821 2725 enim
2844 2684 2969 2725 vere
2989 2671 3152 2725 virtus
3185 2679 3284 2736 est,
3321 2689 3440 2742 quae

1857 2755 2193 2822 eonjunctam
2222 2756 2384 2812 habet
2402 2757 2772 2814 humilitatem.
2796 2760 2895 2825 Qui
2919 2759 3019 2814 hoc
3038 2759 3438 2818 fundamentum

1858 2851 1972 2897 tuto
1993 2844 2202 2914 jecerit,
2233 2850 2425 2916 poterit
2466 2849 2517 2904 in
2559 2859 2808 2920 quantam
2838 2851 3065 2906 voluerit
3101 2852 3436 2910 altitudinem

1856 2944 2173 2992 structuram
2202 2942 2451 2996 excitare.
2500 2942 2624 2997 llaec
2665 2944 2890 2998 maxima
2929 2952 3011 2998 cst
3052 2947 3293 3014 munitio,
3324 2946 3440 3002 hinc

1858 3041 2040 3082 murus
2076 3029 2442 3096 inconcussus,
2490 3033 2604 3088 hare
2644 3033 3063 3104 inexpugnabilis
3106 3036 3286 3101 turris,
3321 3036 3438 3093 haec

1857 3131 2016 3173 omne
2044 3121 2278 3177 continet
2298 3123 2602 3191 aediﬁcium,
2632 3141 2738 3179 non
2758 3125 2939 3179 sinens
2965 3127 3136 3196 ipsum
3158 3128 3239 3182 vel
3261 3144 3290 3180 a
3311 3143 3439 3183 ven-

1858 3219 2029 3264 torum
2048 3211 2312 3279 violentia,
2335 3215 2414 3269 vel
2441 3215 2507 3270 ab
2531 3215 2781 3273 imbrium
2805 3216 3028 3286 impetu,
3049 3219 3131 3272 vel
3158 3233 3189 3272 a
3218 3217 3438 3274 ﬂatuum

1854 3305 1906 3359 vi
1935 3303 2089 3374 dejiei
2123 3323 2136 3360 :
2165 3306 2259 3361 sed
2301 3307 2549 3362 omnibus
2588 3307 2794 3363 insidiis
2840 3309 3167 3364 inaccessum
3197 3309 3355 3375 facit,
3385 3320 3440 3366 ct

1856 3395 2129 3464 invictum,
2161 3397 2310 3468 quasi
2337 3414 2399 3453 ex
2427 3399 2704 3454 adamante
2731 3407 3096 3454 constructum
3125 3408 3287 3466 esset,
3320 3416 3438 3455 ma—

1855 3501 2090 3557 gnasque
2127 3487 2281 3543 nobis
2309 3489 2500 3545 divinae
2541 3489 2794 3561 largitatis
2830 3491 3105 3546 mercedes
3131 3489 3303 3548 affert.
3335 3491 3438 3547 Per

1855 3576 1994 3633 hanc
2018 3588 2071 3633 et
2098 3580 2396 3649 patriarcha
2429 3589 2693 3636 tantarum
2722 3582 2812 3637 Dei
2839 3583 3250 3653 promissionum
3280 3597 3438 3638 acce-

1855 3668 1933 3737 pit
1966 3670 2404 3740 magnitudinem.
2447 3671 2606 3727 Scitis
2643 3673 2807 3738 enim,
2838 3675 3176 3743 permittente
3212 3675 3342 3739 Deo,
3369 3689 3435 3729 ex

1855 3760 1922 3815 iis
1948 3775 2067 3829 quae
2108 3761 2158 3815 in
2201 3761 2544 3831 sequentibus
2587 3762 2864 3830 dicentur,
2896 3763 3164 3832 quomodo
3193 3780 3349 3830 nunc,
3381 3776 3441 3821 ut

1853 3852 2174 3921 contempsit
2209 3867 2272 3908 ea
2309 3868 2429 3922 quae
2469 3854 2694 3908 daturus
2735 3862 2850 3908 erat
2897 3852 3249 3909 Sodomorum
3296 3871 3391 3910 rex
3419 3897 3436 3923 ,

1855 3957 2043 4012 magna
2081 3952 2136 3999 et
2172 3943 2454 4000 ineﬂ'abilia
2494 3944 2588 3998 Dei
2625 3943 2762 3999 dona
2803 3955 3160 4015 consequutus
3195 3955 3296 4001 est.
3337 3947 3440 4005 Per

1855 4031 1994 4087 hanc
2019 4049 2122 4087 non
2154 4034 2244 4089 ille
2272 4035 2444 4088 solum
2469 4075 2486 4099 ,
2522 4035 2616 4090 sed
2657 4045 2708 4090 et
2743 4035 2870 4102 justi
2903 4051 3089 4091 omnes
3115 4038 3355 4094 celebres
3381 4050 3436 4096 et

1851 4121 1982 4176 clari
2005 4121 2238 4176 fuerunt.
2273 4123 2348 4189 ld,
2379 4132 2635 4192 quotquot
2659 4124 2787 4179 estis
2808 4123 3102 4198 divinarum
3135 4125 3434 4198 Scriptura-

1854 4229 1972 4268 rum
2016 4214 2261 4270 lectionis
2301 4215 2543 4282 studiosi,
2573 4216 2847 4271 addiscere
2878 4217 3134 4286 poteritis.
3166 4219 3435 4291 Benignus

1853 4305 1996 4362 enim
2024 4306 2277 4360 Dominus
2297 4306 2508 4376 quando
2533 4321 2631 4361 nos
2656 4306 2800 4361 videt
2827 4307 3100 4377 despicere
3130 4311 3432 4380 prmsentia,

1853 4399 2013 4454 etiam
2061 4400 2173 4470 ipsa
2217 4400 2415 4469 largius
2458 4399 2796 4470 suppeditat,
2833 4400 3093 4472 nobisque
3135 4401 3433 4460 futurorum

1855 4490 2114 4546 bonorum
2146 4489 2372 4545 fructum
2403 4490 2664 4546 recondit.
2694 4490 2886 4546 Videre
2916 4491 3017 4547 hoc
3039 4501 3189 4562 potes
3215 4485 3268 4549 iu
3295 4495 3435 4551 divi-

1854 4580 1974 4645 tiis,
2011 4581 2064 4634 in
2100 4581 2266 4651 gloria
2297 4580 2451 4651 hujus
2478 4581 2620 4647 vitae,
2652 4590 2706 4636 et
2735 4582 2789 4638 in
2815 4583 3062 4639 omnibus
3089 4584 3207 4642 aliis
3231 4594 3432 4658 tempo-

1855 4673 2054 4727 ralibus
2079 4673 2258 4727 rebus.

1926 4763 2007 4814 Ad
2023 4771 2360 4830 contemptum
2388 4763 2631 4817 bonorum
2656 4763 2812 4834 hujus
2831 4765 2945 4818 vita:
2963 4765 3211 4819 hortatur.
3228 4796 3300 4807 —
3328 4767 3436 4824 De-

1855 4852 2142 4922 spiciamus
2183 4853 2342 4922 igitur
2377 4862 2668 4922 praesentes
2693 4854 2926 4920 divitias,
2954 4863 3013 4909 ut
3042 4869 3194 4911 veras
3223 4857 3435 4916 divitias

1856 4943 2096 4997 invenire
2115 4943 2420 5007 valeamus;
2449 4943 2802 5011 despiciamus
2819 4957 3008 4997 vanam
3032 4943 3167 4999 hanc
3187 4945 3431 5016 gloriam,

1855 5045 1910 5087 ut
1934 5048 2058 5086 vera
2086 5033 2170 5086 illa
2202 5044 2254 5088 et
2274 5032 2441 5088 solida
2467 5033 2738 5096 fruamur;
2763 5031 3096 5088 derideamus
3119 5047 3432 5103 praesentem

1855 5125 2297 5193 prosperitatem,
2347 5132 2404 5178 ut
2453 5139 2645 5179 arcana
2704 5125 2790 5178 illa
2835 5124 2972 5178 bona
3009 5139 3432 5196 consequamur;

1855 5213 2005 5267 nihili
2039 5214 2290 5268 faciamus
2319 5214 2628 5282 przesentia,
2655 5222 2714 5268 ut
2740 5215 2806 5269 ad
2836 5213 3010 5270 futura
3035 5217 3251 5286 praemia
3283 5219 3430 5272 exci-

1854 5306 1952 5359 tari
1981 5305 2272 5360 valeamus.
2298 5303 2481 5373 Neque
2500 5306 2642 5360 enim
2675 5306 2924 5374 possibile
2954 5315 3068 5374 est,
3096 5317 3154 5362 ut
3181 5309 3271 5378 qui
3299 5325 3431 5378 pra--

1854 5397 2093 5451 sentibus
2125 5406 2207 5450 est
2243 5396 2514 5464 addictus,
2559 5397 2899 5452 inetl'abilium
2940 5399 3198 5454 bonorum
3226 5402 3441 5457 deside-

1855 5489 1991 5542 rium
2018 5488 2282 5557 concipiat
2315 5504 2563 5558 umquam
2591 5490 2690 5561 (a),
2716 5492 2852 5544 sicut
2872 5491 3184 5560 lippitudine
3203 5492 3426 5562 quadam

1856 5577 2042 5633 oculos
2082 5577 2383 5647 obtegente,
2412 5578 2483 5632 ita
2526 5579 2866 5649 praesentium
2896 5580 3186 5650 cupiditate
3220 5581 3438 5640 intelle-

1918 5711 1992 5784 (α)
2029 5719 2157 5784 Mens
2176 5712 2240 5760 Ch
2284 5775 2293 5784 ι
2353 5711 2496 5761 stomi
2520 5715 2728 5783 est,_non
2912 5723 3032 5782 eum.
3048 5711 3130 5773 qui
3145 5711 3297 5760 rebus
3310 5725 3439 5774 pra-

1918 5774 2076 5822 ntibus
2095 5777 2158 5821 snt
2189 5724 2423 5822 admscﬁus.
2447 5772 2717 5822 antestium
2738 5723 2973 5822 mum
2993 5773 3136 5822 simul
3161 5773 3439 5822 eodemque

1853 5774 2076 5822 sentibus
2095 5775 2158 5821 sit
2189 5774 2423 5831 addictus,
2447 5774 2717 5822 antestium
2738 5774 2973 5823 bonorum
2993 5774 3136 5822 simul
3161 5774 3439 5836 eodemque

1855 5842 2076 5907 tempore
2101 5832 2347 5907 desiderio
2371 5835 2528 5884 teneri
2555 5835 3027 5907 :possenenimhbei
3064 5847 3158 5899 ope
3180 5833 3350 5887 fultum
3373 5835 3436 5884 ab

1860 5907 1921 5946 eo
1942 5900 2071 5944 statu
2090 5906 2372 5957 emergere,
2395 5895 2676 5948 sexcenties
2691 5895 2804 5946 alibi
2823 5895 2955 5946 dicit.
