  <div class='ocr_page' id='page_1' title='image "/cluster/home/n/w/nwhite01/storage/ocr_20150623/53:no.4:pt.1/coo.31924054869536/331.png"; bbox 0 0 4060 6450; ppageno 0'>
   <div class='ocr_carea' id='block_1_1' title="bbox 618 423 3881 504">
    <p class='ocr_par' dir='ltr' id='par_1_1' title="bbox 618 423 3881 504">
     <span class='ocr_line' id='line_1_1' title="bbox 618 423 3881 504; baseline -0.001 -17"><span class='ocrx_word' id='word_1_1' title='bbox 618 432 714 487; x_wconf 72' lang='lat'><strong>551</strong></span> <span class='ocrx_word' id='word_1_2' title='bbox 1309 425 1368 482; x_wconf 88' lang='lat' dir='ltr'><strong>s.</strong></span> <span class='ocrx_word' id='word_1_3' title='bbox 1407 423 1683 480; x_wconf 69' lang='lat' dir='ltr'><strong>JOANNIS</strong></span> <span class='ocrx_word' id='word_1_4' title='bbox 1719 424 2192 484; x_wconf 71' lang='lat' dir='ltr'><strong>cnnvsosronn</strong></span> <span class='ocrx_word' id='word_1_5' title='bbox 2233 426 2553 485; x_wconf 74' lang='lat' dir='ltr'><strong>ARCIIIEP.</strong></span> <span class='ocrx_word' id='word_1_6' title='bbox 2593 429 3131 493; x_wconf 75' lang='lat' dir='ltr'><strong>CONSTANTINOP.</strong></span> <span class='ocrx_word' id='word_1_7' title='bbox 3787 445 3881 504; x_wconf 52' lang='grc' dir='ltr'><strong>ωε</strong></span> 
     </span>
    </p>
   </div>
   <div class='ocr_carea' id='block_1_2' title="bbox 603 537 2193 610">
    <p class='ocr_par' dir='ltr' id='par_1_2' title="bbox 603 537 2193 610">
     <span class='ocr_line' id='line_1_2' title="bbox 603 537 2193 610; baseline -0.003 -12"><span class='ocrx_word' id='word_1_8' title='bbox 603 551 745 599; x_wconf 89' lang='lat' dir='ltr'><strong>ctum</strong></span> <span class='ocrx_word' id='word_1_9' title='bbox 774 543 1093 598; x_wconf 86' lang='lat' dir='ltr'><strong>obscurante</strong></span> <span class='ocrx_word' id='word_1_10' title='bbox 1115 580 1132 608; x_wconf 94' lang='lat'><strong>,</strong></span> <span class='ocrx_word' id='word_1_11' title='bbox 1173 553 1275 594; x_wconf 88' lang='lat' dir='ltr'><strong>nec</strong></span> <span class='ocrx_word' id='word_1_12' title='bbox 1314 539 1653 609; x_wconf 73' lang='lat' dir='ltr'><strong>permittente</strong></span> <span class='ocrx_word' id='word_1_13' title='bbox 1679 537 1860 594; x_wconf 88' lang='lat' dir='ltr'><strong>videre</strong></span> <span class='ocrx_word' id='word_1_14' title='bbox 1894 539 2019 610; x_wconf 89' lang='lat' dir='ltr'><strong>quid</strong></span> <span class='ocrx_word' id='word_1_15' title='bbox 2050 538 2193 595; x_wconf 88' lang='lat' dir='ltr'><strong>facto</strong></span> 
     </span>
    </p>
   </div>
   <div class='ocr_carea' id='block_1_3' title="bbox 601 632 2192 704">
    <p class='ocr_par' dir='ltr' id='par_1_3' title="bbox 601 632 2192 704">
     <span class='ocr_line' id='line_1_3' title="bbox 601 632 2192 704; baseline -0.001 -15"><span class='ocrx_word' id='word_1_16' title='bbox 601 650 737 704; x_wconf 84' lang='lat' dir='ltr'><strong>opus</strong></span> <span class='ocrx_word' id='word_1_17' title='bbox 766 634 855 690; x_wconf 89' lang='lat' dir='ltr'><strong>sit.</strong></span> <span class='ocrx_word' id='word_1_18' title='bbox 886 633 1069 703; x_wconf 81' lang='lat' dir='ltr'><strong>Neque</strong></span> <span class='ocrx_word' id='word_1_19' title='bbox 1096 647 1306 688; x_wconf 79' lang='lat' dir='ltr'><strong>rutsum</strong></span> <span class='ocrx_word' id='word_1_20' title='bbox 1335 632 1448 687; x_wconf 85' lang='lat' dir='ltr'><strong>ﬁeri</strong></span> <span class='ocrx_word' id='word_1_21' title='bbox 1479 640 1684 702; x_wconf 88' lang='lat' dir='ltr'><strong>potest,</strong></span> <span class='ocrx_word' id='word_1_22' title='bbox 1710 643 1765 687; x_wconf 82' lang='grc' dir='ltr'><strong>ιιι</strong></span> <span class='ocrx_word' id='word_1_23' title='bbox 1791 634 1878 702; x_wconf 90' lang='lat' dir='ltr'><strong>qui</strong></span> <span class='ocrx_word' id='word_1_24' title='bbox 1900 633 2192 688; x_wconf 91' lang='lat' dir='ltr'><strong>solidorum</strong></span> 
     </span>
    </p>
   </div>
   <div class='ocr_carea' id='block_1_4' title="bbox 602 724 2194 791">
    <p class='ocr_par' dir='ltr' id='par_1_4' title="bbox 602 724 2194 791">
     <span class='ocr_line' id='line_1_4' title="bbox 602 724 2194 791; baseline -0.001 -11"><span class='ocrx_word' id='word_1_25' title='bbox 602 737 656 780; x_wconf 88' lang='lat' dir='ltr'><strong>et</strong></span> <span class='ocrx_word' id='word_1_26' title='bbox 696 727 1049 782; x_wconf 90' lang='lat' dir='ltr'><strong>immobilium</strong></span> <span class='ocrx_word' id='word_1_27' title='bbox 1101 727 1365 781; x_wconf 87' lang='lat' dir='ltr'><strong>bonorum</strong></span> <span class='ocrx_word' id='word_1_28' title='bbox 1408 739 1589 779; x_wconf 88' lang='lat' dir='ltr'><strong>amore</strong></span> <span class='ocrx_word' id='word_1_29' title='bbox 1633 732 1863 791; x_wconf 89' lang='lat' dir='ltr'><strong>tenetur,</strong></span> <span class='ocrx_word' id='word_1_30' title='bbox 1894 724 2033 781; x_wconf 73' lang='lat' dir='ltr'><strong>ﬂuxa</strong></span> <span class='ocrx_word' id='word_1_31' title='bbox 2074 724 2194 789; x_wconf 89' lang='lat' dir='ltr'><strong>ista,</strong></span> 
     </span>
    </p>
   </div>
   <div class='ocr_carea' id='block_1_5' title="bbox 599 818 2193 890">
    <p class='ocr_par' dir='ltr' id='par_1_5' title="bbox 599 818 2193 890">
     <span class='ocr_line' id='line_1_5' title="bbox 599 818 2193 890; baseline -0.001 -17"><span class='ocrx_word' id='word_1_32' title='bbox 599 828 650 873; x_wconf 90' lang='lat' dir='ltr'><strong>et</strong></span> <span class='ocrx_word' id='word_1_33' title='bbox 676 836 796 890; x_wconf 78' lang='lat' dir='ltr'><strong>qua:</strong></span> <span class='ocrx_word' id='word_1_34' title='bbox 815 828 1100 890; x_wconf 76' lang='lat' dir='ltr'><strong>antequam</strong></span> <span class='ocrx_word' id='word_1_35' title='bbox 1148 826 1439 888; x_wconf 69' lang='lat' dir='ltr'><strong>appareant</strong></span> <span class='ocrx_word' id='word_1_36' title='bbox 1479 818 1693 871; x_wconf 84' lang='lat' dir='ltr'><strong>avolant</strong></span> <span class='ocrx_word' id='word_1_37' title='bbox 1728 827 1782 873; x_wconf 90' lang='lat' dir='ltr'><strong>et</strong></span> <span class='ocrx_word' id='word_1_38' title='bbox 1823 828 2193 882; x_wconf 82' lang='lat' dir='ltr'><strong>marcescunt,</strong></span> 
     </span>
    </p>
   </div>
   <div class='ocr_carea' id='block_1_6' title="bbox 598 908 2190 982">
    <p class='ocr_par' dir='ltr' id='par_1_6' title="bbox 598 908 2190 982">
     <span class='ocr_line' id='line_1_6' title="bbox 598 908 2190 982; baseline -0.004 -16"><span class='ocrx_word' id='word_1_39' title='bbox 598 912 963 982; x_wconf 74' lang='lat' dir='ltr'><strong>cuncttpiscat.</strong></span> <span class='ocrx_word' id='word_1_40' title='bbox 1017 909 1148 966; x_wconf 85' lang='lat' dir='ltr'><strong>Nam</strong></span> <span class='ocrx_word' id='word_1_41' title='bbox 1205 909 1294 980; x_wconf 88' lang='lat' dir='ltr'><strong>qui</strong></span> <span class='ocrx_word' id='word_1_42' title='bbox 1352 908 1566 963; x_wconf 82' lang='lat' dir='ltr'><strong>sant-ius</strong></span> <span class='ocrx_word' id='word_1_43' title='bbox 1616 917 1699 963; x_wconf 88' lang='lat' dir='ltr'><strong>est</strong></span> <span class='ocrx_word' id='word_1_44' title='bbox 1748 922 1931 962; x_wconf 89' lang='lat' dir='ltr'><strong>amore</strong></span> <span class='ocrx_word' id='word_1_45' title='bbox 1972 908 2190 973; x_wconf 85' lang='lat' dir='ltr'><strong>divino,</strong></span> 
     </span>
    </p>
   </div>
   <div class='ocr_carea' id='block_1_7' title="bbox 598 999 2196 1073">
    <p class='ocr_par' dir='ltr' id='par_1_7' title="bbox 598 999 2196 1073">
     <span class='ocr_line' id='line_1_7' title="bbox 598 999 2196 1073; baseline -0.003 -15"><span class='ocrx_word' id='word_1_46' title='bbox 598 1013 656 1058; x_wconf 89' lang='lat' dir='ltr'><strong>et</strong></span> <span class='ocrx_word' id='word_1_47' title='bbox 680 1003 771 1073; x_wconf 89' lang='lat' dir='ltr'><strong>qui</strong></span> <span class='ocrx_word' id='word_1_48' title='bbox 803 1000 1101 1057; x_wconf 85' lang='lat' dir='ltr'><strong>futurorum</strong></span> <span class='ocrx_word' id='word_1_49' title='bbox 1135 999 1398 1056; x_wconf 85' lang='lat' dir='ltr'><strong>desiderio</strong></span> <span class='ocrx_word' id='word_1_50' title='bbox 1427 1007 1666 1063; x_wconf 86' lang='lat' dir='ltr'><strong>tenetur,</strong></span> <span class='ocrx_word' id='word_1_51' title='bbox 1707 999 1826 1053; x_wconf 87' lang='lat' dir='ltr'><strong>altis</strong></span> <span class='ocrx_word' id='word_1_52' title='bbox 1854 999 2024 1052; x_wconf 68' lang='lat' dir='ltr'><strong>oculis</strong></span> <span class='ocrx_word' id='word_1_53' title='bbox 2049 999 2196 1054; x_wconf 84' lang='lat' dir='ltr'><strong>videt</strong></span> 
     </span>
    </p>
   </div>
   <div class='ocr_carea' id='block_1_8' title="bbox 604 1091 2191 1162">
    <p class='ocr_par' dir='ltr' id='par_1_8' title="bbox 604 1091 2191 1162">
     <span class='ocr_line' id='line_1_8' title="bbox 604 1091 2191 1162; baseline -0.003 -14"><span class='ocrx_word' id='word_1_54' title='bbox 604 1093 946 1162; x_wconf 67' lang='lat' dir='ltr'><strong>praesentium</strong></span> <span class='ocrx_word' id='word_1_55' title='bbox 986 1102 1180 1147; x_wconf 88' lang='lat' dir='ltr'><strong>statum</strong></span> <span class='ocrx_word' id='word_1_56' title='bbox 1201 1131 1217 1158; x_wconf 94' lang='lat'><strong>,</strong></span> <span class='ocrx_word' id='word_1_57' title='bbox 1254 1091 1458 1160; x_wconf 87' lang='lat' dir='ltr'><strong>scitque</strong></span> <span class='ocrx_word' id='word_1_58' title='bbox 1488 1100 1651 1145; x_wconf 91' lang='lat' dir='ltr'><strong>totam</strong></span> <span class='ocrx_word' id='word_1_59' title='bbox 1682 1104 1843 1145; x_wconf 77' lang='lat' dir='ltr'><strong>vitam</strong></span> <span class='ocrx_word' id='word_1_60' title='bbox 1873 1100 2191 1160; x_wconf 80' lang='lat' dir='ltr'><strong>pra-sentem</strong></span> 
     </span>
    </p>
   </div>
   <div class='ocr_carea' id='block_1_9' title="bbox 601 1184 2193 1261">
    <p class='ocr_par' dir='ltr' id='par_1_9' title="bbox 601 1184 2193 1261">
     <span class='ocr_line' id='line_1_9' title="bbox 601 1184 2193 1261; baseline -0.003 -17"><span class='ocrx_word' id='word_1_61' title='bbox 601 1192 820 1261; x_wconf 78' lang='lat' dir='ltr'><strong>ﬁguram</strong></span> <span class='ocrx_word' id='word_1_62' title='bbox 847 1206 970 1246; x_wconf 87' lang='lat' dir='ltr'><strong>esse</strong></span> <span class='ocrx_word' id='word_1_63' title='bbox 1000 1198 1161 1260; x_wconf 90' lang='lat' dir='ltr'><strong>atque</strong></span> <span class='ocrx_word' id='word_1_64' title='bbox 1192 1187 1451 1244; x_wconf 87' lang='lat' dir='ltr'><strong>fallaciam</strong></span> <span class='ocrx_word' id='word_1_65' title='bbox 1475 1228 1490 1254; x_wconf 92' lang='lat'><strong>,</strong></span> <span class='ocrx_word' id='word_1_66' title='bbox 1519 1195 1575 1241; x_wconf 93' lang='lat' dir='ltr'><strong>et</strong></span> <span class='ocrx_word' id='word_1_67' title='bbox 1600 1201 1630 1240; x_wconf 90' lang='lat' dir='ltr'><strong>a</strong></span> <span class='ocrx_word' id='word_1_68' title='bbox 1658 1186 1881 1242; x_wconf 88' lang='lat' dir='ltr'><strong>somniis</strong></span> <span class='ocrx_word' id='word_1_69' title='bbox 1914 1184 2045 1240; x_wconf 86' lang='lat' dir='ltr'><strong>nihil</strong></span> <span class='ocrx_word' id='word_1_70' title='bbox 2087 1184 2170 1240; x_wconf 86' lang='lat' dir='ltr'><strong>dif</strong></span> <span class='ocrx_word' id='word_1_71' title='bbox 2178 1216 2193 1227; x_wconf 67' lang='grc' dir='ltr'><strong>ς</strong></span> 
     </span>
    </p>
   </div>
   <div class='ocr_carea' id='block_1_10' title="bbox 600 1275 2194 1348">
    <p class='ocr_par' dir='ltr' id='par_1_10' title="bbox 600 1275 2194 1348">
     <span class='ocr_line' id='line_1_10' title="bbox 600 1275 2194 1348; baseline -0.002 -14"><span class='ocrx_word' id='word_1_72' title='bbox 600 1279 759 1335; x_wconf 87' lang='lat' dir='ltr'><strong>ferre.</strong></span> <span class='ocrx_word' id='word_1_73' title='bbox 784 1280 982 1336; x_wconf 88' lang='lat' dir='ltr'><strong>Idcirco</strong></span> <span class='ocrx_word' id='word_1_74' title='bbox 999 1280 1183 1335; x_wconf 89' lang='lat' dir='ltr'><strong>beatus</strong></span> <span class='ocrx_word' id='word_1_75' title='bbox 1212 1278 1410 1333; x_wconf 81' lang='lat' dir='ltr'><strong>Paulus</strong></span> <span class='ocrx_word' id='word_1_76' title='bbox 1439 1278 1538 1333; x_wconf 93' lang='lat' dir='ltr'><strong>hoc</strong></span> <span class='ocrx_word' id='word_1_77' title='bbox 1563 1277 1762 1348; x_wconf 88' lang='lat' dir='ltr'><strong>scripto</strong></span> <span class='ocrx_word' id='word_1_78' title='bbox 1781 1275 1996 1331; x_wconf 84' lang='lat' dir='ltr'><strong>tradidit</strong></span> <span class='ocrx_word' id='word_1_79' title='bbox 2014 1294 2026 1329; x_wconf 91' lang='lat'>:</span> <span class='ocrx_word' id='word_1_80' title='bbox 2043 1275 2194 1331; x_wconf 77' lang='lat' dir='ltr'><strong>Prte-</strong></span> 
     </span>
    </p>
   </div>
   <div class='ocr_carea' id='block_1_11' title="bbox 602 1367 2195 1442">
    <p class='ocr_par' dir='ltr' id='par_1_11' title="bbox 602 1367 2195 1442">
     <span class='ocr_line' id='line_1_11' title="bbox 602 1367 2195 1442; baseline -0.001 -17"><span class='ocrx_word' id='word_1_81' title='bbox 602 1373 717 1427; x_wconf 77' lang='lat' dir='ltr'><strong>terit</strong></span> <span class='ocrx_word' id='word_1_82' title='bbox 762 1373 930 1442; x_wconf 77' lang='lat' dir='ltr'><strong>ﬁgura</strong></span> <span class='ocrx_word' id='word_1_83' title='bbox 978 1372 1153 1426; x_wconf 85' lang='lat' dir='ltr'><strong>mundi</strong></span> <span class='ocrx_word' id='word_1_84' title='bbox 1202 1371 1357 1437; x_wconf 77' lang='lat' dir='ltr'><strong>huius</strong></span> <span class='ocrx_word' id='word_1_85' title='bbox 1396 1371 1475 1441; x_wconf 84' lang='lat' dir='ltr'><strong>(l.</strong></span> <span class='ocrx_word' id='word_1_86' title='bbox 1507 1368 1626 1425; x_wconf 84' lang='lat' dir='ltr'><strong>Cor.</strong></span> <span class='ocrx_word' id='word_1_87' title='bbox 1655 1369 1708 1423; x_wconf 89' lang='lat'><strong>7.</strong></span> <span class='ocrx_word' id='word_1_88' title='bbox 1736 1370 1830 1438; x_wconf 77' lang='lat' dir='ltr'><strong>5i)</strong></span> <span class='ocrx_word' id='word_1_89' title='bbox 1861 1385 1874 1421; x_wconf 96' lang='lat'>:</span> <span class='ocrx_word' id='word_1_90' title='bbox 1903 1367 2195 1424; x_wconf 87' lang='lat' dir='ltr'><strong>ostendens</strong></span> 
     </span>
    </p>
   </div>
   <div class='ocr_carea' id='block_1_12' title="bbox 597 1459 2191 1533">
    <p class='ocr_par' dir='ltr' id='par_1_12' title="bbox 597 1459 2191 1533">
     <span class='ocr_line' id='line_1_12' title="bbox 597 1459 2191 1533; baseline -0.002 -16"><span class='ocrx_word' id='word_1_91' title='bbox 597 1460 827 1519; x_wconf 81' lang='lat' dir='ltr'><strong>humana</strong></span> <span class='ocrx_word' id='word_1_92' title='bbox 847 1463 1024 1519; x_wconf 86' lang='lat' dir='ltr'><strong>omnia</strong></span> <span class='ocrx_word' id='word_1_93' title='bbox 1051 1463 1104 1518; x_wconf 88' lang='lat' dir='ltr'><strong>in</strong></span> <span class='ocrx_word' id='word_1_94' title='bbox 1132 1462 1298 1533; x_wconf 85' lang='lat' dir='ltr'><strong>ﬁgura</strong></span> <span class='ocrx_word' id='word_1_95' title='bbox 1327 1471 1529 1516; x_wconf 91' lang='lat' dir='ltr'><strong>tantum</strong></span> <span class='ocrx_word' id='word_1_96' title='bbox 1552 1473 1705 1525; x_wconf 86' lang='lat' dir='ltr'><strong>esse,</strong></span> <span class='ocrx_word' id='word_1_97' title='bbox 1733 1474 1799 1514; x_wconf 90' lang='lat' dir='ltr'><strong>ac</strong></span> <span class='ocrx_word' id='word_1_98' title='bbox 1837 1459 1976 1515; x_wconf 89' lang='lat' dir='ltr'><strong>sicut</strong></span> <span class='ocrx_word' id='word_1_99' title='bbox 2005 1460 2191 1514; x_wconf 88' lang='lat' dir='ltr'><strong>umbra</strong></span> 
     </span>
    </p>
   </div>
   <div class='ocr_carea' id='block_1_13' title="bbox 596 1552 2192 1620">
    <p class='ocr_par' dir='ltr' id='par_1_13' title="bbox 596 1552 2192 1620">
     <span class='ocr_line' id='line_1_13' title="bbox 596 1552 2192 1620; baseline -0.001 -11"><span class='ocrx_word' id='word_1_100' title='bbox 596 1565 652 1609; x_wconf 90' lang='lat' dir='ltr'><strong>et</strong></span> <span class='ocrx_word' id='word_1_101' title='bbox 679 1555 944 1610; x_wconf 84' lang='lat' dir='ltr'><strong>somnium</strong></span> <span class='ocrx_word' id='word_1_102' title='bbox 969 1555 1233 1620; x_wconf 88' lang='lat' dir='ltr'><strong>transire,</strong></span> <span class='ocrx_word' id='word_1_103' title='bbox 1274 1553 1405 1609; x_wconf 82' lang='lat' dir='ltr'><strong>nihil</strong></span> <span class='ocrx_word' id='word_1_104' title='bbox 1444 1552 1697 1617; x_wconf 89' lang='lat' dir='ltr'><strong>solidum,</strong></span> <span class='ocrx_word' id='word_1_105' title='bbox 1727 1552 1858 1607; x_wconf 83' lang='lat' dir='ltr'><strong>nihil</strong></span> <span class='ocrx_word' id='word_1_106' title='bbox 1883 1568 2067 1606; x_wconf 84' lang='lat' dir='ltr'><strong>verum</strong></span> <span class='ocrx_word' id='word_1_107' title='bbox 2094 1553 2192 1607; x_wconf 86' lang='lat' dir='ltr'><strong>ha-</strong></span> 
     </span>
    </p>
   </div>
   <div class='ocr_carea' id='block_1_14' title="bbox 599 1642 2193 1716">
    <p class='ocr_par' dir='ltr' id='par_1_14' title="bbox 599 1642 2193 1716">
     <span class='ocr_line' id='line_1_14' title="bbox 599 1642 2193 1716; baseline -0.001 -15"><span class='ocrx_word' id='word_1_108' title='bbox 599 1646 797 1701; x_wconf 86' lang='lat' dir='ltr'><strong>bentia.</strong></span> <span class='ocrx_word' id='word_1_109' title='bbox 837 1648 1031 1701; x_wconf 85' lang='lat' dir='ltr'><strong>Annon</strong></span> <span class='ocrx_word' id='word_1_110' title='bbox 1068 1646 1228 1716; x_wconf 82' lang='lat' dir='ltr'><strong>igitur</strong></span> <span class='ocrx_word' id='word_1_111' title='bbox 1257 1644 1421 1699; x_wconf 88' lang='lat' dir='ltr'><strong>animi</strong></span> <span class='ocrx_word' id='word_1_112' title='bbox 1450 1643 1674 1713; x_wconf 83' lang='lat' dir='ltr'><strong>puerilis</strong></span> <span class='ocrx_word' id='word_1_113' title='bbox 1699 1642 1802 1699; x_wconf 86' lang='lat' dir='ltr'><strong>hoc</strong></span> <span class='ocrx_word' id='word_1_114' title='bbox 1826 1652 1937 1709; x_wconf 86' lang='lat' dir='ltr'><strong>est,</strong></span> <span class='ocrx_word' id='word_1_115' title='bbox 1975 1643 2193 1699; x_wconf 80' lang='lat' dir='ltr'><strong>umbras</strong></span> 
     </span>
    </p>
   </div>
   <div class='ocr_carea' id='block_1_15' title="bbox 599 1736 2193 1808">
    <p class='ocr_par' dir='ltr' id='par_1_15' title="bbox 599 1736 2193 1808">
     <span class='ocr_line' id='line_1_15' title="bbox 599 1736 2193 1808; baseline -0.002 -15"><span class='ocrx_word' id='word_1_116' title='bbox 599 1739 891 1808; x_wconf 74' lang='lat' dir='ltr'><strong>suspicere,</strong></span> <span class='ocrx_word' id='word_1_117' title='bbox 916 1740 982 1794; x_wconf 91' lang='lat' dir='ltr'><strong>de</strong></span> <span class='ocrx_word' id='word_1_118' title='bbox 1010 1738 1236 1793; x_wconf 87' lang='lat' dir='ltr'><strong>somniis</strong></span> <span class='ocrx_word' id='word_1_119' title='bbox 1255 1737 1554 1808; x_wconf 84' lang='lat' dir='ltr'><strong>superbire,</strong></span> <span class='ocrx_word' id='word_1_120' title='bbox 1577 1745 1633 1791; x_wconf 90' lang='lat' dir='ltr'><strong>et</strong></span> <span class='ocrx_word' id='word_1_121' title='bbox 1657 1737 1723 1791; x_wconf 87' lang='lat' dir='ltr'><strong>iis</strong></span> <span class='ocrx_word' id='word_1_122' title='bbox 1751 1752 1871 1807; x_wconf 73' lang='lat' dir='ltr'><strong>qua:</strong></span> <span class='ocrx_word' id='word_1_123' title='bbox 1894 1736 2049 1806; x_wconf 86' lang='lat' dir='ltr'><strong>paulo</strong></span> <span class='ocrx_word' id='word_1_124' title='bbox 2073 1744 2193 1805; x_wconf 88' lang='lat' dir='ltr'><strong>post</strong></span> 
     </span>
    </p>
   </div>
   <div class='ocr_carea' id='block_1_16' title="bbox 600 1826 2192 1898">
    <p class='ocr_par' dir='ltr' id='par_1_16' title="bbox 600 1826 2192 1898">
     <span class='ocr_line' id='line_1_16' title="bbox 600 1826 2192 1898; baseline -0.003 -14"><span class='ocrx_word' id='word_1_125' title='bbox 600 1830 944 1898; x_wconf 70' lang='lat' dir='ltr'><strong>prmtcribunt</strong></span> <span class='ocrx_word' id='word_1_126' title='bbox 983 1826 1298 1882; x_wconf 69' lang='lat' dir='ltr'><strong>adhu‘rcre‘l</strong></span> <span class='ocrx_word' id='word_1_127' title='bbox 1343 1826 1580 1881; x_wconf 69' lang='lat' dir='ltr'><strong>Praeterit</strong></span> <span class='ocrx_word' id='word_1_128' title='bbox 1607 1826 1772 1891; x_wconf 90' lang='lat' dir='ltr'><strong>enim,</strong></span> <span class='ocrx_word' id='word_1_129' title='bbox 1805 1826 1995 1896; x_wconf 86' lang='lat' dir='ltr'><strong>inquit,</strong></span> <span class='ocrx_word' id='word_1_130' title='bbox 2024 1826 2192 1897; x_wconf 81' lang='lat' dir='ltr'><strong>ﬁgura</strong></span> 
     </span>
    </p>
   </div>
   <div class='ocr_carea' id='block_1_17' title="bbox 598 1915 2191 1991">
    <p class='ocr_par' dir='ltr' id='par_1_17' title="bbox 598 1915 2191 1991">
     <span class='ocr_line' id='line_1_17' title="bbox 598 1915 2191 1991; baseline -0.001 -20"><span class='ocrx_word' id='word_1_131' title='bbox 598 1920 749 1991; x_wconf 77' lang='lat' dir='ltr'><strong>hujus</strong></span> <span class='ocrx_word' id='word_1_132' title='bbox 773 1918 966 1972; x_wconf 85' lang='lat' dir='ltr'><strong>mundi.</strong></span> <span class='ocrx_word' id='word_1_133' title='bbox 991 1918 1172 1989; x_wconf 86' lang='lat' dir='ltr'><strong>Itaque</strong></span> <span class='ocrx_word' id='word_1_134' title='bbox 1198 1932 1318 1971; x_wconf 89' lang='lat' dir='ltr'><strong>cum</strong></span> <span class='ocrx_word' id='word_1_135' title='bbox 1344 1916 1598 1979; x_wconf 88' lang='lat' dir='ltr'><strong>audieris,</strong></span> <span class='ocrx_word' id='word_1_136' title='bbox 1618 1915 1871 1977; x_wconf 80' lang='lat' dir='ltr'><strong>Prteterit.</strong></span> <span class='ocrx_word' id='word_1_137' title='bbox 1890 1916 2015 1987; x_wconf 77' lang='lat' dir='ltr'><strong>quid</strong></span> <span class='ocrx_word' id='word_1_138' title='bbox 2043 1927 2191 1986; x_wconf 80' lang='lat' dir='ltr'><strong>post-</strong></span> 
     </span>
    </p>
   </div>
   <div class='ocr_carea' id='block_1_18' title="bbox 594 2008 2193 2081">
    <p class='ocr_par' dir='ltr' id='par_1_18' title="bbox 594 2008 2193 2081">
     <span class='ocr_line' id='line_1_18' title="bbox 594 2008 2193 2081; baseline 0 -16"><span class='ocrx_word' id='word_1_139' title='bbox 594 2010 693 2066; x_wconf 82' lang='lat' dir='ltr'><strong>hac</strong></span> <span class='ocrx_word' id='word_1_140' title='bbox 717 2011 945 2081; x_wconf 87' lang='lat' dir='ltr'><strong>amplius</strong></span> <span class='ocrx_word' id='word_1_141' title='bbox 962 2010 1193 2081; x_wconf 63' lang='lat' dir='ltr'><strong>quaaris?</strong></span> <span class='ocrx_word' id='word_1_142' title='bbox 1220 2009 1433 2080; x_wconf 81' lang='lat' dir='ltr'><strong>quando</strong></span> <span class='ocrx_word' id='word_1_143' title='bbox 1452 2008 1606 2065; x_wconf 86' lang='lat' dir='ltr'><strong>audis</strong></span> <span class='ocrx_word' id='word_1_144' title='bbox 1625 2008 1845 2081; x_wconf 87' lang='lat' dir='ltr'><strong>ﬂguram</strong></span> <span class='ocrx_word' id='word_1_145' title='bbox 1866 2010 2038 2065; x_wconf 90' lang='lat' dir='ltr'><strong>solum</strong></span> <span class='ocrx_word' id='word_1_146' title='bbox 2071 2023 2193 2065; x_wconf 89' lang='lat' dir='ltr'><strong>esse</strong></span> 
     </span>
    </p>
   </div>
   <div class='ocr_carea' id='block_1_19' title="bbox 598 2100 2190 2171">
    <p class='ocr_par' dir='ltr' id='par_1_19' title="bbox 598 2100 2190 2171">
     <span class='ocr_line' id='line_1_19' title="bbox 598 2100 2190 2171; baseline 0.001 -17"><span class='ocrx_word' id='word_1_147' title='bbox 598 2102 831 2157; x_wconf 91' lang='lat' dir='ltr'><strong>humana</strong></span> <span class='ocrx_word' id='word_1_148' title='bbox 857 2101 1035 2157; x_wconf 88' lang='lat' dir='ltr'><strong>omnia</strong></span> <span class='ocrx_word' id='word_1_149' title='bbox 1062 2103 1391 2171; x_wconf 88' lang='lat' dir='ltr'><strong>verilateque</strong></span> <span class='ocrx_word' id='word_1_150' title='bbox 1415 2100 1691 2167; x_wconf 86' lang='lat' dir='ltr'><strong>destituta,</strong></span> <span class='ocrx_word' id='word_1_151' title='bbox 1722 2116 1891 2171; x_wconf 89' lang='lat' dir='ltr'><strong>quare</strong></span> <span class='ocrx_word' id='word_1_152' title='bbox 1930 2110 1983 2156; x_wconf 93' lang='lat' dir='ltr'><strong>te</strong></span> <span class='ocrx_word' id='word_1_153' title='bbox 2015 2100 2190 2171; x_wconf 85' lang='lat' dir='ltr'><strong>decipi</strong></span> 
     </span>
    </p>
   </div>
   <div class='ocr_carea' id='block_1_20' title="bbox 593 2190 2187 2261">
    <p class='ocr_par' dir='ltr' id='par_1_20' title="bbox 593 2190 2187 2261">
     <span class='ocr_line' id='line_1_20' title="bbox 593 2190 2187 2261; baseline 0.001 -16"><span class='ocrx_word' id='word_1_154' title='bbox 593 2200 785 2261; x_wconf 86' lang='lat' dir='ltr'><strong>sponte</strong></span> <span class='ocrx_word' id='word_1_155' title='bbox 815 2191 1047 2260; x_wconf 80' lang='lat' dir='ltr'><strong>pateris?</strong></span> <span class='ocrx_word' id='word_1_156' title='bbox 1086 2207 1183 2247; x_wconf 89' lang='lat' dir='ltr'><strong>cur</strong></span> <span class='ocrx_word' id='word_1_157' title='bbox 1219 2190 1461 2261; x_wconf 78' lang='lat' dir='ltr'><strong>cogitans</strong></span> <span class='ocrx_word' id='word_1_158' title='bbox 1501 2206 1659 2259; x_wconf 87' lang='lat' dir='ltr'><strong>quam</strong></span> <span class='ocrx_word' id='word_1_159' title='bbox 1699 2192 1806 2247; x_wconf 91' lang='lat' dir='ltr'><strong>sint</strong></span> <span class='ocrx_word' id='word_1_160' title='bbox 1838 2190 2109 2246; x_wconf 85' lang='lat' dir='ltr'><strong>mutabilia</strong></span> <span class='ocrx_word' id='word_1_161' title='bbox 2135 2201 2187 2246; x_wconf 91' lang='lat' dir='ltr'><strong>et</strong></span> 
     </span>
    </p>
   </div>
   <div class='ocr_carea' id='block_1_21' title="bbox 593 2281 2187 2355">
    <p class='ocr_par' dir='ltr' id='par_1_21' title="bbox 593 2281 2187 2355">
     <span class='ocr_line' id='line_1_21' title="bbox 593 2281 2187 2355; baseline -0.002 -18"><span class='ocrx_word' id='word_1_162' title='bbox 593 2281 757 2346; x_wconf 78' lang='lat' dir='ltr'><strong>ﬂuxa,</strong></span> <span class='ocrx_word' id='word_1_163' title='bbox 789 2299 894 2337; x_wconf 91' lang='lat' dir='ltr'><strong>non</strong></span> <span class='ocrx_word' id='word_1_164' title='bbox 919 2298 981 2337; x_wconf 89' lang='lat' dir='ltr'><strong>ea</strong></span> <span class='ocrx_word' id='word_1_165' title='bbox 1006 2282 1270 2353; x_wconf 72' lang='lat' dir='ltr'><strong>przeteris,</strong></span> <span class='ocrx_word' id='word_1_166' title='bbox 1303 2290 1361 2335; x_wconf 92' lang='lat' dir='ltr'><strong>ut</strong></span> <span class='ocrx_word' id='word_1_167' title='bbox 1388 2282 1455 2338; x_wconf 88' lang='lat' dir='ltr'><strong>ad</strong></span> <span class='ocrx_word' id='word_1_168' title='bbox 1483 2283 1567 2337; x_wconf 90' lang='lat' dir='ltr'><strong>illa</strong></span> <span class='ocrx_word' id='word_1_169' title='bbox 1589 2298 1708 2353; x_wconf 67' lang='lat' dir='ltr'><strong>qua:</strong></span> <span class='ocrx_word' id='word_1_170' title='bbox 1732 2297 1949 2355; x_wconf 84' lang='lat' dir='ltr'><strong>semper</strong></span> <span class='ocrx_word' id='word_1_171' title='bbox 1971 2281 2187 2349; x_wconf 88' lang='lat' dir='ltr'><strong>durant,</strong></span> 
     </span>
    </p>
   </div>
   <div class='ocr_carea' id='block_1_22' title="bbox 592 2375 2189 2446">
    <p class='ocr_par' dir='ltr' id='par_1_22' title="bbox 592 2375 2189 2446">
     <span class='ocr_line' id='line_1_22' title="bbox 592 2375 2189 2446; baseline -0.001 -15"><span class='ocrx_word' id='word_1_172' title='bbox 592 2391 659 2431; x_wconf 86' lang='lat' dir='ltr'><strong>ac</strong></span> <span class='ocrx_word' id='word_1_173' title='bbox 696 2391 910 2446; x_wconf 85' lang='lat' dir='ltr'><strong>semper</strong></span> <span class='ocrx_word' id='word_1_174' title='bbox 946 2375 1155 2430; x_wconf 78' lang='lat' dir='ltr'><strong>stabilia</strong></span> <span class='ocrx_word' id='word_1_175' title='bbox 1178 2416 1195 2442; x_wconf 90' lang='lat'><strong>,</strong></span> <span class='ocrx_word' id='word_1_176' title='bbox 1239 2375 1541 2445; x_wconf 80' lang='lat' dir='ltr'><strong>nullinsque</strong></span> <span class='ocrx_word' id='word_1_177' title='bbox 1565 2376 1949 2430; x_wconf 79' lang='lat' dir='ltr'><strong>vicissitudinis</strong></span> <span class='ocrx_word' id='word_1_178' title='bbox 1974 2376 2189 2446; x_wconf 83' lang='lat' dir='ltr'><strong>capacia</strong></span> 
     </span>
    </p>
   </div>
   <div class='ocr_carea' id='block_1_23' title="bbox 593 2463 1447 2529">
    <p class='ocr_par' dir='ltr' id='par_1_23' title="bbox 593 2463 1447 2529">
     <span class='ocr_line' id='line_1_23' title="bbox 593 2463 1447 2529; baseline -0.002 -9"><span class='ocrx_word' id='word_1_179' title='bbox 593 2473 738 2529; x_wconf 86' lang='lat' dir='ltr'><strong>sunt,</strong></span> <span class='ocrx_word' id='word_1_180' title='bbox 767 2463 1092 2522; x_wconf 84' lang='lat' dir='ltr'><strong>desiderium</strong></span> <span class='ocrx_word' id='word_1_181' title='bbox 1120 2463 1447 2519; x_wconf 74' lang='lat' dir='ltr'><strong>transferas?</strong></span> 
     </span>
    </p>
   </div>
   <div class='ocr_carea' id='block_1_24' title="bbox 663 2556 2183 2627">
    <p class='ocr_par' dir='ltr' id='par_1_24' title="bbox 663 2556 2183 2627">
     <span class='ocr_line' id='line_1_24' title="bbox 663 2556 2183 2627; baseline -0.001 -13"><span class='ocrx_word' id='word_1_182' title='bbox 663 2558 719 2615; x_wconf 86' lang='lat'><strong>8.</strong></span> <span class='ocrx_word' id='word_1_183' title='bbox 765 2557 898 2613; x_wconf 85' lang='lat' dir='ltr'><strong>Nam</strong></span> <span class='ocrx_word' id='word_1_184' title='bbox 941 2566 1000 2612; x_wconf 93' lang='lat' dir='ltr'><strong>ut</strong></span> <span class='ocrx_word' id='word_1_185' title='bbox 1042 2558 1183 2612; x_wconf 86' lang='lat' dir='ltr'><strong>scias</strong></span> <span class='ocrx_word' id='word_1_186' title='bbox 1222 2556 1557 2627; x_wconf 89' lang='lat' dir='ltr'><strong>prudentiam</strong></span> <span class='ocrx_word' id='word_1_187' title='bbox 1585 2556 1820 2612; x_wconf 88' lang='lat' dir='ltr'><strong>doctoris</strong></span> <span class='ocrx_word' id='word_1_188' title='bbox 1847 2556 2029 2622; x_wconf 88' lang='lat' dir='ltr'><strong>orbis,</strong></span> <span class='ocrx_word' id='word_1_189' title='bbox 2063 2557 2183 2613; x_wconf 88' lang='lat' dir='ltr'><strong>vide</strong></span> 
     </span>
    </p>
   </div>
   <div class='ocr_carea' id='block_1_25' title="bbox 593 2646 2183 2719">
    <p class='ocr_par' dir='ltr' id='par_1_25' title="bbox 593 2646 2183 2719">
     <span class='ocr_line' id='line_1_25' title="bbox 593 2646 2183 2719; baseline 0 -14"><span class='ocrx_word' id='word_1_190' title='bbox 593 2650 738 2706; x_wconf 92' lang='lat' dir='ltr'><strong>illum</strong></span> <span class='ocrx_word' id='word_1_191' title='bbox 760 2650 865 2705; x_wconf 85' lang='lat' dir='ltr'><strong>alio</strong></span> <span class='ocrx_word' id='word_1_192' title='bbox 886 2650 1003 2705; x_wconf 89' lang='lat' dir='ltr'><strong>loco</strong></span> <span class='ocrx_word' id='word_1_193' title='bbox 1022 2649 1201 2704; x_wconf 86' lang='lat' dir='ltr'><strong>omnia</strong></span> <span class='ocrx_word' id='word_1_194' title='bbox 1225 2648 1485 2719; x_wconf 66' lang='lat' dir='ltr'><strong>praeclara</strong></span> <span class='ocrx_word' id='word_1_195' title='bbox 1506 2646 1663 2719; x_wconf 86' lang='lat' dir='ltr'><strong>hujus</strong></span> <span class='ocrx_word' id='word_1_196' title='bbox 1690 2651 1812 2704; x_wconf 67' lang='lat' dir='ltr'><strong>vitae</strong></span> <span class='ocrx_word' id='word_1_197' title='bbox 1837 2649 2036 2703; x_wconf 88' lang='lat' dir='ltr'><strong>nullius</strong></span> <span class='ocrx_word' id='word_1_198' title='bbox 2063 2664 2183 2705; x_wconf 66' lang='lat' dir='ltr'><strong>esse</strong></span> 
     </span>
    </p>
   </div>
   <div class='ocr_carea' id='block_1_26' title="bbox 592 2740 2179 2812">
    <p class='ocr_par' dir='ltr' id='par_1_26' title="bbox 592 2740 2179 2812">
     <span class='ocr_line' id='line_1_26' title="bbox 592 2740 2179 2812; baseline -0.001 -15"><span class='ocrx_word' id='word_1_199' title='bbox 592 2744 847 2797; x_wconf 90' lang='lat' dir='ltr'><strong>momenti</strong></span> <span class='ocrx_word' id='word_1_200' title='bbox 873 2741 1243 2797; x_wconf 86' lang='lat' dir='ltr'><strong>demonstrare</strong></span> <span class='ocrx_word' id='word_1_201' title='bbox 1263 2740 1555 2809; x_wconf 89' lang='lat' dir='ltr'><strong>volentem,</strong></span> <span class='ocrx_word' id='word_1_202' title='bbox 1577 2741 1719 2812; x_wconf 90' lang='lat' dir='ltr'><strong>quali</strong></span> <span class='ocrx_word' id='word_1_203' title='bbox 1738 2750 1915 2797; x_wconf 91' lang='lat' dir='ltr'><strong>utatur</strong></span> <span class='ocrx_word' id='word_1_204' title='bbox 1930 2741 2179 2810; x_wconf 89' lang='lat' dir='ltr'><strong>loquendi</strong></span> 
     </span>
    </p>
   </div>
   <div class='ocr_carea' id='block_1_27' title="bbox 592 2831 2182 2906">
    <p class='ocr_par' dir='ltr' id='par_1_27' title="bbox 592 2831 2182 2906">
     <span class='ocr_line' id='line_1_27' title="bbox 592 2831 2182 2906; baseline -0.001 -18"><span class='ocrx_word' id='word_1_205' title='bbox 592 2834 753 2889; x_wconf 85' lang='lat' dir='ltr'><strong>modo</strong></span> <span class='ocrx_word' id='word_1_206' title='bbox 780 2851 794 2888; x_wconf 91' lang='lat'>:</span> <span class='ocrx_word' id='word_1_207' title='bbox 820 2832 947 2899; x_wconf 71' lang='lat' dir='ltr'><strong>Qua:</strong></span> <span class='ocrx_word' id='word_1_208' title='bbox 965 2833 1096 2888; x_wconf 85' lang='lat' dir='ltr'><strong>enim</strong></span> <span class='ocrx_word' id='word_1_209' title='bbox 1116 2833 1348 2889; x_wconf 78' lang='lat' dir='ltr'><strong>videntur</strong></span> <span class='ocrx_word' id='word_1_210' title='bbox 1366 2841 1715 2888; x_wconf 82' lang='lat' dir='ltr'><strong>momentunea</strong></span> <span class='ocrx_word' id='word_1_211' title='bbox 1733 2841 1852 2888; x_wconf 82' lang='lat' dir='ltr'><strong>sunt</strong></span> <span class='ocrx_word' id='word_1_212' title='bbox 1881 2831 1956 2906; x_wconf 73' lang='lat'><strong>(2.</strong></span> <span class='ocrx_word' id='word_1_213' title='bbox 1983 2831 2103 2889; x_wconf 84' lang='lat' dir='ltr'><strong>Cor.</strong></span> <span class='ocrx_word' id='word_1_214' title='bbox 2126 2833 2182 2888; x_wconf 80' lang='grc'><strong>4.</strong></span> 
     </span>
    </p>
   </div>
   <div class='ocr_carea' id='block_1_28' title="bbox 591 2923 2188 2996">
    <p class='ocr_par' dir='ltr' id='par_1_28' title="bbox 591 2923 2188 2996">
     <span class='ocr_line' id='line_1_28' title="bbox 591 2923 2188 2996; baseline -0.001 -16"><span class='ocrx_word' id='word_1_215' title='bbox 591 2924 708 2996; x_wconf 78' lang='grc'><strong>18),</strong></span> <span class='ocrx_word' id='word_1_216' title='bbox 750 2926 959 2981; x_wconf 87' lang='lat' dir='ltr'><strong>etiamsi</strong></span> <span class='ocrx_word' id='word_1_217' title='bbox 999 2924 1305 2980; x_wconf 85' lang='lat' dir='ltr'><strong>divitiarum</strong></span> <span class='ocrx_word' id='word_1_218' title='bbox 1351 2923 1730 2978; x_wconf 88' lang='lat' dir='ltr'><strong>abundantiam</strong></span> <span class='ocrx_word' id='word_1_219' title='bbox 1773 2923 1940 2988; x_wconf 89' lang='lat' dir='ltr'><strong>dicas,</strong></span> <span class='ocrx_word' id='word_1_220' title='bbox 1979 2923 2188 2979; x_wconf 90' lang='lat' dir='ltr'><strong>etiamsi</strong></span> 
     </span>
    </p>
   </div>
   <div class='ocr_carea' id='block_1_29' title="bbox 588 3015 2183 3088">
    <p class='ocr_par' dir='ltr' id='par_1_29' title="bbox 588 3015 2183 3088">
     <span class='ocr_line' id='line_1_29' title="bbox 588 3015 2183 3088; baseline -0.002 -15"><span class='ocrx_word' id='word_1_221' title='bbox 588 3018 813 3088; x_wconf 80' lang='lat' dir='ltr'><strong>gloriam</strong></span> <span class='ocrx_word' id='word_1_222' title='bbox 839 3058 855 3081; x_wconf 92' lang='lat'><strong>,</strong></span> <span class='ocrx_word' id='word_1_223' title='bbox 894 3016 1106 3072; x_wconf 78' lang='lat' dir='ltr'><strong>etiamsi</strong></span> <span class='ocrx_word' id='word_1_224' title='bbox 1147 3016 1480 3083; x_wconf 87' lang='lat' dir='ltr'><strong>claritatem,</strong></span> <span class='ocrx_word' id='word_1_225' title='bbox 1529 3015 1740 3072; x_wconf 88' lang='lat' dir='ltr'><strong>etiamsi</strong></span> <span class='ocrx_word' id='word_1_226' title='bbox 1792 3016 2183 3087; x_wconf 89' lang='lat' dir='ltr'><strong>principatum,</strong></span> 
     </span>
    </p>
   </div>
   <div class='ocr_carea' id='block_1_30' title="bbox 588 3107 2186 3180">
    <p class='ocr_par' dir='ltr' id='par_1_30' title="bbox 588 3107 2186 3180">
     <span class='ocr_line' id='line_1_30' title="bbox 588 3107 2186 3180; baseline -0.001 -15"><span class='ocrx_word' id='word_1_227' title='bbox 588 3111 796 3165; x_wconf 86' lang='lat' dir='ltr'><strong>etiatusi</strong></span> <span class='ocrx_word' id='word_1_228' title='bbox 821 3109 1133 3180; x_wconf 84' lang='lat' dir='ltr'><strong>potentiam,</strong></span> <span class='ocrx_word' id='word_1_229' title='bbox 1156 3107 1362 3163; x_wconf 91' lang='lat' dir='ltr'><strong>etiamsi</strong></span> <span class='ocrx_word' id='word_1_230' title='bbox 1386 3122 1629 3176; x_wconf 80' lang='lat' dir='ltr'><strong>regnum,</strong></span> <span class='ocrx_word' id='word_1_231' title='bbox 1651 3108 1858 3162; x_wconf 89' lang='lat' dir='ltr'><strong>etiamsi</strong></span> <span class='ocrx_word' id='word_1_232' title='bbox 1886 3107 2186 3163; x_wconf 74' lang='lat' dir='ltr'><strong>diademate</strong></span> 
     </span>
    </p>
   </div>
   <div class='ocr_carea' id='block_1_31' title="bbox 588 3197 2186 3269">
    <p class='ocr_par' dir='ltr' id='par_1_31' title="bbox 588 3197 2186 3269">
     <span class='ocr_line' id='line_1_31' title="bbox 588 3197 2186 3269; baseline -0.001 -14"><span class='ocrx_word' id='word_1_233' title='bbox 588 3202 893 3256; x_wconf 88' lang='lat' dir='ltr'><strong>redimitum</strong></span> <span class='ocrx_word' id='word_1_234' title='bbox 951 3201 1099 3255; x_wconf 87' lang='lat' dir='ltr'><strong>illutn</strong></span> <span class='ocrx_word' id='word_1_235' title='bbox 1124 3239 1141 3267; x_wconf 93' lang='lat'><strong>,</strong></span> <span class='ocrx_word' id='word_1_236' title='bbox 1189 3199 1398 3257; x_wconf 88' lang='lat' dir='ltr'><strong>etiamsi</strong></span> <span class='ocrx_word' id='word_1_237' title='bbox 1440 3197 1632 3253; x_wconf 90' lang='lat' dir='ltr'><strong>solium</strong></span> <span class='ocrx_word' id='word_1_238' title='bbox 1679 3214 1987 3269; x_wconf 87' lang='lat' dir='ltr'><strong>supremum</strong></span> <span class='ocrx_word' id='word_1_239' title='bbox 2025 3216 2038 3252; x_wconf 92' lang='lat'>:</span> <span class='ocrx_word' id='word_1_240' title='bbox 2071 3199 2186 3253; x_wconf 70' lang='lat' dir='ltr'><strong>haec</strong></span> 
     </span>
    </p>
   </div>
   <div class='ocr_carea' id='block_1_32' title="bbox 587 3290 2181 3361">
    <p class='ocr_par' dir='ltr' id='par_1_32' title="bbox 587 3290 2181 3361">
     <span class='ocr_line' id='line_1_32' title="bbox 587 3290 2181 3361; baseline 0 -17"><span class='ocrx_word' id='word_1_241' title='bbox 587 3292 769 3347; x_wconf 89' lang='lat' dir='ltr'><strong>omnia</strong></span> <span class='ocrx_word' id='word_1_242' title='bbox 798 3306 918 3361; x_wconf 64' lang='lat' dir='ltr'><strong>qua:</strong></span> <span class='ocrx_word' id='word_1_243' title='bbox 945 3290 1192 3346; x_wconf 88' lang='lat' dir='ltr'><strong>videntur</strong></span> <span class='ocrx_word' id='word_1_244' title='bbox 1213 3290 1361 3346; x_wconf 81' lang='lat' dir='ltr'><strong>brevi</strong></span> <span class='ocrx_word' id='word_1_245' title='bbox 1391 3298 1633 3360; x_wconf 88' lang='lat' dir='ltr'><strong>tempore</strong></span> <span class='ocrx_word' id='word_1_246' title='bbox 1654 3290 1941 3356; x_wconf 89' lang='lat' dir='ltr'><strong>manentia,</strong></span> <span class='ocrx_word' id='word_1_247' title='bbox 1971 3306 2078 3347; x_wconf 87' lang='lat' dir='ltr'><strong>non</strong></span> <span class='ocrx_word' id='word_1_248' title='bbox 2100 3290 2181 3344; x_wconf 90' lang='lat' dir='ltr'><strong>ad-</strong></span> 
     </span>
    </p>
   </div>
   <div class='ocr_carea' id='block_1_33' title="bbox 588 3380 2182 3451">
    <p class='ocr_par' dir='ltr' id='par_1_33' title="bbox 588 3380 2182 3451">
     <span class='ocr_line' id='line_1_33' title="bbox 588 3380 2182 3451; baseline 0 -14"><span class='ocrx_word' id='word_1_249' title='bbox 588 3384 803 3439; x_wconf 86' lang='lat' dir='ltr'><strong>modum</strong></span> <span class='ocrx_word' id='word_1_250' title='bbox 830 3383 1138 3438; x_wconf 91' lang='lat' dir='ltr'><strong>diuturnum</strong></span> <span class='ocrx_word' id='word_1_251' title='bbox 1178 3382 1257 3437; x_wconf 90' lang='lat' dir='ltr'><strong>sui</strong></span> <span class='ocrx_word' id='word_1_252' title='bbox 1294 3380 1523 3437; x_wconf 74' lang='lat' dir='ltr'><strong>fructuzn</strong></span> <span class='ocrx_word' id='word_1_253' title='bbox 1564 3380 1717 3436; x_wconf 87' lang='lat' dir='ltr'><strong>nobis</strong></span> <span class='ocrx_word' id='word_1_254' title='bbox 1754 3380 2008 3451; x_wconf 65' lang='lat' dir='ltr'><strong>praebent.</strong></span> <span class='ocrx_word' id='word_1_255' title='bbox 2053 3381 2182 3450; x_wconf 78' lang='lat' dir='ltr'><strong>Qua:</strong></span> 
     </span>
    </p>
   </div>
   <div class='ocr_carea' id='block_1_34' title="bbox 587 3473 2185 3547">
    <p class='ocr_par' dir='ltr' id='par_1_34' title="bbox 587 3473 2185 3547">
     <span class='ocr_line' id='line_1_34' title="bbox 587 3473 2185 3547; baseline -0.002 -16"><span class='ocrx_word' id='word_1_256' title='bbox 587 3477 746 3547; x_wconf 79' lang='lat' dir='ltr'><strong>igitur</strong></span> <span class='ocrx_word' id='word_1_257' title='bbox 785 3491 883 3533; x_wconf 88' lang='lat' dir='ltr'><strong>nos</strong></span> <span class='ocrx_word' id='word_1_258' title='bbox 922 3477 1190 3547; x_wconf 83' lang='lat' dir='ltr'><strong>inquirere</strong></span> <span class='ocrx_word' id='word_1_259' title='bbox 1228 3475 1331 3542; x_wconf 84' lang='lat' dir='ltr'><strong>vis,</strong></span> <span class='ocrx_word' id='word_1_260' title='bbox 1360 3473 1408 3530; x_wconf 88' lang='lat' dir='ltr'><strong>si</strong></span> <span class='ocrx_word' id='word_1_261' title='bbox 1445 3475 1624 3529; x_wconf 85' lang='lat' dir='ltr'><strong>omnia</strong></span> <span class='ocrx_word' id='word_1_262' title='bbox 1654 3484 1994 3544; x_wconf 84' lang='lat' dir='ltr'><strong>temporanea</strong></span> <span class='ocrx_word' id='word_1_263' title='bbox 2015 3474 2185 3529; x_wconf 81' lang='lat' dir='ltr'><strong>sunt?</strong></span> 
     </span>
    </p>
   </div>
   <div class='ocr_carea' id='block_1_35' title="bbox 588 3564 2180 3637">
    <p class='ocr_par' dir='ltr' id='par_1_35' title="bbox 588 3564 2180 3637">
     <span class='ocr_line' id='line_1_35' title="bbox 588 3564 2180 3637; baseline 0 -18"><span class='ocrx_word' id='word_1_264' title='bbox 588 3566 701 3630; x_wconf 81' lang='lat' dir='ltr'><strong>Illa,</strong></span> <span class='ocrx_word' id='word_1_265' title='bbox 730 3565 920 3636; x_wconf 85' lang='lat' dir='ltr'><strong>inquit,</strong></span> <span class='ocrx_word' id='word_1_266' title='bbox 952 3580 1071 3637; x_wconf 72' lang='lat' dir='ltr'><strong>qua:</strong></span> <span class='ocrx_word' id='word_1_267' title='bbox 1100 3581 1207 3621; x_wconf 87' lang='lat' dir='ltr'><strong>non</strong></span> <span class='ocrx_word' id='word_1_268' title='bbox 1233 3565 1501 3631; x_wconf 84' lang='lat' dir='ltr'><strong>videntur,</strong></span> <span class='ocrx_word' id='word_1_269' title='bbox 1522 3581 1624 3620; x_wconf 92' lang='lat' dir='ltr'><strong>non</strong></span> <span class='ocrx_word' id='word_1_270' title='bbox 1640 3564 1755 3619; x_wconf 71' lang='lat' dir='ltr'><strong>haec</strong></span> <span class='ocrx_word' id='word_1_271' title='bbox 1778 3581 1897 3636; x_wconf 71' lang='lat' dir='ltr'><strong>qua:</strong></span> <span class='ocrx_word' id='word_1_272' title='bbox 1917 3566 2180 3631; x_wconf 82' lang='lat' dir='ltr'><strong>tidcntttr,</strong></span> 
     </span>
    </p>
   </div>
   <div class='ocr_carea' id='block_1_36' title="bbox 584 3656 2181 3727">
    <p class='ocr_par' dir='ltr' id='par_1_36' title="bbox 584 3656 2181 3727">
     <span class='ocr_line' id='line_1_36' title="bbox 584 3656 2181 3727; baseline 0.001 -18"><span class='ocrx_word' id='word_1_273' title='bbox 584 3656 679 3710; x_wconf 91' lang='lat' dir='ltr'><strong>sed</strong></span> <span class='ocrx_word' id='word_1_274' title='bbox 709 3656 792 3710; x_wconf 88' lang='lat' dir='ltr'><strong>illa</strong></span> <span class='ocrx_word' id='word_1_275' title='bbox 825 3658 935 3725; x_wconf 88' lang='lat' dir='ltr'><strong>ipsa</strong></span> <span class='ocrx_word' id='word_1_276' title='bbox 971 3673 1093 3726; x_wconf 77' lang='lat' dir='ltr'><strong>qua:</strong></span> <span class='ocrx_word' id='word_1_277' title='bbox 1123 3658 1268 3713; x_wconf 89' lang='lat' dir='ltr'><strong>hisce</strong></span> <span class='ocrx_word' id='word_1_278' title='bbox 1297 3657 1470 3712; x_wconf 89' lang='lat' dir='ltr'><strong>oculis</strong></span> <span class='ocrx_word' id='word_1_279' title='bbox 1508 3657 1877 3727; x_wconf 88' lang='lat' dir='ltr'><strong>corporalibus</strong></span> <span class='ocrx_word' id='word_1_280' title='bbox 1917 3672 2022 3712; x_wconf 91' lang='lat' dir='ltr'><strong>non</strong></span> <span class='ocrx_word' id='word_1_281' title='bbox 2060 3672 2181 3727; x_wconf 81' lang='lat' dir='ltr'><strong>spe-</strong></span> 
     </span>
    </p>
   </div>
   <div class='ocr_carea' id='block_1_37' title="bbox 583 3745 2181 3816">
    <p class='ocr_par' dir='ltr' id='par_1_37' title="bbox 583 3745 2181 3816">
     <span class='ocr_line' id='line_1_37' title="bbox 583 3745 2181 3816; baseline 0.001 -15"><span class='ocrx_word' id='word_1_282' title='bbox 583 3757 813 3801; x_wconf 88' lang='lat' dir='ltr'><strong>ctantur.</strong></span> <span class='ocrx_word' id='word_1_283' title='bbox 845 3747 911 3802; x_wconf 85' lang='lat' dir='ltr'><strong>Et</strong></span> <span class='ocrx_word' id='word_1_284' title='bbox 929 3749 1048 3816; x_wconf 88' lang='lat' dir='ltr'><strong>quis</strong></span> <span class='ocrx_word' id='word_1_285' title='bbox 1070 3746 1171 3801; x_wconf 83' lang='lat' dir='ltr'><strong>huc</strong></span> <span class='ocrx_word' id='word_1_286' title='bbox 1190 3747 1514 3813; x_wconf 79' lang='lat' dir='ltr'><strong>consideret,</strong></span> <span class='ocrx_word' id='word_1_287' title='bbox 1547 3755 1604 3800; x_wconf 90' lang='lat' dir='ltr'><strong>ut</strong></span> <span class='ocrx_word' id='word_1_288' title='bbox 1631 3762 1754 3816; x_wconf 75' lang='lat' dir='ltr'><strong>qua:</strong></span> <span class='ocrx_word' id='word_1_289' title='bbox 1773 3745 2020 3802; x_wconf 87' lang='lat' dir='ltr'><strong>videntur</strong></span> <span class='ocrx_word' id='word_1_290' title='bbox 2047 3761 2181 3815; x_wconf 74' lang='lat' dir='ltr'><strong>pra:-</strong></span> 
     </span>
    </p>
   </div>
   <div class='ocr_carea' id='block_1_38' title="bbox 586 3836 2181 3909">
    <p class='ocr_par' dir='ltr' id='par_1_38' title="bbox 586 3836 2181 3909">
     <span class='ocr_line' id='line_1_38' title="bbox 586 3836 2181 3909; baseline -0.001 -16"><span class='ocrx_word' id='word_1_291' title='bbox 586 3849 879 3907; x_wconf 79' lang='lat' dir='ltr'><strong>tt-reantur,</strong></span> <span class='ocrx_word' id='word_1_292' title='bbox 909 3849 962 3895; x_wconf 89' lang='lat' dir='ltr'><strong>et</strong></span> <span class='ocrx_word' id='word_1_293' title='bbox 986 3854 1106 3909; x_wconf 69' lang='lat' dir='ltr'><strong>qua:</strong></span> <span class='ocrx_word' id='word_1_294' title='bbox 1136 3855 1240 3892; x_wconf 89' lang='lat' dir='ltr'><strong>non</strong></span> <span class='ocrx_word' id='word_1_295' title='bbox 1270 3838 1537 3903; x_wconf 81' lang='lat' dir='ltr'><strong>tilentur,</strong></span> <span class='ocrx_word' id='word_1_296' title='bbox 1562 3838 1927 3908; x_wconf 74' lang='lat' dir='ltr'><strong>inquiruntur?</strong></span> <span class='ocrx_word' id='word_1_297' title='bbox 1956 3836 2072 3907; x_wconf 88' lang='lat' dir='ltr'><strong>Ipsa</strong></span> <span class='ocrx_word' id='word_1_298' title='bbox 2098 3853 2181 3892; x_wconf 88' lang='lat' dir='ltr'><strong>rc-</strong></span> 
     </span>
    </p>
   </div>
   <div class='ocr_carea' id='block_1_39' title="bbox 584 3928 2181 4004">
    <p class='ocr_par' dir='ltr' id='par_1_39' title="bbox 584 3928 2181 4004">
     <span class='ocr_line' id='line_1_39' title="bbox 584 3928 2181 4004; baseline -0.003 -16"><span class='ocrx_word' id='word_1_299' title='bbox 584 3948 725 4001; x_wconf 88' lang='lat' dir='ltr'><strong>rnm,</strong></span> <span class='ocrx_word' id='word_1_300' title='bbox 750 3933 939 4004; x_wconf 88' lang='lat' dir='ltr'><strong>inquit,</strong></span> <span class='ocrx_word' id='word_1_301' title='bbox 963 3942 1150 3987; x_wconf 85' lang='lat' dir='ltr'><strong>natura</strong></span> <span class='ocrx_word' id='word_1_302' title='bbox 1168 3933 1358 3987; x_wconf 85' lang='lat' dir='ltr'><strong>doceat</strong></span> <span class='ocrx_word' id='word_1_303' title='bbox 1376 3945 1492 3985; x_wconf 87' lang='lat' dir='ltr'><strong>vos.</strong></span> <span class='ocrx_word' id='word_1_304' title='bbox 1525 3929 1655 3985; x_wconf 84' lang='lat' dir='ltr'><strong>Nam</strong></span> <span class='ocrx_word' id='word_1_305' title='bbox 1683 3929 1799 3984; x_wconf 66' lang='lat' dir='ltr'><strong>hinc</strong></span> <span class='ocrx_word' id='word_1_306' title='bbox 1818 3928 2033 4000; x_wconf 89' lang='lat' dir='ltr'><strong>quidem</strong></span> <span class='ocrx_word' id='word_1_307' title='bbox 2058 3928 2181 3984; x_wconf 88' lang='lat' dir='ltr'><strong>licet</strong></span> 
     </span>
    </p>
   </div>
   <div class='ocr_carea' id='block_1_40' title="bbox 584 4022 2182 4095">
    <p class='ocr_par' dir='ltr' id='par_1_40' title="bbox 584 4022 2182 4095">
     <span class='ocr_line' id='line_1_40' title="bbox 584 4022 2182 4095; baseline -0.004 -13"><span class='ocrx_word' id='word_1_308' title='bbox 584 4027 883 4093; x_wconf 82' lang='lat' dir='ltr'><strong>videantur,</strong></span> <span class='ocrx_word' id='word_1_309' title='bbox 907 4026 1084 4081; x_wconf 86' lang='lat' dir='ltr'><strong>statim</strong></span> <span class='ocrx_word' id='word_1_310' title='bbox 1108 4036 1282 4080; x_wconf 80' lang='lat' dir='ltr'><strong>tamen</strong></span> <span class='ocrx_word' id='word_1_311' title='bbox 1315 4023 1681 4095; x_wconf 73' lang='lat' dir='ltr'><strong>prmterlluunt</strong></span> <span class='ocrx_word' id='word_1_312' title='bbox 1703 4039 1719 4077; x_wconf 91' lang='lat'><strong><em>:</em></strong></span> <span class='ocrx_word' id='word_1_313' title='bbox 1744 4023 1835 4080; x_wconf 84' lang='lat' dir='ltr'><strong>illa</strong></span> <span class='ocrx_word' id='word_1_314' title='bbox 1858 4034 2034 4076; x_wconf 86' lang='lat' dir='ltr'><strong>autem</strong></span> <span class='ocrx_word' id='word_1_315' title='bbox 2058 4022 2182 4078; x_wconf 89' lang='lat' dir='ltr'><strong>licet</strong></span> 
     </span>
    </p>
   </div>
   <div class='ocr_carea' id='block_1_41' title="bbox 584 4118 2173 4188">
    <p class='ocr_par' dir='ltr' id='par_1_41' title="bbox 584 4118 2173 4188">
     <span class='ocr_line' id='line_1_41' title="bbox 584 4118 2173 4188; baseline -0.003 -15"><span class='ocrx_word' id='word_1_316' title='bbox 584 4134 728 4174; x_wconf 72' lang='lat' dir='ltr'><strong>[tunc</strong></span> <span class='ocrx_word' id='word_1_317' title='bbox 753 4134 815 4173; x_wconf 90' lang='lat' dir='ltr'><strong>ea</strong></span> <span class='ocrx_word' id='word_1_318' title='bbox 844 4118 1023 4172; x_wconf 81' lang='lat' dir='ltr'><strong>videre</strong></span> <span class='ocrx_word' id='word_1_319' title='bbox 1050 4133 1157 4172; x_wconf 83' lang='lat' dir='ltr'><strong>non</strong></span> <span class='ocrx_word' id='word_1_320' title='bbox 1189 4118 1455 4188; x_wconf 88' lang='lat' dir='ltr'><strong>possimus</strong></span> <span class='ocrx_word' id='word_1_321' title='bbox 1473 4156 1490 4184; x_wconf 93' lang='lat'><strong>,</strong></span> <span class='ocrx_word' id='word_1_322' title='bbox 1518 4125 1641 4172; x_wconf 88' lang='lat' dir='ltr'><strong>sunt</strong></span> <span class='ocrx_word' id='word_1_323' title='bbox 1671 4125 1848 4172; x_wconf 88' lang='lat' dir='ltr'><strong>tamen</strong></span> <span class='ocrx_word' id='word_1_324' title='bbox 1880 4125 2136 4186; x_wconf 90' lang='lat' dir='ltr'><strong>perpetua</strong></span> <span class='ocrx_word' id='word_1_325' title='bbox 2157 4157 2173 4180; x_wconf 93' lang='lat'><strong>,</strong></span> 
     </span>
    </p>
   </div>
   <div class='ocr_carea' id='block_1_42' title="bbox 582 4207 2180 4281">
    <p class='ocr_par' dir='ltr' id='par_1_42' title="bbox 582 4207 2180 4281">
     <span class='ocr_line' id='line_1_42' title="bbox 582 4207 2180 4281; baseline -0.001 -17"><span class='ocrx_word' id='word_1_326' title='bbox 582 4227 796 4281; x_wconf 75' lang='lat' dir='ltr'><strong>semper</strong></span> <span class='ocrx_word' id='word_1_327' title='bbox 820 4210 1035 4275; x_wconf 82' lang='lat' dir='ltr'><strong>durant,</strong></span> <span class='ocrx_word' id='word_1_328' title='bbox 1071 4209 1355 4264; x_wconf 87' lang='lat' dir='ltr'><strong>terminum</strong></span> <span class='ocrx_word' id='word_1_329' title='bbox 1386 4208 1652 4273; x_wconf 87' lang='lat' dir='ltr'><strong>nesciunt,</strong></span> <span class='ocrx_word' id='word_1_330' title='bbox 1686 4209 1847 4263; x_wconf 88' lang='lat' dir='ltr'><strong>ﬁnem</strong></span> <span class='ocrx_word' id='word_1_331' title='bbox 1888 4222 1994 4261; x_wconf 91' lang='lat' dir='ltr'><strong>non</strong></span> <span class='ocrx_word' id='word_1_332' title='bbox 2037 4207 2180 4263; x_wconf 86' lang='lat' dir='ltr'><strong>acci-</strong></span> 
     </span>
    </p>
   </div>
   <div class='ocr_carea' id='block_1_43' title="bbox 584 4299 2177 4374">
    <p class='ocr_par' dir='ltr' id='par_1_43' title="bbox 584 4299 2177 4374">
     <span class='ocr_line' id='line_1_43' title="bbox 584 4299 2177 4374; baseline 0.001 -21"><span class='ocrx_word' id='word_1_333' title='bbox 584 4305 764 4374; x_wconf 81' lang='lat' dir='ltr'><strong>piunt,</strong></span> <span class='ocrx_word' id='word_1_334' title='bbox 798 4303 1225 4357; x_wconf 79' lang='lat' dir='ltr'><strong>vicissitudinem</strong></span> <span class='ocrx_word' id='word_1_335' title='bbox 1257 4302 1533 4372; x_wconf 88' lang='lat' dir='ltr'><strong>ignorant,</strong></span> <span class='ocrx_word' id='word_1_336' title='bbox 1563 4300 1774 4356; x_wconf 87' lang='lat' dir='ltr'><strong>stabilia</strong></span> <span class='ocrx_word' id='word_1_337' title='bbox 1802 4307 1856 4354; x_wconf 90' lang='lat' dir='ltr'><strong>et</strong></span> <span class='ocrx_word' id='word_1_338' title='bbox 1882 4299 2177 4354; x_wconf 86' lang='lat' dir='ltr'><strong>immobilia</strong></span> 
     </span>
    </p>
   </div>
   <div class='ocr_carea' id='block_1_44' title="bbox 582 4390 2176 4460">
    <p class='ocr_par' dir='ltr' id='par_1_44' title="bbox 582 4390 2176 4460">
     <span class='ocr_line' id='line_1_44' title="bbox 582 4390 2176 4460; baseline -0.003 -12"><span class='ocrx_word' id='word_1_339' title='bbox 582 4404 728 4448; x_wconf 84' lang='lat' dir='ltr'><strong>sunt.</strong></span> <span class='ocrx_word' id='word_1_340' title='bbox 775 4393 1039 4448; x_wconf 81' lang='lat' dir='ltr'><strong>Fortassis</strong></span> <span class='ocrx_word' id='word_1_341' title='bbox 1080 4391 1292 4447; x_wconf 86' lang='lat' dir='ltr'><strong>tandem</strong></span> <span class='ocrx_word' id='word_1_342' title='bbox 1331 4393 1590 4447; x_wconf 88' lang='lat' dir='ltr'><strong>molestus</strong></span> <span class='ocrx_word' id='word_1_343' title='bbox 1619 4404 1739 4447; x_wconf 87' lang='lat' dir='ltr'><strong>esse</strong></span> <span class='ocrx_word' id='word_1_344' title='bbox 1764 4390 1967 4455; x_wconf 88' lang='lat' dir='ltr'><strong>videar,</strong></span> <span class='ocrx_word' id='word_1_345' title='bbox 1995 4390 2176 4460; x_wconf 84' lang='lat' dir='ltr'><strong>quoti-</strong></span> 
     </span>
    </p>
   </div>
   <div class='ocr_carea' id='block_1_45' title="bbox 582 4481 2180 4552">
    <p class='ocr_par' dir='ltr' id='par_1_45' title="bbox 582 4481 2180 4552">
     <span class='ocr_line' id='line_1_45' title="bbox 582 4481 2180 4552; baseline -0.002 -15"><span class='ocrx_word' id='word_1_346' title='bbox 582 4486 671 4539; x_wconf 85' lang='lat' dir='ltr'><strong>die</strong></span> <span class='ocrx_word' id='word_1_347' title='bbox 701 4485 895 4537; x_wconf 89' lang='lat' dir='ltr'><strong>frustra</strong></span> <span class='ocrx_word' id='word_1_348' title='bbox 918 4483 1205 4538; x_wconf 85' lang='lat' dir='ltr'><strong>consulens</strong></span> <span class='ocrx_word' id='word_1_349' title='bbox 1230 4499 1245 4536; x_wconf 86' lang='lat'><strong>:</strong></span> <span class='ocrx_word' id='word_1_350' title='bbox 1273 4481 1367 4537; x_wconf 88' lang='lat' dir='ltr'><strong>sed</strong></span> <span class='ocrx_word' id='word_1_351' title='bbox 1388 4481 1515 4552; x_wconf 90' lang='lat' dir='ltr'><strong>quid</strong></span> <span class='ocrx_word' id='word_1_352' title='bbox 1543 4482 1771 4537; x_wconf 79' lang='lat' dir='ltr'><strong>faciam?</strong></span> <span class='ocrx_word' id='word_1_353' title='bbox 1794 4481 2038 4552; x_wconf 81' lang='lat' dir='ltr'><strong>Magnum</strong></span> <span class='ocrx_word' id='word_1_354' title='bbox 2066 4498 2180 4535; x_wconf 84' lang='lat' dir='ltr'><strong>ma-</strong></span> 
     </span>
    </p>
   </div>
   <div class='ocr_carea' id='block_1_46' title="bbox 584 4573 2175 4653">
    <p class='ocr_par' dir='ltr' id='par_1_46' title="bbox 584 4573 2175 4653">
     <span class='ocr_line' id='line_1_46' title="bbox 584 4573 2175 4653; baseline -0.003 -22"><span class='ocrx_word' id='word_1_355' title='bbox 584 4575 710 4632; x_wconf 69' lang='lat' dir='ltr'><strong>litia:</strong></span> <span class='ocrx_word' id='word_1_356' title='bbox 736 4576 992 4629; x_wconf 88' lang='lat' dir='ltr'><strong>damnum</strong></span> <span class='ocrx_word' id='word_1_357' title='bbox 1020 4584 1101 4627; x_wconf 89' lang='lat' dir='ltr'><strong>est</strong></span> <span class='ocrx_word' id='word_1_358' title='bbox 1122 4614 1135 4635; x_wconf 86' lang='lat'><strong>,</strong></span> <span class='ocrx_word' id='word_1_359' title='bbox 1163 4586 1354 4641; x_wconf 84' lang='lat' dir='ltr'><strong>magna</strong></span> <span class='ocrx_word' id='word_1_360' title='bbox 1382 4573 1722 4653; x_wconf 77' lang='lat' dir='ltr'><strong>pecuniarum</strong></span> <span class='ocrx_word' id='word_1_361' title='bbox 1754 4574 1991 4643; x_wconf 87' lang='lat' dir='ltr'><strong>tyrannis</strong></span> <span class='ocrx_word' id='word_1_362' title='bbox 2012 4613 2026 4637; x_wconf 92' lang='lat'><strong>,</strong></span> <span class='ocrx_word' id='word_1_363' title='bbox 2058 4588 2175 4626; x_wconf 90' lang='lat' dir='ltr'><strong>ma-</strong></span> 
     </span>
    </p>
   </div>
   <div class='ocr_carea' id='block_1_47' title="bbox 582 4663 2178 4740">
    <p class='ocr_par' dir='ltr' id='par_1_47' title="bbox 582 4663 2178 4740">
     <span class='ocr_line' id='line_1_47' title="bbox 582 4663 2178 4740; baseline -0.001 -16"><span class='ocrx_word' id='word_1_364' title='bbox 582 4684 686 4740; x_wconf 77' lang='lat' dir='ltr'><strong>gna</strong></span> <span class='ocrx_word' id='word_1_365' title='bbox 726 4669 978 4723; x_wconf 89' lang='lat' dir='ltr'><strong>virtutum</strong></span> <span class='ocrx_word' id='word_1_366' title='bbox 1030 4667 1243 4721; x_wconf 83' lang='lat' dir='ltr'><strong>raritas.</strong></span> <span class='ocrx_word' id='word_1_367' title='bbox 1300 4663 1425 4720; x_wconf 84' lang='lat' dir='ltr'><strong>ideo</strong></span> <span class='ocrx_word' id='word_1_368' title='bbox 1469 4665 1628 4735; x_wconf 89' lang='lat' dir='ltr'><strong>cupio</strong></span> <span class='ocrx_word' id='word_1_369' title='bbox 1667 4665 1750 4719; x_wconf 89' lang='lat' dir='ltr'><strong>vel</strong></span> <span class='ocrx_word' id='word_1_370' title='bbox 1794 4665 2178 4722; x_wconf 85' lang='lat' dir='ltr'><strong>admonitionis</strong></span> 
     </span>
    </p>
   </div>
   <div class='ocr_carea' id='block_1_48' title="bbox 585 4757 2176 4830">
    <p class='ocr_par' dir='ltr' id='par_1_48' title="bbox 585 4757 2176 4830">
     <span class='ocr_line' id='line_1_48' title="bbox 585 4757 2176 4830; baseline -0.002 -14"><span class='ocrx_word' id='word_1_371' title='bbox 585 4762 897 4818; x_wconf 61' lang='lat' dir='ltr'><strong>assiduitate</strong></span> <span class='ocrx_word' id='word_1_372' title='bbox 924 4760 1169 4813; x_wconf 89' lang='lat' dir='ltr'><strong>morbum</strong></span> <span class='ocrx_word' id='word_1_373' title='bbox 1196 4757 1411 4814; x_wconf 82' lang='lat' dir='ltr'><strong>vincere</strong></span> <span class='ocrx_word' id='word_1_374' title='bbox 1433 4798 1449 4824; x_wconf 94' lang='lat'><strong>,</strong></span> <span class='ocrx_word' id='word_1_375' title='bbox 1484 4767 1542 4813; x_wconf 86' lang='lat' dir='ltr'><strong>et</strong></span> <span class='ocrx_word' id='word_1_376' title='bbox 1577 4757 1929 4813; x_wconf 80' lang='lat' dir='ltr'><strong>incolumitati</strong></span> <span class='ocrx_word' id='word_1_377' title='bbox 1957 4758 2176 4830; x_wconf 77' lang='lat' dir='ltr'><strong>integra:</strong></span> 
     </span>
    </p>
   </div>
   <div class='ocr_carea' id='block_1_49' title="bbox 585 4849 2174 4908">
    <p class='ocr_par' dir='ltr' id='par_1_49' title="bbox 585 4849 2174 4908">
     <span class='ocr_line' id='line_1_49' title="bbox 585 4849 2174 4908; baseline -0.001 -2"><span class='ocrx_word' id='word_1_378' title='bbox 585 4855 688 4907; x_wconf 89' lang='lat' dir='ltr'><strong>huc</strong></span> <span class='ocrx_word' id='word_1_379' title='bbox 716 4853 1097 4908; x_wconf 78' lang='lat' dir='ltr'><strong>convenientes</strong></span> <span class='ocrx_word' id='word_1_380' title='bbox 1122 4850 1428 4906; x_wconf 85' lang='lat' dir='ltr'><strong>restituere.</strong></span> <span class='ocrx_word' id='word_1_381' title='bbox 1457 4850 1588 4905; x_wconf 88' lang='lat' dir='ltr'><strong>Eam</strong></span> <span class='ocrx_word' id='word_1_382' title='bbox 1614 4850 1758 4905; x_wconf 91' lang='lat' dir='ltr'><strong>enim</strong></span> <span class='ocrx_word' id='word_1_383' title='bbox 1786 4850 1855 4905; x_wconf 91' lang='lat' dir='ltr'><strong>ob</strong></span> <span class='ocrx_word' id='word_1_384' title='bbox 1883 4866 1996 4906; x_wconf 90' lang='lat' dir='ltr'><strong>rem</strong></span> <span class='ocrx_word' id='word_1_385' title='bbox 2026 4849 2174 4907; x_wconf 84' lang='lat' dir='ltr'><strong>Seri-</strong></span> 
     </span>
    </p>
   </div>
   <div class='ocr_carea' id='block_1_50' title="bbox 581 4941 2175 5017">
    <p class='ocr_par' dir='ltr' id='par_1_50' title="bbox 581 4941 2175 5017">
     <span class='ocr_line' id='line_1_50' title="bbox 581 4941 2175 5017; baseline -0.001 -21"><span class='ocrx_word' id='word_1_386' title='bbox 581 4955 767 5017; x_wconf 84' lang='lat' dir='ltr'><strong>ptnras</strong></span> <span class='ocrx_word' id='word_1_387' title='bbox 793 4942 1077 4998; x_wconf 86' lang='lat' dir='ltr'><strong>enarrandi</strong></span> <span class='ocrx_word' id='word_1_388' title='bbox 1114 4951 1317 4996; x_wconf 88' lang='lat' dir='ltr'><strong>tantum</strong></span> <span class='ocrx_word' id='word_1_389' title='bbox 1347 4941 1505 4997; x_wconf 85' lang='lat' dir='ltr'><strong>nobis</strong></span> <span class='ocrx_word' id='word_1_390' title='bbox 1530 4949 1614 4996; x_wconf 91' lang='lat' dir='ltr'><strong>est</strong></span> <span class='ocrx_word' id='word_1_391' title='bbox 1637 4941 1873 4997; x_wconf 88' lang='lat' dir='ltr'><strong>studium</strong></span> <span class='ocrx_word' id='word_1_392' title='bbox 1914 4949 1972 4997; x_wconf 92' lang='lat' dir='ltr'><strong>et</strong></span> <span class='ocrx_word' id='word_1_393' title='bbox 2004 4941 2175 5012; x_wconf 85' lang='lat' dir='ltr'><strong>justo-</strong></span> 
     </span>
    </p>
   </div>
   <div class='ocr_carea' id='block_1_51' title="bbox 582 5032 2174 5103">
    <p class='ocr_par' dir='ltr' id='par_1_51' title="bbox 582 5032 2174 5103">
     <span class='ocr_line' id='line_1_51' title="bbox 582 5032 2174 5103; baseline -0.002 -12"><span class='ocrx_word' id='word_1_394' title='bbox 582 5053 699 5091; x_wconf 89' lang='lat' dir='ltr'><strong>rmn</strong></span> <span class='ocrx_word' id='word_1_395' title='bbox 736 5036 960 5089; x_wconf 87' lang='lat' dir='ltr'><strong>virtutes</strong></span> <span class='ocrx_word' id='word_1_396' title='bbox 990 5034 1041 5088; x_wconf 92' lang='lat' dir='ltr'><strong>in</strong></span> <span class='ocrx_word' id='word_1_397' title='bbox 1073 5033 1306 5089; x_wconf 89' lang='lat' dir='ltr'><strong>medium</strong></span> <span class='ocrx_word' id='word_1_398' title='bbox 1333 5032 1605 5089; x_wconf 87' lang='lat' dir='ltr'><strong>aﬂ&#39;erimus</strong></span> <span class='ocrx_word' id='word_1_399' title='bbox 1634 5050 1649 5088; x_wconf 89' lang='lat'><strong>:</strong></span> <span class='ocrx_word' id='word_1_400' title='bbox 1686 5048 1786 5088; x_wconf 90' lang='lat' dir='ltr'><strong>nec</strong></span> <span class='ocrx_word' id='word_1_401' title='bbox 1816 5032 1957 5103; x_wconf 84' lang='lat' dir='ltr'><strong>piget</strong></span> <span class='ocrx_word' id='word_1_402' title='bbox 1985 5032 2174 5088; x_wconf 90' lang='lat' dir='ltr'><strong>eadem</strong></span> 
     </span>
    </p>
   </div>
   <div class='ocr_carea' id='block_1_52' title="bbox 580 5124 2180 5200">
    <p class='ocr_par' dir='ltr' id='par_1_52' title="bbox 580 5124 2180 5200">
     <span class='ocr_line' id='line_1_52' title="bbox 580 5124 2180 5200; baseline -0.002 -16"><span class='ocrx_word' id='word_1_403' title='bbox 580 5129 778 5200; x_wconf 75' lang='lat' dir='ltr'><strong>stt-pius</strong></span> <span class='ocrx_word' id='word_1_404' title='bbox 807 5136 1070 5197; x_wconf 81' lang='lat' dir='ltr'><strong>repetere,</strong></span> <span class='ocrx_word' id='word_1_405' title='bbox 1099 5136 1156 5180; x_wconf 90' lang='lat' dir='ltr'><strong>ut</strong></span> <span class='ocrx_word' id='word_1_406' title='bbox 1193 5140 1289 5195; x_wconf 89' lang='lat' dir='ltr'><strong>per</strong></span> <span class='ocrx_word' id='word_1_407' title='bbox 1312 5125 1491 5180; x_wconf 90' lang='lat' dir='ltr'><strong>omnia</strong></span> <span class='ocrx_word' id='word_1_408' title='bbox 1517 5141 1611 5182; x_wconf 87' lang='lat' dir='ltr'><strong>vos</strong></span> <span class='ocrx_word' id='word_1_409' title='bbox 1638 5124 1892 5181; x_wconf 88' lang='lat' dir='ltr'><strong>inducere</strong></span> <span class='ocrx_word' id='word_1_410' title='bbox 1916 5124 1983 5180; x_wconf 90' lang='lat' dir='ltr'><strong>ad</strong></span> <span class='ocrx_word' id='word_1_411' title='bbox 2010 5140 2180 5181; x_wconf 73' lang='lat' dir='ltr'><strong>temu-</strong></span> 
     </span>
    </p>
   </div>
   <div class='ocr_carea' id='block_1_53' title="bbox 581 5217 1448 5288">
    <p class='ocr_par' dir='ltr' id='par_1_53' title="bbox 581 5217 1448 5288">
     <span class='ocr_line' id='line_1_53' title="bbox 581 5217 1448 5288; baseline -0.008 -10"><span class='ocrx_word' id='word_1_412' title='bbox 581 5220 834 5278; x_wconf 82' lang='lat' dir='ltr'><strong>lationetn</strong></span> <span class='ocrx_word' id='word_1_413' title='bbox 862 5219 1129 5288; x_wconf 71' lang='lat' dir='ltr'><strong>iustorum</strong></span> <span class='ocrx_word' id='word_1_414' title='bbox 1157 5217 1448 5272; x_wconf 83' lang='lat' dir='ltr'><strong>valeamus.</strong></span> 
     </span>
    </p>
   </div>
   <div class='ocr_carea' id='block_1_54' title="bbox 655 5307 2176 5380">
    <p class='ocr_par' dir='ltr' id='par_1_54' title="bbox 655 5307 2176 5380">
     <span class='ocr_line' id='line_1_54' title="bbox 655 5307 2176 5380; baseline -0.003 -12"><span class='ocrx_word' id='word_1_415' title='bbox 655 5315 987 5380; x_wconf 73' lang='lat' dir='ltr'><strong>Eteemosyna</strong></span> <span class='ocrx_word' id='word_1_416' title='bbox 1014 5307 1339 5380; x_wconf 75' lang='lat' dir='ltr'><strong>prtedicatur.</strong></span> <span class='ocrx_word' id='word_1_417' title='bbox 1370 5337 1443 5348; x_wconf 93' lang='lat'><strong><em>—</em></strong></span> <span class='ocrx_word' id='word_1_418' title='bbox 1465 5308 1564 5363; x_wconf 80' lang='lat' dir='ltr'><strong>Vel</strong></span> <span class='ocrx_word' id='word_1_419' title='bbox 1592 5322 1717 5363; x_wconf 87' lang='lat' dir='ltr'><strong>sero</strong></span> <span class='ocrx_word' id='word_1_420' title='bbox 1748 5307 1962 5364; x_wconf 90' lang='lat' dir='ltr'><strong>tandem</strong></span> <span class='ocrx_word' id='word_1_421' title='bbox 1990 5308 2176 5364; x_wconf 87' lang='lat' dir='ltr'><strong>salutis</strong></span> 
     </span>
    </p>
   </div>
   <div class='ocr_carea' id='block_1_55' title="bbox 583 5400 2175 5465">
    <p class='ocr_par' dir='ltr' id='par_1_55' title="bbox 583 5400 2175 5465">
     <span class='ocr_line' id='line_1_55' title="bbox 583 5400 2175 5465; baseline -0.001 -6"><span class='ocrx_word' id='word_1_422' title='bbox 583 5416 781 5461; x_wconf 70' lang='lat' dir='ltr'><strong>nostra!</strong></span> <span class='ocrx_word' id='word_1_423' title='bbox 819 5417 1001 5457; x_wconf 88' lang='lat' dir='ltr'><strong>curam</strong></span> <span class='ocrx_word' id='word_1_424' title='bbox 1050 5401 1326 5465; x_wconf 87' lang='lat' dir='ltr'><strong>faciamus,</strong></span> <span class='ocrx_word' id='word_1_425' title='bbox 1357 5410 1409 5455; x_wconf 90' lang='lat' dir='ltr'><strong>et</strong></span> <span class='ocrx_word' id='word_1_426' title='bbox 1441 5400 1578 5456; x_wconf 85' lang='lat' dir='ltr'><strong>bene</strong></span> <span class='ocrx_word' id='word_1_427' title='bbox 1603 5409 1816 5457; x_wconf 88' lang='lat' dir='ltr'><strong>utamur</strong></span> <span class='ocrx_word' id='word_1_428' title='bbox 1843 5400 1909 5456; x_wconf 89' lang='lat' dir='ltr'><strong>ad</strong></span> <span class='ocrx_word' id='word_1_429' title='bbox 1936 5400 2175 5457; x_wconf 87' lang='lat' dir='ltr'><strong>inducias</strong></span> 
     </span>
    </p>
   </div>
   <div class='ocr_carea' id='block_1_56' title="bbox 584 5491 2175 5562">
    <p class='ocr_par' dir='ltr' id='par_1_56' title="bbox 584 5491 2175 5562">
     <span class='ocr_line' id='line_1_56' title="bbox 584 5491 2175 5562; baseline 0 -13"><span class='ocrx_word' id='word_1_430' title='bbox 584 5498 736 5550; x_wconf 90' lang='lat' dir='ltr'><strong>nobis</strong></span> <span class='ocrx_word' id='word_1_431' title='bbox 762 5495 890 5550; x_wconf 86' lang='lat' dir='ltr'><strong>dato</strong></span> <span class='ocrx_word' id='word_1_432' title='bbox 920 5494 1079 5562; x_wconf 79' lang='lat' dir='ltr'><strong>hujus</strong></span> <span class='ocrx_word' id='word_1_433' title='bbox 1103 5496 1225 5547; x_wconf 69' lang='lat' dir='ltr'><strong>vitae</strong></span> <span class='ocrx_word' id='word_1_434' title='bbox 1252 5491 1502 5558; x_wconf 81' lang='lat' dir='ltr'><strong>deettrStt,</strong></span> <span class='ocrx_word' id='word_1_435' title='bbox 1523 5501 1580 5546; x_wconf 92' lang='lat' dir='ltr'><strong>et</strong></span> <span class='ocrx_word' id='word_1_436' title='bbox 1604 5492 1732 5547; x_wconf 89' lang='lat' dir='ltr'><strong>dum</strong></span> <span class='ocrx_word' id='word_1_437' title='bbox 1760 5491 1936 5548; x_wconf 85' lang='lat' dir='ltr'><strong>adhuc</strong></span> <span class='ocrx_word' id='word_1_438' title='bbox 1964 5502 2175 5562; x_wconf 85' lang='lat' dir='ltr'><strong>tempus</strong></span> 
     </span>
    </p>
   </div>
   <div class='ocr_carea' id='block_1_57' title="bbox 582 5583 2177 5659">
    <p class='ocr_par' dir='ltr' id='par_1_57' title="bbox 582 5583 2177 5659">
     <span class='ocr_line' id='line_1_57' title="bbox 582 5583 2177 5659; baseline -0.001 -18"><span class='ocrx_word' id='word_1_439' title='bbox 582 5597 685 5653; x_wconf 86' lang='lat' dir='ltr'><strong>est,</strong></span> <span class='ocrx_word' id='word_1_440' title='bbox 716 5587 784 5642; x_wconf 89' lang='lat' dir='ltr'><strong>ad</strong></span> <span class='ocrx_word' id='word_1_441' title='bbox 815 5586 1181 5659; x_wconf 68' lang='lat' dir='ltr'><strong>paenitentiam</strong></span> <span class='ocrx_word' id='word_1_442' title='bbox 1205 5594 1261 5641; x_wconf 90' lang='lat' dir='ltr'><strong>et</strong></span> <span class='ocrx_word' id='word_1_443' title='bbox 1284 5583 1529 5655; x_wconf 85' lang='lat' dir='ltr'><strong>lapsuum</strong></span> <span class='ocrx_word' id='word_1_444' title='bbox 1550 5584 1936 5640; x_wconf 83' lang='lat' dir='ltr'><strong>correctionem</strong></span> <span class='ocrx_word' id='word_1_445' title='bbox 1957 5584 2177 5640; x_wconf 71' lang='lat' dir='ltr'><strong>festine~</strong></span> 
     </span>
    </p>
   </div>
   <div class='ocr_carea' id='block_1_58' title="bbox 584 5676 2173 5749">
    <p class='ocr_par' dir='ltr' id='par_1_58' title="bbox 584 5676 2173 5749">
     <span class='ocr_line' id='line_1_58' title="bbox 584 5676 2173 5749; baseline -0.002 -15"><span class='ocrx_word' id='word_1_446' title='bbox 584 5694 705 5734; x_wconf 85' lang='lat' dir='ltr'><strong>mus</strong></span> <span class='ocrx_word' id='word_1_447' title='bbox 727 5719 744 5745; x_wconf 95' lang='lat'><strong>,</strong></span> <span class='ocrx_word' id='word_1_448' title='bbox 775 5678 1228 5749; x_wconf 87' lang='lat' dir='ltr'><strong>pecuniarumque</strong></span> <span class='ocrx_word' id='word_1_449' title='bbox 1256 5676 1638 5732; x_wconf 87' lang='lat' dir='ltr'><strong>abundantiam</strong></span> <span class='ocrx_word' id='word_1_450' title='bbox 1669 5676 1720 5731; x_wconf 91' lang='lat' dir='ltr'><strong>in</strong></span> <span class='ocrx_word' id='word_1_451' title='bbox 1747 5677 2045 5730; x_wconf 82' lang='lat' dir='ltr'><strong>animarum</strong></span> <span class='ocrx_word' id='word_1_452' title='bbox 2073 5691 2173 5731; x_wconf 59' lang='lat' dir='ltr'><strong>no-</strong></span> 
     </span>
    </p>
   </div>
   <div class='ocr_carea' id='block_1_59' title="bbox 580 5767 2174 5841">
    <p class='ocr_par' dir='ltr' id='par_1_59' title="bbox 580 5767 2174 5841">
     <span class='ocr_line' id='line_1_59' title="bbox 580 5767 2174 5841; baseline -0.001 -15"><span class='ocrx_word' id='word_1_453' title='bbox 580 5782 813 5828; x_wconf 82' lang='lat' dir='ltr'><strong>strarntn</strong></span> <span class='ocrx_word' id='word_1_454' title='bbox 848 5773 1075 5825; x_wconf 89' lang='lat' dir='ltr'><strong>salutem</strong></span> <span class='ocrx_word' id='word_1_455' title='bbox 1099 5769 1463 5841; x_wconf 79' lang='lat' dir='ltr'><strong>expendamus</strong></span> <span class='ocrx_word' id='word_1_456' title='bbox 1481 5808 1497 5835; x_wconf 94' lang='lat'><strong>,</strong></span> <span class='ocrx_word' id='word_1_457' title='bbox 1524 5767 1901 5839; x_wconf 89' lang='lat' dir='ltr'><strong>superﬂuaque</strong></span> <span class='ocrx_word' id='word_1_458' title='bbox 1928 5768 2174 5839; x_wconf 81' lang='lat' dir='ltr'><strong>indigen-</strong></span> 
     </span>
    </p>
   </div>
   <div class='ocr_carea' id='block_1_60' title="bbox 585 5860 2169 5932">
    <p class='ocr_par' dir='ltr' id='par_1_60' title="bbox 585 5860 2169 5932">
     <span class='ocr_line' id='line_1_60' title="bbox 585 5860 2169 5932; baseline -0.003 -12"><span class='ocrx_word' id='word_1_459' title='bbox 585 5867 726 5921; x_wconf 87' lang='lat' dir='ltr'><strong>tibus</strong></span> <span class='ocrx_word' id='word_1_460' title='bbox 752 5864 1099 5917; x_wconf 87' lang='lat' dir='ltr'><strong>insumamus.</strong></span> <span class='ocrx_word' id='word_1_461' title='bbox 1145 5862 1320 5931; x_wconf 83' lang='lat' dir='ltr'><strong>Quare</strong></span> <span class='ocrx_word' id='word_1_462' title='bbox 1361 5860 1525 5931; x_wconf 89' lang='lat' dir='ltr'><strong>enim,</strong></span> <span class='ocrx_word' id='word_1_463' title='bbox 1549 5861 1635 5919; x_wconf 90' lang='lat' dir='ltr'><strong>dic</strong></span> <span class='ocrx_word' id='word_1_464' title='bbox 1668 5860 1819 5928; x_wconf 84' lang='lat' dir='ltr'><strong>mihi,</strong></span> <span class='ocrx_word' id='word_1_465' title='bbox 1853 5861 2115 5932; x_wconf 89' lang='lat' dir='ltr'><strong>permittis</strong></span> <span class='ocrx_word' id='word_1_466' title='bbox 2139 5876 2169 5916; x_wconf 90' lang='lat' dir='ltr'><strong>a</strong></span> 
     </span>
    </p>
   </div>
   <div class='ocr_carea' id='block_1_61' title="bbox 2305 541 3890 628">
    <p class='ocr_par' dir='ltr' id='par_1_61' title="bbox 2305 541 3890 628">
     <span class='ocr_line' id='line_1_61' title="bbox 2305 541 3890 628; baseline 0.016 -34"><span class='ocrx_word' id='word_1_467' title='bbox 2305 541 2549 612; x_wconf 89' lang='lat' dir='ltr'><strong>rubigine</strong></span> <span class='ocrx_word' id='word_1_468' title='bbox 2571 557 2759 598; x_wconf 90' lang='lat' dir='ltr'><strong>aurum</strong></span> <span class='ocrx_word' id='word_1_469' title='bbox 2779 554 2833 600; x_wconf 91' lang='lat' dir='ltr'><strong>et</strong></span> <span class='ocrx_word' id='word_1_470' title='bbox 2851 558 3130 617; x_wconf 86' lang='lat' dir='ltr'><strong>argentum</strong></span> <span class='ocrx_word' id='word_1_471' title='bbox 3153 554 3419 619; x_wconf 88' lang='lat' dir='ltr'><strong>consumi,</strong></span> <span class='ocrx_word' id='word_1_472' title='bbox 3464 569 3585 626; x_wconf 61' lang='lat' dir='ltr'><strong>quae</strong></span> <span class='ocrx_word' id='word_1_473' title='bbox 3624 560 3890 628; x_wconf 84' lang='lat' dir='ltr'><strong>oportebat</strong></span> 
     </span>
    </p>
   </div>
   <div class='ocr_carea' id='block_1_62' title="bbox 2306 633 3880 720">
    <p class='ocr_par' dir='ltr' id='par_1_62' title="bbox 2306 633 3880 720">
     <span class='ocr_line' id='line_1_62' title="bbox 2306 633 3880 720; baseline 0.013 -35"><span class='ocrx_word' id='word_1_474' title='bbox 2306 633 2357 685; x_wconf 91' lang='lat' dir='ltr'><strong>in</strong></span> <span class='ocrx_word' id='word_1_475' title='bbox 2389 647 2677 703; x_wconf 88' lang='lat' dir='ltr'><strong>pauperum</strong></span> <span class='ocrx_word' id='word_1_476' title='bbox 2704 646 2919 691; x_wconf 81' lang='lat' dir='ltr'><strong>ventres</strong></span> <span class='ocrx_word' id='word_1_477' title='bbox 2942 636 3251 706; x_wconf 76' lang='lat' dir='ltr'><strong>effundere,</strong></span> <span class='ocrx_word' id='word_1_478' title='bbox 3284 650 3344 697; x_wconf 92' lang='lat' dir='ltr'><strong>ut</strong></span> <span class='ocrx_word' id='word_1_479' title='bbox 3371 644 3421 697; x_wconf 90' lang='lat' dir='ltr'><strong>in</strong></span> <span class='ocrx_word' id='word_1_480' title='bbox 3454 653 3568 702; x_wconf 91' lang='lat' dir='ltr'><strong>tuto</strong></span> <span class='ocrx_word' id='word_1_481' title='bbox 3593 662 3880 720; x_wconf 82' lang='lat' dir='ltr'><strong>promptua-</strong></span> 
     </span>
    </p>
   </div>
   <div class='ocr_carea' id='block_1_63' title="bbox 2304 722 3886 811">
    <p class='ocr_par' dir='ltr' id='par_1_63' title="bbox 2304 722 3886 811">
     <span class='ocr_line' id='line_1_63' title="bbox 2304 722 3886 811; baseline 0.015 -38"><span class='ocrx_word' id='word_1_482' title='bbox 2304 722 2387 774; x_wconf 89' lang='lat' dir='ltr'><strong>rio</strong></span> <span class='ocrx_word' id='word_1_483' title='bbox 2414 722 2657 793; x_wconf 82' lang='lat' dir='ltr'><strong>deposita</strong></span> <span class='ocrx_word' id='word_1_484' title='bbox 2680 766 2696 791; x_wconf 92' lang='lat'><strong>,</strong></span> <span class='ocrx_word' id='word_1_485' title='bbox 2730 733 2971 794; x_wconf 90' lang='lat' dir='ltr'><strong>tempore</strong></span> <span class='ocrx_word' id='word_1_486' title='bbox 2994 742 3100 799; x_wconf 91' lang='lat' dir='ltr'><strong>quo</strong></span> <span class='ocrx_word' id='word_1_487' title='bbox 3129 731 3358 787; x_wconf 84' lang='lat' dir='ltr'><strong>maxime</strong></span> <span class='ocrx_word' id='word_1_488' title='bbox 3378 749 3511 803; x_wconf 89' lang='lat' dir='ltr'><strong>opus</strong></span> <span class='ocrx_word' id='word_1_489' title='bbox 3531 752 3719 793; x_wconf 88' lang='lat' dir='ltr'><strong>eormn</strong></span> <span class='ocrx_word' id='word_1_490' title='bbox 3744 741 3886 811; x_wconf 84' lang='lat' dir='ltr'><strong>adju-</strong></span> 
     </span>
    </p>
   </div>
   <div class='ocr_carea' id='block_1_64' title="bbox 2305 812 3892 899">
    <p class='ocr_par' dir='ltr' id='par_1_64' title="bbox 2305 812 3892 899">
     <span class='ocr_line' id='line_1_64' title="bbox 2305 812 3892 899; baseline 0.013 -34"><span class='ocrx_word' id='word_1_491' title='bbox 2305 812 2443 866; x_wconf 90' lang='lat' dir='ltr'><strong>torio</strong></span> <span class='ocrx_word' id='word_1_492' title='bbox 2468 812 2709 881; x_wconf 88' lang='lat' dir='ltr'><strong>habebis,</strong></span> <span class='ocrx_word' id='word_1_493' title='bbox 2744 814 2867 870; x_wconf 88' lang='lat' dir='ltr'><strong>hinc</strong></span> <span class='ocrx_word' id='word_1_494' title='bbox 2893 819 3318 875; x_wconf 88' lang='lat' dir='ltr'><strong>consolationem</strong></span> <span class='ocrx_word' id='word_1_495' title='bbox 3350 822 3628 893; x_wconf 85' lang='lat' dir='ltr'><strong>invenias;</strong></span> <span class='ocrx_word' id='word_1_496' title='bbox 3658 839 3713 882; x_wconf 90' lang='lat' dir='ltr'><strong>et</strong></span> <span class='ocrx_word' id='word_1_497' title='bbox 3748 830 3836 899; x_wconf 92' lang='lat' dir='ltr'><strong>qui</strong></span> <span class='ocrx_word' id='word_1_498' title='bbox 3867 847 3892 887; x_wconf 87' lang='lat' dir='ltr'><strong>a</strong></span> 
     </span>
    </p>
   </div>
   <div class='ocr_carea' id='block_1_65' title="bbox 2306 904 3895 989">
    <p class='ocr_par' dir='ltr' id='par_1_65' title="bbox 2306 904 3895 989">
     <span class='ocr_line' id='line_1_65' title="bbox 2306 904 3895 989; baseline 0.013 -33"><span class='ocrx_word' id='word_1_499' title='bbox 2306 911 2357 957; x_wconf 91' lang='lat' dir='ltr'><strong>te</strong></span> <span class='ocrx_word' id='word_1_500' title='bbox 2385 904 2469 958; x_wconf 91' lang='lat' dir='ltr'><strong>hic</strong></span> <span class='ocrx_word' id='word_1_501' title='bbox 2493 906 2630 974; x_wconf 90' lang='lat' dir='ltr'><strong>pasti</strong></span> <span class='ocrx_word' id='word_1_502' title='bbox 2660 916 2821 971; x_wconf 92' lang='lat' dir='ltr'><strong>sunt,</strong></span> <span class='ocrx_word' id='word_1_503' title='bbox 2855 907 2946 963; x_wconf 91' lang='lat' dir='ltr'><strong>illo</strong></span> <span class='ocrx_word' id='word_1_504' title='bbox 2971 909 3059 964; x_wconf 91' lang='lat' dir='ltr'><strong>die</strong></span> <span class='ocrx_word' id='word_1_505' title='bbox 3094 911 3305 967; x_wconf 74' lang='lat' dir='ltr'><strong>ﬁducia:</strong></span> <span class='ocrx_word' id='word_1_506' title='bbox 3331 914 3475 970; x_wconf 82' lang='lat' dir='ltr'><strong>fores</strong></span> <span class='ocrx_word' id='word_1_507' title='bbox 3500 916 3596 972; x_wconf 88' lang='lat' dir='ltr'><strong>tibi</strong></span> <span class='ocrx_word' id='word_1_508' title='bbox 3620 921 3858 989; x_wconf 84' lang='lat' dir='ltr'><strong>aperiant</strong></span> <span class='ocrx_word' id='word_1_509' title='bbox 3883 966 3895 984; x_wconf 86' lang='lat'>.</span> 
     </span>
    </p>
   </div>
   <div class='ocr_carea' id='block_1_66' title="bbox 2303 995 3897 1083">
    <p class='ocr_par' dir='ltr' id='par_1_66' title="bbox 2303 995 3897 1083">
     <span class='ocr_line' id='line_1_66' title="bbox 2303 995 3897 1083; baseline 0.011 -36"><span class='ocrx_word' id='word_1_510' title='bbox 2303 1003 2356 1048; x_wconf 90' lang='lat' dir='ltr'><strong>et</strong></span> <span class='ocrx_word' id='word_1_511' title='bbox 2382 995 2640 1065; x_wconf 82' lang='lat' dir='ltr'><strong>accipiant</strong></span> <span class='ocrx_word' id='word_1_512' title='bbox 2665 1005 2718 1052; x_wconf 91' lang='lat' dir='ltr'><strong>te</strong></span> <span class='ocrx_word' id='word_1_513' title='bbox 2740 999 2790 1052; x_wconf 91' lang='lat' dir='ltr'><strong>in</strong></span> <span class='ocrx_word' id='word_1_514' title='bbox 2812 1009 3011 1055; x_wconf 77' lang='lat' dir='ltr'><strong>teterna</strong></span> <span class='ocrx_word' id='word_1_515' title='bbox 3034 1017 3129 1057; x_wconf 92' lang='lat' dir='ltr'><strong>sua</strong></span> <span class='ocrx_word' id='word_1_516' title='bbox 3155 1002 3493 1061; x_wconf 77' lang='lat' dir='ltr'><strong>tabernacula</strong></span> <span class='ocrx_word' id='word_1_517' title='bbox 3520 1008 3670 1080; x_wconf 79' lang='lat' dir='ltr'><strong>(Luc.</strong></span> <span class='ocrx_word' id='word_1_518' title='bbox 3690 1012 3779 1065; x_wconf 72' lang='grc'><strong>16.</strong></span> <span class='ocrx_word' id='word_1_519' title='bbox 3802 1011 3857 1083; x_wconf 85' lang='lat'><strong>9)</strong></span> <span class='ocrx_word' id='word_1_520' title='bbox 3878 1010 3897 1065; x_wconf 73' lang='grc' dir='ltr'>ἲ</span> 
     </span>
    </p>
   </div>
   <div class='ocr_carea' id='block_1_67' title="bbox 2307 1086 3887 1175">
    <p class='ocr_par' dir='ltr' id='par_1_67' title="bbox 2307 1086 3887 1175">
     <span class='ocr_line' id='line_1_67' title="bbox 2307 1086 3887 1175; baseline 0.012 -35"><span class='ocrx_word' id='word_1_521' title='bbox 2307 1086 2491 1143; x_wconf 79' lang='lat' dir='ltr'><strong>Vestes</strong></span> <span class='ocrx_word' id='word_1_522' title='bbox 2509 1104 2719 1160; x_wconf 87' lang='lat' dir='ltr'><strong>quoque</strong></span> <span class='ocrx_word' id='word_1_523' title='bbox 2736 1106 2841 1145; x_wconf 93' lang='lat' dir='ltr'><strong>non</strong></span> <span class='ocrx_word' id='word_1_524' title='bbox 2864 1093 3100 1147; x_wconf 91' lang='lat' dir='ltr'><strong>sinamus</strong></span> <span class='ocrx_word' id='word_1_525' title='bbox 3124 1111 3154 1149; x_wconf 89' lang='lat' dir='ltr'><strong>a</strong></span> <span class='ocrx_word' id='word_1_526' title='bbox 3178 1096 3447 1152; x_wconf 84' lang='lat' dir='ltr'><strong>vermibus</strong></span> <span class='ocrx_word' id='word_1_527' title='bbox 3466 1101 3603 1165; x_wconf 88' lang='lat' dir='ltr'><strong>rodi,</strong></span> <span class='ocrx_word' id='word_1_528' title='bbox 3622 1111 3679 1156; x_wconf 91' lang='lat' dir='ltr'><strong>et</strong></span> <span class='ocrx_word' id='word_1_529' title='bbox 3696 1104 3887 1175; x_wconf 72' lang='lat' dir='ltr'><strong>absque</strong></span> 
     </span>
    </p>
   </div>
   <div class='ocr_carea' id='block_1_68' title="bbox 2304 1182 3883 1267">
    <p class='ocr_par' dir='ltr' id='par_1_68' title="bbox 2304 1182 3883 1267">
     <span class='ocr_line' id='line_1_68' title="bbox 2304 1182 3883 1267; baseline 0.013 -35"><span class='ocrx_word' id='word_1_530' title='bbox 2304 1195 2400 1232; x_wconf 90' lang='lat' dir='ltr'><strong>usu</strong></span> <span class='ocrx_word' id='word_1_531' title='bbox 2426 1182 2475 1233; x_wconf 92' lang='lat' dir='ltr'><strong>in</strong></span> <span class='ocrx_word' id='word_1_532' title='bbox 2501 1183 2695 1236; x_wconf 87' lang='lat' dir='ltr'><strong>arculis</strong></span> <span class='ocrx_word' id='word_1_533' title='bbox 2725 1193 3055 1253; x_wconf 89' lang='lat' dir='ltr'><strong>putrescere,</strong></span> <span class='ocrx_word' id='word_1_534' title='bbox 3083 1202 3204 1243; x_wconf 91' lang='lat' dir='ltr'><strong>cum</strong></span> <span class='ocrx_word' id='word_1_535' title='bbox 3234 1198 3311 1244; x_wconf 90' lang='lat' dir='ltr'><strong>tot</strong></span> <span class='ocrx_word' id='word_1_536' title='bbox 3335 1192 3443 1245; x_wconf 81' lang='lat' dir='ltr'><strong>sint</strong></span> <span class='ocrx_word' id='word_1_537' title='bbox 3469 1194 3558 1263; x_wconf 92' lang='lat' dir='ltr'><strong>qui</strong></span> <span class='ocrx_word' id='word_1_538' title='bbox 3587 1194 3883 1267; x_wconf 83' lang='lat' dir='ltr'><strong>indigeant,</strong></span> 
     </span>
    </p>
   </div>
   <div class='ocr_carea' id='block_1_69' title="bbox 2301 1274 3881 1351">
    <p class='ocr_par' dir='ltr' id='par_1_69' title="bbox 2301 1274 3881 1351">
     <span class='ocr_line' id='line_1_69' title="bbox 2301 1274 3881 1351; baseline 0.012 -25"><span class='ocrx_word' id='word_1_539' title='bbox 2301 1283 2355 1326; x_wconf 88' lang='lat' dir='ltr'><strong>et</strong></span> <span class='ocrx_word' id='word_1_540' title='bbox 2410 1274 2755 1331; x_wconf 90' lang='lat' dir='ltr'><strong>obambulent</strong></span> <span class='ocrx_word' id='word_1_541' title='bbox 2807 1279 2932 1332; x_wconf 88' lang='lat' dir='ltr'><strong>nudi</strong></span> <span class='ocrx_word' id='word_1_542' title='bbox 2976 1281 3115 1336; x_wconf 86' lang='lat' dir='ltr'><strong>:sed</strong></span> <span class='ocrx_word' id='word_1_543' title='bbox 3164 1282 3330 1351; x_wconf 89' lang='lat' dir='ltr'><strong>pluris</strong></span> <span class='ocrx_word' id='word_1_544' title='bbox 3379 1282 3639 1342; x_wconf 89' lang='lat' dir='ltr'><strong>faciamus</strong></span> <span class='ocrx_word' id='word_1_545' title='bbox 3691 1289 3881 1345; x_wconf 81' lang='lat' dir='ltr'><strong>nudum</strong></span> 
     </span>
    </p>
   </div>
   <div class='ocr_carea' id='block_1_70' title="bbox 2301 1364 3887 1451">
    <p class='ocr_par' dir='ltr' id='par_1_70' title="bbox 2301 1364 3887 1451">
     <span class='ocr_line' id='line_1_70' title="bbox 2301 1364 3887 1451; baseline 0.012 -33"><span class='ocrx_word' id='word_1_546' title='bbox 2301 1364 2595 1431; x_wconf 74' lang='lat' dir='ltr'><strong>Christum,</strong></span> <span class='ocrx_word' id='word_1_547' title='bbox 2627 1383 2786 1438; x_wconf 90' lang='lat' dir='ltr'><strong>quam</strong></span> <span class='ocrx_word' id='word_1_548' title='bbox 2819 1370 3009 1438; x_wconf 81' lang='lat' dir='ltr'><strong>tineas,</strong></span> <span class='ocrx_word' id='word_1_549' title='bbox 3037 1382 3091 1428; x_wconf 92' lang='lat' dir='ltr'><strong>et</strong></span> <span class='ocrx_word' id='word_1_550' title='bbox 3116 1374 3399 1431; x_wconf 90' lang='lat' dir='ltr'><strong>induamus</strong></span> <span class='ocrx_word' id='word_1_551' title='bbox 3420 1392 3542 1432; x_wconf 92' lang='lat' dir='ltr'><strong>eum</strong></span> <span class='ocrx_word' id='word_1_552' title='bbox 3563 1380 3657 1451; x_wconf 90' lang='lat' dir='ltr'><strong>qui</strong></span> <span class='ocrx_word' id='word_1_553' title='bbox 3678 1392 3887 1450; x_wconf 87' lang='lat' dir='ltr'><strong>propter</strong></span> 
     </span>
    </p>
   </div>
   <div class='ocr_carea' id='block_1_71' title="bbox 2300 1459 3888 1540">
    <p class='ocr_par' dir='ltr' id='par_1_71' title="bbox 2300 1459 3888 1540">
     <span class='ocr_line' id='line_1_71' title="bbox 2300 1459 3888 1540; baseline 0.013 -31"><span class='ocrx_word' id='word_1_554' title='bbox 2300 1466 2539 1511; x_wconf 81' lang='lat' dir='ltr'><strong>nostram</strong></span> <span class='ocrx_word' id='word_1_555' title='bbox 2569 1459 2794 1515; x_wconf 89' lang='lat' dir='ltr'><strong>salutem</strong></span> <span class='ocrx_word' id='word_1_556' title='bbox 2824 1462 2996 1519; x_wconf 89' lang='lat' dir='ltr'><strong>nudus</strong></span> <span class='ocrx_word' id='word_1_557' title='bbox 3017 1464 3343 1534; x_wconf 88' lang='lat' dir='ltr'><strong>obambulat,</strong></span> <span class='ocrx_word' id='word_1_558' title='bbox 3368 1478 3427 1523; x_wconf 89' lang='lat' dir='ltr'><strong>ut</strong></span> <span class='ocrx_word' id='word_1_559' title='bbox 3450 1483 3571 1525; x_wconf 87' lang='lat' dir='ltr'><strong>eum</strong></span> <span class='ocrx_word' id='word_1_560' title='bbox 3608 1471 3784 1540; x_wconf 89' lang='lat' dir='ltr'><strong>ipsum</strong></span> <span class='ocrx_word' id='word_1_561' title='bbox 3815 1474 3888 1529; x_wconf 88' lang='lat' dir='ltr'><strong>in-</strong></span> 
     </span>
    </p>
   </div>
   <div class='ocr_carea' id='block_1_72' title="bbox 2299 1547 3888 1619">
    <p class='ocr_par' dir='ltr' id='par_1_72' title="bbox 2299 1547 3888 1619">
     <span class='ocr_line' id='line_1_72' title="bbox 2299 1547 3888 1619; baseline 0.011 -18"><span class='ocrx_word' id='word_1_562' title='bbox 2299 1547 2596 1616; x_wconf 78' lang='lat' dir='ltr'><strong>duerimus,</strong></span> <span class='ocrx_word' id='word_1_563' title='bbox 2619 1551 2898 1609; x_wconf 89' lang='lat' dir='ltr'><strong>audiamus</strong></span> <span class='ocrx_word' id='word_1_564' title='bbox 2923 1554 2972 1607; x_wconf 93' lang='lat' dir='ltr'><strong>in</strong></span> <span class='ocrx_word' id='word_1_565' title='bbox 2998 1556 3084 1609; x_wconf 90' lang='lat' dir='ltr'><strong>die</strong></span> <span class='ocrx_word' id='word_1_566' title='bbox 3112 1557 3203 1611; x_wconf 93' lang='lat' dir='ltr'><strong>illo</strong></span> <span class='ocrx_word' id='word_1_567' title='bbox 3229 1574 3243 1610; x_wconf 75' lang='grc' dir='ltr'><strong>ε</strong></span> <span class='ocrx_word' id='word_1_568' title='bbox 3276 1557 3460 1615; x_wconf 82' lang='lat' dir='ltr'><strong>Nudus</strong></span> <span class='ocrx_word' id='word_1_569' title='bbox 3479 1579 3618 1616; x_wconf 81' lang='lat' dir='ltr'><strong>eram</strong></span> <span class='ocrx_word' id='word_1_570' title='bbox 3643 1573 3798 1617; x_wconf 81' lang='lat' dir='ltr'><strong>etme</strong></span> <span class='ocrx_word' id='word_1_571' title='bbox 3819 1567 3888 1619; x_wconf 76' lang='lat' dir='ltr'><strong>iu-</strong></span> 
     </span>
    </p>
   </div>
   <div class='ocr_carea' id='block_1_73' title="bbox 2299 1640 3889 1727">
    <p class='ocr_par' dir='ltr' id='par_1_73' title="bbox 2299 1640 3889 1727">
     <span class='ocr_line' id='line_1_73' title="bbox 2299 1640 3889 1727; baseline 0.013 -35"><span class='ocrx_word' id='word_1_572' title='bbox 2299 1641 2479 1695; x_wconf 75' lang='lat' dir='ltr'><strong>dut’slis</strong></span> <span class='ocrx_word' id='word_1_573' title='bbox 2509 1640 2719 1713; x_wconf 79' lang='lat' dir='ltr'><strong>(Matth.</strong></span> <span class='ocrx_word' id='word_1_574' title='bbox 2748 1644 2835 1698; x_wconf 78' lang='lat'><strong>23.</strong></span> <span class='ocrx_word' id='word_1_575' title='bbox 2866 1646 2960 1716; x_wconf 82' lang='grc'><strong>56)</strong></span> <span class='ocrx_word' id='word_1_576' title='bbox 3022 1647 3157 1703; x_wconf 87' lang='lat' dir='ltr'><strong>Num</strong></span> <span class='ocrx_word' id='word_1_577' title='bbox 3183 1665 3407 1706; x_wconf 81' lang='lat' dir='ltr'><strong>onerosa</strong></span> <span class='ocrx_word' id='word_1_578' title='bbox 3434 1666 3554 1708; x_wconf 87' lang='lat' dir='ltr'><strong>sunt</strong></span> <span class='ocrx_word' id='word_1_579' title='bbox 3585 1659 3889 1727; x_wconf 65' lang='lat' dir='ltr'><strong>praecepta?</strong></span> 
     </span>
    </p>
   </div>
   <div class='ocr_carea' id='block_1_74' title="bbox 2300 1735 3887 1816">
    <p class='ocr_par' dir='ltr' id='par_1_74' title="bbox 2300 1735 3887 1816">
     <span class='ocr_line' id='line_1_74' title="bbox 2300 1735 3887 1816; baseline 0.011 -30"><span class='ocrx_word' id='word_1_580' title='bbox 2300 1748 2426 1786; x_wconf 89' lang='lat' dir='ltr'><strong>nmn</strong></span> <span class='ocrx_word' id='word_1_581' title='bbox 2456 1735 2720 1791; x_wconf 73' lang='lat' dir='ltr'><strong>molesta?</strong></span> <span class='ocrx_word' id='word_1_582' title='bbox 2752 1737 2824 1791; x_wconf 85' lang='lat' dir='ltr'><strong>Ea</strong></span> <span class='ocrx_word' id='word_1_583' title='bbox 2848 1753 2966 1808; x_wconf 81' lang='lat' dir='ltr'><strong>quae</strong></span> <span class='ocrx_word' id='word_1_584' title='bbox 2990 1750 3243 1809; x_wconf 84' lang='lat' dir='ltr'><strong>pereunt,</strong></span> <span class='ocrx_word' id='word_1_585' title='bbox 3276 1743 3463 1812; x_wconf 89' lang='lat' dir='ltr'><strong>inquit,</strong></span> <span class='ocrx_word' id='word_1_586' title='bbox 3491 1761 3611 1816; x_wconf 69' lang='lat' dir='ltr'><strong>qua!</strong></span> <span class='ocrx_word' id='word_1_587' title='bbox 3641 1763 3672 1801; x_wconf 90' lang='lat' dir='ltr'><strong>a</strong></span> <span class='ocrx_word' id='word_1_588' title='bbox 3699 1750 3887 1803; x_wconf 82' lang='lat' dir='ltr'><strong>vermi-</strong></span> 
     </span>
    </p>
   </div>
   <div class='ocr_carea' id='block_1_75' title="bbox 2298 1822 3882 1899">
    <p class='ocr_par' dir='ltr' id='par_1_75' title="bbox 2298 1822 3882 1899">
     <span class='ocr_line' id='line_1_75' title="bbox 2298 1822 3882 1899; baseline 0.011 -24"><span class='ocrx_word' id='word_1_589' title='bbox 2298 1822 2397 1876; x_wconf 89' lang='lat' dir='ltr'><strong>bus</strong></span> <span class='ocrx_word' id='word_1_590' title='bbox 2422 1825 2764 1895; x_wconf 80' lang='lat' dir='ltr'><strong>arrodantur,</strong></span> <span class='ocrx_word' id='word_1_591' title='bbox 2788 1844 2905 1899; x_wconf 74' lang='lat' dir='ltr'><strong>qua:</strong></span> <span class='ocrx_word' id='word_1_592' title='bbox 2934 1830 3135 1899; x_wconf 62' lang='lat' dir='ltr'><strong>absque</strong></span> <span class='ocrx_word' id='word_1_593' title='bbox 3164 1848 3260 1886; x_wconf 92' lang='lat' dir='ltr'><strong>usu</strong></span> <span class='ocrx_word' id='word_1_594' title='bbox 3282 1842 3336 1888; x_wconf 91' lang='lat' dir='ltr'><strong>et</strong></span> <span class='ocrx_word' id='word_1_595' title='bbox 3357 1833 3548 1888; x_wconf 87' lang='lat' dir='ltr'><strong>frustra</strong></span> <span class='ocrx_word' id='word_1_596' title='bbox 3569 1851 3882 1893; x_wconf 69' lang='lat' dir='ltr'><strong>consumun-</strong></span> 
     </span>
    </p>
   </div>
   <div class='ocr_carea' id='block_1_76' title="bbox 2300 1915 3885 1994">
    <p class='ocr_par' dir='ltr' id='par_1_76' title="bbox 2300 1915 3885 1994">
     <span class='ocr_line' id='line_1_76' title="bbox 2300 1915 3885 1994; baseline 0.011 -28"><span class='ocrx_word' id='word_1_597' title='bbox 2300 1924 2405 1976; x_wconf 89' lang='lat' dir='ltr'><strong>tur,</strong></span> <span class='ocrx_word' id='word_1_598' title='bbox 2441 1915 2554 1971; x_wconf 59' lang='lat' dir='ltr'><strong>hare</strong></span> <span class='ocrx_word' id='word_1_599' title='bbox 2586 1918 2786 1973; x_wconf 89' lang='lat' dir='ltr'><strong>utiliter</strong></span> <span class='ocrx_word' id='word_1_600' title='bbox 2814 1920 3123 1991; x_wconf 81' lang='lat' dir='ltr'><strong>dispensare</strong></span> <span class='ocrx_word' id='word_1_601' title='bbox 3148 1933 3362 1994; x_wconf 83' lang='lat' dir='ltr'><strong>satage,</strong></span> <span class='ocrx_word' id='word_1_602' title='bbox 3393 1934 3449 1979; x_wconf 91' lang='lat' dir='ltr'><strong>ut</strong></span> <span class='ocrx_word' id='word_1_603' title='bbox 3483 1936 3541 1981; x_wconf 92' lang='lat' dir='ltr'><strong>et</strong></span> <span class='ocrx_word' id='word_1_604' title='bbox 3580 1927 3885 1984; x_wconf 82' lang='lat' dir='ltr'><strong>detrimenti</strong></span> 
     </span>
    </p>
   </div>
   <div class='ocr_carea' id='block_1_77' title="bbox 2297 2004 3885 2083">
    <p class='ocr_par' dir='ltr' id='par_1_77' title="bbox 2297 2004 3885 2083">
     <span class='ocr_line' id='line_1_77' title="bbox 2297 2004 3885 2083; baseline 0.011 -26"><span class='ocrx_word' id='word_1_605' title='bbox 2297 2004 2551 2060; x_wconf 88' lang='lat' dir='ltr'><strong>damnum</strong></span> <span class='ocrx_word' id='word_1_606' title='bbox 2582 2006 2832 2078; x_wconf 72' lang='lat' dir='ltr'><strong>effugias,</strong></span> <span class='ocrx_word' id='word_1_607' title='bbox 2879 2020 2933 2065; x_wconf 85' lang='lat' dir='ltr'><strong>et</strong></span> <span class='ocrx_word' id='word_1_608' title='bbox 2968 2027 3032 2066; x_wconf 83' lang='lat' dir='ltr'><strong>ex</strong></span> <span class='ocrx_word' id='word_1_609' title='bbox 3076 2014 3204 2083; x_wconf 90' lang='lat' dir='ltr'><strong>ipsis</strong></span> <span class='ocrx_word' id='word_1_610' title='bbox 3244 2016 3446 2070; x_wconf 91' lang='lat' dir='ltr'><strong>lucrum</strong></span> <span class='ocrx_word' id='word_1_611' title='bbox 3478 2019 3772 2074; x_wconf 78' lang='lat' dir='ltr'><strong>maximum</strong></span> <span class='ocrx_word' id='word_1_612' title='bbox 3803 2020 3885 2075; x_wconf 86' lang='lat' dir='ltr'><strong>tibi</strong></span> 
     </span>
    </p>
   </div>
   <div class='ocr_carea' id='block_1_78' title="bbox 2300 2097 3886 2181">
    <p class='ocr_par' dir='ltr' id='par_1_78' title="bbox 2300 2097 3886 2181">
     <span class='ocr_line' id='line_1_78' title="bbox 2300 2097 3886 2181; baseline 0.012 -34"><span class='ocrx_word' id='word_1_613' title='bbox 2300 2110 2477 2162; x_wconf 90' lang='lat' dir='ltr'><strong>pares.</strong></span> <span class='ocrx_word' id='word_1_614' title='bbox 2512 2097 2744 2165; x_wconf 80' lang='lat' dir='ltr'><strong>lngent&#39;s</strong></span> <span class='ocrx_word' id='word_1_615' title='bbox 2765 2100 2905 2153; x_wconf 93' lang='lat' dir='ltr'><strong>enim</strong></span> <span class='ocrx_word' id='word_1_616' title='bbox 2932 2112 2984 2155; x_wconf 93' lang='lat' dir='ltr'><strong>et</strong></span> <span class='ocrx_word' id='word_1_617' title='bbox 3013 2120 3217 2175; x_wconf 70' lang='lat' dir='ltr'><strong>magum</strong></span> <span class='ocrx_word' id='word_1_618' title='bbox 3249 2105 3651 2165; x_wconf 88' lang='lat' dir='ltr'><strong>inbutuanitatis</strong></span> <span class='ocrx_word' id='word_1_619' title='bbox 3671 2120 3752 2165; x_wconf 83' lang='lat' dir='ltr'><strong>est</strong></span> <span class='ocrx_word' id='word_1_620' title='bbox 3777 2122 3886 2181; x_wconf 83' lang='lat' dir='ltr'><strong>post</strong></span> 
     </span>
    </p>
   </div>
   <div class='ocr_carea' id='block_1_79' title="bbox 2301 2186 3883 2259">
    <p class='ocr_par' dir='ltr' id='par_1_79' title="bbox 2301 2186 3883 2259">
     <span class='ocr_line' id='line_1_79' title="bbox 2301 2186 3883 2259; baseline 0.012 -22"><span class='ocrx_word' id='word_1_621' title='bbox 2301 2194 2377 2238; x_wconf 91' lang='lat' dir='ltr'><strong>tnt</strong></span> <span class='ocrx_word' id='word_1_622' title='bbox 2404 2186 2663 2241; x_wconf 88' lang='lat' dir='ltr'><strong>bonorum</strong></span> <span class='ocrx_word' id='word_1_623' title='bbox 2694 2198 2746 2244; x_wconf 91' lang='lat' dir='ltr'><strong>et</strong></span> <span class='ocrx_word' id='word_1_624' title='bbox 2771 2189 3075 2245; x_wconf 85' lang='lat' dir='ltr'><strong>facultatum</strong></span> <span class='ocrx_word' id='word_1_625' title='bbox 3107 2210 3281 2259; x_wconf 56' lang='lat' dir='ltr'><strong>usum,</strong></span> <span class='ocrx_word' id='word_1_626' title='bbox 3305 2196 3499 2251; x_wconf 90' lang='lat' dir='ltr'><strong>arculis</strong></span> <span class='ocrx_word' id='word_1_627' title='bbox 3526 2208 3580 2252; x_wconf 92' lang='lat' dir='ltr'><strong>et</strong></span> <span class='ocrx_word' id='word_1_628' title='bbox 3606 2204 3779 2255; x_wconf 89' lang='lat' dir='ltr'><strong>muris</strong></span> <span class='ocrx_word' id='word_1_629' title='bbox 3810 2202 3883 2255; x_wconf 76' lang='lat' dir='ltr'><strong>in-</strong></span> 
     </span>
    </p>
   </div>
   <div class='ocr_carea' id='block_1_80' title="bbox 2298 2276 3885 2359">
    <p class='ocr_par' dir='ltr' id='par_1_80' title="bbox 2298 2276 3885 2359">
     <span class='ocr_line' id='line_1_80' title="bbox 2298 2276 3885 2359; baseline 0.013 -31"><span class='ocrx_word' id='word_1_630' title='bbox 2298 2276 2521 2332; x_wconf 87' lang='lat' dir='ltr'><strong>cludere</strong></span> <span class='ocrx_word' id='word_1_631' title='bbox 2549 2280 2813 2349; x_wconf 82' lang='lat' dir='ltr'><strong>supertlna</strong></span> <span class='ocrx_word' id='word_1_632' title='bbox 2833 2323 2849 2348; x_wconf 94' lang='lat'><strong>,</strong></span> <span class='ocrx_word' id='word_1_633' title='bbox 2879 2292 2933 2337; x_wconf 92' lang='lat' dir='ltr'><strong>et</strong></span> <span class='ocrx_word' id='word_1_634' title='bbox 2957 2299 3061 2338; x_wconf 87' lang='lat' dir='ltr'><strong>non</strong></span> <span class='ocrx_word' id='word_1_635' title='bbox 3090 2284 3193 2338; x_wconf 87' lang='lat' dir='ltr'><strong>illis</strong></span> <span class='ocrx_word' id='word_1_636' title='bbox 3220 2285 3502 2343; x_wconf 88' lang='lat' dir='ltr'><strong>sublevare</strong></span> <span class='ocrx_word' id='word_1_637' title='bbox 3525 2293 3885 2359; x_wconf 78' lang='lat' dir='ltr'><strong>proximorum</strong></span> 
     </span>
    </p>
   </div>
   <div class='ocr_carea' id='block_1_81' title="bbox 2296 2365 3887 2450">
    <p class='ocr_par' dir='ltr' id='par_1_81' title="bbox 2296 2365 3887 2450">
     <span class='ocr_line' id='line_1_81' title="bbox 2296 2365 3887 2450; baseline 0.013 -30"><span class='ocrx_word' id='word_1_638' title='bbox 2296 2365 2560 2437; x_wconf 83' lang='lat' dir='ltr'><strong>inopiam,</strong></span> <span class='ocrx_word' id='word_1_639' title='bbox 2603 2370 2696 2426; x_wconf 90' lang='lat' dir='ltr'><strong>sed</strong></span> <span class='ocrx_word' id='word_1_640' title='bbox 2743 2372 2919 2427; x_wconf 88' lang='lat' dir='ltr'><strong>sinere</strong></span> <span class='ocrx_word' id='word_1_641' title='bbox 2963 2389 2991 2425; x_wconf 91' lang='lat' dir='ltr'><strong>a</strong></span> <span class='ocrx_word' id='word_1_642' title='bbox 3031 2375 3273 2446; x_wconf 82' lang='lat' dir='ltr'><strong>rubigine</strong></span> <span class='ocrx_word' id='word_1_643' title='bbox 3312 2386 3365 2433; x_wconf 93' lang='lat' dir='ltr'><strong>et</strong></span> <span class='ocrx_word' id='word_1_644' title='bbox 3405 2378 3540 2433; x_wconf 85' lang='lat' dir='ltr'><strong>tinea</strong></span> <span class='ocrx_word' id='word_1_645' title='bbox 3572 2383 3755 2450; x_wconf 89' lang='lat' dir='ltr'><strong>potius</strong></span> <span class='ocrx_word' id='word_1_646' title='bbox 3778 2399 3887 2439; x_wconf 81' lang='lat' dir='ltr'><strong>eor-</strong></span> 
     </span>
    </p>
   </div>
   <div class='ocr_carea' id='block_1_82' title="bbox 2296 2459 3888 2540">
    <p class='ocr_par' dir='ltr' id='par_1_82' title="bbox 2296 2459 3888 2540">
     <span class='ocr_line' id='line_1_82' title="bbox 2296 2459 3888 2540; baseline 0.013 -31"><span class='ocrx_word' id='word_1_647' title='bbox 2296 2459 2468 2528; x_wconf 90' lang='lat' dir='ltr'><strong>rnmpi</strong></span> <span class='ocrx_word' id='word_1_648' title='bbox 2507 2474 2570 2513; x_wconf 88' lang='lat' dir='ltr'><strong>ac</strong></span> <span class='ocrx_word' id='word_1_649' title='bbox 2614 2461 2922 2529; x_wconf 75' lang='lat' dir='ltr'><strong>pra-donum</strong></span> <span class='ocrx_word' id='word_1_650' title='bbox 2949 2465 3192 2519; x_wconf 89' lang='lat' dir='ltr'><strong>manibus</strong></span> <span class='ocrx_word' id='word_1_651' title='bbox 3212 2467 3451 2535; x_wconf 69' lang='lat' dir='ltr'><strong>caposita</strong></span> <span class='ocrx_word' id='word_1_652' title='bbox 3479 2468 3808 2540; x_wconf 85' lang='lat' dir='ltr'><strong>relinquere,</strong></span> <span class='ocrx_word' id='word_1_653' title='bbox 3838 2481 3888 2528; x_wconf 86' lang='lat' dir='ltr'><strong>et</strong></span> 
     </span>
    </p>
   </div>
   <div class='ocr_carea' id='block_1_83' title="bbox 2295 2548 3887 2628">
    <p class='ocr_par' dir='ltr' id='par_1_83' title="bbox 2295 2548 3887 2628">
     <span class='ocr_line' id='line_1_83' title="bbox 2295 2548 3887 2628; baseline 0.011 -28"><span class='ocrx_word' id='word_1_654' title='bbox 2295 2558 2513 2617; x_wconf 83' lang='lat' dir='ltr'><strong>propter</strong></span> <span class='ocrx_word' id='word_1_655' title='bbox 2554 2548 2643 2603; x_wconf 91' lang='lat' dir='ltr'><strong>illa</strong></span> <span class='ocrx_word' id='word_1_656' title='bbox 2690 2552 2963 2622; x_wconf 78' lang='lat' dir='ltr'><strong>suppliciis</strong></span> <span class='ocrx_word' id='word_1_657' title='bbox 3004 2554 3180 2624; x_wconf 90' lang='lat' dir='ltr'><strong>potius</strong></span> <span class='ocrx_word' id='word_1_658' title='bbox 3221 2556 3399 2625; x_wconf 88' lang='lat' dir='ltr'><strong>plecti,</strong></span> <span class='ocrx_word' id='word_1_659' title='bbox 3430 2574 3586 2628; x_wconf 88' lang='lat' dir='ltr'><strong>quam</strong></span> <span class='ocrx_word' id='word_1_660' title='bbox 3621 2562 3711 2613; x_wconf 88' lang='lat' dir='ltr'><strong>ubi</strong></span> <span class='ocrx_word' id='word_1_661' title='bbox 3745 2573 3887 2617; x_wconf 87' lang='lat' dir='ltr'><strong>recte</strong></span> 
     </span>
    </p>
   </div>
   <div class='ocr_carea' id='block_1_84' title="bbox 2293 2641 3883 2722">
    <p class='ocr_par' dir='ltr' id='par_1_84' title="bbox 2293 2641 3883 2722">
     <span class='ocr_line' id='line_1_84' title="bbox 2293 2641 3883 2722; baseline 0.011 -28"><span class='ocrx_word' id='word_1_662' title='bbox 2293 2641 2709 2713; x_wconf 76' lang='lat' dir='ltr'><strong>dispensaveris,</strong></span> <span class='ocrx_word' id='word_1_663' title='bbox 2742 2661 2842 2716; x_wconf 90' lang='lat' dir='ltr'><strong>pro</strong></span> <span class='ocrx_word' id='word_1_664' title='bbox 2879 2648 2958 2702; x_wconf 90' lang='lat' dir='ltr'><strong>eis</strong></span> <span class='ocrx_word' id='word_1_665' title='bbox 3002 2650 3278 2719; x_wconf 67' lang='lat' dir='ltr'><strong>praemium</strong></span> <span class='ocrx_word' id='word_1_666' title='bbox 3323 2653 3567 2722; x_wconf 74' lang='lat' dir='ltr'><strong>at-eipere</strong></span> <span class='ocrx_word' id='word_1_667' title='bbox 3623 2655 3883 2721; x_wconf 82' lang='lat' dir='ltr'><strong>Ubsecm,</strong></span> 
     </span>
    </p>
   </div>
   <div class='ocr_carea' id='block_1_85' title="bbox 2293 2738 3885 2816">
    <p class='ocr_par' dir='ltr' id='par_1_85' title="bbox 2293 2738 3885 2816">
     <span class='ocr_line' id='line_1_85' title="bbox 2293 2738 3885 2816; baseline 0.011 -29"><span class='ocrx_word' id='word_1_668' title='bbox 2293 2748 2362 2788; x_wconf 87' lang='lat' dir='ltr'><strong>ne</strong></span> <span class='ocrx_word' id='word_1_669' title='bbox 2389 2751 2557 2807; x_wconf 88' lang='lat' dir='ltr'><strong>usque</strong></span> <span class='ocrx_word' id='word_1_670' title='bbox 2579 2738 2715 2793; x_wconf 89' lang='lat' dir='ltr'><strong>adeo</strong></span> <span class='ocrx_word' id='word_1_671' title='bbox 2744 2738 2970 2795; x_wconf 86' lang='lat' dir='ltr'><strong>salutem</strong></span> <span class='ocrx_word' id='word_1_672' title='bbox 3001 2752 3237 2796; x_wconf 88' lang='lat' dir='ltr'><strong>nostram</strong></span> <span class='ocrx_word' id='word_1_673' title='bbox 3268 2744 3595 2816; x_wconf 84' lang='lat' dir='ltr'><strong>negligamus</strong></span> <span class='ocrx_word' id='word_1_674' title='bbox 3620 2788 3638 2814; x_wconf 92' lang='lat'><strong>,</strong></span> <span class='ocrx_word' id='word_1_675' title='bbox 3669 2748 3769 2802; x_wconf 86' lang='lat' dir='ltr'><strong>sed</strong></span> <span class='ocrx_word' id='word_1_676' title='bbox 3797 2764 3885 2804; x_wconf 76' lang='lat' dir='ltr'><strong>ex-</strong></span> 
     </span>
    </p>
   </div>
   <div class='ocr_carea' id='block_1_86' title="bbox 2294 2826 3886 2904">
    <p class='ocr_par' dir='ltr' id='par_1_86' title="bbox 2294 2826 3886 2904">
     <span class='ocr_line' id='line_1_86' title="bbox 2294 2826 3886 2904; baseline 0.009 -26"><span class='ocrx_word' id='word_1_677' title='bbox 2294 2828 2474 2894; x_wconf 88' lang='lat' dir='ltr'><strong>pensis</strong></span> <span class='ocrx_word' id='word_1_678' title='bbox 2500 2826 2552 2881; x_wconf 89' lang='lat' dir='ltr'><strong>in</strong></span> <span class='ocrx_word' id='word_1_679' title='bbox 2577 2844 2840 2899; x_wconf 88' lang='lat' dir='ltr'><strong>pauperes</strong></span> <span class='ocrx_word' id='word_1_680' title='bbox 2861 2831 3164 2901; x_wconf 86' lang='lat' dir='ltr'><strong>superﬂuis.</strong></span> <span class='ocrx_word' id='word_1_681' title='bbox 3191 2850 3431 2904; x_wconf 84' lang='lat' dir='ltr'><strong>magnam</strong></span> <span class='ocrx_word' id='word_1_682' title='bbox 3458 2837 3611 2890; x_wconf 85' lang='lat' dir='ltr'><strong>nobis</strong></span> <span class='ocrx_word' id='word_1_683' title='bbox 3640 2836 3886 2894; x_wconf 83' lang='lat' dir='ltr'><strong>fiduciam</strong></span> 
     </span>
    </p>
   </div>
   <div class='ocr_carea' id='block_1_87' title="bbox 2291 2923 3885 2999">
    <p class='ocr_par' dir='ltr' id='par_1_87' title="bbox 2291 2923 3885 2999">
     <span class='ocr_line' id='line_1_87' title="bbox 2291 2923 3885 2999; baseline 0.011 -30"><span class='ocrx_word' id='word_1_684' title='bbox 2291 2928 2448 2972; x_wconf 86' lang='lat' dir='ltr'><strong>antea</strong></span> <span class='ocrx_word' id='word_1_685' title='bbox 2467 2935 2805 2990; x_wconf 88' lang='lat' dir='ltr'><strong>reponamus,</strong></span> <span class='ocrx_word' id='word_1_686' title='bbox 2825 2931 2884 2977; x_wconf 93' lang='lat' dir='ltr'><strong>ut</strong></span> <span class='ocrx_word' id='word_1_687' title='bbox 2904 2923 3258 2981; x_wconf 86' lang='lat' dir='ltr'><strong>ineﬂ&#39;abilibus</strong></span> <span class='ocrx_word' id='word_1_688' title='bbox 3276 2929 3423 2982; x_wconf 89' lang='lat' dir='ltr'><strong>bouis</strong></span> <span class='ocrx_word' id='word_1_689' title='bbox 3442 2930 3541 2984; x_wconf 90' lang='lat' dir='ltr'><strong>frui</strong></span> <span class='ocrx_word' id='word_1_690' title='bbox 3563 2945 3885 2999; x_wconf 84' lang='lat' dir='ltr'><strong>mereamur,</strong></span> 
     </span>
    </p>
   </div>
   <div class='ocr_carea' id='block_1_88' title="bbox 2291 3010 3880 3087">
    <p class='ocr_par' dir='ltr' id='par_1_88' title="bbox 2291 3010 3880 3087">
     <span class='ocr_line' id='line_1_88' title="bbox 2291 3010 3880 3087; baseline 0.012 -26"><span class='ocrx_word' id='word_1_691' title='bbox 2291 3010 2460 3078; x_wconf 80' lang='lat' dir='ltr'><strong>gratia</strong></span> <span class='ocrx_word' id='word_1_692' title='bbox 2507 3021 2562 3065; x_wconf 89' lang='lat' dir='ltr'><strong>et</strong></span> <span class='ocrx_word' id='word_1_693' title='bbox 2608 3012 2976 3070; x_wconf 91' lang='lat' dir='ltr'><strong>misericordia</strong></span> <span class='ocrx_word' id='word_1_694' title='bbox 3021 3016 3229 3072; x_wconf 90' lang='lat' dir='ltr'><strong>Domini</strong></span> <span class='ocrx_word' id='word_1_695' title='bbox 3275 3020 3441 3074; x_wconf 60' lang='lat' dir='ltr'><strong>nostri</strong></span> <span class='ocrx_word' id='word_1_696' title='bbox 3480 3019 3606 3077; x_wconf 86' lang='lat' dir='ltr'><strong>Jesu</strong></span> <span class='ocrx_word' id='word_1_697' title='bbox 3650 3020 3880 3087; x_wconf 82' lang='lat' dir='ltr'><strong>Christi,</strong></span> 
     </span>
    </p>
   </div>
   <div class='ocr_carea' id='block_1_89' title="bbox 2291 3102 3887 3184">
    <p class='ocr_par' dir='ltr' id='par_1_89' title="bbox 2291 3102 3887 3184">
     <span class='ocr_line' id='line_1_89' title="bbox 2291 3102 3887 3184; baseline 0.012 -32"><span class='ocrx_word' id='word_1_698' title='bbox 2291 3114 2412 3154; x_wconf 90' lang='lat' dir='ltr'><strong>cum</strong></span> <span class='ocrx_word' id='word_1_699' title='bbox 2442 3116 2546 3172; x_wconf 93' lang='lat' dir='ltr'><strong>quo</strong></span> <span class='ocrx_word' id='word_1_700' title='bbox 2577 3102 2718 3159; x_wconf 81' lang='lat' dir='ltr'><strong>Patri</strong></span> <span class='ocrx_word' id='word_1_701' title='bbox 2761 3113 2816 3159; x_wconf 91' lang='lat' dir='ltr'><strong>et</strong></span> <span class='ocrx_word' id='word_1_702' title='bbox 2854 3115 3041 3162; x_wconf 90' lang='lat' dir='ltr'><strong>sancto</strong></span> <span class='ocrx_word' id='word_1_703' title='bbox 3077 3107 3295 3178; x_wconf 83' lang='lat' dir='ltr'><strong>Spiritui</strong></span> <span class='ocrx_word' id='word_1_704' title='bbox 3323 3112 3527 3182; x_wconf 87' lang='lat' dir='ltr'><strong>gloria,</strong></span> <span class='ocrx_word' id='word_1_705' title='bbox 3564 3114 3887 3184; x_wconf 87' lang='lat' dir='ltr'><strong>imperium,</strong></span> 
     </span>
    </p>
   </div>
   <div class='ocr_carea' id='block_1_90' title="bbox 2293 3189 3885 3270">
    <p class='ocr_par' dir='ltr' id='par_1_90' title="bbox 2293 3189 3885 3270">
     <span class='ocr_line' id='line_1_90' title="bbox 2293 3189 3885 3270; baseline 0.013 -27"><span class='ocrx_word' id='word_1_706' title='bbox 2293 3189 2500 3260; x_wconf 81' lang='lat' dir='ltr'><strong>honor,</strong></span> <span class='ocrx_word' id='word_1_707' title='bbox 2542 3208 2684 3250; x_wconf 88' lang='lat' dir='ltr'><strong>nunc</strong></span> <span class='ocrx_word' id='word_1_708' title='bbox 2727 3204 2784 3251; x_wconf 92' lang='lat' dir='ltr'><strong>et</strong></span> <span class='ocrx_word' id='word_1_709' title='bbox 2823 3211 3073 3270; x_wconf 88' lang='lat' dir='ltr'><strong>semper,</strong></span> <span class='ocrx_word' id='word_1_710' title='bbox 3115 3210 3170 3255; x_wconf 91' lang='lat' dir='ltr'><strong>et</strong></span> <span class='ocrx_word' id='word_1_711' title='bbox 3211 3201 3263 3255; x_wconf 92' lang='lat' dir='ltr'><strong>in</strong></span> <span class='ocrx_word' id='word_1_712' title='bbox 3306 3203 3501 3258; x_wconf 88' lang='lat' dir='ltr'><strong>sa-cula</strong></span> <span class='ocrx_word' id='word_1_713' title='bbox 3541 3206 3885 3263; x_wconf 66' lang='lat' dir='ltr'><strong>saeculorum.</strong></span> 
     </span>
    </p>
   </div>
   <div class='ocr_carea' id='block_1_91' title="bbox 2290 3281 2481 3338">
    <p class='ocr_par' dir='ltr' id='par_1_91' title="bbox 2290 3281 2481 3338">
     <span class='ocr_line' id='line_1_91' title="bbox 2290 3281 2481 3338; baseline 0.01 -4"><span class='ocrx_word' id='word_1_714' title='bbox 2290 3281 2481 3338; x_wconf 86' lang='lat' dir='ltr'><strong>Amen.</strong></span> 
     </span>
    </p>
   </div>
   <div class='ocr_carea' id='block_1_92' title="bbox 2803 3422 3361 3483">
    <p class='ocr_par' dir='ltr' id='par_1_92' title="bbox 2803 3422 3361 3483">
     <span class='ocr_line' id='line_1_92' title="bbox 2803 3422 3361 3483; baseline 0.011 -7"><span class='ocrx_word' id='word_1_715' title='bbox 2803 3422 3078 3479; x_wconf 75' lang='lat' dir='ltr'><strong>llOMlLlA</strong></span> <span class='ocrx_word' id='word_1_716' title='bbox 3120 3425 3361 3483; x_wconf 76' lang='lat' dir='ltr'><strong>XXXVI.</strong></span> 
     </span>
    </p>
   </div>
   <div class='ocr_carea' id='block_1_93' title="bbox 2288 3528 3885 3608">
    <p class='ocr_par' dir='ltr' id='par_1_93' title="bbox 2288 3528 3885 3608">
     <span class='ocr_line' id='line_1_93' title="bbox 2288 3528 3885 3608; baseline 0.011 -24"><span class='ocrx_word' id='word_1_717' title='bbox 2288 3528 2415 3585; x_wconf 79' lang='lat' dir='ltr'><strong>Post</strong></span> <span class='ocrx_word' id='word_1_718' title='bbox 2436 3532 2543 3586; x_wconf 74' lang='lat' dir='ltr'><strong>luet:</strong></span> <span class='ocrx_word' id='word_1_719' title='bbox 2569 3543 2734 3587; x_wconf 80' lang='lat' dir='ltr'><strong>autent</strong></span> <span class='ocrx_word' id='word_1_720' title='bbox 2752 3536 2897 3589; x_wconf 68' lang='lat' dir='ltr'><strong>verba</strong></span> <span class='ocrx_word' id='word_1_721' title='bbox 2918 3541 3083 3608; x_wconf 77' lang='lat' dir='ltr'><strong>factus</strong></span> <span class='ocrx_word' id='word_1_722' title='bbox 3107 3547 3177 3592; x_wconf 80' lang='lat' dir='ltr'><strong>est</strong></span> <span class='ocrx_word' id='word_1_723' title='bbox 3201 3556 3363 3594; x_wconf 79' lang='lat' dir='ltr'><strong>sermo</strong></span> <span class='ocrx_word' id='word_1_724' title='bbox 3380 3539 3589 3596; x_wconf 79' lang='lat' dir='ltr'><strong>Domini</strong></span> <span class='ocrx_word' id='word_1_725' title='bbox 3605 3546 3681 3598; x_wconf 86' lang='lat' dir='ltr'><strong>ad</strong></span> <span class='ocrx_word' id='word_1_726' title='bbox 3699 3547 3885 3602; x_wconf 77' lang='lat' dir='ltr'><strong>Abram</strong></span> 
     </span>
    </p>
   </div>
   <div class='ocr_carea' id='block_1_94' title="bbox 2360 3626 3888 3710">
    <p class='ocr_par' dir='ltr' id='par_1_94' title="bbox 2360 3626 3888 3710">
     <span class='ocr_line' id='line_1_94' title="bbox 2360 3626 3888 3710; baseline 0.011 -34"><span class='ocrx_word' id='word_1_727' title='bbox 2360 3641 2450 3694; x_wconf 85' lang='lat' dir='ltr'><strong>per</strong></span> <span class='ocrx_word' id='word_1_728' title='bbox 2477 3626 2714 3679; x_wconf 79' lang='lat' dir='ltr'><strong>visionem</strong></span> <span class='ocrx_word' id='word_1_729' title='bbox 2745 3629 2926 3695; x_wconf 79' lang='lat' dir='ltr'><strong>noctis,</strong></span> <span class='ocrx_word' id='word_1_730' title='bbox 2954 3630 3125 3685; x_wconf 78' lang='lat' dir='ltr'><strong>dicens</strong></span> <span class='ocrx_word' id='word_1_731' title='bbox 3144 3644 3165 3686; x_wconf 88' lang='lat'><strong>.‘</strong></span> <span class='ocrx_word' id='word_1_732' title='bbox 3200 3630 3285 3686; x_wconf 79' lang='lat' dir='ltr'><strong>Ne</strong></span> <span class='ocrx_word' id='word_1_733' title='bbox 3326 3632 3501 3688; x_wconf 78' lang='lat' dir='ltr'><strong>timeas</strong></span> <span class='ocrx_word' id='word_1_734' title='bbox 3541 3634 3755 3705; x_wconf 80' lang='lat' dir='ltr'><strong>Abram,</strong></span> <span class='ocrx_word' id='word_1_735' title='bbox 3797 3656 3888 3710; x_wconf 80' lang='lat' dir='ltr'><strong>ego</strong></span> 
     </span>
    </p>
   </div>
   <div class='ocr_carea' id='block_1_95' title="bbox 2359 3722 3888 3800">
    <p class='ocr_par' dir='ltr' id='par_1_95' title="bbox 2359 3722 3888 3800">
     <span class='ocr_line' id='line_1_95' title="bbox 2359 3722 3888 3800; baseline 0.012 -33"><span class='ocrx_word' id='word_1_736' title='bbox 2359 3724 2610 3785; x_wconf 82' lang='lat' dir='ltr'><strong>protector</strong></span> <span class='ocrx_word' id='word_1_737' title='bbox 2638 3727 2751 3771; x_wconf 81' lang='lat' dir='ltr'><strong>tuus</strong></span> <span class='ocrx_word' id='word_1_738' title='bbox 2771 3734 2885 3772; x_wconf 82' lang='lat' dir='ltr'><strong>sunt</strong></span> <span class='ocrx_word' id='word_1_739' title='bbox 2909 3735 2930 3773; x_wconf 90' lang='lat'><strong><em>:</em></strong></span> <span class='ocrx_word' id='word_1_740' title='bbox 2958 3736 3145 3776; x_wconf 75' lang='lat' dir='ltr'><strong>merces</strong></span> <span class='ocrx_word' id='word_1_741' title='bbox 3172 3732 3258 3775; x_wconf 81' lang='lat' dir='ltr'><strong>tua</strong></span> <span class='ocrx_word' id='word_1_742' title='bbox 3273 3722 3433 3778; x_wconf 81' lang='lat' dir='ltr'><strong>multa</strong></span> <span class='ocrx_word' id='word_1_743' title='bbox 3451 3726 3544 3779; x_wconf 83' lang='lat' dir='ltr'><strong>erit</strong></span> <span class='ocrx_word' id='word_1_744' title='bbox 3562 3727 3712 3781; x_wconf 82' lang='lat' dir='ltr'><strong>valde</strong></span> <span class='ocrx_word' id='word_1_745' title='bbox 3730 3728 3863 3800; x_wconf 78' lang='lat' dir='ltr'><strong>(Cat</strong></span> <span class='ocrx_word' id='word_1_746' title='bbox 3876 3777 3888 3787; x_wconf 90' lang='lat'><strong>.</strong></span> 
     </span>
    </p>
   </div>
   <div class='ocr_carea' id='block_1_96' title="bbox 2363 3807 2560 3878">
    <p class='ocr_par' dir='ltr' id='par_1_96' title="bbox 2363 3807 2560 3878">
     <span class='ocr_line' id='line_1_96' title="bbox 2363 3807 2560 3878; baseline 0.01 -19"><span class='ocrx_word' id='word_1_747' title='bbox 2363 3807 2444 3861; x_wconf 81' lang='lat' dir='ltr'><strong>l5.</strong></span> <span class='ocrx_word' id='word_1_748' title='bbox 2481 3808 2560 3878; x_wconf 77' lang='lat' dir='ltr'><strong>l).</strong></span> 
     </span>
    </p>
   </div>
   <div class='ocr_carea' id='block_1_97' title="bbox 2362 3920 3885 4000">
    <p class='ocr_par' dir='ltr' id='par_1_97' title="bbox 2362 3920 3885 4000">
     <span class='ocr_line' id='line_1_97' title="bbox 2362 3920 3885 4000; baseline 0.011 -27"><span class='ocrx_word' id='word_1_749' title='bbox 2362 3920 2412 3974; x_wconf 80' lang='grc'><strong>1.</strong></span> <span class='ocrx_word' id='word_1_750' title='bbox 2444 3920 2723 3979; x_wconf 88' lang='lat' dir='ltr'><strong>Thesauro</strong></span> <span class='ocrx_word' id='word_1_751' title='bbox 2747 3924 2976 3995; x_wconf 85' lang='lat' dir='ltr'><strong>cuipiam</strong></span> <span class='ocrx_word' id='word_1_752' title='bbox 3005 3926 3195 3983; x_wconf 89' lang='lat' dir='ltr'><strong>similis</strong></span> <span class='ocrx_word' id='word_1_753' title='bbox 3219 3937 3301 3984; x_wconf 90' lang='lat' dir='ltr'><strong>est</strong></span> <span class='ocrx_word' id='word_1_754' title='bbox 3317 3928 3579 4000; x_wconf 79' lang='lat' dir='ltr'><strong>iustorum</strong></span> <span class='ocrx_word' id='word_1_755' title='bbox 3599 3933 3795 4000; x_wconf 86' lang='lat' dir='ltr'><strong>virtus,</strong></span> <span class='ocrx_word' id='word_1_756' title='bbox 3833 3935 3885 3989; x_wconf 88' lang='lat' dir='ltr'><strong>in</strong></span> 
     </span>
    </p>
   </div>
   <div class='ocr_carea' id='block_1_98' title="bbox 2286 4017 3885 4087">
    <p class='ocr_par' dir='ltr' id='par_1_98' title="bbox 2286 4017 3885 4087">
     <span class='ocr_line' id='line_1_98' title="bbox 2286 4017 3885 4087; baseline 0.009 -20"><span class='ocrx_word' id='word_1_757' title='bbox 2286 4029 2393 4084; x_wconf 89' lang='lat' dir='ltr'><strong>quo</strong></span> <span class='ocrx_word' id='word_1_758' title='bbox 2424 4017 2665 4087; x_wconf 63' lang='lat' dir='ltr'><strong>plurimae</strong></span> <span class='ocrx_word' id='word_1_759' title='bbox 2693 4027 2748 4073; x_wconf 92' lang='lat' dir='ltr'><strong>et</strong></span> <span class='ocrx_word' id='word_1_760' title='bbox 2776 4018 3072 4076; x_wconf 72' lang='lat' dir='ltr'><strong>ineffabiles</strong></span> <span class='ocrx_word' id='word_1_761' title='bbox 3100 4020 3299 4078; x_wconf 61' lang='lat' dir='ltr'><strong>divitia:</strong></span> <span class='ocrx_word' id='word_1_762' title='bbox 3326 4024 3714 4083; x_wconf 89' lang='lat' dir='ltr'><strong>reconduntur.</strong></span> <span class='ocrx_word' id='word_1_763' title='bbox 3749 4027 3885 4082; x_wconf 79' lang='lat' dir='ltr'><strong>Nam</strong></span> 
     </span>
    </p>
   </div>
   <div class='ocr_carea' id='block_1_99' title="bbox 2285 4107 3887 4191">
    <p class='ocr_par' dir='ltr' id='par_1_99' title="bbox 2285 4107 3887 4191">
     <span class='ocr_line' id='line_1_99' title="bbox 2285 4107 3887 4191; baseline 0.01 -31"><span class='ocrx_word' id='word_1_764' title='bbox 2285 4107 2420 4161; x_wconf 85' lang='lat' dir='ltr'><strong>sicut</strong></span> <span class='ocrx_word' id='word_1_765' title='bbox 2447 4109 2535 4179; x_wconf 90' lang='lat' dir='ltr'><strong>qui</strong></span> <span class='ocrx_word' id='word_1_766' title='bbox 2558 4126 2622 4165; x_wconf 82' lang='lat' dir='ltr'><strong>ex</strong></span> <span class='ocrx_word' id='word_1_767' title='bbox 2650 4110 2742 4165; x_wconf 88' lang='lat' dir='ltr'><strong>illo</strong></span> <span class='ocrx_word' id='word_1_768' title='bbox 2766 4112 2848 4167; x_wconf 92' lang='lat' dir='ltr'><strong>vel</strong></span> <span class='ocrx_word' id='word_1_769' title='bbox 2875 4128 3091 4183; x_wconf 88' lang='lat' dir='ltr'><strong>parvam</strong></span> <span class='ocrx_word' id='word_1_770' title='bbox 3132 4114 3416 4183; x_wconf 90' lang='lat' dir='ltr'><strong>quamdam</strong></span> <span class='ocrx_word' id='word_1_771' title='bbox 3448 4128 3656 4188; x_wconf 90' lang='lat' dir='ltr'><strong>partem</strong></span> <span class='ocrx_word' id='word_1_772' title='bbox 3690 4134 3887 4191; x_wconf 87' lang='lat' dir='ltr'><strong>capere</strong></span> 
     </span>
    </p>
   </div>
   <div class='ocr_carea' id='block_1_100' title="bbox 2285 4200 3884 4278">
    <p class='ocr_par' dir='ltr' id='par_1_100' title="bbox 2285 4200 3884 4278">
     <span class='ocr_line' id='line_1_100' title="bbox 2285 4200 3884 4278; baseline 0.011 -26"><span class='ocrx_word' id='word_1_773' title='bbox 2285 4207 2480 4267; x_wconf 90' lang='lat' dir='ltr'><strong>potest,</strong></span> <span class='ocrx_word' id='word_1_774' title='bbox 2504 4200 2698 4257; x_wconf 88' lang='lat' dir='ltr'><strong>multas</strong></span> <span class='ocrx_word' id='word_1_775' title='bbox 2750 4203 2851 4258; x_wconf 91' lang='lat' dir='ltr'><strong>sibi</strong></span> <span class='ocrx_word' id='word_1_776' title='bbox 2904 4204 3027 4262; x_wconf 89' lang='lat' dir='ltr'><strong>inde</strong></span> <span class='ocrx_word' id='word_1_777' title='bbox 3071 4214 3221 4276; x_wconf 89' lang='lat' dir='ltr'><strong>parat</strong></span> <span class='ocrx_word' id='word_1_778' title='bbox 3256 4222 3388 4278; x_wconf 89' lang='lat' dir='ltr'><strong>opes</strong></span> <span class='ocrx_word' id='word_1_779' title='bbox 3419 4227 3433 4263; x_wconf 91' lang='lat'>:</span> <span class='ocrx_word' id='word_1_780' title='bbox 3462 4209 3533 4265; x_wconf 91' lang='lat' dir='ltr'><strong>ita</strong></span> <span class='ocrx_word' id='word_1_781' title='bbox 3565 4213 3784 4268; x_wconf 82' lang='lat' dir='ltr'><strong>evenire</strong></span> <span class='ocrx_word' id='word_1_782' title='bbox 3832 4214 3884 4269; x_wconf 91' lang='lat' dir='ltr'><strong>in</strong></span> 
     </span>
    </p>
   </div>
   <div class='ocr_carea' id='block_1_101' title="bbox 2283 4290 3887 4372">
    <p class='ocr_par' dir='ltr' id='par_1_101' title="bbox 2283 4290 3887 4372">
     <span class='ocr_line' id='line_1_101' title="bbox 2283 4290 3887 4372; baseline 0.012 -29"><span class='ocrx_word' id='word_1_783' title='bbox 2283 4290 2568 4348; x_wconf 86' lang='lat' dir='ltr'><strong>virtutibus</strong></span> <span class='ocrx_word' id='word_1_784' title='bbox 2589 4294 2907 4362; x_wconf 75' lang='lat' dir='ltr'><strong>patriarchae</strong></span> <span class='ocrx_word' id='word_1_785' title='bbox 2926 4296 3328 4368; x_wconf 90' lang='lat' dir='ltr'><strong>deprehendere</strong></span> <span class='ocrx_word' id='word_1_786' title='bbox 3350 4301 3471 4370; x_wconf 88' lang='lat' dir='ltr'><strong>quis</strong></span> <span class='ocrx_word' id='word_1_787' title='bbox 3494 4310 3687 4372; x_wconf 86' lang='lat' dir='ltr'><strong>potest.</strong></span> <span class='ocrx_word' id='word_1_788' title='bbox 3736 4304 3887 4362; x_wconf 77' lang='lat' dir='ltr'><strong>Ecce</strong></span> 
     </span>
    </p>
   </div>
   <div class='ocr_carea' id='block_1_102' title="bbox 2286 4379 3886 4468">
    <p class='ocr_par' dir='ltr' id='par_1_102' title="bbox 2286 4379 3886 4468">
     <span class='ocr_line' id='line_1_102' title="bbox 2286 4379 3886 4468; baseline 0.008 -32"><span class='ocrx_word' id='word_1_789' title='bbox 2286 4379 2399 4437; x_wconf 88' lang='lat' dir='ltr'><strong>fere</strong></span> <span class='ocrx_word' id='word_1_790' title='bbox 2427 4384 2664 4453; x_wconf 88' lang='lat' dir='ltr'><strong>quotidie</strong></span> <span class='ocrx_word' id='word_1_791' title='bbox 2692 4401 2755 4440; x_wconf 82' lang='lat' dir='ltr'><strong>ex</strong></span> <span class='ocrx_word' id='word_1_792' title='bbox 2785 4386 3005 4443; x_wconf 88' lang='lat' dir='ltr'><strong>historia</strong></span> <span class='ocrx_word' id='word_1_793' title='bbox 3033 4390 3149 4460; x_wconf 81' lang='lat' dir='ltr'><strong>ejus</strong></span> <span class='ocrx_word' id='word_1_794' title='bbox 3180 4390 3329 4445; x_wconf 84' lang='lat' dir='ltr'><strong>vobis</strong></span> <span class='ocrx_word' id='word_1_795' title='bbox 3348 4391 3642 4449; x_wconf 85' lang='lat' dir='ltr'><strong>doctrinam</strong></span> <span class='ocrx_word' id='word_1_796' title='bbox 3678 4411 3886 4468; x_wconf 75' lang='lat' dir='ltr'><strong>propo—</strong></span> 
     </span>
    </p>
   </div>
   <div class='ocr_carea' id='block_1_103' title="bbox 2284 4476 3890 4552">
    <p class='ocr_par' dir='ltr' id='par_1_103' title="bbox 2284 4476 3890 4552">
     <span class='ocr_line' id='line_1_103' title="bbox 2284 4476 3890 4552; baseline 0.011 -26"><span class='ocrx_word' id='word_1_797' title='bbox 2284 4483 2494 4541; x_wconf 91' lang='lat' dir='ltr'><strong>nentes,</strong></span> <span class='ocrx_word' id='word_1_798' title='bbox 2531 4490 2717 4546; x_wconf 83' lang='lat' dir='ltr'><strong>magna</strong></span> <span class='ocrx_word' id='word_1_799' title='bbox 2744 4476 2987 4548; x_wconf 80' lang='lat' dir='ltr'><strong>largitate</strong></span> <span class='ocrx_word' id='word_1_800' title='bbox 3005 4480 3304 4536; x_wconf 87' lang='lat' dir='ltr'><strong>convivium</strong></span> <span class='ocrx_word' id='word_1_801' title='bbox 3322 4484 3640 4552; x_wconf 64' lang='lat' dir='ltr'><strong>praebemus,</strong></span> <span class='ocrx_word' id='word_1_802' title='bbox 3668 4499 3721 4542; x_wconf 91' lang='lat' dir='ltr'><strong>et</strong></span> <span class='ocrx_word' id='word_1_803' title='bbox 3748 4489 3890 4545; x_wconf 81' lang='lat' dir='ltr'><strong>bue-</strong></span> 
     </span>
    </p>
   </div>
   <div class='ocr_carea' id='block_1_104' title="bbox 2283 4568 3885 4650">
    <p class='ocr_par' dir='ltr' id='par_1_104' title="bbox 2283 4568 3885 4650">
     <span class='ocr_line' id='line_1_104' title="bbox 2283 4568 3885 4650; baseline 0.01 -31"><span class='ocrx_word' id='word_1_804' title='bbox 2283 4580 2453 4635; x_wconf 89' lang='lat' dir='ltr'><strong>usque</strong></span> <span class='ocrx_word' id='word_1_805' title='bbox 2483 4568 2717 4623; x_wconf 91' lang='lat' dir='ltr'><strong>nondum</strong></span> <span class='ocrx_word' id='word_1_806' title='bbox 2746 4584 2966 4639; x_wconf 80' lang='lat' dir='ltr'><strong>parvam</strong></span> <span class='ocrx_word' id='word_1_807' title='bbox 3011 4573 3273 4629; x_wconf 89' lang='lat' dir='ltr'><strong>bonorum</strong></span> <span class='ocrx_word' id='word_1_808' title='bbox 3302 4576 3442 4630; x_wconf 88' lang='lat' dir='ltr'><strong>illius</strong></span> <span class='ocrx_word' id='word_1_809' title='bbox 3470 4592 3688 4647; x_wconf 88' lang='lat' dir='ltr'><strong>operum</strong></span> <span class='ocrx_word' id='word_1_810' title='bbox 3748 4596 3885 4650; x_wconf 82' lang='lat' dir='ltr'><strong>par-</strong></span> 
     </span>
    </p>
   </div>
   <div class='ocr_carea' id='block_1_105' title="bbox 2286 4662 3891 4730">
    <p class='ocr_par' dir='ltr' id='par_1_105' title="bbox 2286 4662 3891 4730">
     <span class='ocr_line' id='line_1_105' title="bbox 2286 4662 3891 4730; baseline 0.009 -19"><span class='ocrx_word' id='word_1_811' title='bbox 2286 4665 2391 4712; x_wconf 90' lang='lat' dir='ltr'><strong>tem</strong></span> <span class='ocrx_word' id='word_1_812' title='bbox 2415 4673 2668 4715; x_wconf 89' lang='lat' dir='ltr'><strong>enarrare</strong></span> <span class='ocrx_word' id='word_1_813' title='bbox 2698 4662 2970 4730; x_wconf 82' lang='lat' dir='ltr'><strong>potuimus</strong></span> <span class='ocrx_word' id='word_1_814' title='bbox 2998 4680 3011 4716; x_wconf 87' lang='lat'><strong>:</strong></span> <span class='ocrx_word' id='word_1_815' title='bbox 3040 4664 3199 4719; x_wconf 91' lang='lat' dir='ltr'><strong>tantis</strong></span> <span class='ocrx_word' id='word_1_816' title='bbox 3225 4666 3429 4721; x_wconf 88' lang='lat' dir='ltr'><strong>scilicet</strong></span> <span class='ocrx_word' id='word_1_817' title='bbox 3454 4668 3684 4722; x_wconf 85' lang='lat' dir='ltr'><strong>abundat</strong></span> <span class='ocrx_word' id='word_1_818' title='bbox 3702 4670 3891 4726; x_wconf 80' lang='lat' dir='ltr'><strong>virtu-</strong></span> 
     </span>
    </p>
   </div>
   <div class='ocr_carea' id='block_1_106' title="bbox 2285 4749 3887 4827">
    <p class='ocr_par' dir='ltr' id='par_1_106' title="bbox 2285 4749 3887 4827">
     <span class='ocr_line' id='line_1_106' title="bbox 2285 4749 3887 4827; baseline 0.009 -23"><span class='ocrx_word' id='word_1_819' title='bbox 2285 4749 2443 4806; x_wconf 87' lang='lat' dir='ltr'><strong>tibus.</strong></span> <span class='ocrx_word' id='word_1_820' title='bbox 2491 4751 2559 4806; x_wconf 85' lang='lat' dir='ltr'><strong>Et</strong></span> <span class='ocrx_word' id='word_1_821' title='bbox 2585 4751 2723 4808; x_wconf 88' lang='lat' dir='ltr'><strong>sicut</strong></span> <span class='ocrx_word' id='word_1_822' title='bbox 2759 4769 2790 4808; x_wconf 89' lang='lat' dir='ltr'><strong>a</strong></span> <span class='ocrx_word' id='word_1_823' title='bbox 2819 4753 2966 4810; x_wconf 87' lang='lat' dir='ltr'><strong>fonte</strong></span> <span class='ocrx_word' id='word_1_824' title='bbox 2996 4755 3157 4827; x_wconf 69' lang='lat' dir='ltr'><strong>largis</strong></span> <span class='ocrx_word' id='word_1_825' title='bbox 3184 4756 3379 4814; x_wconf 89' lang='lat' dir='ltr'><strong>ﬂuente</strong></span> <span class='ocrx_word' id='word_1_826' title='bbox 3424 4761 3570 4823; x_wconf 88' lang='lat' dir='ltr'><strong>rivis,</strong></span> <span class='ocrx_word' id='word_1_827' title='bbox 3619 4761 3786 4817; x_wconf 86' lang='lat' dir='ltr'><strong>etiam</strong></span> <span class='ocrx_word' id='word_1_828' title='bbox 3841 4766 3887 4819; x_wconf 87' lang='lat' dir='ltr'><strong>si</strong></span> 
     </span>
    </p>
   </div>
   <div class='ocr_carea' id='block_1_107' title="bbox 2283 4842 3891 4912">
    <p class='ocr_par' dir='ltr' id='par_1_107' title="bbox 2283 4842 3891 4912">
     <span class='ocr_line' id='line_1_107' title="bbox 2283 4842 3891 4912; baseline 0.009 -16"><span class='ocrx_word' id='word_1_829' title='bbox 2283 4854 2470 4897; x_wconf 90' lang='lat' dir='ltr'><strong>omnes</strong></span> <span class='ocrx_word' id='word_1_830' title='bbox 2497 4842 2903 4912; x_wconf 68' lang='lat' dir='ltr'><strong>hauriant,non</strong></span> <span class='ocrx_word' id='word_1_831' title='bbox 2935 4847 3104 4903; x_wconf 89' lang='lat' dir='ltr'><strong>solum</strong></span> <span class='ocrx_word' id='word_1_832' title='bbox 3129 4864 3234 4904; x_wconf 89' lang='lat' dir='ltr'><strong>non</strong></span> <span class='ocrx_word' id='word_1_833' title='bbox 3260 4850 3640 4908; x_wconf 91' lang='lat' dir='ltr'><strong>imminunntur</strong></span> <span class='ocrx_word' id='word_1_834' title='bbox 3671 4852 3891 4911; x_wconf 83' lang='lat' dir='ltr'><strong>ﬂuenta</strong></span> 
     </span>
    </p>
   </div>
   <div class='ocr_carea' id='block_1_108' title="bbox 2283 4932 3889 5014">
    <p class='ocr_par' dir='ltr' id='par_1_108' title="bbox 2283 4932 3889 5014">
     <span class='ocr_line' id='line_1_108' title="bbox 2283 4932 3889 5014; baseline 0.01 -26"><span class='ocrx_word' id='word_1_835' title='bbox 2283 4946 2317 4988; x_wconf 87' lang='lat' dir='ltr'><strong>e</strong></span> <span class='ocrx_word' id='word_1_836' title='bbox 2345 4932 2490 4988; x_wconf 89' lang='lat' dir='ltr'><strong>fonte</strong></span> <span class='ocrx_word' id='word_1_837' title='bbox 2518 4938 2810 5004; x_wconf 85' lang='lat' dir='ltr'><strong>manantia,</strong></span> <span class='ocrx_word' id='word_1_838' title='bbox 2840 4938 2932 4994; x_wconf 90' lang='lat' dir='ltr'><strong>sed</strong></span> <span class='ocrx_word' id='word_1_839' title='bbox 2972 4948 3173 5009; x_wconf 91' lang='lat' dir='ltr'><strong>quanto</strong></span> <span class='ocrx_word' id='word_1_840' title='bbox 3223 4941 3402 5011; x_wconf 87' lang='lat' dir='ltr'><strong>plures</strong></span> <span class='ocrx_word' id='word_1_841' title='bbox 3447 4951 3570 4998; x_wconf 88' lang='lat' dir='ltr'><strong>sunt</strong></span> <span class='ocrx_word' id='word_1_842' title='bbox 3609 4944 3697 5014; x_wconf 88' lang='lat' dir='ltr'><strong>qui</strong></span> <span class='ocrx_word' id='word_1_843' title='bbox 3752 4947 3889 5003; x_wconf 83' lang='lat' dir='ltr'><strong>inde</strong></span> 
     </span>
    </p>
   </div>
   <div class='ocr_carea' id='block_1_109' title="bbox 2282 5022 3887 5100">
    <p class='ocr_par' dir='ltr' id='par_1_109' title="bbox 2282 5022 3887 5100">
     <span class='ocr_line' id='line_1_109' title="bbox 2282 5022 3887 5100; baseline 0.009 -22"><span class='ocrx_word' id='word_1_844' title='bbox 2282 5022 2550 5094; x_wconf 86' lang='lat' dir='ltr'><strong>hauriant,</strong></span> <span class='ocrx_word' id='word_1_845' title='bbox 2580 5035 2728 5083; x_wconf 90' lang='lat' dir='ltr'><strong>tanto</strong></span> <span class='ocrx_word' id='word_1_846' title='bbox 2753 5029 2923 5097; x_wconf 86' lang='lat' dir='ltr'><strong>major</strong></span> <span class='ocrx_word' id='word_1_847' title='bbox 2951 5045 3206 5100; x_wconf 88' lang='lat' dir='ltr'><strong>aquarum</strong></span> <span class='ocrx_word' id='word_1_848' title='bbox 3229 5032 3308 5087; x_wconf 88' lang='lat' dir='ltr'><strong>vis</strong></span> <span class='ocrx_word' id='word_1_849' title='bbox 3337 5034 3557 5087; x_wconf 89' lang='lat' dir='ltr'><strong>scaturit</strong></span> <span class='ocrx_word' id='word_1_850' title='bbox 3578 5052 3593 5087; x_wconf 90' lang='lat'><strong>:</strong></span> <span class='ocrx_word' id='word_1_851' title='bbox 3614 5035 3683 5088; x_wconf 89' lang='lat' dir='ltr'><strong>ita</strong></span> <span class='ocrx_word' id='word_1_852' title='bbox 3701 5037 3887 5092; x_wconf 79' lang='lat' dir='ltr'><strong>etiam</strong></span> 
     </span>
    </p>
   </div>
   <div class='ocr_carea' id='block_1_110' title="bbox 2283 5118 3887 5191">
    <p class='ocr_par' dir='ltr' id='par_1_110' title="bbox 2283 5118 3887 5191">
     <span class='ocr_line' id='line_1_110' title="bbox 2283 5118 3887 5191; baseline 0.009 -20"><span class='ocrx_word' id='word_1_853' title='bbox 2283 5118 2337 5172; x_wconf 89' lang='lat' dir='ltr'><strong>in</strong></span> <span class='ocrx_word' id='word_1_854' title='bbox 2358 5118 2671 5174; x_wconf 87' lang='lat' dir='ltr'><strong>admirando</strong></span> <span class='ocrx_word' id='word_1_855' title='bbox 2697 5121 2994 5190; x_wconf 88' lang='lat' dir='ltr'><strong>patriarcha</strong></span> <span class='ocrx_word' id='word_1_856' title='bbox 3023 5123 3135 5177; x_wconf 80' lang='lat' dir='ltr'><strong>fieri</strong></span> <span class='ocrx_word' id='word_1_857' title='bbox 3162 5123 3420 5179; x_wconf 88' lang='lat' dir='ltr'><strong>videmus.</strong></span> <span class='ocrx_word' id='word_1_858' title='bbox 3444 5125 3584 5191; x_wconf 77' lang='lat' dir='ltr'><strong>Quot</strong></span> <span class='ocrx_word' id='word_1_859' title='bbox 3629 5126 3782 5182; x_wconf 85' lang='lat' dir='ltr'><strong>enim</strong></span> <span class='ocrx_word' id='word_1_860' title='bbox 3814 5144 3887 5185; x_wconf 78' lang='lat' dir='ltr'><strong>ex</strong></span> 
     </span>
    </p>
   </div>
   <div class='ocr_carea' id='block_1_111' title="bbox 2282 5208 3885 5284">
    <p class='ocr_par' dir='ltr' id='par_1_111' title="bbox 2282 5208 3885 5284">
     <span class='ocr_line' id='line_1_111' title="bbox 2282 5208 3885 5284; baseline 0.007 -21"><span class='ocrx_word' id='word_1_861' title='bbox 2282 5208 2425 5265; x_wconf 86' lang='lat' dir='ltr'><strong>illius</strong></span> <span class='ocrx_word' id='word_1_862' title='bbox 2461 5226 2577 5265; x_wconf 69' lang='lat' dir='ltr'><strong>aavo</strong></span> <span class='ocrx_word' id='word_1_863' title='bbox 2615 5211 2680 5265; x_wconf 89' lang='lat' dir='ltr'><strong>ad</strong></span> <span class='ocrx_word' id='word_1_864' title='bbox 2710 5211 2812 5267; x_wconf 83' lang='lat' dir='ltr'><strong>huc</strong></span> <span class='ocrx_word' id='word_1_865' title='bbox 2854 5226 3022 5284; x_wconf 87' lang='lat' dir='ltr'><strong>usque</strong></span> <span class='ocrx_word' id='word_1_866' title='bbox 3059 5223 3267 5283; x_wconf 89' lang='lat' dir='ltr'><strong>tempus</strong></span> <span class='ocrx_word' id='word_1_867' title='bbox 3309 5231 3377 5270; x_wconf 80' lang='lat' dir='ltr'><strong>ex</strong></span> <span class='ocrx_word' id='word_1_868' title='bbox 3427 5215 3571 5271; x_wconf 85' lang='lat' dir='ltr'><strong>fonte</strong></span> <span class='ocrx_word' id='word_1_869' title='bbox 3608 5216 3885 5275; x_wconf 79' lang='lat' dir='ltr'><strong>bonorum</strong></span> 
     </span>
    </p>
   </div>
   <div class='ocr_carea' id='block_1_112' title="bbox 2281 5301 3861 5375">
    <p class='ocr_par' dir='ltr' id='par_1_112' title="bbox 2281 5301 3861 5375">
     <span class='ocr_line' id='line_1_112' title="bbox 2281 5301 3861 5375; baseline 0.007 -19"><span class='ocrx_word' id='word_1_870' title='bbox 2281 5301 2425 5357; x_wconf 88' lang='lat' dir='ltr'><strong>illius</strong></span> <span class='ocrx_word' id='word_1_871' title='bbox 2446 5318 2668 5375; x_wconf 89' lang='lat' dir='ltr'><strong>operum</strong></span> <span class='ocrx_word' id='word_1_872' title='bbox 2687 5302 2959 5374; x_wconf 87' lang='lat' dir='ltr'><strong>hauriunt,</strong></span> <span class='ocrx_word' id='word_1_873' title='bbox 2987 5315 3041 5361; x_wconf 90' lang='lat' dir='ltr'><strong>et</strong></span> <span class='ocrx_word' id='word_1_874' title='bbox 3070 5321 3177 5361; x_wconf 93' lang='lat' dir='ltr'><strong>non</strong></span> <span class='ocrx_word' id='word_1_875' title='bbox 3199 5307 3372 5362; x_wconf 90' lang='lat' dir='ltr'><strong>solum</strong></span> <span class='ocrx_word' id='word_1_876' title='bbox 3401 5307 3594 5364; x_wconf 85' lang='lat' dir='ltr'><strong>ﬂuenta</strong></span> <span class='ocrx_word' id='word_1_877' title='bbox 3622 5322 3726 5363; x_wconf 91' lang='lat' dir='ltr'><strong>non</strong></span> <span class='ocrx_word' id='word_1_878' title='bbox 3749 5326 3861 5366; x_wconf 85' lang='lat' dir='ltr'><strong>eva</strong></span> 
     </span>
    </p>
   </div>
   <div class='ocr_carea' id='block_1_113' title="bbox 2279 5393 3886 5469">
    <p class='ocr_par' dir='ltr' id='par_1_113' title="bbox 2279 5393 3886 5469">
     <span class='ocr_line' id='line_1_113' title="bbox 2279 5393 3886 5469; baseline 0.002 -20"><span class='ocrx_word' id='word_1_879' title='bbox 2279 5402 2527 5460; x_wconf 76' lang='lat' dir='ltr'><strong>cuarant,</strong></span> <span class='ocrx_word' id='word_1_880' title='bbox 2558 5394 2650 5447; x_wconf 79' lang='lat' dir='ltr'><strong>sed</strong></span> <span class='ocrx_word' id='word_1_881' title='bbox 2679 5393 2848 5450; x_wconf 90' lang='lat' dir='ltr'><strong>multo</strong></span> <span class='ocrx_word' id='word_1_882' title='bbox 2872 5394 3228 5451; x_wconf 90' lang='lat' dir='ltr'><strong>abundantior</strong></span> <span class='ocrx_word' id='word_1_883' title='bbox 3251 5404 3509 5453; x_wconf 87' lang='lat' dir='ltr'><strong>bonorum</strong></span> <span class='ocrx_word' id='word_1_884' title='bbox 3536 5412 3759 5469; x_wconf 84' lang='lat' dir='ltr'><strong>operum</strong></span> <span class='ocrx_word' id='word_1_885' title='bbox 3780 5417 3886 5457; x_wconf 67' lang='lat' dir='ltr'><strong>ea-</strong></span> 
     </span>
    </p>
   </div>
   <div class='ocr_carea' id='block_1_114' title="bbox 2281 5479 3891 5557">
    <p class='ocr_par' dir='ltr' id='par_1_114' title="bbox 2281 5479 3891 5557">
     <span class='ocr_line' id='line_1_114' title="bbox 2281 5479 3891 5557; baseline 0.006 -20"><span class='ocrx_word' id='word_1_886' title='bbox 2281 5485 2365 5556; x_wconf 90' lang='lat' dir='ltr'><strong>pia</strong></span> <span class='ocrx_word' id='word_1_887' title='bbox 2395 5484 2615 5541; x_wconf 83' lang='lat' dir='ltr'><strong>manat?</strong></span> <span class='ocrx_word' id='word_1_888' title='bbox 2641 5485 2787 5542; x_wconf 88' lang='lat' dir='ltr'><strong>Sicut</strong></span> <span class='ocrx_word' id='word_1_889' title='bbox 2807 5487 2948 5540; x_wconf 89' lang='lat' dir='ltr'><strong>enim</strong></span> <span class='ocrx_word' id='word_1_890' title='bbox 2971 5499 3213 5543; x_wconf 89' lang='lat' dir='ltr'><strong>catenam</strong></span> <span class='ocrx_word' id='word_1_891' title='bbox 3227 5488 3507 5557; x_wconf 85' lang='lat' dir='ltr'><strong>quamdam</strong></span> <span class='ocrx_word' id='word_1_892' title='bbox 3531 5503 3774 5555; x_wconf 87' lang='lat' dir='ltr'><strong>auream,</strong></span> <span class='ocrx_word' id='word_1_893' title='bbox 3802 5479 3891 5548; x_wconf 71' lang='lat' dir='ltr'><strong>Sic</strong></span> 
     </span>
    </p>
   </div>
   <div class='ocr_carea' id='block_1_115' title="bbox 2279 5575 3888 5647">
    <p class='ocr_par' dir='ltr' id='par_1_115' title="bbox 2279 5575 3888 5647">
     <span class='ocr_line' id='line_1_115' title="bbox 2279 5575 3888 5647; baseline 0.005 -18"><span class='ocrx_word' id='word_1_894' title='bbox 2279 5576 2397 5644; x_wconf 89' lang='lat' dir='ltr'><strong>ejus</strong></span> <span class='ocrx_word' id='word_1_895' title='bbox 2424 5575 2695 5630; x_wconf 85' lang='lat' dir='ltr'><strong>historiam</strong></span> <span class='ocrx_word' id='word_1_896' title='bbox 2719 5577 2770 5630; x_wconf 91' lang='lat' dir='ltr'><strong>in</strong></span> <span class='ocrx_word' id='word_1_897' title='bbox 2805 5576 3076 5647; x_wconf 87' lang='lat' dir='ltr'><strong>Scriptura</strong></span> <span class='ocrx_word' id='word_1_898' title='bbox 3099 5580 3273 5633; x_wconf 87' lang='lat' dir='ltr'><strong>divina</strong></span> <span class='ocrx_word' id='word_1_899' title='bbox 3294 5580 3606 5635; x_wconf 88' lang='lat' dir='ltr'><strong>recensitam</strong></span> <span class='ocrx_word' id='word_1_900' title='bbox 3633 5580 3888 5637; x_wconf 46' lang='lat' dir='ltr'><strong>invenie</strong></span> 
     </span>
    </p>
   </div>
   <div class='ocr_carea' id='block_1_116' title="bbox 2281 5668 3889 5741">
    <p class='ocr_par' dir='ltr' id='par_1_116' title="bbox 2281 5668 3889 5741">
     <span class='ocr_line' id='line_1_116' title="bbox 2281 5668 3889 5741; baseline 0.003 -17"><span class='ocrx_word' id='word_1_901' title='bbox 2281 5683 2435 5735; x_wconf 87' lang='lat' dir='ltr'><strong>mus;</strong></span> <span class='ocrx_word' id='word_1_902' title='bbox 2463 5683 2525 5723; x_wconf 89' lang='lat' dir='ltr'><strong>ac</strong></span> <span class='ocrx_word' id='word_1_903' title='bbox 2553 5668 2772 5740; x_wconf 87' lang='lat' dir='ltr'><strong>singulis</strong></span> <span class='ocrx_word' id='word_1_904' title='bbox 2802 5671 3127 5741; x_wconf 88' lang='lat' dir='ltr'><strong>temporibus</strong></span> <span class='ocrx_word' id='word_1_905' title='bbox 3154 5671 3327 5741; x_wconf 88' lang='lat' dir='ltr'><strong>primo</strong></span> <span class='ocrx_word' id='word_1_906' title='bbox 3353 5671 3499 5727; x_wconf 89' lang='lat' dir='ltr'><strong>illum</strong></span> <span class='ocrx_word' id='word_1_907' title='bbox 3523 5671 3889 5730; x_wconf 80' lang='lat' dir='ltr'><strong>observamus</strong></span> 
     </span>
    </p>
   </div>
   <div class='ocr_carea' id='block_1_117' title="bbox 2279 5760 3885 5838">
    <p class='ocr_par' dir='ltr' id='par_1_117' title="bbox 2279 5760 3885 5838">
     <span class='ocr_line' id='line_1_117' title="bbox 2279 5760 3885 5838; baseline 0.002 -23"><span class='ocrx_word' id='word_1_908' title='bbox 2279 5776 2422 5816; x_wconf 75' lang='lat' dir='ltr'><strong>verae</strong></span> <span class='ocrx_word' id='word_1_909' title='bbox 2447 5760 2800 5833; x_wconf 68' lang='lat' dir='ltr'><strong>philosophiae</strong></span> <span class='ocrx_word' id='word_1_910' title='bbox 2826 5763 3120 5832; x_wconf 85' lang='lat' dir='ltr'><strong>speeimina</strong></span> <span class='ocrx_word' id='word_1_911' title='bbox 3163 5764 3529 5833; x_wconf 79' lang='lat' dir='ltr'><strong>exhibentem,</strong></span> <span class='ocrx_word' id='word_1_912' title='bbox 3580 5765 3885 5838; x_wconf 74' lang='lat' dir='ltr'><strong>statimun</strong></span> 
     </span>
    </p>
   </div>
   <div class='ocr_carea' id='block_1_118' title="bbox 2279 5853 3886 5927">
    <p class='ocr_par' dir='ltr' id='par_1_118' title="bbox 2279 5853 3886 5927">
     <span class='ocr_line' id='line_1_118' title="bbox 2279 5853 3886 5927; baseline 0.002 -19"><span class='ocrx_word' id='word_1_913' title='bbox 2279 5862 2594 5927; x_wconf 81' lang='lat' dir='ltr'><strong>sequentem</strong></span> <span class='ocrx_word' id='word_1_914' title='bbox 2623 5853 2716 5911; x_wconf 89' lang='lat' dir='ltr'><strong>Dei</strong></span> <span class='ocrx_word' id='word_1_915' title='bbox 2744 5856 3252 5913; x_wconf 85' lang='lat' dir='ltr'><strong>remunerationem.</strong></span> <span class='ocrx_word' id='word_1_916' title='bbox 3284 5855 3350 5911; x_wconf 83' lang='lat' dir='ltr'><strong>Et</strong></span> <span class='ocrx_word' id='word_1_917' title='bbox 3378 5864 3436 5913; x_wconf 89' lang='lat' dir='ltr'><strong>ut</strong></span> <span class='ocrx_word' id='word_1_918' title='bbox 3454 5857 3668 5913; x_wconf 83' lang='lat' dir='ltr'><strong>discatis</strong></span> <span class='ocrx_word' id='word_1_919' title='bbox 3704 5855 3789 5911; x_wconf 76' lang='lat' dir='ltr'><strong>ita</strong></span> <span class='ocrx_word' id='word_1_920' title='bbox 3816 5877 3886 5919; x_wconf 76' lang='lat' dir='ltr'><strong>se</strong></span> 
     </span>
    </p>
   </div>
  </div>
