4060 6418
379 353 482 408 555

375 468 663 539 συντομίας
698 466 766 520 τά
791 469 905 520 κατ’
933 462 1091 519 αὐτὸι
1114 465 1496 540 διηγήσασθαι,
1535 466 1619 519 ἵνα
1641 465 1814 538 εἰδῆτε
1844 466 1938 520 καὶ
1961 465 2054 520 τοῦ

371 553 582 608 δικαίου
612 555 710 626 τὴν
767 554 1207 625 ὑπερϐάλλουσαν
1261 555 1465 620 πίστιν,
1523 553 1589 624 ήν
1631 553 1761 624 περὶ
1793 553 1891 616 τάς
1923 554 2057 608 ὑπο-

373 641 586 711 σχέσεις
632 641 724 696 τοῦ
781 642 916 696 Θεοῦ
963 643 1354 709 ἐπιδείκνυται,
1408 640 1622 696 καὶτοῦ
1677 641 2058 711 φιλανθρώπου

371 729 507 782 Θεοῦ
535 729 674 801 μετά
705 731 986 800 δαψιλείας
1009 730 1109 794 τὰς
1142 729 1379 800 ἀμοιϐάς
1413 728 1562 800 αὑτῷ
1601 729 1978 800 παρεχομένου
2006 741 2053 783 ει.

383 815 586 879 Ἱκανὸς
611 817 722 890 γάρ
754 818 783 870 ό
829 818 1037 882 δίκαιος
1085 811 1240 881 οὗτος
1274 819 1519 880 ἅπαντας
1557 819 1702 887 ἡμᾶς
1747 815 2056 880 παιδεῦσαι,

369 903 505 973 πρὸς
545 906 672 970 τούς
709 906 806 976 τῆς
839 905 1042 978 ἀρετῆς
1069 904 1287 976 ἀγῶνας
1315 907 1452 976 μετά
1481 905 1788 978 προθυμίας
1827 904 2058 958 ἀποδύε-

372 990 494 1042 σθαι
519 991 860 1064 θαρροῦντας
906 994 1026 1056 ταῖς
1049 991 1256 1046 ἀνωθεν
1289 992 1565 1064 ἀμοιϐαῖς,
1599 993 1692 1046 καὶ
1725 993 1931 1056 εἰδότας
1960 991 2054 1045 τοῦ

370 1079 644 1148 ἡμετέρου
675 1080 952 1134 Δεσπότου
984 1079 1082 1150 τὴν
1139 1080 1466 1150 φιλοτιμίαν,
1502 1080 1679 1134 πάντα
1706 1081 1774 1134 τά
1821 1080 2056 1152 δυσχερῆ

369 1165 700 1238 νομιζόμενα
722 1167 866 1222 κατά
891 1167 980 1221 τὸν
1026 1167 1268 1238 παρόντα
1302 1166 1416 1238 βίον
1451 1169 1566 1239 μετ’
1611 1168 1862 1232 εὐκολίας
1891 1185 2056 1222 κατασ

368 1253 641 1326 δέχεσθαι,
678 1258 742 1326 τῇ
764 1253 935 1308 ἐλπίδι
969 1254 1076 1307 τῶν
1103 1255 1424 1308 ἀντιδόσεων
1455 1257 1841 1326 τρεφομένους.
1881 1255 2056 1322 Προσ-

369 1342 518 1413 έχετε
549 1343 636 1414 δὴ,
665 1342 988 1415 παρακαλῶ,
1008 1345 1158 1408 ὅπως
1181 1345 1244 1397 ἐκ
1269 1345 1588 1417 προοιμίων,
1618 1343 1803 1416 ἐπειδὴ
1833 1343 1901 1396 τά
1926 1343 2055 1414 παρ’

369 1430 562 1485 ἐαυτοῦ
585 1431 795 1486 οἴκοθεν
813 1433 1133 1505 εἰσήνεγκεν
1166 1435 1229 1487 ἐκ
1255 1435 1352 1504 τῆς
1370 1433 1697 1504 ἐγκειμένης
1717 1436 1782 1504 τῇ
1809 1431 2056 1504 ἡμετέρᾳ

369 1517 818 1588 φύσειγνώσεως,
844 1520 1032 1573 οὐδένα
1059 1519 1258 1585 ἔξωθεν
1281 1519 1530 1591 ἐσχηκὼς
1560 1520 1898 1584 διδάσκαλον,
1921 1517 2056 1572 ἀλλά

366 1603 463 1654 καὶ
489 1602 594 1656 ὑπὸ
619 1603 871 1667 ἀπίστοις
891 1602 1106 1672 γονεῦσι
1129 1603 1482 1676 τρεφόμενος,
1512 1605 1610 1671 τῆς
1643 1603 1795 1668 θείας
1817 1601 2057 1657 ἀπέλαυο

369 1703 466 1742 σεν
486 1689 829 1760 ἐπιφανείας.
850 1687 1004 1762 [363]
1037 1689 1257 1762 Ἐπειδὴ
1291 1689 1399 1762 γάρ
1427 1689 1592 1762 μηδὲν
1622 1689 1762 1744 κατὰ
1783 1688 1882 1761 τὴν
1913 1687 2056 1760 πρώ-

365 1793 466 1846 την
487 1777 705 1849 ήλικίαν
737 1779 803 1850 τῇ
828 1777 1007 1852 πλάνῃ
1036 1776 1130 1831 τοῦ
1166 1776 1373 1850 πατρὸς
1401 1777 1890 1849 κατηκολούθησεν,
1919 1775 2054 1830 ἀλλά

367 1863 468 1934 τὴν
501 1865 639 1936 πρὸς
661 1864 724 1918 τὸ
743 1864 899 1918 Θεῖον
923 1863 1224 1936 θεραπείαν
1250 1864 1621 1930 ἐπεδείκνυτο,
1658 1863 1753 1920 καὶ
1790 1867 1887 1936 τῆς
1921 1865 2056 1920 ἀνω-

369 1949 461 2004 θεν
497 1951 808 2023 ὲπισκοπῆς
841 1953 1050 2022 ταχέως
1093 1954 1356 2024 ἐπέτυχεν
1391 1953 1473 2006 ἔτι
1513 1953 1606 2006 ἐπὶ
1635 1957 1734 2025 τῆς
1784 1953 2054 2017 Χαλδαίας

365 2037 462 2091 ὧν·
485 2040 643 2093 τοῦτο
689 2039 800 2112 γὰρ
833 2043 966 2112 ήμίν
1015 2041 1350 2111 σαφέστερον
1407 2041 1681 2095 ἐκτίθεται
1726 2044 1754 2095 ὀ
1783 2043 2052 2113 μακάριος

369 2127 638 2196 Στέφανος
656 2127 800 2182 οὕτω
819 2128 1012 2196 λέγων·
1052 2129 1115 2181 Ὀ
1141 2129 1284 2194 Θεὸς
1313 2129 1424 2197 τῆς
1438 2128 1624 2196 δόξης
1651 2129 1816 2198 ὤφθη
1834 2128 1914 2195 τῷ
1942 2145 2050 2183 πα-

366 2215 454 2281 τρί
481 2213 645 2284 ἡμῶν
676 2215 924 2285 Ἀϐραὰμ
967 2216 1094 2269 ὄντι
1123 2217 1192 2269 ἐν
1222 2214 1298 2284 τῇ
1341 2218 1789 2285 Μεσοποταμίᾳ,
1823 2216 1965 2285 πρὶν
2011 2215 2049 2284 ἢ

364 2294 725 2370 κατοικῆσαι
760 2303 948 2357 αὑτὸν
978 2303 1306 2372 ὲνΧαρῤἁν
1356 2301 1508 2369 Εἶδες
1526 2305 1642 2368 πῶς
1671 2307 1704 2375 ή
1738 2305 1858 2374 ὄψις
1889 2305 2051 2358 αὐτὸν

364 2389 575 2443 ἐκεῖθεν
616 2389 914 2461 ἀνέστησεν
941 2391 1006 2455 b;
1061 2391 1223 2454 Εἰκὸς
1256 2389 1363 2462 γάρ
1397 2391 1478 2444 ὄτι
1527 2391 1666 2462 μετά
1694 2393 1791 2462 τῆς
1814 2392 1942 2463 περὶ
1993 2393 2053 2446 τὸ

364 2476 516 2528 Θεῖον
547 2473 868 2546 θεραπείας,
901 2477 993 2528 καὶ
1024 2475 1123 2548 τὴν
1167 2493 1231 2527 πε
1244 2476 1296 2546 ρὶ
1329 2477 1455 2540 τοὺς
1495 2479 1893 2548 γεγεννηκότας
1918 2478 2051 2532 αἰδῶ

364 2561 838 2630 ἐπιδεικνύμενος,
870 2564 965 2615 καὶ
988 2565 1036 2616 εἰ
1051 2583 1068 2625 ;
1096 2562 1230 2618 πολύ
1258 2563 1478 2634 φίλτρον
1497 2567 1940 2634 ἐπισπασάμενος
1962 2566 2050 2619 τὸν

365 2649 599 2721 πατέρα,
626 2649 789 2714 αὐτὸς
810 2649 958 2720 αὐτῷ
982 2649 1154 2714 αἴτιος
1179 2651 1372 2720 γέγονε
1399 2652 1496 2715 τῆς
1514 2653 1719 2705 ἐκεῖθεν
1744 2651 1941 2717 ἐξόδου·
1959 2653 2051 2707 καὶ

363 2737 450 2789 διά
478 2737 568 2789 τὸν
599 2736 762 2790 πόθον
776 2737 868 2790 τοῦ
892 2737 1082 2801 παιδὸς
1103 2739 1362 2810 ἠνέσχετο
1382 2739 1702 2793 καταλιπεῖν
1728 2741 1823 2808 τὴν
1845 2741 2050 2794 οἰκείαν

363 2819 619 2890 πατρίδα,
649 2821 744 2874 καὶ
764 2821 861 2892 τὴν
899 2821 1186 2893 ἀλλοτρίαν
1211 2823 1452 2894 οἰκῆσαι.
1493 2823 1632 2876 Ἀλλ’
1666 2825 1767 2896 δρα
1792 2842 1880 2896 μοι
1913 2825 2051 2896 μετά

363 2905 670 2974 ἀκριϐείας,
701 2905 818 2971 πῶς
842 2909 937 2960 καὶ
961 2907 1150 2977 αὐτὴή
1187 2907 1340 2976 παρά
1383 2907 1476 2960 τοῦ
1497 2907 1632 2960 Θεοῦ
1665 2910 1934 2980 γενομένη
1962 2909 2052 2962 διὰ

361 2993 460 3060 τὴν
494 2991 870 3062 προλαϐοῦσαν
902 2993 1100 3064 ἀρετὴν
1135 2996 1213 3057 εἰς
1245 2994 1409 3048 αὑτὸν
1441 2994 1730 3064 ἐπίσκεψις
1764 2997 1924 3050 πάλιν
1950 2998 2050 3050 αὐ-

363 3077 453 3131 τοῦ
478 3078 576 3150 τὴν
615 3079 812 3151 ἀρετὴν
839 3082 1309 3152 περιφανεστέραν
1352 3081 1664 3152 ἐργάζεται.
1705 3082 1897 3136 Εἵλετο
1941 3083 2050 3156 γὰρ

365 3167 458 3236 τὴν
483 3165 668 3238 χώραν
701 3167 800 3239 τὴν
836 3168 1107 3240 πατρικὴν
1141 3167 1461 3222 καταλιπεῖν
1496 3169 1590 3221 καὶ
1628 3169 1728 3240 τὴν
1765 3169 2050 3243 ἀλλοτρίαν

360 3254 602 3322 οἰκῆσαι,
653 3254 740 3308 ἵνα
782 3255 842 3308 τὸ
890 3255 1040 3326 παρά
1083 3255 1180 3309 τοῦ
1231 3255 1368 3309 Θεοῦ
1405 3256 1746 3328 προσταχθὲν
1773 3257 1850 3321 είς
1890 3257 2050 3330 ἔργον

361 3343 564 3414 ἀγάγῃ·
586 3344 680 3396 καὶ
697 3343 911 3414 ἕτοιμος
939 3339 1028 3414 ἦν,
1046 3344 1122 3406 ώς
1146 3345 1270 3415 ἐμοὶ
1291 3344 1455 3409 δοκεῖ,
1491 3347 1584 3400 καὶ
1603 3347 1729 3402 ἀνευ
1751 3349 1858 3401 τῶν
1882 3365 2048 3418 προσ-

359 3432 608 3498 ηκόντων
642 3432 738 3485 καὶ
789 3430 912 3485 καθ’
961 3433 1154 3486 ἑαυτὸν
1203 3433 1303 3504 τὴν
1346 3433 1658 3506 ἀποδημίαν
1713 3436 2047 3490 στείλασθαι-

359 3518 494 3582 ἀλλ’,
522 3518 660 3590 ὅπερ
686 3519 856 3590 ἔφθην
883 3519 1071 3582 εἰπὼν,
1093 3522 1128 3591 ή
1151 3519 1245 3573 τοῦ
1275 3520 1467 3594 ἀνδρὸς
1495 3521 1684 3595 ἀρετὴ,
1709 3523 1852 3596 καὶή
1883 3523 2050 3596 πολλὴ

360 3605 634 3676 θεραπεία
666 3608 700 3677 ή
749 3608 876 3677 περὶ
907 3609 1031 3670 τούς
1076 3606 1336 3672 τεκόντας
1371 3609 1750 3682 συνοδοιπόρον
1800 3611 2050 3680 γενέσθαι

362 3694 570 3745 καὶτὸν
607 3693 819 3760 πατέρα
851 3692 1286 3764 παρεσκεύασεν.

432 3777 567 3834 Εἶτα
585 3779 771 3852 ἐπειδὴ
810 3779 907 3852 τὴν
933 3781 1158 3852 Χαρράν
1179 3779 1500 3848 κατέλαϐον,
1538 3784 1656 3837 ἐκεῖ
1677 3783 1774 3856 τὴν
1801 3787 2005 3857 σκηνὴν
2025 3801 2046 3827 ε

361 3869 656 3941 ἐπήξαντο.
690 3869 800 3922 Καὶ
833 3867 1256 3940 τελευτήσαντος
1299 3868 1394 3922 τοῦ
1424 3867 1615 3942 Θάρρα
1645 3871 1821 3941 (τοῦτο
1846 3873 1954 3946 γάρ
1983 3871 2050 3946 ἦν

360 3958 532 4026 ὄνομα
570 3955 650 4026 τῷ
685 3955 893 4027 πατρὶ),
933 3954 1097 4008 πάλιν
1151 3955 1548 4028 προστάττεται
1594 3957 1746 4030 παρά
1788 3958 1882 4012 τοῦ
1914 3961 2048 4014 Θεοῦ

357 4043 596 4108 ἐξελθεῖν
633 4041 864 4097 ἐκεῖθεν.
900 4043 1150 4108 Ἔξελθε
1177 4046 1306 4116 γὰρ,
1341 4045 1528 4114 φησὶν,
1567 4044 1639 4099 ἐκ
1666 4045 1776 4116 τῆς
1801 4047 1914 4117 τῆς
1931 4067 2048 4103 σου

359 4133 457 4184 καὶ
479 4133 546 4184 ἐκ
570 4131 682 4200 τῆς
699 4131 1064 4201 συγγενείας
1089 4146 1226 4196 σου,
1253 4133 1353 4186 καὶ
1379 4131 1558 4202 δεῦρο
1572 4137 1660 4201 εἰς
1677 4135 1792 4204 τὴν
1813 4135 1949 4206 γῆν,
1970 4135 2050 4205 ῆν

358 4222 435 4272 ἄν
458 4236 558 4273 σοι
579 4219 776 4283 δείξω.
819 4219 1040 4290 Ἐπειδὴ
1073 4219 1184 4291 γὰρ
1219 4220 1360 4292 μετά
1386 4221 1570 4292 πάσης
1620 4222 1724 4293 τῆς
1749 4225 1926 4288 οἰκίας
1969 4227 2049 4288 εἰς

357 4311 454 4376 τὴν
479 4307 705 4379 Χαρράν
738 4307 1096 4378 μετέστησαν,
1125 4307 1213 4361 διὰ
1245 4307 1404 4362 τοῦτο
1431 4308 1665 4362 ἐνταῦθα
1698 4312 2047 4380 προστάττων

355 4393 505 4464 αὐτῷ
525 4393 761 4459 ἐξελθεῖν
788 4393 1150 4464 προσέθηκεν,
1183 4395 1280 4449 Ἐκ
1309 4394 1418 4464 τῆς
1439 4395 1554 4465 γῆς
1569 4412 1686 4450 σου
1715 4399 1811 4451 καὶ
1839 4398 1910 4453 ἐκ
1939 4397 2048 4466 τῆς

354 4479 715 4552 συγγενείας
737 4493 876 4544 σου,
901 4480 1078 4552 δηλῶν
1102 4480 1368 4551 αὐτῷ,ὃτι
1393 4483 1558 4535 αὑτὸν
1585 4484 1742 4554 μόνον
1767 4485 1888 4539 καθ’
1923 4488 2049 4540 ἐαυ-

355 4571 446 4625 τὸν
477 4567 731 4642 βούλεται
770 4567 871 4640 τὴν
893 4567 1204 4638 ἀποδημίαν
1244 4569 1598 4640 ποιήσασθαι,
1643 4573 1738 4626 καὶ
1779 4574 1916 4644 μήτε
1954 4575 2048 4628 τὸν

355 4655 606 4728 ἀδελφὸν,
657 4655 753 4710 τὸν
803 4654 1009 4726 Ναχώρ
1057 4655 1224 4725 λέγω,
1259 4657 1399 4728 μήτε
1425 4657 1612 4729 ἕτερόν
1639 4676 1758 4712 τινα
1789 4661 2048 4733 ἐπισύρε-

356 4740 501 4794 σθαι.
548 4741 644 4794 Ἐκ
663 4739 764 4806 τῆς
793 4737 898 4809 γῆς
925 4756 1015 4792 σου
1049 4739 1104 4793 δὲ
1137 4738 1343 4808 ἔλεγεν,
1375 4741 1566 4812 ἐπειδὴ
1600 4741 1791 4814 χρόνον
1819 4745 1919 4798 οὐκ
1937 4744 2047 4797 ὀλί-

354 4837 449 4890 γον
485 4824 604 4876 ἐκεῖ
620 4823 963 4894 οἰκήσαντες,
997 4823 1070 4887 ώς
1089 4824 1146 4878 ἐν
1182 4824 1291 4896 ἰδίᾳ.
1317 4824 1502 4878 λοιπὸν
1526 4825 1746 4897 πατρίδι
1773 4826 1870 4900 τήν
1897 4829 2049 4900 οἰκη-

355 4923 441 4962 σιν
463 4907 747 4962 ἐποιοῦντο
783 4910 842 4961 ἐν
873 4909 1032 4980 αὐτῇ.
1069 4909 1264 4964 Καίτοι
1297 4908 1392 4964 τοῦ
1447 4910 1676 4975 πένθους
1708 4911 1816 4965 τῶν
1848 4912 2047 4967 ἑαυτοῦ

351 4991 558 5046 νονέων
587 4992 930 5064 ἀκμάζοντος
960 4993 1076 5059 ἐτι,
1132 4994 1226 5048 καὶ
1261 4993 1463 5066 πολλῆς
1509 4994 1677 5069 οὑσης
1702 4997 1825 5051 τότε
1851 4997 2044 5070 δυσχε-

359 5073 512 5142 ρείας
539 5091 598 5128 τε
655 5076 751 5129 καὶ
781 5076 996 5140 ἀνοδίας
1050 5076 1192 5131 κατά
1245 5078 1342 5142 τὰς
1380 5079 1713 5151 ἀποδημίας,
1749 5079 1869 5134 ἀλλ’
1896 5082 2048 5154 ὅμως

359 5161 498 5230 μετά
531 5164 714 5235 πάσης
745 5165 1058 5236 προθυμίας
1081 5166 1143 5219 τὸ
1163 5167 1442 5238 ἐπίταγμα
1467 5168 1527 5222 τὸ
1545 5168 1697 5241 παρά
1731 5169 1826 5224 τοῦ
1840 5171 2048 5226 Asand-

355 5263 448 5302 του
480 5250 633 5322 ἤνυε,
683 5252 780 5307 καὶ
807 5253 982 5308 ταῦτα
1015 5254 1113 5306 οὐκ
1141 5253 1316 5322 εἰδὼς,
1346 5255 1480 5310 ὅπου
1513 5257 1770 5330 στήσεται
1797 5259 1948 5332 αὑτῷ
1980 5261 2052 5316 τά

359 5337 455 5406 τῆς
486 5338 714 5410 πλάνης.
736 5339 919 5408 Δεῖφο
939 5341 1070 5412 γάρ,
1103 5343 1287 5412 φησὶν,
1311 5343 1414 5397 οὐκ
1448 5345 1526 5408 εἰς
1555 5344 1713 5418 τήνδε
1732 5345 1830 5420 τήν
1855 5348 1983 5418 γῆν,
2015 5347 2048 5420 ἢ
2088 5374 2120 5390 υ

356 5426 536 5496 τήνδε,
557 5427 669 5481 ἀλλ’
694 5430 774 5492 εἰς
799 5431 908 5487 Ἢν
929 5431 1008 5484 ἅν
1033 5449 1135 5486 σοι
1160 5431 1356 5497 δείξω.
1388 5435 1497 5488 Καὶ
1517 5435 1667 5506 ὅμως
1697 5436 1868 5502 οὑτως
1896 5437 2050 5504 δντος

357 5514 609 5587 ἀορίστου
658 5517 753 5571 τοῦ
785 5519 1183 5590 ἐπιτάγματος,
1243 5523 1396 5576 οὐδὲν
1445 5523 1944 5598 περιεργαζόμενος
1988 5526 2050 5581 τὸ

360 5607 699 5680 προσταχθὲν
725 5611 803 5676 εἰς
831 5610 990 5684 ἔργον
1023 5613 1218 5684 ἤγαγε
1250 5615 1342 5669 καὶ
1367 5613 1458 5667 τὸν
1488 5615 1802 5685 ἀδελφιδοῦν
1829 5617 1887 5671 δὲ
1911 5618 2050 5691 ἐπήι-

421 5734 447 5764 ⁸
470 5734 622 5799 Savil.
646 5732 1206 5799 cnnjjciljtapqépevog.
1275 5737 1300 5772 ι’
1339 5737 1645 5799 Ἀνέστησεν,
1678 5741 1745 5790 ad
1779 5739 1920 5792 sedes
1940 5753 2048 5792 mo-

357 5797 534 5842 vcmlus
557 5793 826 5854 compulit:
849 5793 956 5842 Im:
978 5793 1069 5844 νοτ
1097 5799 1329 5856 lrequens
1353 5806 1430 5846 οςι
1472 5793 1559 5848 illi)
1583 5793 1690 5852 uéu.
1761 5806 1781 5832 τ
1811 5803 1961 5851 Savil.
1994 5812 2048 5854 el

357 5863 576 5922 ψηιιτιιιο
601 5869 718 5922 n_Iss_
744 5857 828 5911 τήν
855 5856 1044 5912 οἴκησιν
1068 5857 1310 5913 ἐπήξαντο.
1341 5859 1514 5908 Morel.
1552 5865 1637 5922 τὴν
1663 5865 1842 5922 σκηνήν
1873 5864 2004 5922 ἐπήξ,
2030 5885 2041 5913 ε

359 5925 508 5975 atque
530 5919 597 5964 ita
624 5919 738 5978 ίυείι
769 5926 849 5964 ml-
875 5930 1030 5976 zprvs.

1159 351 1216 407 S.
1259 349 1544 408 ΙΟΑΝΝΙδ
1583 344 2050 404 ϐίίὶιῗδΟδῘυΜ

2171 345 2441 402 HCHIEP.
2483 343 3034 402 CONSTASTINOP.
3727 352 3829 405 εει

2168 483 2312 536 γετο,
2338 465 2434 519 καὶ
2461 465 2550 519 διὰ
2578 463 2770 517 τούτου
2797 461 2896 533 τὴν
2919 459 3127 514 οἰκείαν
3148 459 3348 531 ἀρετὴν
3372 459 3604 526 δεικνύς.
3623 464 3832 540 Ἐπειίὴ

2165 553 2274 625 γάρ
2303 554 2424 608 νέον
2445 553 2608 607 αὐτὸν
2624 549 3060 624 προσλαϐόμενος
3087 548 3228 602 κατά
3249 548 3444 620 μικρὸν
3471 550 3710 624 μιμητὴν
3738 571 3831 608 κα-

2167 641 2463 706 τεσκεύαζε
2486 642 2583 712 τῆς
2599 639 2804 701 οἰκείας
2838 637 3058 709 ἀρετῆς,
3090 637 3189 690 οὑκ
3217 636 3478 709 ἠνέσχετο
3528 639 3714 694 τοῦτον
3739 661 3830 698 κα·

2167 729 2432 794 ταλιπεῖν,
2463 728 2597 782 ἀλλὰ
2625 727 2878 781 κοινωνὸν
2897 725 3060 778 αὐτὸν
3084 725 3357 796 ἐλάμϐανε
3386 728 3484 800 τῆς
3511 729 3831 802 ἀποδημίας,

2167 815 2232 871 Εἰ
2261 817 2370 888 γάρ
2391 819 2420 871 ό
2449 816 2652 888 πατὴρ,
2686 812 2864 886 φηεὶν,
2901 813 3127 876 ἄπιστος
3144 814 3237 878 ὢν,
3259 815 3348 868 διὰ
3373 817 3435 870 το
3457 819 3586 889 περί
3611 820 3710 889 ἐμὲ
3729 820 3834 890 φίλ.

2166 922 2291 978 τρον
2310 905 2408 976 τὴν
2438 905 2614 958 οἰκίαν
2638 903 2736 976 τὴν
2771 902 3046 974 πατρῴαν,
3097 903 3224 956 ἔνθα
3246 905 3542 976 ἐτέχθημεν
3570 907 3660 959 καὶ
3674 909 3834 982 ηὐξή-

2167 993 2360 1064 θημεν,
2385 991 2703 1046 καταλιπεῖν
2737 991 3059 1057 κατεδέξατο
3086 992 3179 1045 καὶ
3202 992 3562 1064 ἀκολουθῆσαί
3590 1011 3700 1064 μοι,
3747 998 3833 1050 καί

2166 1081 2258 1134 ἐπὶ
2287 1081 2384 1152 τῆς
2414 1079 2697 1152 ἀλλοτρίας
2733 1077 2823 1151 [56
2838 1077 2883 1150 ι]
2915 1079 3003 1132 τὸν
3061 1077 3176 1148 βίον
3233 1080 3516 1134 κατέλυσε⁹
3571 1082 3748 1154 πολλῷ
3775 1085 3832 1156 δή

2169 1167 2368 1240 μᾶλλον
2395 1165 2504 1237 ἐγὼ
2529 1168 2664 1238 πρὸς
2686 1167 2776 1220 τὸν
2801 1166 2896 1220 τοῦ
2920 1165 3148 1236 ἀδελφοῦ
3183 1167 3364 1232 παῖδα,
3396 1168 3487 1221 τὸν
3521 1171 3641 1222 νέον
3665 1170 3749 1223 τὸν
3773 1173 3834 1224 ἐκ

2167 1257 2466 1331 προοιμίων
2483 1256 2768 1312 δεικνύντα
2805 1257 2880 1320 ώς
2904 1257 3046 1310 κατά
3069 1257 3264 1328 μικρὸν
3283 1256 3535 1311 ἐπιδώσει
3564 1259 3701 1331 πρὸς
3717 1261 3833 1333 ἅμα

2165 1347 2284 1417 τὴν,
2305 1347 2405 1400 οὐκ
2429 1345 2494 1400 ἂν
2524 1345 2857 1417 ἀνασχοίμην
2885 1345 3120 1399 ἐνταῦθα
3147 1346 3386 1414 ἀφεῖναι.

2240 1433 2305 1504 β’.
2339 1434 2490 1487 Ἐπεὶ
2510 1428 2602 1487 οὐν
2626 1432 2713 1487 διὰ
2734 1434 2948 1486 πάντων
2971 1433 3186 1497 δεικνὺς
3206 1432 3371 1486 αὐτοῦ
3390 1435 3453 1488 τὸ
3467 1435 3734 1504 φιλόθεον,
3747 1439 3834 1492 καὶ

2164 1523 2367 1593 ταύτην
2392 1523 2686 1594 ἐποιήσατο
2709 1521 2807 1594 τὴν
2839 1520 3168 1592 ἀποδημίαν,
3224 1522 3384 1593 ήνίκα
3437 1524 3713 1579 κατέλαϐε
3737 1527 3830 1598 τήν

2165 1610 2546 1681 Παλαιστίνην,
2562 1609 2783 1663 καὶτῶν
2811 1609 2952 1680 ὅρων
2969 1609 3141 1681 ἐπέϐη
3163 1607 3271 1662 τῶν
3287 1610 3631 1676 Χαναναίων,
3659 1612 3832 1682 ὀφθεὶς

2165 1697 2313 1769 αὑτῷ
2338 1700 2366 1751 ό
2390 1698 2522 1762 Θεὸς
2546 1697 2637 1751 καὶ
2667 1695 2938 1768 νευρῶσαι
2960 1695 3124 1749 αὐτοῦ
3161 1695 3482 1768 βουλόμενος
3511 1698 3612 1770 τὴν
3640 1699 3834 1771 προθυ-

2166 1785 2297 1854 μίαν
2323 1785 2415 1837 καὶ
2440 1786 2596 1856 χεῖρα
2624 1782 2828 1856 ὀρέξαι,
2855 1785 2988 1852 φησὶ
3009 1783 3144 1854 πρὸς
3184 1783 3366 1836 αὐτόν’
3414 1782 3498 1850 Τῷ
3546 1785 3834 1856 σπέρματί

2163 1889 2280 1927 σου
2316 1871 2488 1925 δώσω
2520 1871 2632 1939 τὴν
2653 1870 2771 1942 γῆν
2791 1872 3038 1940 ταύτην.
3068 1871 3245 1942 Ὅπερ
3279 1871 3543 1942 ἐπεθύμει
3591 1875 3689 1927 καὶ
3719 1875 3833 1928 ἐπό-

2163 1960 2266 2023 θει,
2296 1961 2502 2014 παίδων
2532 1959 2676 2028 λέγω
2701 1959 2800 2029 τὴν
2832 1958 3100 2028 διαδοχὴν,
3136 1958 3294 2012 τοῦτο
3319 1959 3467 2031 αὐτῷ
3488 1960 3697 2026 εὐθέως
3725 1963 3833 2016 ὑπι-

2164 2053 2422 2119 σχνεῖται,
2467 2047 2702 2120 ἀμοιϐήν
2757 2046 2907 2117 αὐτῷ
2955 2047 3064 2100 τῶν
3119 2046 3386 2100 τοσούτων
3427 2047 3606 2102 πόνων
3647 2049 3830 2115 διδούς.

2175 2136 2392 2207 Ἐπειδὴ
2419 2138 2526 2208 γὰρ
2546 2138 2652 2190 ἀπὸ
2682 2137 2779 2208 τῆς
2809 2135 3024 2204 φύσεως
3053 2136 3414 2207 ἀπεστέρητο,
3461 2137 3552 2191 καὶ
3590 2141 3627 2209 ή
3662 2138 3834 2210 ήλικία

2161 2223 2345 2277 λοιπζν
2362 2224 2726 2296 ἀπαγορεύειν
2765 2223 2966 2286 ἔπειθε,
3010 2227 3076 2295 τῇ
3102 2225 3394 2296 ὑποσχέσει
3423 2225 3731 2296 διανίστησι
3749 2227 3832 2280 τὸν

2160 2312 2422 2384 ἀθλητὴν,
2463 2314 2557 2367 καὶ
2599 2313 3007 2386 προθυμότερον
3053 2313 3460 2384 ἀπεργάζεται,
3506 2315 3603 2367 καὶ
3633 2313 3832 2378 νεάζειν

2161 2401 2321 2455 αὑτὸν
2349 2401 2744 2466 κατασκευάζει
2770 2401 2906 2471 πρὸς
2929 2401 3055 2464 τοὺς
3081 2400 3206 2471 ἑξῆς
3227 2399 3467 2469 ἀγῶνας.
3495 2401 3642 2472 Ὅρα
3669 2401 3834 2454 τοίνυν

2165 2491 2302 2560 μετὰ
2328 2489 2424 2560 τήν
2453 2489 2752 2559 ὑπόσχεσιν
2791 2487 3018 2556 ταύτην,
3052 2488 3245 2558 ἐτέραν
3279 2487 3440 2541 πάλιν
3493 2486 3590 2559 τὴν
3617 2486 3833 2559 ἄθλησιν

2161 2577 2250 2630 τὸν
2283 2577 2492 2630 δίκαιον
2521 2577 2709 2629 τοῦτον
2737 2575 3041 2646 δεχόμενον.
3073 2573 3248 2644 Λιμοῦ
3283 2575 3392 2644 γάρ
3421 2573 3833 2639 καταλαϐόντος,

2161 2664 2252 2716 καὶ
2283 2663 2480 2734 πολλῆς
2519 2662 2682 2733 οὔσης
2705 2663 2802 2732 τῆς
2831 2662 3193 2733 στενοχωρίας
3207 2663 3266 2714 ἐν
3293 2663 3360 2732 τῇ
3388 2662 3698 2733 Χαναναία,
3751 2664 3833 2716 ἐπὶ

2160 2749 2258 2820 τήν
2291 2752 2566 2819 Αἴγυπτον
2613 2751 2858 2803 ἔσπευδε·
2897 2751 2992 2802 καὶ
3031 2747 3189 2817 λιμοῦ
3247 2747 3608 2820 παραμυθίαν
3669 2749 3836 2820 εὑρεῖν

2162 2837 2503 2908 βουλόμενος,
2525 2837 2734 2909 μείζοσι
2766 2835 3082 2906 περιέϐαλεν
3113 2833 3310 2888 ἐαυτὸν
3322 2835 3610 2899 κινδύνοις.
3651 2838 3715 2890 Ἠ
3736 2835 3833 2906 γάρ

2160 2927 2433 2998 εὐμορφία
2449 2927 2547 2996 τῆς
2564 2925 2822 2994 γυναικὺς
2835 2924 2930 2978 καὶ
2951 2924 3012 2976 τὸ
3033 2922 3226 2986 κάλλος
3242 2922 3341 2993 τῆς
3361 2923 3539 2994 Σάρας
3561 2923 3836 2995 μονονουχὶ

2158 3013 2252 3066 τὸν
2273 3014 2499 3067 θάνατον
2511 3011 2656 3081 αὐτῴ
2673 3011 2778 3081 πρὸ
2794 3010 2900 3064 τῶν
2923 3009 3217 3080 ὀφθαλμῶν
3231 3007 3459 3062 ἐδείκνυ.
3480 3008 3572 3062 Διὸ
3597 3012 3698 3064 καὶ
3709 3009 3838 3080 πλη-

2161 3101 2274 3154 σίον
2294 3103 2584 3170 γενόμενος
2602 3101 2700 3170 τῆς
2714 3101 2792 3161 είς
2805 3097 3081 3167 Αἴγυπτον
3101 3095 3328 3159 εἰσόδου,
3345 3096 3481 3167 φησὶ
3495 3097 3635 3168 πρὸς
3656 3096 3834 3168 αὐτὴν.

2159 3188 2448 3243 Γινώσκω
2471 3189 2560 3242 ὅτι
2577 3189 2972 3255 εὐπρόσωπος
2991 3181 3062 3240 εἴ·
3088 3181 3207 3238 οἶδά
3230 3200 3322 3238 σου
3343 3184 3439 3238 τοῦ
3471 3185 3708 3250 κάλλους
3747 3185 3836 3256 τήν

2159 3276 2330 3347 ὥραν,
2372 3277 2466 3330 καὶ
2492 3275 2703 3329 δέδοικα
2729 3275 2839 3328 τῶν
2873 3273 3185 3342 Αἰγυπτίων
3229 3270 3326 3343 τὴν
3358 3271 3680 3328 ἀκολασίαν.
3720 3274 3834 3327 Ἐάν

2159 3361 2252 3419 οὐν
2289 3364 2438 3418 ἴδωσί
2461 3381 2542 3426 σε,
2574 3363 2667 3416 καὶ
2689 3361 2891 3432 γνῶσιν
2913 3362 2994 3415 ὅτι
3017 3361 3275 3434 καθάπερ
3306 3364 3550 3431 γυναῖκα
3594 3363 3834 3434 περιάγω

2162 3470 2243 3515 σε,
2283 3453 2342 3507 σὲ
2367 3452 2464 3523 μὲν
2489 3453 2615 3513 ἴσως
2664 3450 3114 3521 περιποιήσονται
3134 3449 3304 3515 ,ὥστε
3329 3452 3408 3513 είς
3423 3449 3585 3521 ἔργον
3617 3452 3835 3520 ἀγαγεῖν

2158 3543 2256 3613 τῆς
2282 3541 2480 3612 μανίας
2503 3540 2681 3594 αὐτῶν
2713 3540 2804 3592 τὸν
2826 3536 3061 3612 οἶστρον,
3087 3539 3188 3612 ἐμὲ
3217 3539 3274 3593 δὲ
3298 3538 3714 3604 ἀποκτενοῦσιν,
3757 3539 3834 3593 ίνσ.

2163 3629 2300 3701 μετά
2343 3628 2525 3691 ἀδείας
2579 3628 2766 3690 αὐτοῖς
2792 3626 2886 3697 ἐξῇ
2931 3627 3033 3698 τὴν
3083 3626 3433 3699 παρανομίαν
3483 3627 3831 3698 ἐργάσασθαι,

2159 3719 2260 3770 οὐκ
2289 3716 2440 3780 ὕντος
2461 3715 2554 3768 τοῦ
2578 3715 2678 3786 τὴν
2703 3715 2949 3786 μοιχείαν
2991 3714 3300 3786 κατάδηλον
3322 3717 3496 3768 ποιεῖν
3521 3715 3830 3787 δυναμένου.

2154 3804 2303 3859 Εἰπὲ
2331 3800 2446 3858 οὖν
2473 3803 2562 3856 ὅτι
2592 3803 2856 3872 ἀδελφός
2874 3817 2992 3856 σου
3015 3803 3154 3872 είμί.
3174 3803 3316 3876 Ὅρα
3346 3804 3722 3876 ἀδαμαντίνην
3741 3803 3834 3874 ψυ-

2159 3892 2282 3966 χὴν,
2313 3893 2415 3965 ὅρα
2433 3891 2658 3962 γνώμην
2686 3891 2906 3962 σιδήρου
2925 3891 3313 3963 στερροτέραν
3327 3891 3449 3946 οὐδὲ
3475 3891 3586 3963 γὰρ
3603 3893 3834 3964 παρεσά-

2160 3980 2350 4034 λευσεν
2369 3978 2535 4032 αὑτοῦ
2589 3977 2678 4031 τὸν
2707 3977 2970 4047 λογισμὸν
3003 3979 3037 4048 ή
3092 3977 3516 4050 προσδοκωμένη
3564 3979 3831 4049 συμφορά,

2158 4067 2281 4122 οὐδὲ
2313 4067 2614 4138 ἐνενόησεν,
2670 4065 2790 4119 οὐδέ
2840 4061 2962 4118 εἷπε
3010 4065 3146 4136 πρὸς
3191 4066 3406 4120 ἑαυτόν·
3441 4065 3531 4120 διὰ
3561 4067 3723 4120 τοῦτο
3744 4065 3833 4136 τὴν

2158 4155 2368 4209 οἰκείαν
2395 4151 2711 4208 καταλιπὼν
2755 4153 3018 4224 πατρίδα,
3035 4153 3133 4206 καί¹
3148 4153 3417 4224 τοσαύτην
3439 4153 3832 4225 ἐπιδειξάμενος

2161 4241 2404 4312 ὑπακοὴν
2432 4236 2596 4312 ἦλθον
2618 4243 2698 4304 εἰς
2721 4239 2817 4312 τήν
2848 4239 3158 4312 ἀλλοτρίαν,
3179 4240 3266 4296 ίνα
3289 4240 3502 4304 τούτοις
3527 4239 3834 4312 περιϐληθῶ

2157 4335 2268 4394 τοῖς
2286 4332 2503 4394 κακοῖςς
2531 4329 2606 4384 Οὐ
2631 4329 2737 4400 πρὸ
2761 4328 2962 4399 μικροῦ
2989 4329 3258 4401 ὑπέσχετό
3291 4346 3402 4401 μοι,
3436 4331 3518 4384 ὅτι
3558 4327 3643 4395 Τῷ
3658 4329 3831 4396 σπέρ-

2151 4419 2296 4489 ματι
2331 4434 2450 4472 σου
2479 4416 2654 4471 δώσω
2701 4417 2816 4485 τὴν
2846 4415 2961 4488 γῆν
2986 4418 3249 4485 ταύτηνς
3294 4417 3425 4472 Ἰδοὺ
3455 4419 3551 4471 καὶ
3594 4416 3830 4488 μοιχείας

2157 4508 2254 4560 καὶ
2278 4506 2510 4560 θανάτου
2545 4505 2710 4574 φόϐος
2739 4505 3019 4559 κατασείει
3038 4504 3199 4576 ήμῶν
3223 4505 3325 4577 τὴν
3353 4504 3554 4577 ψυχήν.
3591 4505 3730 4557 Ἀλλ’
3757 4505 3833 4556 οὐι-

2155 4594 2246 4649 δέν
2269 4593 2474 4648 τούτων
2492 4593 2614 4647 οὑδὲ
2639 4594 2696 4647 ἐν
2728 4593 2940 4666 διανοίᾳ
2962 4592 3149 4648 λαϐεῖν
3178 4592 3522 4661 κατεδέξατο·
3569 4591 3684 4646 ἀλλ’
3723 4591 3831 4652 ἐνὸς

2156 4682 2367 4754 γίνεται
2397 4681 2582 4754 μόνου,
2602 4679 2722 4743 πῶς
2749 4681 2949 4753 δυνηθῇ
2971 4695 3031 4735 το
3057 4683 3292 4754 πονηρὸν
3319 4681 3479 4736 τοῦτο
3505 4683 3690 4752 δρᾶμα
3705 4683 3829 4734 ὑπο-

2158 4769 2506 4843 κρινάμενος.
2537 4767 2646 4821 τῶν
2671 4767 2765 4822 δύο
2803 4769 3006 4822 τούτων
3043 4769 3302 4825 κινδύνων
3345 4768 3709 4838 ἐπικειμένων
3749 4766 3831 4818 τὸν

2157 4859 2254 4914 Eva
2273 4857 2406 4928 γοῦν
2427 4859 2709 4926 ἐκφυγεῖν.

2189 4965 2200 4976 ν
2229 4947 2340 5000 Καὶ
2359 4945 2549 5017 ἐπειδὴ
2577 4946 2672 4999 καὶ
2693 4942 2853 5006 αὐτὸς
2881 4941 2950 4996 τά
2984 4943 3113 5014 παρ’
3139 4941 3336 4997 ἑαυτοῦ
3376 4941 3664 5014 εἰσήνεγκε
3701 4934 3829 5011 μετὰ

2157 5033 2410 5107 ἀνδρείας
2433 5032 2530 5104 τὴν
2556 5031 2866 5104 συμϐουλὴν
2893 5029 3284 5101 ποιησάμενος,
3307 5031 3402 5084 καὶ
3419 5030 3453 5100 ή
3483 5027 3618 5100 γυνή
3639 5025 3829 5096 πολλὴν

2155 5121 2256 5194 τὴν
2279 5123 2408 5195 περὶ
2434 5121 2528 5176 τὸν
2558 5120 2728 5192 ἀνδρα
2776 5118 3160 5189 φιλοστοργίαν
3202 5118 3299 5172 καὶ
3343 5116 3590 5188 ὑπακοὴν
3636 5115 3830 5168 ἐπιδειο

2157 5211 2400 5283 κννμένη
2421 5209 2752 5280 συνέπραξε,
2769 5208 2866 5262 καὶ
2894 5209 3009 5272 τοῖς
3037 5205 3254 5272 δόξασιν
3286 5205 3686 5276 ὑπηρετήσατο·
3741 5200 3830 5255 καὶ

2158 5299 2348 5372 ἐπειδὴ
2370 5298 2441 5353 τά
2462 5299 2593 5368 παρ’
2621 5297 2832 5350 ἑαυτῶν
2862 5296 3304 5368 ἀπήρτισαν,καὶ
3332 5297 3457 5349 ὅσον
3478 5293 3614 5348 κατὰ
3633 5291 3830 5363 ἀνθρω-

2160 5389 2323 5458 πίνην
2351 5385 2671 5442 ἀκολουθίαν
2692 5386 3032 5454 ἀπέγνωστο,
3071 5383 3168 5438 καὶ
3222 5385 3302 5447 εἰς
3350 5383 3512 5455 ἔργον
3549 5380 3829 5450 ἐκϐεεήκει

2162 5477 2346 5548 σχεδὸν
2384 5477 2451 5530 τὰ
2482 5475 2584 5544 τῆς
2615 5473 2983 5545 παρανομίας,
3003 5472 3126 5526 τότε
3155 5470 3325 5543 πολλὴ
3357 5470 3484 5542 περὶ
3503 5468 3661 5523 αὑτὸν
3682 5470 3716 5537 ή
3740 5465 3829 5519 τοῦ

2159 5566 2294 5618 Θεοῦ
2309 5563 2586 5617 δείκνυται
2606 5561 2852 5633 πρόνοια.
2875 5561 2952 5614 Οὺ
2978 5559 3138 5632 μόνον
3157 5558 3266 5630 γὰρ
3285 5559 3383 5630 τὴν
3410 5559 3637 5626 γυναῖκα
3658 5555 3688 5607 ὀ
3703 5552 3828 5614 Θεὸς

2153 5654 2258 5724 τῆς
2291 5649 2506 5724 ὑόρεως
2539 5651 2815 5722 ἐξήρπασε
2842 5647 2990 5720 [565]
3031 5647 3122 5702 διὰ
3153 5647 3255 5718 τῆς
3275 5645 3719 5716 ἀγανακτήσεως,
3765 5641 3827 5709 ἣν

2162 5742 2306 5798 κατά
2321 5742 2416 5796 τοῦ
2435 5742 2699 5814 βασιλέως
2719 5741 2815 5794 καὶ
2835 5740 3037 5802 παντὸς
3055 5739 3150 5792 τοῦ
3169 5739 3320 5792 οἴκου
3335 5736 3502 5792 αὐτοῦ
3521 5736 3821 5804 ἐποιήσατο,

2165 5832 2299 5888 ἀλλά
2317 5832 2413 5885 καὶ
2447 5831 2541 5885 τὴν
2586 5830 2934 5900 πατριάρχην
2977 5827 3115 5896 μετά
3139 5825 3335 5896 πολλῆς
3359 5826 3459 5894 τῆς
3481 5822 3826 5894 περιφανείας

2159 5921 2266 5977 ἀπὺ
2284 5921 2378 5985 τίς
2405 5920 2682 5981 Αἰγύπτου
2733 5919 2822 5972 ἐπὶ
2851 5917 2950 5980 τὴν
2979 5915 3340 5980 Παλαιστίνην
3380 5911 3684 5968 ἐπανελθεῖν
3731 5925 3820 5962 πε-
