4060 6418
401 497 514 538 rem
548 484 764 551 habere,
788 498 965 554 operte
993 484 1222 555 pretium
1262 483 1418 540 fuerit
1446 487 1600 555 paulo
1628 487 1786 542 altius
1812 488 1988 545 brevi-

404 583 483 626 ter
515 572 662 626 vobis
690 587 777 627 res
813 573 931 643 ejus
956 589 1260 640 recensere,
1294 583 1350 629 ut
1375 576 1557 631 sciatis
1587 579 1840 632 eximiam
1867 578 1996 647 justi

401 661 581 727 fidem,
615 678 773 732 quam
808 665 947 718 circa
981 666 1360 733 promissiones
1397 667 1603 721 divinas
1640 669 1892 735 ostendit,
1943 679 1995 726 et

403 752 617 823 benigni
705 755 793 810 Dei
843 756 1218 811 retributiones
1270 757 1489 827 largiter
1538 759 1638 828 ipsi
1692 774 1993 815 concessas.

398 844 607 899 Sufficit
655 848 795 900 enim
842 864 978 903 unus
1026 848 1112 903 ille
1155 849 1352 919 justus,
1399 860 1457 904 ut
1493 866 1680 907 omnes
1711 868 1807 906 nos
1867 869 1994 909 eru-

402 935 534 999 diat,
568 951 673 1004 quo
723 937 970 992 alacriter
1020 939 1394 1009 aggrediamur
1423 940 1632 994 virtutis
1678 943 1991 1009 certamina,

398 1028 729 1083 confidentes
779 1030 1029 1099 supernis
1068 1032 1608 1094 remunerationibus,
1666 1043 1720 1087 et
1767 1034 1996 1090 scientes

401 1117 763 1173 misericordis
806 1120 1012 1173 Domini
1044 1122 1210 1175 nostri
1238 1121 1632 1189 liberalitatem,
1672 1125 1850 1178 eumia
1876 1141 1995 1194 qua:

399 1205 531 1262 dura
562 1219 616 1263 et
658 1210 823 1265 ardua
854 1212 905 1265 in
937 1211 1036 1266 bac
1066 1214 1172 1267 vita
1218 1214 1487 1281 videntur,
1542 1231 1639 1285 spe
1686 1232 1995 1272 remunera-

360 1334 373 1371 η
402 1303 604 1356 tionem
631 1303 859 1360 libenter
884 1307 1253 1377 suscipiamus.
1288 1310 1560 1366 Attendite
1588 1312 1788 1381 itaque,
1839 1314 1995 1375 obse-

372 1406 513 1472 ‘cro,
546 1396 814 1463 quomodo
839 1398 908 1451 ab
935 1399 1104 1464 initio,
1137 1409 1415 1472 postquam
1438 1403 1621 1460 indole
1645 1421 1739 1460 sua
1765 1415 1819 1461 et
1840 1406 1994 1461 insita

397 1495 606 1539 natune
636 1500 834 1542 nostra:
862 1491 1082 1546 scientia
1113 1493 1248 1547 bene
1277 1510 1407 1549 usus
1432 1504 1534 1563 est,
1568 1498 1771 1553 nullum
1813 1508 1992 1554 exter-

399 1591 525 1629 num
555 1579 774 1632 sortitus
805 1580 1101 1650 doctorem,
1129 1586 1222 1639 sed
1247 1595 1303 1641 et
1332 1587 1398 1640 ab
1422 1588 1728 1645 infidelibus
1758 1592 1993 1660 parenti-

399 1668 500 1723 bus
547 1669 821 1733 educatus.
852 1673 1029 1728 divina
1062 1678 1396 1745 apparitione
1448 1681 1647 1749 potitus
1699 1690 1801 1736 est.
1859 1682 1991 1737 Nam

398 1760 520 1828 quia
546 1761 711 1830 prima
738 1773 894 1818 :rtate
916 1780 1019 1819 non
1043 1778 1295 1837 sequutus
1320 1781 1402 1823 est
1428 1786 1664 1825 errorem
1688 1783 1990 1841 paternum,

399 1849 494 1903 sed
524 1851 772 1919 pietatem
822 1870 945 1924 erga
1001 1872 1195 1910 numen
1249 1858 1505 1925 exhibuit,
1542 1861 1658 1915 ideo
1704 1875 1989 1931 supernam

397 1940 755 1997 visitationem
786 1946 963 1998 statim
992 1946 1238 2013 obtinuit,
1285 1964 1405 2004 Cum
1447 1951 1618 2006 adhuc
1656 1952 1706 2006 in
1743 1952 1990 2019 Cbaldtea

394 2041 576 2087 esset:
610 2042 664 2087 et
694 2034 793 2089 hoc
819 2037 970 2091 nobis
993 2037 1178 2095 beatus
1203 2039 1504 2110 Stephanus
1531 2044 1763 2112 exponit
1813 2045 1986 2098 mani-

396 2124 582 2178 festius
625 2126 703 2181 sic
731 2128 954 2186 dicens:
988 2129 1126 2184 Deus
1165 2132 1341 2201 gloriw
1370 2134 1502 2187 risus
1530 2146 1602 2188 est
1640 2136 1773 2205 patri
1820 2146 1989 2189 nostro

399 2216 676 2283 Abraham,
700 2237 812 2272 rum
839 2222 1007 2276 adhuc
1045 2235 1168 2277 esset
1200 2226 1249 2277 in
1275 2225 1660 2294 Mesopotamia,
1696 2228 1988 2299 priusquam

399 2310 643 2365 habitaret
663 2313 712 2365 in
744 2314 974 2368 Chai-ron
1005 2316 1136 2386 (Act.
1170 2319 1217 2370 7.
1244 2319 1322 2385 2).
1363 2318 1547 2373 Vidisti
1581 2322 1846 2389 quomodo
1865 2337 1987 2377 cum

397 2400 520 2454 inde
546 2402 678 2457 visio
722 2407 1016 2460 anmverit?
1068 2408 1364 2464 Verisimile
1416 2413 1555 2465 eiiim
1591 2419 1674 2465 est
1698 2427 1819 2466 cum
1866 2428 1985 2468 cum

396 2494 577 2548 sedula
598 2496 649 2549 in
679 2497 844 2551 Deum
875 2500 1089 2567 pietate,
1124 2503 1431 2569 parentibus
1468 2519 1677 2575 quoque
1739 2521 1990 2561 reveren-

365 2619 372 2627 -
397 2584 522 2638 tiam
551 2588 855 2644 exhibuisse
884 2608 897 2643 :
929 2600 1075 2645 tanto
1096 2609 1179 2660 jue
1209 2608 1393 2648 amore
1420 2605 1629 2663 patrem
1676 2596 1774 2650 sibi
1803 2598 1988 2651 conci-

398 2675 628 2741 liaviSse,
653 2688 709 2732 ut
737 2679 859 2735 inde
888 2681 953 2734 ad
985 2682 1387 2751 relinquendam
1410 2700 1593 2740 amore
1638 2686 1728 2739 lilii
1762 2687 1984 2757 patriam

395 2780 568 2833 suam,
598 2780 651 2822 et
680 2770 745 2823 ad
778 2770 1120 2826 habitandum
1146 2775 1371 2829 alienam
1415 2786 1591 2830 motus
1615 2778 1700 2832 sit.
1751 2781 1821 2832 At
1869 2780 1988 2833 dili-

396 2869 582 2926 genter
617 2860 758 2924 vide.
782 2862 1025 2930 obsecro,
1048 2866 1314 2934 quomodo
1341 2875 1393 2919 et
1418 2867 1532 2920 ha-c
1557 2884 1673 2937 qme
1695 2883 1721 2919 a
1753 2868 1860 2923 Deo
1888 2868 1987 2923 fuit

397 2946 470 3001 ob
496 2949 726 3016 priorem
752 2952 999 3007 virtutem
1029 2957 1145 3019 ejus
1189 2954 1438 3019 vi~itatio,
1474 2958 1660 3010 iterum
1702 2958 1983 3014 clariorem

394 3038 511 3108 ejus
536 3041 781 3096 virtutem
810 3044 1115 3099 reddiderit.
1152 3046 1324 3115 Elegit
1342 3048 1484 3101 enim
1512 3057 1783 3117 paternam
1813 3049 1987 3119 regio-

396 3146 518 3184 nem
567 3134 868 3203 relinquere
914 3136 1210 3191 etal‘euam
1240 3138 1556 3206 inhabitare,
1583 3150 1636 3193 ut
1662 3150 1983 3211 praeceptum

401 3221 494 3276 Dei
516 3226 817 3291 perliceret,
848 3236 899 3280 et
938 3240 1152 3297 paratus
1179 3239 1292 3283 erat
1313 3231 1471 3285 etiam
1492 3231 1692 3301 absque
1719 3235 1979 3304 cognatis,

395 3324 455 3369 ut
495 3318 621 3371 mihi
671 3319 898 3387 videtur,
933 3325 1410 3392 peregrinationem
1441 3326 1884 3395 susciperczsed.
1929 3336 1987 3382 ut

392 3407 524 3475 dixi,
558 3410 653 3464 \iri
686 3413 855 3466 virtus
880 3421 933 3466 et
956 3415 1176 3484 indgnis
1198 3431 1321 3485 erga
1369 3428 1616 3485 parentes
1664 3419 1855 3488 pietas,
1900 3420 1981 3473 ef-

395 3499 521 3554 fecit
552 3513 604 3555 ut
640 3512 793 3572 pater
815 3518 995 3558 comes
1027 3507 1177 3562 fieret
1203 3509 1430 3566 itineris.
1950 3580 1951 3583 η

466 3592 659 3646 lterum
706 3596 1041 3653 obedientiam
1107 3599 1382 3657 Λευ-Μιαηεὶ
1426 3612 1682 3674 experitur
1725 3605 1881 3660 Deus.
1914 3637 1985 3647 —

394 3686 594 3742 Deinde
623 3705 743 3743 cum
772 3694 1142 3762 perveni>sent
1170 3695 1220 3748 in
1252 3686 1512 3759 Chai-run,
1538 3698 1641 3752 illic
1667 3699 1983 3754 tabernacu-

392 3775 498 3830 lum
532 3777 780 3834 fixerunt.
813 3781 877 3835 Et
906 3794 1185 3854 postquam
1215 3797 1385 3841 morte
1415 3788 1628 3843 functus
1658 3800 1741 3844 est
1776 3789 1977 3844 Tharra

390 3871 517 3941 (hoc
541 3873 683 3927 enim
712 3876 847 3943 patri
876 3878 990 3944 ejus
1020 3893 1212 3935 nomen
1240 3884 1400 3943 erat),
1435 3882 1624 3936 iterum
1657 3892 1983 3953 praeocptum

388 3972 471 4017 est
500 3964 548 4018 ei
578 3980 606 4017 a
635 3967 744 4021 Deo
783 3978 837 4022 ut
865 3962 1038 4024 exiret
1086 3970 1227 4025 inde.
1266 3972 1519 4042 Egredere
1553 3975 1695 4028 enim
1724 4017 1737 4035 ,
1768 3975 1936 4044 inquit
1966 4016 1983 4042 ,

388 4055 600 4111 deterra
617 4067 703 4111 tua
722 4068 769 4112 et
798 4060 863 4112 de
880 4062 1175 4131 cognatione
1197 4074 1303 4129 tua,
1336 4073 1381 4116 et
1410 4065 1521 4117 veni
1544 4065 1597 4117 in
1624 4074 1809 4118 terram
1834 4082 1987 4135 quam

387 4159 732 4203 mansti-avaro
763 4150 850 4204 tibi
880 4150 1045 4222 (Gen.
1074 4152 1159 4206 12.
1187 4154 1211 4208 1
1239 4151 1281 4224 ).
1313 4154 1442 4208 Nam
1474 4156 1595 4224 quia
1619 4170 1741 4210 cum
1773 4157 1986 4211 univer-

387 4256 448 4295 sa
478 4243 672 4297 familia
697 4256 751 4299 et
782 4245 942 4300 domo
970 4247 1022 4300 in
1043 4243 1278 4302 Charran
1298 4249 1672 4318 migraverant,
1704 4263 1983 4320 propterea

390 4332 536 4387 illinc
562 4335 832 4404 imperans
871 4338 920 4391 ei
953 4346 1010 4391 nt
1044 4338 1389 4407 egrederetur
1420 4381 1434 4405 ,
1467 4340 1669 4395 addidit
1699 4381 1714 4407 ,
1744 4340 1820 4394 De
1848 4350 1985 4394 terra

393 4434 483 4477 tua
511 4436 556 4478 et
589 4427 653 4481 de
678 4429 980 4498 cognatione
1010 4439 1098 4483 tua
1131 4470 1147 4496 ,
1189 4431 1470 4485 declarans
1492 4447 1549 4486 se
1575 4432 1710 4486 velle
1733 4472 1748 4497 ,
1804 4432 1977 4501 ipsum

389 4516 564 4571 solum
614 4505 1098 4587 peregrinationem
1147 4523 1421 4591 suscipere
1449 4564 1464 4585 ,
1510 4538 1682 4593 neque
1721 4526 1938 4579 fratrem
1964 4564 1979 4588 ,

386 4607 603 4663 Nacbor
626 4610 748 4665 dico
766 4651 780 4673 .
807 4627 981 4682 neque
1007 4614 1169 4668 alium
1193 4630 1511 4685 quemquam
1534 4631 1717 4671 secum
1746 4618 1979 4673 trahere.

388 4697 467 4753 De
495 4709 630 4755 terra
652 4711 741 4754 tua
761 4703 973 4758 dicebat
996 4745 1011 4768 ,
1041 4707 1160 4774 quia
1190 4722 1295 4760 non
1321 4722 1483 4776 parvo
1514 4715 1754 4776 tempore
1782 4709 1849 4762 ibi
1882 4708 1975 4762 lia-

384 4792 619 4848 bitarant
647 4835 660 4859 ,
688 4805 743 4850 et
783 4798 932 4867 quasi
974 4797 1026 4852 in
1067 4799 1276 4869 propria
1341 4802 1509 4870 patria
1554 4801 1660 4856 illic
1715 4802 1983 4857 habebant

384 4882 733 4945 domicilium.
762 4888 911 4942 Licet
938 4889 990 4943 in
1018 4890 1259 4960 lngendis
1298 4893 1603 4960 parentibus
1632 4893 1808 4952 adhuc
1834 4905 1980 4949 esset

384 4988 677 5044 ticcupatus
700 5021 715 5042 ,
742 4990 1026 5050 essentque
1052 4981 1392 5039 difficultates
1420 4985 1627 5040 itineris
1657 4988 1836 5041 multa:
1858 5030 1871 5049 ,
1896 4997 1977 5040 ta-

385 5084 509 5121 men
546 5082 869 5139 przccrptmtt
914 5071 1120 5127 Domini
1165 5090 1352 5145 magna
1395 5077 1614 5145 perfecit
1657 5079 1975 5144 alacritate,

385 5160 436 5213 id
462 5177 545 5228 pie
592 5162 842 5232 ignorans
896 5164 1108 5219 ubinam
1156 5162 1360 5220 futurus
1411 5169 1625 5223 errandi
1671 5170 1808 5223 finis.
1856 5169 1979 5224 Veni

384 5252 526 5305 enim
564 5296 578 5318 ,
613 5255 781 5323 inquit
805 5296 819 5318 ,
854 5272 956 5311 non
985 5256 1036 5310 in
1069 5256 1205 5312 hanc
1244 5258 1326 5312 vel
1370 5260 1511 5317 illam
1541 5268 1736 5314 terram
1764 5302 1777 5327 ,
1803 5261 1897 5316 sed
1925 5262 1977 5315 in

380 5360 495 5397 eam
519 5364 668 5414 quam
692 5359 1034 5402 monstravero
1060 5348 1166 5403 tibi.
1203 5350 1559 5405 Nihilominus
1582 5394 1596 5415 ,
1632 5352 1755 5407 licet
1786 5353 1944 5407 indefi

382 5437 554 5491 nilum
582 5448 725 5493 esset
746 5440 1052 5495 mandatum
1075 5443 1271 5498 omissa
1295 5444 1587 5498 curiosiore
1619 5446 1977 5512 percontatio-

378 5546 448 5584 ne
472 5529 789 5598 imperatum
820 5530 1085 5596 faciebat;
1122 5532 1298 5587 fratris
1325 5545 1502 5588 autem
1536 5535 1645 5588 lilio
1674 5546 1971 5605 assumpto,

376 5637 529 5675 Suam
557 5623 683 5677 hinc
709 5623 1095 5679 demonstravit
1116 5626 1385 5680 virtutem.
1406 5626 1537 5692 Quia
1561 5628 1701 5681 enim
1720 5628 1971 5698 juvenem

376 5712 526 5768 illum
564 5726 884 5786 acceperat,
932 5718 1290 5789 paulatimque
1342 5734 1454 5774 sua:
1489 5719 1696 5773 virtutis
1744 5720 1973 5774 imitata.

378 5825 490 5863 rem
522 5810 804 5879 effecerat,
837 5827 949 5867 cun'
987 5812 1288 5882 relinquere
1317 5814 1503 5880 noluit,
1537 5813 1628 5867 sed
1663 5813 1969 5884 peregrina~

1431 370 1494 425 IN
1534 370 1686 427 CAP.
1724 372 1837 428 XV.
1868 374 2107 432 GENES.
2151 376 2377 432 llOiiiL.
2416 376 2652 433 XXXVI.

3589 383 3691 439 33%

2107 492 2265 545 tionis
2295 492 2496 547 socium
2524 495 2748 565 accepit.
2783 496 2942 563 Quasi
2985 496 3227 553 diceret:
3268 497 3325 552 Si
3364 507 3513 568 pater
3543 541 3559 565 ,
3605 501 3693 569 qui

2107 582 2334 638 inﬁdelis
2365 585 2494 648 fuit,
2524 585 2595 639 ob
2619 601 2772 640 suum
2802 586 2854 641 in
2885 603 2971 642 me
2991 603 3228 643 amorem
3260 588 3477 642 domum
3511 600 3692 659 pater-

2105 690 2227 729 nam
2245 717 2260 741 ,
2288 677 2339 729 in
2368 691 2472 745 qua
2494 677 2601 731 nati
2630 691 2817 732 sumus
2838 688 2888 733 et
2911 679 3240 734 adolevimus
3267 722 3281 742 .
3310 681 3611 749 relinquere
3641 690 3693 734 et

2103 781 2191 821 me
2205 767 2449 823 comitari
2471 769 2655 835 voluit,
2673 771 2883 840 vitaque
2912 771 2962 824 in
2993 769 3164 826 aliena
3189 780 3325 825 terra
3354 770 3567 827 functus
3588 781 3689 826 est:

2104 862 2271 915 multo
2321 862 2488 931 magis
2531 876 2630 931 ego
2668 862 2846 917 fratris
2881 862 3047 916 filitnn
3076 904 3090 928 ,
3116 862 3366 934 juvenem
3398 863 3574 917 indole
3597 878 3692 918 sua

2103 952 2442 1021 pollicentem
2471 967 2531 1007 se
2557 953 2810 1023 paulatim
2843 954 2896 1009 in
2929 955 3121 1009 virtute
3150 955 3507 1024 profecturum
3535 996 3550 1019 ,
3585 970 3690 1009 non

2106 1043 2439 1112 permiserim
2468 1043 2556 1099 hic
2581 1045 2830 1115 relinqui.

2171 1137 2228 1192 2.
2254 1136 2386 1203 Quia
2415 1137 2570 1207 igitur
2595 1136 2766 1192 modis
2790 1137 3038 1194 omnibus
3064 1154 3214 1194 suam
3241 1138 3530 1194 ostendens
3561 1138 3693 1192 reli.

2100 1231 2337 1299 gionem,
2367 1231 2525 1285 etiam
2557 1232 2711 1286 istam
2743 1231 3224 1302 peregrinationem
3249 1233 3521 1302 suscepit,
3549 1240 3695 1301 post-

2100 1336 2260 1392 quam
2289 1321 2342 1376 in
2368 1321 2702 1377 Palmstinam
2731 1323 2874 1377 venit
2898 1333 2952 1377 et
2987 1322 3412 1378 Cbananmorum
3442 1323 3577 1377 fines
3607 1322 3689 1375 in-

2103 1413 2258 1468 travit
2291 1454 2307 1480 ,
2356 1414 2600 1483 apparuit
2639 1415 2691 1470 ei
2733 1414 2873 1470 Deus
2900 1454 2919 1482 ,
2962 1415 3147 1469 volens
3196 1414 3312 1483 ejus
3353 1413 3687 1468 alacritatem

2101 1504 2421 1559 conﬁrmare
2444 1513 2502 1558 et
2523 1504 2619 1575 ipsi
2649 1520 2865 1558 manum
2893 1505 3200 1574 porrigere,
3224 1504 3356 1558 dicit
3378 1503 3424 1558 ei
3452 1522 3466 1557 :
3491 1503 3688 1557 Semini

2101 1605 2187 1650 tuo
2209 1596 2339 1650 dabo
2369 1605 2554 1651 terram
2577 1596 2708 1650 hanc
2728 1594 2883 1666 (Gen.
2910 1596 2997 1650 12.
3027 1597 3105 1663 7).
3135 1596 3189 1650 Id
3217 1595 3358 1664 quod
3390 1596 3478 1650 ille
3503 1595 3688 1649 admo—

2099 1688 2229 1745 dum
2273 1688 2526 1759 Optabat,
2569 1704 2632 1744 ac
2668 1687 3042 1754 desiderabat,
3085 1689 3313 1743 filiorum
3346 1702 3539 1759 nempe
3565 1702 3689 1742 suc-

2099 1782 2397 1837 cessionem
2422 1822 2438 1847 ,
2472 1781 2611 1835 istud
2639 1781 2798 1836 etiam
2830 1780 2929 1850 ipsi
2973 1781 3154 1835 statim
3186 1780 3449 1849 promittit
3479 1821 3493 1844 ,
3525 1781 3685 1833 retri-

2100 1873 2272 1928 buens
2301 1873 2461 1928 tantis
2504 1873 2774 1928 laboribus
2804 1871 3126 1927 mercedem.
3157 1872 3420 1939 Quoniam
3452 1871 3594 1924 enim
3622 1885 3688 1926 cx

2097 1975 2282 2019 natura
2316 1964 2479 2033 prolis
2509 1979 2699 2032 expers
2724 1973 2840 2017 erat
2866 2006 2880 2027 ,
2907 1972 2962 2017 et
2988 1972 3116 2017 tetas
3143 1978 3358 2032 quoque
3382 1963 3686 2032 provectior

2097 2071 2164 2109 ne
2210 2055 2309 2108 sibi
2353 2054 2480 2124 qttid
2527 2054 2763 2123 polliceri
2820 2065 2999 2123 posset
3051 2055 3302 2115 vetabat,
3334 2052 3687 2123 promissione

2100 2147 2237 2201 Deus
2265 2147 2456 2201 excitat
2489 2156 2543 2200 et
2572 2147 2727 2215 erigit
2765 2145 3021 2199 athletam
3048 2186 3061 2209 ,
3090 2155 3252 2215 atque
3277 2144 3505 2198 alacrem
3529 2147 3686 2212 juve-

2096 2238 2364 2307 nilemque
2384 2246 2534 2306 parat
2553 2236 2811 2291 adversus
2823 2238 3098 2307 sequentia
3116 2238 3428 2291 certamina.
3452 2236 3682 2290 Proinde

2096 2330 2216 2383 vide
2259 2329 2528 2399 quomodo
2570 2338 2686 2398 post
2732 2327 2865 2381 hanc
2894 2328 3301 2397 promissionem
3342 2328 3516 2396 justus
3544 2326 3686 2380 aliud

2094 2435 2367 2480 certamen
2411 2422 2737 2492 aggreditur.
2804 2420 3166 2475 Inv-alescente
3225 2420 3368 2472 enim
3420 2418 3560 2472 fame
3591 2461 3605 2482 ,
3633 2427 3687 2471 et

2095 2516 2394 2569 Cliauanzea
2426 2512 2709 2567 sterilitate
2733 2521 2789 2565 et
2820 2511 3077 2579 angustiis
3102 2525 3354 2578 oppres+a
3379 2550 3394 2575 ,
3437 2510 3488 2563 in
3515 2509 3685 2579 [Egy-

2096 2617 2241 2675 ptum
2279 2604 2592 2667 contendit;
2637 2604 2742 2656 illic
2778 2602 2930 2655 famis
2968 2602 3351 2672 mitigationcm
3394 2616 3639 2670 qnzrrens
3668 2642 3685 2663 .

2094 2697 2387 2763 majoribus
2417 2709 2536 2749 sese
2564 2695 2813 2762 periculis
2854 2693 3093 2747 involvit.
3129 2692 3322 2747 Uxoris
3341 2694 3483 2747 enim
3514 2710 3681 2747 venu-

2093 2800 2203 2842 stas
2237 2798 2291 2840 et
2317 2785 2653 2854 pulchritudo
2678 2785 2823 2839 Sara:
2856 2795 3079 2837 mortem
3103 2784 3149 2836 ei
3174 2785 3325 2853 quasi
3351 2795 3475 2837 ante
3498 2785 3684 2838 oculos

2097 2881 2264 2950 punit.
2313 2877 2436 2932 Ideo
2464 2891 2585 2931 cum
2610 2876 2717 2946 jam
2759 2877 2809 2928 in
2845 2875 3090 2929 confiniis
3120 2884 3263 2929 esset
3303 2875 3517 2946 Egypti
3553 2917 3566 2937 ,
3596 2876 3683 2928 in-

2091 2984 2374 3041 gressurus
2418 2969 2469 3021 in
2500 2983 2617 3021 eam
2655 2966 2787 3021 dixit
2815 2965 2964 3020 uxori
3001 2984 3013 3019 :
3049 2965 3170 3020 Scio
3196 2966 3330 3035 quod
3357 2970 3578 3035 forumst:
3615 2967 3685 3018 sit

2093 3062 2246 3132 (Gen.
2277 3060 2364 3115 12.
2398 3060 2483 3113 il.
2507 3058 2638 3128 sqq.)
2662 3074 2675 3120 ;
2699 3057 2810 3110 scio
2844 3067 2945 3109 tum
2977 3056 3387 3123 pulchritudinis
3409 3071 3640 3123 spectem
3665 3096 3679 3115 ,

2092 3165 2147 3210 et
2170 3156 2330 3209 timeo
2359 3151 2726 3221 [Egyptiorum
2764 3146 3250 3214 intemperantiam.
3280 3146 3332 3199 Si
3363 3162 3487 3214 ergo
3520 3157 3570 3198 te
3602 3148 3679 3198 vi-

2091 3247 2286 3310 derint,
2310 3253 2365 3301 ct.
2386 3243 2727 3313 cognoverint
2757 3241 2895 3309 quod
2926 3240 2997 3293 uti
3023 3254 3242 3292 uxorem
3275 3249 3324 3293 te
3356 3253 3562 3292 meeum
3588 3237 3684 3291 da-

2092 3353 2207 3392 cam
2244 3354 2257 3389 :
2291 3345 2341 3389 te
2384 3333 2597 3403 quidem
2642 3333 2693 3385 in
2739 3332 2841 3383 vita
2894 3331 3220 3391 servabunt,
3254 3337 3308 3382 ut
3354 3328 3436 3380 sui
3490 3328 3683 3380 furoris

2097 3430 2353 3497 impetum
2382 3441 2546 3494 opere
2568 3423 2909 3492 compleant;
2938 3437 3020 3474 me
3052 3431 3231 3473 autem
3265 3419 3505 3474 occident
3532 3461 3545 3484 ,
3578 3435 3683 3486 quo

2093 3521 2252 3574 liceat
2280 3518 2357 3574 eis
2383 3518 2498 3572 sine
2527 3516 2677 3570 obice
2702 3529 2852 3568 suam
2876 3514 3147 3567 libidinem
3168 3513 3404 3581 explere,
3440 3522 3493 3565 ut
3527 3528 3682 3564 nemo

2093 3612 2163 3666 sit
2190 3610 2280 3680 qui
2306 3608 2625 3663 adulterium
2673 3621 2856 3660 eorum
2899 3605 3107 3674 prodat.
3165 3602 3255 3655 Dic
3284 3603 3437 3671 igitur
3465 3618 3541 3654 me
3569 3606 3681 3673 fra-

2094 3712 2217 3756 trem
2258 3712 2396 3755 tuum
2445 3715 2567 3752 esse.
2615 3697 2750 3752 Vide
2799 3695 3194 3751 adamantinam
3243 3696 3474 3747 animam
3507 3735 3519 3757 ,
3566 3694 3683 3747 vide

2094 3801 2327 3847 mentem
2358 3790 2504 3844 ferro
2533 3789 2877 3843 solidiorem:
2907 3801 3012 3840 non
3053 3786 3282 3841 turbavit
3309 3785 3424 3853 ejus
3451 3794 3683 3838 mentem

2093 3883 2370 3939 calamitas
2399 3924 2413 3946 ,
2444 3895 2604 3951 quam
2653 3878 3033 3948 exspectabat;
3068 3892 3171 3931 non
3205 3877 3471 3945 Cogitabat
3513 3890 3685 3944 neque

2092 3974 2305 4029 dicebat
2326 3974 2462 4026 intra
2489 3971 2836 4038 semetipsum
2867 3988 2875 4019 :
2909 3967 3105 4021 ldeoue
3133 3967 3340 4035 propria
3382 3966 3563 4021 relicta
3595 3983 3686 4034 pa-

2094 4065 2192 4117 tria
2220 4071 2414 4116 tantam
2439 4076 2546 4129 pra:
2579 4076 2663 4113 me
2695 4059 2784 4111 tuli
2812 4056 3177 4111 obedientiam
3210 4099 3227 4117 .
3262 4057 3420 4125 inque
3448 4057 3678 4119 alienam

2093 4157 2210 4212 veni
2235 4166 2427 4210 terram
2462 4196 2477 4219 ,
2510 4165 2564 4206 ut
2593 4151 2740 4206 hisce
2760 4150 2915 4205 malis
2949 4148 3252 4217 implicarer
3279 4150 3301 4202 ?
3329 4148 3518 4203 Nonne
3549 4164 3680 4216 pau-

2095 4250 2145 4303 lo
2171 4257 2324 4302 antea
2353 4244 2596 4317 promisit
2623 4242 2750 4297 mihi
2774 4260 2789 4297 :
2820 4240 3017 4297 Semini
3046 4251 3131 4293 tuo
3157 4239 3291 4293 dabo
3309 4249 3494 4293 terram
3514 4240 3682 4293 tuine!

2095 4345 2171 4398 En
2201 4352 2256 4396 et
2285 4338 2528 4394 adulterii
2550 4349 2602 4392 et
2631 4336 2819 4392 mortis
2844 4335 3002 4389 timor
3031 4343 3265 4389 mentem
3299 4344 3534 4387 nostram
3553 4347 3683 4387 con—

2091 4436 2242 4491 cutit.
2268 4433 2374 4504 Sed
2404 4431 2531 4486 nihil
2562 4431 2752 4484 horum
2782 4428 2867 4483 vel
2889 4429 2939 4481 in
2963 4437 3195 4482 mentem
3225 4426 3469 4495 accipere
3494 4425 3680 4495 digna.

2093 4537 2176 4581 tus
2218 4538 2298 4580 est
2335 4543 2347 4577 :
2383 4540 2542 4577 unum
2587 4522 2634 4576 ei
2678 4520 2956 4576 dumtaxat
3005 4534 3150 4574 cura:
3208 4527 3318 4573 erat
3357 4559 3371 4581 ,
3412 4515 3681 4585 quomodo

2094 4618 2343 4672 miseram
2375 4614 2513 4668 hanc
2548 4611 2779 4667 fabulam
2819 4610 2889 4665 ita
2917 4617 3099 4679 ageret
3127 4650 3142 4674 ,
3174 4606 3383 4662 duobus
3408 4606 3532 4659 hinc
3562 4605 3681 4658 inde

2093 4710 2342 4780 periculis
2383 4706 2734 4777 urgentibus,
2769 4714 2823 4758 ut
2869 4702 2949 4757 vel
3002 4716 3163 4755 unum
3214 4699 3402 4753 saltem
3442 4697 3678 4766 effugere

2090 4810 2292 4873 posset.

2164 4891 2415 4946 Mirabilis
2442 4889 2539 4944 Dei
2566 4887 2878 4958 providentia
2901 4886 3037 4939 circa
3070 4884 3432 4938 Abraltamnm.
3463 4881 3541 4936 0b
3570 4898 3672 4934 mo-

2087 4985 2297 5039 destiam
2310 4981 2559 5050 beneﬁciis
2573 4980 2779 5050 afficitur
2806 4976 3384 5045 Abrahamtm—lgitur
3399 4983 3674 5044 postquam

2089 5077 2203 5145 ipse
2249 5090 2366 5143 qua:
2391 5086 2487 5128 sua
2514 5080 2667 5125 erant
2693 5071 2869 5124 attulit
2908 5111 2923 5137 ,
2971 5068 3194 5122 consilio
3234 5068 3480 5122 videlicet
3519 5078 3677 5143 utens

2086 5178 2140 5223 ct
2167 5168 2326 5222 animi
2361 5164 2670 5219 fortitudine
2694 5180 2707 5216 :
2738 5163 2929 5217 mulier
2957 5176 3168 5231 quoque
3197 5161 3521 5229 singularem
3550 5174 3676 5227 erga

2088 5262 2258 5315 virum
2289 5257 2624 5316 affectionem
2662 5262 2715 5309 et
2759 5253 3117 5308 obedientiam
3150 5251 3429 5306 declarans
3469 5266 3669 5335 coope-

2088 5362 2197 5408 rata
2229 5360 2309 5406 est
2333 5392 2348 5412 .
2388 5358 2442 5403 et
2471 5350 2533 5403 iis
2552 5363 2676 5418 qua:
2709 5346 2921 5401 decreta
2967 5343 3175 5399 fuerant
3203 5345 3554 5398 ministravit:
3588 5346 3672 5398 ubi

2085 5446 2241 5516 igitur
2268 5441 2408 5512 quod
2435 5457 2588 5516 suum
2618 5448 2733 5494 erat
2763 5437 3096 5506 perfecerunt
3133 5479 3146 5501 ,
3177 5453 3408 5506 etunque
3448 5438 3556 5506 jam
3589 5454 3675 5490 se.-

2082 5512 2313 5590 cimdutn
2380 5512 2666 5587 humanum
2725 5545 2926 5585 morem
2991 5528 3368 5597 desperaretnr
3414 5570 3428 5591 ,
3468 5537 3519 5583 et
3559 5526 3673 5582 fere

2081 5643 2245 5697 opere
2288 5626 2549 5695 completa
2611 5623 2797 5677 fuisset
2844 5620 3214 5690 Egyptiorum
3262 5620 3492 5681 malitia,
3546 5627 3669 5672 tunc

2082 5735 2273 5789 magna
2302 5718 2394 5773 Dei
2421 5717 2472 5771 in
2498 5732 2621 5771 etuti
2668 5713 3000 5785 providentia
3049 5711 3319 5767 declarata
3351 5720 3452 5764 est.
3485 5709 3667 5761 Mulie-

2084 5828 2193 5867 rem
2222 5811 2363 5866 cnim
2395 5810 2533 5864 Deus
2578 5824 2680 5863 nun
2726 5808 2898 5861 solum
2928 5822 2954 5859 a
2985 5804 3305 5860 contumelia
3332 5802 3544 5870 eripuit,
3576 5798 3657 5851 in-
