4060 6418
345 427 450 483 557

355 625 652 695 μυστήριόν
681 640 730 677 τι
755 625 1069 694 προεμήνυε
1088 641 1103 655 ο
1148 624 1214 675 δι’
1246 622 1274 676 ὃ
1312 624 1406 676 καὶ
1437 624 1776 695 προσήκατο,
1806 623 1899 676 καὶ
1928 628 2024 675 λα-

352 708 461 764 ϐὼν
487 712 734 775 κάκεῖνος
777 711 863 763 διὰ
913 711 1014 780 τῆς
1045 710 1174 781 παρ’
1206 709 1400 764 ἑαυτοῦ
1427 710 1663 781 ἀμοιϐῆς
1685 710 1786 779 τῆς
1813 709 2024 774 οἰκείας

349 797 549 869 ἀρετῆς
573 799 819 851 ἐδίδασκε
845 798 905 851 τὸ
939 797 1189 867 μέγεθος.
1223 797 1465 868 Δεκάτην
1492 797 1600 868 γὰρ
1623 796 1770 866 αὐτῷ
1797 797 2020 862 δέδωκε,

348 887 441 939 τὸν
473 885 717 954 φιλόθεον
748 886 914 939 αὐτοῦ
958 886 1162 939 σκοπὸν
1209 883 1505 937 κάντεῦθεν
1542 882 1841 954 ἐμφαίνων.
1868 894 2024 953 ἰαχα

350 976 428 1035 εἰς
460 973 596 1027 πολύ
639 973 813 1042 μῆκος
845 975 979 1043 ἡμῖν
1012 975 1041 1025 ό
1086 973 1246 1040 λόγος
1290 970 1514 1041 ἐξετάθη
1534 1009 1549 1033 ,
1599 969 1713 1023 ἀλλ’
1747 970 1811 1022 οὐ
1848 970 2024 1041 μάτην

348 1058 468 1110 οὐδὲ
500 1057 644 1126 εἰκῆ.
666 1058 954 1127 Ἐγνωμεν
984 1056 1083 1127 μέν
1108 1055 1217 1126 γὰρ
1253 1067 1277 1094 ι
1309 1055 1395 1107 διὰ
1418 1053 1666 1124 βραχέων
1687 1053 1787 1124 τὴν
1814 1053 2021 1107 ἀνωθεν

350 1146 444 1197 καὶ
492 1144 552 1210 ἐξ
589 1145 766 1215 ἀρχῆς
812 1144 976 1214 μέχρι
1025 1142 1136 1195 τῶν
1182 1143 1422 1213 σήμερον
1468 1141 1847 1212 προκειμένων
1887 1144 2022 1212 ἡμῖν

351 1231 446 1284 τοῦ
468 1231 677 1285 δικαίου
710 1232 809 1302 την
837 1230 1107 1303 ἀνδρείαν,
1134 1230 1232 1300 τὴν
1263 1228 1692 1300 μεγαλοψυχίαν,
1717 1227 1817 1299 τὴν
1843 1227 2025 1282 πίστιν

349 1318 447 1389 τὴν
480 1318 945 1384 ὑπερϐάλλουσαν,
971 1316 1070 1388 τὴν
1106 1317 1395 1385 φιλόσοφον
1421 1315 1678 1386 γνώμην,
1709 1316 1809 1389 τῆς
1830 1333 2023 1370 ταπει-

350 1408 687 1479 νοφροσύνης
726 1408 787 1461 τὸ
819 1405 1080 1479 μέγεθος,
1123 1406 1221 1476 τῆς
1246 1405 1354 1458 τῶν
1386 1406 1686 1476 χρημάτων
1720 1404 2023 1478 ὑπεροψίας

346 1495 445 1565 τὴν
474 1494 803 1566 ὑπερϐολὴν,
830 1497 929 1564 τῆς
964 1492 1117 1564 παρὰ
1175 1491 1271 1546 τοῦ
1300 1491 1437 1546 Θεοῦ
1486 1493 1569 1556 είς
1606 1492 1769 1545 αὐτὸν
1810 1492 2023 1556 εὐνοίας

350 1583 445 1653 τὴν
484 1581 712 1654 διηνεκῆ
748 1581 1006 1652 πρόνοιαν
1026 1598 1039 1612 ·
1070 1580 1165 1634 καὶ
1197 1582 1349 1643 ὅπως
1399 1578 1487 1633 διά
1536 1581 1756 1633 πάντων
1787 1596 2025 1651 περιφα-

347 1671 597 1741 νέστερον
641 1669 735 1722 καὶ
768 1668 1148 1740 λαμπρότερον
1178 1666 1391 1720 ἐδείκνυ
1450 1667 1541 1719 τὸν
1578 1667 1788 1721 δίκαιον
1830 1669 1865 1739 η
1902 1665 2023 1720 καθ’

347 1757 579 1809 ἕκαστον
608 1756 802 1828 καιρὸν
831 1756 912 1819 είς
955 1755 1117 1808 αὐτὸν
1158 1753 1444 1824 ἀντίληψις
1473 1754 1753 1824 γινομένη.
1801 1754 1942 1808 Ἀλλ’
1974 1757 2023 1809 εί

349 1842 605 1913 βούλεσθε
651 1844 745 1897 καὶ
776 1843 851 1914 μὴ
882 1843 1225 1912 ἀπεκάμετε,
1260 1840 1529 1911 ἁψώμεθα
1563 1842 1655 1894 καὶ
1695 1840 1806 1895 τῶν
1854 1841 2024 1913 πρόσ-

349 1948 518 1999 φατον
542 1930 993 2002 ἀνεγνωσμένων,
1034 1929 1131 1983 καὶ
1180 1928 1337 1996 ὀλίγα
1378 1929 1706 2000 προσθέντες
1741 1928 2024 1983 καταπαύ-

350 2035 532 2088 σωμεν
573 2017 663 2070 τὸν
702 2014 902 2085 λόγον,
952 2018 1039 2071 ἴνα
1089 2016 1298 2088 μάθητε
1347 2018 1522 2086 πόσης
1564 2017 1729 2071 πάλιν
1774 2017 2022 2085 ἀξιοῦται

346 2106 581 2176 ἀμοιϐῆς
608 2105 697 2158 διὰ
732 2106 792 2159 τὸ
822 2106 1101 2178 ὑπεριδεῖν
1126 2103 1238 2157 τῶν
1264 2103 1417 2175 παρὰ
1441 2103 1536 2158 τοῦ
1576 2104 1841 2173 βασιλέως
1875 2105 2024 2158 Σοδό-

351 2211 467 2263 μων
494 2192 641 2262 αὐτῷ
670 2192 991 2263 δεδομένων.
1014 2192 1078 2245 Τί
1101 2192 1210 2261 γάρ
1233 2208 1395 2262 φησι;
1425 2195 1586 2245 Μετὰ
1606 2192 1674 2244 δὲ
1700 2192 1771 2245 τὰ
1781 2191 2026 2260 ῥήματα

348 2281 534 2335 ταῦτα
588 2280 842 2351 ἐγενήθη
884 2280 1049 2350 ῥῆμα
1104 2282 1328 2349 Κυρίου
1383 2279 1535 2349 πρὸς
1576 2282 1812 2348 Ἅϐραμ.
1867 2280 2022 2345 Τίνος

347 2368 533 2422 ἐνεκεν
554 2368 727 2431 οὕτως
756 2368 981 2439 ἦρξατο.
1001 2368 1166 2422 Μετά
1193 2367 1260 2421 δὲ
1282 2368 1354 2421 τὰ
1374 2368 1614 2437 ῥήματα
1646 2367 1867 2432 ταῦταε
1894 2371 2024 2419 ποῖα

348 2457 591 2526 ῥήματα,
619 2456 742 2509 εἰπέ
776 2472 896 2523 μοι;
928 2456 962 2527 ἢ
992 2456 1152 2525 δῆλον
1179 2456 1263 2509 ὃτι
1306 2456 1451 2526 άπερ
1496 2455 1633 2525 πρὸς
1671 2454 1761 2507 τὸν
1801 2453 2026 2523 βασιλέα

346 2542 457 2597 τῶν
507 2542 758 2614 Σοδόμων
800 2543 1128 2613 ἐποιήσατο;
1159 2541 1317 2596 Μετὰ
1344 2542 1442 2614 τὴν
1472 2542 1796 2611 ὑπεροψίαν,
1836 2542 2023 2612 φησὶν,

350 2630 588 2700 ἐκείνην,
626 2629 764 2699 μετά
795 2629 854 2683 τὸ
884 2628 1281 2683 ἀποσείσασθαι
1305 2628 1371 2682 τά
1400 2628 1531 2699 παρ’
1560 2627 1726 2681 αὐτοῦ
1752 2628 2021 2698 διδόμενα,

352 2713 492 2784 μετά
519 2716 619 2787 τὴν
647 2716 1022 2779 διδασκαλίαν,
1067 2716 1134 2786 ἢν
1164 2714 1251 2769 διὰ
1280 2715 1379 2784 τῆς
1407 2713 1518 2767 τῶν
1548 2714 1847 2784 δεδομένων
1875 2713 2025 2784 αὐτῷ

350 2807 738 2876 παραιτήσεως
766 2805 1088 2875 ἐποιήσατο,
1122 2803 1259 2874 πρὸς
1303 2800 1614 2855 θεοσέϐειαν
1641 2802 1802 2855 αὐτὸν
1841 2818 2025 2872 χειρα-

348 2892 548 2960 γωγῶν
589 2893 684 2945 καὶ
728 2891 1025 2961 ἐπίγνωσιν
1055 2890 1147 2945 τοῦ
1177 2890 1287 2945 τῶν
1313 2891 1452 2944 ὅλων
1479 2888 1833 2961 δημιουργοῦ,
1863 2888 2026 2943 Μετὰ

350 2981 422 3034 δὲ
451 2984 523 3035 τὰ
542 2979 784 3049 ῥήματα
808 2979 1019 3046 ταῦτα,
1050 2978 1188 3049 μετά
1222 2978 1283 3032 τὸ
1310 2977 1409 3047 τὴν
1444 2977 1676 3048 δεκάτην
1706 2975 1785 3046 τῷ
1816 2976 2021 3046 Μελχι-

350 3068 511 3123 σεδέκ
559 3069 883 3139 παρασχεῖν,
931 3067 1043 3133 ὅτε,
1097 3067 1284 3137 φησὶν,
1323 3065 1540 3119 ἅπαντα
1568 3065 1637 3117 τὰ
1662 3064 1792 3135 παρ’
1831 3062 2023 3117 ἑαυτοῦ

348 3155 659 3226 ἐπλήρωσε,
688 3155 809 3207 τότε
839 3153 999 3207 Μετὰ
1024 3151 1097 3207 τὰ
1117 3152 1357 3221 ῥήματα
1382 3153 1568 3206 ταῦτα
1591 3150 1844 3219 ἐγενήθη
1858 3149 2026 3220 ῥῆμα

350 3244 573 3311 Κυρίου
602 3244 750 3311 πρὸς
778 3244 994 3311 Ἀϐραμ
1030 3241 1213 3311 λέγον
1244 3242 1314 3294 ἑν
1350 3240 1594 3310 ὁράματι
1631 3238 1743 3307 τῆς
1766 3240 1987 3305 νυκτός
2007 3253 2020 3267 ·

348 3332 446 3399 Μὴ
477 3329 687 3400 φοϐοῦ,
716 3331 953 3398 Ἀϐραμ,
990 3328 1105 3397 ἐγὼ
1134 3327 1511 3396 ὑπερασπίζω
1544 3342 1661 3380 σου
1686 3342 1700 3354 ο
1745 3330 1776 3380 ὀ
1803 3328 2023 3395 μισθός

348 3434 467 3473 σου
498 3417 694 3484 πολὺς
716 3417 890 3471 ἔσται
915 3415 1172 3484 σφόδρα.

419 3505 636 3578 δ⁹.”ορα
664 3503 1078 3576 φιλανθρωπίαν
1098 3502 1390 3566 Δεσπότου,
1414 3500 1530 3564 πῶς
1552 3500 1755 3563 εὐθέως
1778 3517 2022 3571 παρεικο-

348 3593 535 3649 λουθεῖ
574 3597 694 3657 ταῖς
740 3593 1085 3665 εὐεργεσίαις
1132 3592 1516 3663 ἀμειϐόμενος,
1548 3590 1644 3643 καὶ
1691 3589 1784 3642 τὸν
1830 3588 2022 3642 ἑαυτοῦ

352 3683 504 3758 [568]
537 3682 774 3754 ἀθλητὴν
812 3681 1050 3751 ἀλείφων
1087 3680 1179 3733 καὶ
1210 3679 1402 3749 νεαρὸν
1440 3676 1827 3749 ἐργαζόμενος.
1874 3677 2026 3744 Ἐγε-

351 3772 507 3842 νήθη
522 3769 691 3839 ῥῆμα
724 3768 947 3838 Κυρίου
973 3767 1043 3821 ὲν
1065 3766 1315 3836 δράματι
1342 3763 1449 3831 τῆς
1477 3764 1719 3829 νυκτός.
1757 3762 1857 3816 Διά
1879 3762 1932 3816 τί
1966 3764 2025 3816 ἐν

348 3858 543 3923 νυκτί;
583 3858 698 3909 ’Ὶνα
750 3854 869 3925 μεθ’
908 3853 1140 3925 ἡσυχίας
1185 3852 1402 3922 δέξηται
1450 3851 1518 3904 τά
1573 3851 1860 3922 λεγόμενα.
1916 3850 2026 3903 Καί

354 3961 489 4014 φησι
522 3943 660 4015 πρὸς
689 3941 873 4005 αὐτόν,
909 3940 1011 4010 Μὴ.
1032 3939 1218 4010 φοϐοῦ
1240 3981 1253 4006 ,
1283 3941 1517 4007 Ἀϐραμ.
1558 3937 1757 3990 Σκόπει
1788 3937 2025 4007 κηδεμο-

364 4033 473 4096 δίας
504 4031 831 4103 ὑπερϐολήν.
862 4029 1018 4093 Τίνος
1047 4029 1233 4082 ἕνεκεν
1264 4026 1439 4095 ἔλεγε,
1473 4026 1563 4097 Μὴ
1592 4022 2026 4095 φοϐοῦ;Ὲπειδη

352 4118 608 4173 τοσούτου
640 4118 870 4172 πλούτου
898 4116 1329 4187 κατεφρόνησεν,
1353 4114 1572 4167 ἔλαττον
1597 4113 1891 4182 φροντίσας
1918 4111 2027 4164 τῶν

354 4206 507 4278 παρά
539 4205 633 4260 τοῦ
672 4204 941 4276 βασιλέως
968 4203 1281 4274 διδομένων,
1313 4202 1448 4270 φησὶ
1470 4199 1608 4271 πρὸς
1642 4200 1803 4253 αὐτὸν
1823 4198 2024 4263 ὁΘεὺς,

357 4292 433 4363 μὴ
487 4291 753 4363 φοϐηθῇς,
810 4292 893 4343 ὅτι
942 4289 1227 4360 ὑπερεῖδες
1279 4286 1547 4340 τοσούτων
1593 4284 1833 4355 δωρεῶν,
1890 4284 2027 4355 μηδὲ

354 4380 669 4453 ἀγωνιάσῃς
719 4380 795 4442 ὡς
844 4378 1240 4449 ἐλαττουμένης
1279 4393 1361 4429 σοι
1407 4376 1507 4446 τῆς
1549 4374 1883 4446 περιουσίας.
1928 4371 2026 4442 Μὴ

354 4465 565 4537 φοϐοῦ.
609 4463 742 4519 Εἶτα
791 4465 882 4519 ἵνα
928 4465 1169 4535 διεγείρη
1223 4463 1422 4534 μᾶλλον
1463 4460 1626 4516 αὐτοῦ
1678 4461 1778 4532 τὴν
1826 4461 2025 4531 ψυχὴν,

355 4553 682 4627 προστίθησι
710 4551 789 4624 τῷ
823 4552 1030 4623 ῥήματι
1057 4552 1150 4604 καὶ
1178 4551 1276 4623 τὴν
1311 4549 1703 4622 προσηγορίαν,
1728 4547 1822 4602 καί
1853 4565 1985 4619 φησι
2010 4564 2023 4577 ·

353 4641 452 4711 Μὴ
479 4640 689 4713 φοϐοῦ,
713 4641 951 4709 Ἀϐραμ.
991 4638 1070 4691 Οὐ
1105 4638 1298 4709 μικρὸν
1324 4636 1436 4709 γάρ
1462 4636 1558 4691 καὶ
1584 4633 1743 4688 τοῦτο
1765 4634 2029 4706 τυγχάνει

354 4728 493 4800 πρὸς
539 4728 599 4781 τὸ
640 4726 1023 4797 διαναστῆσαι,
1064 4724 1126 4778 τὸ
1168 4723 1267 4795 τὴν
1309 4721 1682 4797 προσηγορίαν
1729 4721 1902 4773 εἰπεῖν
1933 4718 2029 4774 τοῦ

356 4815 691 4887 καλουμένου
710 4830 723 4845 ·
795 4810 919 4891 εἶτά
989 4829 1153 4883 φησιν
1170 4852 1193 4876 ,,
1256 4808 1406 4880 Ἐγὼ
1462 4807 1815 4878 ὑπερασπιῶ
1888 4822 2028 4861 σου.

356 4905 566 4977 Πολλὴν
599 4903 711 4975 ἔχει
738 4903 835 4958 καὶ⁹
865 4902 1003 4973 αῦτη
1036 4903 1069 4973 ὴ
1102 4901 1248 4965 λέξις
1281 4901 1379 4971 τὴν
1410 4897 1669 4970 ἔμφασιν.
1704 4894 1845 4964 Ἐγὼ
1869 4898 1898 4948 ό
1921 4893 2030 4948 ἀπὸ

354 4998 464 5052 τῶν
483 4995 766 5051 Χαλδαίων
788 5012 848 5047 σε
880 4993 1213 5062 ἀναστήσας,
1243 4989 1355 5059 ἐγὼ
1379 4990 1409 5045 ό
1431 4985 1666 5044 ἐνταῦθά
1698 5001 1757 5038 σε
1782 4985 2027 5054 ἀγαγὼν,

357 5084 468 5155 ἐγὼ
497 5087 526 5140 ό
558 5083 665 5138 τῶν
698 5082 960 5136 κινδύνων
988 5080 1098 5134 τῶν
1137 5080 1197 5132 ἐν
1224 5076 1485 5149 Αἰγύπτῳ
1507 5075 1900 5146 ἐλευθερώσας,
1920 5071 2030 5141 ἐγὼ

356 5175 387 5227 ό
426 5168 696 5237 καῖ’ἀπαξ
721 5171 815 5225 καὶ
844 5169 1095 5239 δεύτερον
1130 5165 1499 5236 ὑποσχόμενός
1529 5180 1611 5219 σοι
1640 5160 1836 5232 καὶτῷ
1866 5161 2030 5232 σπέρ-

362 5261 492 5333 ματί
520 5277 614 5313 σου
643 5259 837 5313 δώσειν
859 5257 959 5328 τὴν
988 5256 1091 5325 γῆν
1121 5253 1349 5324 ταύτην,
1380 5250 1493 5322 ἐγώ
1523 5268 1617 5305 σου
1648 5249 2027 5322 ὑπερασπίζω·

362 5347 472 5417 ἐγὼ
522 5349 550 5401 ὁ
604 5346 725 5401 καθ’
784 5346 1021 5415 ἑκάστην
1074 5342 1289 5414 ἡμέραν
1347 5339 1809 5413 περιφανέστερον
1866 5338 2030 5389 πᾶσιν

360 5432 682 5496 ἀποδεικνύς
714 5449 795 5494 σε,
828 5431 940 5501 ἐγὼ
966 5428 1326 5502 ὑπερασπίζω
1361 5444 1454 5479 σου
1474 5442 1489 5455 ·
1546 5425 1690 5479 τοῦτ’
1720 5423 1887 5485 ἐστιν,
1921 5421 2033 5492 ἐγὼ

362 5519 862 5593 ὑπεραγωνίζομαι,
905 5518 1016 5587 ἐγὼ
1068 5516 1387 5589 ὑπέρμαχος
1420 5514 1660 5584 γίνομαι,
1708 5510 1819 5579 ἐγὼ
1869 5527 2033 5581 φρον-

362 5610 517 5675 τίζω,
565 5606 676 5676 ἐγὼ
722 5608 900 5661 πάντα
940 5606 1011 5659 τά
1057 5605 1294 5676 δυσχερῆ
1341 5600 1540 5655 εὐκολά
1588 5617 1669 5653 σοι
1716 5598 2030 5669 καθίστημι,

364 5698 474 5767 ἐγὼ
512 5693 871 5767 ὑπερασπίξω
919 5709 1035 5747 σου.
1094 5694 1150 5745 '0
1200 5691 1417 5761 μισθός
1456 5704 1573 5742 σου
1626 5686 1821 5752 πολὺς
1866 5686 2033 5740 ἔσται

435 5845 451 5863 ⁸
473 5843 631 5895 Savil.
667 5838 803 5890 addit
844 5839 1077 5893 δηλῶσαι.
1102 5838 1221 5888 Cum
1243 5834 1410 5885 Monlf.
1439 5835 1683 5884 consentit
1709 5833 1858 5886 Cois].
1894 5832 2030 5882 Ευιτ.

1147 421 1204 473 S.
1242 420 1530 476 .IOANNIS
1565 418 2049 475 CIIRYSOSTOMI
2092 418 2409 477 ARCHIU’.
2452 416 2998 475 CONSTANTINOP.

351 537 422 591 τά
444 537 701 607 γινόμενα
728 535 818 589 τοῦ
845 536 1099 607 Χριστοῦ,
1120 537 1218 589 καὶ
1247 536 1386 590 αὐτὰ
1408 535 1462 589 δέ
1491 536 1559 589 τὰ
1590 535 2020 607 προσενεχθέντα
2062 599 2073 605 ,

3685 419 3781 476 558

2123 537 2375 607 σφόδρα.
2420 536 2533 589 Οὐκ
2576 534 2882 604 ἠϐουλήθης
2928 530 3117 605 μισθὸν
3147 531 3334 586 λαϐεῖν
3373 534 3514 606 ὑπὲρ
3546 534 3654 587 τῶν
3687 552 3782 588 κα-

2126 626 2333 696 μάτων,
2369 619 2445 679 ὦν
2474 625 2771 693 ὑπέμεινας
2796 621 3069 685 τοσούτοις
3095 621 3360 686 κινδύινις
3390 622 3584 675 ἐαυτὸν
3618 640 3780 693 παρα⁶

2123 711 2321 776 ϐαλὼν,
2349 711 2462 765 ἀλλ’
2500 710 2779 781 ὑπερεῖδες
2812 710 2905 761 καὶ
2949 707 3043 761 τοῦ
3078 707 3367 779 βασιλέως,
3397 709 3490 761 καὶ
3522 707 3631 762 τῶν
3660 710 3781 777 παρ’

2123 802 2289 857 αὐτοῦ
2324 818 2404 854 σοι
2434 801 2752 871 δεδομένων.
2795 798 2937 866 Ἐγὼ
2964 815 3045 851 σοι
3077 796 3298 867 παρέξοι
3344 796 3434 849 τὸν
3475 797 3689 867 μισθὸν,
3727 799 3782 850 οὑ

2122 890 2375 944 τοσοῦτον
2403 890 2527 943 ὅσον
2569 888 2868 959 λαμϐάνειν
2896 883 3142 956 ἔμελλες,
3175 883 3309 937 ἀλλὰ
3343 885 3511 937 πολὺν
3545 886 3641 937 καὶ
3666 884 3786 954 σφό-

2120 976 2221 1048 δρα
2253 977 2452 1030 πολύν·
2513 978 2568 1029 '0
2602 977 2822 1045 μισθός
2863 988 2980 1027 σου
3015 971 3145 1042 γὰρ,
3191 972 3357 1042 φησὶ,
3388 971 3582 1038 πολὺς
3627 972 3785 1025 ἔσται

2122 1064 2378 1133 σφόδρα.
2438 1060 2591 1127 Εἶδες
2636 1054 2947 1131 φιλοτιμίαν
2990 1059 3298 1125 Δεσπότου;
3338 1054 3476 1122 εἶδες
3530 1059 3786 1130 ῥημάτων

2123 1152 2323 1221 δγκον;
2376 1146 2515 1214 εἶδες
2549 1150 2668 1213 πῶς
2699 1148 3017 1219 διανέστησε
3050 1148 3141 1200 τὸν
3173 1147 3274 1216 τῆς
3317 1146 3604 1210 εὐσεϐείας
3640 1145 3788 1216 ἀθλησ

2121 1241 2256 1312 τήνς
2287 1237 2428 1304 εἶδες
2462 1241 2579 1304 πῶς
2602 1239 2767 1293 αὑτοῦ
2799 1238 2895 1310 την
2921 1237 3100 1309 ψυχὴν
3130 1235 3467 1308 ἐνεύρωσεν;
3499 1238 3562 1291 '0
3594 1239 3702 1308 γὰρ
3725 1238 3787 1292 τά

2123 1328 2414 1400 ἀπόρρητα
2447 1328 2546 1398 τῆς
2571 1326 2808 1391 διανοίας
2835 1325 3197 1395 ἐπιστάμενος
3225 1324 3343 1395 ᾔδει
3383 1325 3465 1376 δτι
3511 1323 3741 1396 ἔχρῃζεν
3760 1327 3786 1379 ό

2122 1415 2330 1479 δίκαιος
2369 1414 2471 1483 τῆς
2499 1413 2608 1468 ἀπὸ
2634 1412 2742 1466 τῶν
2776 1412 3038 1483 ῥημάτων
3082 1411 3480 1482 παρακλήσεως
3501 1428 3516 1442 ο
3548 1413 3651 1482 δρα
3687 1411 3788 1482 γὰρ

2121 1502 2175 1555 τί
2203 1518 2388 1570 φησιν,
2437 1500 2623 1567 ἐπειδὴ
2659 1500 2969 1571 παρρησίαν
3027 1498 3189 1551 ἔλαϐε
3227 1498 3315 1552 διὰ
3349 1497 3459 1550 τῶν
3512 1498 3787 1570 ῥημάτων.

2118 1584 2263 1641 Εἷπε
2300 1587 2368 1640 δὲ
2387 1589 2633 1657 Ἄϐραμο
2674 1585 2948 1640 Δέσποτα
2963 1586 3015 1648 ’³,
3058 1585 3117 1638 τί
3153 1602 3253 1654 μοι
3285 1584 3500 1651 δώσεις
3521 1602 3542 1651 ;
3575 1584 3689 1654 ὲτὼ
3728 1584 3790 1639 δὲ

2121 1677 2459 1744 ἀπολύομαι
2486 1674 2753 1739 ἄτεκνος.
2773 1672 2991 1743 Ἐπειδὴ
3014 1672 3203 1743 μισθὸν
3231 1671 3379 1742 αὐτῷ
3409 1671 3788 1740 ἐπηγγείλατο.

2122 1760 2217 1811 καὶ¹
2246 1759 2413 1811 πολὺν
2472 1756 2661 1828 μισθὸν
2691 1757 2787 1809 καὶ
2819 1755 3025 1828 σφόδρα
3059 1754 3247 1816 πολὺν,
3293 1754 3577 1825 ἐμφαίνων
3608 1751 3788 1806 ἐαυτοῦ

2119 1847 2223 1917 τῆς
2271 1846 2449 1917 ψυχῆς
2481 1846 2579 1917 τὴν
2608 1846 2819 1917 ὀδύνην,
2854 1845 2948 1897 καὶ
2989 1843 3090 1915 τὴν
3132 1846 3189 1897 ἐν
3229 1843 3468 1914 διηνεκεῖ
3501 1842 3583 1913 τῷ
3625 1841 3789 1912 χρόνῳ

2122 1935 2479 2006 ἐγγινομένην
2518 1932 2668 2004 αὐτῷ
2710 1931 2952 2003 ἀθυμίαν
2979 1934 3078 2002 τῆς
3108 1930 3366 1994 ἀπαιδίας
3392 1931 3605 1995 ἕνεκεν,
3632 1929 3785 1999 φησί·

2122 2022 2392 2084 Δέσποτα,
2449 2021 2503 2074 τί
2528 2019 2771 2074 τοιοῦτόν
2811 2036 2903 2090 μοι
2933 2017 3158 2084 δὼσεις;
3204 2018 3336 2072 ’1δοὺ
3363 2018 3471 2089 γὰρ
3505 2018 3690 2072 λοιπὸν
3720 2016 3790 2082 είς

2120 2111 2301 2182 γῆρας
2330 2110 2555 2182 ἔσχατον
2587 2107 2827 2162 ἐλαύνων
2857 2107 3082 2171 ἄτεκνος
3115 2106 3445 2176 ἀπολύομαι,

2195 2200 2336 2269 Ὅρα
2373 2198 2489 2261 πῶς
2518 2198 2582 2251 ἐκ
2616 2194 2916 2268 προοιμίων
2941 2197 2968 2249 ὁ
2990 2194 3196 2258 δίκαιος
3229 2193 3570 2263 ἐφιλοσόφει,
3605 2195 3790 2249 ἀπόλυο

2124 2303 2207 2339 σιν
2229 2285 2407 2339 καλῶν
2431 2284 2528 2356 τὴν
2561 2284 2808 2337 ἐντεῦθεν
2835 2282 3033 2347 ἔξοδον.
3068 2283 3131 2334 Οἱ
3178 2283 3286 2353 γὰρ
3342 2281 3482 2350 μετά
3519 2280 3790 2353 ἀκριϐείας

2120 2374 2219 2444 τὴν
2248 2371 2449 2443 ἀρετὴν
2484 2371 2780 2442 μετιόντες,
2807 2368 3027 2422 ἐπειδὰν
3056 2368 3154 2439 τῆς
3187 2367 3436 2421 ἐντεῦθεν
3462 2369 3617 2439 ζωῆς
3643 2387 3789 2440 μετα-

2124 2462 2340 2528 στῶσιν,
2367 2460 2583 2533 ἀληθῶς
2608 2460 2795 2531 ὥσπερ
2816 2457 3142 2512 ἀπολύονται
3174 2457 3278 2510 τῶν
3304 2456 3558 2522 ἀγώνων,
3582 2460 3675 2511 καὶ
3697 2456 3791 2510 τῶν

2120 2551 2333 2623 δεσμῶν
2363 2551 2619 2603 ἀνίενται.
2650 2550 2760 2602 Καὶ
2790 2548 2900 2620 γὰρ
2934 2545 3262 2617 μετάστασίς
3291 2547 3375 2610 τίς
3396 2547 3516 2599 ἐστι
3544 2548 3655 2609 τοῖς
3685 2547 3789 2598 ἐνα-

2126 2639 2297 2710 ρέτως
2326 2636 2529 2709 βιοῦσιν
2555 2636 2663 2689 ἀπὸ
2688 2634 2797 2688 τῶν
2829 2634 3088 2706 χειρόνων
3112 2633 3204 2687 ἐπὶ
3230 2633 3296 2686 τὰ
3322 2632 3542 2703 βελτίω,
3572 2633 3680 2687 ἀπὸ
3705 2632 3792 2701 τῆς

2123 2725 2460 2797 προσκᾳίρου
2490 2723 2634 2794 ζωῆς
2670 2724 2761 2775 ἐπὶ
2783 2722 2881 2793 τὴν
2906 2721 3129 2793 διηνεκῆ
3166 2721 3262 2775 καὶ
3294 2721 3565 2774 ἀθάνατον
3587 2720 3680 2773 καὶ
3706 2720 3792 2772 πέ-

2124 2830 2224 2884 ρας
2254 2813 2355 2865 οὐκ
2382 2811 2628 2882 ἔχουσαν.
2666 2809 2815 2880 Ἐγὼ
2835 2808 2924 2874 δὲ,
2949 2808 3133 2880 φησὶν,
3159 2810 3501 2878 ἀπολύομαι
3532 2808 3790 2872 ἀτεκνος.

2121 2900 2233 2953 Καὶ
2269 2898 2355 2951 ἵνα
2387 2900 2477 2951 τὸν
2507 2896 2885 2967 εὐσπλαγχνον
2928 2896 3203 2967 Δεσπότην
3231 2894 3639 2965 ἐπισπάσηται,
3682 2891 3793 2945 οὐδὲ

2124 2987 2284 3059 μέχρι
2315 2986 2518 3040 τούτων
2560 2986 2713 3057 ἔστη,
2744 2985 2879 3040 ἀλλὰ
2905 2986 2956 3038 τί
3000 3001 3200 3054 φησιν;
3244 2983 3306 3035 '0
3336 2980 3404 3034 δὲ
3452 2982 3590 3046 υίὸς
3615 2977 3792 3039 Mai}:

2120 3073 2232 3142 τῆς
2267 3072 2613 3143 οίκοςνενοῦς
2657 3090 2795 3141 μου,
2843 3069 3050 3137 ἐπειδὴ
3100 3072 3211 3123 οὐκ
3242 3066 3393 3139 [369]
3446 3066 3681 3132 ἔδωκάς
3702 3082 3794 3135 μοι

2122 3162 2380 3230 σπέρμα,
2411 3157 2589 3225 οὗτος
2610 3157 3072 3228 κληρονομήσει.
3105 3156 3309 3226 Πολλὴν
3335 3154 3589 3209 ἐπίτασιν
3613 3154 3791 3221 ὀδύνης

2120 3248 2220 3317 τῆς
2257 3248 2317 3300 ἐν
2344 3249 2409 3319 τῇ
2441 3247 2585 3317 ψυχῇ
2616 3245 2868 3316 ἐμφαίνει
2925 3244 3080 3298 ταυτὶ
3128 3243 3195 3296 τά
3231 3243 3471 3313 ῥήματα.
3502 3239 3790 3310 Μονονουχὶ

2122 3334 2229 3405 γάρ
2255 3351 2388 3403 φησι
2413 3334 2550 3404 πρὸς
2578 3333 2668 3386 τὸν
2695 3332 2828 3385 Θεόν
2852 3349 2864 3362 ·
2896 3330 3016 3384 οὐδέ
3042 3329 3150 3383 τῶν
3177 3329 3355 3382 αὐτῶν
3382 3327 3646 3398 ἠξιώθην,
3673 3320 3743 3381 ὧν
3765 3325 3789 3376 ό

2120 3422 2420 3492 οἰκογενὴς,
2445 3422 2560 3474 ἀλλ’
2583 3420 2694 3488 ἐγὼ
2719 3421 2817 3491 μὲν
2832 3419 3023 3488 ἄγονος
3045 3419 3138 3471 καὶ
3157 3419 3380 3480 ἄτεκνος
3401 3416 3789 3487 ἀπελεύσομαι.

2121 3504 2274 3573 οὗτος
2302 3508 2358 3561 δέ
2386 3511 2414 3562 ὁ
2437 3508 2719 3579 οἰκογενής
2746 3525 2846 3578 μου
2876 3507 3270 3578 κληρονομήσει
3294 3503 3364 3557 τά
3402 3504 3557 3575 παρά
3588 3504 3680 3556 σοῦ
3708 3518 3791 3571 μοι

2120 3595 2455 3667 δωρηθέντα,
2490 3594 2772 3648 καὶταῦτα
2809 3593 2956 3657 ἅπαξ
2977 3592 3070 3646 καὶ
3092 3591 3342 3662 δεύτερον
3365 3590 3661 3661 ὑπόσχεσίν
3696 3604 3788 3658 μου

2122 3683 2415 3754 δεξαμένου
2446 3681 2599 3753 παρά
2632 3680 2744 3746 σοῦ,
2778 3682 2860 3734 ὅτι
2897 3681 2981 3745 Τῷ
3013 3677 3311 3748 σπέρματί
3343 3691 3461 3731 σου
3483 3677 3661 3731 δώσω
3688 3677 3789 3744 τὴν

2123 3769 2242 3841 γῆν
2272 3771 2514 3838 ταύτην.
2552 3769 2749 3822 Σκόπει
2788 3785 2877 3839 μοι
2922 3767 3015 3821 καὶ
3049 3764 3294 3819 ἐντεῦθεν
3322 3764 3417 3817 τοῦ
3445 3764 3661 3819 δικαίου
3704 3764 3787 3834 τὴν

2123 3857 2344 3929 ἀρετὴν,
2376 3858 2458 3911 ὅτι
2486 3859 2578 3911 καὶ
2614 3855 2739 3918 τοὺς
2776 3854 3066 3924 λογισμοὺς
3113 3851 3335 3914 τούτους
3368 3851 3619 3919 στρέφων
3650 3853 3705 3904 ἐν
3732 3853 3791 3921 τῇ

2122 3943 2331 4015 διανοίᾳ
2358 3943 2610 3996 οὐδέποτε
2640 3940 3015 4011 ἐδυσχέρανεν,
3064 3937 3318 3991 οὐδέποτε
3354 3935 3490 4007 βαρύ
3520 3954 3577 3990 τι
3608 3935 3785 4005 ἐφθέγ-

2127 4030 2253 4095 ξατο
2272 4046 2286 4060 ·
2317 4029 2452 4083 ἀλλά
2487 4029 2582 4083 καὶ
2613 4027 2708 4082 νῦν
2732 4025 3066 4098 προτραπεὶς
3108 4024 3173 4077 ἐκ
3206 4022 3313 4076 τῶν
3342 4022 3481 4093 πρὸς
3513 4023 3679 4077 αὑτὸν
3705 4024 3782 4093 ῥησ

2128 4116 2334 4188 μάτων,
2366 4113 2801 4187 παρρησιάζεται
2832 4112 2969 4183 πρὸς
3002 4110 3092 4163 τὸν
3114 4110 3412 4179 Δεσπότην,
3453 4109 3549 4161 καὶ
3581 4108 3687 4161 τῶν
3718 4107 3794 4160 ἐν·-

2123 4203 2275 4258 δοθεν
2324 4200 2601 4273 λογισμῶν
2655 4198 2749 4271 τὴν
2780 4197 3022 4271 ταραχὴν
3047 4196 3346 4267 κατάδηλον
3381 4196 3543 4257 ποιεῖ,
3572 4196 3669 4248 καὶ
3692 4193 3793 4246 δεί-

2125 4307 2284 4346 κνυσι
2312 4291 2411 4361 τῆς
2433 4289 2610 4360 ψυχῆς
2659 4286 2822 4341 αὑτοῦ
2850 4287 2911 4339 τὸ
2931 4285 3087 4349 ἐλκος
3107 4300 3120 4313 ·
3166 4283 3233 4337 δι’
3265 4282 3294 4335 ὃ
3325 4283 3420 4336 καὶ
3458 4286 3680 4351 ταχεῖαν
3704 4280 3793 4351 τὴν

2129 4377 2372 4450 ἰατρείαν
2399 4376 2636 4442 ἐδέξατο.
2665 4376 2778 4429 Καὶ
2800 4372 3023 4438 εὐθέως,
3050 4371 3202 4442 φησὶ,
3246 4369 3398 4441 φωνὴ
3423 4368 3557 4423 Θεοῦ
3591 4368 3799 4439 ἐγένετο

2128 4464 2264 4535 πρὸς
2290 4462 2475 4518 αὐτόν.
2494 4463 2638 4536 Ὅρα
2658 4461 2758 4532 τῆς
2773 4459 3000 4533 Γραφῆς
3018 4460 3117 4530 τὴν
3139 4457 3542 4528 παρατήρησιν.
3562 4454 3790 4515 Εὐθέως,

2127 4552 2313 4624 φησίν.
2349 4550 2424 4607 Οὐ
2452 4549 2830 4621 συνεχώρησεν
2864 4548 2984 4601 οὐδὲ
3032 4545 3225 4618 μικρὸν
3249 4545 3574 4614 δυσχερᾶναι
3599 4543 3689 4595 τδν
3722 4539 3796 4594 δί-

2127 4657 2302 4706 καιον,
2336 4637 2475 4693 ἀλλά
2527 4639 2750 4708 ταχεῖαν
2785 4635 2993 4703 εἰσάγει
3024 4632 3121 4703 τὴν
3177 4629 3550 4702 παραμυθίαν,
3581 4627 3796 4697 καὶτῆς

2126 4726 2304 4797 λύπης
2335 4725 2396 4778 τὸ
2428 4723 2656 4797 μέγεθος
2685 4719 3026 4784 διασκεδάζει
3076 4718 3165 4771 διὰ
3196 4718 3307 4770 τῶν
3341 4716 3475 4786 πρὸς
3510 4714 3672 4768 αὐτὸν
3702 4715 3794 4783 ρη-

2132 4815 2336 4885 μάτων.
2373 4812 2484 4868 Καὶ
2506 4810 2708 4876 εὐθὺς,
2761 4808 2915 4881 φησὶ,
2974 4805 3143 4878 φωνὴ
3187 4804 3335 4859 Θεοῦ
3385 4805 3621 4874 ἐγένετο
3654 4800 3789 4869 πρὸς

2127 4899 2317 4956 αὐτὸν
2342 4899 2612 4968 λέγουσα
2633 4913 2649 4928 ·
2675 4898 2759 4951 Οὐ
2788 4891 3232 4962 κληρονομήσει
3256 4905 3332 4944 σε
3349 4886 3547 4955 οὗτος,
3572 4889 3709 4942 ἀλλ’
3733 4886 3789 4952 ὃς

2127 4986 2511 5053 ἐξελεύσεται
2550 4985 2620 5038 ἐκ
2648 4983 2786 5047 σοῦ,
2814 4977 2992 5046 οὗτος
3021 4975 3466 5046 κληρονομήσει
3494 4989 3587 5030 σε.
3609 4970 3795 5029 Τοῦτο,

2130 5075 2283 5146 φησί,
2305 5073 2549 5136 δέδοικας
2569 5113 2585 5139 ,
2607 5068 2770 5123 τοῦτό
2800 5084 2895 5121 σου
2924 5067 3015 5120 τὸν
3038 5064 3297 5133 λογισμὸν
3326 5062 3582 5134 ταράττει
3603 5102 3618 5124 ,
3646 5058 3795 5146 τοῦτο

2132 5136 2225 5215 σου
2427 5136 2665 5229 ἀθυμίαν
2712 5154 3007 5220 ἐπιτείνει;
3061 5151 3315 5207 Μάνθανε
3349 5150 3528 5202 τοίνυν
3576 5149 3657 5200 ὅτι
3716 5136 3793 5198 Οὐ

2132 5245 2575 5316 κληρονομήσει
2628 5258 2705 5297 σε
2733 5238 2908 5307 οὗτος
2934 5256 2947 5270 ο
2991 5238 3129 5295 ἀλλ’
3176 5237 3244 5303 ὂς
3290 5235 3673 5301 ἐξελεύσεται
3731 5231 3795 5283 ἐκ

2083 5369 2106 5389 ο
2131 5337 2270 5400 σοῦ,
2304 5331 2483 5400 οὗτος
2504 5331 2949 5401 κληρονομήσει
2982 5345 3075 5384 σε.
3106 5328 3198 5397 Μὴ
3222 5326 3360 5397 πρὸς
3386 5325 3483 5395 τὴν
3513 5322 3673 5392 φύσιν
3694 5319 3798 5373 τοί-

2131 5442 2225 5478 νυν
2256 5423 2371 5494 ῐδης
2395 5422 2493 5491 τὴν
2524 5418 2887 5491 ἀνθρωπίνην,
2931 5415 3067 5488 μηδὲ
3091 5414 3151 5467 τὸ
3194 5414 3368 5483 γῆρας
3409 5409 3576 5464 ἐννόει
3598 5407 3659 5461 τὸ
3686 5406 3790 5494 σὺνζ

2135 5513 2273 5584 μήτε
2304 5486 2403 5581 τῆς
2432 5486 2753 5580 έάραςντὴν
2794 5486 3080 5575 στείρωσιν
3099 5517 3113 5532 ·
3142 5486 3794 5584 ἀλλάᾉτῇλδυνάμειμὲμοῦ

2130 5574 2225 5648 τοῦ
2252 5574 2722 5661 ἐπαγγειλαμένου
2773 5574 3069 5649 πεποιθὼς,
3101 5583 3201 5654 τῆς
3250 5582 3349 5653 μὲν
3380 5580 3612 5650 ἀθυμίας
3644 5574 3797 5634 ἐκτὸς

2133 5682 2306 5751 γίνου,
2342 5680 2498 5752 δέχου
2531 5679 2597 5732 δὲι
2619 5679 2713 5732 καὶ
2744 5675 2933 5741 ἱκανὴν
2957 5674 3056 5745 τὴν
3086 5670 3451 5743 παράκλησιν,
3500 5666 3593 5721 καὶ
3618 5665 3794 5717 πεῖσον

2195 5778 2224 5818 1)
2249 5776 2304 5826 In
2350 5776 2418 5826 0'
2452 5776 2635 5839 legitur
2676 5775 2895 5824 Δέσποτα
2930 5768 3104 5831 Κύριε,
3141 5766 3269 5817 llebl
3327 5765 3446 5818 mm
3486 5764 3624 5819 ’.ΠΜ
3661 5758 3789 5818 vulg.

2141 5839 2341 5892 Domine
2372 5839 2516 5888 Deus.
