4060 6414
357 444 458 503 337

359 562 518 617 etiam
563 574 680 629 qua:
728 558 922 614 ﬁebant
954 556 1150 611 llhristi
1190 566 1343 627 typus
1386 565 1561 622 erant,
1593 564 1645 608 et
1691 556 1799 624 ipsa
1845 554 1941 609 ob-

358 654 457 705 lata
496 649 805 722 mysterium
841 649 1106 720 quoddam
1142 647 1526 718 prazsignabant
1550 665 1560 699 :
1585 647 1806 716 ideoque
1838 661 1945 702 non

358 742 553 801 renuit.
582 753 738 812 atque
757 750 811 795 ut
832 741 1057 810 accepit,
1090 741 1321 795 vicissim
1351 739 1497 792 illum
1531 736 1941 805 remunerando,

356 833 583 887 docebat
627 833 835 885 virtutis
874 849 983 886 sua:
1027 830 1462 901 magnitudinem.
1518 829 1759 883 Decitnas
1799 828 1940 881 enim

356 923 407 977 ei
437 921 624 987 dedit,
666 922 828 977 etiam
875 923 976 976 hac
1013 924 1218 977 ratione
1249 920 1389 990 piam
1418 935 1568 974 suam
1605 928 1835 973 mentem
1866 918 1941 971 si-

357 1013 639 1083 gniﬁcans.
686 996 935 1068 Fortasse
979 1013 1185 1083 longius
1225 1011 1461 1067 excurrit
1499 1012 1672 1065 oratio
1716 1020 1938 1075 nostra;

360 1103 504 1173 atqui
535 1118 638 1157 non
663 1103 777 1157 sine
806 1117 965 1158 causa
992 1119 1164 1173 neque
1196 1102 1410 1157 frustra.
1463 1102 1651 1157 Paucis
1681 1103 1822 1157 enim
1856 1101 1939 1155 di«

357 1194 585 1247 dicimus
609 1192 678 1247 ab
706 1193 853 1246 initio
870 1208 1036 1262 usque
1064 1192 1129 1246 ad
1156 1192 1465 1246 hodiernam
1489 1192 1794 1255 lectionem,
1828 1208 1944 1260 qua:

357 1281 518 1337 fuerit
541 1282 670 1352 justi
700 1283 855 1350 hujus
885 1281 1138 1336 fortitudo
1158 1324 1172 1347 ,
1207 1282 1641 1351 magnanimitas,
1676 1283 1945 1336 excellens

362 1375 514 1441 ﬁdes,
552 1389 704 1431 mens
731 1375 946 1443 optimis
978 1374 1211 1427 moribus
1242 1374 1483 1442 praedita,
1516 1373 1736 1441 insignis
1758 1375 1945 1426 mode-

358 1466 479 1527 stia,
508 1465 834 1519 admirabilis
861 1465 1166 1518 divitiarum
1196 1472 1533 1532 contemptus
1559 1506 1571 1528 ,
1599 1462 1791 1516 divine
1821 1479 1943 1531 erga

359 1570 484 1611 eum
507 1555 890 1610 benevolentiae
919 1564 1171 1625 perpetua
1201 1556 1563 1623 providentia;
1591 1563 1647 1608 et
1668 1570 1771 1624 quo
1796 1565 1948 1622 parto

356 1645 596 1699 divinum
647 1645 745 1713 ipsi
796 1645 1018 1715 singulis
1073 1645 1399 1715 temporibus
1449 1646 1723 1714 pratbitum
1765 1655 1947 1714 patro-

358 1737 587 1802 cinium,
636 1736 873 1806 quotidie
899 1736 1180 1791 clariorem
1215 1751 1336 1790 eum
1366 1747 1419 1790 et
1460 1737 1799 1791 illustriorem
1830 1738 1950 1791 red-

356 1829 509 1883 didit.
558 1828 709 1882 Nunc
739 1837 911 1882 autem
941 1828 985 1883 si
1012 1829 1283 1882 volueritis
1306 1870 1318 1891 ,
1348 1838 1401 1883 et
1428 1845 1532 1882 non
1563 1828 1944 1898 defatigemini,

358 1920 427 1975 ad
453 1936 513 1974 ea
544 1936 662 1990 quae
693 1935 878 1973 recens
916 1921 1047 1975 lecta
1089 1930 1211 1974 sunt
1253 1920 1569 1974 accedamus
1601 1962 1616 1983 ,
1670 1932 1721 1972 et
1766 1922 1948 1988 paucis

360 2012 676 2081 quibusdam
707 2013 1019 2079 propositis,
1049 2012 1388 2065 absolvamus
1418 2026 1752 2073 sermonem;
1785 2022 1839 2063 ut
1867 2010 1949 2063 di-

357 2103 519 2155 seatis
548 2111 742 2169 quanta
778 2101 954 2155 denuo
979 2102 1027 2155 ei
1056 2100 1378 2169 rependatur
1409 2116 1616 2155 merces
1641 2143 1654 2164 ,
1698 2117 1765 2154 eo
1809 2101 1947 2170 quod

357 2192 743 2259 contempserit
783 2190 920 2245 dona
974 2190 1073 2244 sibi
1119 2207 1147 2244 a
1185 2190 1538 2245 Sodomorum
1587 2206 1710 2261 rege
1751 2193 1947 2247 oblata.

357 2280 496 2348 Quid
543 2281 686 2333 enim
734 2280 948 2349 inquit?
1004 2282 1052 2334 l.
1091 2278 1212 2334 Post
1252 2282 1357 2334 lucc
1386 2292 1556 2333 autem
1580 2283 1727 2334 verba
1758 2284 1951 2353 factum

359 2382 434 2428 est
460 2374 659 2428 verbum
688 2373 891 2426 Domini
918 2373 985 2425 ad
1018 2374 1204 2426 Abram
1240 2373 1381 2445 (cap.
1410 2371 1519 2445 15).
1572 2372 1745 2441 Quare
1768 2374 1844 2427 sic
1871 2376 1952 2427 itt-

358 2466 510 2535 cipit,
544 2465 666 2518 Post
698 2466 803 2518 Itazc
827 2474 995 2517 autem
1025 2463 1209 2518 verba?
1231 2480 1348 2532 quae
1372 2464 1551 2529 verba,
1571 2463 1796 2533 qntcso?
1826 2480 1953 2518 num

361 2557 563 2611 indicat
606 2556 767 2611 verba
810 2570 929 2626 quae
979 2572 1104 2609 cum
1149 2556 1507 2609 Sodomorum
1549 2571 1673 2626 rege
1723 2556 1951 2610 habuit?

360 2649 492 2704 Post
536 2657 899 2718 contemptum
942 2648 1126 2712 illum,
1169 2648 1368 2717 inquit,
1411 2657 1689 2716 postquam
1727 2661 1789 2701 ea
1835 2662 1952 2716 quae

359 2738 555 2793 abillo
596 2739 769 2791 oblata
813 2748 935 2792 sunt
983 2738 1214 2807 repuiit,
1275 2746 1393 2806 post
1435 2737 1735 2790 doctrinam
1763 2737 1948 2809 illam,

360 2844 525 2899 quam
563 2830 774 2896 rejectis
803 2829 955 2881 donis
984 2829 1379 2898 pronuntiavit,
1415 2839 1470 2881 ut
1500 2828 1677 2897 pietati
1708 2838 1761 2882 et
1798 2828 1949 2897 agni-

363 2919 499 2974 tioni
541 2920 844 2974 Conditoris
885 2922 1123 2975 omnium
1166 2920 1313 2974 illum
1352 2920 1623 2986 initiaret,
1679 2920 1799 2974 Post
1845 2921 1954 2974 [nec

359 3019 532 3063 autem
557 3009 705 3063 verba
726 3051 740 3074 ,
786 3020 1066 3079 postquam
1098 3010 1334 3065 decimas
1360 3010 1712 3065 Melchisedec
1741 3011 1950 3078 obtulit,

362 3101 615 3170 quando,
663 3102 870 3170 inquit,
912 3101 1088 3154 omnia
1136 3100 1254 3170 qua:
1297 3117 1360 3156 ex
1394 3117 1451 3155 se
1494 3111 1648 3155 erant
1693 3102 1949 3173 implevit,

363 3200 494 3245 tune
540 3189 667 3244 Post
712 3191 819 3244 lucc
868 3194 1011 3243 verba
1043 3191 1233 3259 factum
1277 3198 1348 3244 est
1394 3191 1591 3245 verbum
1640 3191 1846 3244 Domini
1888 3193 1955 3244 ad

362 3280 555 3335 Abram
581 3280 631 3333 in
658 3281 845 3334 visione
872 3282 1028 3333 noctis
1056 3280 1152 3353 (a),
1182 3281 1350 3334 (licens
1379 3296 1398 3333 :
1427 3281 1508 3335 Ne
1529 3281 1722 3347 timeas,
1744 3280 1949 3350 Abram,

363 3390 459 3443 ego
487 3383 690 3443 protego
720 3382 806 3436 te;
841 3388 1024 3426 merces
1046 3383 1134 3426 tua
1163 3373 1321 3425 multa
1342 3372 1485 3426 valde
1514 3374 1627 3426 erit.

442 3466 492 3518 4.
528 3463 658 3518 V’ide
702 3463 1081 3532 benignitatem
1114 3464 1358 3529 Domini,
1390 3464 1658 3531 quomodo
1686 3464 1866 3518 statim
1903 3475 1958 3519 et

364 3569 403 3609 θ
428 3554 646 3622 vestigio
688 3568 920 3621 sequens
942 3593 954 3614 ,
1006 3553 1277 3607 beneﬁciis
1306 3568 1463 3607 suum
1493 3554 1748 3609 athletam
1776 3571 1956 3610 remu-

366 3653 587 3698 neratur
611 3684 624 3707 ,
653 3653 709 3698 et
734 3643 798 3697 ad
834 3644 1082 3698 ulteriora
1119 3645 1409 3699 certamina
1442 3645 1634 3700 iterum
1661 3648 1952 3713 instruens,

370 3734 560 3804 vigore
600 3752 740 3790 novo
779 3736 1015 3791 roborat.
1069 3736 1287 3791 Factum
1320 3748 1389 3793 est
1428 3738 1631 3792 verbum
1656 3739 1864 3794 Domini
1904 3741 1957 3794 in

369 3826 560 3880 visione
587 3828 764 3880 noctis.
793 3827 968 3894 Quare
998 3827 1050 3881 in
1079 3830 1277 3882 nocte?
1306 3828 1375 3884 Ut
1398 3830 1449 3883 in
1479 3829 1690 3884 silentio
1710 3838 1764 3884 et
1783 3830 1959 3899 quiete

369 3917 564 3971 melius
588 3932 707 3987 qua:
735 3917 983 3972 dicuntur
1006 3919 1249 3987 accipiat.
1284 3920 1351 3973 Et
1377 3919 1505 3973 dicit
1525 3921 1573 3973 ei
1609 3938 1621 3972 :
1648 3919 1731 3973 Ne
1758 3922 1955 3989 timeas,

372 4008 583 4060 Abram.
628 4008 857 4062 Attende
900 4008 1214 4062 immensam
1246 4009 1336 4062 Dei
1368 4024 1569 4063 curam.
1600 4010 1775 4076 Quare
1801 4011 1956 4077 dixit,

377 4093 462 4149 Ne
489 4097 699 4150 timeas?
720 4097 856 4162 Quia
884 4106 1057 4150 tantas
1078 4111 1206 4166 opes
1228 4106 1641 4167 contempserat,
1678 4113 1781 4153 non
1807 4114 1963 4154 cura-

376 4188 444 4241 tis
465 4187 626 4257 regiis
650 4187 806 4242 donis
831 4204 850 4242 :
875 4188 974 4242 hoc
1001 4198 1102 4253 est,
1135 4187 1211 4243 Ne
1242 4188 1448 4251 timeas,
1482 4189 1622 4258 quod
1653 4188 1962 4258 despexeris

376 4290 523 4335 tanta
549 4281 685 4334 dona
709 4320 726 4344 ,
772 4295 943 4350 neque
968 4281 1157 4335 anxius
1176 4281 1250 4335 sis
1278 4281 1425 4350 quasi
1457 4281 1692 4335 minores
1719 4280 1840 4336 inde
1869 4282 1961 4337 tibi

374 4371 485 4426 sint
520 4369 821 4425 facultates.
852 4370 934 4425 Ne
960 4374 1158 4425 timeas.
1206 4370 1410 4426 Deinde
1437 4380 1494 4425 ut
1528 4370 1765 4425 animum
1792 4372 1963 4441 magis

376 4461 596 4526 excitet,
624 4460 817 4529 adjecit
836 4460 1003 4516 verbo
1027 4468 1084 4515 et
1109 4460 1537 4531 appellationem,
1564 4472 1618 4516 et
1641 4461 1805 4530 inquit
1840 4479 1853 4514 :
1882 4461 1966 4516 Ne

377 4555 580 4620 timeas,
604 4549 813 4605 Abram.
842 4550 957 4605 Non
981 4551 1124 4606 enim
1145 4564 1330 4619 parum
1349 4550 1415 4605 ad
1435 4552 1964 4622 expergefaciendum

378 4640 543 4706 facit,
573 4655 696 4695 cum
719 4641 1023 4711 quempiam
1060 4641 1278 4710 pr0prio
1303 4643 1518 4695 nomine
1543 4641 1921 4709 compellamus
1947 4661 1962 4699 :

375 4732 574 4787 deinde
602 4732 716 4798 ait,
769 4731 877 4801 Ego
904 4741 1162 4803 protegam
1193 4740 1258 4784 te.
1313 4730 1529 4785 Multam
1577 4732 1743 4787 habet
1781 4743 1835 4786 et
1864 4734 1967 4788 hoc

378 4822 605 4877 verbum
642 4821 959 4890 emphasim.
1012 4821 1127 4893 Ego
1166 4822 1310 4890 quia
1340 4820 1607 4877 Chaldteis
1643 4832 1694 4877 te
1723 4825 1961 4889 evocavi,

386 4927 488 4982 ego
511 4914 602 4981 qui
644 4921 696 4966 te
723 4913 824 4967 huc
851 4912 1015 4976 duxi,
1062 4928 1161 4981 ego
1191 4913 1280 4982 qui
1319 4922 1371 4966 te
1400 4928 1429 4966 a
1472 4913 1718 4981 periculis
1748 4913 1966 4985 IEgypti

381 5003 602 5059 liberavi
628 5043 643 5067 ,
671 5017 770 5071 ego
795 5003 885 5073 qui
912 5002 1081 5057 semel
1107 5014 1267 5073 atque
1297 5003 1491 5058 iterum
1521 5005 1736 5072 promisi
1772 5006 1861 5057 tibi
1889 5014 1966 5059 at-

380 5110 484 5163 que
505 5094 695 5149 semini
726 5102 815 5147 tuo
839 5093 1089 5148 daturum
1119 5109 1205 5148 me
1231 5103 1427 5148 terram
1458 5094 1613 5159 banc,
1636 5109 1739 5163 ego
1765 5105 1815 5150 te
1842 5110 1966 5164 pro-

384 5197 503 5257 tego
544 5201 685 5257 :ego
724 5185 816 5256 qui
854 5187 907 5240 in
950 5185 1064 5240 dies
1109 5187 1277 5256 magis
1322 5194 1377 5242 et
1416 5188 1584 5257 magis
1629 5187 1875 5242 omnibus
1918 5199 1970 5244 te

381 5276 583 5332 elatum
602 5275 852 5341 ostendo,
895 5290 997 5346 ego
1026 5288 1249 5346 protego
1278 5286 1329 5331 te
1362 5294 1375 5329 :
1406 5276 1507 5331 hoc
1544 5287 1627 5332 est
1648 5319 1663 5344 ,
1705 5293 1805 5347 ego
1831 5283 1967 5335 scutl

385 5371 498 5426 vice
522 5370 614 5424 tibi
644 5385 782 5437 sum,
812 5385 913 5440 ego
937 5384 1033 5439 pro
1054 5377 1105 5424 te
1129 5379 1298 5435 certo,
1322 5384 1421 5439 ego
1449 5379 1807 5440 propugnator
1825 5387 1966 5437 sum,

384 5478 484 5534 ego
507 5478 691 5519 curam
710 5478 859 5533 gero,
888 5478 990 5534 ego
1012 5464 1189 5519 omnia
1209 5462 1449 5518 difﬁcilia
1467 5460 1635 5517 facilia
1660 5464 1750 5518 tibi
1778 5463 1966 5532 reddo,

456 5687 530 5748 (ιι)
558 5687 610 5736 in
638 5687 765 5735 ﬁdit.
791 5690 1106 5750 septuaginta
1128 5688 1460 5750 lnterpretum
1481 5686 1670 5750 legitur
1700 5692 1884 5737 tantum
1919 5690 1967 5738 ἐν

394 5747 622 5812 ρρἁματι.
670 5751 717 5796 in
754 5747 1320 5812 visionefvoswxréc,
1362 5747 1734 5812 uortis,'deest.
1779 5752 1828 5799 ln
1866 5751 1966 5809 He-

394 5809 559 5872 braico
585 5812 769 5869 pariter
794 5818 942 5872 atque
968 5812 1017 5858 in
1038 5810 1250 5872 Vulgata
1291 5809 1388 5872 non
1420 5809 1645 5872 habetur.
1687 5812 1770 5863 Sic
1800 5820 1965 5862 tamen

396 5871 517 5935 legit
540 5872 658 5932 Chr;
672 5870 933 5932 sostomus,
959 5879 1012 5921 ut
1038 5885 1100 5921 ex
1124 5870 1452 5936 sementibus
1474 5871 1649 5934 liquet.

1385 439 1448 494 lN
1492 439 1642 492 CAP.
1677 437 1793 493 XV.
1835 436 2073 493 GENl-LS.
2112 437 2338 495 llOMlL.
2377 440 2612 495 XXXVI.

3526 453 3633 510 338

2060 569 2160 624 ego
2193 567 2409 627 protego
2432 567 2502 612 te.
2558 558 2752 613 Merces
2779 571 2861 613 tua
2893 564 3048 617 multa
3079 565 3169 617 erit
3197 566 3357 619 valde.
3415 568 3635 623 Notitisti

2058 650 2362 704 mercedem
2399 651 2645 719 accipere
2693 669 2787 721 pro
2835 655 3100 710 laboribus
3143 672 3275 726 quos
3318 662 3633 715 sustinuisti.

2059 738 2220 791 tantis
2252 739 2499 808 periculis
2528 743 2750 811 teipsum
2781 744 3081 809 objiciendo
3106 789 3118 809 ,
3148 749 3239 801 sed
3270 752 3635 817 conmopsisti

2054 836 2108 882 et
2136 844 2317 898 regem
2345 840 2398 885 et
2428 848 2646 886 munera
2689 834 2824 903 ejus.
2877 834 2987 904 Ego
3024 836 3114 891 tibi
3147 839 3443 893 mercedem
3474 840 3633 904 dabo,

2054 935 2157 972 non
2184 929 2385 974 tantam
2415 933 2670 991 quautam
2696 935 3012 994 accepturus
3031 942 3148 981 eras
3169 968 3185 992 ,
3216 929 3309 983 sed
3334 929 3556 984 multam
3582 940 3635 983 et

2055 1010 2205 1064 valde
2229 1011 2448 1066 multam
2478 1029 2492 1066 :
2529 1012 2721 1068 Meroe:
2744 1017 2887 1069 enim
2919 1027 3042 1080 tua,
3093 1018 3262 1086 inquit
3284 1057 3298 1081 ,
3350 1020 3508 1073 multa
3542 1022 3633 1074 erit

2053 1100 2217 1155 valde.
2249 1101 2435 1156 Vidisti
2466 1104 2835 1159 liberalitatem
2868 1107 3119 1161 Domini?
3144 1108 3323 1163 vidisti
3353 1110 3636 1164 verborum

2054 1191 2300 1258 pondus?
2347 1193 2522 1247 vidisti
2564 1195 2832 1264 quomodo
2859 1196 3175 1251 excitaverit
3215 1196 3425 1268 pietatis
3466 1198 3636 1252 athtc.

2055 1286 2200 1338 tam?
2248 1285 2427 1339 vidisti
2472 1287 2742 1355 quomodo
2770 1287 3004 1343 animam
3045 1289 3160 1359 ejus
3205 1290 3637 1345 conﬁrmaverit?

2055 1376 2170 1445 Ipse
2192 1379 2335 1433 enim
2360 1381 2447 1447 qui
2478 1394 2668 1433 arcana
2691 1380 2932 1434 cordittm
2964 1382 3130 1447 novit,
3160 1383 3361 1437 sciebat
3385 1382 3533 1450 justo
3559 1381 3637 1436 illi

2054 1483 2188 1534 opus
2228 1484 2346 1522 esse
2392 1469 2691 1538 hnjnsmodi
2740 1471 3026 1529 verborum
3073 1474 3476 1527 consolatio::e:
3515 1489 3638 1527 nam

2055 1558 2174 1612 vide
2202 1560 2325 1628 quid
2356 1576 2418 1613 ex
2466 1561 2545 1613 Itis
2575 1562 2751 1615 verbis
2794 1571 3052 1631 concepta
3101 1563 3287 1618 ﬁducia
3340 1563 3633 1632 patriarcha

2053 1647 2199 1704 dicit.
2248 1650 2303 1703 2.
2332 1649 2477 1707 Dixit
2502 1661 2664 1705 autem
2692 1652 2879 1706 Abram
2907 1668 2927 1707 :
2957 1653 3173 1707 Domine
3192 1696 3205 1716 ,
3246 1656 3368 1724 quid
3397 1656 3518 1707 mihi
3539 1655 3639 1707 da-

2055 1740 2166 1793 bis?
2191 1757 2281 1811 ego
2300 1753 2465 1794 autem
2502 1743 2609 1795 sine
2637 1743 2804 1797 liberis
2832 1743 3077 1797 dimittor.
3113 1744 3395 1813 Postquam
3431 1758 3635 1798 merces

2057 1831 2154 1897 ipsi
2181 1832 2332 1886 valde
2360 1832 2573 1901 copiosa
2603 1835 2860 1901 promissa
2890 1843 3005 1900 est,
3047 1837 3266 1905 exponit
3303 1837 3494 1889 aninne
3530 1849 3649 1888 sua:

2055 1922 2294 1976 dolorem
2333 1933 2386 1977 et
2432 1924 2697 1978 tristitiam
2744 1934 2960 1996 propter
2998 1927 3165 1996 prolis
3214 1927 3480 1996 inopiam,
3534 1941 3635 1993 qua

2055 2013 2304 2067 diuturno
2358 2024 2595 2083 tempore
2646 2017 2974 2085 angebatur,
3035 2015 3266 2086 dicitque
3316 2034 3328 2070 :
3380 2016 3633 2076 Domine,

2054 2103 2178 2172 quid
2208 2105 2310 2159 tale
2333 2104 2458 2158 mihi
2487 2105 2679 2158 dabis?
2710 2106 2846 2160 Ecce
2875 2106 3015 2160 enim
3046 2121 3147 2174 ego
3171 2121 3338 2175 usque
3360 2106 3426 2159 ad
3456 2116 3637 2159 extre-

2057 2209 2195 2246 mam
2224 2203 2493 2248 scncctam
2515 2196 2835 2264 perveni,,et
2856 2196 3004 2264 prole
3028 2210 3220 2249 carens
3245 2196 3504 2250 dimittor.

2133 2283 2264 2339 Vide
2287 2286 2555 2355 quomodo
2579 2286 2767 2354 priscis
2795 2286 2898 2341 illis
2918 2285 3128 2340 sarculis
3147 2286 3321 2355 justus
3351 2286 3436 2339 ille
3468 2284 3639 2353 philo-

2056 2377 2381 2446 sophabatur
2401 2419 2414 2442 ,
2444 2377 2809 2448 dimissionem
2835 2391 3032 2433 vocans
3060 2392 3126 2433 ex
3166 2378 3268 2431 hoc
3307 2377 3503 2430 mundo
3526 2375 3639 2430 dis-

2058 2486 2292 2526 cessum.
2320 2470 2453 2525 Nam
2483 2470 2573 2540 qui
2606 2471 2771 2525 vitam
2801 2470 3027 2526 honeste
3054 2481 3107 2525 et
3138 2470 3191 2525 in
3216 2471 3497 2525 virtutibus
3520 2483 3646 2538 cge-

2059 2570 2205 2627 runt,
2235 2561 2445 2632 quando
2472 2577 2539 2617 ex
2569 2561 2668 2618 hac
2707 2563 2814 2616 vita
2845 2562 3128 2632 emigrant,
3160 2577 3283 2616 vere
3316 2562 3639 2623 liberantur,

2059 2664 2112 2708 et
2141 2654 2288 2722 quasi
2336 2653 2620 2708 solvuntur
2655 2669 2685 2707 a
2728 2654 3107 2709 certaminibus
3131 2660 3185 2708 et
3213 2669 3239 2706 a
3272 2652 3514 2706 vinculis.
3548 2650 3646 2707 Est

2059 2745 2201 2814 enim
2234 2760 2381 2798 mors
2408 2745 2471 2797 iis
2498 2745 2587 2814 qui
2618 2744 2754 2799 bene
2780 2744 2998 2809 vivunt,
3044 2744 3316 2797 translatio
3340 2743 3581 2811 quaedam
3609 2757 3641 2797 a

2061 2834 2329 2904 peioribus
2349 2834 2415 2889 ad
2440 2834 2680 2899 meliora,
2700 2848 2732 2887 a
2754 2843 3093 2902 temporanea
3118 2834 3224 2885 vita
3246 2833 3309 2885 ad
3337 2841 3642 2900 perpetuam

2058 2934 2112 2980 et
2141 2925 2492 2979 immortalem
2539 2926 2802 2993 ﬁnemque
2847 2940 2953 2978 non
2998 2924 3298 2978 habentem.
3334 2923 3445 2995 Ego
3474 2934 3643 2977 autem

2061 3016 2304 3082 dimittor,
2338 3016 2536 3086 inquit,
2569 3016 2677 3070 sine
2706 3014 2894 3069 liberis.
2926 3015 2994 3069 Et
3020 3025 3077 3068 ut
3104 3014 3502 3069 misericordem
3537 3015 3640 3067 l)o-

2061 3111 2261 3163 minum
2289 3109 2387 3163 sibi
2414 3108 2744 3172 conciliaret,
2775 3123 2880 3162 non
2915 3107 2977 3161 iis
3003 3116 3283 3163 contentus
3312 3108 3406 3162 fuit
3435 3107 3649 3168 verbis;

2062 3201 2154 3257 sed
2197 3201 2321 3270 quid
2353 3201 2516 3255 dicit?
2556 3199 2725 3253 Filius
2753 3210 2919 3253 autent
2965 3198 3138 3253 Masec
3181 3216 3346 3254 cernae
3386 3214 3536 3263 mete,
3588 3200 3641 3251 5.

2060 3295 2296 3365 quoniam
2333 3310 2431 3347 non
2459 3292 2641 3346 dediin
2662 3292 2781 3344 ini/ti
2809 3308 2977 3345 semen
3002 3333 3018 3359 ,
3065 3292 3150 3345 ille
3179 3291 3322 3345 heres
3358 3308 3498 3345 ineas
3532 3292 3643 3343 crit.

2063 3385 2332 3452 lugentem
2361 3385 2602 3437 dolorem
2632 3383 2824 3436 anima:
2847 3382 2962 3452 ejus
2998 3383 3274 3436 declarant
3304 3383 3418 3435 lure
3449 3381 3606 3435 verba
3629 3420 3642 3443 ,

2063 3475 2210 3543 quasi
2262 3473 2464 3528 diceret
2508 3474 2616 3527 Deo
2647 3489 2660 3525 :
2690 3471 2872 3541 Neque
2911 3486 2974 3526 ea
3014 3486 3129 3526 sum
3175 3481 3490 3540 assequutus
3528 3486 3653 3538 quae.

2063 3581 2249 3619 servus
2279 3580 2429 3619 meus
2456 3564 2773 3619 vernaculus
2794 3605 2808 3626 ,
2841 3563 2934 3619 sed
2975 3579 3076 3634 ego
3103 3564 3315 3632 quidem
3351 3563 3508 3617 abibo
3533 3564 3651 3617 sine

2067 3656 2318 3710 lilio:hic
2360 3665 2536 3711 autem
2582 3655 2901 3709 vernaculus
2943 3671 3091 3709 meus
3132 3654 3476 3710 hereditatem
3506 3654 3648 3708 acci-

2060 3744 2208 3820 piet,
2245 3764 2364 3818 quae
2401 3764 2432 3802 a
2476 3758 2527 3802 te
2576 3747 2705 3803 mihi
2740 3747 2883 3811 data,
2927 3747 3087 3816 idque
3128 3762 3249 3809 cum
3284 3748 3455 3801 semel
3492 3754 3653 3814 atque

2068 3839 2263 3895 iterum
2296 3839 2706 3909 promissionem
2730 3853 2759 3892 a
2787 3848 2838 3892 te
2863 3838 3161 3907 acceperim
3186 3837 3396 3892 dicente
3421 3854 3434 3888 :
3458 3834 3652 3891 δεινή)ιί

2069 3940 2155 3983 tuo
2176 3930 2306 3982 dabo
2332 3939 2518 3983 terram
2543 3930 2693 3982 hanc.
2716 3927 3029 3991 Considera,
3057 3927 3298 3989 obsecro,
3327 3937 3381 3981 et
3410 3926 3510 3981 hoc
3535 3926 3654 3979 loco

2062 4020 2191 4090 justi
2221 4020 2503 4085 virtutem,
2548 4018 2817 4089 quomodo
2843 4019 3189 4087 cogitationes
3239 4018 3335 4071 has
3375 4019 3425 4071 iu
3473 4018 3653 4071 animo

2067 4126 2308 4177 versans,
2350 4126 2637 4181 numquam
2688 4110 3011 4179 indignatus,
3060 4124 3235 4178 neque
3273 4108 3414 4163 aliud
3458 4108 3651 4161 durum

2067 4208 2321 4275 loquutus
2362 4205 2431 4259 sit
2455 4223 2467 4257 :
2491 4203 2584 4259 sed
2625 4213 2677 4258 et
2719 4218 2857 4257 nunc
2903 4202 3179 4269 in.-tigatus
3210 4199 3384 4255 verbis
3419 4215 3537 4267 quae
3577 4201 3654 4253 lo-

2070 4306 2266 4367 quutus
2309 4304 2393 4349 est
2439 4294 2488 4348 ei
2541 4292 2835 4355 Dominus,
2886 4306 3075 4359 magna
3128 4289 3316 4361 ﬁducia
3371 4287 3653 4343 Demittunt

2070 4387 2374 4458 alloquitur,
2393 4385 2831 4456 manifestamque
2853 4383 2977 4440 facit
2995 4384 3256 4438 intentam
3277 4381 3663 4453 cogitationum

2073 4480 2525 4552 perturbationem
2545 4519 2561 4546 ,
2607 4477 2896 4533 ostendens
2928 4478 3121 4532 anima:
3161 4489 3271 4531 sua:
3301 4474 3485 4539 ulcus;
3515 4473 3661 4530 unde

2071 4583 2127 4635 et
2170 4574 2523 4629 acceleratum
2567 4572 2772 4641 accepit
2811 4569 3276 4625 medicamentum.
3300 4568 3355 4622 Δ.
3390 4566 3454 4621 Et
3488 4568 3660 4621 statim

2072 4685 2169 4722 vos:
2194 4666 2290 4721 Dei
2326 4670 2467 4737 facta
2499 4674 2570 4718 est
2601 4662 2670 4717 ad
2707 4679 2838 4716 eum.
2869 4661 3003 4715 Vide
3036 4661 3323 4728 Scriptura!
3364 4657 3656 4711 accumtio-

2074 4777 2216 4816 nem.
2249 4759 2456 4823 Statim,
2487 4755 2672 4825 inquit.
2691 4753 2805 4809 Non
2831 4752 3071 4822 permisit
3092 4750 3293 4820 justum
3326 4749 3409 4803 vel
3440 4748 3661 4802 minimo

2075 4861 2314 4920 tempore
2340 4851 2480 4919 angi,
2510 4846 2606 4902 sed
2633 4845 2933 4900 festinatam
2963 4843 3011 4896 ci
3036 4840 3452 4896 consolationem
3480 4838 3657 4906 aﬁ‘crt,

2075 4952 2129 4998 et
2164 4941 2478 5011 gravitatem
2520 4936 2765 4991 mmroris
2804 4931 3050 4989 emendat
3081 4930 3256 4985 verbis
3292 4945 3412 4999 qua:
3456 4939 3581 4982 tunc
3608 4931 3658 4983 ei

2074 5034 2326 5103 loquutus
2353 5037 2453 5084 est.
2497 5026 2562 5080 Et
2590 5024 2789 5086 statim,
2832 5022 3033 5091 inquit,
3063 5036 3162 5075 ttoa:
3200 5018 3296 5073 Dei
3325 5023 3460 5090 facta
3493 5028 3563 5073 est
3592 5023 3660 5071 ad

2075 5141 2212 5190 eum,
2241 5124 2410 5176 dicens
2431 5135 2450 5173 :
2474 5118 2593 5172 Non
2614 5118 2705 5171 erit
2729 5116 2810 5169 hic
2835 5116 2976 5168 lieres
3002 5124 3135 5178 tuus,
3164 5113 3251 5166 sed
3274 5114 3360 5182 qui
3380 5110 3663 5182 egredietur

2074 5231 2138 5269 ea:
2162 5224 2228 5274 te,
2278 5213 2361 5266 ltt'c
2400 5211 2538 5263 heros
2566 5217 2681 5261 tuus
2711 5209 2821 5259 erit.
2868 5205 3097 5262 lloccitie
3120 5241 3136 5269 ,
3180 5203 3365 5271 inquit,
3409 5202 3660 5256 timuisti?

2079 5304 2301 5360 hoccine
2344 5309 2579 5356 mentem
2621 5307 2763 5351 tuam
2813 5293 3074 5350 turbavit?
3123 5293 3344 5346 hoccine
3393 5291 3660 5347 tristitiam

2080 5406 2223 5450 tuam
2245 5392 2432 5461 auget?
2454 5389 2602 5444 Scias
2620 5390 2779 5457 igitur
2795 5385 2939 5441 hunc
2959 5399 3065 5439 non
3089 5383 3199 5438 fore
3222 5382 3467 5437 heredem
3490 5392 3660 5447 tuum,

2080 5488 2185 5543 Sed
2211 5488 2296 5557 qui
2330 5485 2609 5556 egredietur
2633 5497 2695 5535 ea:
2718 5490 2798 5546 te,
2840 5480 2922 5533 hic
2953 5478 3092 5533 bere:
3127 5486 3240 5530 tuus
3263 5477 3375 5531 erit.
3404 5474 3480 5530 Ne
3508 5477 3662 5546 igitur

2077 5581 2144 5636 ad
2180 5579 2465 5636 humanam
2509 5585 2718 5645 spectes
2756 5582 3028 5637 naturam,
3074 5584 3140 5625 ne
3180 5579 3320 5625 luam
3358 5582 3658 5631 senectam,

2080 5673 2294 5728 Sarmve
2331 5668 2665 5725 sterilitatem
2703 5665 2882 5719 animo
2921 5662 3138 5718 volvas:
3162 5660 3254 5715 sed
3294 5661 3408 5729 ejus
3449 5661 3537 5730 qui
3570 5658 3660 5713 tibi

2082 5762 2324 5836 promisit
2364 5759 2612 5831 potentim
2656 5757 2791 5812 bene
2830 5754 2967 5821 ﬁde,
3018 5761 3071 5809 et
3107 5752 3659 5831 tristitianr'poncns,

2085 5855 2437 5913 sufﬁcientem
2464 5850 2880 5908 conSolationem
2907 5846 3109 5915 accipe,
3134 5854 3543 5914 persuasumque
3569 5838 3659 5891 bas
