4060 6430
413 341 512 397 559

404 457 533 514 beas
551 468 601 514 te
619 458 870 518 heredem
898 465 1222 539 habiturum,
1238 471 1328 542 qui
1349 486 1413 527 ex
1436 480 1488 529 te
1509 487 1778 532 nascatur.
1799 477 2000 535 Deinde

402 549 524 619 quia
555 565 712 621 supra
744 563 990 611 naturam
1019 569 1138 614 erat
1167 563 1451 632 promissio
1470 606 1486 632 ,
1527 573 1583 620 et
1622 567 1868 624 vincebat
1899 569 2000 624 liu-

405 658 620 698 inaaam
659 647 922 703 rationem
969 649 1238 724 (magnam
1269 655 1412 710 enim
1445 656 1497 710 in
1539 673 1605 713 eo
1643 660 1998 717 turbationem

403 734 709 790 excitabant
733 745 812 792 tot
839 749 1047 796 naturae
1077 743 1474 812 impedimenta,
1507 763 1754 805 senectus
1784 751 1920 822 ejus,
1949 761 2002 809 ct

404 822 547 891 quod
591 825 725 882 Sara
762 830 962 886 sterilis
1005 847 1068 886 ac
1114 844 1266 889 utero
1305 847 1552 893 emortuo
1596 839 1800 911 esset),
1846 849 2003 913 anget

408 913 667 972 Dominus
701 922 1088 986 promissorum
1135 928 1584 996 magnitudinem,
1631 941 1684 984 ut
1729 931 1906 1001 justus
1934 933 2000 989 ad

409 1008 770 1073 promittentis
812 1012 1182 1070 liberalitatem
1231 1019 1553 1087 respiciens,
1607 1021 1742 1077 bene
1785 1034 2000 1092 speret,

404 1097 746 1170 confidatquc
807 1103 888 1158 sic
950 1118 1284 1162 eventurum.
1340 1109 1394 1164 5.
1438 1109 1632 1166 Eduxit
1677 1122 1842 1166 autem
1889 1131 2002 1170 eum

405 1189 566 1256 foras,
598 1199 644 1242 et
673 1191 802 1244 dixit
826 1194 875 1247 ei
899 1209 918 1248 .'
941 1193 1156 1264 Suspice
1180 1197 1231 1250 in
1263 1199 1466 1263 ca'lum,
1497 1211 1542 1255 et
1573 1217 1782 1256 nuntera
1806 1203 1998 1268 stellas,

404 1277 452 1330 si
471 1281 657 1347 poteris
678 1298 942 1338 munerare
962 1302 1068 1339 eas.
1096 1285 1162 1341 Et
1179 1287 1308 1342 dixit
1327 1290 1371 1343 ei
1391 1306 1410 1344 :
1429 1290 1518 1344 Sic
1537 1293 1632 1345 erit
1650 1309 1816 1348 semen
1840 1305 1998 1348 tuum.

402 1367 456 1424 6.
493 1368 562 1424 Et
603 1373 816 1427 credidit
857 1374 1046 1434 Abram
1094 1377 1239 1446 Deo,
1301 1390 1352 1435 et
1397 1391 1687 1450 reputatum
1721 1395 1793 1438 est
1831 1386 1909 1439 illi
1947 1391 2001 1441 in

399 1459 665 1527 justitiam.
694 1464 875 1530 Quare
913 1466 1167 1522 indicavit
1190 1511 1206 1536 ,
1247 1469 1390 1540 quod
1431 1471 1644 1528 duxerit
1671 1490 1791 1529 eum
1823 1475 2002 1531 foras?

401 1547 534 1616 Quia
555 1551 698 1607 enim
728 1556 973 1624 superius
997 1558 1152 1625 dixit,
1177 1575 1299 1614 eum
1324 1563 1377 1615 in
1403 1562 1607 1618 visione
1633 1565 1806 1621 noctis
1833 1581 2000 1638 appa-

403 1643 578 1700 ruisse
608 1645 715 1709 illi,
747 1662 810 1702 ac
838 1649 998 1704 verba
1025 1651 1111 1705 illa
1133 1654 1182 1706 ei
1209 1653 1484 1725 loquutum
1517 1657 1714 1714 fuisse:
1738 1675 1878 1714 nunc
1900 1675 2000 1714 au-

401 1739 510 1788 tam
535 1735 648 1790 vult
689 1737 738 1791 ei
785 1740 1094 1807 ostendere,
1131 1758 1290 1812 quam
1342 1746 1757 1803 innumerabiles
1801 1750 1909 1804 sint
1946 1750 1997 1804 in

399 1825 534 1882 caelo
558 1827 749 1894 stcllm,
774 1829 984 1900 inquit:
1007 1830 1200 1889 Eduxit
1219 1852 1332 1891 eum
1352 1839 1514 1909 foras,
1533 1850 1580 1893 et
1602 1841 1732 1895 dixit
1751 1858 1769 1896 :
1786 1841 2002 1913 Suspice

401 1915 456 1968 in
481 1917 680 1983 calum,
713 1929 758 1972 et
785 1937 993 1975 numera
1019 1924 1216 1994 stellas,
1247 1927 1293 1980 si
1324 1930 1514 1998 poteris
1539 1947 1625 1985 eas
1652 1931 1997 1990 dinumerare.

405 2005 470 2060 Et
497 2007 624 2062 dixit
644 2010 688 2063 ei
709 2026 728 2064 :
748 2010 839 2067 Sic
860 2015 956 2067 erit
982 2031 1153 2070 semen
1182 2027 1345 2072 tuum.
1377 2020 1623 2091 Magnum
1649 2027 1994 2094 promissum,

405 2096 594 2167 ingens
616 2102 986 2168 promissionis
1006 2109 1315 2177 magnitudo
1340 2128 1353 2164 :
1377 2112 1470 2166 sed
1504 2113 1548 2168 si
1577 2113 1746 2183 ipsam
1774 2118 2000 2186 promit-

399 2190 562 2246 tentis
609 2191 860 2249 virtutem
903 2197 1292 2269 eogitabimus,
1343 2203 1472 2258 nihil
1507 2197 1674 2263 'nobis
1720 2211 2001 2280 apparebit

404 2297 677 2353 magnum.
709 2285 808 2354 Qui
837 2288 981 2342 enim
1011 2289 1080 2346 de
1107 2300 1248 2346 terra
1269 2307 1467 2364 corpus
1491 2295 1757 2364 formavit,
1782 2283 1836 2356 et
1856 2302 1998 2372 quod

400 2386 511 2428 non
527 2385 662 2439 erat,
685 2377 736 2431 id
753 2387 810 2432 ut
830 2388 977 2434 esset
995 2379 1143 2449 fecit,
1162 2391 1218 2438 et
1231 2384 1472 2440 condidit
1485 2389 1662 2442 omnia
1679 2405 1798 2459 quae
1814 2391 2001 2447 viden-

400 2473 518 2535 tur,
547 2467 635 2523 ille
663 2471 824 2524 etiam
861 2471 992 2528 dare
1019 2475 1218 2545 poterit
1246 2491 1368 2547 qua:
1392 2491 1552 2548 supra
1582 2492 1827 2538 naturam
1852 2494 1996 2538 sunt.

474 2559 530 2614 5.
567 2558 753 2614 Vidisti
796 2561 1007 2618 Domini
1055 2563 1476 2622 liberalitatem?
1524 2569 1812 2641 Postquam
1853 2574 1998 2632 enim

401 2649 557 2716 dixit,
591 2651 790 2723 Absque
813 2654 958 2724 prole
987 2656 1237 2722 dimittor,
1265 2658 1419 2729 quasi
1444 2660 1582 2740 apud
1611 2651 1790 2732 partas
1810 2665 1999 2721 mortis

398 2743 688 2813 exsistens,
706 2755 759 2800 et
782 2745 912 2800 nihil
935 2748 1165 2818 amplius
1187 2751 1400 2819 operari
1421 2752 1602 2808 valens
1624 2763 1682 2808 ut
1705 2770 2000 2825 procreen-

402 2843 490 2902 tur
517 2835 690 2899 liberi,
723 2837 800 2892 sic
827 2837 991 2893 verba
1031 2839 1120 2894 illa
1149 2841 1389 2910 protulit,
1433 2843 1652 2900 dicens:
1679 2844 1845 2901 Filius
1877 2846 1996 2901 Ma-

399 2930 586 3001 sec(n)
616 2931 900 2985 vernacqu
945 2947 1070 2986 mea:
1114 2933 1257 2988 heres
1296 2951 1438 2992 meus
1480 2939 1593 2992 erit.
1644 2939 1769 2994 Ideo
1814 2941 1999 2996 volens

401 3021 646 3093 spiritum
663 3026 781 3092 ejus
796 3023 1024 3093 erigere,
1049 3032 1105 3080 et
1125 3039 1322 3081 novum
1342 3030 1577 3099 vigorem
1593 3031 1758 3086 menti
1776 3030 1995 3098 addere,

402 3113 472 3168 ab
499 3112 811 3167 imminente
841 3113 1033 3169 timore
1057 3130 1182 3170 eum
1209 3117 1419 3187 liberat,
1449 3120 1906 3192 promissione-que
1935 3137 2000 3179 ac

401 3205 532 3259 doni
579 3204 947 3276 magnitudine
989 3217 1225 3263 mentem
1270 3209 1388 3278 ejus
1429 3210 1621 3282 erigit,
1664 3213 2000 3269 ostendendo

403 3295 684 3349 stellarum
713 3295 1130 3365 multitudinem,
1150 3307 1204 3356 et
1226 3299 1585 3368 promittendo
1611 3303 1912 3359 nascituros
1931 3319 1998 3360 ex

399 3400 468 3440 eo
495 3386 602 3442 illis
631 3401 787 3456 pares
812 3385 1039 3455 futuros,
1065 3389 1114 3444 in
1145 3389 1338 3446 bonam
1361 3406 1511 3461 spem
1536 3393 1772 3450 adducit.
1799 3395 1998 3452 Videns

399 3477 544 3532 enim
589 3479 798 3534 Domini
842 3481 1290 3551 promissionem,
1337 3483 1536 3554 rejecta
1580 3487 1724 3539 omni
1767 3485 1998 3542 humana

399 3569 627 3636 ratione,
659 3578 714 3624 et
734 3586 906 3638 neque
931 3572 998 3628 ad
1024 3587 1084 3630 se
1107 3574 1302 3644 ipsum,
1325 3591 1502 3646 neque
1521 3577 1587 3632 ad
1611 3579 1796 3634 Saram
1820 3580 1998 3636 minus

400 3661 759 3728 procreationi
787 3673 966 3729 aptam
994 3664 1290 3730 reSpiciens
1316 3666 1446 3722 :sed
1482 3669 1856 3738 praetermissis
1899 3669 1972 3726 hu
1994 3737 2006 3746 _

401 3748 575 3803 manis
604 3749 853 3804 omnibus
877 3791 894 3820 ,
940 3752 1121 3808 sciens
1157 3753 1324 3810 Deum
1367 3769 1526 3825 posse
1554 3759 1716 3812 etiam
1749 3773 1845 3821 ea.
1877 3775 1998 3830 quae

401 3853 562 3908 supra
589 3848 838 3895 naturam
865 3852 1010 3910 sunt,
1038 3841 1240 3914 largiri,
1269 3844 1428 3900 fidem
1453 3845 1638 3903 habuit
1658 3849 1842 3920 dictis,
1872 3852 1994 3907 nul-

399 3929 506 3984 lam
545 3930 931 3988 dubitationem
977 3933 1300 4004 admittens,
1349 3952 1521 4008 neque
1565 3954 1686 3994 cum
1714 3941 1853 3996 dicta
1881 3941 1997 3999 haec

399 4022 632 4092 fuerunt,
664 4022 948 4080 haesitavit.
991 4025 1104 4082 Hoc
1133 4027 1274 4083 enim
1302 4044 1446 4085 verte
1485 4029 1606 4089 fidei
1649 4042 1754 4102 est,
1781 4021 1996 4104 quando

399 4114 788 4183 promissiones
817 4131 921 4172 non
953 4117 1248 4172 secundum
1288 4119 1505 4175 solitum
1529 4161 1544 4187 ,
1595 4131 1649 4177 et
1691 4122 1996 4181 hominibus

397 4205 667 4274 cognitum
697 4221 900 4260 morem
932 4217 1057 4262 sunt
1075 4250 1091 4274 ,
1120 4207 1167 4264 si
1193 4224 1292 4264 nos
1329 4211 1690 4280 promittentis
1715 4214 1898 4270 virtuti
1925 4215 1993 4271 ll-

397 4292 606 4349 damus.
637 4294 793 4350 Fides
813 4297 959 4352 enim
981 4307 1074 4365 est,
1105 4301 1555 4370 quemadmodum
1581 4303 1770 4360 beatus
1793 4305 1992 4362 Paulus

395 4385 504 4453 ait,
535 4388 901 4457 speraudarunt
947 4391 1230 4446 substantia
1276 4410 1474 4460 rerum,
1511 4407 1862 4466 argumentum
1890 4414 1994 4454 non

397 4479 754 4546 apparentium
795 4478 982 4548 (Hebr.
1026 4483 1113 4536 ll.
1160 4483 1217 4552 l)
1251 4500 1264 4537 :
1297 4493 1351 4539 et
1398 4485 1590 4540 iterum
1624 4505 1636 4540 :
1669 4487 1818 4552 Quod
1857 4491 1993 4546 enim

395 4567 530 4621 uidet
560 4569 696 4638 quis,
736 4567 862 4638 quid
903 4580 1071 4641 sperat
1115 4573 1290 4644 (Rom.
1333 4573 1388 4629 8.
1421 4573 1554 4645 24)?
1585 4576 1696 4633 Hoc
1724 4578 1884 4648 igitur
1907 4588 1993 4636 est

398 4657 560 4726 fides,
613 4660 828 4729 quando
874 4660 979 4715 illis
1027 4663 1298 4718 credimus
1338 4681 1456 4735 qua:
1496 4681 1601 4721 non
1645 4668 1893 4724 videntur
1935 4679 1991 4726 et

396 4763 630 4806 mentem
663 4751 726 4806 ad
756 4751 1071 4823 dignitatem
1096 4753 1214 4825 ejus
1238 4757 1326 4825 qui
1357 4758 1600 4826 promisit
1628 4759 1986 4818 intendimus:

396 4842 447 4896 id
475 4843 616 4913 quod
646 4844 884 4912 profecto
910 4855 962 4898 et
984 4844 1162 4915 justus
1198 4847 1289 4902 ille
1323 4848 1468 4915 fecit,
1496 4850 1757 4906 sinceram
1789 4861 1844 4906 et
1871 4852 1988 4908 exi-

395 4935 557 4989 miam
591 4936 866 5002 [ltlmlSSiS
893 4936 1051 4991 fidem
1083 4938 1286 4994 habens
1313 4958 1327 4994 :
1353 4940 1551 4997 idcirco
1577 4953 1630 4997 et
1653 4959 1684 4997 a
1714 4943 1986 5015 Scriptura

394 5026 569 5080 divina
609 5028 856 5084 laudatur
880 5047 893 5085 :
920 5046 1042 5085 mox
1075 5033 1218 5086 cnim
1265 5033 1461 5088 addidit
1491 5052 1504 5088 :
1529 5033 1754 5090 Credidit
1799 5038 1987 5092 Abram

399 5116 526 5184 Deo,
549 5130 595 5172 et
619 5130 899 5190 reputatum
921 5133 992 5176 est
1016 5125 1063 5176 ei
1081 5124 1132 5176 in
1143 5125 1398 5195 justitiam
1421 5125 1595 5196 (Rom.
1622 5129 1674 5182 4.
1699 5129 1776 5199 5).
1796 5130 1986 5187 Vidisn

395 5210 662 5276 quomodo
698 5220 753 5264 et
779 5220 904 5266 ante
932 5223 1183 5269 eventum
1209 5225 1262 5270 et
1297 5215 1660 5285 impletionem
1689 5221 1984 5288 promisso-

399 5316 537 5368 rum,
564 5316 628 5356 eo
659 5304 772 5370 ipso
799 5305 938 5374 quod
966 5307 1225 5374 credidit,
1271 5320 1650 5379 congruentem
1683 5313 1983 5366 mercedem

395 5394 616 5464 accipit?
641 5395 774 5450 Nam
803 5398 852 5450 in
876 5399 1134 5467 justitiam
1157 5402 1206 5455 ei
1234 5411 1535 5470 reputatum
1559 5413 1662 5470 est,
1691 5404 1832 5474 quod
1863 5419 1984 5459 cre-

398 5483 588 5537 didcrit
616 5489 955 5553 promissioni
982 5490 1198 5556 divinm,
1223 5500 1274 5545 et
1307 5508 1410 5546 non
1441 5492 1668 5547 humana
1700 5495 1984 5549 ratiocina-

459 5576 530 5651 ()
566 5577 676 5651 tura
719 5578 799 5651 hic
836 5583 1292 5651 interpretationum
1334 5584 1639 5651 diversitas:
1676 5589 1982 5651 septuaginta

396 5639 694 5708 1,5.Eerlmes
719 5640 797 5688 hic
818 5639 1013 5708 nomell
1037 5648 1310 5708 Proprium.
1351 5656 1524 5704 Masec,
1561 5639 1776 5698 ellerurit
1799 5663 1812 5697 :
1841 5639 1984 5699 secus

395 5697 471 5747 alii
493 5697 688 5770 omnes,
710 5713 912 5772 quorum
929 5697 1146 5772 quidam,
1171 5697 1804 5819 liumfrocuratoris,alii,
1829 5697 1981 5782 filiuni

397 5759 706 5817 pocillatoris,
731 5761 829 5819 alu,
866 5763 1022 5819 filium
1066 5767 1286 5819 prafectt
1356 5782 1508 5819 ornus.
1535 5779 1750 5819 vertunt.
1795 5772 1910 5819 Vide
1934 5786 1979 5819 in

397 5759 706 5817 pocillatoris,
728 5759 829 5820 alii,
866 5759 1022 5831 filium
1066 5759 1286 5875 magna
1321 5759 1508 5832 donius,
1535 5759 1750 5822 vertunt.
1795 5759 1910 5822 vide
1934 5774 1979 5822 in

401 5819 624 5875 ttexanlis
650 5825 839 5875 nostris.
868 5831 919 5875 et
942 5837 990 5874 in
1013 5829 1162 5875 notai
1199 5829 1344 5875 idem.

401 5819 624 5884 ttexaplis
650 5819 839 5884 nostris,
866 5819 919 5875 et
942 5827 990 5874 in
1013 5819 1124 5876 nota
1145 5819 1344 5879 ibidem.

1142 351 1198 408 S.
1241 353 1520 413 JOANNIS
1555 359 2030 420 CIIRYSOSTOMI
2071 366 2388 426 ARClllEP.
2429 375 2965 436 CONSTANTINOP.

3586 388 3692 444 )

2114 484 2258 540 tione
2312 487 2578 544 curiosius
2631 506 2693 545 ea
2747 506 2868 560 quae
2921 491 3062 548 dicta
3117 503 3246 548 sunt
3300 497 3684 568 exploraverit.

2183 575 2400 633 Moralis
2448 581 2756 656 exhortatio.
2814 585 3026 642 Virtutis
3068 589 3282 644 studiosi
3321 608 3423 645 rion
3473 593 3692 656 labores,

2111 667 2199 736 sed
2224 669 2435 738 praemia
2461 671 2556 725 sibi
2583 687 2890 742 proponunt.
3013 678 3289 735 Discamus
3311 681 3468 752 igitur
3491 693 3546 737 et
3571 700 3693 752 nos,

2108 757 2352 828 obsecro,
2385 777 2413 815 a
2434 765 2755 834 patriarcha,
2786 768 2876 824 Dei
2901 770 3122 826 credere
3150 772 3327 838 dictis,
3346 783 3399 829 et
3422 775 3537 845 ejus
3569 792 3697 846 pro-

2111 855 2450 912 missionibus
2503 858 2688 923 dere.
2745 878 2917 934 neque
2957 879 3020 919 ea
3049 867 3456 937 cogitationibus
3499 873 3697 926 nostris

2110 946 2382 1019 indagare,
2437 951 2530 1005 sed
2588 969 2830 1024 magnam
2874 957 3036 1010 animi
3081 959 3383 1028 mqniiatem
3418 962 3697 1020 exhibere.

2113 1037 2224 1093 lloc
2252 1039 2392 1095 enim
2416 1057 2512 1095 nos
2537 1052 2589 1100 et
2615 1043 2787 1112 justos
2812 1046 3084 1102 declarare
3103 1051 3316 1118 poterit,
3347 1061 3401 1107 ct
3420 1052 3472 1106 id
3495 1053 3698 1110 efciet

2112 1142 2169 1186 ut
2203 1134 2461 1201 promissa
2507 1135 2662 1190 citius
2688 1128 3074 1208 'asscquamur.
3129 1141 3234 1196 Sed
3275 1144 3430 1199 Abrae
3479 1146 3697 1214 quidem

2108 1224 2374 1292 promisit,
2417 1240 2484 1281 ex
2531 1227 2738 1283 semine
2785 1229 2902 1298 ejus
2950 1233 3234 1288 maximam
3292 1233 3520 1292 futuram
3575 1253 3698 1296 eSSe

2109 1315 2498 1373 multitudinem
2529 1337 2543 1373 :
2572 1330 2828 1391 erantque
2871 1333 3065 1394 praeter
3090 1327 3304 1382 solitum
3336 1341 3539 1382 naturae
3568 1347 3689 1386 mo-

2107 1406 2232 1460 dum
2257 1425 2376 1478 qua:
2408 1410 2665 1478 promissa
2697 1422 2869 1480 erant,
2909 1414 3136 1488 ideoque
3174 1418 3305 1473 lides
3336 1419 3386 1473 in
3417 1421 3583 1476 Deum
3605 1422 3698 1492 ju-

2107 1498 2308 1553 stitiam
2358 1500 2406 1556 ei
2449 1501 2662 1557 attulit:
2712 1505 2864 1562 nobis
2905 1517 3106 1572 autem,
3149 1508 3195 1562 si
3223 1511 3480 1579 sapimus,
3530 1515 3700 1567 multo

2107 1589 2308 1657 majora
2343 1591 2600 1659 promissa
2629 1603 2770 1660 sunt,
2797 1603 2852 1650 et
2877 1597 3060 1666 multis
3103 1599 3278 1653 modis
3324 1599 3580 1656 humanas
3606 1618 3702 1657 co-

2106 1679 2390 1750 gitationes
2417 1685 2790 1740 transcendere
2807 1702 3124 1756 possumus;
3153 1690 3314 1744 modo
3342 1693 3701 1760 promittentis

2107 1775 2360 1842 potentia:
2382 1775 2682 1844 credamus,
2715 1787 2850 1834 utet
2876 1794 2995 1834 eam
3029 1797 3150 1851 qua:
3179 1798 3245 1836 ex
3277 1783 3380 1840 fide
3403 1795 3506 1852 est,
3536 1786 3701 1854 justi-

2108 1864 2233 1918 tiam
2264 1875 2600 1935 reperiemus
2619 1908 2635 1935 ,
2666 1879 2720 1924 et
2746 1869 3106 1941 adipiscamur
3145 1873 3284 1929 bona
3311 1877 3593 1945 promissa.
3619 1878 3700 1948 Ea

2103 1957 2269 2026 enim,
2298 1975 2417 2029 quae
2439 1959 2592 2015 nobis
2615 1963 2848 2018 maxime
2871 1965 3154 2034 promissa,
3177 1981 3392 2022 omnem
3414 1967 3703 2028 humanam

2106 2050 2490 2115 transcendunt
2515 2053 2797 2121 rationem,
2826 2066 2881 2110 et
2903 2070 3118 2113 omnem
3142 2059 3515 2128 cogitationem
3537 2076 3701 2118 exce-

2105 2140 2239 2196 dunt
2281 2160 2295 2197 :
2349 2152 2493 2198 tanta
2543 2146 2960 2214 promissionum
3013 2157 3097 2202 est
3135 2149 3464 2220 magnitudo.
3515 2150 3702 2222 Neque

2104 2234 2249 2289 enim
2271 2234 2321 2288 in
2351 2237 2598 2306 pra-senti
2624 2237 2730 2291 vita
2755 2238 2930 2312 solum
2955 2239 3108 2294 nobis
3140 2239 3381 2310 promisit
3401 2240 3560 2314 hujus
3578 2244 3701 2300 vita:

2105 2332 2299 2378 statum
2347 2335 2400 2380 et
2441 2326 2728 2389 visibilium
2775 2328 3078 2384 fruitinnem
3128 2348 3142 2386 :
3180 2329 3277 2386 sed
3314 2341 3368 2387 et
3419 2345 3702 2405 postquam

2105 2414 2231 2470 hinc
2259 2415 2719 2486 emigraverimus,
2765 2427 2822 2473 et
2866 2429 2985 2489 post
3011 2421 3252 2491 corporis
3277 2425 3700 2493 corruptionem,

2104 2506 2318 2577 quando
2341 2507 2396 2562 in
2424 2507 2660 2564 cinerem
2691 2520 2745 2566 et
2771 2511 3044 2581 pulverem
3071 2524 3252 2585 nostra
3293 2514 3549 2572 dissoluta
3579 2518 3696 2573 fue-

2103 2597 2207 2651 rint
2250 2613 2496 2668 corpora,
2547 2608 2672 2655 tunc
2710 2611 3075 2657 resurrectura
3129 2619 3192 2660 ea
3240 2605 3516 2673 promisit,
3551 2616 3605 2660 et
3643 2607 3700 2671 in

2102 2687 2294 2757 majori
2315 2688 2480 2760 gloria
2502 2688 2696 2745 futura.
2744 2690 2952 2763 Oportet
2973 2694 3127 2761 enim,
3159 2695 3328 2763 inquit
3356 2696 3540 2750 beatus
3560 2698 3699 2753 Pau-

2105 2779 2209 2847 lus,
2241 2763 2567 2854 cbrruptibile
2611 2784 2706 2839 hoc
2746 2785 2957 2840 induere
2981 2786 3430 2855 incorruptionem,
3481 2799 3527 2842 et
3556 2806 3700 2844 mor-

2104 2874 2207 2928 tale
2229 2875 2324 2930 Itoc
2362 2876 2572 2931 induere
2605 2878 3034 2934 immortalitatem
3064 2881 3082 2951 (
3114 2881 3166 2934 1.
3191 2880 3309 2936 Cor.
3334 2883 3420 2936 15.
3453 2883 3524 2938 55
3546 2884 3587 2952 ).
3631 2883 3700 2942 Et

2104 2977 2227 3038 post
2272 2983 2556 3039 corporum
2602 2973 3049 3028 resurrectionem
3098 2975 3246 3044 regni
3303 2975 3698 3044 possessionem

2103 3049 2355 3113 daturum
2397 3075 2458 3116 se
2500 3061 2656 3115 nobis
2700 3063 2969 3134 pollicitus
3012 3073 3113 3129 est,
3138 3075 3191 3119 et
3237 3067 3697 3136 conversationem

2102 3163 2225 3205 cum
2247 3151 2466 3216 sanctis,
2496 3160 2551 3206 et
2575 3152 2626 3206 in
2658 3164 2917 3224 perpetuo
2938 3154 3135 3210 saeculo
3157 3157 3412 3225 quietem,
3438 3165 3494 3210 et
3513 3157 3697 3212 inell'a-

2103 3240 2229 3296 bilia
2256 3241 2344 3295 illa
2373 3241 2532 3308 bona,
2568 3241 2695 3317 Quae
2720 3245 2895 3298 oculus
2917 3262 3020 3314 non
3049 3245 3192 3313 uidit,
3221 3254 3267 3299 et
3295 3250 3435 3300 auris
3474 3264 3574 3300 non
3600 3264 3698 3300 au-

2103 3332 2247 3398 diuit,
2287 3341 2334 3388 et
2381 3334 2435 3387 in
2473 3350 2560 3388 cor
2603 3335 2823 3390 hominis
2851 3353 2952 3390 non
2979 3338 3306 3393 ascenderunt
3338 3337 3498 3413 (Ibid.
3527 3339 3582 3396 2.
3610 3339 3693 3413 9).

2105 3422 2295 3480 Vidisti
2325 3434 2524 3495 quanta
2548 3425 2962 3495 promissionum
2990 3429 3302 3485 excellentia
3327 3447 3343 3498 ;
3379 3432 3556 3488 vidisti
3599 3435 3695 3488 do-

2103 3529 2295 3579 norum
2346 3517 2764 3592 magnitudinem

2174 3607 2228 3664 6.
2245 3609 2368 3665 llzec
2391 3610 2703 3680 cogitantes,
2723 3612 3021 3672 etscientes
3034 3615 3246 3670 mentiri
3263 3630 3370 3670 non
3390 3632 3545 3688 posse
3569 3633 3695 3677 eum

2101 3700 2192 3783 qui
2227 3701 2315 3755 illa
2340 3698 2602 3772 promisit,
2625 3717 2813 3772 magna
2829 3703 3104 3760 alacritate
3121 3721 3480 3776 praeparemus
3502 3725 3602 3764 nos
3625 3709 3692 3765 ad

2102 3791 2311 3850 virtutis
2330 3807 2548 3862 agones,
2568 3803 2624 3848 ut
2645 3802 2702 3850 et
2730 3795 3004 3864 promissis
3024 3796 3178 3851 bonis
3209 3796 3314 3853 frui
3333 3800 3618 3868 possimus,
3637 3811 3694 3857 ct

2100 3897 2170 3940 ne
2181 3883 2338 3938 saluti
2350 3893 2546 3940 nostra:
2559 3896 2611 3939 et
2629 3886 2950 3941 tantisbonis
2970 3898 3310 3957 temporanea
3328 3890 3691 3960 praeferamus,

2101 3961 2274 4046 neque
2288 3975 2583 4050 cogitemus
2603 3976 2815 4033 labores
2839 3978 3070 4049 virtutis,
3095 3979 3191 4034 sed
3213 3981 3426 4049 pramia
3447 3983 3497 4042 in
3513 3991 3692 4040 mente

2100 4081 2387 4138 ponamus:
2413 4084 2587 4142 neque
2613 4069 2956 4139 pecuniarum
2986 4081 3229 4141 sumptus
3258 4081 3461 4126 tantum
3480 4081 3692 4142 specte-

2099 4175 2241 4236 mus,
2268 4160 2315 4216 si
2339 4161 2552 4232 quando
2580 4176 2716 4233 opus
2741 4173 2824 4218 est
2845 4178 2938 4219 eas
2967 4164 3291 4234 pauperibus
3318 4181 3562 4236 erogare,
3593 4166 3689 4222 sed

2100 4253 2276 4324 potius
2324 4263 2551 4324 quantus
2588 4255 2713 4311 inde
2759 4255 2913 4312 nobis
2964 4269 3255 4326 proventus
3294 4267 3562 4320 nascatur.
3613 4260 3690 4315 Ea

2098 4345 2244 4408 enim
2284 4343 2354 4402 de
2391 4359 2550 4410 causa
2578 4346 2770 4411 semini
2817 4347 3213 4420 eleemosynam
3254 4351 3582 4419 comparavit
3608 4351 3694 4407 di-

2097 4434 2218 4491 vina
2243 4434 2536 4505 Scriptura,
2563 4446 2622 4492 ut
2637 4452 2757 4491 cum
2781 4438 2976 4508 gaudio
2999 4448 3054 4494 et
3077 4439 3241 4498 multa
3262 4440 3535 4498 alacritate
3561 4457 3684 4498 eam

2096 4540 2402 4598 operemur.
2428 4526 2561 4582 Nam
2583 4529 2629 4583 si
2659 4529 2693 4584 ii
2719 4530 2809 4600 qui
2840 4529 3044 4585 semina
3075 4539 3231 4587 terrae
3259 4532 3604 4597 eoticredunt,
3631 4543 3691 4589 et

2095 4619 2319 4674 collecta
2344 4625 2405 4675 et
2445 4619 2588 4676 intus
2628 4621 2863 4690 reposita
2897 4631 3233 4692 spargentes,
3265 4621 3315 4678 id
3343 4638 3464 4679 cum
3495 4625 3687 4694 gaudio

2097 4717 2376 4781 praestant,
2421 4718 2478 4765 et
2515 4709 2654 4766 bona
2681 4726 2777 4780 spe
2822 4710 3090 4778 foveatur,
3124 4722 3180 4768 et
3227 4713 3338 4783 jam
3386 4716 3688 4784 manipulos

2095 4799 2453 4870 imaginantur
2478 4813 2542 4856 ac
2557 4800 2744 4869 plenas
2767 4816 2918 4857 areas
2942 4821 2956 4857 :
2989 4803 3161 4858 multo
3178 4804 3346 4875 magis
3367 4804 3470 4859 illis
3493 4805 3688 4874 quibus

2094 4891 2280 4946 datum
2307 4900 2392 4947 est
2429 4906 2614 4947 semen
2653 4891 2758 4949 hoc
2781 4894 3060 4964 spirituale
3087 4895 3356 4950 seminare
3377 4895 3612 4966 gaudere
3632 4905 3686 4951 et

2093 4986 2364 5042 exsultare
2395 4987 2677 5054 convenit,
2721 4986 2944 5056 quodin
2994 4996 3136 5042 terra
3166 4995 3406 5043 serentes
3455 4988 3684 5043 messuri

2093 5083 2201 5145 sint
2222 5080 2274 5134 in
2297 5079 2474 5136 caelo:
2513 5087 2570 5134 et
2617 5094 2867 5135 nummos
2913 5079 3298 5150 expendentes,
3341 5090 3683 5150 peccatorum

2094 5171 2464 5228 remissionem
2493 5169 2758 5240 accipiant
2780 5178 2835 5226 et
2855 5169 3060 5226 ducia:
3084 5172 3364 5226 materiam
3387 5172 3680 5237 inveniant,

2094 5265 2444 5321 conciliantes
2472 5262 2571 5318 sibi
2602 5276 2697 5334 per
2731 5277 2796 5319 ea
2838 5278 2958 5333 qua:
3001 5258 3088 5332 hic
3123 5262 3438 5332 largiuntur,
3485 5276 3683 5331 pet-pe.

2095 5368 2238 5411 tuam
2287 5357 2522 5426 quietem
2547 5363 2602 5410 et
2629 5368 2752 5410 cum
2781 5354 2984 5410 sanctis
3011 5353 3493 5418 conversationem.
3541 5353 3608 5407 Et
3633 5353 3683 5408 si

2091 5449 2476 5504 continentiam
2530 5448 2728 5518 eligere
2767 5446 2996 5516 placeat,
3035 5460 3144 5502 non
3166 5452 3468 5516 spectemus
3497 5445 3680 5498 virtuti

2092 5541 2328 5596 laborem
2354 5541 2550 5605 inesse,
2582 5555 2646 5594 ac
2674 5539 3030 5611 virginitatem
3052 5553 3303 5608 maguum
3339 5537 3534 5591 habere
3561 5549 3681 5589 cer-

2095 5645 2271 5689 tamen
2307 5651 2321 5687 :
2372 5633 2464 5688 sed
2503 5648 2624 5692 eam
2665 5641 2893 5698 sortem,
2919 5646 3037 5702 qua:
3086 5644 3186 5684 nos
3236 5627 3480 5698 excipiet,
3534 5641 3680 5697 cogi-

2094 5737 2268 5784 temus
2318 5745 2330 5779 :
2379 5707 2514 5780 hanc
2561 5739 2774 5796 semper
2808 5723 3084 5778 nobiscum
3145 5730 3473 5790 reputantes,
3523 5719 3678 5773 mala:

2096 5816 2540 5889 concupiscentia:
2566 5816 2894 5872 refrenemus
2932 5812 3132 5890 rabiem
3158 5855 3174 5879 ,
3200 5813 3475 5866 vincamus
3501 5810 3678 5866 carnis
