4060 6422
209 417 308 475 359

207 530 409 594 σαυτὸν,
445 525 523 590 ὡς
542 526 685 595 ἕξεις
713 524 1045 597 κληρονόμον
1063 523 1155 578 τδν
1184 524 1248 578 ἐκ
1270 524 1363 579 σοῦ
1400 523 1659 596 μέλλοντα
1683 523 1858 579 τίκτε-

206 619 341 674 σθαι.
378 609 506 669 Εἶτα
528 614 715 685 ἐπειδὴ
738 613 881 685 ὑπὲρ
904 612 1064 681 φύσιν
1091 608 1160 684 ἦν
1191 614 1223 683 ἡ
1251 612 1569 682 ἐπαγγελία,
1594 613 1689 666 καὶ
1713 612 1864 667 ἐνίκα

203 702 447 775 λογισμὸν
504 701 840 772 ἀνθρώπινον
886 698 1120 772 (πολλὴν
1156 701 1265 771 γὰρ
1319 698 1470 771 αὐτῷ
1501 699 1735 753 ἐνεποίει
1765 699 1863 769 τὴν

203 792 362 862 ζάλην
381 789 447 844 τά
470 790 571 859 τῆς
596 787 810 856 φύσεως
842 787 1160 865 κωλύματα,
1196 787 1257 841 τὸ
1285 788 1462 858 γῆρας
1478 787 1539 841 τὸ
1562 787 1748 853 αὐτοῦ,
1764 789 1864 859 τῆς

202 876 426 949 Σάραςή
460 874 763 945 στείρωσις,
793 872 892 942 τῆς
919 873 1134 944 μήτρας
1165 874 1198 945 ἡ
1227 872 1532 944 νέκρωσις)
1559 913 1574 936 ,
1607 873 1861 928 ἐπιτείνει

200 965 292 1033 τῆς
314 959 642 1029 ἐπαγγελίας
664 959 725 1012 τὸ
760 956 1006 1029 μέγεθος,
1043 958 1131 1013 ἵνα
1155 958 1290 1030 πρὸς
1330 959 1429 1028 τὴν
1461 958 1554 1014 τοῦ
1598 960 1860 1028 ἐπαγγει-

198 1049 423 1120 λαμένου
457 1046 770 1116 φιλοτιμίαν
800 1045 1020 1116 ἀφορῶν
1043 1044 1267 1117 θαρρεῖν
1292 1047 1320 1099 ὁ
1348 1046 1558 1108 δίκαιος
1579 1046 1697 1119 ἔχῃ.
1732 1046 1861 1111 Ἰξξ-

199 1136 376 1205 mare
397 1131 463 1186 δὲ
481 1130 669 1188 αὐτὸν
693 1131 828 1196 ἔξω,
854 1131 1009 1203 φησί,
1041 1130 1140 1185 καὶ
1173 1126 1344 1185 εἶπεν
1369 1131 1557 1199 αὐτῷ·
1595 1132 1860 1189 Ἀνάϐλε-

197 1225 316 1290 ψον
339 1222 424 1286 εἰς
437 1219 545 1273 τὸν
564 1217 846 1287 οὐρανὸν,
878 1217 976 1272 καί
1005 1219 1344 1288 ἀρίθμησον
1370 1219 1512 1287 τοὺς
1569 1220 1856 1288 ἀστέρας,

197 1312 249 1366 εὶ
276 1307 513 1375 δυνήσῃ
535 1305 932 1376 ἐξαριθμῆσαι
981 1307 1225 1372 αὐτούς.
1275 1306 1389 1360 Καὶ
1423 1292 1590 1362 εἶπεν
1611 1324 1625 1341 ο
1663 1309 1861 1373 Οὕτως

199 1395 357 1448 ἔσται
387 1392 457 1446 τὸ
496 1391 739 1462 σπέρμα
788 1408 927 1446 σου.
972 1391 1081 1445 Καὶ
1109 1392 1475 1454 ἐπίστευσεν
1515 1394 1733 1467 ’Λϐραμ
1780 1395 1861 1467 τῷ

199 1479 331 1553 Θεῷ,
354 1478 452 1534 καί
477 1479 768 1547 ἐλογίσθη
790 1477 951 1544 αὐτῷ
970 1479 1058 1545 είς
1088 1477 1501 1549 δικαιοσύνην.
1525 1480 1683 1543 Τίνος
1699 1479 1860 1533 ἕνεκα

195 1568 588 1638 ἐπεσημήνατο,
620 1567 702 1619 ὅτι
744 1565 1072 1635 Ἐεήγαγεν
1093 1565 1280 1628 αὐτὸν
1323 1566 1469 1633 ἔξω
1503 1566 1719 1636 Ἐπειδὴ
1750 1566 1858 1638 γὰρ

194 1655 441 1727 ἀνωτέρω
469 1651 640 1719 εἶπεν,
667 1653 748 1707 ὅτι
785 1654 844 1707 ἐν
869 1653 1104 1725 ὁράματι
1123 1652 1225 1723 τῆς
1259 1653 1452 1718 νυκτὸς
1491 1653 1677 1723 ὀφθεὶς
1710 1651 1859 1724 αὐτῴ

194 1745 258 1799 τά
273 1743 405 1816 πρὸς
420 1743 583 1798 αὐτὸν
599 1743 893 1814 ἐποιήσατο
921 1743 1163 1813 ῥήματα,
1192 1740 1437 1812 βούλεται
1457 1741 1513 1806 δέ
1529 1741 1675 1814 αὐτῷ
1690 1741 1858 1807 δεῖξαι

193 1832 293 1888 τῶν
316 1831 563 1902 ἀστέρων
590 1831 698 1889 τῶν
727 1832 784 1883 ἐν
809 1829 887 1901 τῷ
911 1828 1125 1901 οὐρανῷ
1149 1829 1212 1882 τδ
1236 1829 1631 1900 ἀναρίθμητον,
1672 1829 1856 1899 φησὶν,

205 1919 528 1990 Ἐζήταγεν
553 1917 742 1975 αὑτὸν
756 1916 894 1982 ἔξω,
915 1916 1013 1973 καὶ
1035 1913 1205 1972 εἶπεν
1219 1928 1235 1949 δ
1267 1915 1630 1988 Ἀνάϐλεψον
1648 1918 1735 1983 εἰς
1757 1916 1861 1970 τὸν

193 2006 465 2074 οὐρανὸν,
503 2006 604 2059 καί
634 2005 977 2081 ἀρίθμησον
1011 2004 1154 2071 τοὺς
1192 2003 1486 2073 ἀστέρας,
1516 2000 1578 2057 ἐἰ
1616 2002 1857 2074 δυνήσῃ

192 2092 581 2164 ἐξαριθμῆσαι
627 2092 870 2158 αὐτούς.
922 2091 1035 2146 Καὶ
1093 2087 1295 2147 εἶπενο
1344 2090 1543 2159 Οὕτως
1586 2091 1756 2145 ἔσται
1794 2091 1858 2145 τὸ

192 2180 421 2250 σπέρμα
437 2168 579 2234 σου.
614 2179 773 2247 Μέγα
793 2179 856 2235 τὺ
886 2177 1230 2249 ἐπάγγελμα,
1253 2176 1387 2243 πολὺ
1419 2177 1481 2230 τὸ
1511 2176 1740 2248 μέγεθος
1760 2179 1861 2249 τῆς

191 2265 528 2337 ὑποσχέσεως
551 2279 566 2295 °
628 2264 743 2319 ἀλλ’
794 2264 890 2318 ἐάν
933 2264 1035 2336 τὴν
1069 2264 1298 2335 δύναμιν
1346 2262 1441 2333 τοῦ
1489 2264 1858 2335 ὑποσχομένου

197 2351 548 2424 ἐννοήσωμεν,
581 2351 732 2405 οὐδὲν
752 2352 883 2422 ἡμῖν
917 2353 1166 2421 φανεῖται
1202 2350 1364 2422 μέγα.
1406 2350 1465 2406 '0
1495 2351 1736 2424 γὰράπὸ
1757 2352 1861 2423 γῆς

193 2439 345 2511 σῶμα
369 2438 694 2503 διαπλάσας,
716 2438 812 2492 καὶ
836 2439 900 2495 ἐκ
918 2436 1014 2492 τοῦ
1047 2437 1124 2510 μὴ
1147 2438 1299 2505 ὄντος
1321 2438 1402 2502 εἰς
1429 2438 1492 2505 τὸ
1514 2434 1653 2493 εἶναι
1683 2457 1862 2511 παρα-

190 2526 388 2597 γαγὼν,
420 2525 520 2580 καὶ
551 2525 962 2601 δημιουργήσας
1018 2524 1232 2581 ἅπαντα
1283 2523 1354 2596 τά
1384 2523 1659 2598 δρώμενα,
1705 2520 1861 2593 οὗτος

190 2615 280 2669 καὶ
308 2614 374 2669 τά
406 2613 556 2686 ὑπὲρ
575 2612 737 2684 φύσιν
770 2611 1096 2686 χαρίσασθαι
1129 2602 1435 2684 δυνήσεται.

254 2700 474 2773 ε⁹.1570]
494 2697 652 2764 Εἶδες
670 2698 938 2754 Δεσπότου
956 2697 1287 2769 φιλοτιμίαν;
1311 2697 1532 2771 Ἐπειδὴ
1554 2699 1663 2771 γάρ
1683 2695 1860 2769 εἶπεν,

200 2787 555 2856 Ἅπολύομαι
584 2784 856 2851 ἄτεκνος,
882 2785 976 2839 καί
1006 2784 1208 2838 ὠσανεί
1229 2785 1357 2856 περί
1381 2785 1549 2850 αὐτὰς
1577 2786 1669 2842 τοῦ
1694 2787 1861 2842 θανά-

188 2890 276 2927 του
310 2873 409 2938 τὰς
438 2872 614 2945 θύρας
638 2872 943 2942 τυγχάνων,
983 2872 1077 2925 καὶ
1106 2872 1207 2925 οὐκ
1245 2871 1326 2925 ἐτι
1363 2872 1545 2926 λοιπὸν
1568 2874 1861 2944 ἐνεργῆσαι

186 2959 475 3031 δυνάμενος
526 2958 667 3029 πρὸς
712 2957 1075 3024 παιδοποιίαν,
1121 2957 1262 3011 οὑτω
1290 2958 1360 3012 τὰ
1412 2958 1634 3029 ῥήματα
1680 2960 1861 3014 ἐκεῖνα

189 3048 460 3118 προήκατο
483 3044 687 3112 λέγων;
718 3044 800 3096 ὃτι
840 3044 904 3098 '0
937 3044 1070 3110 υίὸς
1110 3041 1308 3104 Μαζὲκ
1351 3043 1456 3113 τῆς
1513 3043 1862 3114 οίκογενοῦς

183 3149 295 3201 μου
348 3128 799 3201 κληρονομήσει
836 3147 933 3199 με.
985 3129 1085 3182 Διά
1128 3128 1285 3183 τοῦτο
1346 3130 1650 3200 ἀναστῆσαι
1695 3130 1859 3185 αὐτοῦ

190 3214 505 3290 βουλόμενος
541 3216 602 3271 τὸ
654 3216 932 3288 φρόνημα,
968 3217 1063 3270 καὶ
1093 3217 1413 3288 ἀκμάζοντα
1455 3217 1548 3273 τὸν
1602 3217 1860 3289 λογισμὸν

186 3306 544 3377 ἐργάσασθαι,
571 3304 665 3359 καί
693 3303 788 3357 τοῦ
816 3304 968 3367 δέους
996 3304 1159 3358 αὐτὸν
1177 3302 1509 3358 ἀπαλλάττει
1530 3305 1624 3357 τοῦ
1652 3307 1862 3359 ἐπικει-

187 3394 365 3463 μένου,
392 3395 489 3448 καί
547 3394 612 3464 τῇ
659 3390 952 3460 ὑποσχέσει
987 3390 1211 3461 ἀνορθοῖ
1257 3390 1422 3445 αὐτοῦ
1469 3391 1568 3463 τὴν
1600 3392 1858 3458 διάνοιαν,

185 3482 273 3547 καί
297 3481 376 3554 τῷ
406 3480 635 3554 μεγέθει
659 3480 757 3551 τῆς
783 3479 1013 3551 δωρεᾶς,
1041 3479 1137 3532 καὶ
1163 3478 1240 3549 τῷ
1268 3479 1544 3545 ὑποδεῖξαι
1566 3481 1673 3535 τῶν
1696 3480 1860 3534 ἀστέ-

187 3586 291 3641 ρων
313 3570 374 3624 τὸ
405 3569 640 3639 πλῆθος,
674 3567 774 3633 καὶ
801 3566 988 3643 ἐξίσης
1008 3566 1213 3621 τούτων
1238 3566 1668 3637 ἐπαγγείλασθαι
1708 3568 1863 3639 γενή-

187 3657 366 3713 σεσθαι
400 3658 535 3723 τοὺς
567 3654 941 3724 τικτομένους,
969 3654 1049 3717 είς
1076 3654 1319 3727 χρηστὰς
1350 3654 1556 3724 ἤγαγεν
1581 3655 1743 3709 αὐτὸν
1777 3654 1863 3708 ἐλ-

186 3742 357 3810 πίδας.
390 3742 578 3818 Ὁρῶν
623 3740 734 3811 γὰρ
765 3738 861 3794 τοῦ
904 3734 1175 3799 Δεσπότου
1226 3741 1325 3811 τὴν
1353 3741 1684 3811 ἐπαγγελίαν
1708 3783 1722 3806 ,
1768 3742 1863 3795 καὶ

187 3830 357 3887 πάντα
411 3828 762 3903 ἀνθρώπινον
793 3827 1052 3898 λογισμὸν
1095 3828 1543 3899 ἀποσεισάμενος,
1599 3829 1692 3883 καί
1738 3828 1862 3897 οὐτε

186 3919 317 3991 πρὸς
342 3918 541 3983 ἐαυτὸν
575 3914 717 3978 ἰδὼν,
752 3913 875 3970 οὐτε
902 3913 1040 3986 πρὸς
1072 3914 1168 3985 τὴν
1212 3915 1392 3987 Σάραν
1426 3912 1648 3970 πλείονα
1689 3916 1861 3983 κωλύυ

188 4024 328 4078 ματα
352 4007 615 4079 Ξχουσαν,
645 4002 784 4058 ἀλλά
808 4000 881 4061 τὰ
916 4000 1232 4072 ἀνθρώπινα
1258 4002 1435 4055 πάντα
1474 4002 1737 4076 ὑπερϐάς,
1772 4005 1865 4058 καί

186 4093 335 4158 εἰδὼς
359 4095 442 4149 ὅτι
462 4089 694 4153 δυνατὸς
713 4089 741 4143 ὁ
765 4087 898 4152 Θεὸς
924 4087 1111 4143 καὶτὰ
1134 4088 1274 4158 ὑπὲρ
1305 4087 1466 4156 φύσιν
1495 4088 1860 4161 δωρῄσασθαι,

189 4179 456 4254 ἐθάρρησε
480 4182 600 4243 τοῖς
622 4177 953 4249 εἰρημένοις,
988 4175 1082 4233 καὶ
1109 4173 1362 4245 οὐδεμίαν
1392 4175 1720 4245 ἀμφιϐολίαν
1751 4175 1865 4231 ἐδέ-

188 4265 331 4337 ξατο,
360 4269 486 4323 οὐδέ
518 4266 769 4329 ἐδίστασε
796 4263 934 4336 πρὸς
957 4264 1023 4316 τὰ
1055 4260 1307 4333 ῥηθέντα.
1333 4260 1504 4314 Τοῦτο
1524 4262 1633 4333 γὰρ
1648 4263 1865 4336 ἀληθῶς

188 4355 440 4423 πίστεως,
471 4356 607 4409 ὅταν
643 4352 719 4424 μὴ
748 4351 889 4406 κατὰ
914 4347 1261 4423 ἀνθρωπίνην
1289 4348 1611 4403 ἀκολουθίαν
1639 4352 1864 4422 γινομέ-

187 4458 282 4513 νης
307 4445 409 4515 τῆς
432 4438 789 4510 ἐπαγγελίας,
819 4438 981 4513 ἡμεῖς
1008 4434 1299 4507 θαρρῶμεν
1324 4437 1390 4507 τῇ
1427 4435 1520 4488 τοῦ
1551 4436 1862 4509 ὑποσχομέ-

186 4545 274 4582 νου
330 4529 586 4599 δυνάμει.
618 4526 829 4591 Πίστις
866 4522 975 4593 γάρ
999 4522 1152 4587 ἐστι,
1196 4520 1378 4585 καθὼς
1413 4521 1508 4575 καὶ
1539 4524 1568 4576 ό
1597 4524 1864 4597 μακάριος

189 4614 395 4680 Παῦλός
439 4629 632 4685 φησιν,
666 4608 1066 4685 ἐλπιζομένων
1106 4609 1448 4675 ὑπόστασις
1473 4609 1863 4681 πραγμάτων,

185 4702 435 4772 ἐλεγχος
472 4701 549 4755 οὐ
571 4696 1004 4766 βλεπομένων
1036 4694 1131 4747 καί
1152 4695 1312 4749 πάλιν
1330 4712 1344 4727 ο
1379 4699 1449 4749 '0
1495 4696 1605 4767 γὰρ
1645 4696 1865 4762 βλέπει

184 4803 295 4855 τις,
336 4788 396 4842 τί
435 4787 542 4842 καὶ
591 4783 846 4848 ἐλπίζει;
887 4783 1095 4837 Ἐκεῖνο
1128 4782 1306 4853 τοίνυν
1345 4783 1463 4836 ἐστὶ
1504 4782 1704 4849 πίστις,
1736 4786 1864 4841 ὅταν

184 4873 416 4938 ἐκείνοις
472 4872 825 4941 πιστεύωμεν
879 4873 993 4935 τοῖς
1058 4869 1131 4942 μὴ
1162 4870 1530 4941 βλεπομένοις,
1584 4871 1720 4938 πρὸς
1763 4873 1866 4944 τὴν

183 4961 533 5028 ἀξιοπιστίαν
562 4958 659 5013 τοῦ
690 4957 1158 5028 ἐπαγγειλαμένου
1184 4957 1283 5028 τὴν
1311 4957 1546 5015 διάνοιαν
1567 4958 1863 5025 τείναντεςο

182 5048 211 5101 δ
240 5042 305 5118 δὴ
331 5049 429 5103 καὶ
454 5050 484 5102 ό
512 5045 719 5111 δίκαιος
743 5037 899 5113 οὗτος
945 5044 1231 5115 πεποίηκε,
1290 5045 1489 5116 πολλὴν
1516 5047 1611 5100 καί
1637 5048 1866 5118 γνησίαν

185 5134 367 5189 πίστιν
393 5131 813 5204 ἐπιδειξάμενος
860 5131 990 5202 περὶ
1015 5129 1085 5185 τὰ
1132 5120 1571 5201 ’ἐπαγγελθένταο
1603 5133 1671 5189 δι’
1713 5134 1745 5187 δ
1773 5136 1866 5189 καὶ

183 5222 626 5294 ἀνακηρύττεται
691 5219 793 5274 ὑπὸ
842 5221 939 5288 τῆς
987 5217 1137 5283 θείας
1183 5219 1434 5290 Γραφῆς*
1467 5220 1716 5293 ἐπήγαγε
1758 5221 1867 5294 γὰρ

184 5309 410 5374 εὐθέως,
446 5307 563 5363 Καὶ
602 5308 969 5362 ἐπίστευσεν
997 5304 1213 5375 Ἄδραμ
1245 5304 1325 5371 τῷ
1369 5306 1515 5373 Θεῷ,
1555 5309 1649 5362 καὶ
1677 5307 1869 5379 ἐλογί-

183 5400 303 5464 σθη
341 5395 508 5460 αὐτῷ
537 5396 626 5460 είς
659 5393 1074 5460 δικαιοσύνην.
1119 5387 1269 5456 Εἶδες
1320 5392 1440 5457 πῶς
1487 5394 1580 5448 καί
1630 5394 1736 5465 πρὸ
1767 5395 1868 5469 τῆς

185 5484 470 5546 ἐκδάσεως
515 5479 630 5535 τῶν
654 5480 1120 5549 ἐπαγγελθέντων,
1153 5479 1240 5532 ἐπ’
1284 5479 1431 5555 αὐτῷ
1455 5481 1533 5551 τῷ
1583 5481 1867 5538 πιστεῦσαι

181 5569 465 5645 ἀρκοῦσαν
518 5569 624 5638 τὴν
682 5567 917 5638 ἀμοιϐὴν
943 5565 1197 5633 ἐδέξατος
1251 5567 1344 5630 Εἰς
1388 5568 1495 5638 γάρ
1524 5566 1868 5639 δικαιοσύνην
1897 5580 1908 5588 ’

183 5656 332 5727 αὐτῷ
364 5654 631 5727 ἐλογίσθη
650 5655 712 5709 τὸ
739 5653 1027 5708 πιστεῦσαι
1046 5655 1112 5724 τῇ
1146 5653 1294 5725 παρά
1322 5652 1417 5706 τοῦ
1464 5653 1597 5708 Θεοῦ
1632 5656 1870 5724 ἐπαγγε-

180 5740 293 5816 λίᾳ,
321 5742 417 5798 καὶ
443 5741 523 5813 μὴ
548 5739 835 5813 λογισμοῖς
884 5739 1246 5819 ἀνθρωπίνοις
1299 5741 1761 5812 περιεργάσασθαι
1800 5744 1869 5798 τὰ

177 5829 328 5898 καρά
356 5828 456 5886 τοῦ
485 5827 633 5885 Θεοῦ
680 5826 830 5900 αὐτῷ
883 5828 1166 5901 είρημένα.
1222 5827 1613 5897 Παιδευώμεθα
1665 5830 1862 5900 τοίνυν,

1250 407 1321 465 ΙΝ
1356 407 1509 466 CAP.
1550 405 1646 464 XV
1686 404 1930 462 GENES.
1970 403 2208 465 HOMIL.
2239 408 2480 468 XXXVI.

3528 421 3635 478 5|0

1971 523 2294 594 παρακαλῶ,
2349 526 2443 579 καὶ
2492 527 2653 598 ἡμεῖς
2685 527 2836 601 παρά
2863 529 2956 584 τοῦ
2990 531 3327 604 πατριάρχου
3356 532 3633 591 πιστεύειν

1964 613 2075 674 τοῖς
2110 610 2260 682 παρὰ
2288 612 2382 665 τοῦ
2412 613 2545 667 Θεοῦ
2597 615 2927 687 εἰρημένοις,
2962 618 3056 681 καί
3105 620 3224 682 ταῖς
3273 618 3633 689 ὑποσχέσεσιν

1965 699 2128 753 αὐτοῦ
2168 700 2409 772 θαρρεῖν,
2452 701 2547 754 καί
2606 701 2681 777 μὴ
2702 705 2816 766 τοῖς
2845 705 3063 769 οἰκείοις
3086 705 3363 776 λογισμοῖς
3396 723 3630 771 κατακο-

1963 786 2194 853 λουθεῖν,
2227 789 2321 841 καὶ
2374 788 2573 860 πολλὴν
2603 789 2701 861 τὴν
2731 792 3147 866 εὐγνωμοσύνην
3203 793 3625 850 ἐπιδείκνυσθαι.

1963 872 2134 931 Τοῦτο
2158 874 2266 945 γὰρ
2300 878 2446 947 ἡμᾶς
2479 877 2573 930 καὶ
2602 878 2841 945 δικαίους
2876 879 3150 949 ἀποφῆναι
3179 880 3239 934 δυ
3253 884 3464 952 θήσεται
3484 919 3499 945 ,
3534 879 3631 937 καὶ

1962 958 2171 1030 ταχέως
2197 963 2601 1033 παρασκευάσει
2648 965 2757 1036 τῶν
2810 968 2942 1036 παρ’
2985 966 3149 1029 αὐτοῦ
3207 967 3632 1039 ἐπηγγελμένων

1963 1045 2259 1118 ἐπιτυχεῖν.
2312 1048 2469 1103 Ἀλλά
2495 1050 2572 1121 τῷ
2608 1051 2707 1121 μὲν
2745 1052 2994 1123 Ἀϐραὰμ
3037 1054 3402 1124 ἐπηγγείλατο
3442 1056 3508 1109 ἐκ
3535 1055 3630 1109 τοῦ

1964 1133 2275 1206 σπέρματος
2297 1136 2458 1190 αὐτού
2479 1137 2769 1207 ὁλόκληρον
2787 1132 2987 1211 πλῆθος
3010 1140 3357 1211 γενήσεσθαι,
3376 1141 3631 1213 καὶρύπέρ

1963 1219 2123 1290 φύσιν
2146 1221 2241 1274 καί
2275 1221 2590 1281 ἀκολουθίαν
2618 1225 2962 1297 ἀνθρωπίνην
2981 1226 3051 1285 τά
3072 1228 3168 1297 τῆς
3192 1227 3522 1296 ἐπαγγελίας
3541 1223 3631 1300 ἦν,

1960 1306 2027 1360 δι’
2058 1307 2087 1361 ὃ
2114 1308 2207 1361 καὶ
2235 1309 2267 1378 ἡ
2307 1309 2488 1372 πίστις
2525 1312 2559 1380 ἡ
2602 1311 2730 1382 περὶ
2758 1312 2920 1366 αὐτὸν
2947 1313 3048 1384 τὴν
3082 1313 3429 1386 δικαιοσύνην
3481 1315 3632 1385 αὐτῷ

1961 1394 2215 1464 ἐκόμισεν
2246 1411 2259 1424 ·
2297 1397 2428 1467 ἡμῖν
2464 1395 2541 1463 δὲ,
2579 1397 2674 1451 ἐὰν
2707 1400 2964 1469 νήφωμεν
2985 1439 3000 1463 ,
3034 1399 3214 1471 πολλῷ
3249 1399 3472 1470 μείζονα
3501 1401 3631 1456 ὑπέ-

1962 1499 2139 1553 σχετο,
2165 1483 2257 1536 καὶ
2280 1482 2460 1553 πολλῷ
2478 1483 2556 1555 τῷ
2584 1485 2767 1558 μέτρῳ
2794 1487 2919 1551 τοὺς
2940 1486 3310 1560 ἀνθρωπίνους
3339 1489 3632 1560 λογισμοὺς

1961 1564 2382 1636 ὐπερακοντίσαι
2430 1566 2740 1638 δυνάμεθαο
2776 1568 2936 1639 μόνον
2973 1571 3069 1623 ἐὰν
3124 1571 3511 1642 πιστεύσωμεν
3564 1573 3628 1643 τῇ

1960 1651 2051 1703 τοῦ
2085 1652 2453 1723 ὑποσχομένου
2490 1653 2737 1726 δυνάμει,
2779 1655 2865 1709 ἵνα
2915 1657 3009 1713 καὶ
3049 1657 3147 1729 τὴν
3175 1659 3241 1711 ἐκ
3283 1659 3518 1722 πίστεως
3548 1658 3630 1712 δι-

1961 1739 2252 1811 καιοσύνην
2280 1738 2656 1812 κομισώμεθα,
2687 1743 2781 1797 καὶ
2809 1742 2916 1797 τῶν
2959 1744 3386 1814 ἐπηγγελμένων
3410 1743 3633 1812 ἀγαθῶν

1961 1824 2323 1897 ἐπιτύχωμεν.
2353 1827 2433 1881 Τά
2453 1827 2563 1900 γάρ
2585 1829 2715 1900 ἡμῖν
2747 1828 2981 1900 μάλιστα
3009 1829 3434 1899 ἐπαγγελοέντα,
3456 1830 3634 1884 πάντα

1960 1910 2218 1982 λογισμὸν
2254 1913 2592 1991 ἀνθρώπινον
2629 1918 2775 1987 νικᾷ,
2828 1916 2922 1970 καὶ
2960 1918 3141 1987 πᾶσαν
3193 1917 3428 1984 διάνοιαν
3462 1916 3633 1987 ὑπερ.

1961 1999 2133 2055 σαίνει
2155 2017 2169 2032 ο
2206 2001 2355 2075 [571]
2383 2002 2606 2064 τοσοῦτο
2627 2004 2735 2059 τῶν
2781 2005 3126 2077 ὑποσχέσεων
3156 2007 3268 2059 ἐστι
3295 2006 3357 2077 τὸ
3383 2006 3632 2077 μέγεθος.

1960 2087 2097 2145 Οὐδὲ
2128 2089 2237 2162 γάρ
2282 2090 2353 2144 τά
2386 2093 2443 2145 ἐν
2492 2091 2572 2164 τῷ
2607 2093 2835 2164 παρόντι
2886 2093 3044 2165 μόνον
3077 2092 3363 2163 ὑπέσχετο,
3413 2094 3507 2147 καὶ
3534 2093 3635 2164 τῆς

1961 2176 2192 2231 ἐνταῦθα
2236 2177 2382 2248 ζωῆς
2426 2176 2526 2251 τὴν
2572 2178 2852 2245 σύστασιν,
2902 2182 2995 2247 καὶ
3028 2181 3131 2250 τὴν.
3177 2180 3475 2233 ἀπόλαυσιν
3523 2179 3634 2235 τῶν

1959 2264 2269 2336 ὁρωμένων,
2297 2264 2434 2318 ἀλλά
2461 2265 2551 2319 καί
2583 2266 2722 2337 μετά
2761 2266 2859 2339 τὴν
2909 2265 3156 2331 ἐντεῦθεν
3186 2265 3361 2330 ἔξοδον
3413 2265 3506 2318 καὶ
3533 2264 3634 2336 τὴν

1958 2351 2069 2404 τῶν
2100 2351 2368 2423 σωμάτων
2393 2352 2622 2423 φθοράν,
2650 2353 2870 2407 ἐπειδάν
2892 2355 2970 2417 εἰς
2992 2352 3194 2424 τέφραν
3226 2352 3320 2407 καὶ
3354 2352 3500 2406 κόνιν
3524 2351 3636 2406 δια·

1960 2437 2095 2510 λυθῇ
2119 2437 2276 2509 ἡμῶν
2308 2436 2377 2491 τὰ
2403 2439 2650 2510 σώματα,
2681 2438 2802 2493 τότε
2832 2439 3154 2509 ἀναστήσειν
3185 2439 3325 2492 αὐτά
3368 2437 3632 2509 ἐπηγγεί-

1959 2525 2111 2592 λατο,
2140 2526 2317 2579 καῖ’ἐν
2345 2525 2551 2596 μείζονι
2579 2526 2704 2599 δόξῃ
2744 2527 3126 2601 καταστήσειν.
3158 2526 3259 2581 Δεῖ
3289 2526 3400 2596 γὰρ
3422 2565 3438 2591 ,
3472 2527 3636 2597 φησὶν

1961 2616 1992 2670 ό
2024 2614 2288 2686 μακάριος
2322 2615 2554 2678 Παῦλος,
2609 2615 2680 2669 τὸ
2731 2616 2997 2685 φθαρτὸν
3034 2615 3212 2671 τοῦτο
3260 2614 3636 2671 ἐνδύσασθαι

1961 2703 2322 2773 ἀφθαρσίαν,
2343 2703 2445 2759 καὶ
2480 2702 2546 2759 τὸ
2578 2705 2802 2771 θνητὸν
2821 2703 2997 2769 τοῦτο
3014 2704 3387 2759 ἐνδύσασθαι
3414 2704 3635 2759 ἀθανα-

1960 2791 2125 2849 σίαν.
2159 2788 2270 2843 Καὶ
2307 2787 2448 2859 μετὰ
2472 2789 2571 2860 τὴν
2600 2788 2709 2842 τῶν
2735 2790 3002 2859 σωμάτων
3027 2791 3322 2844 ἀνάστασιν
3356 2791 3455 2860 τῆς
3482 2787 3637 2859 βασι-

1961 2875 2112 2941 λείας
2149 2877 2282 2948 ἡμῖν
2309 2875 2407 2946 τὴν
2442 2876 2743 2930 ἀπόλαυσιν
2769 2875 3054 2947 δωρεῖσθαι
3101 2876 3385 2946 ὑπέσχετο,
3418 2876 3511 2929 καὶ
3536 2875 3635 2945 τὴν

1965 2965 2104 3037 μετά
2145 2964 2253 3017 τῶν
2281 2964 2459 3034 ,ἁγίων
2506 2962 2801 3035 διαγωγὴν,
2838 2964 2935 3017 καὶ
2971 2965 3096 3039 τὴν⁹
3118 2966 3175 3018 ἐν
3210 2965 3449 3034 διηνεκεῖ
3479 2961 3635 3016 αἰῶνι

1962 3051 2280 3115 ἀπόλαυσιν,
2311 3052 2402 3105 καὶ
2436 3050 2504 3105 τὰ
2530 3051 2816 3124 ἀπόρρητα
2851 3053 3033 3105 ἐκεῖνα
3054 3051 3253 3121 ἀγαθά,
3302 3053 3364 3106 Ἀ
3403 3051 3632 3119 ὀφθαλ-

1958 3138 2075 3208 μὸς
2104 3140 2216 3193 οὐκ
2244 3134 2387 3203 εἶδε,
2412 3140 2516 3209 καὶ
2546 3134 2658 3205 οὖς
2681 3141 2791 3193 οὐκ
2825 3138 3078 3209 ἤκουσε,
3114 3138 3215 3193 καί
3241 3138 3340 3192 ἐπὶ
3381 3136 3664 3206 καρδίαν·

1962 3225 2276 3294 ἀνθρώπου
2319 3228 2430 3281 οὐκ
2463 3226 2668 3294 ἀνέϐη.
2700 3222 2855 3290 Εἶδες
2904 3227 3044 3298 πόση
3078 3227 3187 3281 τῶν
3219 3224 3562 3296 ὑποσχέσεων
3599 3225 3635 3296 ἡ

1964 3314 2270 3385 ὑπερϐολή;
2305 3310 2444 3378 εἶδες
2476 3313 2693 3385 δωρεῶν
2729 3313 2994 3385 μέγεθος;

2036 3409 2111 3466 ς’.
2133 3401 2317 3454 Ταῦτα
2339 3401 2664 3466 ἐννοοῦντες,
2686 3402 2779 3455 καὶ
2796 3399 2997 3464 εἰδότες
3009 3399 3068 3454 τὸ
3090 3398 3317 3469 ἀψευδὲς
3335 3397 3429 3452 τοῦ
3458 3399 3633 3466 ἐπαγ-

1962 3488 2306 3559 γειλαμένου,
2338 3487 2475 3559 μετὰ
2505 3486 2813 3559 προθυμίας
2833 3487 2969 3558 πρὸς
2995 3488 3121 3550 τοὺς
3141 3488 3238 3556 τῆς
3264 3487 3462 3557 ἀρετῆς
3482 3483 3632 3552 ἀγῶ·

1962 3594 2060 3639 νας
2092 3574 2474 3647 ἀποδυώμεθα,
2528 3576 2614 3630 ἵνα
2646 3576 2741 3630 καὶ
2786 3575 2892 3629 τῶν
2949 3574 3371 3646 ἐπηγγελμένων
3412 3571 3634 3642 ἀγαθῶν

1961 3662 2266 3720 ἀπολαῦσαι
2287 3662 2624 3733 δυνηθῶμεν,
2645 3664 2740 3715 καὶ
2766 3662 2839 3734 μὴ
2865 3661 3218 3733 προτιμῶμεν
3244 3661 3341 3731 τῆς
3359 3659 3635 3732 ἡμετέρας

1966 3750 2240 3822 σωτηρίας
2266 3750 2359 3803 καὶ
2390 3749 2497 3802 τῶν
2527 3747 2794 3815 τοσούτων
2825 3748 3045 3817 ἀγαθῶν
3069 3748 3167 3818 τῆς
3193 3746 3541 3810 ἀπολαύσεως
3568 3746 3636 3800 τά

1966 3837 2295 3909 πρόσκαιρα,
2332 3834 2465 3906 μηδὲ
2498 3835 2625 3898 τοὺς
2670 3834 2868 3899 πόνους
2893 3834 2993 3905 τῆς
3013 3835 3213 3906 ἀρετῆς,
3252 3832 3593 3904 λογιζώμεθα
3616 3872 3634 3899 ,

1966 3924 2103 3981 ἀλλά
2161 3922 2261 3986 τὰς
2316 3921 2612 3986 ἀντιδόσεις
2664 3920 2961 3991 ἐννοῶμενο
3005 3921 3141 3992 μηδὲ
3195 3921 3305 3973 τῶν
3338 3923 3636 3990 χρημάτων

1966 4012 2065 4081 τὴν
2109 4009 2356 4077 δαπάνην
2383 4010 2514 4078 όρᾷν
2545 4006 2884 4077 βουλώμεθα,
2913 4006 3133 4060 ἐπειδὰν
3159 4006 3255 4076 δέῃ
3302 4005 3472 4063 ταῦτα
3522 4008 3636 4068 τοῖς

1967 4096 2163 4167 πένησι
2192 4094 2395 4155 δούναι,
2421 4093 2556 4148 ἀλλά
2580 4093 2678 4163 τὴν
2727 4092 2976 4147 ἐντεῦθεν
3023 4093 3315 4164 γινομένην
3352 4093 3631 4165 πρόσοδον.

1967 4182 2065 4236 Διά
2088 4182 2196 4251 γὰρ
2225 4180 2384 4234 τοῦτο
2414 4178 2492 4250 τῷ
2544 4180 2730 4251 σπόρῳ
2768 4179 2865 4250 τὴν
2897 4179 3266 4251 ἐλεημοσύνην
3299 4179 3640 4251 παρείκασεν

1966 4271 2003 4342 ἡ
2029 4268 2150 4322 θεία
2171 4265 2378 4337 Γραφὴ,
2394 4265 2482 4319 ἵνα
2514 4264 2651 4337 μετά
2672 4267 2848 4337 χαρᾶς
2870 4265 2964 4319 καὶ
2985 4264 3182 4336 πολλῆς
3207 4265 3303 4336 τῆς
3327 4264 3642 4335 προθυμίας

1966 4355 2136 4427 αὐτὴν
2164 4352 2544 4425 ἐργαζώμεθα.
2570 4353 2632 4406 El
2656 4354 2766 4425 γὰρ
2793 4353 2842 4405 οἰ
2868 4354 2935 4423 τῇ
2962 4354 3032 4422 γῇ
3055 4352 3124 4406 τὰ
3149 4353 3437 4422 σπέρματα
3459 4368 3641 4421 παρα-

1966 4440 2402 4513 κατατιθέμενοι,
2445 4439 2543 4492 καί
2562 4438 2632 4493 τὰ
2677 4439 2989 4510 συνηγμένα
3017 4440 3112 4492 καὶ
3131 4438 3276 4491 ἔνδον
3299 4438 3638 4508 ἀποκείμενα

1967 4527 2353 4597 σκορπίζοντες
2388 4527 2529 4597 μετὰ
2556 4528 2731 4598 χαρᾶς
2759 4527 2915 4581 τοῦτο
2936 4526 3375 4597 διαπράττονται,
3399 4527 3494 4580 καὶ
3517 4527 3638 4589 τοῖς

1965 4618 2232 4689 χρησταῖς
2261 4614 2442 4668 ἐλπίσι
2488 4614 2809 4686 τρεφόμενοι
2837 4614 2939 4685 ἥδη
2978 4613 3050 4668 τὰ
3079 4613 3365 4685 δράγματα
3404 4611 3501 4665 και
3536 4610 3645 4683 τὴν,

1968 4705 2082 4773 ἅλω
2104 4700 2542 4774 πεπληρωμένην
2563 4701 2677 4764 τοῖς
2704 4699 2984 4771 λογισμοῖς
3015 4700 3390 4769 ὑπογράφουσι
3408 4714 3424 4731 ο
3456 4697 3641 4768 πολλῷ

1965 4789 2035 4863 δὴ
2060 4789 2260 4860 μᾶλλον
2277 4789 2405 4850 τοὺς
2425 4787 2517 4840 τὸν
2546 4786 2747 4857 σπόρον
2768 4784 2954 4839 τοῦτον
2972 4785 3064 4840 τὸν
3092 4783 3457 4854 πνευματικὸν
3478 4784 3635 4837 σπεί-

1970 4894 2086 4950 ρειν
2115 4874 2573 4945 καταξιουμένους
2610 4872 2820 4944 χαίρειν
2857 4870 2953 4924 καὶ
3002 4869 3296 4941 γεγηθέναι
3344 4871 3632 4943 προσήκει,

1966 4969 2050 5023 ὅτι
2080 4966 2175 5020 ἐπὶ
2202 4965 2305 5036 γῆς
2337 4963 2686 5032 σπείροντες,
2736 4962 2796 5015 ἐν
2819 4959 3035 5032 οὐρανῷ
3073 4958 3309 5032 θερίζειν
3359 4960 3634 5030 μέλλουσι,

1968 5054 2065 5108 καὶ
2090 5050 2333 5123 ἀργύρια
2364 5047 2810 5112 καταϐάλλοντες,
2845 5046 3259 5119 ἁμαρτημάτων
3292 5045 3636 5119 συγχώρησιν

1969 5139 2236 5211 δέχονται,
2286 5134 2382 5189 καὶ
2420 5134 2733 5206 παρρησίας
2761 5133 3016 5203 ἀφορμὴν
3059 5132 3392 5205 εὑρίσκουσι,
3442 5132 3640 5203 προξεε

1968 5223 2184 5287 νοῦντες
2218 5221 2431 5283 ἑαυτοῖς
2456 5219 2543 5273 διὰ
2573 5219 2681 5274 τῶν
2715 5218 2949 5273 ἐνταῦθα
2979 5218 3268 5289 διδομένων
3295 5219 3394 5289 τὴν
3415 5218 3646 5294 διηνεκῆ

1970 5310 2297 5377 ἀνάπαυσιν,
2331 5306 2425 5361 καὶ
2450 5307 2547 5376 τὴν
2573 5305 2711 5377 μετά
2733 5304 2842 5358 τῶν
2862 5305 3033 5374 ἀγίων
3056 5305 3351 5375 διαγωγήν.
3384 5304 3502 5359 Κᾶν
3531 5320 3645 5363 σωιι

1970 5397 2212 5471 φροσύνη
2244 5392 2521 5466 ήδώμεθα.
2573 5392 2648 5464 μὴ
2689 5391 2849 5447 τοῦτο
2877 5392 3188 5463 σκοπῶμεν,
3217 5394 3301 5446 ὅτι
3332 5392 3493 5446 πόνον
3524 5391 3646 5463 ἔχει

1971 5486 2007 5555 η
2038 5483 2235 5554 ἀρετή’
2269 5481 2404 5552 μηδὲ
2429 5480 2512 5533 ὅτι
2545 5480 2579 5549 ἡ
2618 5478 2885 5549 παρθενία
2923 5478 3089 5533 πολὺν
3136 5477 3249 5548 ἔχει
3292 5478 3384 5532 τὸν
3428 5478 3644 5547 ἀγῶνα,

1972 5571 2109 5631 ἀλλά
2127 5568 2226 5639 τὴν
2244 5565 2628 5638 διαδεξομένην
2649 5566 2795 5636 ἡμᾶς
2821 5565 2973 5636 λῆξιν
2999 5566 3293 5636 ἐννοῶμεν,
3317 5566 3410 5620 καὶ
3436 5565 3645 5636 ταύτην

1971 5658 2058 5714 ἀεὶ
2097 5653 2540 5725 ἀναλογιζόμενοι
2564 5654 2662 5724 τῆς
2684 5652 2979 5723 ἐπιθυμίας
3016 5653 3115 5722 τῆς
3145 5656 3388 5724 πονηρᾶς
3413 5652 3641 5724 χαλινὼξ

1972 5762 2156 5816 σωμεν
2179 5744 2278 5814 τὴν
2309 5741 2532 5806 λύτταν,
2564 5739 2974 5814 περιγινώμεθα
3002 5740 3110 5794 τῶν
3135 5739 3234 5811 τῆς
3265 5742 3462 5812 σαρκὸς
3488 5754 3645 5810 σκιρ-

1975 5831 2254 5904 τημάτων,
2283 5831 2376 5886 καὶ
2404 5833 2470 5901 τῇ
2501 5829 2606 5884 τῶν
2629 5828 2871 5900 ἀμοιεῶν
2897 5827 3159 5883 ἀντιδόσει
3204 5827 3300 5897 τὴν
3327 5826 3643 5895 δυσχέρειαν
