4060 6418
506 429 603 484 Ml

504 544 613 597 τῶν
644 544 822 601 πόνων
872 547 1323 621 ὑππεμνιῦμεθα.
1377 552 1558 625 ’ἰκανὴ
1597 555 1761 626 γάρή
1794 555 1900 608 τῶν
1928 557 2178 627 χρηστῶν

506 631 662 696 ἐλπὶς
687 633 779 687 καὶ
806 636 1066 692 κινδύνων
1111 641 1528 710 παρασκευάσαι
1561 642 1923 714 κατατολμᾷν,
1956 647 2086 715 μήτι
2117 663 2181 713 γε

502 717 566 789 δὴ
596 721 695 790 τῆς
715 722 915 794 ἀρετῆς
948 726 1075 789 τοὺς
1094 726 1292 789 πόνους
1310 729 1574 796 γενναίως
1600 731 1858 798 ἐνεγκεῖν.
1888 731 2055 785 Ὅταν
2072 733 2181 802 γάρ

502 804 782 879 ἐννοήσῃς,
834 810 918 862 ὅτι
973 812 1110 882 πρὸς
1144 812 1352 885 βραχὺν
1387 815 1789 885 ἀγωνισάμενος
1826 818 2036 888 χρόνον,
2086 837 2181 874 και

499 893 600 979 τῆς
622 895 921 967 παρθενίας
944 897 1038 969 τὴν
1064 899 1323 971 λαμπάδα
1343 902 1573 973 φαιδρὰν
1589 904 1944 976 διατηρήσας,
1964 907 2179 979 ἐκείνης

499 977 783 1053 ἀξιωθήσῃ
809 985 908 1054 τῆς
935 986 1209 1056 μακαρίας
1243 986 1539 1060 διαγωγῆς,
1566 989 1759 1060 καὶτῷ
1802 990 2019 1062 νυμφίῳ
2059 977 2181 1046 συν-

501 1068 761 1123 εισελθεῖν
786 1070 1009 1143 δυνήσῃ,
1041 1074 1089 1126 εἰ
1119 1073 1216 1137 τάς
1234 1074 1522 1146 λαμπάδας
1548 1076 1693 1148 ἔχοις
1722 1078 2063 1149 ἀνημμένας,
2082 1082 2176 1136 καὶ

499 1155 705 1226 ἀρκοῦν
737 1158 968 1228 ἐχούσας
992 1159 1190 1227 ἔλαιον,
1212 1161 1355 1215 τοῦτ’
1383 1162 1521 1226 ἔστι,
1558 1165 1655 1236 τὴν
1682 1166 1790 1219 ἀπὸ
1818 1167 1928 1219 τῶν
1957 1168 2175 1236 ἀγαθῶν

499 1240 753 1309 πράξεων
775 1245 1054 1314 ἐργασίαν,
1086 1246 1203 1309 πῶς
1226 1249 1348 1319 οὑχὶ
1369 1248 1520 1322 [572]
1556 1251 1694 1322 μετά
1714 1253 1895 1321 πάσης
1925 1255 2176 1321 εὐκολίας

498 1326 713 1381 ἅπαντα
745 1330 812 1384 τά
845 1331 1082 1403 δυσχερῆ
1121 1334 1436 1407 διαδραμεῖν
1484 1338 1712 1411 δυνήσῃ,
1761 1341 1957 1397 ἐννοῶν
1998 1344 2174 1398 ἐκεῖνο

495 1413 557 1467 τὸ
576 1416 725 1487 παρά
743 1417 836 1470 τοῦ
864 1420 1137 1491 μακαρίου
1165 1421 1379 1476 Παύλου
1410 1426 1727 1496 εἰρημένον·
1748 1428 2014 1495 Εἰρήνην
2046 1429 2171 1484 διώ-

496 1518 630 1556 κετε
648 1504 801 1572 μετὰ
832 1505 1094 1571 πάντων,
1133 1509 1230 1563 καί
1258 1510 1367 1565 τόν
1398 1512 1714 1582 ἁγιασμόν,
1751 1510 1824 1571 οὗ
1854 1518 2033 1585 χωρὶς
2070 1520 2172 1573 ob-

494 1586 622 1656 ἃείς
656 1589 868 1659 ὄψεται
899 1593 1007 1648 τὸν
1030 1597 1287 1664 Κύριον;
1319 1594 1473 1662 Εἶδες
1503 1599 1622 1663 πῶς
1664 1605 1730 1673 τῇ
1759 1603 2036 1678 ἁγιωσύνῃ
2072 1605 2170 1677 τὴν

496 1679 721 1751 εἰρήνην
763 1683 1114 1750 συνέζευξεν;
1168 1685 1283 1741 ’Ὶνα
1314 1686 1425 1759 γάρ
1474 1689 1732 1761 μάθωμεν
1770 1693 1852 1744 ὅτι
1901 1693 1961 1745 οὑ
2012 1694 2170 1764 μόνον

494 1765 718 1833 ἁγνείαν
767 1768 1018 1839 σώματος
1051 1772 1313 1844 ἐπιζητεῖ,
1349 1775 1485 1830 ἀλλά
1512 1778 1606 1830 καὶ
1629 1779 1870 1851 εἰρήνην,
1900 1780 2169 1853 εὐκαίρως

492 1851 897 1922 ἐμνημόνευσεν
925 1895 941 1921 ,
1009 1859 1348 1931 ἑκατέρωθεν
1396 1863 1787 1933 ἀσφαλίξεσθαι
1849 1851 2170 1940 βουλόμενος

490 1936 740 2003 ἕκαστον,
770 1942 864 1994 καὶ
890 1944 950 1996 ἐν
987 1947 1316 2002 καταστάσει
1351 1944 1491 2004 εἶναι
1528 1952 1637 2006 τῶν
1679 1953 1974 2025 λογισμῶν,
2026 1956 2167 2012 ὥστε

492 2025 763 2096 μηδεμίαν
791 2025 930 2083 εἶναι
963 2034 1206 2104 ταραχὴν
1233 2035 1265 2104 ἢ
1304 2035 1531 2107 θόρυϐον
1559 2040 1617 2091 ἐν
1644 2042 1805 2112 ἡμῖν,
1839 2042 1954 2096 ἀλλ’
1983 2044 2041 2097 ἐν
2064 2062 2166 2113 γα-

488 2111 624 2186 λήνῃ
652 2115 747 2168 καὶ
779 2115 979 2189 ήσυχίᾳ
1014 2119 1244 2188 διάγειν,
1286 2124 1381 2177 καὶ
1430 2126 1568 2194 μετά
1613 2111 1833 2183 πάντων
1879 2111 2167 2203 εἰρηνικῶς

485 2199 806 2269 διακεῖσθαι,
834 2205 928 2257 καὶ
951 2205 1191 2277 ἡμέρους
1224 2204 1364 2264 εἶναι
1398 2211 1490 2265 καὶ
1519 2214 1725 2285 πράους
1751 2216 1843 2269 καὶ
1880 2199 2163 2284 ἐπιεικεῖς,

486 2284 627 2340 ὥστε
667 2289 843 2343 πάντα
863 2291 968 2362 τῆς
986 2292 1187 2365 ἀρετῆς
1216 2296 1284 2348 τά
1310 2284 1574 2370 χρώματα
1601 2301 1856 2357 ἐπανθεῖν
1888 2306 1920 2375 ή
1930 2305 2046 2375 μῶν
2088 2307 2165 2377 τῷ

485 2374 783 2447 προσώπῳ.
816 2377 976 2432 υῦτω
994 2379 1104 2453 γὰρ
1141 2382 1325 2438 λοιπὸν
1356 2388 1567 2456 καὶτῆς
1594 2389 1753 2459 δόξης
1777 2391 1871 2444 τοῦ
1902 2374 2165 2463 παρόντος

486 2461 605 2531 βίου
640 2463 915 2535 ὑπερορᾷν
944 2466 1286 2539 δυνησόμεθα
1311 2470 1409 2542 τήν
1443 2474 1616 2545 ἀληθῆ
1650 2476 1808 2541 δόξαν
1854 2461 2162 2550 προτιμῶν-

483 2564 594 2612 τες,
619 2551 714 2603 καὶ
741 2551 841 2622 τῆς
863 2556 1365 2630 ταπεινοφροσύνης
1392 2560 1591 2633 πολλὴν
1620 2565 1889 2618 ποιεῖσθαι
1924 2567 2022 2638 τὴν
2050 2569 2165 2622 ἐπι-

488 2634 729 2704 μέλειαν,
766 2640 860 2691 καὶ
905 2639 1084 2710 πάσης
1111 2643 1211 2711 τῆς
1248 2644 1343 2697 τοῦ
1390 2648 1658 2719 παρόντος
1715 2650 1833 2720 βίου
1864 2634 2162 2726 εὐημερίας

483 2723 812 2795 καταγελᾷν,
840 2727 923 2779 ἵνα
954 2727 1052 2797 τῆς
1087 2730 1320 2800 ἀληθοῦς
1342 2735 1436 2786 καὶ
1462 2734 1686 2803 βεϐαίας
1710 2723 2010 2812 εὐημερίας
2034 2723 2163 2797 ἀπο-

481 2806 790 2879 λαύσωμεν,
828 2813 918 2866 καὶ
952 2814 1043 2867 τὸν
1073 2817 1305 2886 Χριστὸν
1331 2820 1458 2873 ἰδεῖν
1484 2806 1928 2897 καταξιωθῶμεν.
1951 2830 2156 2884 Μακά-

476 2909 593 2961 ριοι
614 2895 743 2966 γάρ,
769 2899 955 2969 φησὶν,
996 2905 1050 2955 οἱ
1086 2906 1329 2972 καθαροί
1359 2906 1435 2975 τῇ
1467 2911 1702 2978 καρδίᾳ,
1742 2895 1833 2966 ὅτι
1852 2916 2021 2970 αὐτοὶ
2054 2918 2161 2971 τόν

482 2979 633 3033 Θεὸν
650 2980 920 3049 ὄψονται.
952 2986 1354 3060 Καθαρίσωμεν
1382 2993 1562 3048 τοίνυν
1610 2997 1770 3066 ήμῶν
1806 3000 1866 3053 τὸ
1901 3001 2155 3069 συνειδὸς,

483 3067 576 3120 καὶ
606 3069 743 3139 μετὰ
776 3071 1060 3142 ἀκριϐείας
1098 3076 1192 3129 τὸν
1226 3078 1433 3133 ἑαυτῶν
1489 3080 1599 3150 βίον
1645 3086 2039 3158 οἰκονομῶμεν,
2072 3067 2157 3143 ἵνα

477 3153 578 3224 τὴν
610 3155 893 3226 παροῦσαν
915 3158 1058 3231 ζωὴν
1093 3161 1232 3232 μετὰ
1256 3165 1438 3237 πάσης
1460 3169 1662 3239 ἀρετῆς
1681 3153 2016 3241 ὁδεύσαντες,
2051 3176 2157 3230 τῶν

475 3240 716 3299 ἐνταῦθα
748 3245 923 3299 πόνων
953 3248 1050 3312 τάς
1078 3250 1310 3319 ἀμοιϐάς
1338 3254 1521 3307 λαϐεῖν
1544 3257 1970 3331 καταξιωθῶμεν
1998 3240 2056 3316 ἐν
2080 3264 2157 3335 τῷ

482 3327 729 3397 μέλλοντι
775 3332 969 3400 αἰῶνι,
1028 3336 1209 3409 χάριτι
1242 3341 1335 3394 καὶ
1372 3342 1753 3423 φιλανθρωπίᾳ
1803 3327 1896 3401 τοῦ
1946 3327 2155 3423 Κυρίου

478 3415 636 3484 ἡμῶν
679 3417 854 3488 ’ἰησοῦ
888 3423 1145 3493 Χριστοῦ,
1182 3427 1301 3498 μεθ’
1331 3422 1391 3482 οὗ
1420 3430 1497 3501 τῷ
1525 3415 1869 3506 Πατρὶ,ίόιμα
1904 3436 1981 3508 τῷ
2017 3415 2157 3507 ἀγίῳ

480 3503 780 3593 Πνᾼεὺματι,
814 3509 959 3574 δόξα,
993 3514 1213 3581 κράτος,
1239 3518 1394 3589 τιμὴ,
1425 3519 1519 3575 νῦν
1547 3523 1639 3575 καὶ
1678 3503 1904 3589 ἀεὶξκαὶ
1926 3503 2006 3593 εἰς
2030 3503 2156 3592 τοὺς

477 3589 680 3657 αἰῶνας
711 3595 820 3647 τῶν
842 3598 1073 3653 αἰώνων.
1115 3603 1309 3673 Ἀμήν.

1122 3751 1367 3805 OMIAIA
1412 3754 1533 3809 AZ’.

476 3841 626 3936 Εἷπε
647 3848 715 3936 δέ
742 3852 959 3936 Κύριος
985 3856 1135 3936 πρὸς
1174 3862 1229 3912 Ἀ
1239 3862 1409 3936 biga”:
1432 3861 1574 3936 Ἐγώ
1595 3865 1714 3936 εἰμι
1735 3869 1777 3920 ὀ
1804 3869 1948 3936 Θεὸς
1971 3873 2004 3924 ὀ
2022 3871 2154 3936 ἐξα-

548 3920 847 4025 γρῆιτώνησε
886 3924 954 4012 ἐκ
999 3920 1193 4025 χώρας
1242 3920 1575 4012 Χαὶόιξίών,
1619 3920 1776 4025 ἄξσιςε
1812 3920 2152 4025 διέξιθαίξ-ξι

546 3988 663 4054 τὴν
691 3989 811 4060 γῆν
837 3988 1094 4062 ταύτῄὶρξ
1106 3988 1573 4071 κληρονομῆσαί
1597 3988 1833 4074 αὐτήν-ο⁷

543 4058 817 4150 Δέσποτα
845 4065 1042 4148 Ιςύριε,
1073 4069 1224 4123 κατὰ
1250 4072 1306 4124 τί
1351 4073 1674 4144 γνώσομαι,
1723 4076 1811 4132 ὅτι
1866 4083 2149 4150 κληρονο-

538 4129 717 4197 μήσω
743 4129 937 4200 αι’)τήιἐ

543 4241 612 4287 α’.
630 4236 854 4308 Μεγάλη
873 4239 972 4311 τῆς
990 4242 1140 4306 θείας
1151 4245 1372 4318 Γραφῆς
1385 4249 1417 4318 ή
1432 4249 1679 4321 δύναμις,
1698 4255 1790 4307 καὶ
1807 4255 1971 4319 πολὺς
1992 4260 2020 4311 ὁ
2037 4262 2149 4323 τοῖς

476 4322 716 4393 ῥήμασιν
765 4326 1215 4400 ἐγκεκρυμμένος
1263 4334 1488 4400 πλοῦτος
1521 4337 1630 4390 τῶν
1656 4342 1960 4411 νοημάτων.
2020 4347 2151 4400 Δι’δ

474 4412 743 4481 προσήκει
806 4415 943 4482 μετά
1004 4417 1289 4488 ἀκριϐείας
1342 4424 1488 4492 ἡμᾶς
1529 4427 1894 4498 προσέχοντας
1948 4430 2150 4506 πολλὴν

473 4497 745 4552 ποιεῖσθαι
765 4500 863 4570 τῆν
890 4501 1136 4573 ἔρευναν,
1161 4507 1245 4560 ἵνα
1269 4508 1463 4580 δαψιλῆ
1485 4497 1583 4582 τήν
1607 4513 1873 4581 ὠφέλειαν
1898 4497 2149 4576 ἐντεῦθέν

474 4585 921 4657 ηρπωσὼμεθα.
946 4590 1043 4645 Διά
1069 4592 1176 4664 γὰρ
1196 4594 1354 4648 τοῦτο
1377 4597 1468 4649 καὶ
1495 4599 1523 4649 ό
1545 4600 1784 4670 Χριστὸς
1810 4608 2148 4677 παρήγγειλε

470 4671 668 4742 λέγων,
720 4674 1037 4744 Ἔρευνᾶτε
1066 4680 1172 4746 τὰς
1216 4683 1463 4752 Γραφάς
1481 4702 1494 4715 ⁸
1529 4687 1616 4740 ἵνα
1656 4689 1730 4761 μὴ
1781 4671 1984 4758 ἀπλῶξ-
2011 4671 2145 4771 ’ψιλῇ

470 4762 830 4835 προσέχωμεν
865 4769 932 4837 τῇ
968 4764 1292 4836 ἀναγνώσει,
1324 4772 1458 4826 ἀλλά
1483 4774 1543 4827 τὸ
1573 4775 1734 4845 βάθος
1774 4762 2148 4853 ἀνιχνεύοντεξ

467 4848 560 4903 τὸν
589 4850 766 4921 ἀληθῆ
786 4853 887 4922 τῆς
911 4855 1133 4926 Γραφῆς
1153 4857 1277 4911 νοῦν
1307 4860 1631 4916 καταλαϐεῖν
1656 4848 1990 4939 δυνηθῶ-μεν.
2021 4848 2145 4927 Τοιζ

468 4935 630 5025 οῦτον
655 4939 765 5009 γάρ
794 4941 893 5010 τῆς
912 4942 1135 5015 Γραφῆς
1160 4945 1222 4998 τὸ
1243 4945 1363 5010 ἔθος
1386 4962 1400 4976 ⁶
1429 4950 1486 5001 ἐν
1512 4949 1736 5022 βραχέσι
1766 4935 2003 5025 ῥήμασίν
2029 4961 2146 5014 ἐστι

472 5023 730 5088 πολλάκις
754 5028 934 5098 εὑρεῖν
959 5029 1093 5082 πολὺ
1132 5031 1337 5101 πλῆθος
1370 5037 1676 5106 νοημάτων.
1703 5023 1850 5093 Θεία-
1873 5043 1982 5115 γάρ
2022 5048 2145 5101 ἐστι

466 5112 537 5166 τὰ
557 5111 883 5184 διδάγματα,
903 5116 1000 5168 καὶ
1023 5118 1124 5170 οὑκ
1141 5118 1477 5189 ἀνθρώπινα,
1506 5125 1602 5177 καὶ
1623 5125 1711 5179 διὰ
1739 5127 1896 5182 τοῦτο
1918 5111 2147 5188 ἀπεναν-

466 5199 587 5263 τίας
616 5202 681 5272 τῇ
710 5202 873 5274 σοφίᾳ
902 5205 969 5273 τῇ
1006 5204 1320 5278 ἀνθρωπίνῃ
1372 5211 1553 5263 πᾶσαν
1598 5213 1766 5286 αὐτήν
1815 5216 1964 5272 ἐστιν
2018 5220 2145 5276 ἰδεῖν

470 5289 854 5359 συγκειμένην.
889 5292 1000 5345 Καὶ
1022 5292 1162 5358 πῶς,
1188 5294 1303 5364 ἐγὼ
1334 5296 1495 5366 λέγω.
1545 5301 1693 5354 Ἐκεῖ
1748 5304 1846 5373 μὲν
1874 5306 2004 5377 γὰρ,
2049 5311 2144 5365 ἐπὶ

468 5374 566 5444 τῆς
621 5376 966 5450 ἀνθρωπίνης
1016 5382 1209 5449 σοφίας
1240 5383 1405 5452 λέγω,
1461 5389 1608 5440 πᾶσα
1653 5391 1837 5454 αὐτοῖς
1876 5395 1909 5463 ή
1939 5374 2141 5469 σπουδὴ

470 5460 601 5531 περὶ
628 5463 725 5531 τήν
750 5466 856 5518 τῶν
884 5466 1083 5531 λέξεων
1115 5470 1390 5543 συνθήκην
1411 5474 1754 5545 ἐπινενόηται
1773 5494 1786 5508 ·
1819 5460 2055 5536 ἐνταῦθα
2085 5460 2144 5538 δέ

469 5548 775 5603 τούναντίον
809 5553 974 5609 ἅπαν.
1005 5557 1195 5622 Οὐδεὶς
1219 5561 1285 5629 τῇ
1312 5560 1498 5631 Γραφῇ
1542 5561 1699 5632 λόγος
1751 5567 1875 5638 περὶ
1910 5569 2140 5637 κάλλους

470 5634 733 5706 ῥημάτων
760 5638 793 5707 ἢ
821 5642 1093 5713 συνθήκης
1115 5660 1128 5674 ο
1157 5644 1270 5716 ἔχει
1308 5647 1418 5719 γάρ
1444 5649 1651 5703 οἴκοθεν
1679 5653 1778 5722 τὴν
1811 5634 1959 5708 θείαν
1980 5634 2141 5730 χάριν

468 5724 811 5779 ἐπανθοῦσαν
843 5729 938 5780 καὶ
964 5730 1024 5783 τὸ
1054 5732 1247 5796 κάλλος
1268 5736 1336 5788 τά
1362 5736 1648 5808 λεγόμενα.
1677 5742 1853 5795 Κάκεῖ
1882 5724 2141 5815 μὲν-μέτά

469 5809 668 5883 πολλὴν
706 5813 796 5865 καὶ
827 5814 1031 5881 ἄφατον
1070 5817 1336 5888 φλυαρίαν
1364 5823 1483 5876 τότε
1530 5826 1636 5879 τῶν
1665 5809 1951 5899 νοημάτων
1983 5809 2133 5909 [375]

1312 424 1366 477 S.
1410 423 1695 478 JOANNIS
1734 425 2210 481 CHRYSOSTOMI
2254 428 2569 483 ARCHIEP.
2614 431 3164 492 CONST‘xNTl-NOP.
3826 459 3906 512 είς

2284 556 2399 607 ἐστὶ
2427 554 2851 627 περιδράξασθαι
2873 574 2886 588 ο
2938 559 3169 614 ἐνταῦθα
3216 561 3292 629 δέ,
3316 561 3390 628 ὼς
3424 565 3563 630 ίστε,
3602 569 3690 622 καὶ
3721 570 3899 644 βραχεῖα

2280 643 2423 707 λέξις
2455 643 2713 708 πολλάκις
2736 647 2970 716 ἤρκεσεν
2989 649 3119 717 ἡμῖν
3149 651 3327 704 πᾶσαν
3354 653 3554 721 ὑφεῖναι
3582 655 3680 727 τὴν
3698 643 3911 715 διδασκα-

2277 731 2416 784 λίαν.
2445 732 2543 786 Διά
2569 750 2649 785 τοι
2681 732 2838 787 τοῦτο
2869 735 2964 788 καὶ
2988 735 3115 805 χθὲς
3146 738 3435 808 προθέντες
3456 742 3591 810 ὑμῖν
3612 743 3678 796 τά
3708 745 3897 815 ἀνεγνως

2279 816 2468 886 σμένα,
2498 820 2591 871 καὶ⁵
2613 818 2723 872 τῶν
2758 821 3061 892 προοιμίων
3082 823 3369 895 ἁψάμενοι,
3393 829 3585 900 ἐπειδὴ
3612 833 3766 887 πολὺν
3788 835 3901 905 εῦμν

2278 921 2378 974 μεν
2398 904 2508 959 τῶν
2545 907 2833 977 νοημάτων
2866 908 2958 963 τὸν
2988 911 3239 977 πλοῦτον,
3273 914 3374 967 οὑκ
3416 916 3720 986 ἰσχύσαμεν
3745 938 3901 993 περαι-

2273 987 2417 1059 τέρω
2464 990 2745 1060 προελθεῖν
2768 1007 2783 1023 ·
2827 992 2970 1047 ὥστε
3011 995 3085 1067 μὴ
3141 997 3218 1067 τῷ
3257 998 3449 1069 πλήθει
3498 987 3900 1078 καταχῶσαιτήν

2276 1078 2494 1149 μνήμην
2523 1079 2698 1150 ὑμῶν»
2727 1081 2821 1135 καὶ
2847 1081 3190 1154 λυμήνασθαι
3218 1089 3331 1150 τοῖς
3355 1088 3454 1160 ήδη
3473 1089 3706 1159 ῥηθεῖσι.
3736 1094 3815 1146 Διὸ
3826 1100 3899 1165 τῆς

2270 1162 2444 1234 αὑτῆς
2475 1165 2795 1231 ἀκολουθίας
2825 1168 3063 1238 ἅψασθαι
3090 1169 3370 1242 βούλομαι,
3420 1176 3516 1228 καὶ
3572 1177 3790 1246 συνάψαι
3817 1162 3897 1244 τοῖς

2270 1251 2399 1322 χθὲς
2426 1254 2739 1326 εἰρημένοις
2765 1258 2859 1310 καὶ
2887 1258 2956 1311 τὰ
2993 1258 3255 1328 μέλλοντα
3289 1262 3625 1333 ῥηθήσεσθαι
3650 1307 3664 1324 .
3707 1268 3767 1319 ἶν’
3789 1268 3900 1322 οὕτω

2271 1341 2452 1393 πᾶσαν
2499 1341 2592 1394 τοῦ
2644 1342 3073 1414 άναγνὼσματος
3131 1351 3483 1418 ποιησάμενοι
3523 1351 3623 1423 τὴν
3663 1352 3897 1423 ἐξήγησιν,

2269 1420 2442 1486 οὕτως
2472 1423 2618 1492 ὑμᾶς
2646 1425 2895 1478 ἐντεῦθεν
2923 1428 3357 1500 ἀποπέμψωμεν.
3429 1420 3593 1488 Ἀλλά
3626 1420 3896 1507 προσέχετε,

2270 1508 2593 1578 παρακαλῶ,
2622 1511 2864 1582 ἀκριϐῶς
2890 1517 3003 1577 τοῖς
3031 1515 3361 1587 λεγομένοις.
3397 1521 3460 1574 Εἰ
3484 1521 3596 1593 γάρ
3617 1524 3705 1575 καὶ
3724 1526 3750 1576 ό
3776 1525 3897 1588 πόνος

2268 1590 2557 1663 ἡμέτερος,
2598 1593 2736 1649 ἀλλά
2759 1594 2820 1649 τὸ
2864 1597 3053 1668 κέρδος
3087 1600 3372 1671 ὑμέτερον,
3417 1590 3620 1674 μᾶλλον
3646 1606 3700 1657 δέ
3738 1607 3893 1659 κοινόν.

2268 1677 2334 1730 Τί
2368 1677 2424 1731 δέ
2449 1679 2591 1749 λέγω
2617 1681 2646 1733 6
2671 1683 2831 1747 πόνος
2855 1683 3123 1757 ἡμέτερος
3145 1703 3160 1751 ;
3191 1687 3326 1759 Οὑχί
3347 1707 3359 1719 ·
3390 1690 3528 1745 άλλά
3556 1692 3657 1761 τῆς
3689 1693 3772 1745 τοῦ
3794 1694 3895 1747 Θεοῦ

2266 1761 2488 1831 χάριτός
2508 1764 2654 1816 ἐστιν
2687 1766 2719 1836 ή
2748 1764 2945 1838 δωρεά.
2974 1768 3129 1821 Μετά
3157 1772 3430 1840 προσοχῆς
3457 1773 3639 1827 τοίνυν
3665 1776 3894 1844 ὑποδεχώ-

2270 1850 2408 1917 μεθα
2439 1852 2533 1905 καὶ
2558 1852 2723 1923 ,ἡμεῖς
2751 1854 2821 1908 τά
2861 1855 3012 1927 παρὰ
3043 1855 3137 1910 τοῦ
3173 1859 3306 1912 Θεοῦ
3327 1860 3669 1932 δωρούμενα,
3700 1866 3775 1918 ἵνα
3796 1883 3896 1937 κερ-

2264 1934 2519 2002 δάναντές
2540 1956 2592 1992 τι
2617 1941 2695 2003 εἰς
2715 1941 2815 2012 τὴν
2834 1941 2975 1996 κατὰ
2995 1942 3174 2014 ψυχὴν
3193 1948 3479 2016 σωτηρίαν,
3503 1949 3677 2013 οὕτως
3693 1934 3894 2005 ἐντεῦθεν

2265 2023 2538 2095 ἀπίωμεν.
2561 2028 2661 2080 Διά
2695 2027 2803 2100 γάρ
2832 2028 2989 2083 τοῦτο
3018 2031 3141 2084 καθ’
3165 2032 3402 2105 έκάστην
3428 2036 3530 2107 τὴν
3566 2042 3894 2111 πνευματικήν

2263 2110 2468 2181 ταύτην
2490 2114 2861 2184 παρατίθεμεν
2886 2117 3012 2187 ὑμῖν
3035 2119 3335 2188 τράπεζαν,
3358 2122 3446 2175 ἴνα
3477 2126 3547 2195 τῇ
3575 2128 3804 2198 συνεχείᾳ
3819 2130 3891 2198 τῆς

2264 2200 2636 2268 παραινέσεως
2689 2205 2783 2257 καὶ
2815 2206 2882 2275 τῇ
2923 2205 3090 2278 πολλῇ
3126 2207 3234 2260 τῶν
3289 2206 3448 2262 θείων
3474 2212 3710 2282 Γραφῶν
3737 2215 3891 2287 μελέτη

2267 2284 2444 2337 πᾶσαν
2459 2287 2893 2359 ἀποτειχίσωμεν
2914 2290 2990 2360 τῷ
3015 2293 3234 2365 πονηρῷ
3255 2294 3469 2365 δαίμονι
3493 2298 3599 2370 τὴν
3624 2284 3887 2370 ἐπιϐουλήν.

2264 2368 2434 2423 Ὅταν
2466 2373 2574 2443 γάρ
2609 2374 2691 2445 ίδῃ
2725 2375 2924 2447 πολλὴν
2975 2379 3124 2448 ἡμᾶς
3173 2385 3300 2451 περὶ
3350 2383 3416 2435 τά
3458 2368 3792 2456 πνευματικὰ
3819 2368 3892 2455 τήν

2263 2457 2501 2531 σπουδὴν
2521 2460 2859 2533 τιθεμένους,
2895 2466 2955 2519 οὑ
2988 2466 3149 2535 μόνον
3177 2468 3275 2520 οὑκ
3304 2470 3650 2542 ἐπιθήσεται,
3682 2475 3784 2527 ἀλλ’
3802 2474 3890 2527 οὐδὲ

2254 2545 2576 2617 ἀντιϐλέψαι
2601 2548 2883 2622 τολμήσει,
2910 2553 3063 2618 εἰδὼς
3087 2557 3167 2608 ὅτι
3196 2557 3431 2628 ἀνόνητα
3453 2562 3800 2633 ἐπιχειρήσει,
3822 2563 3889 2615 καὶ

2259 2630 2399 2717 κατά
2425 2633 2522 2703 τῆς
2552 2634 2745 2689 ἑαυτοῦ
2775 2639 3017 2709 κεφαλῆς
3054 2641 3151 2710 τήν
3186 2643 3389 2714 τόλμαν
3416 2630 3759 2712 ἐπιδείξεται.
3787 2650 3887 2717 Φέρε

2257 2713 2349 2771 οὖν
2398 2719 2505 2771 τῶν
2534 2720 2660 2792 χθὲς
2706 2726 3012 2795 εἰρημένων
3039 2729 3139 2800 τὴν
3178 2713 3497 2785 ἀκολουθίαν
3552 2713 3886 2797 ἀναλαϐόντες.

2256 2803 2365 2856 τῶν
2388 2805 2722 2876 λειπομένων
2741 2810 2838 2881 τὴν
2863 2812 3122 2883 ἐξήγησιν
3148 2816 3525 2888 ποιησώμεθα.
3556 2822 3621 2874 Τί
3640 2822 3694 2876 δὲ
3712 2819 3772 2893 ἦν
3791 2825 3888 2892 ἡμῖν

2256 2892 2382 2960 χθὲς
2414 2893 2474 2945 τὸ
2495 2893 2787 2967 λεγόμενον
2806 2917 2820 2966 ;
2845 2899 2956 2971 Τὴν
2979 2902 3309 2970 ἐπαγγελίαν
3334 2905 3430 2976 τὴν
3450 2909 3590 2978 πρὸς
3607 2908 3693 2961 τὸν
3710 2892 3889 2980 Ἀϐραμ

2257 2981 2722 3053 περιεγράφομεν,
2777 2985 2905 3038 ἔνθα
2940 2988 3303 3060 προσέταττεν
3337 2993 3486 3062 αὑτῷ
3520 2996 3803 3066 ἀναϐλέψαι
3829 2999 3888 3053 εἰς

2253 3064 2347 3117 τὸν
2378 3065 2623 3136 οὐρανὸν,
2651 3072 2747 3122 καὶ
2770 3071 2831 3124 τὸ
2866 3073 3068 3143 πλῆθος
3096 3075 3203 3128 τῶν
3223 3077 3466 3149 ἀστέρων
3495 3081 3648 3135 ἰδεῖν.
3666 3064 3887 3151 Ἀρίθμη·

2255 3170 2373 3210 σον
2395 3158 2524 3229 γάρ,
2558 3162 2710 3230 φησὶ,
2735 3163 2875 3229 τοὺς
2899 3165 3177 3235 ἀστέρας,
3204 3171 3252 3221 εἰ
3275 3170 3515 3238 δυνήσῃ
3538 3171 3887 3241 ἐξαριθμῆσαι

2216 3246 2495 3312 ἀὐτούς.
2533 3248 2643 3301 Καὶ
2683 3249 2889 3303 εἷπεν-ο
2948 3252 3145 3319 Οὕτως
3196 3254 3367 3308 ἔσται
3414 3258 3480 3310 τὸ
3513 3259 3745 3328 σπέρμα
3777 3275 3884 3312 σου.

2256 3328 2386 3386 Εἶτα
2419 3335 2742 3389 δεικνύουσα
2793 3339 2922 3408 ἡμῖν
2958 3341 2991 3409 ὴ
3045 3339 3164 3394 θεία
3216 3342 3406 3414 Γραφὴ
3440 3344 3541 3413 τῆς
3577 3345 3785 3416 γνώμης
3815 3342 3886 3396 τοῦ

2255 3422 2596 3492 πατριάρχου
2631 3424 2691 3477 τὸ
2720 3425 2988 3493 φιλόθεον,
3013 3428 3104 3481 καὶ
3132 3430 3210 3481 ὅτι
3244 3430 3380 3500 πρὸς
3409 3430 3496 3482 τὸν
3527 3432 3888 3502 ἐπαγγειλάμε-

2253 3525 2342 3561 νον
2362 3510 2523 3581 ὁρῶν,
2549 3513 2642 3564 καὶ
2671 3513 2769 3583 τὴν
2790 3514 3019 3583 δύναμιν
3047 3514 3140 3568 τοῦ
3166 3517 3541 3588 ὑποσχομένου
3574 3521 3775 3578 ἐννοῶν,
3794 3517 3887 3569 ἐπί-

2256 3613 2408 3651 στευε
2456 3601 2569 3663 τοῖς
2599 3601 2931 3671 εἰρημένοις,
2967 3603 3132 3673 φησί·
3166 3603 3273 3657 Καί
3311 3605 3679 3662 ἐπίστευσεν
3710 3608 3885 3673 Ἅόγάμ

2253 3678 2332 3744 τῷ
2371 3681 2513 3746 Θεῷ,
2549 3684 2647 3736 καὶ
2673 3685 2960 3753 ἐλογίσθη
2986 3686 3146 3752 αὐτῷ
3169 3690 3256 3753 εἰς
3294 3688 3709 3759 δικαιοσύνην.
3742 3691 3885 3759 Μέχρι

2250 3767 2438 3822 τούτου
2461 3769 2587 3839 χθὲς
2614 3771 2877 3837 εἰπόντες,
2911 3773 3011 3826 οὑκ
3058 3774 3350 3846 ἰσχύσαμεν
3385 3780 3694 3849 περαιτέρω
3729 3777 3884 3847 apod-

2251 3853 2383 3919 θεῖν,
2419 3856 2486 3910 δι’
2508 3858 2536 3911 ὃ
2561 3860 2858 3927 ἀναγκαῖον
2883 3860 2950 3913 τά
2979 3860 3105 3931 ἑξῆς
3134 3865 3451 3931 ἐπαγαγεῖν.
3486 3866 3553 3917 Τί
3584 3867 3689 3938 γάρ
3720 3880 3882 3936 (pum;

2245 3939 2392 3997 Εἴπε
2414 3943 2483 3998 δὲ
2503 3948 2717 4014 Κύριος
2735 3949 2881 4015 πρὸς
2909 3951 3123 4019 Ἀϐραμ
3145 3967 3157 3980 ·
3200 3949 3338 4020 Ἐγώ
3362 3954 3477 4020 εἰμι
3499 3956 3533 4005 ὁ
3565 3954 3706 4020 Θεὸς
3724 3957 3755 4006 ό
3773 3952 3883 4015 ἐξα·

2250 4028 2448 4099 ταγῶν
2470 4047 2543 4085 σε
2573 4033 2641 4087 ἐκ
2670 4034 2782 4102 τῆς
2802 4034 2998 4103 χώρας
3017 4036 3350 4101 Χαλδαίων,
3387 4036 3544 4092 ὥστε
3574 4039 3778 4094 δοῦναί
3807 4055 3881 4091 σοι

2248 4116 2366 4185 τὴν
2395 4117 2514 4187 γῆν
2539 4121 2787 4188 ταύτην,
2822 4122 3277 4193 κληρονομῆσαι
3329 4123 3544 4193 αὐτήν.
3598 4128 3733 4197 Ὅρα
3776 4123 3881 4178 Θεοῦ

2250 4207 2680 4276 συγκατάϐασιν,
2716 4210 2831 4275 πῶς
2863 4211 3030 4265 αὑτοῦ
3055 4212 3301 4283 βούλεται
3333 4214 3433 4285 τὴν
3475 4215 3659 4269 πίστιν
3690 4213 3881 4284 βεϐαιῶ-

2251 4313 2362 4363 σαι,
2391 4300 2487 4352 καὶ
2514 4302 2722 4365 πεῖσαι,
2751 4299 2954 4372 πολλὴν
2982 4301 3123 4372 ἔχειν
3150 4300 3249 4372 τὴν
3274 4301 3645 4374 πληροφορίαν
3666 4301 3882 4373 περὶτῶν

2250 4381 2700 4453 ἐπηγγελμένων,
2730 4386 3016 4454 μονονουχὶ
3038 4384 3243 4453 λέγων’
3294 4385 3562 4456 μνήσθητι
3601 4388 3683 4441 ὅτι
3708 4384 3805 4454 ἐγώ
3833 4397 3879 4434 σε

2246 4466 2457 4522 οίκοθεν
2478 4469 2774 4542 ἀνέστησα.
2814 4471 2946 4526 ’ἰδοὺ
2976 4471 3045 4525 τά
3064 4471 3214 4543 παρά
3238 4470 3331 4525 τοῦ
3357 4472 3492 4527 Θεοῦ
3520 4474 3749 4545 ρηθέντα
3767 4468 3881 4525 κατά

2246 4555 2337 4608 τὸν
2366 4555 2711 4627 πατριάρχην
2734 4557 3001 4628 σύμφωνα
3027 4557 3298 4613 δείκνυται
3320 4562 3432 4624 τοῖς
3446 4560 3599 4633 παρά
3622 4559 3711 4614 τοῦ
3732 4574 3878 4631 μακα-

2249 4643 2366 4713 ρίου
2395 4643 2670 4712 Στεφάνου
2700 4645 3034 4716 εἰρημένοις,
3057 4645 3138 4699 δτι
3167 4646 3262 4701 καὶ
3280 4645 3510 4713 οἴκοθεν,
3536 4649 3629 4702 καὶ
3662 4648 3719 4713 ἐξ
3743 4644 3881 4711 αὐτῆς

2245 4731 2345 4801 τῆς
2377 4732 2651 4797 Χαλδαίας
2679 4733 2774 4787 τοῦ
2806 4735 3078 4789 Δεσπότου
3116 4735 3178 4789 τὸ
3224 4736 3551 4807 πρόσταγμα
3596 4736 3749 4790 αὑτὸν
3774 4734 3881 4786 ἀνα-

2248 4816 2437 4887 στῆναι
2470 4819 2870 4889 παρεσκεύασε.
2902 4822 3013 4875 Καὶ
3034 4823 3099 4893 τῇ
3135 4821 3323 4876 τούτου
3361 4822 3556 4895 γνώμῃ
3599 4818 3880 4892 ἑπόμενοςά

2246 4906 2450 4977 πατὴρ,
2482 4907 2732 4980 καθάπερ
2755 4908 2849 4962 καὶ
2882 4909 3187 4978 φθάσαντες
3210 4910 3459 4983 εἴπομεν,
3500 4914 3547 4964 εἰ
3574 4912 3666 4966 καὶ
3686 4911 3879 4966 ἄπιστος

2244 4989 2334 5065 ἦν,
2363 4993 2476 5046 ἀλλ’
2504 4992 2599 5049 οὖν
2634 4995 2876 5066 μεγάλην
2917 4996 3172 5050 ὑπόθεσιν
3208 4996 3407 5068 δεσμοῦ
3437 4999 3498 5052 τὸ
3531 5000 3743 5069 φίλτρον
3766 4995 3878 5065 έχων

2242 5081 2303 5134 τὸ
2334 5083 2463 5153 περὶ
2489 5081 2670 5146 αὑτὸν,
2707 5083 2988 5152 ἠκολούθει
3015 5085 3109 5138 καὶ
3132 5084 3299 5155 ἐξῄει.
3345 5086 3765 5157 Ὑπομιμνήσκει
3786 5080 3876 5136 τοί-

2246 5185 2342 5222 νυν
2374 5169 2538 5222 αὑτὸν
2572 5168 2664 5222 ἐπὶ
2694 5169 2788 5223 τοῦ
2833 5171 3126 5242 παρόντος,
3162 5172 3293 5244 ὅσην
3329 5174 3393 5226 ἐκ
3438 5175 3729 5244 προοιμίων
3753 5168 3874 5243 [δη]

2244 5257 2537 5326 ἐποιήσατο
2575 5257 2703 5328 περὶ
2751 5258 2913 5311 αὑτὸν
2954 5258 3052 5330 τὴν
3090 5260 3369 5332 πρόνοιαν,
3413 5262 3587 5333 δηλῶν
3622 5260 3780 5331 αὑτῷ,
3810 5259 3875 5311 ὅτι

2245 5344 2458 5414 μεγάλα
2504 5343 2626 5397 τινὰ
2685 5344 2816 5415 περὶ
2863 5346 3025 5400 αὑτοῦ
3088 5345 3508 5418 βουλευόμενος,
3562 5348 3651 5402 καὶ
3704 5345 3875 5405 ταύτας

2243 5427 2410 5482 θέλων
2448 5428 2545 5493 τὰς
2577 5430 2895 5501 ὑποσχέσεις
2944 5432 3079 5503 πρὸς
3112 5433 3272 5486 αὑτὸν
3301 5434 3624 5504 ποιήσασθαι
3678 5433 3767 5487 καὶ
3811 5431 3876 5489 εἰς
3914 5454 3919 5461 ’

2241 5510 2400 5582 ἔργον
2429 5514 2676 5581 ἀγαγεῖν,
2703 5514 2970 5585 τοσαύτην
3012 5516 3127 5569 ὁδὸν
3162 5516 3411 5570 διανύσαι
3438 5518 3704 5589 ἐποίησεν.

2239 5598 2357 5664 εἰμι
2386 5599 2421 5650 ὁ
2443 5596 2752 5667 ἐξαγαγών
2777 5613 2853 5652 σε
2905 5599 2973 5652 ἐκ
3026 5599 3137 5668 τῆς
3187 5601 3382 5668 χώρας
3420 5600 3540 5655 τῶν
3574 5597 3871 5654 Χαλδαίων.

2239 5676 2454 5734 δοῦναί
2488 5695 2588 5733 σοι
2620 5679 2735 5748 τὴν
2761 5680 2879 5749 γῆν
2916 5682 3159 5750 ταύτην,
3207 5683 3653 5754 κληρονῳῆσαι
3687 5676 3873 5754 abi”??-

2240 5760 2332 5828 Μὴ
2377 5759 2486 5830 γὰρ
2514 5761 2699 5825 ἁπλῶς
2730 5779 2789 5815 σε
2829 5763 3038 5817 ἐκεῖθεν
3068 5765 3374 5853 ἀνέστησας
3418 5767 3511 5853 ἐμὴ
3542 5766 3646 5836 γὰρ
3667 5753 3868 5853 elici].fo

2249 5841 2425 5909 μάτην
2448 5842 2694 5898 Evam-mg"
2742 5862 2802 5897 σε
2845 5848 3080 5916 ἦΥαΥοἨ
3128 5849 3225 5904 Διά
3275 5850 3430 5904 τοῦτό
3472 5865 3529 5902 σε
3586 5839 3871 5901 καταλαϐεῖν
