4060 6422
256 473 346 530 8M
1280 467 1343 520 IN
1380 465 1534 522 CAP.
1578 464 1693 520 XV.
1725 463 1967 520 GENES.
1996 462 2222 518 HOMIL.
2266 463 2527 518 XXXVII.

257 596 426 641 motus
451 582 758 638 indecentes
772 590 826 638 et
850 595 945 652 spe
971 580 1232 636 mercedis
1258 579 1496 634 laborum
1531 578 1830 633 molestiam

257 677 606 733 sttblcvetnus.
650 675 858 731 Sullicit
898 675 1041 730 enim
1068 674 1331 728 bonorum
1375 686 1520 742 spes,
1578 681 1635 724 ut
1670 671 1830 725 etiam

259 764 482 836 pericula
504 763 758 820 audacter
779 763 1149 834 aggrediamur
1178 778 1192 815 :
1215 772 1416 832 quanto
1441 760 1608 829 magis
1637 768 1693 813 ut
1722 757 1833 813 vir-

258 857 377 910 tutis
404 855 611 908 labores
654 854 861 909 fortiter
898 854 1173 921 feramus?
1203 852 1422 919 Quando
1469 853 1610 905 enim
1650 850 1833 904 animo

255 959 453 1009 versas,
487 946 530 999 si
558 945 625 1000 ad
675 946 836 1000 breve
864 952 1075 1016 tempus
1111 945 1420 1008 certaveris,
1478 951 1532 997 et
1578 941 1834 1013 fulgidam

255 1039 546 1095 servaveris
586 1038 907 1106 virginitatis
950 1036 1283 1106 lampadem,
1333 1044 1384 1091 te
1426 1036 1631 1089 beatam
1671 1034 1833 1087 vitam

254 1138 703 1197 consequutnrum
731 1142 872 1193 esse,
914 1138 1120 1182 etcum
1163 1140 1361 1197 sponso
1415 1127 1612 1180 intrare
1654 1139 1830 1194 posse.

256 1218 408 1272 modo
434 1233 686 1272 accensas
709 1218 902 1271 habeas
930 1217 1221 1286 lampades,
1248 1225 1303 1272 et
1325 1215 1597 1270 sufticiens
1617 1215 1831 1278 oleum;

254 1312 509 1366 bonorum
540 1325 763 1379 operum
813 1312 1076 1364 actionem
1097 1349 1113 1373 ,
1147 1308 1362 1378 inquam
1391 1324 1405 1361 :
1433 1306 1700 1377 quomodo
1727 1319 1833 1358 non

253 1417 370 1457 cum
399 1402 541 1467 omni
576 1402 823 1457 facilitate
849 1400 1079 1456 difficilia
1110 1400 1287 1454 omnia
1339 1409 1699 1453 transcurrere
1739 1410 1836 1464 po-

255 1493 397 1559 teris,
421 1492 662 1561 cogitans
703 1492 832 1546 illud
861 1492 1000 1561 quod
1030 1507 1059 1545 a
1097 1490 1252 1546 beato
1281 1489 1444 1543 Paulo
1473 1488 1673 1542 dictum
1710 1496 1788 1540 est
1816 1501 1830 1539 :

253 1582 434 1637 Pacem
464 1584 718 1637 sectemiui
740 1600 853 1637 cum
876 1583 1127 1649 omnibus,
1158 1592 1206 1636 et
1227 1581 1697 1648 sanctificationem,
1729 1580 1838 1632 sine

251 1691 348 1745 qua
374 1674 548 1727 nullus
574 1675 756 1728 videbit
804 1674 1080 1727 Dominum
1123 1672 1307 1740 (Hebr.
1338 1671 1427 1726 12.
1475 1669 1618 1742 M)?
1648 1670 1834 1723 Vidisti

251 1767 515 1837 quomodo
569 1766 976 1819 sanctilicationi
1023 1780 1204 1834 pacem
1254 1761 1570 1830 conjunxit?
1618 1760 1748 1814 Nam
1768 1767 1836 1813 'ut

251 1857 478 1910 sciamus
498 1871 621 1909 eum
642 1872 745 1908 non
773 1857 946 1910 solum
967 1856 1206 1924 corporis
1230 1853 1509 1923 puritatem
1540 1853 1832 1921 requirere,

253 1947 340 2000 sed
362 1957 409 1999 et
438 1960 649 2015 paeeu,
684 1947 798 2001 haec
820 1953 1117 2016 Opportune
1139 1952 1544 2005 commemorat,
1588 1941 1836 2009 utrinque

255 2035 433 2089 volens
484 2036 715 2101 munire,
769 2044 824 2089 ut
862 2044 919 2090 et
967 2035 1316 2104 cogitationes
1353 2032 1619 2097 sedemus,
1662 2032 1731 2084 ita
1780 2040 1836 2084 ut

256 2126 388 2179 nulla
414 2127 487 2182 sit
518 2128 570 2180 in
617 2127 770 2182 nobis
826 2126 1074 2189 turbatio,
1105 2124 1386 2193 nullusque
1425 2122 1678 2177 tumultus
1706 2120 1836 2175 :sed

256 2220 303 2270 in
332 2218 710 2288 tranquillitate
736 2230 788 2272 et
816 2217 993 2286 quiete
1024 2230 1301 2269 versemur
1319 2254 1333 2279 ,
1362 2224 1416 2268 et
1448 2227 1570 2266 cum
1591 2211 1838 2265 omnibus

254 2312 461 2379 pacifice
482 2325 707 2380 agamus
730 2321 783 2364 et
804 2310 1065 2364 mansueti
1088 2309 1252 2362 simus
1274 2317 1327 2361 et
1343 2306 1499 2360 mites
1518 2311 1573 2359 et
1598 2302 1833 2368 humani,

253 2413 403 2474 atque
443 2404 582 2458 adeo
612 2413 669 2458 ut
696 2418 884 2458 omnes
912 2404 1127 2457 virtutis
1154 2402 1362 2456 colores
1392 2402 1441 2453 in
1482 2399 1617 2453 facie
1654 2409 1836 2451 nostra

253 2497 531 2550 reluceant.
553 2496 625 2550 Ita
644 2496 783 2549 enim
806 2495 1057 2564 deinceps
1079 2494 1364 2563 etgloriam
1389 2491 1667 2562 praesentis
1689 2489 1833 2554 vitae,

255 2585 542 2653 poterimus
568 2586 847 2655 despicere
892 2599 1078 2639 veram
1105 2584 1329 2654 gloriam
1381 2582 1752 2652 pra-ferentes,
1784 2588 1840 2633 et

254 2675 480 2731 Itumilita
491 2678 560 2729 tis
586 2675 842 2745 majorem
873 2675 1067 2729 habere
1092 2689 1297 2739 curam,
1323 2674 1602 2742 ridereque
1622 2684 1836 2725 omnem

255 2770 522 2834 praesentis
553 2769 673 2821 vitae
699 2766 1126 2835 prosperitatem,
1152 2774 1209 2819 ut
1239 2780 1357 2819 vera
1387 2775 1441 2818 et
1471 2762 1637 2817 so'ida
1666 2760 1837 2815 felici-

255 2866 355 2911 tate
399 2858 660 2923 fruamur,
702 2868 756 2911 et
777 2856 1053 2911 Christum
1092 2856 1278 2909 videre
1327 2868 1646 2908 mereamur.
1691 2849 1838 2903 Beati

252 2947 408 3012 enim,
439 2948 632 3016 inquit,
673 2947 789 3016 puri
810 2948 980 3015 corde,
1007 2949 1244 3018 quoniam
1287 2944 1385 3014 ipsi
1411 2932 1574 2995 Deum
1603 2942 1837 2996 videbunt

253 3035 455 3105 (Matth.
485 3039 546 3093 5.
577 3039 657 3108 8).
686 3038 1036 3092 Puriiicemus
1085 3038 1258 3107 itaque
1289 3045 1521 3090 nostram
1555 3033 1834 3088 conscien-

255 3128 393 3196 tiam,
416 3140 469 3183 et
513 3144 708 3198 magna
754 3144 878 3182 cura
902 3129 1066 3182 vitam
1103 3137 1335 3181 nostram
1370 3126 1748 3196 gubernetnus,
1781 3132 1839 3176 ut

253 3235 366 3276 cum
391 3234 711 3291 praesentem
737 3222 895 3276 vitam
926 3222 976 3275 in
1004 3224 1148 3276 omni
1169 3222 1419 3274 virtutum
1439 3233 1633 3289 genere
1661 3228 1836 3271 trans-

255 3310 481 3378 ierimus,
532 3313 721 3367 horum
749 3314 987 3367 laborum
1014 3311 1232 3382 pra-mia
1259 3324 1560 3363 mereamur
1596 3309 1839 3377 accipere

256 3402 303 3454 in
338 3402 510 3458 futuro
534 3404 753 3465 sat-culo,
778 3403 944 3472 gratia
973 3412 1026 3455 et
1044 3401 1406 3456 misericordia
1437 3398 1645 3452 Domini
1672 3398 1836 3452 nostri

253 3491 374 3547 Jesu
394 3495 618 3558 Christi,
652 3495 734 3547 cui
762 3509 882 3547 cum
916 3492 1072 3545 Patre
1101 3501 1155 3545 et
1182 3500 1367 3544 sancto
1396 3490 1594 3558 Spiritu
1621 3489 1689 3540 sit
1718 3488 1834 3557 glo-

256 3582 349 3647 ria,
377 3584 682 3653 imperium,
726 3583 920 3648 honor,
951 3598 1091 3635 nunc
1138 3588 1193 3636 et
1219 3595 1456 3649 semper,
1485 3588 1540 3634 et
1567 3580 1616 3632 in
1645 3578 1837 3632 saecula

256 3677 591 3731 saeculorum.
626 3679 818 3729 Amen.

748 3765 1022 3821 llOMlLIA
1077 3764 1339 3819 XXXVII.

258 3854 392 3911 Dixit
417 3870 589 3913 autem
616 3859 661 3911 ei
688 3873 707 3912 :
735 3857 847 3928 Ego
896 3874 1009 3911 sunt
1035 3857 1204 3921 Deus,
1235 3857 1319 3926 qui
1363 3854 1511 3909 eduxi
1542 3864 1589 3907 te
1613 3853 1676 3905 de
1705 3863 1839 3906 terra

324 3949 701 4013 Chaldworum,
730 3961 784 4002 ut
830 3950 1002 4003 darem
1031 3950 1120 4002 tibi
1149 3960 1333 4001 terram
1361 3948 1512 4011 hanc,
1541 3956 1595 3999 ut
1621 3947 1672 3999 in
1699 3946 1840 3998 here-

322 4039 529 4094 ditatem
558 4040 823 4109 possideas
850 4056 982 4093 eam.
1008 4038 1152 4091 Dixit
1171 4046 1338 4090 autem
1377 4052 1397 4090 :
1444 4036 1678 4100 Domine,
1724 4034 1839 4088 Do-

324 4131 454 4185 mine
472 4173 486 4198 ,
512 4131 789 4186 secundum
807 4130 928 4201 quid
956 4144 1253 4200 cognoscam
1278 4128 1413 4198 quod
1438 4128 1489 4181 in
1515 4127 1841 4180 hereditatem

324 4224 568 4292 accipiam
592 4239 705 4276 eam
730 4219 879 4294 (Gen.
906 4223 992 4277 15.
1023 4237 1069 4275 .
1105 4222 1154 4276 7.
1190 4221 1281 4292 )

326 4312 379 4366 1.
408 4314 695 4385 Scriptura:
717 4318 891 4369 virtus.
919 4315 1106 4369 Divina
1131 4314 1368 4385 dogmata
1386 4320 1626 4383 quantum
1660 4311 1842 4364 huma-

261 4402 337 4458 nis
387 4405 709 4462 antecellunt.
755 4435 826 4446 -
866 4407 1050 4477 Magna
1108 4407 1303 4461 divinae
1342 4406 1631 4475 Scriptum
1676 4404 1841 4458 virtus

261 4504 358 4564 est,
382 4507 436 4552 et
456 4500 639 4554 multa:
665 4498 718 4553 in
761 4499 943 4553 verbis
988 4500 1152 4553 latent
1196 4498 1577 4553 sententiarum
1616 4490 1845 4552 divitia.

261 4582 381 4641 Ideo
425 4604 520 4657 par
551 4599 635 4644 est
679 4598 738 4643 ut
781 4590 1062 4658 diligenter
1115 4589 1470 4653 intendamus,
1513 4595 1569 4643 et
1616 4587 1842 4643 sollicite

261 4690 581 4750 scrutemur,
626 4698 731 4753 quo
759 4685 1074 4753 ampliorem
1106 4684 1387 4738 utilitatem
1420 4684 1545 4737 inde
1574 4684 1841 4752 percipia-

262 4784 398 4827 tnus.
424 4772 559 4828 Nam
584 4787 803 4844 propter
824 4774 926 4828 hoc
951 4785 1002 4828 et
1029 4774 1274 4829 Christus
1319 4775 1589 4844 pra-cepit,
1612 4774 1794 4828 dicens
1824 4791 1838 4828 :

262 4860 571 4919 Scr-utamini
608 4866 901 4936 Scripturas
946 4865 1122 4937 (Joan.
1169 4867 1224 4920 5.
1249 4864 1351 4936 59)
1384 4883 1394 4915 :
1422 4873 1480 4919 ut
1503 4879 1607 4918 non
1637 4874 1839 4918 tantum

263 4952 417 5007 nuda:
447 4954 671 5010 lectioni
723 4969 991 5019 vacemus,
1033 4955 1127 5010 sed
1170 4955 1480 5025 profundius
1520 4963 1839 5018 scrutantes,

262 5058 447 5100 verum
478 5046 768 5116 Scriptura:
794 5064 1009 5104 sensum
1050 5050 1327 5118 percipere
1364 5048 1658 5102 valeamus.
1699 5046 1843 5101 Talis

262 5134 401 5189 enim
430 5136 721 5207 Scriptura:
764 5153 880 5194 mos
930 5146 1033 5204 est,
1058 5146 1116 5192 ut
1144 5147 1198 5191 et
1223 5140 1274 5191 in
1321 5139 1497 5207 parvis
1524 5138 1700 5192 verbis
1730 5138 1846 5205 plu-

263 5223 396 5279 rinm
447 5243 594 5296 saepe
644 5228 926 5283 multitudo
977 5242 1227 5282 sensuum
1274 5229 1591 5283 inveniatur.
1659 5228 1842 5281 Divina

262 5314 399 5368 enim
421 5327 548 5371 sunt
573 5317 841 5389 dogmata,
870 5333 981 5373 non
1002 5318 1252 5385 humana,
1280 5329 1335 5373 et
1361 5327 1577 5389 propter
1603 5319 1703 5372 hoc
1729 5332 1846 5372 om-

263 5418 379 5459 nem
408 5406 557 5461 illam
587 5409 766 5465 videre
810 5409 935 5463 licet
970 5423 1127 5465 secus
1155 5423 1214 5463 se
1251 5409 1446 5464 habere
1472 5423 1629 5478 quam
1658 5406 1846 5461 Imma-

262 5509 381 5551 nam
417 5499 754 5569 sapientiam.
797 5504 863 5557 Et
891 5503 1159 5573 quomodo
1190 5503 1313 5568 hoc,
1343 5518 1443 5572 ego
1491 5503 1685 5556 dicam.
1733 5500 1847 5555 lllic

262 5590 423 5656 enim,
450 5593 503 5646 in
532 5593 763 5650 humana
791 5596 1047 5667 sapientia
1091 5596 1230 5661 dico,
1262 5609 1425 5650 omne
1454 5594 1689 5648 studium
1715 5607 1844 5647 con-

261 5680 537 5739 cinnandis
555 5687 736 5742 verbis
763 5686 1057 5741 adhibitum
1077 5697 1159 5742 est
1194 5703 1209 5741 :
1238 5688 1323 5741 hie
1344 5701 1472 5741 vero
1498 5700 1719 5756 prorsus
1747 5686 1843 5740 ali-

265 5780 364 5826 ter.
393 5774 605 5831 Nullam
654 5779 944 5849 Scriptura:
974 5778 1172 5833 habent
1212 5778 1470 5832 rationem
1500 5776 1844 5845 pulehritudi-

266 5866 447 5923 nisvel
481 5872 886 5945 compositionis
913 5872 1196 5929 verborum
1243 5886 1255 5922 :
1296 5869 1491 5926 habent
1530 5871 1670 5926 enim
1702 5871 1754 5925 in
1782 5886 1840 5925 se

1940 574 2174 630 divinam
2189 576 2409 646 gratiam
2422 575 2782 646 eulgentem,
2809 587 2857 632 ct
2877 579 3317 647 puchn-itudiuetn
3341 580 3391 634 itt
3418 583 3527 651 ipsa

1939 671 2222 724 verborum
2253 670 2458 724 ratione
2488 670 2667 724 sitam.
2693 669 2757 723 Et
2789 670 2893 725 illic
2927 672 3139 741 quidem
3173 680 3292 741 post
3317 674 3527 743 longam

1941 774 1994 817 et
2038 766 2302 833 ingentem
2368 765 2723 835 nugacitatem
2770 764 2964 833 aliquid
3007 780 3196 820 sensus
3243 766 3517 835 percipere

1939 864 2019 909 est
2045 872 2057 907 :
2089 854 2172 908 hic
2193 865 2391 920 autem,
2413 865 2470 909 ut
2489 854 2655 918 scitis,
2686 855 2848 909 etiam
2877 869 3036 924 parva
3073 854 3239 909 dictio
3273 869 3415 924 sarpe
3439 863 3525 907 to-

1941 954 2052 998 tum
2082 944 2235 998 nobis
2263 945 2520 1000 doctrinae
2546 958 2856 999 sermonem
2895 944 3185 999 contexuit.
3238 943 3528 1013 Propterea

1940 1048 1995 1092 et
2020 1038 2155 1100 heri,
2187 1038 2453 1108 proposita
2483 1040 2631 1093 vobis
2660 1039 2949 1108 Scriptura:
2973 1038 3225 1099 lectione.
3257 1038 3358 1092 sub
3406 1039 3523 1107 ipso

1939 1130 2187 1193 exordio,
2215 1131 2336 1199 quia
2351 1130 2572 1185 multum
2593 1130 2894 1185 invenimus
2915 1146 3170 1185 sensuum
3197 1132 3529 1192 thesaurum,

1940 1235 2046 1274 non
2079 1222 2346 1289 potuimus
2374 1222 2510 1275 ultra
2540 1221 2810 1293 progredi,
2839 1232 2898 1276 ut
2932 1238 2997 1276 ue
3039 1223 3304 1275 dictorum
3347 1220 3530 1274 multi-

1940 1312 2128 1366 tudine
2160 1314 2471 1365 memoriam
2513 1323 2744 1367 vestram
2772 1314 3141 1376 obrut-rcmus,
3171 1322 3224 1366 et
3244 1313 3355 1382 jam
3387 1312 3529 1365 dicta

1940 1399 2363 1455 obliteraremus.
2422 1401 2543 1455 Ideo
2585 1402 2827 1457 eamdem
2880 1403 3075 1455 seriem
3107 1404 3401 1470 attingere,
3437 1402 3531 1455 he-

1939 1491 2243 1561 sterilisque
2270 1492 2426 1547 dictis
2452 1508 2511 1547 ea
2538 1510 2655 1563 qum
2698 1494 2856 1547 hodie
2898 1494 3119 1549 dicenda
3151 1503 3273 1547 sunt
3298 1494 3419 1547 volo
3440 1508 3529 1547 co-

1942 1582 2125 1651 pulare
2149 1624 2164 1646 ,
2198 1590 2256 1636 ut
2293 1583 2361 1636 ita
2408 1594 2649 1637 enarrata
2676 1584 2901 1637 lectione
2945 1592 3053 1638 tota
3083 1599 3176 1637 vos
3206 1584 3328 1637 hinc
3354 1584 3532 1637 dimit-

1943 1681 2070 1723 tam.
2098 1671 2226 1734 Sed,
2255 1686 2373 1736 oro,
2401 1669 2469 1725 iis
2483 1673 2871 1741 quaadieuntur
2890 1674 3194 1729 auscultate
3230 1673 3529 1742 diligenter.

1940 1764 2072 1818 Nam
2099 1766 2200 1819 etsi
2225 1764 2375 1819 labor
2416 1772 2618 1831 noster,
2647 1765 2844 1819 utilitas
2883 1774 3054 1819 tamen
3085 1776 3260 1818 vestra
3289 1774 3390 1831 est,
3425 1765 3532 1819 imo

1940 1855 2257 1908 communis.
2291 1855 2354 1908 Et
2380 1855 2504 1924 quid
2528 1854 2646 1909 dico
2677 1855 2827 1909 labor
2845 1854 3068 1909 noster?
3096 1854 3311 1908 Minime
3341 1864 3522 1919 certe;

1940 1946 2034 1999 sed
2066 1945 2262 1998 donum
2285 1956 2363 1999 est
2388 1948 2572 2015 gratia:
2604 1946 2716 1999 Dei.
2741 1945 2874 1999 Cum
2905 1947 3198 1999 attentione
3226 1946 3384 2015 igitur
3410 1961 3531 2000 sus-

1939 2038 2199 2108 cipiamus
2236 2053 2297 2091 ea
2323 2054 2440 2107 qtae
2460 2054 2489 2091 a
2516 2038 2621 2091 Deo
2643 2038 2927 2103 donantur,
2949 2046 3005 2091 ut
3040 2038 3160 2091 hinc
3181 2036 3525 2093 luerifacicn-

1943 2139 2020 2184 tes
2062 2130 2258 2200 aliquid
2311 2131 2361 2183 in
2412 2130 2706 2183 animarum
2757 2130 3031 2194 salutent,
3087 2130 3210 2184 inde
3252 2130 3527 2184 abeamus.

1940 2221 2064 2275 Ideo
2086 2221 2226 2276 enim
2250 2220 2485 2289 quotidie
2508 2220 2837 2289 spiritualem
2871 2219 3007 2274 hanc
3035 2221 3187 2273 vobis
3213 2220 3531 2288 opponimus

1941 2326 2204 2377 mensam,
2230 2322 2285 2364 ut
2304 2312 2666 2365 admonitione
2693 2311 2944 2365 continua
2969 2318 3023 2363 et
3049 2312 3210 2364 multa
3229 2312 3527 2364 divinarum

1939 2402 2329 2471 Scripturarum
2370 2401 2714 2456 meditatione
2750 2416 2938 2456 omnes
2983 2402 3200 2470 maligni
3255 2401 3517 2455 (

1941 2494 2286 2548 excludatnus
2331 2494 2573 2547 insidias.
2606 2492 2739 2547 Cum
2770 2495 2912 2547 enim
2960 2510 3056 2548 nos
3080 2494 3274 2548 viderit
3303 2494 3528 2547 multum

1942 2584 1993 2638 in
2027 2584 2390 2653 spiritualibus
2440 2585 2709 2653 occupari,
2753 2599 2858 2638 non
2914 2585 3086 2638 solum
3136 2600 3242 2638 non
3283 2584 3531 2648 invadet,

1942 2675 2034 2728 sed
2079 2689 2250 2743 neque
2279 2673 2488 2727 obtueri
2518 2674 2735 2728 audebit
2765 2691 2778 2726 :
2809 2675 2983 2728 sciens
3010 2688 3067 2728 se
3105 2674 3157 2727 in
3194 2690 3384 2727 vanum
3419 2690 3535 2726 titti-

1946 2764 2049 2825 liri,
2076 2773 2128 2818 ct
2157 2764 2412 2818 adversus
2441 2773 2599 2833 caput
2638 2778 2792 2818 suum
2834 2779 2999 2817 ausus
3041 2779 3167 2817 suos
3195 2773 3532 2820 convertere.

1940 2856 2052 2924 Age
2073 2840 2229 2924 igitur
2250 2854 2317 2908 he
2336 2855 2483 2908 terni
2507 2855 2772 2907 sermonis
2793 2857 3014 2922 repetita
3039 2854 3196 2916 serie,
3220 2854 3367 2923 quod
3396 2855 3527 2909 reli-

1939 2962 2100 3014 quum
2129 2944 2226 2998 fuit
2249 2958 2582 2999 enarremns.
2613 2944 2749 3010 Quid
2790 2954 2967 2998 autem
3012 2944 3123 2996 heri
3155 2945 3356 2997 dictum
3396 2942 3532 2996 fuit?

1942 3037 2357 3091 Promissionem
2396 3053 2555 3105 quant
2595 3037 2733 3090 Deus
2775 3035 2897 3089 fecit
2938 3035 3093 3088 Abra:
3123 3033 3529 3101 descripsimus,

1942 3128 2030 3181 ubi
2062 3128 2341 3196 imperavit
2367 3127 2415 3182 ei
2438 3137 2497 3181 ut
2522 3127 2817 3196 suspiceret
2845 3126 2896 3178 in
2929 3125 3115 3178 ea-lum
3136 3164 3148 3186 ,
3179 3134 3232 3177 et
3259 3133 3526 3192 spectaret

1942 3220 2213 3273 stellarum
2261 3218 2671 3272 multitudinem.
2708 3215 2937 3270 Numera
2986 3217 3162 3280 enim,
3196 3215 3382 3283 inquit,
3415 3216 3533 3268 stel-

1942 3312 2038 3376 las,
2069 3311 2111 3365 si
2136 3311 2321 3381 poteris
2350 3326 2434 3363 eas
2459 3324 2743 3363 numerare.
2766 3306 2833 3360 Et
2854 3308 2982 3359 dixit
3008 3308 3052 3359 ei
3084 3321 3103 3359 :
3129 3306 3218 3359 Sic
3249 3307 3340 3357 erit
3363 3321 3532 3358 semen

1943 3412 2105 3455 tuum.
2129 3402 2327 3457 Deinde
2346 3417 2465 3456 cum
2483 3402 2872 3455 demonstraret
2888 3397 3043 3452 nobis
3054 3396 3235 3451 divina
3259 3397 3532 3464 Scriptura

1942 3494 2243 3563 religiosam
2277 3493 2589 3562 patriarcha:
2618 3500 2871 3554 mentem,
2919 3497 2973 3541 et
2998 3488 3267 3558 quomodo
3315 3486 3379 3540 ad
3408 3500 3534 3554 pro-

1942 3588 2240 3640 mittentem
2267 3584 2560 3655 respiciens
2586 3624 2602 3649 ,
2631 3592 2687 3636 et
2730 3580 3016 3651 potentiam
3062 3579 3418 3648 promittentis
3440 3594 3534 3631 co-

1942 3678 2115 3746 gitans
2144 3717 2159 3741 ,
2214 3673 2501 3729 crediderit
2550 3673 2723 3737 dictis,
2778 3671 2948 3724 dicit:
2980 3668 3045 3722 Et
3095 3670 3313 3722 credidit
3349 3666 3537 3720 Abram

1946 3769 2075 3835 Deo,
2105 3778 2151 3822 et
2195 3776 2490 3838 reputatum
2532 3775 2603 3819 est
2630 3767 2674 3818 ei
2699 3764 3040 3834 injustitiaut.
3093 3762 3376 3829 [lucusque
3424 3758 3537 3811 heri

1943 3875 2245 3915 sermonem
2276 3858 2638 3929 produximus,
2674 3870 2845 3925 neque
2875 3854 3097 3907 ulterius
3137 3851 3381 3920 progredi
3437 3864 3533 3918 po-

1946 3955 2143 4008 tuimus
2172 3970 2187 4005 :
2215 3952 2333 4005 ideo
2350 3964 2530 4019 opera:
2558 3948 2787 4018 pretium
2810 3954 2893 3999 est
2922 3954 2976 3996 nt
3005 3944 3263 3996 addamus
3295 3956 3533 4010 sequen~

1945 4046 2036 4099 tia.
2060 4044 2195 4109 Quid
2225 4057 2351 4111 ergo
2368 4039 2531 4095 dicit?
2553 4039 2604 4092 7.
2620 4036 2762 4089 Dixit
2783 4045 2949 4089 autent
2966 4032 3219 4086 Dominus
3234 4031 3303 4083 ad
3325 4032 3536 4082 Abram:

1947 4138 2057 4208 Ego
2086 4154 2198 4192 sum
2222 4135 2382 4203 Dus,
2422 4134 2506 4204 qui
2531 4131 2683 4186 eduxi
2714 4140 2761 4183 te
2800 4130 2862 4182 de
2887 4138 3023 4182 terra
3052 4126 3426 4185 Chaldteorum,
3478 4131 3534 4175 ut

1945 4230 2119 4282 darem
2148 4227 2235 4281 tibi
2262 4236 2446 4280 terram
2497 4224 2647 4287 hanc,
2691 4231 2746 4275 ut
2791 4221 2845 4274 in
2891 4219 3215 4272 hereditatem
3254 4214 3538 4286 possideres

1945 4337 2076 4374 eam.
2111 4320 2244 4377 Vide
2273 4314 2540 4387 quomodo
2571 4314 2709 4367 Deus
2739 4327 2799 4366 se
2844 4311 3091 4363 human-.c
3122 4306 3416 4362 inlirmitati
3443 4315 3529 4359 at-

1945 4420 2222 4480 temperet,
2254 4404 2521 4477 quomodo
2550 4406 2705 4458 [idem
2733 4402 2872 4456 illius
2898 4400 3248 4455 corroborare
3280 4398 3425 4461 velit,
3456 4397 3539 4449 ei-

1945 4521 2048 4574 que
2076 4500 2395 4572 persuadere
2419 4507 2474 4552 ut
2489 4498 2557 4551 dc
2574 4497 2637 4551 iis
2651 4511 2769 4565 qua:
2785 4494 3045 4565 promissa
3072 4490 3282 4545 fuerant
3311 4488 3530 4542 minime

1945 4595 2148 4649 dubitet
2170 4611 2183 4647 :
2203 4592 2348 4662 quasi
2377 4590 2615 4645 diceret:
2645 4589 2846 4642 Mentor
2864 4595 2999 4651 esto,
3024 4600 3108 4638 me
3130 4600 3160 4637 a
3185 4583 3344 4636 domo
3374 4591 3459 4634 tua
3490 4589 3540 4634 te

1945 4686 2268 4742 evocavisse.
2292 4683 2450 4738 Certe
2469 4697 2586 4753 quas
2606 4696 2634 4734 a
2664 4682 2884 4735 Domino
2906 4679 3014 4733 Deo
3035 4679 3281 4730 dicuntur
3297 4688 3534 4727 Cuttsmta

1945 4785 2069 4831 sunt
2093 4774 2231 4831 beati
2254 4774 2506 4843 Stephani
2529 4773 2702 4834 dictis,
2731 4771 2891 4840 quiet
2911 4770 2977 4821 de
3005 4767 3244 4827 domo,ct
3272 4764 3338 4816 de
3364 4762 3537 4815 Chal-

1945 4867 2060 4921 dtea
2092 4864 2301 4920 Domini
2344 4869 2607 4932 pratceplo
2636 4869 2912 4915 evocatum
2939 4872 3061 4911 eum
3092 4855 3219 4908 dicit
3248 4852 3400 4924 (Act.
3432 4854 3461 4905 7
3490 4853 3531 4923 ).

1948 4959 2017 5014 Et
2042 4959 2158 5028 ejus
2182 4957 2460 5012 sententiae
2489 4954 2820 5023 obsequutus
2844 4960 3011 5018 pater.
3040 4959 3089 5001 et
3125 4954 3183 5000 ut
3208 4955 3361 4998 antea
3389 4944 3532 4998 dixi-

1948 5066 2087 5114 mus,
2114 5049 2355 5120 quamvis
2381 5046 2607 5100 inlidelis
2638 5055 2803 5110 esset,
2832 5056 3073 5110 magnam
3099 5049 3273 5092 tamen
3302 5038 3533 5090 societa-

1950 5145 2022 5199 tis
2041 5158 2255 5199 causam
2300 5142 2521 5200 habens,
2552 5152 2745 5206 nempe
2789 5136 2879 5190 lilii
2926 5149 3188 5199 amorem,
3215 5131 3314 5185 viae
3353 5145 3538 5185 comes

1947 5234 2053 5291 fuit
2094 5243 2149 5289 et
2177 5233 2329 5287 exiit.
2367 5232 2547 5299 Itaque
2575 5231 2625 5282 in
2658 5238 2887 5281 mentem
2915 5224 2963 5279 ei
3007 5230 3221 5277 revocat
3252 5220 3353 5275 hoc
3391 5221 3532 5287 loco,

1948 5335 2199 5397 quantam
2226 5325 2293 5380 ab
2321 5323 2473 5377 initio
2503 5320 2619 5391 ejus
2645 5334 2826 5374 curam
2877 5314 3136 5385 gesserit,
3178 5313 3458 5367 declarans
3482 5312 3534 5365 ei

1947 5432 2010 5472 se
2045 5425 2101 5470 ut
2122 5429 2242 5469 eum
2270 5414 2335 5468 ad
2360 5427 2548 5481 magna
2574 5409 2909 5480 proveheret,
2932 5414 2986 5461 et
3002 5414 3079 5459 tot
3110 5404 3181 5457 illi
3212 5403 3349 5457 bona
3379 5402 3534 5471 polli-

1948 5514 2159 5561 ceretur
2184 5514 2237 5557 et
2258 5502 2519 5571 impleret,
2549 5508 2750 5555 tantum
2778 5496 2982 5552 itineris
2997 5495 3264 5549 coniicere
3283 5494 3528 5562 jussisse.

1953 5595 2061 5665 Ego
2083 5610 2193 5649 sum
2218 5591 2377 5659 Deus,
2404 5592 2491 5663 qui
2516 5591 2667 5645 eduxi
2693 5599 2740 5643 te
2763 5589 2826 5642 de
2849 5587 3052 5657 regione
3069 5583 3445 5647 Chaldteorum,
3479 5593 3533 5636 ut

1948 5686 2124 5739 darem
2173 5684 2261 5737 tibi
2306 5692 2493 5738 terram
2539 5682 2691 5745 hanc,
2724 5689 2778 5732 ut
2806 5678 2858 5731 in
2896 5677 3222 5731 hereditatem
3251 5673 3532 5745 possideres

1949 5777 2081 5830 eant.
2111 5775 2247 5830 Num
2275 5784 2326 5830 te
2369 5774 2567 5844 absque
2594 5786 2752 5827 causa
2796 5769 2939 5825 illinc
2967 5766 3222 5825 evocavi?
3266 5782 3392 5820 nmn
3424 5764 3533 5817 fru-

1949 5879 2057 5924 stra
2083 5878 2136 5923 et
2167 5869 2219 5924 in
2259 5883 2444 5923 vanum
2476 5877 2527 5921 te
2554 5866 2696 5921 illinc
2721 5862 2923 5919 eduxi?
2945 5861 3231 5933 Propterea
3257 5874 3354 5929 ego
3383 5869 3523 5926 -
