4060 6450
548 455 654 512 545
1246 457 1304 511 8.
1342 453 1622 511 JOANNIS
1658 445 2131 509 CHRYSOSTOMI
2170 443 2491 511 ΔΙιιἺἸΙΕΡ.
2531 444 3071 505 CONSTANTINOP.
3721 440 3813 495 355

549 573 662 642 cepi
693 579 751 628 ιιι
779 579 830 627 te
853 572 904 626 in
927 571 1263 627 Palaestinam
1286 569 1585 634 conferres,
1615 577 1673 624 et
1694 567 1877 623 relicta
1903 574 2123 635 paterna
2246 563 2444 619 tuentis
2483 562 2588 619 ﬁde
2612 561 2788 633 dignis
2826 560 3112 617 certiorem
3133 556 3341 615 reddat.
3387 554 3519 611 Nam
3547 555 3670 625 quia
3701 555 3815 607 oliui

551 661 714 716 domo
744 661 957 717 venires
997 661 1048 717 in
1096 671 1290 717 terram
1348 659 1525 727 hanc,
1572 668 1633 714 ut
1680 658 1734 714 in
1791 655 2138 712 hereditatem
2243 654 2324 711 eis
2347 654 2419 711 ita
2445 670 2562 711 mos
2585 663 2703 712 erat
2731 651 3052 723 paciscendi,
3078 658 3135 706 et
3156 659 3307 719 pacta
3338 646 3606 711 ﬁrmandi,
3640 645 3819 700 ἰιιιιοθι

554 765 675 808 eam
703 751 1026 821 possideres.
1073 752 1328 823 Cogitans
1372 751 1531 821 igitur
1559 757 1753 821 quanta
1781 746 1974 803 fruaris
2022 760 2139 799 mea
2247 748 2361 817 ipse
2387 749 2467 802 via
2487 746 2588 802 hac
2610 744 2922 816 ingreditur.
2946 743 3034 800 10.
3059 742 3126 799 Et
3144 741 3359 812 accepit,
3388 739 3581 811 inquit,
3601 749 3648 794 et
3669 737 3822 792 diuisit

557 843 914 912 providentia,
944 860 1008 900 ex
1036 859 1101 899 eo
1141 851 1383 914 tempore
1409 859 1514 913 quo
1538 842 1845 898 Chaldaeam
1877 837 2142 908 reliquisti
2246 838 2378 894 eain
2406 838 2536 895 duas
2577 846 2764 907 partes.
2800 833 3205 915 Obsgvandum
3244 847 3350 887 non
3379 832 3582 900 absque
3606 827 3824 894 ratione,

558 950 728 1004 usque
754 934 806 990 in
836 950 1073 1004 prarscns
1094 945 1320 1005 tempus,
1353 944 1407 991 et
1446 932 1714 1005 quomodo
1751 931 1928 988 clarus
1956 930 2052 994 sis,
2080 944 2145 983 ac
2251 943 2424 999 neque
2462 927 2515 982 in
2560 942 2753 982 vanum
2798 926 2958 980 etiam
3007 932 3215 993 tempus
3253 920 3542 991 designari.
3584 916 3826 972 Trienuia

559 1038 657 1092 per
681 1039 859 1079 meum
886 1025 1182 1080 subsidium
1213 1034 1269 1078 et
1316 1039 1500 1078 curam
1543 1022 1784 1093 quotidie
1809 1020 2005 1076 clarior
2024 1034 2147 1074 eva-
2250 1020 2393 1073 enim
2420 1018 2663 1089 accipere
2685 1017 2844 1083 jussit
2872 1036 2886 1073 :
2918 1014 3023 1070 hoc
3058 1022 3171 1077 est,
3218 1011 3449 1083 perfecta
3491 1018 3549 1063 et
3573 1008 3826 1063 absoluta.

560 1112 678 1177 das,
705 1112 861 1168 dictis
890 1114 1024 1168 meis
1052 1112 1278 1168 conﬁde.
1315 1113 1501 1167 Vidisti
1552 1113 1819 1183 ingentem
1847 1108 2146 1179 benignita-
2257 1108 2322 1163 Et
2349 1110 2515 1163 divisit
2538 1108 2672 1164 eain
2694 1108 2825 1163 duas
2862 1115 3031 1179 partes
3063 1121 3083 1161 :
3111 1114 3159 1163 et
3188 1114 3425 1172 utrasque
3447 1111 3620 1172 partes
3642 1102 3828 1153 iuta-se

565 1201 708 1257 tom?
736 1201 907 1256 vidisti
953 1213 1206 1272 quantum
1233 1216 1294 1257 se
1329 1209 1649 1271 attemperet
1674 1199 1858 1255 Deus?
1892 1205 2148 1269 quantum
2257 1204 2422 1274 posuit
2462 1203 2695 1257 obversus
2716 1218 2733 1264 ;
2757 1217 2873 1259 aues
2897 1209 3068 1253 autem
3095 1214 3197 1252 non
3215 1196 3403 1250 divisit.
3430 1194 3494 1248 Et
3513 1192 3714 1247 sedens
3740 1191 3827 1241 ob.

564 1289 684 1359 ejus
710 1290 940 1346 animam
979 1291 1350 1355 corroborare.
1378 1300 1435 1347 et
1465 1290 1622 1346 ﬁdem
1652 1289 1972 1345 continuare
2000 1288 2148 1354 velit,
2256 1294 2536 1357 servabat,
2564 1304 2624 1348 υι
2665 1307 2732 1349 ne
2757 1299 2976 1362 possent,
3012 1290 3212 1347 divisas
3250 1294 3431 1356 partes
3457 1285 3659 1343 laedere
3683 1284 3829 1336 adso-

569 1391 627 1437 ut
675 1397 744 1439 ne
779 1382 998 1453 posthac
1051 1382 1118 1438 ad
1140 1384 1365 1438 natura:
1411 1381 1685 1439 obStaeula
1728 1388 1970 1452 spectare
2022 1392 2152 1448 pos-
2259 1386 2431 1441 tantes
2454 1397 2610 1449 aves,
2632 1393 2686 1441 ει
2720 1398 2815 1461 ρει·
2841 1390 3003 1437 totam
3024 1380 3166 1435 diem
3197 1379 3300 1433 hoc
3324 1376 3501 1433 facere
3531 1387 3827 1443 persevera-

564 1474 637 1529 sit
665 1490 679 1527 :
707 1473 801 1530 sed
828 1476 949 1544 ejus
981 1475 1219 1545 cogitare
1245 1475 1538 1545 potentiam
1565 1473 1656 1545 qui
1684 1470 1959 1543 promisit.
2002 1478 2056 1525 et
2083 1472 2152 1524 ita
2259 1475 2370 1531 bat.
2406 1475 2490 1529 ιι.
2519 1472 2895 1529 υεςεεηάετκιιι
2922 1479 3090 1527 autem
3126 1484 3243 1523 aues
3267 1465 3383 1522 alite
3413 1465 3467 1518 in
3491 1479 3713 1532 corpora
3733 1477 3834 1527 qua

566 1565 791 1624 credere
818 1575 875 1622 et
910 1566 1204 1634 conlidere,
1235 1567 1389 1637 quasi
1411 1566 1524 1637 jam
1560 1565 1779 1634 impleta
1819 1569 2002 1619 essent
2028 1575 2153 1631 pro-

575 1657 760 1712 missa.
1294 1674 1297 1678 ·

643 1744 698 1798 2.
743 1744 938 1800 Verum
961 1745 1154 1800 iterum
1174 1745 1390 1801 attende
1412 1752 1469 1802 et
1488 1743 1863 1816 patriarcham,
1890 1741 2158 1814 quomodo

578 1843 698 1905 post
727 1834 973 1890 fiduciam
993 1851 1056 1889 ex
1088 1835 1242 1891 dictis
1269 1843 1541 1905 acceptam
1570 1835 1796 1890 certiora
1823 1834 2053 1902 inquirat
2072 1848 2162 1887 ar-

574 1934 850 1998 gumenta.
892 1928 946 1981 8.
976 1925 1119 1981 Dixit
1142 1927 1273 1982 enim
1296 1944 1316 1981 :
1344 1926 1582 1990 Domine,
1612 1925 1849 1990 Domine,
1885 1925 2161 1979 secundum

574 2017 697 2086 quid
718 2032 1015 2087 cognoscam
1035 2018 1171 2087 quod
1184 2019 1237 2071 in
1257 2018 1579 2073 hereditatem
1598 2026 1895 2088 accepturus
1912 2018 2007 2071 sim
2026 2017 2163 2071 eam!

578 2105 811 2173 Tametsi
835 2105 1107 2175 Scriptura
1137 2108 1283 2177 prius
1304 2115 1493 2162 testata
1517 2106 1696 2170 fuerit,
1725 2121 1847 2163 eum
1870 2105 2164 2162 credidisse

576 2195 734 2251 dictis
759 2195 874 2261 Dei,
899 2205 953 2251 et
982 2196 1101 2251 ideo
1122 2206 1420 2267 reputatum
1446 2212 1567 2253 esse
1591 2197 1642 2253 ei
1671 2197 1725 2251 in
1749 2196 2033 2267 justitiam,
2067 2211 2163 2251 ve-

2259 1565 2422 1620 ditn'sa
2447 1574 2588 1619 erant
2614 1573 2697 1617 :et
2736 1562 2863 1617 sedit
2889 1576 3004 1614 cum
3028 1560 3099 1614 eis
3137 1557 3342 1611 Abram.
3384 1554 3472 1610 12.
3518 1553 3742 1621 Cumque
3768 1551 3834 1604 sol

2252 1657 2367 1727 jam
2390 1653 2735 1718 occumberet,
2767 1652 2915 1705 irruit
2944 1650 3147 1705 ecstasis
3174 1649 3227 1701 in
3262 1646 3467 1710 Abram,
3493 1653 3542 1698 et
3566 1659 3678 1697 ecce
3702 1643 3836 1694 timor

2263 1762 2478 1817 magnus
2500 1754 2547 1798 et
2567 1743 2851 1799 tenebrosus
2871 1741 3054 1795 invasit
3072 1755 3206 1793 eum.
3233 1737 3408 1805 Quare
3435 1743 3678 1802 tempore
3698 1746 3831 1787 occa-

2265 1852 2357 1891 sus
2397 1837 2561 1901 solis,
2601 1849 2722 1890 cum
2762 1834 2872 1902 jam
2911 1831 2978 1886 ad
3024 1843 3303 1899 vestpcram
3332 1825 3677 1880 inclinaretur
3700 1821 3834 1875 dies?

2264 1927 2400 1996 Quia
2419 1925 2666 1983 omnibus
2693 1923 2865 1978 modis
2887 1920 3227 1977 attentior-em
3247 1933 3369 1972 eum
3392 1917 3570 1990 facere
3598 1913 3738 1975 vult;
3765 1911 3833 1965 id-

2264 2033 2333 2075 eo
2378 2016 2599 2074 eestasis
2627 2023 2685 2072 et
2713 2016 2870 2070 timor
2907 2027 3129 2082 magnus
3179 2021 3236 2065 et
3289 2009 3607 2064 tenebrosus
3658 2004 3835 2059 invadit

2267 2127 2415 2178 cum,
2439 2118 2498 2166 ut
2520 2125 2619 2181 per
2642 2109 2822 2166 omnia
2844 2123 2964 2179 qum
2985 2107 3135 2171 ﬁunt,
3158 2104 3350 2160 sentiat
3369 2118 3430 2158 se
3454 2101 3645 2157 videre
3669 2100 3833 2153 Deum:

2268 2216 2392 2257 eum
2414 2201 2558 2256 enim
2583 2215 2787 2259 morem
2818 2198 2959 2254 Deus
2984 2197 3182 2267 ubique
3207 2194 3387 2249 habet.
3414 2193 3551 2248 Nam
3580 2201 3639 2245 et
3673 2199 3833 2260 ριιδιω

581 2297 879 2342 rumtamen
902 2288 1022 2359 quia
1051 2289 1289 2353 audivit:
1321 2290 1542 2359 Propter
1563 2290 1666 2346 hoc
1685 2289 1759 2344 Te
1776 2290 1930 2345 eduxi
1954 2290 2016 2351 de
2032 2300 2167 2345 terra

580 2376 839 2438 Citaideaz,
869 2388 921 2431 ut
953 2378 1127 2433 darent
1154 2381 1241 2433 tibi
1267 2393 1453 2434 terram
1492 2380 1646 2446 hanc,
1675 2388 1729 2433 ut
1757 2381 1810 2434 in
1842 2380 2167 2437 hereditatem

585 2468 867 2535 possideres
893 2484 1003 2521 eam
1024 2484 1044 2534 ,'
1072 2468 1202 2523 dicit
1228 2487 1243 2522 :
1276 2469 1370 2523 His
1401 2469 1615 2539 quidem
1644 2485 1762 2538 qua:
1787 2484 1818 2524 a
1849 2479 1899 2525 te
1920 2469 2170 2525 dicuntur

587 2557 916 2627 impossibile
943 2567 1028 2612 est
1052 2568 1107 2612 ut
1127 2558 1286 2613 fidem
1314 2575 1419 2614 non
1436 2559 1660 2614 habeam
1681 2576 1696 2624 ;
1717 2570 1948 2615 attamen
1972 2561 2167 2616 vellem

585 2646 876 2702 etmodqu
902 2648 1107 2705 discere
1133 2665 1240 2721 quo
1269 2666 1387 2705 eam
1427 2651 1481 2705 in
1514 2651 1861 2706 hereditatem
1892 2665 2011 2707 sum
2045 2668 2171 2722 pos-

586 2752 852 2794 sessurus.
883 2739 1047 2795 Video
1070 2741 1211 2796 cutim
1237 2756 1322 2796 me
1345 2758 1485 2798 nunc
1506 2741 1889 2812 prox-emodum
1909 2742 1975 2796 ad
1996 2752 2177 2797 estre-

588 2844 733 2885 mam
761 2840 1087 2886 senectutem
1135 2833 1439 2902 pervenisse
1461 2873 1477 2896 .
1509 2841 1564 2888 et
1590 2848 1755 2907 usque
1782 2834 1835 2888 in
1860 2832 2003 2888 hunc
2029 2833 2171 2889 diem

586 2919 933 2975 obambulare
961 2922 1109 2990 quasi
1149 2938 1427 2991 erronem;
1457 2932 1645 2980 etnon
1685 2938 1901 2992 possum
1941 2923 2173 2979 humana

589 3011 794 3066 ratione
818 3011 1221 3082 deprehendere
1244 3012 1515 3083 quomodo
1535 3012 1638 3069 hoc
1656 3014 1978 3070 sitfuturum
2009 3031 2023 3068 :
2049 3014 2176 3070 licet

590 3102 740 3171 prius
781 3102 1099 3158 crediderint
1126 3103 1281 3162 dictis
1311 3102 1447 3168 tuis,
1494 3113 1760 3174 tamquam
1791 3104 2036 3158 videlicet
2061 3118 2091 3157 a
2124 3112 2176 3159 te

592 3193 834 3263 prolatis,
864 3195 954 3264 qui
987 3204 1139 3264 potes
1164 3194 1215 3249 id
1243 3193 1385 3265 quod
1411 3209 1515 3249 non
1541 3202 1643 3263 est,
1672 3205 1727 3249 ut
1751 3195 1837 3261 sit,
1864 3194 2099 3260 efficere,
2122 3203 2177 3251 et

593 3284 770 3340 omnia
800 3284 975 3341 facere
1004 3286 1483 3351 et'transt'ormare.
1513 3287 1628 3342 Non
1663 3287 1818 3359 igitur
1851 3296 1909 3342 ut
1940 3287 2177 3345 incredu-

592 3375 679 3430 lus
703 3374 803 3430 hoc
828 3376 1119 3446 interrogo,
1164 3377 1257 3433 sed
1286 3378 1408 3447 quia
1436 3378 1626 3432 iterum
1657 3377 1785 3432 mihi
1826 3377 2174 3434 hereditatem

484 3515 490 3522 .
593 3466 873 3533 nominas,
919 3469 1163 3523 volebam
1192 3479 1246 3524 et
1270 3471 1511 3546 crassius
1539 3478 1701 3541 atque
1729 3470 1923 3526 clarius
1965 3470 2177 3541 signum

591 3557 855 3629 accipere,
881 3558 1020 3628 quod
1046 3559 1211 3628 possit
1234 3558 1472 3617 inﬁrmas
1498 3576 1646 3615 meas
1671 3562 2020 3632 cogitationes
2049 3561 2178 3617 soli-

592 3648 748 3705 dare.
772 3650 907 3718 Quid
936 3651 1094 3721 igitur
1122 3650 1297 3709 bonus
1326 3653 1617 3708 Dominus?
1644 3654 1847 3711 Morem
1880 3669 2070 3725 gerens
2097 3652 2179 3708 ia-

597 3739 745 3792 mulo
769 3755 889 3807 suo,
933 3750 990 3795 et
1016 3741 1203 3796 volens
1228 3741 1343 3812 ejus
1371 3744 1722 3800 corroborare
1765 3744 2018 3810 animam,
2048 3761 2179 3816 quo-

596 3830 741 3886 niam
791 3831 923 3885 vidit
968 3835 1310 3888 conlitentem
1340 3849 1488 3889 suam
1519 3835 1957 3903 imbecillitatem,
1983 3846 2040 3892 et
2064 3852 2183 3892 cre-

594 3921 812 3977 dentem
838 3923 1054 3993 quidem
1081 3924 1439 3994 promissioni,
1461 3926 1766 3997 cupientem
1783 3936 1960 3983 autem
1982 3928 2183 3984 certio-

592 4026 654 4067 ra
705 4012 946 4081 quasdam
991 4024 1302 4086 argumenta
1347 4017 1610 4088 occipere,
1640 4017 1768 4074 dicit
1808 4019 1859 4074 ei
1887 4035 1903 4073 :
1935 4018 1989 4074 9.
2022 4019 2183 4074 Sume

594 4103 720 4158 ntihi
744 4120 943 4161 vaccam
974 4108 1216 4163 triennem
1236 4150 1252 4176 ,
1282 4118 1329 4163 et
1356 4126 1567 4180 capram
1598 4112 1800 4166 trimam
1818 4153 1832 4177 ,
1863 4120 1912 4166 et
1950 4111 2178 4177 arietem,

592 4203 641 4250 et
669 4204 931 4262 turturem,
953 4209 999 4252 et
1027 4199 1329 4255 columbam.
1360 4201 1495 4258 Vide
1518 4202 1788 4272 quomodo
1816 4216 1967 4260 more
1990 4201 2183 4256 huma-

595 4300 668 4339 no
697 4285 794 4339 init
819 4301 941 4341 cum
961 4304 1027 4343 eo
1052 4287 1278 4345 fmdera.
1306 4291 1761 4359 Quemadmodum
1782 4294 1925 4349 enim
1957 4308 2056 4349 nos
2085 4293 2185 4348 ho-

598 4374 790 4442 mines,
816 4377 1029 4447 quando
1065 4380 1260 4451 aliquid
1288 4384 1680 4452 promittimus,
1710 4395 1764 4439 et
1791 4386 2036 4440 volumus
2072 4399 2183 4440 cer-

596 4472 709 4518 tum
736 4465 962 4523 reddere
984 4484 1104 4524 eum
1125 4472 1210 4525 cui
1236 4473 1521 4541 promissio
1541 4473 1620 4539 ﬁt,
1644 4474 1713 4528 ita
1738 4483 1795 4529 ut
1812 4474 1880 4530 de
1905 4476 2182 4546 promissis

597 4554 731 4609 nihil
756 4558 1009 4628 ambigat,
1040 4563 1249 4631 signum
1290 4565 1501 4633 aliquod
1526 4566 1735 4634 damus,
1758 4577 1814 4622 et
1842 4569 2031 4639 pignus
2061 4568 2135 4638 (a)
2158 4608 2176 4635 ,

598 4655 656 4700 ut
695 4645 763 4700 ad
806 4646 932 4702 illud
977 4660 1259 4718 spectans,
1301 4654 1441 4710 scire
1468 4665 1627 4725 queat
1673 4657 1935 4727 promissa
1963 4660 2183 4714 omnino

594 4747 849 4794 eventura
878 4756 893 4794 :
924 4740 993 4794 ita
1031 4750 1088 4797 et
1122 4742 1386 4815 benignus
1423 4746 1711 4814 Dominus,
1745 4756 2021 4820 postquam
2048 4749 2184 4805 dixit

595 4828 794 4885 Abram
824 4847 837 4883 :
872 4830 1139 4899 Quomodo
1176 4835 1515 4906 cognoscam?
1550 4836 1753 4908 inquit,
1799 4838 1940 4895 Ecce
1982 4849 2037 4894 ct
2080 4841 2183 4897 huc

597 4919 690 4974 tibi
722 4921 964 4989 pralbeo;
1006 4925 1165 4979 Sume
1189 4926 1313 4980 mihi
1334 4942 1538 4982 vaccam
1566 4929 1808 4984 triennem
1827 4971 1841 4995 ,
1880 4941 1929 4985 et
1967 4947 2177 5002 capram

595 5010 816 5077 trimam,
843 5021 893 5066 et
915 5016 1143 5083 arietem,
1163 5025 1211 5069 et
1232 5025 1497 5086 turturem,
1527 5028 1575 5074 et
1597 5019 1901 5076 columbam.
1926 5021 2177 5088 Attende,

594 5100 840 5169 obsecro,
889 5103 943 5157 in
991 5116 1244 5174 quantam
1282 5109 1693 5166 crassitudinem
1746 5110 2179 5167 descendendum

594 5188 696 5244 sibi
723 5189 935 5248 duxerit
959 5193 1134 5250 bonus
1163 5196 1455 5266 Dominus,
1483 5214 1590 5269 quo
1633 5200 1988 5271 patriarcbam
2032 5216 2184 5272 ιιι-ευ-

2270 2292 2485 2361 quando
2518 2291 2651 2346 Ilosi
2696 2290 2750 2351 in
2788 2300 2970 2346 monte
3004 2288 3150 2345 Sinai
3190 2287 3411 2343 daturus
3450 2293 3571 2339 erat
3610 2283 3770 2352 legem
3793 2288 3838 2333 et

2272 2384 2542 2448 mandata,
2564 2382 2827 2449 Tenebras,
2855 2381 3043 2451 inquit,
3070 2389 3117 2437 ct
3137 2379 3303 2449 caligo
3326 2386 3452 2440 erat,
3471 2385 3519 2429 et
3543 2392 3686 2429 mons
3706 2372 3837 2441 {utui-

2270 2477 2424 2549 gabat
2449 2476 2645 2546 (Exod.
2668 2476 2756 2531 ιε).
2781 2475 2892 2546 18).
2923 2475 3148 2544 Propter
3173 2474 3274 2530 hoc
3297 2480 3354 2526 et
3369 2471 3647 2538 Scriptura
3672 2465 3839 2533 inquit,

2277 2570 2376 2637 Qui
2401 2569 2561 2640 tangit
2585 2576 2797 2633 montes,
2825 2577 2873 2622 et
2895 2567 3146 2639 fumigant
3170 2564 3339 2636 (Psat.
3368 2563 3490 2617 105.
3523 2560 3645 2624 52).
3679 2559 3838 2613 Enim-

2277 2678 2405 2719 vero
2433 2665 2553 2733 quia
2606 2662 2980 2730 incorporeum
3008 2656 3190 2715 videre
3234 2671 3329 2726 per
3373 2653 3660 2709 sensibites
3703 2650 3842 2703 hosce

2275 2753 2458 2809 oculos
2505 2768 2612 2807 non
2646 2762 2726 2808 est
2753 2751 3039 2823 possibile,
3068 2749 3188 2805 ideo
3215 2761 3367 2802 suam
3391 2744 3550 2800 nobis
3597 2741 3838 2812 operatio-

2278 2862 2402 2901 nem
2428 2845 2731 2915 siguiﬁeare
2756 2845 2886 2900 vult.
2920 2844 3079 2912 Igitur
3105 2840 3358 2911 quoniam
3384 2836 3650 2891 attonitus
3669 2842 3722 2889 et
3741 2847 3841 2901 per-

2276 2936 2455 2992 culsus
2508 2926 2627 2991 erat
2670 2936 2850 2991 animo
2888 2934 3065 3005 justus
3108 2934 3221 2999 ille,
3246 2940 3301 2987 et
3348 2934 3696 2985 concusserat
3744 2922 3842 2994 ejus

2278 3039 2513 3085 mentem
2552 3029 2730 3095 timor,
2758 3038 2813 3082 et
2849 3042 2969 3097 qua:
3009 3024 3305 3095 contigerat
3342 3020 3568 3095 eestasis
3600 3038 3614 3074 ε
3660 3017 3841 3072 Dictum

2278 3128 2386 3188 est,
2413 3119 2613 3190 inquit.
2632 3119 2697 3173 ad
2720 3134 2842 3174 eum
2872 3136 2887 3172 :
2924 3118 3130 3180 Dixisti,
3152 3113 3418 3184 quonme
3445 3124 3778 3183 agnoscam,
3797 3115 3843 3160 et

2279 3211 2491 3282 signum
2523 3209 2734 3265 voluisti
2771 3210 3043 3278 accipere,
3077 3222 3183 3278 quo
3222 3213 3379 3277 pacto
3406 3214 3611 3259 terram
3637 3206 3763 3255 hanc
3798 3196 3842 3249 in

2283 3302 2634 3359 hereditatem
2664 3315 3008 3371 possessorus
3045 3297 3140 3355 sis.
3181 3298 3322 3353 Ecce
3359 3294 3429 3350 do
3474 3295 3570 3349 tibi
3610 3293 3838 3363 signum:

2281 3411 2469 3466 mgna
2497 3396 2642 3450 enim
2670 3393 2762 3448 tibi
2791 3406 2925 3464 epns
2951 3400 3035 3447 est
3072 3390 3195 3458 ﬁde,
3241 3397 3299 3442 ut
3324 3387 3464 3442 scias
3504 3402 3597 3441 me
3620 3396 3767 3456 posse
3786 3394 3843 3434 es

2282 3489 2576 3559 desperatis
2600 3486 2761 3541 rebus
2783 3484 3048 3555 quoslibet
3087 3484 3140 3537 in
3178 3496 3330 3549 spem
3357 3481 3555 3535 bonam
3578 3476 3838 3531 adducere.

2286 3582 2372 3637 i3.
2403 3579 2469 3633 Et
2496 3578 2688 3633 dictum
2724 3586 2797 3632 est
2840 3576 2908 3629 ad
2934 3575 3120 3629 Abram
3151 3587 3171 3627 :
3195 3572 3510 3643 Cognosceus
3536 3570 3663 3623 scies
3680 3609 3695 3634 ,
3728 3563 3843 3633 quod

2284 3674 2601 3744 peregrinum
2635 3672 2730 3725 erit
2765 3685 2935 3723 semen
2972 3678 3114 3721 tuum
3138 3666 3190 3720 iu
3218 3674 3353 3719 terra
3384 3680 3486 3718 non
3510 3680 3637 3727 sua,
3678 3671 3723 3716 et
3746 3658 3843 3713 red-

2283 3765 2418 3836 igent
2445 3780 2529 3818 eos
2556 3763 2608 3816 in
2635 3760 2944 3824 servitutem,
2977 3768 3024 3812 et
3052 3758 3269 3829 aﬂigeut
3289 3798 3305 3821 ,
3335 3764 3381 3810 et
3406 3754 3737 3809 humiliabunt
3771 3766 3843 3803 eos

2283 3854 2433 3909 annis
2448 3851 2848 3925 quadringentis.
2871 3850 2957 3905 ﬂ.
2985 3847 3191 3904 Gentem
3222 3856 3391 3901 autem
3417 3845 3503 3899 cui
3524 3844 3752 3907 servient,
3769 3840 3841 3910 ju-

2285 3947 2465 4003 dicabo
2488 3963 2580 4017 ego
2598 3962 2617 4001 :
2647 3953 2819 4014 postea
2836 3953 3006 3998 autem
3025 3941 3340 4012 egredientur
3358 3939 3459 3993 huc
3479 3954 3599 3992 cum
3618 3940 3843 4007 apparats

2285 4041 2464 4095 multo.
2490 4039 2671 4108 Magna
2693 4046 2819 4091 sunt
2845 4035 2960 4089 tunc
2986 4034 3150 4097 dicta,
3180 4041 3233 4086 et
3258 4046 3377 4101 qua:
3401 4030 3644 4084 animum
3662 4023 3842 4079 virilem

2285 4129 2612 4192 desiderent,
2642 4127 2731 4198 qui
2756 4124 3118 4189 transcendat,
3145 4132 3201 4178 et
3218 4122 3356 4187 intra
3383 4133 3446 4175 se
3475 4119 3736 4187 relinquat
3758 4113 3841 4166 bu—

2285 4233 2440 4275 mana
2467 4219 2669 4273 omnia.
2704 4215 2814 4272 Nisi
2835 4216 2981 4271 enim
3003 4227 3342 4286 generosum,
3371 4209 3589 4274 fortem,
3619 4216 3675 4269 et
3695 4203 3843 4275 philo-

2286 4309 2567 4381 sophieum
2602 4308 2845 4365 animum
2876 4306 3153 4362 habuisset
3196 4302 3515 4372 patriarcha.
3545 4308 3691 4355 tanta
3715 4300 3843 4351 erant

2288 4401 2424 4468 huic,
2447 4409 2509 4456 ut
2525 4399 2840 4470 perturbare
2859 4398 3177 4468 potuissent.
3196 4395 3511 4464 Cognoscens
3529 4385 3838 4455 scies,inquit,

2285 4492 2421 4563 quod
2440 4491 2756 4562 peregrinum
2770 4488 2861 4542 erit
2879 4503 3046 4545 semen
3066 4496 3209 4539 tuum
3226 4486 3281 4539 in
3294 4493 3427 4537 terra
3444 4498 3546 4537 non
3563 4497 3674 4543 sua,
3690 4487 3732 4533 et
3744 4475 3843 4530 red-
3904 4564 3907 4569 ι

2285 4584 2422 4655 igent
2454 4599 2537 4637 eos
2574 4583 2626 4635 in
2653 4579 2977 4644 seruitutem,
3005 4587 3051 4632 et
3070 4577 3307 4648 mitigent,
3345 4584 3393 4627 et
3432 4572 3758 4627 humiliabunt
3777 4581 3846 4655 eos

2286 4654 2435 4734 annis
2454 4673 2856 4746 quadringentis.
2880 4669 3088 4725 Gentem
3103 4678 3269 4721 autem
3283 4666 3367 4720 cui
3386 4665 3619 4729 servient,
3627 4654 3845 4734 judicabo

2286 4784 2382 4840 ego
2401 4784 2421 4824 :
2449 4776 2562 4838 post
2585 4765 2694 4820 haec
2713 4764 3030 4835 egrediantur
3048 4760 3147 4814 huc
3167 4775 3283 4813 cum
3305 4766 3560 4828 apparatu
3583 4753 3754 4810 multo.

2358 4859 2413 4914 5.
2451 4858 2531 4914 Ne
2552 4855 2855 4921 admireris,
2888 4854 3079 4923 inquit,
3109 4851 3336 4920 teipsum
3366 4850 3674 4919 respiciens,
3700 4853 3749 4899 et
3768 4855 3843 4896 sc-

2288 4952 2434 5006 niutn
2455 4958 2627 5015 tuum,
2651 4957 2707 5002 et
2730 4946 2877 5002 Sam
2892 4945 3223 5001 sterilitatem
3239 4953 3293 4998 et
3320 4954 3530 4997 uterum
3554 4941 3669 5010 ejus
3687 4949 3842 4993 etnot-

2289 5051 2436 5097 tuum
2467 5057 2481 5093 :
2510 5049 2565 5094 et
2605 5053 2675 5093 ne
2715 5046 2870 5107 putes
2900 5050 3148 5105 maguum
3189 5033 3387 5103 aliquid
3413 5046 3535 5095 esse
3561 5028 3698 5100 quod
3721 5022 3839 5087 disi,

2287 5130 2487 5189 Semini
2514 5140 2600 5183 tuo
2622 5128 2752 5187 dabo
2776 5137 2962 5180 terram
2985 5124 3135 5179 hanc.
3159 5122 3274 5178 Non
3295 5122 3468 5178 solum
3481 5122 3621 5181 sitim
3652 5118 3748 5173 hoc
3766 5108 3841 5167 tibi

2287 5220 2539 5292 praedico,
2561 5216 2657 5274 sed
2675 5216 2813 5275 addo
2838 5215 2964 5272 illud
2989 5214 3159 5285 ipsum
3189 5228 3370 5269 semen
3399 5219 3545 5265 tuum
3567 5210 3617 5263 in
3642 5207 3840 5262 aliutqu

2290 5322 2486 5368 terram
2526 5308 2895 5373 abducendum
2924 5321 3062 5362 esse.
3096 5304 3211 5359 Non
3240 5303 3410 5367 dixit,
3453 5302 3508 5356 iu
3541 5299 3841 5371 Raptum.

2288 5418 2463 5473 neque
2500 5400 2750 5459 indicavit
2795 5409 2952 5454 terra:
2991 5412 3227 5455 nomen:
3254 5395 3347 5451 sed
3375 5394 3545 5459 dixit,
3578 5393 3634 5447 lu
3670 5395 3840 5443 terram

2290 5508 2397 5548 non
2418 5507 2570 5551 suam
2599 5507 2617 5546 :
2644 5498 2701 5545 et
2731 5489 3038 5545 servitutem
3076 5486 3268 5551 ferent,
3288 5494 3341 5540 et
3368 5482 3633 5541 miseriam
3658 5496 3674 5534 z
3705 5476 3839 5543 idque

2292 5602 2397 5641 non
2423 5586 2489 5640 ad
2515 5586 2676 5647 breve
2704 5592 2912 5653 tempus
2929 5622 2946 5647 ,
2988 5594 3162 5649 neque
3197 5578 3263 5632 ad
3292 5591 3583 5647 paucorum
3610 5578 3838 5628 annorum

2290 5693 2592 5743 notuerunt,
2620 5676 2717 5731 sed
2746 5689 2917 5743 usque
2937 5674 3004 5729 ad
3043 5672 3459 5743 quadringentos
3481 5682 3665 5724 annos.
3696 5660 3839 5718 Ultio-

2293 5786 2415 5827 nem
2441 5759 2572 5826 sane
2598 5768 2667 5824 de
2688 5768 2754 5825 iis
2779 5781 2878 5838 ego
2907 5780 3135 5831 sumam,
3164 5774 3216 5818 et
3246 5772 3461 5832 seruem
3483 5759 3629 5817 illam
3650 5750 3838 5813 servi“-

650 5362 731 5438 λβ)
763 5362 847 5438 ξιξ*
867 5366 1006 5431 Signa
1039 5370 1335 5438 et__pign9ra
1368 5374 1663 5438 vocabantur
1702 5377 1865 5438 etiam,
1895 5374 2134 5438 symbolo
2163 5388 2183 5426 :

1028 5425 1206 5493 quibus
1240 5433 1363 5484 ﬁdes
1401 5435 1481 5499 vel
1509 5436 1804 5496 exhibenda,
1828 5425 1908 5486 vel
1926 5425 2023 5499 jam
2048 5425 2186 5487 exhi-

597 5481 1102 5562 Eikeiseimeuti?
1131 5481 1369 5562 εεέιηῐέιῖιέ
1390 5481 2185 5562 ἦέἷέίίἶιέῖὗ·

595 5546 997 5624 Ξξχιειςιφαρτὶε
1035 5553 1163 5624 inter
1197 5546 1601 5624 prideipesl'bsive
1644 5546 1773 5624 inter
1798 5546 2183 5624 ifopultsitn'ter

594 5609 808 5713 ῗξῖηιιοιε
829 5609 1101 5720 hujgasmodi
1122 5609 1274 5677 ﬁgura
1296 5609 1467 5691 manus
1486 5609 1933 5691 humpgiorirﬁm
1955 5620 2185 5670 referens

654 5678 753 5741 fut}!
943 5681 1002 5741 _t.
1028 5682 1209 5741 uanum
1231 5677 1503 5741 hujusmodi
1529 5680 1839 5741 exhibuimus
1855 5681 1979 5730 hbro
1998 5680 2065 5730 de
2080 5681 2184 5731 An-

595 5726 820 5839 gitiam
845 5731 1184 5794 explanatione
1206 5744 1257 5788 et
1274 5726 1623 5791 'kﬁééﬁhiﬁs
1632 5726 2178 5807 ittiéii-Sii‘ib'ma's',"f..
