4060 6416
248 376 347 432 545

256 501 303 543 te
332 491 660 557 prementem
689 494 790 552 ego
811 479 1063 550 judicabo
1086 520 1102 544 ,
1143 488 1197 534 et
1235 480 1315 533 sic
1351 493 1445 532 eos
1499 489 1691 545 magno
1717 488 1838 528 cum

262 586 510 650 apparatu
536 575 642 629 huc
666 574 843 629 redire
871 571 1071 628 curabo
1096 587 1110 625 :
1142 570 1300 626 simul
1325 570 1619 639 praedicens
1643 567 1692 621 ei
1723 581 1842 635 qua:
1868 564 1884 577 '

261 671 477 742 posthac
520 677 672 724 certo
703 675 956 723 eventura
996 672 1195 729 essent,
1229 662 1537 717 servitutem
1582 659 1838 723 declarat,

262 771 314 818 et
358 762 675 816 descensum
729 759 779 813 in
836 757 1152 828 Egyptnm,
1210 766 1371 825 atque
1424 752 1843 823 indignationem

261 870 414 926 quam
443 861 662 924 prepter
690 866 784 905 eos
807 849 1045 922 [Egyptii
1075 849 1344 929 eyicrturi
1371 855 1541 909 erant,
1571 854 1625 901 et
1649 844 1846 915 glorio-

260 961 369 1000 sum
394 959 579 1001 eorum
610 942 858 998 redtum.
888 940 1234 1009 Ostenditque
1258 940 1327 1005 ei,
1347 954 1450 993 non
1483 939 1533 991 in
1567 938 1682 1006 ipso
1701 936 1846 989 dum-

259 1045 402 1093 taxat
425 1036 515 1089 illa
535 1051 653 1105 qum
679 1049 841 1102 super
865 1042 1105 1087 naturam
1138 1040 1313 1097 erunt,
1340 1038 1598 1087 eventura
1628 1045 1766 1089 esse.
1791 1040 1846 1085 et

262 1140 379 1201 post
411 1136 555 1183 tanta
586 1126 963 1197 impedimenta
989 1141 1109 1197 quae
1133 1140 1164 1179 a
1196 1126 1304 1179 Deo
1346 1125 1607 1196 promissa
1636 1123 1847 1179 fuerant

262 1221 522 1291 implenda
548 1221 681 1285 fore,
711 1220 802 1275 sed
829 1226 887 1275 et
918 1220 970 1272 in
998 1227 1109 1274 toto
1138 1218 1341 1273 semine
1361 1219 1478 1286 ejus
1499 1218 1600 1272 hoc
1620 1225 1847 1272 eventu——

261 1328 398 1369 rum.
430 1312 554 1367 llaec
579 1321 780 1377 autem,
811 1310 1000 1381 inquit,
1024 1310 1132 1380 jam
1157 1309 1263 1364 dixi
1293 1308 1406 1373 tibi,
1450 1315 1510 1362 ut
1532 1309 1842 1378 priusquam

261 1405 421 1461 vitam
452 1404 625 1469 ﬁnias,
650 1403 790 1457 scire
818 1401 992 1471 possis
1012 1416 1129 1469 qua:
1154 1408 1208 1454 et
1236 1399 1515 1470 nepotibus
1538 1408 1590 1453 et
1618 1398 1846 1468 posteris

261 1495 523 1552 evenient.
557 1495 644 1551 l5.
671 1493 752 1548 Tu
786 1504 973 1559 autem,
1003 1493 1193 1560 inquit,
1233 1492 1392 1546 abibis
1417 1490 1486 1545 ad
1519 1501 1687 1560 patres
1712 1498 1843 1553 tuos,

262 1588 483 1642 nutritus
508 1589 561 1640 in
602 1593 851 1641 senectute
889 1583 1040 1640 bona.
1066 1584 1185 1639 Non
1217 1583 1391 1649 dixit,
1426 1581 1672 1637 morieris
1704 1597 1720 1635 :
1751 1580 1846 1635 sed

262 1677 447 1743 Abibis,
477 1678 628 1749 quasi
652 1678 1053 1747 peregrinaturo
1094 1691 1179 1739 eo,
1224 1683 1279 1731 et
1306 1675 1597 1744 migratum
1625 1688 1654 1726 a
1677 1670 1845 1742 patria

263 1770 313 1824 in
345 1770 587 1839 patriam.
616 1768 808 1834 Abibis,
841 1770 1028 1839 inquit,
1050 1767 1120 1821 ad
1147 1776 1314 1836 patres
1336 1775 1449 1820 tuos
1477 1781 1497 1820 :
1523 1780 1626 1821 non
1655 1778 1845 1819 carna-

264 1862 340 1916 les
363 1861 514 1915 dicit.
543 1859 643 1926 Qui
665 1860 808 1915 enim
836 1859 1079 1929 poterat?
1108 1857 1419 1913 lncredulus
1448 1857 1590 1911 enim
1613 1864 1728 1910 erat
1752 1869 1845 1924 pa-

265 1959 343 2005 ter
371 1950 510 2020 ejus,
546 1958 601 2004 et
628 1966 734 2004 non
761 1959 875 2005 erat
913 1949 1167 2018 possibile
1197 1956 1252 2002 ut
1275 1947 1524 2003 eumdem
1557 1947 1730 2001 locum
1761 1961 1850 1999 ca-

264 2051 433 2110 pcrct,
456 2056 612 2110 quem
642 2041 756 2094 ille;
778 2039 965 2093 Hiatus
989 2039 1152 2103 enim,
1187 2037 1373 2107 inquit,
1397 2053 1612 2107 magnus
1633 2037 1851 2091 estinter

261 2148 351 2185 nos
377 2142 422 2184 et
452 2147 535 2185 ros
566 2130 716 2200 (an.
752 2130 834 2184 16.
871 2130 984 2199 26).
1013 2130 1187 2198 Quare
1212 2129 1366 2193 dixit,
1396 2128 1477 2181 Ad
1506 2138 1671 2196 patres
1696 2127 1850 2180 tuos?

261 2223 442 2278 Justus
471 2223 767 2288 insinuans,
793 2231 851 2277 ut
873 2222 1021 2287 Abel,
1043 2231 1097 2277 et
1124 2221 1257 2287 Noe,
1282 2230 1336 2275 et
1359 2219 1564 2274 Enoch.
1586 2219 1843 2283 Nntritus,

263 2314 451 2383 inquit.
475 2314 526 2368 in
551 2323 803 2367 senectute
825 2314 974 2366 bona.
1006 2313 1071 2366 Et
1091 2311 1261 2381 qualis
1288 2310 1402 2365 huic
1422 2318 1669 2364 senectus
1688 2309 1845 2374 bona,

260 2404 486 2460 fortasse
533 2406 674 2460 dicet
716 2404 926 2473 aliquis,
960 2405 1026 2458 ad
1057 2419 1216 2474 quam
1246 2402 1406 2458 tantis
1448 2401 1709 2458 molestiis
1757 2415 1851 2469 per

262 2505 418 2550 totam
456 2495 616 2550 vitam
651 2495 900 2549 transiit?
925 2495 1119 2549 Verum
1148 2509 1216 2549 ne
1239 2493 1339 2548 hoc
1367 2492 1632 2556 attendas,
1664 2492 1845 2558 homo,

257 2587 345 2641 sed
387 2598 576 2656 specta
616 2602 736 2657 qua:
791 2586 863 2639 illi
906 2587 1050 2640 omni
1092 2595 1331 2654 tempore
1373 2583 1533 2640 fuerit
1559 2583 1722 2653 gloria
1751 2625 1764 2647 ,
1796 2593 1852 2638 et

258 2679 530 2747 quonme
554 2678 815 2747 gloriosus
843 2677 1039 2731 vixerit
1065 2677 1378 2746 peregrinus
1403 2675 1492 2745 qui
1523 2676 1735 2729 civitate
1763 2675 1847 2728 1⁸0-

258 2784 420 2838 eoque
459 2769 694 2832 carebat,
726 2777 779 2822 et
805 2778 1002 2837 quanto
1032 2767 1132 2837 ipsi
1158 2766 1339 2821 datum
1365 2775 1447 2821 est
1472 2769 1614 2820 omni
1647 2776 1852 2835 tempo-

258 2874 311 2913 re
357 2860 456 2915 Dci
500 2860 738 2915 subsidio
765 2858 888 2913 frui.

327 2952 580 3006 Senectus
618 2951 746 3005 bona
772 2967 906 3022 quae.
935 2952 1303 3023 Quadringenti
1348 2953 1471 3006 anni
1505 2953 1756 3007 servitutis
1798 2952 1849 3006 in

261 3041 490 3113 Egypto
519 3059 551 3094 α
578 3059 677 3111 quo
705 3044 954 3113 principio
983 3043 1224 3097 ducendi.
1247 3043 1441 3098 -Νοη
1475 3044 1632 3112 igitur
1660 3059 1853 3098 secun-

262 3131 380 3186 dum
413 3140 736 3202 praesentem
781 3133 1087 3203 opinionem
1117 3133 1185 3187 de
1215 3133 1373 3188 rebus
1395 3133 1651 3203 judicium
1685 3134 1847 3198 feras,

264 3241 430 3294 neque
476 3234 810 3280 senectutem
868 3239 989 3281 esse
1036 3225 1229 3280 bonam
1275 3241 1517 3290 censeas,
1549 3228 1749 3281 versari
1798 3229 1850 3280 in

258 3314 401 3382 luxu,
423 3314 664 3382 deliciis,
690 3324 742 3371 et
764 3315 1003 3383 crapula,
1021 3314 1073 3368 in
1092 3317 1429 3385 possessione
1452 3315 1774 3383 divitiarum,
1800 3324 1855 3371 et

261 3423 445 3479 magna
486 3409 807 3463 famulorum
833 3408 1186 3474 multitudine,
1213 3408 1697 3478 mancipiorumque
1717 3425 1855 3479 gre—

260 3499 429 3568 gibus.
452 3502 583 3555 llaec
611 3501 751 3555 enim
781 3509 1111 3555 senectutem
1143 3501 1331 3555 bonam
1359 3515 1460 3555 non
1488 3501 1734 3568 reddunt,
1758 3502 1851 3557 sed

261 3600 314 3645 et
332 3592 555 3647 multant
585 3590 1079 3646 condemnationem
1101 3592 1332 3646 afferunt
1351 3593 1397 3648 ci
1422 3592 1508 3663 qui
1531 3608 1598 3647 ne
1622 3594 1673 3646 in
1695 3607 1855 3648 senc-

263 3691 404 3738 etnte
424 3683 643 3753 quidem
675 3684 1056 3739 continentiam
1088 3690 1335 3749 exercet,
1381 3700 1555 3753 neque
1581 3685 1645 3739 ad
1675 3694 1852 3739 extre-

266 3790 381 3829 mos
408 3775 665 3830 redactus
689 3775 926 3845 spiritus,
948 3774 1013 3829 de
1036 3775 1099 3828 iis
1115 3791 1235 3842 quae
1263 3776 1549 3844 expediunt
1575 3776 1848 3841 deliberat,

262 3865 354 3920 sed
410 3866 653 3936 quotidie
706 3865 943 3935 indulget
994 3866 1187 3930 ventri,
1238 3877 1475 3921 sectatur
1515 3866 1753 3922 convivia
1801 3876 1855 3922 ct

264 3954 553 4012 ebrietates
574 3998 587 4020 ,
610 3956 676 4010 de
705 3956 895 4026 quibus
928 3956 1179 4011 omnibus
1207 3972 1312 4009 non
1350 3957 1516 4011 multo
1543 3968 1662 4026 post
1700 3958 1854 4012 ratio-

266 4062 384 4102 nem
412 4048 723 4103 redditurus
761 4056 862 4101 est.
892 4046 1033 4101 Sane
1058 4046 1147 4115 qui
1177 4045 1231 4099 in
1271 4047 1351 4100 via
1383 4047 1590 4100 virtutis
1617 4046 1857 4099 ambula-

267 4140 359 4206 vit,
384 4140 472 4195 hic
498 4154 630 4194 vere
651 4140 882 4193 nutritus
908 4139 960 4192 in
979 4147 1253 4193 senectute
1280 4140 1436 4203 bona,
1459 4139 1563 4192 vita
1592 4137 1848 4205 fungitur,

264 4239 317 4284 ct
356 4231 605 4286 laborum
638 4230 976 4300 prtescntium
1018 4229 1218 4284 invenit
1251 4228 1649 4284 retributiones.
1681 4229 1747 4283 Et
1776 4228 1856 4283 id-

264 4321 407 4375 circo
434 4318 656 4391 inquit:
697 4321 825 4375 Tuis
860 4319 1073 4390 quidem
1103 4321 1385 4392 nepotibus
1421 4320 1540 4374 talia
1568 4321 1851 4390 evenient,

267 4419 318 4464 tu
355 4424 535 4466 autem
560 4411 729 4466 abibis
757 4412 985 4465 nutritus
1008 4410 1060 4464 in
1092 4420 1364 4465 senectute
1391 4411 1547 4465 bona.
1576 4411 1669 4465 llic
1690 4413 1853 4464 anim-

264 4501 504 4569 adverte,
537 4502 805 4573 quomodo
852 4502 953 4556 nisi
1000 4502 1117 4571 ejus
1163 4503 1348 4572 ingens
1376 4500 1563 4556 fuisset
1601 4501 1853 4555 fortitudo

263 4601 318 4645 et
341 4592 681 4662 philosophia
718 4592 916 4647 eximia
943 4632 959 4657 ,
1002 4591 1118 4646 hrcc
1162 4606 1371 4662 quoque
1396 4592 1714 4646 conturbare
1738 4592 1852 4662 ejus

262 4692 499 4738 mentem
530 4683 845 4753 potuissent.
881 4683 1065 4737 Dicere
1093 4683 1233 4737 enim
1264 4691 1492 4752 poterat,
1529 4683 1572 4736 si
1605 4683 1796 4752 aliquis
1823 4699 1853 4737 e

262 4773 425 4844 Vulgo
444 4773 638 4829 fuisset
668 4789 871 4844 :quare
898 4774 1162 4844 promittis
1191 4774 1319 4828 mihi
1348 4784 1552 4829 tantum
1575 4789 1756 4828 semen
1785 4789 1851 4828 ex

258 4879 348 4919 me
372 4865 615 4921 futurum
642 4872 699 4920 et
726 4866 1146 4935 propagandum,
1185 4865 1229 4919 si
1258 4874 1477 4934 nepotes
1513 4866 1672 4919 tantis
1697 4875 1854 4920 erunt

258 4957 416 5012 malis
464 4965 523 5013 ct
570 4958 964 5013 calamitatibus
1006 4956 1257 5025 obnoxii,
1286 4958 1703 5027 servitutemque
1730 4965 1855 5011 sunt

257 5053 335 5099 tot
363 5048 526 5103 annis
575 5048 895 5103 toleraturi?
918 5064 1039 5118 qua:
1071 5048 1203 5102 mihi
1237 5047 1361 5102 hinc
1389 5048 1624 5103 utilitas?
1655 5047 1850 5102 Verum

254 5135 387 5190 nihil
433 5136 633 5192 horum
653 5137 828 5207 justus
856 5138 1125 5208 cogitavit,
1155 5137 1248 5192 sed
1277 5137 1431 5208 quasi
1469 5146 1650 5208 gratus
1675 5138 1852 5192 famu-

252 5222 354 5288 lus,
390 5226 575 5280 omnia
612 5242 733 5297 quae
754 5243 781 5280 a
813 5227 922 5282 Deo
945 5227 1142 5281 fiebant
1184 5228 1306 5282 boni
1336 5228 1622 5295 consuluit,
1650 5238 1705 5283 et
1731 5244 1852 5299 qum

255 5312 352 5381 ipsi
379 5316 698 5385 placebant,
737 5333 846 5372 sua:
875 5316 1196 5386 praeferebat
1220 5321 1522 5374 sententiae.
1567 5319 1768 5375 Deinde
1795 5329 1851 5375 et

252 5415 466 5474 tempus
505 5407 556 5461 ci
597 5407 880 5478 significat,
921 5423 1026 5479 quo
1063 5424 1093 5464 a
1132 5410 1388 5465 servitute
1438 5419 1561 5466 sunt
1604 5410 1845 5467 redituri.

254 5491 381 5548 Nam
415 5505 704 5565 postquam
729 5500 884 5553 annis
914 5499 1316 5569 quadringentis
1360 5502 1652 5556 servituros
1678 5503 1845 5558 dixis-

248 5595 349 5647 set,
383 5586 613 5643 subdit:
655 5589 740 5645 16.
773 5588 1105 5645 Generatione
1139 5602 1307 5645 autem
1334 5603 1515 5663 quarta
1541 5604 1848 5649 revertentur

243 5675 363 5728 huc.
408 5676 619 5734 Verum
661 5680 745 5734 hic
772 5682 964 5736 merito
1000 5681 1121 5752 quis
1158 5682 1386 5752 dubitet,
1423 5686 1692 5754 quomodo
1717 5702 1847 5757 qna-

241 5766 544 5839 dringentis
572 5773 735 5827 annis
761 5773 884 5827 dicit
914 5775 1238 5842 servituros,
1276 5775 1519 5845 quamvis
1558 5790 1731 5847 neque
1759 5776 1843 5831 di-

1238 362 1304 418 lN
1342 360 1495 417 CAP.
1540 359 1653 414 XV.
1695 351 1942 413 GENES.
1984 351 2215 409 llalitll.
2258 349 2520 409 XXXVII.

3429 358 3532 413 546

1949 472 2169 526 midium
2199 487 2386 527 eorum
2416 472 2610 527 fuerint
2638 474 2735 543 ipsi
2757 474 2808 528 in
2830 470 3084 546 Egypto.
3112 456 3395 546 Propterea
3426 492 3531 531 non

1948 563 2084 618 dixit
2105 578 2199 618 eos
2225 565 2275 617 in
2299 562 2535 635 ngypto
2558 562 2761 619 futuros
2786 580 2906 620 esse
2930 567 3080 620 annis
3108 567 3531 638 quadringentis,

1949 654 2065 716 sed,
2096 653 2163 709 In
2190 665 2323 709 terra
2348 672 2448 709 non
2475 671 2587 720 sua,
2621 656 2690 709 ita
2734 663 2791 709 ut
2822 658 2989 726 possit
3013 660 3385 713 connumerari
3411 674 3533 713 cum

1949 747 2103 801 annis
2140 748 2193 802 in
2229 747 2461 818 Egypto
2497 747 2698 801 exactis
2725 747 2897 817 ipsum
2943 750 3254 816 patriarchae
3286 759 3493 817 tempus
3516 790 3532 813 ,

1950 859 2014 896 ος
2039 859 2145 913 qun
2171 844 2219 898 ei
2250 844 2567 912 imperatum
2611 855 2711 906 est,
2764 853 2824 897 ut
2869 858 2933 897 ex
2972 843 3210 898 Charran
3251 844 3538 912 egredere-

1954 949 2039 987 tur
2069 934 2166 1003 (tt).
2198 936 2279 986 Ab
2334 935 2421 986 illo
2473 933 2615 986 enim
2665 944 2905 1001 tempore
2954 948 3232 987 numerum
3272 948 3537 988 annorum

1953 1028 2107 1080 nobis
2147 1026 2318 1094 palam
2352 1026 2473 1079 fecit
2516 1025 2810 1094 Scriptura,
2860 1040 2981 1094 quae
3028 1024 3162 1078 dixit
3205 1022 3536 1093 septuaginta

1950 1120 2184 1188 quinque
2239 1132 2499 1170 annorum
2550 1116 2714 1171 fuisse
2762 1116 2992 1177 Abram,
3040 1115 3252 1184 quando
3293 1117 3423 1169 exiit
3470 1130 3539 1171 ex

1950 1209 2188 1262 Cbarrnn
2222 1206 2372 1279 (Gen.
2406 1206 2492 1260 12.
2522 1208 2579 1275 4)
2605 1225 2618 1260 :
2647 1222 2710 1259 ex
2741 1221 2807 1260 eo
2833 1206 2991 1274 igitur
3017 1216 3255 1275 tempore
3280 1220 3447 1275 usque
3470 1205 3538 1259 ad

1951 1301 2152 1353 exitum
2181 1299 2248 1353 de
2274 1297 2527 1368 IEgypto,
2557 1299 2599 1350 si
2629 1297 2746 1366 quis
2776 1306 3063 1365 supputarc
3086 1298 3228 1364 velit,
3259 1312 3537 1350 munerum

1953 1390 2214 1458 integrum
2244 1388 2496 1442 inveniet.
2532 1388 2643 1442 Dici
2693 1398 2872 1457 posset
2899 1389 3060 1442 etiam
3082 1429 3096 1451 ,
3145 1387 3426 1441 Dominum
3456 1396 3540 1440 ut.

1954 1488 2078 1549 pote
2127 1480 2434 1549 benignum,
2463 1489 2517 1534 et
2548 1478 2898 1534 imbecillitati
2944 1488 3141 1533 nostrae
3185 1489 3539 1548 congruentes

1954 1587 2141 1642 ptenas
2161 1587 2374 1641 semper
2424 1572 2762 1636 inferentem,
2796 1577 2916 1642 quia
2960 1571 3091 1625 vidit
3119 1585 3212 1626 cos
3256 1574 3325 1624 ita
3358 1572 3539 1625 labore

1954 1678 2181 1732 pressos,
2230 1672 2283 1718 ct
2323 1662 2604 1735 Egyptios
2650 1678 2892 1733 magnam
2945 1663 2998 1716 in
3046 1677 3138 1716 eos
3173 1662 3539 1717 crudeLtatem

1950 1771 2225 1818 exercere,
2262 1767 2386 1811 ante
2410 1757 2685 1811 definitum
2715 1766 2921 1825 tempus
2949 1756 3201 1810 ultionem
3244 1754 3455 1818 fecisse,
3486 1765 3542 1809 et

1952 1848 2017 1901 ad
2051 1849 2351 1903 libertatem
2374 1862 2469 1902 eos
2492 1847 2790 1903 reduxisse.
2819 1847 2910 1901 Dei
2939 1848 3080 1901 enim
3109 1860 3226 1901 mos
3252 1854 3332 1900 est
3351 1886 3366 1911 ,
3408 1860 3543 1915 quo-

1956 1942 2095 1994 niam
2119 1942 2170 1995 in
2193 1942 2438 1995 oumibus
2455 1940 2680 1994 salutem
2704 1949 2839 1994 nost:
2855 1955 2938 1992 am
2962 1948 3233 2007 operatur,
3258 1946 3314 1991 ut
3332 1938 3540 1993 etiamsi

1955 2033 2186 2087 minetur
2220 2049 2278 2087 se
2306 2032 2612 2101 puniturum
2634 2073 2648 2096 ,
2679 2033 2723 2085 si
2755 2046 2849 2084 nos
2878 2031 3203 2084 voluerimus
3230 2030 3537 2084 conversio-

1952 2125 2035 2178 nis
2065 2126 2333 2194 Specimen
2369 2124 2621 2179 exhibere
2641 2166 2657 2191 ,
2690 2125 2951 2193 possimus
2981 2124 3095 2193 ejus
3122 2138 3376 2178 revocare
3418 2138 3542 2176 sen-

1955 2217 2192 2270 tentias:
2227 2227 2281 2269 et
2326 2231 2357 2270 e
2397 2215 2610 2270 diverso
2638 2216 2681 2269 si
2726 2215 3035 2283 polliceatur
3084 2213 3279 2282 aliquid
3330 2213 3451 2267 boni
3482 2228 3542 2268 se

1954 2309 2107 2364 nobis
2136 2310 2401 2374 daturum,
2437 2325 2534 2362 nos
2561 2316 2735 2362 autem
2787 2324 2891 2361 non
2944 2308 3278 2361 attnlerimus
3307 2321 3369 2361 ca
3414 2321 3536 2374 qua:

1956 2399 2219 2454 facultatis
2242 2411 2436 2454 nostrae
2466 2410 2620 2462 sunt,
2654 2415 2826 2468 neque
2854 2400 2966 2468 ipse
3011 2399 3325 2466 promissum
3372 2396 3542 2450 adim-

1954 2493 2116 2561 pleat,
2150 2508 2216 2547 ne
2245 2508 2344 2546 nos
2373 2507 2433 2547 ea
2474 2492 2678 2545 ratione
2708 2491 3003 2545 deteriores
3027 2489 3335 2544 evadamus.
3370 2490 3543 2557 Atque

1957 2585 2072 2640 ha-c
2097 2584 2336 2640 invenire
2369 2584 2617 2654 poteritis
2632 2584 3437 2657 quotquotstudiosisacrarum
3456 2586 3542 2638 Li-

1958 2687 2195 2731 terarum
2243 2678 2393 2731 estis.
2429 2676 2626 2742 Quarta
2654 2684 2837 2745 .autem
2874 2674 3195 2744 generatione
3237 2681 3540 2725 revertentur

1955 2768 2055 2821 hac
2078 2784 2095 2821 :
2115 2767 2337 2820 nondum
2358 2768 2489 2820 enim
2509 2767 2770 2836 complete:
2783 2775 2899 2818 sunt
2920 2764 3204 2833 iniquitates
3224 2762 3544 2815 Amorrltwo-
3561 2756 3573 2765 ’

1954 2877 2067 2913 rum
2095 2876 2250 2930 usque
2278 2876 2429 2912 nunc.
2462 2858 2629 2924 Tunc,
2680 2858 2883 2927 inquit,
2916 2857 3016 2911 erit
3064 2865 3270 2923 tempus
3300 2866 3356 2909 ut
3385 2863 3435 2907 ct
3467 2853 3541 2908 illi

1954 2952 2277 3007 reducantur
2324 2951 2376 3004 in
2407 2951 2706 3005 libertatem
2729 2991 2743 3015 ,
2774 2958 2828 3004 et
2868 2948 2921 3002 hi
2967 2962 3180 3017 pmnam
3210 2947 3416 3000 luentes
3448 2959 3543 3014 pro

1956 3042 2295 3097 multitudine
2335 3053 2673 3110 peceatorum
2711 3056 2741 3095 e
2782 3051 2923 3094 terra
2963 3037 3313 3106 expellantur.
3369 3035 3545 3090 Ambo

1956 3134 2132 3204 itaque
2149 3134 2272 3189 fient
2298 3144 2537 3202 tempore
2558 3141 2878 3203 opportuno,
2905 3138 2957 3183 ct
2974 3131 3182 3183 illorum
3207 3127 3540 3193 instauratio,

1956 3235 2012 3280 ct
2036 3225 2227 3279 horum
2257 3223 2541 3279 excidium.
2583 3223 2827 3278 Nondum
2857 3221 2998 3276 enim
3030 3221 3263 3289 impleta:
3289 3229 3408 3273 sunt
3439 3218 3543 3272 ini-

1955 3318 2185 3387 quitates
2205 3332 2387 3369 eorum
2422 3333 2436 3369 :
2466 3314 2616 3385 quasi
2646 3314 2788 3367 dicat
2811 3313 3003 3382 aliquis
3033 3329 3047 3364 :
3079 3311 3323 3366 Nondum
3357 3311 3407 3364 in
3437 3319 3542 3364 tan-

1959 3417 2012 3462 to
2041 3422 2265 3461 numero
2305 3414 2522 3476 peccata
2551 3404 2908 3468 admiserunt,
2938 3413 2996 3456 ut
3024 3402 3186 3457 talem
3228 3401 3397 3456 ferant
3426 3416 3542 3470 poe-

1958 3516 2101 3554 nam.
2153 3501 2289 3553 Deus
2317 3499 2458 3554 enim
2487 3499 2747 3567 benignus
2791 3511 2911 3551 cum
2954 3497 3055 3559 sit,
3088 3510 3192 3550 non
3223 3494 3396 3550 solum
3435 3509 3541 3548 non

1959 3592 2161 3645 inducit
2182 3606 2367 3661 pinnas
2397 3590 2624 3659 peccatis
2654 3587 2957 3659 graviores,
2990 3587 3083 3642 sed
3110 3595 3164 3642 et
3189 3587 3342 3641 valde
3367 3586 3541 3639 mino-

1959 3696 2066 3735 res.
2100 3681 2327 3751 Ideoque
2350 3690 2546 3735 tantam
2573 3695 2695 3749 erga
2727 3680 2844 3734 illos
2869 3679 3085 3734 exhibet
3108 3678 3463 3745 tolerantiam,
3485 3683 3546 3732 ut

1957 3789 2078 3827 cum
2106 3773 2341 3842 sibiipsis
2367 3786 2647 3842 ptenarmn
2674 3769 2780 3824 sint
2804 3778 3067 3833 auctores,
3101 3769 3295 3823 nullam
3324 3769 3545 3839 posthac

1957 3865 2352 3919 excusationem
2383 3864 2631 3919 habeant.

2035 3959 2091 4014 4.
2132 3954 2351 4011 Vidistis
2372 3955 2642 4024 quomodo
2686 3952 2999 4023 patriarcha:
3036 3952 3213 4005 omnia
3262 3951 3544 4021 diligenter

1958 4053 2230 4117 indicavit,
2260 4058 2316 4103 ut
2344 4063 2415 4102 ex
2445 4046 2589 4101 omni
2622 4053 2771 4114 parte
2801 4035 2918 4113 ejus
2960 4043 3235 4097 roboraret
3273 4042 3458 4108 fidem,
3491 4053 3544 4099 et

1959 4155 2015 4199 ut
2053 4160 2118 4198 ex
2163 4143 2228 4195 iis
2256 4154 2374 4211 quae
2401 4138 2467 4193 ad
2492 4151 2614 4192 eum
2640 4135 2778 4190 dicta
2807 4133 3014 4188 fuerant
3040 4132 3310 4188 conlidere
3338 4145 3539 4203 posset,
3579 4136 3582 4140 ’

1956 4236 2115 4290 etiam
2149 4230 2486 4303 prOSperitati
2516 4226 2633 4297 ejus
2660 4225 2775 4280 hanc
2815 4224 3033 4279 omnino
3059 4236 3318 4280 eventura
3356 4239 3476 4279 esse
3525 4242 3539 4281 :

2020 4372 2091 4434 (u)
2125 4377 2190 4434 tta
2214 4378 2473 4434 numerare
2510 4363 2670 4434 solent
2693 4364 2724 4412 ii
2763 4363 3008 4434 quiipter
3029 4361 3351 4434 chronologos
3373 4363 3547 4434 princi-

1956 4425 2317 4495 pein'ohtineut
2336 4427 2518 4483 locum;
2546 4429 2610 4476 ita
2628 4425 2794 4495 tamen
2813 4431 2875 4495 put
2898 4426 2946 4473 in
2969 4427 3260 4495 recensione
3280 4425 3547 4495 nonomni-
3636 4484 3639 4487 Α

1956 4486 2020 4543 ἰιο
2042 4509 2150 4544 cum
2173 4492 2504 4553 Chrysostotno
2524 4488 2844 4553 consentiant,
2859 4487 3069 4535 maxime
3083 4500 3200 4536 vero
3223 4500 3331 4553 cum
3355 4486 3469 4535 dicit
3485 4498 3547 4553 ne

1955 4556 2203 4605 dimidium
2247 4549 2447 4613 quidem
2490 4549 2953 4613 quadringentorum
2976 4562 3209 4613 annorum
3232 4549 3547 4613 ttebrzcosiu

1957 4618 2163 4680 Aigypto
2179 4610 2431 4680 nupsisse.
2456 4610 2679 4680 Petavius
2691 4617 2855 4680 autem
2876 4613 2946 4659 sic
2966 4610 3203 4680 calculum
3221 4613 3371 4680 ponit,
3393 4610 3547 4658 Ratio-

1956 4669 2226 4739 narii'part.
2253 4675 2300 4732 2,
2334 4674 2366 4720 Ι.
2394 4672 2440 4739 2,
2467 4687 2514 4739 c._
2545 4673 2594 4733 4,
2615 4670 2931 4739 _ubi_Paulm_n
2964 4669 3234 4739 apostolum
3267 4671 3442 4719 ducem
3463 4682 3547 4718 se-

1956 4731 2137 4802 quitur,
2162 4731 2318 4802 qui
2343 4733 2547 4802 Epistula
2570 4731 2627 4784 ad
2652 4731 2855 4802 galatas.
2880 4733 2929 4789 5,
2969 4731 3045 4802 t7,
3069 4732 3191 4802 dixit
3215 4739 3323 4802 post
3344 4743 3547 4802 annosa

1976 4793 2193 4851 immissa
2213 4793 2440 4847 divinitus
2464 4805 2593 4845 terra
2628 4794 2846 4843 Chanaan
2873 4793 3251 4854 quadringentos
3275 4801 3326 4841 et
3350 4793 3546 4854 triginta

1976 4815 2191 4851 immissa
2213 4815 2440 4847 un'tnttus
2464 4815 2593 4845 terra
2628 4815 2846 4843 uuluam]
2873 4815 3074 4854 quaurut
3095 4815 3251 4842 'cutu)
3275 4815 3326 4841 υι.
3350 4815 3546 4854 triginta

1958 4815 2123 4925 iugem
2147 4860 2325 4910 editam
2343 4920 2354 4925 _
2372 4858 2540 4906 fuisse.
2566 4858 2824 4925 t-tiuc_vero
2852 4815 3158 4925 siccalcuius
3177 4854 3368 4925 ducitur
3394 4867 3409 4925 ξ
3433 4859 3546 4900 Pro-

1957 4914 2121 4972 niissio
2144 4931 2289 4972 terrae
2311 4920 2527 4968 Chanaan
2563 4916 2827 4970 Abrahamo
2849 4914 2971 4965 facta
3005 4923 3082 4965 est
3113 4927 3241 4964 anno
3263 4917 3372 4964 vitae
3398 4915 3546 4976 ipsus

1956 4985 2162 5035 ineunte
2180 4984 2258 5033 76.
2284 4992 2396 5032 cum
2413 4987 2608 5028 centum
2635 4984 2770 5027 esset
2787 4990 3019 5025 annorum
3036 4976 3296 5033 Abraham,
3316 4985 3454 5023 natus
3470 4984 3543 5024 est

1956 5052 2099 5095 Isaae.
2124 5046 2192 5093 Ab
2212 5050 2321 5092 ortu
2344 5040 2486 5093 tsaaci
2512 5042 2570 5089 ad
2591 5040 2753 5088 Jacobi
2776 5047 2934 5100 ortum
2957 5038 3069 5086 anni
3092 5038 3349 5100 sexaginta
3372 5049 3545 5085 nume-

1955 5115 2139 5157 rantur.
2163 5105 2309 5154 .tacoh
2330 5114 2563 5157 annorum
2588 5100 2678 5150 150
2697 5100 2746 5148 in
2780 5099 2918 5162 Ᾱξέεςγι
2938 5108 3040 5162 tum
3064 5099 3214 5162 venit,
3238 5111 3363 5162 quos
3386 5111 3546 5162 annos

1954 5172 1994 5218 si
2013 5182 2122 5218 cum
2144 5169 2208 5217 25
2231 5163 2499 5222 Abrahatni,
2518 5171 2570 5213 et
2591 5164 2652 5213 60
2676 5157 3079 5225 tsaacijunxcris,
3102 5161 3211 5209 anni
3230 5157 3544 5225 conﬁcientur

1955 5230 2066 5281 2t5.
2084 5227 2437 5291 .tosephusbquo
2452 5231 2678 5291 tempore
2700 5225 2747 5272 in
2777 5222 3192 5291 Egyptoﬁpatrem
3218 5222 3433 5291 excepit,
3458 5232 3545 5291 an-

1955 5305 2070 5341 num
2093 5282 2272 5355 agebat
2292 5282 2391 5355 40::
2418 5287 2540 5355 rvixit
2561 5282 2726 5355 autem
2744 5282 2940 5355 annos]
2954 5282 3027 5332 lO.
3049 5292 3081 5331 Α
3108 5282 3544 5355 ιιιιοιιιὶ-δδέριιιθ-

1953 5363 2033 5407 tur
2056 5342 2319 5402 AbFabanm
2341 5348 2460 5397 facta
2482 5347 2541 5396 ad
2564 5348 2757 5408 Josephi
2781 5353 2987 5394 mortem
3013 5342 3126 5408 anni
3161 5351 3274 5391 sunt
3296 5342 3411 5408 285.
3432 5344 3548 5392 Itine

1952 5405 2011 5466 ad
2029 5423 2187 5465 ortum
2210 5412 2348 5464 Mosis
2367 5411 2477 5458 anni
2499 5410 2579 5459 75.
2602 5405 2754 5458 Moses
2789 5419 2965 5455 annum
2989 5406 3169 5468 agebat
3191 5405 3545 5468 octogesimum

1953 5479 2002 5528 in
2026 5477 2160 5528 exitu
2187 5488 2252 5524 ex
2275 5473 2497 5532 Egypto.
2522 5469 2816 5532 Colliguntur
2841 5481 2961 5529 ergo
2977 5480 3003 5515 a
3026 5466 3353 5532 promissione
3377 5466 3434 5513 ad
3462 5468 3547 5532 mi:

1951 5525 2224 5601 gra'tionem
2251 5549 2314 5583 ex
2335 5525 2552 5601 E'gypto
2571 5525 2681 5580 anni
2718 5531 2827 5601 4550:
2853 5525 2962 5578 tttrc
2987 5525 3222 5578 Petavius.
3244 5525 3433 5601 γει-ψη
3455 5527 3546 5575 ΗΟ

1951 5588 2060 5650 anni
2085 5598 2378 5659 colliguntur
2394 5588 2480 5655 ,"si
2515 5591 2913 5659 benecalculum
2956 5602 3131 5659 potum;
3297 5591 3408 5650 quia
3449 5602 3543 5638 thD

1951 5649 2146 5713 omnino
2162 5649 2354 5708 cé’rtum
2378 5649 2472 5718 est,
2512 5668 2610 5719 quo
2628 5655 2739 5719 vita;
2761 5649 3008 5719 Abrahami
3049 5649 3175 5700 anno
3200 5649 3285 5699 ille
3306 5649 3541 5719 minorum

1950 5735 2185 5773 numerus
2205 5722 2269 5769 sit
2303 5714 2623 5783 incipiendus,
2648 5717 2763 5766 satis
2797 5715 2891 5765 erit
2913 5714 2950 5764 si
2993 5725 3228 5763 annorum
3251 5714 3541 5761 summouit-

1951 5786 2076 5836 citer
2093 5789 2344 5834 statuatur.

2832 5949 2859 5974 ο
