4060 6422
497 361 596 424 Bb?

502 485 665 548 utque.
705 475 865 528 etiam
912 489 976 527 ex
1023 470 1292 542 przvdictis
1331 468 1565 524 vicissim
1613 466 1818 520 ﬁrmam
1871 463 2092 517 haberet

507 568 664 622 fidem
687 607 704 631 ,
731 579 951 620 necesse
980 579 1099 619 esse
1121 564 1231 633 jam
1259 563 1371 616 ﬁcri
1400 559 1538 631 quod
1564 560 1630 613 de
1657 573 1722 612 eo
1758 558 1954 611 dictmu
1983 555 2094 608 fue-

505 666 604 712 rat.
655 657 868 720 Postea,
922 656 1009 709 ubi
1055 653 1345 722 eomplcvit
1397 651 1830 720 prmdictionrm,
1888 646 2094 711 accepit

505 751 661 804 etiam
690 749 778 802 ille
808 749 1015 816 signum
1046 746 1296 800 idoneum
1338 759 1520 798 eorum
1549 758 1669 812 qua:
1715 739 1812 809 ipsi
1853 737 2093 806 contige-

503 849 646 894 runt.
679 841 763 892 l7.
800 839 1074 906 Postquam
1114 838 1210 908 fuit
1235 835 1314 888 sol
1339 835 1407 887 ad
1449 850 1703 899 occasum,
1737 831 1925 900 inquit,
1959 831 2096 898 facta

503 943 572 986 est
625 933 856 1000 ﬂamma,
901 941 945 983 et
989 945 1100 982 ecce
1137 928 1366 980 clibanus
1410 924 1688 996 fumigans,
1739 931 1784 975 et
1833 919 2097 989 luntpades

503 1023 655 1089 ignis,
685 1037 798 1088 qua:
825 1022 1130 1074 transierunt
1153 1019 1285 1071 inter
1312 1016 1579 1069 divisiones
1607 1015 1747 1068 illas.
1791 1013 1854 1067 Et
1883 1011 2095 1065 ﬂamma

506 1120 562 1169 et.
587 1113 830 1168 clibanus
858 1120 913 1167 et
953 1110 1221 1182 lampades
1255 1105 1738 1176 conspiciebantur,
1788 1113 1844 1156 ιιι
1888 1101 2096 1171 signum

511 1208 592 1258 bal
616 1221 648 1261 e
677 1217 732 1261 et
770 1208 944 1274 justus
977 1204 1265 1258 lirmiorum
1308 1200 1591 1256 fmderum.
1635 1207 1688 1252 et
1726 1196 1985 1250 adventus
2017 1192 2099 1246 di-

510 1300 647 1350 huc
693 1296 1033 1366 Operationis.
1087 1294 1343 1362 Denique,
1392 1301 1673 1361 postquam
1723 1287 1990 1356 completa
2044 1293 2099 1338 et

511 1385 688 1456 perfcc
711 1400 743 1440 ιι
770 1395 889 1438 sunt
928 1385 1126 1447 omnia,
1176 1392 1455 1453 postquam
1497 1379 1634 1450 ignis
1669 1377 1940 1449 proposita
1971 1391 2100 1428 con-

509 1487 826 1545 sinnpserat,
875 1477 958 1531 18.
994 1476 1279 1544 Disposuit,
1314 1474 1504 1543 inquit,
1538 1471 1786 1524 Dominus
1815 1469 1866 1522 iu
1892 1467 1973 1521 die
2010 1467 2100 1520 illo

514 1569 658 1622 Abrae
702 1579 1052 1622 testamentum
1099 1569 1270 1621 dicens
1317 1581 1336 1621 :
1375 1565 1571 1620 Semini
1616 1574 1701 1617 tuo
1745 1561 1876 1614 dabo
1917 1571 2102 1614 (errant

513 1667 662 1730 hare,
689 1684 718 1718 a
743 1667 896 1736 ﬂuvio
927 1664 1143 1736 περιθριὶ
1169 1679 1324 1733 usque
1366 1663 1435 1716 ad
1474 1661 1682 1731 ﬂuvium
1713 1669 1953 1729 magnum
1989 1655 2096 1709 Eu-

515 1757 762 1825 phratem,
794 1756 882 1811 19.
909 1756 1128 1822 (ἐὶιςωοε,
1155 1764 1200 1806 et
1227 1752 1509 1818 Genaunos,
1550 1760 1597 1804 et
1633 1748 1977 1806 Ccdmomeos.
2005 1745 2101 1802 20.

515 1856 561 1901 ct
587 1847 850 1910 C/tettatos,
878 1857 926 1902 et
947 1847 1279 1913 Pheraeos,
1310 1857 1356 1900 et
1385 1845 1657 1916 Raphaim,
1683 1853 1728 1897 ct
1759 1841 2097 1903 Amorrhtcos,

511 1950 560 1992 et
592 1939 926 2005 Chanaan-os,
967 1947 1012 1991 et
1054 1938 1250 2001 Eva'os,
1295 1947 1340 1990 et
1382 1935 1692 2007 Gergeswos,
1737 1944 1784 1988 et
1817 1933 2100 1987 Jebusa'os.

519 2027 650 2082 \‘ide
675 2029 940 2098 quomodo
965 2029 1136 2083 adhuc
1169 2036 1492 2098 perseverat,
1541 2038 1596 2080 nt
1629 2041 1670 2081 ct
1696 2025 1911 2080 nlirmet
1949 2037 2101 2077 suam

516 2116 567 2171 in
599 2118 743 2172 illum
775 2119 1201 2188 promissionem.
1237 2118 1495 2189 Disposuit
1521 2118 1686 2182 enim,
1721 2117 1909 2186 inquit,
1939 2123 2098 2168 testa-

514 2217 738 2262 mentum
767 2209 939 2263 dicens
965 2225 985 2263 :
1015 2208 1211 2263 Srmini
1236 2218 1322 2261 tuo
1353 2209 1483 2262 dabo
1511 2217 1697 2262 terram
1727 2207 1876 2260 hanc.
1903 2204 2103 2259 Deinde

517 2309 572 2352 ut
589 2314 652 2354 ex
673 2299 947 2355 latitudine
965 2309 1032 2354 tet
1046 2316 1140 2360 ιιι),
1165 2310 1216 2354 et
1237 2301 1378 2369 ampl
1404 2300 1585 2354 tudine
1603 2299 1948 2354 terminorum
1965 2298 2104 2352 scire

521 2390 685 2456 possit
706 2389 879 2455 justus
905 2399 1159 2460 quantum
1185 2390 1504 2445 extendetur
1527 2389 1641 2459 ejus
1662 2403 1865 2452 semen,
1891 2389 2062 2458 inquit
2087 2404 2100 2441 :

517 2477 559 2528 Α
585 2477 794 2546 ﬂumine
820 2478 1039 2548 AEgypti
1067 2496 1221 2547 usque
1247 2479 1314 2532 ad
1337 2481 1526 2548 ﬂumen
1555 2479 1867 2548 Euphratem
1897 2485 2100 2532 tantum

518 2569 621 2620 erit
648 2581 830 2622 semen
860 2580 1027 2623 tuum.
1061 2569 1336 2638 Perpende
1362 2569 1628 2639 quomodo
1659 2571 1924 2638 ingentem
1956 2583 2101 2624 sem-

520 2673 615 2726 per
647 2659 1036 2714 multitudinem
1070 2661 1140 2714 illi
1171 2659 1446 2715 declarare
1490 2661 1637 2728 velit.
1670 2658 1926 2729 Superius
1955 2660 2100 2714 enim

517 2748 669 2810 dixit,
700 2765 758 2804 se
784 2751 920 2805 sicut
946 2750 1386 2804 innumerabilem
1414 2751 1690 2804 stellarum
1723 2765 2006 2822 numerum
2036 2750 2099 2802 i|~

518 2837 620 2891 lam
652 2837 911 2894 facturum
939 2855 1059 2897 esse
1089 2859 1103 2895 :
1133 2841 1220 2894 hic
1253 2851 1305 2895 et
1352 2840 1629 2896 latitudine
1659 2839 1843 2895 iiuium
1874 2841 2100 2910 idipsum

515 2929 768 2995 declarat,
814 2941 870 2986 ιιι
908 2941 962 2986 et
1006 2931 1128 2988 h'nc
1169 2932 1360 2998 discat,
1405 2949 1564 3003 quam
1609 2948 1668 2989 se
1708 2933 1991 2988 dilatatura
2035 2934 2103 2988 sit

515 3022 798 3076 multitudo
825 3023 1016 3078 futura.
1043 3024 1223 3094 Neque
1252 3023 1352 3079 hoc
1381 3026 1573 3086 solum,
1606 3026 1696 3079 sed
1721 3034 1772 3078 et
1803 3025 2103 3094 specialiter

513 3113 753 3181 gentium
777 3115 1101 3168 mentionem
1139 3114 1282 3178 facit,
1314 3130 1539 3186 quarum
1581 3117 1973 3184 possessionem
2017 3131 2103 3169 se-

519 3202 644 3256 mini
677 3203 793 3270 ejus
836 3206 904 3258 sit
947 3205 1186 3267 daturus,
1231 3214 1287 3258 ut
1317 3222 1378 3259 ex
1408 3204 1492 3258 his
1533 3207 1782 3260 omnibus
1816 3207 1885 3262 de
1925 3221 2101 3262 rerum

515 3304 711 3348 eventu
737 3309 957 3350 securus
986 3295 1298 3352 redderetur
1320 3297 1510 3367 justus.
1543 3299 1607 3353 Et
1633 3313 1755 3354 cum
1788 3310 1946 3356 lattlzc
1977 3317 2100 3368 pro-

520 3387 801 3443 missiones
827 3399 1007 3444 essent
1029 3389 1201 3456 factm,
1232 3390 1404 3446 adhuc
1427 3395 1619 3446 mansit
1645 3392 1773 3447 Sara
1804 3402 1864 3448 :t.
1888 3395 2021 3459 rilis,
2047 3402 2106 3448 et

516 3488 766 3532 Senectus
791 3496 974 3534 eorum
1016 3483 1341 3550 augebatur;
1387 3491 1446 3536 ut
1487 3495 1611 3537 eum
1654 3487 1942 3539 nzaximum
1982 3485 2101 3540 fidei

514 3581 624 3621 sua:
649 3571 858 3639 signum
891 3571 1202 3633 edidissent,
1235 3583 1357 3627 tunc
1395 3573 1591 3628 scirent
1632 3584 1686 3628 et
1729 3574 1972 3630 humana:
2003 3591 2102 3629 na-

516 3667 652 3712 tura:
679 3659 1060 3726 infirmitatem,
1091 3672 1143 3716 et
1181 3663 1374 3716 divina:
1405 3665 1616 3717 virtutis
1658 3666 2100 3733 magnitudinem.

589 3746 802 3801 Moralis
828 3749 1149 3816 exhortatio;
1179 3753 1352 3820 gulam
1379 3763 1424 3806 et
1452 3754 1717 3820 crapulam
1757 3756 2014 3825 pro/ligat.
2031 3783 2105 3796 —

516 3836 714 3892 Verum
741 3855 808 3894 ne
835 3840 1027 3894 iterum
1056 3841 1326 3910 aliquanto
1351 3843 1560 3912 longius
1581 3859 1882 3898 sermonem
1907 3856 2103 3900 cxten-

515 3926 725 3994 damus,
759 3929 842 3983 hic
874 3930 1030 3986 linem
1057 3931 1303 4002 loquendi
1345 3932 1601 3989 faciamus
1639 3953 1650 3986 :
1689 3951 1784 3990 vos
1813 3937 2103 3999 obsecran-

516 4028 596 4073 tes
627 4029 680 4073 ut
712 4022 1003 4075 imitatores
1031 4023 1146 4077 sitis
1175 4025 1330 4094 hujus
1359 4026 1688 4094 patrial-clue.
1719 4028 1901 4098 Cogita
1933 4030 2098 4096 enim,

512 4110 728 4177 dilecte,
759 4115 1027 4183 quomodo
1069 4125 1283 4185 propter
1321 4119 1478 4173 verba
1521 4119 1610 4172 illa
1651 4134 1768 4188 qua:
1812 4119 1877 4173 ad
1921 4135 2106 4190 regem-

515 4204 870 4261 Sodomorum
903 4207 1146 4274 faciebat,
1185 4209 1292 4262 imo
1330 4221 1382 4263 et
1425 4219 1642 4280 propter
1669 4213 1916 4265 virtutem
1945 4214 2104 4266 aliam

514 4309 750 4358 omnem.
793 4312 952 4366 quam
991 4314 1084 4366 per
1121 4314 1338 4353 omnem
1380 4301 1540 4354 vitam
1593 4317 1744 4354 suam
1791 4302 2100 4366 declaravit,

517 4393 658 4438 tanta
691 4386 935 4440 mercede
963 4403 1083 4441 eum
1113 4388 1360 4458 dignatus
1402 4391 1492 4455 sit,
1535 4399 1589 4444 et
1618 4401 1812 4460 quanta
1853 4391 2102 4446 humani-

518 4482 622 4529 tate
653 4492 710 4528 se
737 4476 802 4531 ad
831 4494 954 4531 eum
985 4481 1467 4536 accortnnodaverit
1500 4483 1658 4545 Dens,
1691 4485 1979 4539 ostendens
2007 4501 2104 4554 per

515 4581 598 4628 ea,
630 4583 748 4637 qua:
777 4569 826 4620 in
867 4570 1220 4636 patriarcbam
1249 4573 1492 4637 Contulit,
1536 4574 1690 4626 nobis
1720 4575 1966 4629 omnibus
1993 4589 2104 4630 snzc

517 4657 847 4714 liberalitatis
874 4661 1306 4728 immensitatcm,
1331 4675 1383 4718 et
1403 4679 1461 4718 se
1482 4665 1566 4718 vel
1595 4665 1826 4718 minimis
1852 4668 2104 4736 operibus

514 4759 882 4821 provocatum,
917 4767 1013 4805 nos
1037 4753 1237 4824 absque
1264 4763 1412 4810 mora
1440 4757 1644 4824 magnis
1672 4755 1824 4810 donis
1853 4772 2102 4812 remune-

513 4841 636 4904 rari,
669 4842 714 4894 si
745 4844 1006 4898 sinccram
1051 4844 1230 4910 lidetn,
1273 4845 1408 4900 sicut
1438 4846 1527 4900 ille
1555 4845 1752 4914 justus,
1793 4845 2102 4908 exhibueri-

514 4950 652 5000 mns,
691 4944 746 4990 et
791 4952 1081 5006 numquam
1133 4947 1311 4992 mente
1353 4937 1804 5003 lluctuaverimus,
1841 4938 1933 4992 sed
1975 4955 2105 4994 con-

511 5034 740 5080 stantem
768 5036 823 5082 et
852 5027 1060 5082 firmam
1095 5029 1241 5083 illam
1290 5029 1649 5086 habuerimus.
1689 5031 1823 5084 Hinc
1866 5035 2009 5095 enim
2049 5042 2104 5087 et

513 5117 604 5171 ille
642 5118 1005 5172 celebritatem
1051 5121 1365 5191 laudemque
1408 5132 1768 5191 e'onsequutns
1811 5131 1914 5177 est.
1963 5125 2101 5180 Audi

514 5209 672 5276 igitur
701 5211 910 5266 beatum
935 5212 1153 5266 Paulum
1184 5215 1559 5282 pmedieantem
1585 5215 1699 5284 ejus
1734 5215 1914 5282 iidem,
1943 5233 2100 5284 quant

511 5301 579 5353 ab
609 5302 759 5356 initio
783 5303 1016 5357 ostendit
1046 5322 1060 5358 :
1090 5304 1216 5358 dicit
1243 5307 1385 5359 enim
1420 5323 1431 5358 :
1467 5305 1597 5359 Fide
1646 5317 1848 5359 vocatus
1891 5307 2098 5375 Abram,

511 5390 722 5445 obediuit
762 5405 815 5447 ut
852 5397 1008 5449 exiret
1037 5396 1089 5448 iu
1119 5391 1305 5460 locum,
1350 5413 1495 5464 quem
1539 5410 1840 5468 accepturus
1881 5408 2007 5463 erat,
2052 5410 2101 5454 et

512 5482 658 5533 exivit
685 5483 924 5553 ignorans
952 5503 1048 5556 quo
1079 5488 1170 5538 iret
1201 5485 1382 5552 (Hebr.
1423 5489 1502 5541 ll.
1533 5489 1588 5558 8)
1629 5507 1641 5542 :
1673 5489 1797 5542 illud
1830 5490 1985 5545 nobis
2015 5491 2101 5545 in-a

509 5568 748 5634 sinuatis,
781 5573 919 5642 quod
949 5592 975 5626 ιι
1006 5575 1115 5629 Deo
1153 5575 1354 5630 dictum
1382 5587 1464 5631 est
1499 5595 1512 5630 :
1558 5579 1815 5648 Egredrre
1857 5580 1921 5633 de
1963 5589 2098 5634 terra

507 5668 617 5723 tua,
646 5668 693 5712 et
719 5663 826 5714 veni
853 5665 903 5715 in
930 5675 1136 5728 terram,
1165 5677 1314 5733 quam
1345 5675 1684 5721 ntonstmu‘ero
1709 5670 1798 5722 tibi
1822 5668 1973 5740 (Gen.
2006 5670 2094 5725 12.

512 5751 584 5823 1).
619 5751 808 5808 Vidisti
845 5754 1001 5807 fidem
1035 5755 1278 5808 ﬁrmam?
1306 5757 1481 5811 vidisti
1522 5770 1752 5814 mentem
1792 5761 2096 5817 sinceram?

1237 359 1291 414 S.
1333 355 1607 414 JOANNIS
1641 347 2109 411 CllltYSOSTOMl
2149 345 2464 406 ARClllEP.
2505 344 3042 403 CONSTANTINOP.
3681 353 3773 410 518

2203 459 2356 515 liunc
2393 468 2447 514 et
2477 473 2575 513 nos
2599 457 2892 525 imitemur,
2923 469 2978 514 et
3005 456 3349 528 egredimur
3379 470 3561 517 mente
3595 473 3646 518 et
3675 466 3772 518 ala-

2199 551 2388 604 critate
2404 564 2432 602 a
2461 548 2745 619 praesentis
2767 549 2888 602 vita:
2916 549 3164 619 negotiis,
3188 563 3476 621 cantusque
3500 553 3553 608 in
3578 555 3778 615 czclum.

2203 640 2462 694 P-ssibile
2489 639 2632 693 enim
2664 647 2766 701 cst,
2796 640 2840 692 si
2870 639 3214 704 voluerimus,
3242 649 3299 695 et
3325 643 3431 710 jam
3456 640 3546 696 hic
3571 659 3776 698 versan-

2202 740 2281 784 tes
2318 731 2404 784 illa
2451 737 2673 801 pergere
2716 731 2824 794 via,
2869 730 3084 800 quando
3120 730 3278 801 digna
3316 734 3457 788 cadis
3485 748 3776 803 operantur,

2200 821 2414 891 qu:me
2452 837 2557 876 non
2599 823 3016 899 suslnicimuspt
3059 837 3178 893 qua:
3220 825 3348 878 Sunt
3389 825 3546 896 hujus
3589 828 3777 894 mundi,

2201 914 2414 984 quando
2445 929 2551 968 non
2592 913 2818 984 gloriam
2864 931 3056 969 vanam
3097 916 3258 985 hujus
3287 917 3407 972 vitae
3455 919 3775 988 inquirimus,

2201 1004 2295 1059 sed
2326 1005 2424 1060 hac
2444 1015 2770 1074 contempta,
2795 1006 2941 1061 illam
2965 1006 3277 1063 desiderare
3299 1008 3594 1078 studemus,
3617 1023 3780 1067 verant

2205 1095 2345 1148 illam
2370 1095 2492 1149 dico
2516 1104 2571 1150 et
2597 1111 2813 1166 semper
2839 1107 3180 1163 manentem;
3207 1100 3423 1169 quando
3451 1115 3560 1155 non
3588 1103 3638 1157 in
3668 1103 3779 1159 luxu

2203 1187 2430 1240 vestium
2455 1188 2697 1256 occupati
2726 1203 2932 1254 sumus,
2961 1204 3139 1259 neque
3165 1203 3361 1260 corpus
3400 1209 3594 1248 ornare
3618 1196 3782 1251 stude-

2205 1293 2346 1345 mus,
2375 1278 2466 1332 sed
2495 1294 2711 1334 onmem
2754 1279 2902 1334 illum
2943 1291 3222 1335 externum
3262 1283 3461 1337 cultum
3510 1283 3561 1337 in
3605 1287 3783 1340 anima:

2206 1369 2574 1423 transierimus
2599 1382 2804 1435 curam,
2845 1378 2903 1424 et
2941 1385 3044 1424 non
3088 1371 3408 1426 dimittimus
3432 1389 3554 1428 eam
3602 1374 3780 1428 nudam

2205 1469 2255 1511 et
2289 1460 2568 1527 spoliatam
2613 1459 2936 1513 indumentis
2983 1461 3270 1528 virtutum;
3315 1463 3532 1532 quando
3571 1463 3784 1518 ridemus

2205 1549 2444 1617 delicias,
2469 1550 2681 1620 quando
2707 1552 2888 1624 gulam
2915 1561 2967 1606 et
2994 1553 3268 1622 erapnlant
3309 1555 3558 1624 fugimus,
3587 1557 3783 1626 quando

2207 1655 2314 1694 non
2355 1643 2604 1698 convivia
2650 1653 2705 1698 et
2742 1659 2926 1700 C(Btltls
2971 1653 3263 1708 sectamur,
3305 1644 3397 1698 sed
3447 1645 3783 1715 frugalitatem

2206 1749 2512 1799 servamus,
2569 1736 2862 1791 secundum
2916 1736 3266 1805 apostolicam
3313 1736 3728 1794 admonitionem
3770 1759 3784 1796 :

2211 1824 2463 1880 [labentes
2505 1828 2690 1880 rictum
2731 1840 2776 1882 et
2821 1828 3190 1886 indumentum,
3235 1829 3312 1897 his
3355 1831 3578 1883 conterui
3621 1831 3787 1884 erimus

2207 1915 2282 1988 (1.
2321 1915 2452 1970 Tim.
2481 1919 2534 1971 6.
2577 1915 2656 1988 8).
2684 1918 2813 1986 Qua:
2841 1919 2984 1972 enim
3027 1918 3228 1972 utilitas
3265 1918 3674 1988 superﬂuarum,
3711 1921 3786 1977 dic

2209 2009 2361 2072 mihi,
2391 2017 2450 2063 ut
2473 2019 2716 2063 ventrem
2746 2009 3018 2063 distendas
3057 2025 3167 2080 pra:
3209 2011 3367 2064 nimia
3409 2013 3716 2079 voracitate,
3741 2024 3786 2068 rt

2207 2101 2402 2156 mentis
2442 2099 2701 2169 judicium
2746 2100 2992 2154 destruas
3039 2115 3148 2169 pra:
3195 2101 3473 2158 immodica
3507 2103 3614 2158 vini
3650 2114 3788 2174 pota-

2207 2193 2391 2246 tione?
2417 2203 2594 2246 attnon
2625 2191 2747 2247 inde
2771 2193 3010 2262 corporis
3036 2201 3094 2247 et
3120 2194 3310 2248 anima:
3341 2193 3476 2248 mala
3515 2206 3787 2249 nascuntur

2206 2285 2426 2339 omnia?
2456 2285 2606 2340 Unde
2651 2285 2798 2339 enim
2839 2285 3162 2353 multipiites
3211 2286 3312 2338 ilhc
3357 2286 3705 2355 aegritudines
3743 2297 3789 2342 rl

2207 2375 2446 2432 membra
2473 2377 2737 2431 distorta?
2774 2376 2961 2430 Nonne
3005 2375 3129 2430 hinc
3169 2377 3311 2446 quod
3344 2377 3462 2446 plus
3511 2395 3667 2448 quam
3708 2394 3790 2447 par

2206 2469 2294 2532 sit,
2333 2476 2575 2522 ventrem
2605 2468 2862 2522 oneribus
2897 2468 3215 2537 arat-emus?
3247 2467 3399 2522 Unde
3427 2480 3611 2525 autem
3651 2470 3790 2524 adul-

2207 2561 2362 2627 teria,
2394 2569 2598 2629 stupra,
2621 2559 2840 2628 rupium,
2859 2575 3141 2613 avarorum
3159 2559 3388 2626 fraudes,
3413 2559 3613 2624 cardes,
3645 2563 3791 2614 latro-

2206 2651 2364 2716 cinia,
2397 2660 2452 2704 et
2498 2651 2672 2704 omnis
2709 2650 2903 2705 animm
2943 2651 3254 2720 corruptio?
3290 2650 3477 2706 Nonne
3526 2654 3647 2722 quia
3689 2652 3792 2722 plus

2205 2740 2634 2808 Concupiscimus
2656 2755 2814 2809 quam
2841 2739 2994 2793 nobis
3014 2739 3296 2809 congruit?
3323 2741 3473 2794 Sicut
3493 2744 3639 2796 enim
3667 2743 3792 2796 Pan-

2208 2831 2290 2885 lus
2323 2831 2554 2885 radicem
2582 2831 2820 2884 omnium
2851 2831 3114 2885 malorum
3155 2831 3433 2886 avaritiam
3477 2833 3688 2887 vocavit
3719 2835 3788 2903 (l.

2206 2923 2340 2978 Tim.
2376 2925 2428 2978 6.
2464 2924 2554 2990 10)
2603 2941 2615 2976 :
2661 2921 2740 2978 sic
2779 2938 2884 2977 non
2926 2923 3252 2977 aberraverit
3303 2922 3446 2991 quis,
3507 2923 3556 2978 si
3608 2925 3786 2980 fontem

2205 3017 2447 3069 omnium
2467 3015 2732 3068 malorum
2753 3014 2897 3068 dicat
2922 3015 3447 3081 immoderationem,
3469 3025 3527 3070 et
3551 3016 3792 3086 cupidita-

2209 3114 2314 3160 tem
2347 3107 2490 3160 illam
2515 3120 2667 3160 u‘snm
2687 3106 3110 3174 transgredieudi
3127 3108 3376 3162 omnibus
3394 3108 3446 3161 in
3466 3108 3650 3162 rebus.
3674 3109 3789 3162 Nam

2207 3197 2252 3251 si
2281 3197 2539 3252 vellemus
2566 3197 2616 3249 in
2645 3196 2938 3261 alimentis,
2970 3208 3024 3250 et
3053 3197 3310 3264 vestibus,
3341 3207 3395 3252 et
3428 3197 3712 3254 domiciliis
3743 3209 3790 3253 et

2206 3289 2326 3342 aliis
2352 3287 2721 3358 corporalibus
2751 3288 2958 3342 cunctis
2987 3289 3167 3342 usibus
3195 3289 3328 3342 nihil
3361 3289 3651 3345 immodice
3673 3306 3790 3344 cou-

2205 3380 2516 3448 cupiscere,
2565 3378 2660 3432 sed
2704 3379 3005 3432 necessaria
3056 3387 3257 3432 tantum
3308 3394 3582 3448 qua-rere,-
3627 3381 3792 3435 amitis

2205 3471 2418 3526 damnis
2447 3471 2764 3526 liberaretur
2794 3469 3093 3525 humanum
3110 3486 3298 3541 genus.

2277 3561 2331 3616 5.
2372 3560 2572 3615 Verum
2605 3562 2786 3615 nescio
2817 3561 2906 3630 qui
2941 3561 3047 3625 ﬂat,
3089 3572 3146 3616 ut
3177 3571 3364 3616 names
3390 3573 3443 3618 et
3472 3563 3666 3634 singuli
3706 3579 3791 3633 pro

2207 3653 2318 3706 suis
2365 3654 2565 3707 viribus
2609 3656 2849 3708 avaritia:
2897 3654 3085 3708 morbo
3128 3654 3462 3722 laboremus,
3511 3673 3790 3728 ntunquatn

2206 3745 2474 3798 enitentes
2495 3753 2555 3798 ut
2583 3745 2718 3799 intra
2748 3747 3085 3799 necessitatis
3113 3759 3422 3801 maneamus
3459 3749 3675 3815 limites,
3706 3749 3788 3802 sed

2211 3838 2365 3906 plane
2392 3846 2576 3892 eontta
2605 3838 2955 3908 apostolicum
2979 3838 3306 3903 mandatum,
3336 3839 3480 3909 quod
3505 3841 3660 3906 dicit,
3694 3841 3791 3894 Ila-

2211 3930 2375 3982 beutcs
2405 3928 2583 3980 victum
2615 3939 2662 3982 et
2692 3929 2952 3992 amictum,
2983 3930 3061 3982 his
3089 3931 3309 3983 cou'enti
3339 3934 3526 3985 erimus
3559 3935 3634 4001 (l.
3665 3932 3790 3986 Tim.

2209 4019 2262 4076 6.
2291 4021 2370 4091 8),
2393 4022 2570 4074 onmia
2593 4020 2836 4086 faciams,
2862 4022 3161 4076 nescientes
3187 4036 3281 4078 nos
3304 4023 3372 4077 dc
3399 4025 3652 4078 omnibus
3681 4041 3789 4095 quae

2208 4115 2344 4168 ultra
2367 4128 2518 4168 nsum
2541 4123 2780 4168 uestrum
2799 4124 2944 4181 sunt,
2974 4115 3228 4169 rationem
3253 4115 3473 4170 daturos
3489 4133 3633 4182 esse,
3658 4117 3787 4188 iptod

2207 4206 2355 4258 abusi
2379 4207 2547 4260 simus
2585 4205 2777 4260 divinis
2800 4207 3129 4260 muneribus.
3173 4205 3286 4259 Non
3318 4208 3462 4261 enim
3503 4209 3620 4263 iure
3649 4209 3790 4262 nobis

2209 4297 2475 4350 concessit
2501 4303 2557 4348 ut
2586 4309 2686 4350 nos
2706 4305 2911 4349 tantum
2939 4299 3018 4350 eis
3042 4307 3252 4351 utamur
3286 4315 3300 4352 :
3331 4299 3424 4352 sed
3455 4311 3504 4352 ct
3536 4311 3594 4352 ut
3620 4300 3791 4368 proxi-

2209 4405 2416 4441 mormn
2463 4388 2802 4457 indigentiam
2849 4389 3212 4442 suhlcvcmns.
3245 4389 3398 4456 Quali
3441 4391 3601 4460 igitur
3646 4392 3790 4444 venia

2207 4477 2456 4547 dignandi
2487 4489 2633 4542 sunt,
2663 4479 2748 4546 qui
2781 4486 2835 4532 et
2863 4479 2911 4531 in
2950 4479 3283 4533 vestimentis
3325 4480 3544 4533 multum
3592 4481 3792 4532 vaniti-

2210 4579 2315 4625 teut
2345 4580 2633 4636 ostentant,
2662 4582 2715 4625 et
2756 4581 2812 4622 ut
2859 4571 3115 4624 vermium
3149 4579 3386 4624 texturas
3423 4581 3656 4640 gestent,
3692 4570 3791 4623 sol-

2210 4662 2336 4716 liciti
2368 4672 2512 4728 sunt,
2545 4663 2794 4732 quodque.
2823 4661 3218 4730 gravissimum,
3250 4661 3408 4715 iubis
3437 4665 3786 4730 superbiant:

2208 4767 2342 4822 quos
2367 4754 2649 4821 Oportebat
2675 4754 2892 4817 rubore,
2913 4761 3074 4814 metu,
3099 4767 3162 4806 ac
3185 4762 3418 4807 tremore
3443 4753 3632 4817 leucri,
3657 4751 3788 4822 quod

2209 4846 2307 4914 ipsi
2336 4846 2549 4915 quidem
2589 4847 2660 4899 ob
2699 4845 2898 4898 nullam
2945 4847 3246 4910 utilitatem,
3293 4855 3466 4914 neque
3509 4845 3787 4900 necessarii

2209 4951 2335 4990 usus
2357 4936 2558 5004 gratia;
2588 4936 2681 4990 sed
2711 4944 2914 4989 tantum
2947 4936 3015 4989 ob
3041 4937 3329 4989 v'aniuuem
3359 4946 3412 4990 et
3438 4936 3648 4990 inanem
3676 4937 3790 5006 glo—

2208 5031 2364 5089 riam,
2389 5035 2443 5079 et
2470 5037 2528 5080 ut
2558 5027 2714 5094 vulgo
2739 5041 2803 5078 ac
2837 5026 3140 5080 forensibus-
3174 5026 3508 5080 admirationi
3547 5027 3674 5086 sint.
3721 5037 3793 5079 ta-

2205 5118 2346 5172 libus
2375 5118 2694 5171 induantur:
2725 5117 2850 5176 dum
2869 5118 3109 5186 ejusdem
3140 5129 3344 5172 natura!
3366 5130 3586 5172 consors
3610 5119 3789 5170 obam-

2206 5209 2356 5265 bulat
2385 5211 2580 5276 nudus,
2611 5215 2699 5279 qui
2735 5225 2907 5278 neque
2941 5210 3270 5263 crassissima
3304 5220 3450 5264 veste
3479 5211 3696 5263 amicire
3735 5223 3790 5261 se

2206 5313 2380 5374 potest
2409 5320 2426 5358 :
2453 5312 2508 5358 et
2536 5317 2710 5372 nequc
2737 5312 2922 5356 natura
2949 5303 3014 5355 ad
3044 5304 3561 5356 commisemtionem
3588 5301 3787 5354 ducun-

2207 5405 2314 5457 tur,
2346 5409 2520 5464 neque
2549 5390 2878 5457 cmiscientia
2909 5393 2977 5447 ad
3005 5392 3376 5460 opitulandum
3417 5393 3658 5461 proximo
3700 5403 3789 5443 eos

2205 5486 2391 5542 incitat
2424 5505 2435 5540 :
2471 5502 2643 5556 neque
2685 5488 2938 5540 memoria
2978 5485 3232 5540 horrendi
3275 5486 3415 5538 illius
3451 5485 3576 5551 diei,
3620 5495 3791 5550 neque

2202 5577 2464 5650 gehennaa
2491 5579 2668 5643 timor,
2699 5593 2872 5646 neque
2902 5577 3315 5647 promissionum
3345 5573 3672 5645 magnitudo,
3698 5587 3786 5625 ne-

2203 5687 2307 5742 que
2335 5671 2474 5725 istud
2504 5671 2699 5740 ipsum,
2729 5669 2869 5740 quod
2899 5669 3200 5724 coinmunis
3232 5669 3485 5723 Dominus
3529 5675 3706 5722 noster
3734 5673 3784 5716 ut

2211 5762 2311 5820 sibi
2339 5761 2477 5818 facta
2508 5771 2733 5832 usurpat
2753 5777 2872 5840 qua:
2903 5761 3161 5836 proximis
3192 5760 3322 5815 fiunt
3353 5778 3364 5813 :
3407 5757 3498 5816 scd
3527 5759 3671 5830 quasi
3709 5757 3779 5812 la-
