4060 6416
260 428 363 484 5U

253 547 316 599 ἐκ
349 541 457 596 τῶν
498 540 905 614 προειρημένων
938 539 1097 595 πάλιν
1132 536 1354 610 βεϐαίαν
1394 538 1660 608 κτήσηται
1702 534 1800 606 τὴν
1840 532 1922 586 πί-

257 643 386 689 στιν,
413 623 552 677 ὥστε
584 625 677 679 καὶ
716 624 783 677 τὰ
811 624 930 676 κατ’
958 621 1121 677 αὑτὸν
1149 622 1252 693 ήδη
1283 623 1363 683 εἰς
1396 620 1555 691 ἔργον
1597 618 1770 673 ἐλθεῖν
1796 618 1925 671 ἀνά-

250 725 374 779 γκη.
413 704 570 770 Εἶτα,
617 706 802 775 ἐπειδὴ
847 706 1131 776 ἐπλήρωσε
1170 705 1268 775 τὴν
1311 703 1635 775 πρόρρησιν,
1680 702 1776 755 καὶ
1807 699 1923 753 ἐδέ-

251 792 377 859 ξατο
426 793 655 861 σημεῖον
706 788 888 842 ίκανδν
949 788 1057 841 τῶν
1117 788 1251 858 πρὸς
1306 787 1469 840 αὑτὸν
1517 782 1921 855 γεγενημένων.

262 873 495 940 Ἐπειδὴ
533 871 769 941 ἐγένετο
804 874 836 924 ὀ
886 870 1057 939 ἣλιος
1083 871 1233 939 πρὸς
1268 869 1525 937 δυσμὰς,
1565 868 1729 938 φησὶ,
1763 866 1923 936 φλὸξ

248 957 503 1025 ἐγένετο,
532 955 630 1008 καί
673 954 801 1009 ἰδοὺ
838 955 1122 1019 nudarat;
1160 950 1607 1020 καπνιζόμενος,
1646 951 1742 1005 καί
1770 954 1921 1019 λαμ-

248 1039 435 1106 πάδες
471 1039 679 1107 πυρὸς,
705 1038 769 1092 αἲ
803 1038 1052 1107 διῆλθον
1079 1036 1197 1093 ἀνὰ
1222 1037 1421 1106 μέσον
1444 1036 1564 1089 τῶν
1607 1034 1923 1104 διχοτομη-

246 1124 464 1194 μάτων.
494 1124 602 1178 Καὶ
629 1126 662 1194 ἡ
687 1122 820 1192 φλὸξ
858 1124 950 1178 καὶ
972 1124 1002 1176 6
1030 1122 1282 1184 κλίϐανος
1306 1120 1399 1174 καὶ
1417 1120 1475 1173 αί
1501 1118 1782 1189 λαμπάδες
1805 1118 1922 1186 ἐγί·

246 1224 396 1262 νοντο
424 1207 560 1277 πρὸς
587 1207 647 1260 16
684 1206 948 1276 γνωρίσαι
978 1205 1055 1277 τῷ
1074 1205 1268 1276 δικαίῳ
1307 1204 1416 1258 τῶν
1447 1203 1729 1275 συνθηκῶν
1754 1202 1813 1256 16
1839 1202 1922 1272 βέ-

249 1289 418 1352 ϐαιον,
446 1290 539 1343 καὶ
565 1290 663 1359 τῆς
686 1289 780 1343 τοῦ
816 1289 950 1343 Θεοῦ
976 1290 1258 1361 ἐνεργείας
1286 1288 1384 1361 τὴν
1416 1287 1733 1361 παρουσίαν.
1764 1281 1918 1352 Εἶτα,

248 1372 434 1443 ἐπειδὴ
486 1369 777 1445 ἐπληρώθη
828 1372 1043 1426 ἅπαντα
1089 1371 1182 1425 καὶ
1215 1371 1560 1443 ἀπηρτίσθη,
1605 1368 1700 1423 τοῦ
1750 1369 1920 1441 πυρὸς

249 1452 626 1518 ἀναλώσαντος
663 1454 730 1508 τὰ
765 1454 1121 1525 προκείμενα,
1153 1454 1402 1517 Διέθετο,
1430 1452 1583 1523 φησὶ,
1610 1454 1821 1519 Κύριος
1851 1452 1923 1506 ἐν

252 1535 327 1606 τῇ
371 1536 559 1605 ἡμέρῃ
597 1537 799 1605 ἐκείνῃ
837 1535 918 1601 τῷ
962 1537 1177 1606 Ἀϐραμ
1216 1535 1513 1603 διαθήκην
1563 1534 1783 1606 λέγων·
1837 1535 1921 1596 Τῷ

249 1619 546 1688 σπέρματί
573 1633 690 1673 σου
718 1618 889 1672 δώσω
919 1618 1034 1687 τὴν
1068 1619 1180 1689 γῆν
1208 1621 1433 1687 ταύτην
1454 1618 1573 1674 ἀπὸ
1604 1618 1709 1673 τοῦ
1743 1631 1923 1672 ποτα-

242 1702 364 1771 μοῦ
388 1703 691 1771 Αἰγύπτου
714 1702 825 1769 ἕως
852 1702 955 1757 τοῦ
976 1702 1244 1772 ποταμοῦ
1270 1703 1376 1757 τοῦ
1399 1701 1666 1772 μεγάλου
1683 1702 1919 1772 Εὑμρὰο

248 1799 376 1845 του.
404 1785 541 1850 τοὺς
572 1786 920 1849 Κιναίουςι,
951 1785 1048 1838 καί
1077 1785 1219 1851 τοὺς
1251 1783 1619 1851 Κενεζαίους,
1654 1785 1751 1839 καὶ
1778 1786 1921 1853 τοὺς
1985 1841 1996 1849 ,

246 1867 674 1936 Κεδμωναίους,
724 1867 822 1922 καί
867 1868 1009 1933 τοὺς
1046 1868 1381 1934 Χετταίους.
1423 1869 1521 1922 καί
1562 1867 1706 1935 τοὺς
1743 1871 1919 1937 Φερε-

244 1947 461 2017 ζαιους,
487 1949 584 2004 καί
611 1949 751 2015 τοὺς
778 1950 1081 2020 Ῥαςι-αείμ,
1102 1951 1199 2003 κιιί
1221 1951 1364 2017 τοὺς
1392 1951 1786 2019 Ἀμορῤαἰους,
1818 1951 1918 2004 καί

245 2032 389 2099 τοὺς
410 2034 805 2098 Χαναναίους,
843 2033 943 2085 καί
984 2032 1125 2098 τοὺς
1161 2034 1442 2098 Ε’ὺαιόυς,
1477 2033 1573 2086 καί
1610 2032 1751 2099 τοὺς
1776 2036 1919 2101 [ἐρ⁹

243 2119 547 2187 βσαίους,
572 2117 671 2170 καί
694 2116 838 2182 τοὺς
878 2116 1292 2182 Ἰεϐουσαίους.
1322 2109 1464 2186 Ὅρα
1493 2114 1610 2179 πῶς
1653 2116 1816 2171 πάλιν
1847 2119 1914 2188 τῇ

244 2204 498 2275 συνεχείᾳ
545 2202 751 2273 βεϐαιοῖ
794 2206 892 2275 τήν
939 2203 1019 2266 εἰς
1072 2202 1235 2256 αὑτὸν
1275 2202 1628 2271 ἐπαγγελίαν.
1686 2202 1917 2259 Διέθετο

244 2287 376 2358 γάρ,
399 2286 553 2356 φησὶ,
586 2285 900 2354 διαθήκην,
922 2284 1147 2355 λέγων’
1174 2284 1257 2351 Τῷ
1285 2284 1581 2355 σπέρματί
1603 2300 1721 2341 σου
1743 2286 1918 2341 δώσω

240 2370 360 2439 τὴν
389 2369 503 2439 γῆν
534 2372 776 2437 ταύτην.
822 2365 977 2434 Εἶτα,
1010 2369 1097 2424 ἵνα
1138 2368 1203 2423 ἐκ
1235 2368 1328 2423 τοῦ
1370 2368 1606 2433 πλάτους
1647 2369 1745 2440 τῆς
1792 2370 1914 2440 γῆς,

242 2454 333 2507 καὶ
367 2456 430 2507 ἐκ
462 2451 557 2505 τοῦ
592 2451 856 2522 μεγέθους
899 2451 1005 2505 τῶν
1041 2451 1205 2521 ὁρίων
1241 2451 1437 2506 εἰδέναι
1475 2451 1576 2524 ἔχῃ
1617 2453 1646 2505 6
1688 2452 1915 2516 δίκαιος,

239 2538 368 2592 ὅσον
416 2536 775 2607 ἐκταθὴσεται
828 2533 993 2588 αὑτοῦ
1028 2535 1088 2588 16
1126 2536 1366 2608 σπέρμα,
1410 2536 1606 2608 φησίν⁶
1642 2535 1775 2589 Ἀπὸ
1812 2536 1917 2590 τοῦ

240 2618 511 2687 ποταμοῦ
563 2618 867 2689 Αἰγύπτου
927 2616 1038 2684 ἕως
1101 2617 1208 2672 τοῦ
1267 2619 1536 2688 ποταμοῦ
1599 2617 1917 2689 Εὐφράτου

236 2700 495 2755 τοσοῦτον
529 2701 701 2765 ἐσται,
748 2702 901 2772 φησὶ,
937 2700 998 2754 16
1030 2702 1249 2773 σπέρμα
1278 2720 1393 2756 σου.
1435 2703 1632 2756 Σκόπει
1674 2705 1793 2767 πῶς
1828 2703 1918 2757 διὰ

239 2785 461 2838 πάντων
488 2783 581 2838 τοῦ
615 2784 853 2857 πλήθους
891 2783 1039 2855 αὑτῷ
1059 2784 1157 2856 τὴν
1188 2784 1490 2857 ὑπερϐολὴν
1520 2788 1760 2857 ἐμφᾶναι
1794 2784 1918 2856 βού-

236 2865 413 2919 λεται.
457 2866 740 2938 Ἀνωτέρω
767 2867 874 2939 γάρ
908 2866 1100 2930 εἰπὼν,
1134 2868 1273 2922 κατά
1299 2869 1362 2921 τὸ
1402 2869 1509 2923 τῶν
1537 2869 1753 2942 ἄστρων
1778 2869 1917 2941 πλῆ-

237 2950 325 3016 θος
378 2949 548 3014 οὕτως
575 2950 943 3023 ἀναρίθμητον
996 2952 1129 3005 αὐτὸ
1175 2954 1439 3022 ποιήσειν,
1470 2953 1700 3008 ἐνταῦθα
1727 2955 1820 3009 καὶ
1857 2956 1920 3009 16

239 3033 421 3103 μῆκος
444 3033 550 3086 τῶν
577 3034 743 3105 ὁρίων
763 3033 922 3102 δῆλον
956 3034 1228 3105 ἐποίησεν,
1265 3034 1351 3087 ἶνα
1377 3035 1469 3087 καὶ
1495 3034 1743 3090 ἐντεῦθεν
1770 3037 1916 3110 μάθῃ

236 3115 327 3170 τοῦ
363 3116 647 3187 μέλλοντος
684 3115 901 3169 ἔσεσθαι
934 3116 1171 3189 πλήθους
1197 3115 1353 3189 [379]
1391 3116 1488 3188 τὴν
1534 3116 1773 3173 ἔκτασιν.
1808 3121 1919 3174 Καὶ

237 3200 297 3254 06
326 3198 494 3253 τοῦτο
524 3200 704 3270 μόνον,
728 3198 865 3253 ἀλλὰ
891 3200 987 3254 καὶ
1028 3199 1148 3253 κατ’
1181 3197 1320 3264 εἶδος
1348 3199 1456 3253 τῶν
1497 3199 1664 3253 ἐθνῶν
1706 3219 1920 3274 μνημο-

236 3283 415 3348 νεύει,
461 3275 537 3337 ών
584 3282 775 3354 ἔμελλε
831 3282 929 3355 τὴν
965 3283 1290 3355 κατάσχεσιν
1337 3285 1593 3356 παρέξειν
1632 3285 1795 3339 αὑτοῦ
1842 3287 1919 3357 τῷ

239 3369 539 3440 σπέρματι,
564 3369 650 3421 ἵνα
681 3368 880 3440 πολλὴν
905 3368 992 3423 διὰ
1022 3369 1238 3424 πάντων
1270 3368 1638 3442 πληροφορίαν
1665 3371 1919 3444 παράσχῃ

236 3451 314 3523 τῷ
350 3451 570 3523 δικαίῳ.
597 3452 707 3505 Καὶ
740 3453 1010 3505 τοσούτων
1034 3452 1377 3522 ἐπαγγελιῶν
1411 3455 1807 3525 γεγενημένων,
1840 3455 1919 3507 ἐτι

239 3534 437 3607 ἔμενεν
462 3534 655 3603 ἄγονος
683 3535 717 3606 ἡ
754 3535 923 3605 Σάρα,
963 3534 1058 3588 καὶ
1086 3536 1146 3589 τὸ
1177 3535 1354 3608 γῆρας
1376 3537 1559 3601 αὑτοῖς
1589 3538 1916 3605 ἐπετείνετο,

239 3620 324 3674 ἵνα
344 3620 451 3689 τῆς
467 3618 704 3682 πίστεως
724 3619 902 3672 αὑτῶν
922 3620 1175 3690 μέγιστον
1195 3622 1490 3692 τεκμήριον
1516 3620 1916 3690 ἐξενέγκαντες,

237 3703 360 3757 τότε
393 3703 614 3774 καὶτῆς
650 3701 997 3774 ἀνθρωπίνης
1030 3702 1245 3772 φύσεως
1283 3703 1434 3758 ἴδωσι
1475 3703 1573 3775 τὴν
1611 3704 1916 3772 ἀσθένειαν,

238 3786 454 3855 καὶτῆς
478 3785 572 3838 τοῦ
607 3784 743 3838 Θεοῦ
764 3785 1043 3857 δυνάμεως
1069 3784 1127 3838 τὺ
1157 3785 1405 3857 μέγεθος.

321 3868 468 3923 Ἀλλ’
508 3868 595 3921 ἶνα
632 3868 707 3938 μὴ
742 3868 904 3921 πάλιν
932 3870 1011 3931 εἰς
1046 3868 1181 3921 πολὺ
1228 3869 1402 3939 μῆκος
1436 3868 1537 3939 τὴν
1573 3868 1919 3924 διδασκαλίαν

237 3951 593 4020 ἐκτείνωμεν,
631 3951 791 4021 μέχρι
832 3950 1022 4004 τούτου
1048 3950 1118 4002 τά
1158 3950 1258 4019 τῆς
1287 3950 1599 4015 ὑποθέσεως
1626 3954 1919 4023 στήσαντες

238 4031 683 4103 καταπαύσωμεν
703 4033 792 4085 τὸν
807 4032 984 4102 λόγον,
1006 4032 1483 4103 παρακαλέσαντες
1510 4033 1652 4104 ὑμᾶς
1673 4033 1919 4104 ζηλωτὰς

237 4114 497 4183 γενέσθαι
523 4114 617 4168 τοῦ
637 4117 993 4188 πατριάρχου.
1038 4114 1320 4186 Ἐννόησον
1357 4114 1486 4186 γὰρ,
1521 4116 1791 4185 ἀγαπητέ,
1831 4116 1918 4170 διὰ

235 4198 304 4252 τὰ
326 4199 559 4270 ῥήματα
581 4199 784 4263 ἐκεῖνα,
812 4198 847 4253 ἃ
889 4198 1020 4269 πρὸς
1055 4198 1144 4250 τὸν
1185 4198 1408 4269 βασιλέα
1448 4198 1698 4269 Σοδόμων
1732 4201 1908 4271 ἐποιή-

240 4299 396 4344 σατο.
448 4282 647 4353 μᾶλλον
696 4283 753 4336 δέ
797 4282 826 4322 ι)
866 4284 958 4335 καὶ
984 4281 1072 4335 διὰ
1110 4282 1210 4353 τὴν
1256 4281 1421 4354 ἄλλην
1456 4283 1671 4337 ἃπασαν
1695 4283 1916 4354 ἀρετὴν,

240 4366 307 4436 ἢν
342 4364 433 4419 διὰ
468 4366 647 4436 πάσης
684 4365 1027 4418 ἐπεδείκνυτο
1051 4366 1148 4435 τῆς
1174 4364 1339 4434 ζωῆς,
1376 4364 1544 4436 πόσης
1586 4363 1791 4436 ἠξιώθη
1823 4366 1919 4436 τῆς

241 4450 498 4521 ἀμοιϐῆς,
562 4448 656 4502 καὶ.
695 4448 870 4519 πόσην
924 4446 1050 4519 περὶ
1103 4447 1265 4501 αὑτὸν
1300 4445 1399 4517 τὴν
1451 4447 1855 4515 συγκατάϐασιν
1890 4448 1918 4500 6

242 4531 520 4602 Δεσπότης
549 4531 880 4598 ἐπεδείξατο,
899 4530 1110 4593 δεικνὺς
1137 4530 1223 4584 διὰ
1256 4529 1364 4584 τῶν
1403 4531 1484 4594 εἰς
1516 4529 1606 4583 τὸν
1652 4532 1919 4602 πατριάρ-

241 4632 345 4686 χην
376 4614 756 4686 γεγενημένων
787 4614 990 4668 ἅπασιν
1013 4614 1144 4686 ἡμῖν
1168 4615 1263 4685 τῆς
1291 4613 1602 4686 φιλοτιμίας
1626 4615 1788 4669 αὑτοῦ
1820 4617 1918 4687 τὴν

241 4697 568 4769 ὑπερϐολὴν,
602 4698 697 4750 καὶ
726 4699 829 4761 ὅτι,
854 4697 956 4751 κᾶν
992 4697 1163 4769 βραχύ
1212 4715 1265 4751 τι
1310 4698 1669 4771 προλαϐόντες
1719 4699 1918 4754 ἐπιδεί-

243 4777 436 4845 ξασθαι
454 4779 790 4849 δυνηθῶμεν,
822 4780 942 4833 οὑδὲ
970 4780 1032 4832 τὸ
1052 4779 1211 4851 τυχὸν
1234 4781 1620 4852 ὑπερθέμενος,
1658 4782 1919 4852 μεγάλαις

240 4864 389 4935 ἡμᾶς
420 4864 707 4934 ἀμείϐεται
754 4866 877 4927 ταῖς
922 4863 1170 4933 δωρεαῖς,
1221 4864 1379 4936 μόνον
1401 4864 1497 4919 ἐὰν
1521 4865 1787 4938 εἰλικρινῆ
1821 4866 1919 4937 τὴν

242 4946 429 4999 πίστιν
462 4944 882 5015 ἐπιδειξώμεθα,
911 4946 1158 5017 καθάπερ
1195 4948 1225 5000 6
1245 4947 1450 5011 δίκαιος
1481 4944 1656 5014 οὗτος,
1684 4950 1776 5003 καὶ
1816 4966 1920 5021 μη-

239 5029 431 5085 δέποτε
462 5028 818 5100 σαλευώμεθα
874 5032 965 5084 16v
1017 5030 1273 5102 λογισμὸν
1299 5071 1313 5096 ,
1366 5032 1479 5087 ἀλλ’
1519 5032 1919 5104 ἐρηρεισμένην

239 5109 457 5182 ἔχωμεν
473 5113 570 5184 τὴν
597 5111 823 5184 γνώμην
858 5154 871 5168 .
916 5113 1194 5168 Ἐντεῦθεν
1233 5115 1340 5187 γὰρ
1368 5116 1462 5169 καὶ
1511 5109 1667 5179 οὗτος
1714 5117 1921 5170 εὐδοκί-

244 5213 441 5267 μησεν.
475 5198 675 5251 ’Δκουε
705 5197 814 5269 γὰρ
839 5195 933 5250 τοῦ
967 5198 1240 5269 μακαρίου
1276 5198 1491 5252 Παύλου
1515 5198 1919 5271 ἀνακηρύττον-

239 5294 333 5342 τος
375 5279 538 5333 αὑτοῦ
603 5281 700 5349 τὴν
729 5284 930 5345 πίστιν,
962 5281 1030 5352 ἣν
1071 5281 1130 5347 ἐξ
1177 5282 1352 5355 ἀρχῆς
1381 5283 1475 5337 καὶ
1514 5285 1579 5337 ἐκ
1619 5283 1920 5355 προοιμίων

242 5361 576 5427 ἐπεδείξατο·
623 5364 755 5433 φησὶ
806 5364 934 5435 γάρ,
989 5365 1197 5419 Πίστει
1245 5367 1620 5436 καλούμενος
1663 5367 1921 5435 Ἀϐραὰμ

241 5442 599 5511 ὑπήκουσεν
614 5446 885 5511 ἐξελθεῖν
902 5448 990 5513 εἰς
1007 5446 1111 5500 τὸν
1133 5447 1336 5514 τόπον,
1364 5447 1434 5501 ὃν
1458 5449 1676 5518 ἔμελλε
1696 5448 1920 5518 λαμϐά-

244 5541 398 5589 νειν,
424 5526 522 5580 καί
540 5525 759 5592 ἐξῆλθε
775 5527 859 5598 μή
881 5528 1271 5598 ἐπιστάμενος
1297 5529 1414 5583 ποῦ
1438 5531 1672 5599 ἔρχεται
1696 5548 1709 5562 ο
1745 5533 1921 5586 ἐκεῖνο

242 5607 378 5678 ἡμῖν
406 5610 769 5680 αἰνιττόμενος
799 5612 859 5664 16
892 5612 1041 5682 παρὰ
1070 5612 1163 5665 τοῦ
1185 5610 1322 5665 Θεοῦ
1352 5612 1640 5685 εἰρημένον
1664 5630 1678 5644 ο
1710 5614 1920 5678 Ἔξευί-

308 5911 327 5934 ⁸
366 5912 421 5960 ἶῐι
449 5916 618 5967 Bibliis
658 5918 754 5964 τῶν
777 5918 844 5966 O'
883 5916 1116 5967 scribitur
1154 5917 1263 5974 τοὺς
1283 5915 1524 5971 Κεναίους.
1590 5913 1620 5954 1³
1644 5914 1913 5973 Sicﬁavil.

245 5979 300 6041 gl
324 5974 495 6041 Qlorel.
518 5979 581 6028 At
599 5984 790 6030 septem
813 5992 927 6026 mss.
953 5980 1034 6026 16v
1063 5981 1263 6041 βασιλέα
1296 5978 1518 6040 Σοδόμων
1544 5978 1622 6026 διὰ
1645 5977 1703 6023 τά
1727 5978 1916 6041 ῥήματα

246 6034 425 6097 ἐιεὶια,
445 6041 475 6087 ἃ
500 6043 776 6101 ἐποιήσατσ
815 6041 991 6102 μᾶλλον
1010 6034 1077 6089 δέί

567 6142 835 6202 Ριιτιιοι..
865 6141 958 6201 (in
1019 6142 1179 6204 Llll.

1346 419 1414 475 IN
1451 416 1602 476 CAP.
1640 414 1733 472 XV
1769 412 2017 469 GENES.
2060 410 2297 470 ΠΟΜΙΙ...
2339 410 2600 468 XXXVII.

3605 426 3710 482 348

2033 534 2098 586 θε
2123 532 2193 585 ἐκ
2213 528 2320 598 τῆς
2340 529 2454 600 γῆς
2474 547 2614 595 σου,
2650 532 2745 585 καί
2774 530 2949 601 δεῦρο
2973 535 3060 598 εἰς
3082 531 3195 603 τὴν
3211 536 3348 607 γῆν,
3380 535 3463 606 ἦν
3489 538 3569 594 ἄν
3608 557 3704 596 σοι

2031 613 2226 678 δείξω.
2262 609 2413 678 Εἶδες
2438 614 2620 667 πίστιν
2654 612 2875 683 βεϐαίαν
2903 631 2918 679 ;
2945 611 3083 680 εἶδες
3131 618 3357 690 γνώμην
3398 620 3705 694 εἱλικρινῆ;

2029 695 2230 749 Τοῦτον
2258 699 2351 750 καὶ
2380 697 2539 768 ἡμεῖς
2572 695 2942 767 μιμησώμεθα
2968 698 3062 751 καὶ
3086 697 3388 771 ἐξέλθωμεν
3420 705 3486 775 τῇ
3514 701 3707 776 γνώμῃ

2028 780 2121 831 καὶ
2136 782 2203 850 τῇ
2236 778 2515 849 προθυμίᾳ
2554 782 2616 832 ἐκ
2652 779 2759 832 τῶν
2784 776 2878 832 τοῦ
2909 780 3173 851 παρόντος
3200 782 3316 852 βίου
3342 785 3706 856 πραγμάτων,

2028 860 2120 913 καὶ
2144 860 2452 932 ὁδεύσωμεν
2484 861 2564 924 εἰς
2585 860 2675 914 τὸν
2700 860 2949 932 οὐρανόν.
3001 863 3239 917 Δυνατὸν
3274 866 3404 934 γὰρ,
3448 867 3546 920 ἐὰν
3589 866 3709 921 ἐθέ-

2026 941 2231 1014 λωμεν,
2267 943 2361 997 καὶ
2407 942 2642 997 ἐνταῦθα
2689 943 2966 1012 διάγοντες
3006 945 3104 1015 τῆς
3137 947 3255 999 ἐκεῖ
3296 948 3418 1002 6606
3463 948 3706 1020 ἔχεσθαι.

2024 1027 2153 1080 ὅταν
2173 1025 2297 1091 ἄξια
2316 1024 2425 1103 τῶν
2442 1025 2688 1097 οὐρανῶν
2716 1025 3195 1099 διαπραπιῦμεθα,
3225 1030 3353 1083 ὅταν
3383 1031 3459 1102 μὴ
3482 1031 3611 1103 περὶ
3638 1032 3709 1087 τὰ

2024 1108 2118 1163 τοῦ
2147 1108 2352 1179 κόσμου
2383 1101 2536 1179 ὦμεν
2566 1109 2917 1179 ἐπτοημένοι,
2936 1111 3063 1165 ὅταν
3096 1111 3172 1182 μὴ
3193 1110 3291 1184 τὴν
3311 1101 3468 1179 δόξαν
3490 1101 3587 1184 τὴν
3618 1130 3707 1167 κεο

2024 1191 2121 1263 νὴν
2171 1190 2266 1245 τοῦ
2303 1191 2420 1262 βίου
2466 1190 2656 1246 τούτου
2687 1191 3070 1264 ἐπιζητῶμεν,
3112 1193 3248 1247 ἀλλά
3295 1196 3497 1265 ταύτης
3540 1197 3710 1267 ὑπερ·

2024 1274 2279 1348 ορῶντες,
2312 1275 2526 1347 ἐκείνης
2551 1275 2798 1345 ἐφίεσθαι
2823 1276 3213 1347 σπουδάζωμεν
3239 1278 3339 1350 τῆς
3356 1278 3593 1349 ἀληθοῦς
3616 1279 3709 1334 καὶ

2026 1359 2110 1411 ἀεὶ
2137 1356 2401 1429 μενούσης
2421 1374 2433 1387 °
2455 1358 2581 1411 ὅταν
2610 1358 2682 1429 μὴ
2714 1359 2842 1428 περὶ
2860 1359 2957 1428 τὴν
2973 1358 3074 1427 τῆς
3110 1358 3340 1428 ἐσθῆτος
3360 1360 3710 1416 πολυτέλειαν

2027 1437 2482 1510 ἀπασχολώμεθα,
2522 1439 2656 1509 μηδέ
2690 1439 2751 1493 16
2793 1438 2953 1510 σῶμα
2985 1439 3348 1505 καλλωπίζειν
3390 1440 3708 1507 σπουδάζω-

2029 1539 2149 1592 μεν,
2182 1522 2317 1576 ἀλλά
2340 1523 2517 1577 πάντα
2543 1520 2734 1577 τοῦτον
2773 1521 2862 1575 τὸν
2901 1522 3102 1589 ἔξωθεν
3135 1522 3337 1594 κόσμον
3381 1524 3706 1595 μετάγωμεν

2026 1606 2106 1669 είς
2126 1605 2223 1676 τὴν
2253 1605 2355 1675 τῆς
2381 1605 2557 1677 ψυχῆς
2612 1604 2951 1675 ἐπιμέλειαν,
2996 1605 3090 1657 καὶ
3125 1605 3199 1678 μὴ
3236 1606 3559 1677 ἀνεχώμεθα
3608 1622 3709 1676 γυο

2029 1686 2166 1758 μνὴν
2192 1686 2363 1758 αὑτὴν
2392 1688 2486 1741 καὶ
2520 1686 2724 1758 ἔρημον
2748 1687 2950 1758 ταύτης
2974 1687 3071 1757 τῆς
3094 1688 3315 1758 ἀρετῆς.
3340 1688 3448 1741 τῶν
3475 1687 3707 1759 ἐνδυμά-

2024 1786 2133 1822 των
2152 1770 2413 1841 περιορᾷν
2433 1783 2448 1796 '
2474 1769 2605 1824 ὅταν
2635 1769 3027 1841 καταγελῶμεν
3056 1775 3288 1843 τρυφῆς,
3322 1772 3453 1826 ὅταν
3481 1789 3708 1844 γαστρι-

2028 1853 2266 1924 μαργίαν
2292 1853 2608 1924 φεύγωμεν,
2636 1854 2764 1907 ὅταν
2796 1855 2871 1925 μὴ
2897 1855 2968 1909 τά
2988 1857 3265 1927 συμπόσια
3300 1857 3395 1910 καὶ
3412 1858 3481 1911 τὰ
3519 1857 3711 1910 δεῖπνα

2026 1936 2470 2009 μεταδιώκωμεν,
2491 1936 2630 1990 ἀλλὰ
2659 1937 2758 2006 τῆς
2786 1937 3119 2010 αὐταρκείας
3140 1938 3412 2010 ἐχώμεθα,
3437 1940 3577 1994 κατὰ
3607 1940 3708 2011 τὴν

2021 2018 2384 2089 ἀποστολικὴν
2404 2018 2726 2091 παραίνεσιν
2758 2018 2858 2092 τὴν
2883 2018 3150 2088 λέγουσαν
3178 2039 3191 2054 ⁸
3235 2024 3529 2091 Ἔχοντες
3576 2022 3706 2077 δία-

2020 2102 2244 2170 τροφὰς
2288 2102 2389 2155 καί
2441 2100 2865 2170 σκεπάσματα,
2911 2102 3148 2169 τούτοις
3176 2104 3701 2173 ἀρκεσθησόμεθα.

2022 2184 2085 2235 Τί
2110 2183 2221 2255 γάρ
2249 2183 2461 2254 δφελος,
2490 2183 2613 2236 εἰπέ
2645 2201 2758 2254 μοι,
2791 2184 2900 2238 τῶν
2931 2186 3221 2257 περιττῶν.
3240 2187 3338 2240 καὶ⁸
3361 2186 3456 2241 τοῦ
3487 2187 3585 2259 τὴν
3605 2203 3706 2256 γα·

2024 2265 2190 2336 στέρα
2217 2264 2645 2337 διαρρήγνυσθαι
2676 2266 2780 2318 ὑπὸ
2806 2266 2908 2337 τῆς
2932 2267 3131 2339 πολλῆς
3152 2268 3515 2340 ἀδδηφαγίας,
3546 2269 3578 2341 ἡ
3610 2270 3703 2323 τοῦ

2021 2347 2283 2420 λογισμοῦ
2306 2348 2366 2401 τὸ
2388 2350 2669 2420 κριτήριον
2695 2349 2825 2420 ἡμῖν
2853 2349 3261 2422 διαφθείρεσθαι
3290 2351 3399 2406 ἀπὸ
3432 2352 3535 2422 τῆς
3570 2352 3709 2425 ἀμέ-

2022 2432 2469 2503 τρουοίνοποσίας
2489 2449 2503 2497 ;
2526 2431 2695 2503 ἢοὺχὶ
2716 2432 2964 2487 ἐντεῦθεν
2984 2431 3249 2505 [5801καὶ
3274 2434 3350 2505 τῷ
3373 2434 3585 2507 σώματι
3609 2432 3702 2489 καὶ

2021 2516 2088 2585 τῇ
2111 2513 2256 2585 ψυχῇ
2284 2514 2461 2567 πάντα
2488 2515 2732 2570 τίκτεται
2766 2517 2831 2569 τά
2861 2517 3028 2582 κακά;
3065 2517 3236 2571 Πόθεν
3259 2518 3367 2589 γὰρ
3393 2520 3447 2572 αἱ
3479 2518 3623 2573 νόσοι
3647 2519 3704 2574 αξ

2024 2596 2382 2662 παντοδαπαὶ,
2413 2596 2632 2652 καὶτῶν
2660 2597 2839 2669 μελῶν
2862 2598 3254 2671 αἰδιαστροφαί
3279 2618 3293 2667 ;
3337 2601 3472 2672 Οὑχῖ
3515 2601 3709 2655 ἐντεῦον

2023 2679 2115 2733 θεν
2133 2680 2239 2733 ἀπὸ
2265 2680 2358 2735 τοῦ
2389 2680 2486 2753 τὴν
2513 2682 2703 2754 χρείαν
2736 2683 2880 2752 ὑμᾶς
2911 2682 3336 2755 ὑπερϐαίνοντας
3384 2683 3523 2756 βαρὺ
3571 2701 3705 2758 φορ-

2022 2762 2135 2817 τίον
2166 2763 2464 2817 ἐπιτιθέναι
2490 2767 2556 2834 τῇ
2590 2765 2788 2835 γαστρί
2813 2780 2828 2830 ;
2850 2765 3018 2819 Πόθεν
3037 2762 3093 2819 δὲ
3120 2768 3177 2820 αί
3200 2770 3461 2838 μοιχεῖαι,
3492 2768 3547 2821 αί
3573 2785 3701 2842 πορ-

2021 2847 2179 2909 νεῖαι,
2207 2845 2265 2899 αί
2295 2846 2562 2919 ἁρπαγαὶ,
2593 2847 2648 2898 αἰ
2668 2846 2993 2913 πλεονεξίαι,
3029 2850 3078 2901 οί
3107 2848 3278 2917 φόνοι,
3332 2850 3389 2901 αί
3436 2849 3703 2920 λῃστεῖαι,

2022 2928 2118 2982 καὶ
2152 2928 2301 2981 πᾶσα
2324 2928 2421 2997 τῆς
2445 2928 2623 2998 ψυχῆς
2661 2930 2695 2999 ἡ
2721 2928 3024 3000 διαφθοράς
3078 2931 3153 2983 Οὑ
3180 2930 3269 2984 διὰ
3291 2932 3355 2984 16
3400 2931 3494 2985 106
3523 2932 3705 2987 πλείο-

2022 3026 2111 3074 νος
2143 3009 2389 3079 ἐφίεσθαι
2420 3010 2520 3081 τῆς
2545 3011 2931 3083 συμμετρίαςς
2981 3014 3193 3082 Ὥσπερ
3236 3014 3347 3085 γὰρ
3394 3013 3551 3087 ῥίζαν
3594 3015 3706 3070 τῶν

2022 3092 2211 3147 κακῶν
2238 3094 2491 3148 ἁπάντων
2534 3093 2631 3163 τὴν
2679 3093 3044 3166 φιλαργυρίαν
3086 3097 3115 3150 6
3158 3096 3370 3161 Παῦλος
3416 3096 3699 3161 ἐκάλεσεν,

2022 3175 2193 3241 οὑτως
2226 3178 2329 3231 οὐκ
2378 3177 2444 3232 ἀν
2472 3194 2552 3242 τις
2587 3177 2824 3248 ἁμάρτοι
2868 3178 3053 3251 πηγὴν
3086 3180 3193 3233 τῶν
3225 3180 3411 3234 κακῶν
3450 3181 3705 3235 ἁπάντων

2024 3259 2348 3331 προσκαλῶν
2372 3259 2472 3330 τὴν
2498 3259 2787 3331 ἀμετρίαν,
2806 3261 2899 3314 καὶ
2928 3262 2990 3315 16
3018 3264 3116 3333 τὴν
3144 3265 3331 3334 χρείαν
3360 3265 3444 3334 ἐφ’
3473 3264 3705 3320 ἑκάστου

2026 3342 2310 3414 βούλεσθαι
2342 3346 2492 3414 ἡμᾶς
2527 3341 2896 3414 ὑπερϐαίνειν.
2932 3345 2996 3398 Εἰ
3013 3344 3123 3417 γὰρ
3156 3346 3492 3418 ἐϐουλόμεθα
3528 3348 3622 3402 καὶ
3646 3348 3706 3401 ἐν

2022 3430 2091 3499 τῇ
2117 3428 2315 3496 τροφῇ,
2343 3427 2435 3479 καὶ
2463 3427 2520 3478 ἐν
2547 3428 2658 3489 τοῖς
2691 3425 2977 3496 ἐνδύμασι,
3013 3428 3109 3481 καὶ⁸
3156 3429 3213 3481 ἐν
3250 3433 3361 3493 τοῖς
3411 3430 3704 3500 οἰκήμασι.

2024 3509 2119 3561 καὶ
2143 3511 2201 3562 ἐν
2225 3509 2343 3570 ταῖς
2371 3507 2581 3578 χρείαις
2605 3509 2725 3571 ταῖς
2744 3507 2932 3572 άλλαις
2973 3511 3094 3573 ταῖς
3127 3513 3466 3580 σωματικαῖς
3489 3512 3566 3581 μὴ
3596 3512 3703 3565 αὑο

2021 3592 2132 3646 τῶν
2160 3591 2428 3661 ἐφίεσθαι,
2461 3590 2597 3644 ἀλλά
2625 3591 2692 3645 τὰ
2714 3592 2988 3660 ἀναγκαῖα
3026 3591 3188 3662 μόνον
3235 3592 3537 3664 ἐπιζητεῖν,
3576 3594 3707 3649 πολ-

2022 3674 2123 3745 λῆς
2160 3673 2225 3728 ἂν
2249 3673 2426 3745 λύμης
2450 3673 2767 3745 ἀπήλλακτο
2788 3673 2848 3728 16
2876 3674 2987 3727 τῶν
3013 3673 3111 3728 ἀνθ
3122 3673 3319 3747 ρώπων
3349 3678 3524 3744 γένος.

2092 3764 2154 3813 ε’.
2192 3756 2331 3811 Ἀλλ’
2356 3757 2457 3811 οὑκ
2486 3751 2583 3810 οἷδ’
2605 3756 2753 3821 ὅπως
2785 3755 3017 3821 ἕκαστος
3043 3758 3199 3828 ἡμῶν
3221 3760 3362 3813 κατὰ
3388 3759 3486 3831 τὴν
3512 3761 3704 3818 ἑαυτοῦ

2021 3843 2249 3914 δύναμιν
2262 3842 2322 3896 16
2344 3841 2444 3914 τῆς
2468 3840 2783 3908 πλεονεξίας
2812 3840 3025 3911 νόσημα
3054 3840 3369 3913 δεξάμενος,
3401 3845 3699 3913 φιλονεικεῖ

2028 3927 2298 3997 μηδέποτε
2319 3924 2447 3977 είσω
2476 3924 2582 3977 τῶν
2621 3924 2720 3993 τῆς
2748 3924 2938 3995 χρείας
2966 3916 3108 3995 ὅρων
3140 3927 3405 3994 γίνεσθαι,
3437 3929 3552 3983 ἀλλ’
3599 3930 3707 3983 άπ-

2022 4010 2269 4070 εναντίας
2296 4008 2361 4077 τῇ
2393 4004 2720 4076 ἀποστολικῇ
2749 4007 3063 4077 παραινέσει
3100 4012 3165 4079 τῇ
3204 4009 3454 4082 λεγούση,
3486 4013 3705 4083 Ἔχον..

2023 4109 2120 4158 τες
2147 4090 2466 4159 διατροφὰς
2487 4090 2584 4142 καὶ
2618 4088 3036 4160 σκεπάσματα,
3062 4094 3294 4161 τούτοις
3325 4096 3700 4166 ἀρκεσθησό-

2016 4176 2189 4244 μεθα,
2215 4172 2388 4236 οὕτως
2414 4173 2574 4243 ἡμεῖς
2595 4171 2808 4225 ἅπαντα
2835 4174 3149 4245 πράττομεν
3186 4186 3209 4215 ε
3231 4215 3246 4241 ,
3278 4178 3377 4231 οὐκ
3405 4179 3604 4245 εἰδότες
3625 4182 3703 4246 ὡς

2023 4256 2239 4310 πάντων
2286 4256 2394 4309 τῶν
2449 4256 2587 4324 ὑπὲρ
2634 4255 2736 4325 τὴν
2778 4257 2968 4328 χρείαν
2987 4256 3087 4329 τὴν
3123 4260 3427 4329 ἀναγκαίαν
3472 4264 3703 4330 εὐθύνας

2022 4341 2117 4393 καὶ
2131 4340 2287 4409 λόγον
2314 4338 2603 4409 ὑφέξομεν,
2638 4339 2713 4402 ώς
2733 4340 2794 4392 o6
2824 4340 3052 4405 δεόντως
3070 4342 3397 4414 κεχρημένοι
3418 4348 3529 4411 τοῖς
3550 4348 3703 4418 παρὰ

2021 4421 2116 4476 τοῦ
2151 4422 2422 4476 Δεσπότου
2444 4423 2577 4493 ἡμῖν
2604 4418 3049 4494 παρασχεθεῖσιν.
3087 4426 3162 4478 Οὑ
3189 4427 3298 4498 γὰρ
3333 4428 3420 4482 ἵνα
3453 4431 3534 4493 είς
3568 4430 3703 4486 ἀπό-

2022 4507 2213 4560 λαυσιν
2236 4505 2509 4577 ἡμετέραν
2543 4506 2700 4576 μόνον
2727 4507 3191 4579 ἀποχρησώμεθα,
3210 4509 3385 4565 ταῦτα
3403 4513 3532 4583 ἡμῖν
3558 4529 3703 4585 παρ-

2028 4591 2237 4661 έσχετο,
2275 4589 2389 4642 ἀλλ’
2436 4590 2522 4643 ἵνα
2555 4590 2644 4643 καὶ
2694 4589 2801 4643 τῶν
2817 4592 3095 4660 ὁμογενῶν
3138 4592 3236 4663 τὴν
3283 4592 3490 4649 ἔνδειαν
3525 4611 3704 4665 παραυ

2028 4672 2419 4746 μυθησώμεθα.
2444 4673 2611 4736 Ποίας
2645 4673 2711 4728 ἂν
2736 4670 2830 4727 οὖν
2853 4671 2964 4727 εἷεν
2994 4674 3321 4745 συγγνώμης
3362 4677 3502 4740 ἄξιοι
3528 4679 3577 4730 οί
3606 4680 3705 4732 καὶ

2024 4760 2082 4811 ἐν
2105 4757 2376 4828 ἐσθήμασι
2408 4756 2608 4827 πολλὴν
2633 4756 2732 4825 τὴν
2755 4756 3010 4826 βλακείαν
3042 4757 3492 4827 ἐπιδεικνύμενοι,
3514 4760 3609 4812 καὶ
3631 4762 3702 4816 τά

2024 4845 2134 4898 τῶν
2158 4844 2455 4916 σκωλήκων
2473 4844 2693 4915 νήματα
2726 4842 3145 4915 περιϐάλλεσθαι
3184 4845 3573 4910 σπουδάζοντες
3592 4885 3607 4908 .
3637 4849 3701 4903 τὸ

2022 4928 2082 4982 δὲ
2108 4926 2510 4999 χαλεπώτατον,
2533 4926 2629 4981 καὶ
2661 4926 2755 4979 ἐπὶ¹
2778 4925 2988 4989 τούτοις
3016 4924 3161 4995 μέγα
3185 4926 3536 4998 φρονοῦντες,
3581 4929 3700 4985 δέον

2024 5009 2460 5081 ἐγκαλύπτεσθαι
2512 5010 2609 5064 καὶ
2646 5009 2942 5066 δεδοικέναι
2999 5010 3095 5063 καὶ
3137 5011 3383 5083 τρέμειν,
3414 5011 3497 5065 δτι
3536 5013 3700 5078 αὐτὸς

2028 5096 2127 5166 μὲν
2172 5097 2253 5158 εἰς
2284 5094 2435 5148 οὐδὲν
2467 5093 2588 5147 δέον
2612 5092 2736 5146 οὑδὲ
2787 5092 2979 5162 χρείας
3022 5092 3228 5157 ἕνεκεν,
3272 5092 3410 5146 ἀλλά
3441 5092 3699 5164 βλακείας

2030 5180 2125 5234 καὶ⁵
2151 5177 2452 5242 κενοδοξίας
2477 5177 2658 5248 χάριν,
2690 5176 2783 5230 καὶ
2814 5174 2951 5229 ὥστε
2988 5175 3094 5231 ὑπὸ
3120 5175 3230 5230 τῶν
3264 5176 3538 5248 ἀγοραίων
3568 5176 3699 5231 θαυ-

2030 5261 2328 5333 μασθῆναι,
2356 5258 2581 5312 τοιαῦτα
2607 5259 2951 5328 περίκεισαι’
2988 5260 3018 5314 6
3054 5258 3112 5311 δὲ
3142 5258 3243 5329 τῆς
3273 5259 3445 5329 αὐτῆς
3482 5259 3564 5313 σοὶ
3598 5260 3702 5331 φῦ-

2029 5361 2166 5405 cem;
2198 5341 2477 5412 τυγχάνων
2527 5341 2732 5411 γυμνὸς
2770 5341 3064 5414 περίεισιν,
3104 5341 3227 5395 οὑδέ
3273 5342 3432 5413 ἁδρὸν
3486 5343 3699 5413 ἱμάτιον

2028 5426 2417 5499 περιϐαλέσθαι
2438 5426 2606 5497 ἔχων
2636 5425 2727 5479 καὶ
2751 5425 2874 5479 οὔτε
2907 5427 2939 5496 ἡ
2978 5425 3140 5496 φύσις
3172 5425 3310 5497 αὑτὴ
3363 5428 3443 5489 εἰς
3475 5428 3699 5500 συμπά-

2029 5504 2179 5561 θειάν
2211 5525 2269 5562 σε
2301 5508 2469 5570 ἐλκει,
2503 5509 2624 5562 οὑδέ
2650 5508 2709 5562 16
2739 5508 2978 5571 συνειδὸς
2999 5506 3254 5579 διεγείρει
3289 5508 3426 5580 πρὸς
3474 5509 3573 5585 τὴν
3606 5511 3692 5567 ἀν-

2027 5590 2240 5661 τίληψιν
2260 5591 2354 5644 τοῦ
2382 5593 2695 5663 ὁμογενοῦς,
2723 5589 2847 5644 οὔτε
2883 5592 2915 5662 ἡ
2948 5590 3126 5644 ἔννοια
3164 5591 3262 5659 τῆς
3291 5591 3525 5665 φοϐερᾶς
3565 5593 3701 5663 ἡμέο

2093 5791 2115 5855 (ξ
2141 5790 2306 5855 0610);
2328 5790 2463 5852 ἡμεῖς
2480 5791 2666 5855 ἅπαντα
2699 5788 2980 5852 πράττομεν.
3008 5788 3101 5855 Hic
3116 5852 3125 5855 _
3143 5789 3569 5855 c_rebris_personm
3592 5799 3701 5855 rimo

2033 5851 2296 5905 nationibus
2338 5855 2495 5900 utitur
2561 5851 2957 5912 Chrysdﬂomus;
3029 5851 3199 5911 incipit
3266 5852 3396 5912 enim
3455 5862 3479 5892 η
3543 5851 3699 5912 prima

2025 5913 2349 5981 pluraiiJiinc
2372 5914 2431 5961 ad
2456 5910 2949 5981 leriiam‘pluralom;
2988 5910 3271 5981 d_ei0d’e_que
3325 5910 3387 5981 ag
3432 5910 3695 5981 εεευηάίιηι

2023 5967 2325 6038 éiuguhrcm
2370 5976 2608 6038 procedit,
2650 5967 2943 6037 demumun
2968 5974 3028 6023 ad
3082 5967 3277 6022 leniam
3327 5967 3570 6030 pluralem
3612 5977 3696 6013 rp.

2022 6040 2112 6090 dit.
3299 6097 3379 6157 22
