4060 6414
296 451 400 508 5&9

300 562 510 634 pideum
540 576 633 618 cor
658 560 939 626 haberent,
968 568 1148 617 etnon
1177 559 1420 631 ejusdem
1448 564 1653 616 naturae
1679 567 1881 628 essent,

302 654 370 709 ita
404 669 465 709 se
497 661 683 723 putant
712 652 781 708 ob
821 653 1051 707 vestium
1085 651 1287 708 cultum
1317 653 1476 708 etiam
1505 653 1624 708 aliis
1653 652 1886 708 homini-

299 744 398 799 bus
432 742 740 813 superioi-es
767 757 909 808 esse,
935 756 1042 797 non
1077 742 1469 814 perpendentes
1505 754 1690 798 secum
1718 746 1886 815 quan-

299 833 368 889 tis
388 830 540 889 malis
564 824 769 904 seipsos
792 832 1052 888 obnoxios
1067 832 1318 902 reddam,
1337 836 1428 905 qui
1454 833 1760 891 concredita
1782 836 1882 891 sibi

298 943 327 982 a
358 920 583 981 Domino
610 925 750 981 male
784 925 1118 996 dispensent,
1147 928 1200 981 et
1238 926 1410 981 nolint
1453 928 1725 984 conservis
1765 943 1883 998 par-

297 1028 404 1075 tem
429 1016 728 1074 concedere
759 1035 772 1072 :
802 1018 895 1073 sed
925 1019 1105 1089 potius
1124 1025 1153 1074 a
1184 1018 1453 1075 vermibus
1478 1020 1719 1075 consumi
1762 1026 1883 1089 per-

296 1110 594 1177 mittentes,
621 1108 922 1179 graviorem
946 1109 1206 1181 gcbennte
1228 1110 1403 1180 ignem
1424 1109 1536 1181 jam
1556 1110 1654 1166 sibi
1680 1119 1883 1181 pratpa-

296 1201 461 1257 rent?
501 1200 636 1257 Nam
680 1202 725 1257 si
774 1202 954 1258 omnia
1001 1217 1123 1273 quae
1174 1202 1315 1258 intus
1363 1203 1594 1272 reposita
1640 1202 1876 1272 habent,

295 1292 655 1365 indigentibus
682 1282 874 1349 divites
914 1292 1312 1360 distribuerent,
1344 1300 1515 1367 neque
1559 1295 1637 1352 sic
1681 1297 1881 1366 suppli-

291 1384 433 1439 cium
468 1384 765 1456 ell'ugerent
802 1400 988 1441 eorum
1030 1390 1367 1457 peécatoruni
1411 1393 1530 1457 qua!
1577 1385 1629 1441 in
1669 1386 1878 1442 deliciis

293 1478 523 1533 vestium
547 1480 601 1532 et
625 1478 992 1533 conviviorum
1017 1476 1321 1533 admittunt.
1349 1477 1468 1547 Quo
1490 1479 1635 1535 enim
1671 1474 1876 1550 suppli-

288 1568 377 1623 cio
404 1576 507 1622 neu
540 1572 665 1622 sunt
693 1568 859 1639 digni,
887 1568 976 1638 qui
1004 1568 1176 1623 modis
1202 1569 1448 1624 omnibus
1478 1569 1607 1624 dant
1634 1574 1874 1640 operam,

290 1665 351 1714 ut
375 1658 559 1713 sericis
587 1668 641 1713 et
666 1666 820 1726 auro,
848 1659 935 1714 vel
955 1658 1108 1714 aliter
1133 1659 1288 1729 pictis
1317 1660 1550 1715 vestibus
1578 1661 1877 1717 intcr‘te‘itis

288 1750 597 1815 induantur,
623 1757 675 1805 et
712 1759 835 1820 post
862 1765 922 1805 se
946 1764 1192 1821 pompam
1220 1750 1432 1806 trahant
1470 1751 1521 1805 in‘
1548 1750 1664 1806 loro
1692 1740 1877 1806 :Chri-

287 1851 435 1897 stum
457 1850 634 1897 autem
661 1832 962 1911 despiciunt
978 1840 1198 1907 nudam,
1214 1842 1270 1897 et
1291 1848 1462 1912 neque
1485 1842 1661 1897 cibum
1691 1852 1875 1897 ncces-

286 1934 487 1989 sarium
507 1933 923 2004 impetrantcm?
944 1934 1169 1989 Maxime
1186 1936 1362 1989 autem
1380 1945 1559 1990 sermo
1573 1935 1679 1992 iste
1695 1936 1875 1991 adver-

286 2032 376 2081 sus
401 2027 654 2082 mulieres
681 2026 1011 2096 congruerit.
1044 2018 1299 2096 Blajorem‘
1330 2028 1473 2083 cnim
1502 2023 1645 2098 apud
1670 2043 1762 2083 eas
1793 2030 1872 2082 in-

285 2119 527 2173 venimus
555 2125 774 2173 omanis
795 2112 1137 2188 Cupiditateni
1164 2127 1218 2174 et
1241 2119 1726 2189 intemperantiam,
1750 2137 1870 2177 cum

284 2209 482 2263 auratis
508 2209 742 2264 vestibus
768 2217 827 2265 et
868 2216 1000 2265 auro
1031 2210 1082 2264 in
1117 2210 1310 2281 Capite,
1342 2211 1392 2265 in
1423 2211 1563 2267 eollo
1592 2220 1646 2267 et
1675 2213 1727 2268 in
1754 2208 1873 2269 aliis“

281 2299 525 2369 corporis
553 2300 788 2370 partibus
817 2306 1098 2367 ornantur,
1132 2310 1186 2356 et
1224 2301 1277 2356 i'n
1320 2294 1402 2357 his
1442 2310 1653 2372 quoque
1685 2309 1873 2374 supcr-

282 2391 455 2448 biunt.
478 2390 621 2460 Quot
649 2402 944 2463 pauperum
967 2398 1182 2449 ventres
1212 2402 1457 2465 poti-rant
1486 2394 1608 2450 inde
1630 2397 1796 2465 pasci,
1818 2402 1873 2450 et

278 2496 413 2556 quot
440 2496 664 2555 corpOra
694 2483 836 2541 unde
859 2484 1125 2556 agentium
1150 2494 1397 2557 petertmt
1416 2494 1483 2542 e‘x
1506 2486 1570 2542 iis
1590 2488 1725 2543 solis
1737 2496 1871 2544 con-

277 2578 408 2648 tegi,
435 2592 555 2647 qua:
598 2577 666 2633 ab
707 2576 942 2647 ipsarum
977 2579 1199 2633 amibus
1227 2578 1480 2648 pendent,
1520 2578 1716 2634 nullius
1741 2581 1875 2636 alte-

280 2668 389 2723 rius
417 2681 546 2722 usus
584 2668 775 2739 gratia,
814 2674 972 2740 quam
1003 2669 1056 2723 in
1086 2669 1340 2724 damnum
1386 2678 1441 2724 et
1490 2678 1868 2727 nocumentuu't

277 2754 513 2814 animm?
557 2760 787 2830 Propter
835 2762 938 2816 hoc
989 2760 1189 2815 doctor
1219 2760 1364 2816 erbis
1408 2768 1528 2816 cum
1579 2761 1804 2819 dixiSSet
1850 2780 1866 2817 :

279 2846 541 2908 Habentes
568 2853 753 2907 victum
794 2860 842 2907 et
887 2853 1128 2908 amictum
1174 2844 1253 2926 (l.
1297 2840 1432 2909 Tim.
1475 2853 1529 2910 6.
1570 2853 1626 2925 8)
1661 2871 1674 2907 :
1711 2852 1870 2913 vertit

275 2951 493 2998 rursum
516 2942 589 2998 ad
611 2943 861 2999 t'tiuiieres
883 2950 1208 3011 sermonem,
1235 2951 1293 3000 et
1323 2944 1450 2999 dicit
1492 2961 1506 2998 :
1535 2942 1654 2999 Non
1684 2946 1737 3000 in
1764 2952 1871 3001 tar-

273 3034 337 3087 ta's
361 3030 589 3088 crinibus
605 3034 681 3088 uel
700 3035 752 3088 in
768 3046 912 3098 auro,
937 3034 1020 3089 vel
1028 3036 1316 3107 margaritis
1332 3036 1410 3090 vel
1428 3045 1559 3092 veste
1571 3044 1870 3108 sumptuosa

271 3134 454 3179 ornem
481 3131 535 3179 te
563 3122 721 3195 (Ibid.
752 3124 807 3180 2.
839 3126 916 3197 9).
950 3126 1108 3182 Vides
1153 3126 1423 3197 quomodo
1468 3132 1576 3182 non
1618 3128 1733 3182 vult
1776 3132 1870 3185 eas

276 3215 475 3271 talibus
499 3217 700 3283 ornari,
734 3218 913 3286 neque
934 3220 1066 3272 auro
1087 3214 1430 3284 circumdari,
1458 3226 1633 3288 neque
1657 3222 1867 3290 marga-

272 3308 388 3362 ritis
417 3320 593 3377 neqtre
624 3316 773 3362 veste
801 3310 1113 3379 sum'ptuOSa
1144 3325 1159 3361 :
1187 3307 1281 3363 Sed
1311 3312 1497 3363 Verum
1525 3315 1773 3364 ornatum
1812 3310 1867 3364 in

275 3400 514 3454 animam
544 3388 818 3466 inducere,
849 3404 904 3455 et
930 3410 1026 3470 per
1063 3399 1325 3455 bonorum
1353 3410 1575 3470 operum
1602 3401 1866 3456 actionem

271 3490 726 3563 pulchritudinem
748 3492 953 3548 animai
973 3482 1262 3560 illustrare,
1288 3500 1343 3548 et
1370 3502 1437 3548 ne
1461 3506 1523 3548 ea
1551 3504 1674 3564 qua!
1695 3494 1870 3565 suspi-

268 3585 343 3638 ci‘t
375 3582 528 3649 talia,
556 3584 867 3637 contemnat
892 3582 1044 3637 illam
1059 3581 1351 3650 sordidam,
1380 3582 1700 3652 squalidam,
1740 3592 1870 3654 pan-

271 3684 484 3742 nosam,
526 3670 844 3742 famelicam,
878 3675 1105 3745 geluque
1146 3668 1547 3744 rigescentem?
1569 3674 1683 3729 Hoc
1720 3676 1867 3731 enim

270 3767 510 3823 studium
550 3766 604 3822 in
644 3766 887 3822 eruando
933 3774 1162 3835 corpore
1212 3766 1405 3821 anima:
1443 3765 1643 3821 indicat
1690 3758 1869 3822 defor-

269 3866 538 3929 mna'tem,
570 3865 626 3916 et
653 3860 811 3932 hujus
840 3853 1047 3916 delicia:
1082 3860 1228 3914 illam
1260 3860 1401 3915 tame
1435 3858 1681 3915 laborare
1722 3860 1876 3915 c‘la're'

271 3951 596 4022 signiﬁcant,
639 3959 694 4006 et
735 3950 895 4021 hujus
924 3946 1157 4006 vestiam
1187 3955 1433 4021 sumptus
1461 3950 1601 4005 illius
1629 3951 1869 4006 declarat

273 4042 591 4100 nuditatem.
629 4030 768 4101 Fieri
795 4044 937 4099 enim
971 4056 1076 4098 non
1105 4044 1297 4113 pet‘es't,
1341 4050 1401 4097 ut
1441 4044 1533 4113 qui
1561 4043 1752 4097 animae
1775 4057 1868 4098 cu-

273 4144 385 4190 ram‘
414 4136 632 4201 habeat,
655 4133 879 4206 ejusque
906 4128 1353 4205 pulchritudinem
1383 4132 1588 4201 plurimi
1618 4133 1795 4200 l'acia‘t,
1821 4133 1867 4189 is

272 4235 499 4285 externo
527 4228 691 4284 cultui
733 4227 905 4283 inhiet
936 4244 951 4283 :
989 4226 1127 4283 sicut
1156 4225 1487 4296 impossibile
1518 4234 1602 4281 est
1636 4228 1866 4281 eitcrno

275 4321 348 4377 illi
373 4321 563 4388 cultui,
593 4316 817 4377 vestium
843 4316 1136 4391 splendori,
1166 4326 1331 4376 aureo
1368 4319 1582 4375 Ornatui
1624 4319 1863 4376 deditum

273 4410 414 4468 illius
441 4417 605 4485 agere
634 4416 841 4466 curam.
873 4411 1097 4479 Quando
1132 4410 1276 4466 enim
1314 4414 1495 4481 pesset
1521 4411 1696 4465 anima
1744 4412 1865 4467 talis

272 4502 477 4575 aliquid
499 4506 626 4560 utile'
668 4504 1053 4575 contemplari,
1095 4504 1179 4560 vel
1207 4504 1263 4558 in
1289 4503 1665 4574 cngitationem
1707 4505 1866 4575 spiri-

272 4597 491 4652 tualium
522 4597 741 4663 venire,
793 4602 914 4664 qua:
944 4595 1109 4651 semel
1134 4595 1359 4650 terrenis
1398 4595 1468 4649 ita
1495 4594 1677 4651 dedita
1703 4596 1866 4667 etrapit

269 4703 412 4757 esse,
443 4695 503 4745 et
526 4687 696 4753 humi,
725 4696 782 4742 ut
810 4687 882 4741 ita
902 4686 1076 4741 dicam
1098 4727 1113 4752 ,
1140 4690 1351 4758 reptare
1376 4726 1392 4752 ,
1421 4692 1551 4756 quae
1571 4691 1861 4758 numquam

267 4782 432 4850 caput
458 4778 702 4834 attollere
731 4786 937 4848 potest,
965 4777 1057 4833 sed
1091 4782 1256 4848 pruna
1288 4772 1581 4832 innumeris
1610 4783 1863 4849 peccato-

270 4878 391 4928 rum
420 4871 647 4927 sarcinis
676 4871 908 4941 seipsam
935 4872 1119 4942 gravat
1138 4860 1316 4924 illam
1338 4875 1467 4940 quat
1492 4869 1615 4925 inde
1636 4875 1872 4925 nascan-'

273 4975 357 5021 tur
385 4962 525 5020 mala
546 5005 562 5030 ,
586 4968 691 5018 non
723 4968 941 5033 possum
970 4977 1112 5018 nunc
1140 4969 1392 5018 sermone
1411 4960 1731 5033 cemplecti;
1763 4956 1859 5018 sed

270 5059 401 5113 satis
430 5066 514 5114 eSt
536 5065 608 5137 ut
622 5057 919 5128 relinquam
944 5055 1287 5145 censcientiae
1314 5066 1535 5123 eorum,
1576 5054 1665 5126 qui
1715 5054 1766 5110 in
1800 5056 1864 5109 iis

271 5148 515 5219 Occupati
538 5148 682 5216 sunt",
710 5155 936 5219 quantas
962 5144 1085 5202 inde
1105 5144 1442 5217 Quotidianas
1464 5144 1738 5202 molestias
1763 5164 1862 5201 ex-

272 5238 569 5308 periantur.
619 5238 829 5293 Etenim
871 5236 958 5292 vel
991 5230 1197 5308 aliquid
1233 5224 1433 5292 decidit
1469 5240 1535 5292 e'x
1568 5238 1734 5292 aureo
1771 5236 1863 5290 illo

269 5330 437 5396 cultu,
461 5340 515 5386 et
541 5345 730 5404 magna
755 5332 1046 5403 tempestas
1084 5334 1413 5401 magnusque
1456 5323 1716 5385 tumultus
1758 5324 1855 5385 oli-

268 5422 442 5478 oritur
469 5418 525 5479 in
554 5431 662 5480 tota
688 5422 883 5490 domo;
911 5421 995 5478 vel
1023 5414 1254 5478 famulus
1283 5421 1558 5491 surripuit,
1593 5425 1653 5477 et
1675 5420 1864 5476 omnes

270 5507 610 5584 ﬂagellantur
630 5525 684 5571 et
707 5514 1077 5581 verberantur,
1104 5524 1265 5585 atque
1298 5513 1350 5567 in
1378 5516 1654 5568 carcerem'
1686 5510 1862 5581 conji—

270 5607 520 5671 ciuntur;
551 5608 635 5665 vel
666 5607 830 5664 invidi
873 5607 1093 5678 quidam
1142 5604 1378 5662 insidiati
1428 5610 1554 5662 sunt
1605 5613 1659 5660 et
1687 5604 1864 5661 subito

271 5694 591 5769 spoli.:runt,
621 5714 683 5756 ac
712 5701 911 5756 multus
954 5700 1078 5755 hinc
1125 5692 1582 5768 intolerabilisque
1629 5700 1860 5761 meror;

271 5791 354 5846 vel
381 5807 567 5848 rerum
608 5791 909 5848 adversitas
946 5791 1199 5861 ingruens
1224 5792 1276 5845 in
1306 5790 1599 5847 cxtrerriam
1629 5788 1869 5860 inopiani

262 5883 516 5956 redegit.
550 5897 603 5943 et
627 5886 927 5956 graviorem"
965 5893 1139 5941 morte
1191 5885 1361 5939 vitam
1396 5882 1474 5938 eis
1519 5880 1731 5947 attulit;
1775 5878 1865 5937 vel

1217 444 1286 501 IN
1325 446 1477 503 CAP.
1525 445 1664 502 XVI.
1692 434 1937 503 GENES.

1983 442 2212 502 llOMlL.
2255 436 2542 504 XXXVI“.
3470 451 3578 509 550

1988 556 2132 617 aliud
2161 561 2415 632 quiddam
2439 562 2679 619 incidens
2708 562 2924 620 multam
2954 565 3221 621 tristitiam
3264 571 3488 637 peperit.
3514 569 3578 625 Et

1989 652 2041 708 in'
2085 658 2327 722 Summa,
2381 662 2670 725 numquam
2716 654 2957 713 invenies
3004 657 3236 713 animam
3278 659 3574 716 istiusmodi

1987 734 2149 799 rebus
2173 738 2460 813 addictam,
2485 744 2972 817 perturbationibus
2992 750 3272 819 expertem
3301 773 3316 804 ς
3350 750 3455 806 sed
3472 752 3576 806 sin-

1987 843 2043 890 ut
2106 833 2267 890 utaris
2317 834 2515 891 ﬂuctus
2566 840 2739 906 neque
2791 833 3023 894 deiicere
3074 840 3248 911 neque
3300 842 3571 897 tinniat-ari

1984 922 2207 996 queant,
2236 928 2449 997 semper
2468 926 2619 983 novis
2647 928 3126 995 suect‘escentibus‘,
3146 930 3215 985 ita
3238 931 3573 988 turbationes

1985 1015 2108 1073 inde
2133 1016 2371 1073 orientes
2401 1024 2559 1073 nemo
2590 1019 2960 1075 dinunterarit.
2990 1018 3130 1086 Ideo,
3178 1021 3434 1089 obsecro,
3490 1020 3574 1078 tu-

1981 1112 2189 1179 giamus
2215 1111 2268 1165 in
2296 1111 2544 1167 erunibus
2567 1111 2727 1168 rebus
2757 1108 2987 1170 habendi
3005 1114 3348 1186 cupiditatem
3368 1120 3421 1172 et
3440 1116 3574 1173 usui

1983 1212 2284 1259 excessum.
2314 1192 2468 1260 Vere
2494 1205 2637 1262 enim
2662 1206 2860 1262 divitia:
2887 1216 3012 1262 sunt
3035 1214 3090 1264 et
3119 1209 3450 1266 inexhaustae
3492 1206 3571 1265 la;

1980 1282 2208 1352 cultates
2226 1324 2247 1364 ς
2269 1294 2583 1354 desiderare
2614 1301 2821 1355 tantum
2845 1304 3097 1370 quantum
3129 1300 3246 1356 usui
3275 1300 3409 1356 satis
3425 1302 3531 1357 sint
3549 1343 3567 1367 ,

1981 1392 2039 1441 et
2064 1400 2128 1442 ea
2165 1401 2284 1455 qua:
2326 1402 2481 1444 usum
2511 1388 2809 1454 excedunt,
2855 1382 3000 1446 recte
3027 1386 3358 1460 dispensare.
3382 1385 3569 1462 Neque

1980 1476 2120 1531 enim
2143 1472 2231 1533 ille
2248 1479 2338 1549 qui
2366 1471 2466 1534 hoc
2492 1475 2639 1546 facit,
2668 1479 2903 1550 inepiam
2933 1480 3121 1536 timere
3148 1480 3363 1551 poterit,
3392 1486 3569 1552 neque

1980 1568 2281 1639 molestiam
2326 1568 2648 1638 sustinebit,
2694 1586 2869 1643 neque
2911 1572 3265 1627 turbationem
3312 1573 3505 1629 sentiet
3546 1590 3564 1627 :

1978 1659 2071 1715 sed
2098 1672 2153 1715 et
2178 1662 2327 1716 extra
2366 1663 2684 1717 calumniam
2711 1662 2813 1718 erit
2834 1703 2849 1729 ,
2898 1666 2953 1719 ct
2979 1662 3291 1719 liberabitur
3325 1652 3397 1718 ab
3424 1663 3556 1718 initia

1977 1750 2269 1819 diatrtibus,
2312 1761 2477 1822 atque
2521 1760 2579 1807 ut
2622 1753 2927 1809 summatim
2972 1752 3178 1821 dieam‘,
3204 1753 3257 1808 in
3306 1758 3561 1824 perpetua

1978 1843 2359 1915 tranquillitate
2380 1844 2483 1900 erit
2499 1884 2515 1911 ,
2538 1850 2592 1900 et
2615 1840 2795 1915 quiete
2810 1842 3031 1915 otioque
3056 1843 3259 1900 fruetur
3287 1863 3300 1898 :
3329 1848 3395 1901 ac
3418 1843 3561 1917 quod

1976 1932 2146 2003 majus
2162 1937 2245 1989 est
2266 1932 2537 1999 munibus,
2556 1934 2819 2004 capthue
2841 1933 3124 2000 bunomm,
3155 1935 3318 1990 Deum
3347 1934 3564 1991 habebit

1974 2025 2295 2095 propitium,
2320 2020 2379 2079 et
2400 2028 2631 2095 superna
2678 2024 2883 2080 fruetur
2903 2024 3110 2095 gratia,
3162 2026 3345 2095 inpete
3387 2022 3561 2082 ms

1975 2115 2144 2173 factus
2169 2115 2506 2186 dispensator
2525 2117 2872 2187 pecuniarum
2897 2114 3125 2171 Demitti.
3153 2115 3343 2172 Beatus
3391 2116 3557 2181 enim,

1975 2210 2165 2281 inquit,
2191 2214 2365 2265 servus
2388 2205 2475 2264 ille
2496 2251 2513 2278 ,
2539 2212 2822 2279 quamcum"
2850 2208 3041 2262 verterit
3062 2207 3297 2263 ﬂamina:
3313 2249 3330 2275 ,
3349 2198 3560 2263 imae-

1973 2302 2037 2354 rit
2066 2301 2139 2355 sic
2164 2301 2435 2371 facientem
2478 2298 2630 2371 (an.
2662 2298 2745 2354 l2.
2790 2296 2885 2371 45)
2905 2336 2920 2364 ,
2963 2300 3021 2354 ει·
3042 2298 3127 2354 Sid
3161 2298 3556 2369 disperit-tantem

1972 2395 2267 2461 conservis,
2299 2402 2355 2448 et
2379 2398 2487 2449 non
2509 2392 2686 2463 ianuis
2708 2392 3053 2462 v'ectibusqne
3080 2391 3435 2447 includentem
3460 2431 3477 2459 ,
3505 2398 3561 2447 et

1973 2486 2242 2542 vermibus
2268 2488 2451 2541 eScaui
2477 2484 2591 2539 fieri
2626 2484 3023 2554 permittentem
3049 2499 3063 2537 :
3093 2483 3188 2538 scd
3208 2483 3425 2553 inopem
3455 2483 3562 2538 min-

1973 2578 2167 2634 seriam
2192 2575 2569 2632 sublevantem
2591 2618 2605 2643 ,
2634 2572 2940 2645 bonumque
2965 2572 3019 2630 et
3045 2573 3254 2630 ﬁdelem
3281 2573 3561 2644 dispensa-

1975 2679 2143 2726 torem
2168 2669 2363 2725 factum
2390 2683 2575 2726 eorum
2595 2674 2714 2739 quat
2739 2684 2771 2724 a
2801 2666 3028 2724 Domine
3047 2662 3383 2738 suppeditata
3400 2669 3559 2723 sunt:

1974 2771 2032 2818 ut
2053 2764 2107 2818 et
2128 2762 2365 2834 pulchra:
2383 2762 2541 2832 hujus
2559 2761 2977 2831 dispensationis
2991 2760 3239 2830 magnam
3258 2758 3558 2816 mercedem

1971 2853 2205 2927 assequi,
2238 2862 2295 2910 et
2316 2854 2574 2925 promissa
2619 2852 2757 2908 bona
2802 2851 3049 2907 obtinere
3073 2852 3362 2917 mereatur,
3390 2852 3556 2922 gratia

1970 2954 2027 3004 et
2050 2946 2375 3017 benignitate
2417 2944 2625 3000 Domini
2670 2942 2841 2999 nostri
2893 2941 3018 2999 Jrsu
3044 2938 3281 3010 Christi,
3313 2942 3396 2997 cui
3435 2946 3561 2997 cum

1971 3041 2129 3097 Patre
2149 3047 2211 3096 et
2234 3042 2419 3096 saneto
2446 3030 2647 3110 Spiritu
2674 3036 2745 3093 sit
2782 3036 2949 3108 gleria
2966 3078 2981 3103 ,
3010 3034 3315 3106 imperium,
3362 3033 3556 3098 mmor,

1972 3130 2112 3188 nunc
2139 3132 2195 3188 e’t'
2221 3140 2458 3202 semper,
2484 3136 2544 3186 et
2573 3131 2625 3185 in
2656 3128 2848 3186 sareuia
2873 3127 3213 3183 saeclorum.
3255 3127 3448 3182 Amen.

2457 3228 2738 3298 llOillLM
2776 3231 3069 3295 XXXVIII.

1975 3335 2110 3392 Sara
2133 3344 2337 3401 autent,
2366 3350 2497 3402 uxor
2517 3331 2727 3397 Abram,
2755 3348 2857 3385 non
2889 3331 3079 3402 peperit
3110 3330 3168 3402 ei
3187 3346 3206 3385 :
3232 3314 3560 3402 sedi/iubebat

2044 3405 2284 3460 ancillam
2325 3395 2667 3476 Egyptiam,
2704 3395 2903 3457 nomine
2932 3395 3071 3472 Agar
3103 3399 3252 3472 (Gen.
3285 3398 3377 3456 {6‘4
3410 3399 3480 3473 Ι).

2046 3520 2095 3575 1.
2142 3512 2315 3574 Etiam
2337 3514 2595 3572 hodierna
2621 3512 2780 3573 lectio
2821 3500 3054 3586 linguam
3089 3514 3328 3568 nostram
3380 3504 3556 3568 denuo

1971 3614 2025 3668 in
2056 3604 2366 3669 memoriam
2391 3610 2703 3684 patriarcha:
2726 3618 2879 3685 ruent
2908 3626 2921 3661 :
2955 3622 3128 3678 neque
3156 3622 3250 3661 vos
3275 3604 3558 3661 admiratio

1973 3712 2170 3771 teneat,
2199 3702 2338 3774 quod
2368 3719 2490 3759 cum
2518 3710 2595 3756 tot
2622 3699 2809 3757 diebus
2838 3696 3112 3754 hister'tam
3133 3695 3372 3769 eiusdem
3402 3694 3557 3753 toties

1973 3800 2024 3856 in
2079 3787 2311 3855 medium
2364 3795 2704 3851 attulerimus
2726 3834 2742 3862 ,
2772 3808 2872 3849 nec
2900 3791 3059 3848 hodie
3102 3791 3246 3846 illam
3275 3790 3556 3847 absolvere

1974 3891 2322 3964 potuerimus.
2353 3880 2537 3959 Magna
2556 3887 2704 3942 enim
2725 3885 2883 3956 copia
2928 3892 3011 3939 est
3042 3882 3295 3938 virtutum
3313 3883 3442 3954 justi
3467 3925 3482 3951 ,
3505 3881 3562 3938 et

1971 3983 2163 4040 eximia
2189 3986 2314 4036 Sunt
2338 3976 2479 4035 illius
2505 3979 2642 4034 bona
2669 3991 2853 4047 opera,
2883 3967 3021 4030 adeo‘
3046 3972 3101 4028 ut
3127 3988 3340 4028 omnem
3370 3971 3557 4027 huma-

1970 4082 2094 4130 nam
2116 4074 2346 4145 linguam
2370 4071 2601 4125 vincant.
2630 4066 2798 4137 Quem
2820 4064 2961 4121 enim
2982 4051 3119 4119 Deus
3145 4066 3376 4133 s'uperne
3401 4064 3555 4119 cor'o-

1971 4167 2116 4222 navit
2145 4175 2201 4221 et
2227 4164 2496 4221 celebrem
2525 4160 2669 4225 fecit,
2700 4158 2821 4230 quis
2853 4146 3129 4213 hominum
3155 4154 3313 4225 digne
3340 4153 3559 4210 laudare

1968 4248 2211 4330 poterit?
2236 4254 2505 4321 Attamen,
2535 4251 2635 4309 etsi
2661 4250 2818 4321 longe
2842 4243 3123 4304 inferiores
3147 4244 3328 4333 sumus
3346 4287 3362 4312 ,
3394 4244 3555 4315 quam

1970 4356 2261 4420 exposcam
2315 4346 2457 4401 illius
2506 4343 2719 4410 merita,
2748 4354 2844 4412 pro
2879 4337 3076 4394 nostris
3125 4336 3311 4423 saltem
3336 4336 3556 4399 viribus“,

1969 4459 2089 4514 qua;
2115 4441 2183 4497 de
2230 4440 2323 4495 illo
2364 4432 2560 4508 scripta
2592 4436 2715 4491 Sunt
2765 4433 2819 4488 in
2870 4423 3103 4514 medium
3154 4428 3460 4489 atterentes,
3490 4427 3565 4482 ad'

1970 4512 2331 4592 annulandum
2354 4541 2414 4588 et
2438 4527 2752 4585 imitandum
2771 4522 3020 4581 virtutem
3043 4512 3191 4578 illius
3203 4520 3562 4578 vosind'ucél‘e

1969 4630 2232 4697 cupimus.
2254 4623 2463 4681 Sufﬁcit
2489 4621 2632 4678 enim
2660 4618 2817 4689 hujus
2841 4616 2936 4673 viri
2961 4606 3294 4687 philosophia
3313 4611 3378 4667 ad
3401 4614 3563 4667 omne

1971 4718 2247 4774 hominum
2277 4730 2447 4788 genus
2470 4706 2828 4771 erudiendum
2853 4751 2868 4776 ,
2898 4716 2953 4764 et
2992 4704 3060 4762 ad
3104 4702 3418 4761 alliCiendOs
3466 4704 3562 4757 ens

1968 4809 2060 4889 qui
2105 4798 2388 4881 diligenter
2433 4806 2767 4868 auscultant,
2810 4810 2870 4856 ut
2903 4796 3091 4889 ineant
3138 4794 3354 4889 virtutis
3395 4794 3557 4889 viam.

1970 4876 2235 4956 émterum
2265 4896 2491 4952 ohsccro
2512 4902 2571 4949 ut
2599 4888 2882 4949 attendatis
2912 4882 2995 4944 liis
3018 4890 3137 4958 qua:
3162 4876 3429 4951 dicuntur,
3453 4886 3562 4955 que‘

1969 4996 2128 5053 liceat
2164 4993 2327 5048 etiam
2359 5005 2424 5045 ex
2458 4998 2625 5058 nuper
2653 4984 2806 5041 lectis
2826 4981 2953 5055 justi
2987 4978 3383 5053 philosophiam
3405 4969 3564 5033 addi-

1971 5104 2138 5147 scere.
2158 5087 2342 5143 Potest
2369 5081 2511 5139 enim
2539 5078 2628 5135 hic
2652 5078 2802 5134 locus
2831 5074 3027 5132 docere
3052 5082 3106 5128 et
3130 5073 3283 5127 vires‘
3300 5074 3353 5124 ct
3369 5058 3559 5124 mulie-

1969 5198 2078 5249 res,
2102 5188 2157 5235 ut
2185 5191 2373 5247 magna
2405 5174 2544 5230 inter
2587 5185 2647 5227 se
2671 5162 2955 5226 concordia
2987 5165 3202 5229 vivant,
3230 5164 3285 5218 e't
3328 5160 3561 5251 ῥοῆῙυῖζῆ

1970 5274 2239 5333 vinculum
2267 5262 2639 5326 indissolutum
2667 5266 2884 5319 servent
2909 5275 2924 5314 :
2955 5268 3197 5329 etneque
3228 5254 3566 5324 vir'insurga‘t

1972 5370 2232 5426 adversus
2262 5363 2572 5428 mulierem,
2605 5358 2700 5416 sed
2725 5366 2785 5413 ut
2816 5354 2928 5411 vasi
2977 5348 3256 5409 inlirmidri
3283 5346 3360 5424 (ὰ)
3391 5349 3565 5418 majo-

1971 5478 2087 5520 rem
2120 5460 2193 5517 illi
2226 5457 2441 5515 veniam
2467 5454 2696 5520 tr'diuat;
2736 5465 2913 5520 neque
2937 5434 3131 5503 mulier
3167 5444 3281 5499 viro
3306 5444 3367 5499 s’e
3388 5441 3561 5512 oppo-

1972 5565 2086 5624 nat,
2110 5562 2200 5609 aut
2220 5551 2287 5607 ab
2312 5565 2378 5606 eo
2406 5546 2683 5613 dissideat,
2717 5542 2813 5599 sed
2838 5550 2895 5597 ut
2918 5537 3154 5594 vicissim
3182 5535 3318 5592 alter
3341 5530 3565 5617 alterius

1974 5614 2137 5704 onera
2173 5640 2311 5701 ferre
2351 5646 2590 5704 certent,
2611 5628 3071 5702 domesticamque
3101 5624 3287 5701 pacem
3316 5614 3569 5682 omnibus

2037 5760 2112 5822 (α)
2143 5759 2217 5808 sic
2238 5760 2291 5806 et
2312 5751 2568 5822 mascula
2599 5749 2833 5822 Monii
2879 5743 3116 5822 muliere?

1978 5805 2226 5872 vocantur.
2249 5805 2381 5880 Apud
2404 5805 2585 5865 Li‘vium
2606 5814 2772 5865 autem
2813 5806 3116 5870 ceterosque
3141 5805 3392 5855 historicos
3411 5805 3560 5858 impc—

1974 5884 2189 5936 dimenta
2221 5877 2545 5944 appellantur.
