4060 6420
481 414 586 468 TIBI

497 528 647 582 bouis
671 527 970 596 prazfct‘aut.
1000 527 1068 578 At
1088 537 1262 592 opera:
1287 521 1516 590 pretium
1541 518 1702 574 fuerit
1718 517 1900 572 audire
1917 513 2077 570 verba

497 617 632 686 ipsa,
666 627 722 673 ut
755 619 845 671 ﬁat
869 617 1024 671 nobis
1065 613 1310 669 doctrina
1349 610 1700 665 manifestior.
1730 611 1781 664 1.
1816 608 1951 664 Sara
1989 623 2082 660 au-

493 717 609 774 tem,
643 708 833 778 inquit,
859 723 986 760 uxor
1013 705 1164 760 Abra:
1181 721 1281 758 non
1309 702 1500 774 peperit
1525 702 1569 756 ei
1599 718 1617 756 :
1659 709 1893 754 eceteram
1930 699 2083 753 liabe-

491 797 574 850 bat
603 799 843 850 ancillam
872 794 1180 866 rEggptiam
1203 833 1219 861 ,
1250 793 1331 847 cui
1366 809 1544 846 nomen
1590 791 1750 862 Agar.
1773 789 1910 860 (cap.
1968 788 2079 858 16).

564 888 719 943 Fides
739 889 956 943 [lbra/ue
981 896 1191 958 quanta.
1218 915 1290 926 —
1306 882 1621 949 Considera,
1655 881 1954 946 carissime,
1979 880 2082 934 hoc

492 977 611 1032 loco
667 977 987 1034 ineﬁ'abilem
1019 977 1112 1031 Dei
1144 974 1476 1030 tolerantiam
1517 981 1570 1027 et
1614 971 1866 1028 eximiam
1922 969 2079 1024 ﬁdem

489 1082 807 1140 gratumque
834 1071 1082 1142 animum.
1097 1069 1248 1139 justi,
1273 1083 1432 1138 quem
1458 1067 1596 1121 datis
1631 1065 1732 1120 sibi
1766 1064 2080 1135 promissio-

493 1163 648 1217 nibus
665 1161 972 1216 declaravit.
1004 1159 1134 1215 Cum
1161 1159 1300 1214 enim
1323 1159 1478 1212 toties
1502 1157 1829 1227 promisisset
1857 1155 1999 1210 Deus
2023 1169 2081 1209 se

490 1251 739 1306 daturum
770 1251 961 1307 semini
991 1251 1106 1320 ejus
1130 1259 1347 1317 terram,
1370 1259 1423 1304 et
1451 1249 1504 1302 in
1532 1257 1677 1302 tanto
1697 1247 2080 1318 multiplicatu-

490 1357 608 1398 rum
637 1359 860 1398 numero
882 1385 896 1407 ,
927 1354 985 1396 ut
1011 1342 1334 1398 multitudini
1363 1341 1635 1397 stellarum
1658 1340 2030 1411 ad.cquaretur
2059 1357 2074 1394 ;

489 1433 674 1488 videns
698 1433 898 1487 nullam
927 1433 1336 1504 promissionem
1368 1447 1532 1503 opere
1568 1432 1798 1503 impleri,
1827 1446 1990 1502 seque
2016 1447 2081 1486 ex

492 1526 933 1594 promissionibus
955 1525 1082 1580 nihil
1110 1534 1466 1597 prrcterquam
1495 1525 1655 1580 verba
1682 1525 1943 1594 accipere,
1974 1539 2078 1577 non

489 1616 803 1671 turbabatur
853 1617 1079 1684 ratione,
1111 1631 1217 1671 non
1271 1615 1711 1672 commovebatur
1756 1623 1959 1682 mente,
1986 1614 2080 1669 sed

491 1708 683 1761 mansit
706 1708 958 1762 immotus
980 1717 1034 1762 et
1056 1707 1300 1774 inflexus,
1323 1708 1548 1763 credens
1583 1709 1833 1779 potentia:
1856 1709 2080 1778 promit-

492 1798 670 1853 tentis.
714 1798 777 1852 Et
803 1798 1002 1854 idcirco
1027 1799 1185 1854 etiam
1208 1798 1295 1854 hic
1340 1799 1390 1854 id
1435 1799 1752 1870 signiﬁcavit
1805 1801 2078 1870 Scriptura

489 1889 666 1945 divina
690 1889 874 1944 dicens
907 1891 1084 1946 :Sara
1127 1902 1329 1956 autent,
1364 1908 1492 1946 uxor
1518 1893 1666 1947 Alme
1687 1933 1704 1960 ,
1747 1910 1847 1948 non
1891 1897 2082 1966 peperit

487 1981 551 2045 ei,
577 1982 725 2050 quasi
755 1982 856 2036 hoc
881 1981 1033 2037 nobis
1053 1982 1334 2038 declarans
1366 2001 1379 2037 :
1405 1984 1531 2038 Post
1559 1984 1673 2040 haec
1711 1987 1891 2041 omnia
1912 2028 1929 2053 ,
1961 1997 2081 2057 post

489 2082 638 2142 pacta
675 2089 796 2129 cum
849 2090 914 2130 eo
954 2075 1105 2143 inita,
1134 2086 1256 2146 post
1297 2077 1736 2146 pollicitationem
1785 2079 2080 2136 innumera:

487 2167 839 2223 mult‘tudinis
865 2184 928 2224 ex
961 2184 1025 2225 eo
1048 2169 1393 2240 procreanda:
1411 2170 1542 2225 nihil
1563 2172 1851 2228 ﬂuctuabat
1870 2187 2077 2239 secum,

487 2260 674 2315 videns
695 2261 824 2316 nihil
853 2262 1117 2317 dictorum
1141 2278 1305 2333 opere
1335 2264 1544 2334 impleri
1572 2308 1587 2333 ,
1615 2264 1710 2321 sed
1738 2267 1916 2320 omnia
1945 2282 2080 2321 con-

487 2353 650 2407 trario
707 2354 866 2409 modo
916 2368 1036 2410 sese
1091 2354 1304 2411 habere.
1357 2357 1648 2427 Propterea
1685 2358 1816 2414 dicit
1843 2371 1960 2429 post
1990 2360 2077 2414 illa

487 2445 683 2510 omnia,
715 2444 872 2512 Sara,
903 2462 1032 2500 uxor
1059 2447 1187 2516 eius,
1218 2464 1319 2501 non
1348 2449 1541 2518 peperit
1573 2450 1619 2502 ei
1645 2466 1662 2503 :
1694 2457 1752 2502 ut
1787 2449 1964 2506 discas
1993 2451 2076 2504 ni-

489 2532 558 2586 hil
585 2534 658 2588 illi
687 2537 978 2592 accessisse
1007 2545 1126 2607 post
1157 2546 1330 2592 tantas
1363 2538 1744 2607 promissiones
1765 2583 1777 2606 ,
1811 2542 1908 2594 etsi
1938 2541 2079 2610 quod

488 2624 620 2680 Sara
661 2628 861 2682 sterilis
899 2637 952 2683 et
988 2638 1140 2684 utero
1169 2637 1413 2684 emortuo
1438 2639 1576 2685 esset
1605 2673 1620 2698 ,
1654 2631 1704 2685 in
1750 2643 1929 2688 mente
1951 2633 2079 2702 jUsli

488 2718 706 2772 multam
738 2718 1126 2774 haesitationem
1160 2720 1475 2791 ingenerare
1513 2733 1712 2792 posset.
1747 2723 1940 2779 Verum
1985 2740 2074 2794 pa-

487 2809 719 2864 triarcha
749 2826 854 2864 non
885 2811 1162 2880 spectabat
1190 2811 1256 2866 ad
1289 2812 1666 2882 impedimenta
1715 2824 1956 2882 natura};
1984 2815 2079 2870 scd

486 2902 800 2970 sapientiam
841 2901 1049 2957 Domini
1077 2917 1409 2974 cognoscens
1431 2945 1444 2967 ,
1477 2905 1566 2975 qui
1592 2921 1712 2960 cum
1744 2915 1948 2962 naturae
1975 2908 2077 2963 l‘o-

488 2994 663 3048 minus
691 3002 747 3049 et
769 2994 1028 3050 Conditor
1049 2997 1138 3062 sit,
1167 2995 1305 3050 viam
1337 2996 1391 3050 in
1419 2997 1574 3051 inviis
1603 3007 1778 3067 potest
1804 2999 2043 3055 invenire
2061 3042 2077 3066 ,

487 3086 623 3141 sicut
646 3096 828 3158 gratus
854 3102 1041 3144 servus
1071 3105 1178 3144 non
1209 3089 1398 3160 qumrit
1429 3091 1870 3146 curiosemodum
1893 3107 2079 3147 eorum

483 3191 607 3246 qua:
654 3176 818 3244 ﬁunt,
870 3177 962 3233 sed
1005 3177 1261 3248 relinquit
1303 3179 1825 3248 iucompreheusibili
1869 3181 2080 3237 Domini

488 3266 858 3336 providentiae,
890 3276 944 3322 et
978 3267 1203 3322 credidit
1249 3269 1423 3324 dicis.
1465 3270 1666 3326 Idcirco
1696 3271 1866 3342 inquit
1896 3290 1911 3326 :
1945 3272 2082 3328 Sara

487 3367 676 3424 autem,
707 3366 828 3428 post
872 3365 1045 3414 tantas
1090 3359 1496 3429 promissiones,
1522 3378 1621 3416 non
1652 3364 1843 3432 peperit
1864 3365 1929 3418 ei.
1970 3363 2082 3418 Ha-

486 3447 626 3502 bebat
654 3458 823 3502 autem
847 3450 1087 3504 ancillam
1117 3448 1442 3522 AE'gyptiam,
1463 3453 1544 3505 cui
1569 3469 1752 3507 nomen
1775 3453 1933 3525 Agar.
1961 3453 2079 3509 Non

493 3539 697 3611 absque
733 3555 894 3596 causa
921 3542 1081 3596 etiam
1121 3542 1223 3596 boc
1249 3542 1369 3597 loco
1402 3534 1686 3614 "Scriptura
1716 3543 1896 3600 divina
1927 3547 2081 3601 nobis

488 3633 694 3686 ancill-.e
715 3633 1027 3687 memoriam
1051 3633 1195 3700 fecit,
1225 3633 1318 3689 sed
1348 3646 1401 3690 ut
1427 3636 1657 3691 sciamus
1678 3636 1817 3691 unde
1835 3636 2083 3693 habuerit

491 3723 655 3776 illam.
690 3722 823 3778 Nam
851 3722 1050 3778 idcirco
1076 3724 1271 3794 adjecit
1293 3740 1410 3780 eam
1433 3725 1738 3797 Egyptiam
1756 3741 1895 3796 esse,
1928 3737 1986 3784 ut
2013 3729 2079 3784 ad

489 3817 819 3886 superiorem
847 3816 1124 3873 historiam
1152 3833 1522 3885 recurramus;
1550 3821 1690 3890 quod
1713 3837 1905 3891 nempe
1923 3822 2082 3878 fuerit

487 3923 555 3965 ex
587 3925 809 3966 numero
832 3926 1017 3966 eorum
1046 3926 1163 3982 qua:
1178 3911 1384 3967 Pharao
1401 3912 1557 3967 Abra:
1576 3913 1889 3983 donaverat,
1912 3931 2083 3986 quan-

489 4000 561 4056 do
586 4012 730 4057 tanta
761 4003 961 4059 ultione
989 4003 1057 4058 ab
1082 4004 1320 4060 omnium
1351 4004 1458 4060 Deo
1476 4006 1675 4074 potitus
1700 4017 1802 4074 est,
1831 4009 2080 4079 quodque

491 4090 767 4148 redeundo
797 4091 935 4149 hanc
981 4095 1250 4164 acceperit
1274 4094 1423 4150 Sara.
1465 4095 1713 4151 Studiose
1751 4099 1892 4152 enim
1924 4099 2080 4154 nobis

490 4192 546 4238 et
576 4199 769 4240 nomen
799 4194 853 4240 et
877 4193 1089 4256 gentem
1115 4185 1429 4256 signiﬁcavit
1455 4188 1633 4242 divina
1653 4189 1947 4259 Scriptura.
1977 4191 2079 4247 Ve-

490 4292 608 4331 rum
637 4277 859 4332 ulterius
879 4278 966 4332 hic
989 4279 1292 4345 considera,
1315 4281 1585 4349 quomodo
1611 4281 1758 4337 Sane
1785 4299 1936 4338 mens
1963 4284 2080 4354 phi-

491 4368 779 4438 losopliicis
807 4369 1026 4440 prmdita
1049 4369 1201 4426 fuerit
1221 4373 1480 4440 moribus,
1507 4381 1560 4428 ct
1579 4375 1767 4429 mirum
1789 4377 1838 4430 in
1863 4377 2079 4432 modum

489 4460 783 4524 continens,
817 4469 975 4531 atque
1003 4476 1159 4530 quam
1182 4462 1339 4518 fuerit
1368 4465 1481 4535 ipse
1508 4467 1896 4534 patriarchailli
1918 4469 2078 4524 obse-

491 4565 660 4620 quens
688 4561 740 4605 et
766 4551 908 4606 dicto
938 4552 1178 4608 audiens.
1206 4553 1262 4608 2.
1289 4554 1431 4608 Dixit
1467 4565 1635 4610 autem
1665 4558 1799 4612 Sara
1821 4602 1835 4626 ,
1871 4561 2040 4631 inquit
2059 4603 2074 4628 ,

491 4643 638 4698 Abra:
663 4645 712 4698 in
743 4655 877 4698 terra
919 4644 1164 4700 Chanaan
1196 4662 1216 4700 :
1247 4644 1378 4700 Ecce
1405 4649 1650 4702 conclusit
1682 4667 1758 4705 me
1785 4651 2036 4708 Dominus
2057 4696 2074 4721 ,

489 4755 548 4792 ne
575 4754 802 4808 parerem
827 4754 847 4790 :
875 4737 1134 4808 ingredere
1167 4738 1323 4807 igitur
1349 4739 1418 4792 ad
1449 4738 1688 4793 ancillam
1723 4758 1905 4810 meam,
1937 4754 1990 4798 ut
2016 4761 2081 4800 ea:

490 4849 548 4886 ea
575 4833 765 4901 prolem
795 4833 1064 4903 suscipias.
1122 4832 1257 4888 Vide
1285 4833 1526 4888 mulieris
1553 4835 1890 4904 probitatem.
1938 4836 2080 4893 Nihil

488 4923 592 4978 tale
618 4923 772 4990 dixit,
793 4925 950 4994 quale
976 4923 1210 4994 posthaec
1230 4924 1430 4980 Rachel
1461 4925 1631 4996 inquit
1662 4926 1727 4981 ad
1757 4926 1924 4982 Jacob
1953 4945 1967 4982 :
2000 4929 2080 4983 Da

486 5015 612 5068 mihi
639 5015 810 5084 filios;
838 5016 1037 5086 quodsi
1079 5017 1262 5081 minus,
1296 5019 1486 5072 morior
1523 5034 1613 5088 ego
1659 5019 1812 5090 (Gen.
1858 5021 1948 5075 30.
2003 5023 2075 5092 Ι).

486 5105 596 5161 Sed
645 5106 771 5176 quid
810 5107 976 5162 dicit?
1003 5107 1134 5161 Ecce
1175 5107 1421 5163 conclusit
1460 5126 1540 5163 me
1576 5109 1852 5176 Dominus,
1882 5129 1944 5165 ne
1981 5130 2079 5183 pa-

486 5215 669 5252 rerem.
727 5199 794 5254 Et
837 5201 982 5270 quia,
1038 5201 1226 5271 inquit,
1279 5203 1518 5258 sterilem
1570 5219 1657 5258 me
1705 5204 1830 5260 fecit
1876 5215 2079 5262 natura:

484 5290 766 5362 Conditor,
795 5303 849 5347 et
875 5294 1100 5363 privavit
1129 5310 1214 5349 me
1246 5294 1472 5351 ﬁliorum
1495 5299 1865 5366 procreatione
1885 5341 1899 5364 ,
1927 5310 1985 5354 ut
2011 5315 2079 5356 ne

488 5393 708 5454 propter
733 5399 907 5439 meam
933 5386 1266 5440 sterilitatem
1289 5429 1302 5450 ,
1327 5401 1449 5442 cum
1479 5388 1528 5442 in
1549 5398 1844 5444 extremam
1866 5392 2079 5446 veneris

488 5483 778 5539 senectam,
808 5483 992 5544 postea
1019 5490 1240 5530 maneas
1266 5476 1466 5546 absque
1493 5476 1692 5540 liberis,
1711 5477 1986 5549 Ingredere
2009 5482 2078 5534 ad

490 5563 735 5616 ancillam
766 5581 950 5627 meam,
978 5575 1032 5618 ut
1071 5581 1134 5620 ea:
1163 5582 1222 5618 ea
1247 5567 1382 5633 ﬁlios
1414 5583 1663 5636 procrees.
1706 5568 1973 5639 Multiplex
2024 5582 2078 5625 et

493 5653 774 5708 iueffahilis
799 5655 1036 5710 mulieris
1057 5657 1314 5726 probitas.
1346 5659 1476 5724 Qum
1515 5659 1658 5713 enim
1687 5676 1939 5731 umquam
1969 5677 2078 5716 mu-

488 5743 588 5799 lier
631 5742 738 5797 hoc
787 5744 1074 5798 sustineret
1124 5745 1334 5811 facere,
1365 5747 1450 5802 vel
1495 5750 1609 5804 viro
1653 5751 1953 5820 consulere,
1994 5753 2076 5809 vel

487 5833 695 5892 aucillm
718 5833 987 5904 conjngali
1019 5843 1138 5889 toro
1160 5834 1352 5894 cedere
1376 5839 1400 5893 ?

1239 407 1292 461 S.
1335 402 1615 460 JOAN'NIS
1651 397 2127 458 CHRYSOSTOMI
2169 394 2484 453 ARCHIEP.
2528 389 3060 449 CONSTANTINOP.
3669 397 3768 452 ὅδε

2264 503 2514 560 c.Mlidisti
2546 503 2812 575 quomodo
2843 503 2910 558 ab
2945 503 3088 559 omni
3123 503 3403 562 affectione
3427 505 3625 562 fuerint
3647 511 3770 566 alie-

2194 597 2244 650 ni
2265 597 2288 650 ἲ
2313 597 2457 652 Unus
2484 606 2596 651 erat
2618 596 2696 651 eis
2724 611 2938 667 scepus,
2963 612 3028 652 ne
3051 597 3254 670 absque
3283 598 3462 654 liberis
3476 600 3598 656 hinc
3618 602 3769 658 dece-

2187 689 2378 744 derent
2403 705 2418 755 ;
2449 689 2543 746 sed
2568 691 2880 760 spectabant
2904 691 3171 761 quomodo
3199 693 3360 747 etiam
3398 693 3542 749 illinc
3580 709 3768 750 conso-

2190 781 2444 837 lationem
2471 783 2807 852 acquirerem
2828 825 2843 849 ,
2871 793 2924 838 et
2950 783 3318 839 iudissolubile
3341 785 3483 854 pacis
3511 786 3768 843 vinculum

2192 884 2490 930 servarent.
2542 874 2777 930 Observa
2815 875 2960 930 enim
3015 874 3100 929 hic
3153 876 3468 944 patriarclue
3519 877 3769 947 insignem

2187 966 2591 1031 continentiam,
2607 965 3078 1035 admirabilemque
3098 967 3582 1023 manSUetudinem.
3600 968 3770 1038 Neque

2188 1059 2332 1112 enim
2354 1058 2595 1128 asperior
2623 1056 2720 1111 fuit
2750 1058 2922 1122 uxori,
2955 1057 3096 1128 quod
3139 1058 3339 1112 liberos
3380 1073 3481 1112 non
3533 1059 3768 1126 haberet,

2188 1158 2244 1204 ut
2279 1149 2590 1220 insipientes
2617 1150 2857 1204 nonnulli
2880 1167 2895 1216 ;
2928 1167 3100 1221 neque
3121 1166 3273 1206 amor
3301 1151 3416 1222 ejus
3443 1167 3568 1222 erga
3596 1155 3772 1209 mulie-

2187 1256 2302 1296 rem
2329 1241 2638 1296 inminutus
2668 1253 2768 1296 eSt.
2803 1241 2962 1297 Scitis
2989 1243 3153 1308 enim,
3182 1244 3338 1314 plane
3387 1245 3534 1299 scitis
3584 1247 3770 1302 multos

2188 1333 2325 1388 hanc
2353 1333 2689 1403 potissimum
2720 1334 2790 1389 ob
2819 1349 3032 1389 causam
3061 1335 3312 1390 mulieres
3328 1334 3621 1406 despicere,
3643 1340 3768 1395 sicut

2186 1424 2256 1481 ob
2279 1425 2600 1480 contrariam
2625 1424 2895 1481 adamare.
2947 1426 3240 1495 Utrumque
3271 1427 3462 1481 stolide
3487 1436 3542 1482 et
3584 1429 3768 1498 impru-

2186 1517 2375 1572 denter
2401 1526 2586 1588 agunt,
2618 1519 2705 1588 qui
2731 1519 2984 1575 uxoribus
3008 1519 3319 1575 adscribunt
3337 1519 3666 1576 sterilitatem
3692 1523 3768 1580 vel

2187 1607 2583 1674 fecunditatem,
2613 1609 2763 1679 quasi
2810 1612 3112 1666 nescientes
3163 1627 3192 1666 a
3246 1623 3446 1670 natura:
3489 1612 3768 1673 Coutlitore

2187 1699 2485 1769 dispensari
2543 1701 2811 1766 universa,
2840 1709 2895 1756 et
2947 1717 3120 1770 neque
3166 1705 3388 1773 coitum,
3409 1723 3586 1779 neque
3635 1708 3766 1764 aliud

2186 1792 2434 1862 quiddam
2469 1793 2533 1848 ad
2580 1794 2936 1864 procreandos
2979 1795 3174 1851 liberos
3223 1799 3466 1855 conferre
3490 1843 3506 1869 ,
3541 1802 3641 1856 nisi
3683 1817 3768 1857 co-

2188 1894 2440 1952 operetur
2467 1900 2656 1939 manus
2683 1901 2934 1955 superna,
2966 1903 3082 1957 qua:
3116 1897 3356 1945 naturam
3387 1891 3452 1946 ad
3494 1908 3768 1962 procrean-

2185 1975 2314 2030 dum
2339 1977 2558 2032 excitet.
2591 1977 2722 2044 Qu2e
2749 1994 2871 2033 cttm
2898 1981 3064 2049 probe
3095 1993 3274 2037 nosset
3289 1983 3462 2053 justus
3491 1985 3602 2051 ille,
3621 1987 3766 2042 uxori

2185 2067 2520 2122 sterilitatem
2549 2084 2655 2123 non
2691 2069 2985 2140 imputabat
3018 2091 3031 2127 :
3063 2072 3157 2127 sed
3196 2086 3583 2143 congruentem
3611 2078 3767 2132 hono-

2184 2175 2300 2214 rem
2328 2175 2540 2230 semper
2565 2162 2613 2215 ei
2651 2161 2934 2217 tribuebat.
2964 2163 3135 2232 Atque
3158 2165 3292 2218 hanc
3321 2165 3389 2220 ob
3408 2182 3626 2222 causam
3666 2170 3766 2239 ipsa

2186 2252 2240 2306 in
2282 2251 2440 2308 ofﬁcii
2471 2253 2639 2308 vicem
2663 2298 2675 2318 ,
2707 2254 2998 2324 volensque
3030 2255 3303 2312 declarare
3349 2268 3553 2328 quanto
3600 2276 3768 2316 amore

2184 2361 2307 2416 erga
2335 2347 2504 2400 virum
2529 2347 2786 2402 afﬁciatur
2805 2390 2820 2416 ,
2853 2363 2959 2402 non
2990 2348 3130 2419 quod
3171 2351 3251 2404 sui
3280 2351 3442 2420 ipsius
3471 2362 3592 2408 erat
3612 2395 3628 2418 ,
3653 2369 3766 2422 spe-

2184 2440 2381 2505 ctabat,
2413 2439 2504 2496 sed
2527 2441 2796 2511 quomodo
2824 2441 2898 2495 illi
2929 2443 3346 2499 consolationem
3375 2446 3659 2514 quamdam
3685 2462 3766 2500 or-

2185 2531 2366 2587 bitatis
2417 2533 2712 2588 liberorum
2763 2535 3137 2606 excogitaret,
3185 2539 3334 2606 quasi
3382 2539 3629 2595 manibus
3669 2543 3767 2596 suis

2184 2633 2456 2694 acceptam
2480 2626 2708 2694 puellam
2731 2625 3031 2697 {Egyptiam
3057 2627 3108 2682 in
3137 2628 3331 2683 lectum
3353 2645 3506 2686 suum
3535 2633 3765 2691 induxit:

2183 2714 2312 2785 quin
2340 2724 2395 2770 et
2419 2717 2596 2771 verbis
2627 2717 2756 2787 ipsis
2781 2718 3037 2784 ostendit,
3061 2733 3163 2790 qua
3186 2719 3252 2775 de
3277 2735 3432 2777 causa
3458 2722 3509 2776 id
3536 2723 3766 2790 iaciat,et

2184 2808 2304 2876 quis
2347 2807 2463 2878 ejus
2507 2810 2578 2864 sit
2607 2824 2822 2879 scepus.
2868 2809 3002 2877 Quia
3035 2825 3169 2881 ego,
3199 2811 3405 2882 inquit,
3435 2814 3641 2869 inutilis
3669 2816 3767 2868 visa

2184 2915 2327 2966 sum,
2363 2909 2418 2956 et
2451 2901 2518 2956 ad
2547 2902 2910 2972 gent-randum
2941 2917 3044 2957 non
3082 2902 3274 2958 idonea
3308 2902 3605 2960 :Conclusit
3637 2908 3767 2962 enim

2184 3008 2266 3046 me
2305 2989 2578 3059 Dominus,
2607 3009 2669 3046 ne
2721 3009 2967 3063 parerem.
2991 2991 3122 3048 Vide
3160 2993 3472 3063 prudentem
3521 2998 3766 3062 animam,

2183 3083 2452 3154 quomodo
2504 3084 2634 3138 nihil
2682 3100 2930 3154 asperum
2979 3085 3243 3156 loquitur,
3289 3088 3624 3144 sterilitatem
3673 3106 3767 3143 non

2185 3175 2428 3246 deplorat
2458 3195 2470 3231 :
2498 3175 2592 3232 sed
2619 3177 2791 3231 solum
2831 3176 2932 3230 hoc
2962 3177 3115 3232 nobis
3157 3177 3432 3234 declarare
3458 3180 3611 3244 vult,
3639 3180 3767 3250 quod

2185 3279 2389 3324 natura:
2412 3267 2638 3322 Domino
2668 3267 2843 3336 epiﬁci
2876 3267 2978 3322 hoc
3007 3267 3320 3324 adscribens
3340 3311 3354 3334 ,
3387 3270 3580 3327 leniter
3605 3281 3657 3325 et
3678 3286 3766 3340 ge-

2185 3374 2380 3416 nerose
2407 3357 2564 3424 ferat,
2596 3358 2798 3412 malens
2823 3357 2964 3426 quod
2995 3358 3104 3413 Deo
3129 3358 3403 3428 placebat,
3441 3374 3603 3430 quam
3637 3358 3766 3430 quod

2186 3451 2298 3522 ipsa
2324 3449 2764 3520 concupiscebat,
2796 3459 2848 3506 et
2877 3450 2977 3506 hoc
3003 3467 3165 3506 unum
3193 3462 3438 3522 spectans
3465 3497 3480 3521 ,
3510 3465 3572 3509 ut
3609 3457 3765 3508 viruut

2184 3542 2466 3599 solaretur.
2530 3541 2828 3609 Quoniam,
2856 3542 3059 3612 inquit,
3094 3542 3340 3597 Dominus
3375 3561 3452 3597 me
3495 3546 3762 3609 conclusit,

2184 3649 2249 3687 ne
2269 3649 2513 3702 parerem.
2537 3632 2745 3700 Quanta
2784 3632 2943 3702 hujus
2981 3633 3128 3688 verbi
3169 3633 3437 3704 emphasis
3473 3637 3596 3690 est?
3621 3651 3766 3707 quam

2186 3725 2504 3782 ineffabilem
2526 3725 2760 3781 ostendit
2793 3726 2885 3782 Dei
2931 3726 3220 3796 potentiam
3266 3738 3318 3780 et
3349 3727 3767 3796 providentiam?

2184 3816 2346 3886 Quasi
2373 3815 2577 3871 diceret
2606 3835 2618 3870 :
2649 3815 2798 3872 Sicut
2827 3831 2926 3873 nos
2956 3818 3228 3888 aperimus
3255 3826 3311 3873 et
3347 3817 3647 3876 claudimus
3679 3818 3765 3875 do-

2185 3923 2352 3972 mum,
2387 3908 2455 3962 ita
2500 3918 2554 3963 et
2607 3908 2862 3964 Dominus
2905 3909 2956 3964 in
3006 3918 3194 3964 natura
3241 3920 3511 3980 operatur,
3575 3922 3628 3967 et
3675 3925 3766 3966 suo

2184 4008 2453 4072 praecepto
2481 3999 2700 4067 claudit,
2729 4009 2782 4055 et
2811 4000 3003 4056 iterum
3031 4001 3248 4071 quando
3277 4003 3388 4057 vult
3413 4005 3608 4073 aperit,
3631 4003 3762 4073 etju«

2184 4091 2275 4147 bet
2304 4099 2544 4145 naturam
2572 4090 2712 4162 quod
2753 4105 2909 4146 suum
2947 4100 3029 4148 est
3059 4094 3288 4163 operari.
3325 4093 3590 4162 Quoniam
3621 4096 3764 4166 igitur

2186 4181 2442 4238 Conclusit
2500 4199 2578 4237 me
2624 4181 2872 4238 Dominus
2895 4224 2911 4250 ,
2969 4200 3032 4238 ne
3084 4202 3310 4254 parerem
3332 4228 3346 4252 ,
3406 4186 3667 4256 ingredere
3705 4184 3763 4238 ad

2184 4274 2424 4327 ancillam
2451 4291 2641 4340 meam,
2674 4285 2729 4327 ut
2781 4290 2846 4328 eo:
2893 4291 2952 4329 ea
2988 4276 3180 4345 prolem
3224 4293 3470 4348 procrees.
3525 4278 3648 4333 Scio
3687 4293 3764 4332 me

2185 4366 2429 4421 orbitatis
2455 4381 2672 4421 causam
2710 4381 2862 4431 esse;
2895 4379 3172 4438 propterea
3215 4370 3338 4423 nolo
3365 4379 3416 4424 te
3444 4371 3654 4440 privare
3680 4370 3763 4424 illo

2185 4459 2398 4512 solatio.
2423 4457 2692 4514 Fortassis
2719 4467 2898 4514 autem
2927 4459 3088 4514 etiam
3115 4460 3483 4530 suSpicabatur
3501 4462 3630 4518 Sara
3663 4471 3762 4515 ste-

2185 4551 2436 4604 rilitatem
2465 4551 2606 4605 illam
2635 4567 2739 4605 non
2787 4566 2816 4605 a
2855 4567 2914 4607 se
2940 4552 3050 4608 sola
3081 4567 3199 4608 esse
3226 4595 3241 4617 ,
3274 4553 3368 4610 sed
3394 4555 3554 4610 etiam
3584 4571 3647 4611 ex
3676 4569 3761 4624 pa.

2187 4643 2416 4696 triarcha
2449 4657 2463 4696 :
2492 4642 2614 4696 ideo
2638 4643 2827 4697 volens
2852 4653 3002 4698 certo
3027 4644 3393 4713 experimento
3428 4645 3476 4699 id
3506 4645 3760 4716 comperi-

2185 4747 2266 4800 re,
2299 4733 2504 4788 ancilla:
2525 4733 2687 4800 cedit,
2718 4742 2774 4788 et
2802 4735 2946 4789 illam
2967 4736 3018 4788 in
3045 4735 3240 4790 lectum
3271 4737 3409 4791 illius
3433 4737 3598 4801 ducit,
3630 4747 3682 4791 ut
3711 4751 3762 4790 re

2186 4825 2296 4894 ipsa
2326 4825 2497 4880 discat
2523 4841 2589 4879 an
2617 4825 2726 4880 sola
2750 4825 2819 4880 sit
2837 4827 2890 4880 in
2916 4842 3099 4893 causa,
3126 4828 3335 4898 sibique
3359 4828 3458 4883 soli
3484 4829 3551 4883 sit
3577 4827 3761 4883 adscri-

2186 4915 2360 4971 benda
2389 4916 2663 4971 sterilitas.
2715 4916 2945 4970 Obedivit
2998 4928 3186 4983 autem,
3222 4919 3410 4988 inquit,
3437 4920 3623 4973 Abram
3665 4918 3762 4972 voci

2187 5007 2354 5062 Sorae.
2383 5007 2564 5077 Magna
2588 5007 2716 5077 justi
2746 5008 3096 5079 philosophia.
3129 5009 3182 5063 ld
3209 5010 3350 5064 enim
3373 5012 3510 5080 quod
3528 5011 3650 5074 dixi,
3671 5009 3761 5062 hoc

2184 5107 2237 5152 et
2259 5113 2400 5153 nunc
2426 5098 2548 5153 dico
2579 5115 2592 5150 :
2625 5098 2776 5153 illum
2806 5115 2911 5152 non
2943 5101 3174 5169 priorem
3206 5103 3307 5155 hoc
3327 5101 3602 5155 consilium
3627 5101 3761 5154 iniis-

2185 5205 2263 5255 se,
2296 5191 2542 5260 quamvis
2574 5191 2626 5245 in
2675 5201 2914 5244 extrema
2966 5200 3242 5247 senectute
3289 5202 3466 5259 esset,
3495 5204 3547 5248 et
3575 5208 3706 5247 nunc
3735 5207 3760 5244 a

2185 5280 2316 5336 Sara
2337 5282 2666 5336 admonitum
2696 5291 2941 5352 prompte
2987 5283 3308 5350 obedivisse,
3359 5294 3415 5338 ut
3460 5284 3670 5339 doceret
3710 5297 3761 5337 se

2186 5387 2291 5426 non
2322 5388 2387 5428 ex
2415 5373 2842 5443 concupiscentia
2874 5373 2957 5428 vel
2995 5373 3213 5429 libidine
3241 5375 3493 5446 congredi
3531 5391 3646 5430 cum
3679 5373 3755 5427 illa

2188 5465 2439 5532 voluisse,
2460 5465 2552 5520 sed
2575 5475 2632 5520 ut
2670 5465 2892 5522 seminis
2922 5465 3248 5536 relinqueret
3271 5467 3676 5523 successionem.
3709 5465 3756 5518 5.

2189 5556 2253 5611 Et
2273 5558 2389 5611 tulit
2419 5559 2554 5613 Sara
2578 5575 2706 5612 uxor
2744 5559 2895 5612 Abra:
2933 5560 3151 5629 Agerent
3193 5559 3497 5632 Egyptian:
3536 5560 3755 5614 ancillam

2185 5666 2328 5703 suam
2351 5692 2367 5716 ,
2401 5661 2666 5719 postquam
2692 5651 2860 5704 decem
2891 5667 3052 5704 annos
3079 5651 3350 5706 habitasset
3397 5670 3512 5707 cum
3539 5655 3639 5708 viro
3673 5667 3756 5705 suo

2184 5741 2236 5795 in
2257 5739 2548 5796 Chananma
2571 5746 2650 5814 (η)
2677 5756 2723 5800 et
2745 5748 2882 5801 dedit
2901 5765 3013 5802 eam
3041 5749 3193 5803 Abrae
3217 5750 3321 5803 viro
3350 5767 3441 5805 suo
3461 5752 3513 5805 in
3541 5765 3752 5806 uxorem.

2252 5856 2326 5920 (α)
2358 5857 2440 5905 uie
2463 5860 2646 5910 variant
2665 5859 2966 5924 exemplaria
2989 5863 3294 5924 septuaginta
3321 5869 3654 5927 Interpretum,
3681 5861 3754 5910 ubi
