4060 6418
256 464 349 523 551

254 579 669 653 προτιμοτέραν.
724 583 1041 653 Ἀναγκαῖον
1077 583 1132 637 δέ
1176 585 1269 638 καὶ
1313 586 1494 641 αὐτῶν
1542 586 1773 641 ἀκοῦσαι
1817 585 1925 641 τῶν

255 668 531 741 ῥημάτιον,
579 670 667 724 ἵνα
714 671 1024 742 σαφεστέρα
1069 671 1198 742 ὑμῖν
1243 671 1470 745 γένηται
1514 674 1548 742 ή
1588 672 1926 727 διδασκαλία.

253 760 407 828 Elim
431 758 520 825 δὲ,
550 760 736 832 φησὶν,
769 761 808 829 ἡ
846 760 1000 830 γυνὴ
1033 762 1271 832 Ἀϐραμ,
1313 763 1425 817 οὐκ
1458 761 1693 817 ἔτικτεν
1723 758 1885 827 αὑτῷ
1911 780 1923 793 ο

254 843 330 916 ἦν
373 846 440 900 δὲ
488 846 645 916 αὐτῇ
686 847 976 918 παιδίσκη
998 849 1332 919 Αἰγυπτία,
1392 844 1431 922 ᾖ
1481 850 1671 919 ὄνομα
1727 851 1926 919 Ἅγαρ.

320 934 515 987 Σκόπει
550 951 640 1005 μοι
667 934 936 1002 ἐντεῦθεν,
973 937 1247 1009 ἀγαπητέ,
1292 936 1387 990 τοῦ
1426 937 1563 991 Θεοῦ
1591 937 1690 1009 τὴν
1722 936 1928 1008 ἄφατον

254 1020 654 1093 μακροθυμίαν,
706 1023 800 1077 καί⁵
826 1022 921 1077 τοῦ
948 1023 1157 1079 δικαίου
1210 1025 1307 1097 τὴν
1350 1025 1796 1097 ὑπερϐάλλουσαν
1844 1025 1930 1078 πί-

252 1122 367 1157 στιν
410 1107 503 1158 καί
547 1105 646 1178 τὴν
693 1108 1135 1180 εὐγνωμοσύνην,
1168 1110 1235 1181 ὴν
1270 1110 1399 1183 περὶ
1443 1110 1541 1175 τὰς
1593 1110 1927 1180 ἐπαγγελίας

249 1191 592 1247 ἐπεδείκνυτο
611 1195 707 1259 τὰς
736 1198 815 1260 εἰς
840 1198 1003 1251 αὐτὸν
1026 1198 1420 1269 γεγενημένας.
1449 1199 1790 1260 Τοσαυτάκις
1817 1197 1927 1269 γάρ

248 1281 619 1353 ὑποσχομένου
670 1282 765 1337 τοῦ
800 1283 958 1349 Θεοῦ,
999 1285 1081 1338 ὃτι
1118 1285 1195 1356 τῷ
1233 1287 1509 1358 σπέρματι
1557 1285 1723 1341 αὐτοῦ
1764 1285 1928 1339 δώσει

247 1368 342 1440 τὴν
394 1370 519 1439 γῆν,
550 1371 647 1424 καὶ
675 1372 756 1426 ὅτι
788 1373 869 1436 εἰς
910 1372 1160 1426 τοσοῦτον
1200 1374 1403 1444 πλῆθος
1437 1374 1817 1446 ἐκταθήσεται,
1851 1374 1927 1438 ὡς

245 1457 320 1529 τῷ
353 1458 461 1512 τῶν
494 1459 710 1531 ἄστρων
739 1460 936 1533 πλήθει
983 1461 1362 1534 παρισωθῆναι
1382 1504 1396 1529 ,
1441 1463 1585 1534 ὁρῶν
1627 1462 1779 1516 οὐδὲν
1815 1462 1925 1518 τῶν

243 1546 687 1617 ἐπαγγελθέντων
720 1551 799 1612 εἰς
853 1549 1014 1621 ἔργον
1057 1548 1327 1615 ἐκϐαῖνον,
1364 1550 1477 1603 ἀλλ’
1507 1550 1587 1604 ἔτι
1636 1551 1799 1623 μέχρι
1832 1551 1924 1605 λό-

243 1652 353 1704 γων
399 1634 470 1689 τά
512 1636 622 1689 τῶν
667 1637 1015 1708 ὑποσχέσεων
1063 1638 1420 1709 τυγχάνοντα,
1465 1640 1566 1693 οὐκ
1598 1640 1924 1709 ἐταράττετο

243 1721 332 1775 τὸν
377 1722 659 1795 λογισμὸν,
704 1724 804 1778 οὐκ
844 1724 1133 1779 ἐσαλεύετο
1164 1726 1264 1799 τὴν
1291 1726 1538 1799 γνώμην,
1572 1726 1686 1780 ἀλλ’
1727 1726 1920 1798 ἔμενεν

241 1808 501 1879 ἀκλινὴς,
552 1810 824 1865 πιστεύων
873 1814 941 1883 τῇ
996 1813 1226 1883 δυνάμει
1285 1813 1379 1867 τοῦ
1425 1814 1917 1885 ἐπαγγειλαμένου.

239 1898 335 1951 Διά
373 1898 487 1970 γὰρ
516 1897 674 1953 τοῦτο
705 1900 802 1953 καὶ
830 1899 928 1953 νῦν
955 1901 1345 1974 ἐπεσημήνατο
1378 1904 1410 1975 ή
1446 1901 1565 1956 θεία
1605 1902 1793 1975 Γραφὴ
1835 1902 1925 1956 λέ-

238 2001 405 2053 γουσα
433 2001 449 2016 ·
486 1986 648 2054 Σάρα
678 1985 766 2052 δὲ,
792 1986 830 2054 ἠ
864 1988 1019 2057 γυνὴ
1055 1989 1295 2059 Ἄϐριιμ,
1331 1990 1442 2043 οὐκ
1469 1988 1704 2044 ἔτικτεν
1736 1988 1917 2055 αὐτῷ’

241 2074 526 2145 μονονουχὶ
572 2073 731 2127 τοῦτο
782 2077 914 2147 ήμῖν
974 2068 1346 2147 ἐμφαίνουσα,
1402 2077 1484 2130 ὄτι
1552 2076 1692 2147 μετά
1750 2077 1929 2132 ταῦτα

237 2162 484 2225 ἄπαντα,
517 2160 653 2232 μετά
684 2162 783 2226 τάς
813 2162 1086 2235 συνθήκας
1131 2165 1228 2228 τάς
1260 2163 1397 2235 πρὸς
1424 2164 1585 2218 αὐτὸν
1618 2165 1923 2237 γεγενημέ-

239 2266 331 2313 νας
351 2289 365 2313 ,
406 2248 550 2319 μετά
581 2250 642 2303 τὸ
684 2251 1018 2322 ὑποσχέσθαι
1063 2251 1432 2324 ἀναρίθμητον
1465 2252 1523 2319 ἐξ
1557 2252 1722 2307 αὐτοῦ
1755 2254 1918 2326 γενή-

240 2336 419 2391 σεσθαι
448 2336 679 2407 πλῆθος,
707 2338 807 2391 οὐκ
861 2337 1149 2409 ὴσχαλλεν,
1176 2340 1277 2392 οὐκ
1301 2338 1624 2406 ἐνεδοίαζεν,
1650 2340 1793 2411 ὁρῶν
1825 2342 1915 2394 οὑ-

235 2424 320 2477 δέν
358 2424 467 2480 τῶν
506 2426 818 2498 εἰρημένων
851 2429 931 2491 είς
985 2427 1146 2499 ἔργον
1179 2428 1448 2490 ἐκϐαῖνον,
1477 2428 1612 2484 ἀλλά
1642 2430 1817 2484 πάντα
1852 2430 1920 2484 τά

238 2511 474 2567 ἐναντία.
503 2513 603 2567 Διά
638 2513 794 2567 τοῦτό
824 2532 957 2586 φησι
996 2516 1113 2585 μετ’
1146 2516 1331 2569 ἐκεῖνα
1358 2515 1599 2570 ἅπαντα·
1639 2515 1799 2587 Σὰρα
1828 2515 1917 2582 δὲ,

239 2603 275 2668 ἡ
302 2601 449 2672 γυνὴ
482 2601 675 2657 αὐτοῦ
694 2645 709 2670 ,
738 2606 848 2658 οὐκ
890 2603 1127 2659 ἔτικτεν
1154 2603 1316 2671 αὑτῴ
1335 2620 1349 2633 ’
1398 2606 1485 2659 ἵνα
1517 2606 1696 2679 μάθῃς
1721 2608 1803 2661 ὅτι
1837 2608 1921 2661 οὑ-

231 2689 317 2744 δέν
347 2690 501 2763 αὐτῷ
537 2691 698 2745 πλέον
729 2692 918 2761 γέγονε
950 2691 1088 2763 μετά
1133 2692 1234 2757 τάς
1260 2692 1527 2757 τοσαύτας
1561 2694 1882 2767 ὑποσχέσεις
1901 2738 1914 2761 ,

235 2779 406 2833 καίτοι
435 2779 566 2832 καὶ·
598 2781 631 2850 ὴ
660 2780 947 2851 στείρωσις
976 2780 1077 2851 τῆς
1123 2781 1301 2853 Σάρας
1324 2822 1338 2845 ,
1376 2781 1472 2835 καὶ
1502 2784 1601 2853 τῆς
1637 2785 1848 2855 μήτρας
1880 2788 1914 2857 ἡ

233 2866 499 2938 νέκρωσις
542 2867 743 2939 πολλὴν
789 2868 891 2940 τὴν
943 2867 1180 2941 ἀπορίαν
1213 2870 1509 2941 ἐμποιῆσαι
1542 2866 1611 2941 ἦν
1648 2872 1806 2944 ἱκανὴ
1841 2873 1918 2944 τῷ

233 2954 437 3028 δικαίῳ.
481 2955 624 3009 Ἀλλ’
658 2958 686 3010 0
716 2956 1064 3028 πατριάρχης
1088 2957 1149 3011 οὐ
1179 2958 1314 3028 πρὸς
1340 2957 1407 3011 τὰ
1438 2959 1546 3012 ἀπὸ
1573 2959 1674 3030 τῆς
1703 2960 1919 3031 φύσεως

235 3042 534 3115 κωλύματα
570 3043 717 3115 ἐώρα
750 3044 972 3112 λοιπὸν,
1019 3044 1136 3098 ἀλλ’
1176 3044 1334 3110 εἰδὼς
1367 3046 1428 3099 τὸ
1472 3048 1780 3118 εὐμήχανον
1821 3048 1916 3102 τοῦ

233 3130 535 3195 Δεσπότου,
570 3131 660 3185 καὶ
696 3133 776 3185 ὅτι
813 3132 1146 3205 δημιουργὸς
1180 3132 1257 3187 ὢν
1290 3133 1388 3205 τῆς
1436 3134 1671 3204 φύσεως,
1720 3138 1813 3190 καὶ
1858 3137 1919 3204 ἐξ

233 3218 447 3291 ἀπόρων
488 3218 693 3293 πόρους
731 3220 914 3294 εὑρεῖν
942 3220 1199 3287 δύναται,
1229 3221 1479 3296 καθάπερ
1510 3223 1809 3295 εὐγνώμων
1837 3227 1914 3280 οἰ-

232 3306 410 3377 διέτης,
467 3306 536 3360 οὐ
583 3308 1001 3381 περιειργάζετο
1055 3309 1148 3362 τὸν
1196 3309 1399 3379 τρόπον
1444 3310 1551 3364 τῶν
1594 3313 1915 3384 γινομένων,

232 3394 361 3448 ἀλλά
414 3398 842 3468 παραχωρεῖτῇ
877 3397 1249 3470 ἀκαταλήπτῳ
1295 3398 1461 3452 αὐτοῦ
1509 3401 1766 3472 προνοίᾳ,
1822 3403 1918 3456 καὶ

231 3485 518 3538 ἐπίστευσε
561 3486 670 3548 τοῖς
718 3485 1052 3557 εἰρημένοις.
1096 3487 1194 3540 Διά
1229 3485 1387 3540 τοῦτό
1434 3505 1596 3559 φησι,
1630 3488 1792 3557 Σάρα
1826 3489 1914 3555 δὲ,

234 3572 366 3639 μετά
392 3572 493 3636 τὰς
530 3570 800 3637 τοσαύτας
829 3574 1171 3645 ὑποσχέσεις,
1200 3575 1310 3628 οὐκ
1341 3574 1576 3629 ἔτικτεν
1605 3572 1916 3641 αὐτῷ.Ἦν

229 3657 295 3710 δὲ
344 3658 498 3728 αὐτῇ
555 3659 844 3728 παιδίσκη
883 3662 1200 3730 Αἰγυπτία,
1251 3656 1292 3732 ᾖ
1340 3662 1529 3732 ὄνομα
1559 3663 1756 3733 Ἅγαρ.
1799 3665 1913 3736 Οὐχ

230 3746 411 3811 ἀπλῶς
465 3749 605 3820 ήμῖν
642 3748 761 3801 οὐδὲ
803 3747 1038 3803 ἐνταῦθα
1081 3749 1180 3818 τῆς
1217 3750 1510 3821 παιδίσκης
1552 3751 1650 3823 τὴν
1691 3753 1913 3826 μνήμην

230 3834 525 3907 ἐποιήσατο
550 3836 583 3905 ή
612 3835 731 3889 θεία
757 3836 969 3908 Γραφὴ,
1000 3836 1114 3889 ἀλλ’
1140 3837 1225 3892 ἵνα
1254 3837 1518 3909 μάθωμεν
1550 3838 1713 3894 πόθεν
1741 3841 1913 3912 αὐτὴν

230 3922 369 3993 ἔσχε.
396 3923 494 3978 Διά
525 3924 634 3994 γὰρ
660 3923 821 3978 τοῦτο
848 3924 1211 3996 προσέθηκεν,
1241 3927 1323 3979 δτι
1348 3928 1663 3996 Αἰγυπτία,
1697 3929 1783 3982 ἵνα
1821 3931 1913 3983 ἐπὶ

228 4008 325 4078 τὴν
371 4010 623 4083 ἱστορίαν
665 4010 1066 4083 άναδράμωμεν
1121 4012 1372 4082 ἐκείνηνο
1436 4012 1531 4066 καὶ
1581 4014 1663 4067 ὅτι
1690 4015 1755 4068 ἐκ
1803 4015 1912 4070 τῶν

230 4091 375 4160 παρά
399 4092 493 4147 τοῦ
532 4093 734 4165 Φαραὼ
765 4094 1220 4167 παρασχεθέντων
1248 4093 1386 4167 αὕτη
1410 4090 1500 4167 ἦν,
1526 4096 1687 4166 ήνίκα
1711 4099 1910 4153 τοσαύ-

231 4188 324 4241 της
355 4176 679 4244 ἀπήλαυσεν
708 4177 953 4242 ἐκδικίας
985 4177 1139 4251 παρὰ
1168 4178 1263 4233 τοῦ
1310 4180 1420 4233 τῶν
1453 4180 1590 4235 ὅλων
1623 4181 1783 4249 Θεοῦ,
1817 4186 1911 4238 καί¹

233 4257 431 4330 ταύτην
456 4258 707 4314 λαϐοῦσα
736 4260 1062 4333 ἐπανῆλθεν,
1094 4263 1347 4334 ἐπίτηδες
1376 4265 1508 4336 ἡμῖν
1533 4266 1702 4336 αὐτῆς
1730 4268 1825 4321 καὶ
1849 4270 1910 4323 τὸ

230 4338 395 4426 δνομα
439 4346 535 4398 κα)⁸
570 4345 631 4399 τδ
661 4345 813 4409 ἔθνος
843 4345 1198 4418 ἐγνώρισενή
1233 4347 1352 4401 θεία
1387 4349 1600 4422 Γραφή.
1642 4352 1782 4406 Ἀλλ’
1808 4353 1910 4426 ὅρα

233 4419 411 4509 101110!
440 4427 679 4481 ἐνταῦθα
701 4430 801 4513 τῆς
835 4429 1016 4500 Σάρας
1042 4430 1141 4501 τὴν
1172 4430 1461 4499 φιλόσοφον
1493 4419 1907 4559 γνώμηνὲὸέιι]

234 4495 322 4545 καὶ
351 4512 450 4559 της
478 4516 836 4559 σωφροσυνης
862 4500 961 4559 τὴν
990 4500 1317 4559 ὑπερϐολὴν.
1337 4501 1428 4554 καὶ
1450 4517 1545 4555 του
1568 4520 1734 4559 πατοι
1779 4523 1907 4559 ονου

234 4495 322 4577 καὶ
351 4496 450 4567 τῆς
478 4495 836 4570 σωφροσύνης
862 4495 961 4571 τὴν
990 4495 1317 4572 ὑπερϐολὴν,
1337 4495 1428 4554 καὶ
1450 4495 1545 4555 τοῦ
1568 4495 1909 4577 πατ’ριάρχού

232 4574 325 4646 τὴν
356 4577 564 4648 ἄφατον
606 4579 779 4634 πειθὼ
823 4581 918 4635 καὶ
972 4581 1070 4651 τὴν
1117 4582 1387 4654 ὑπακοήν.
1430 4579 1579 4638 Εἶπε
1614 4585 1684 4639 δὲ
1724 4574 1907 4657 Σάρα,

231 4659 392 4727 φησί,
421 4661 574 4730 πρὸς
605 4663 823 4732 Ἀϐραμ
847 4663 917 4717 ἐν
937 4663 1013 4734 γῇ
1037 4663 1309 4719 Χαναάν·
1357 4666 1512 4721 Ἰδοὺ
1545 4669 1911 4724 συνέκλεισε

227 4756 298 4807 με
338 4740 556 4813 Κύριος
604 4745 709 4800 τοῦ
746 4746 833 4815 μὴ
885 4747 1116 4801 τεκεῖν⁸
1152 4750 1392 4805 εἷσελθε
1443 4747 1558 4806 οὖν
1608 4753 1757 4821 πρὸς
1797 4754 1912 4822 τὴν

230 4825 559 4894 παιδίσκην
582 4846 732 4897 μου,
764 4830 865 4883 ἵνα
903 4832 1351 4902 τεκνοποιήσῃς
1376 4833 1444 4899 ἐξ
1463 4834 1677 4902 αὐτῆς.
1707 4837 1909 4891 Σκόπει

227 4908 323 4978 τὴν
351 4912 775 4985 εὐγνωμοσύνην
803 4914 1083 4983 γυναικός.
1127 4916 1293 4969 Οὐδὲν
1324 4917 1563 4971 τοιοῦτον
1590 4913 1765 4986 εἶπεν,
1797 4914 1908 4974 οἷον

233 4990 368 5073 μετά
403 4993 581 5048 ταῦτα
619 4997 652 5067 ἡ
690 4997 895 5068 Ῥαχὴλ
942 5014 1075 5066 φησι
1114 5000 1249 5069 πρὸς
1278 5000 1369 5054 τὸν
1410 4998 1635 5053 Ἰακώϐ·
1673 5005 1785 5068 Δός
1804 5021 1908 5073 μοι

232 5072 438 5157 τέκναο
488 5082 544 5133 ει
586 5079 655 5134 δὲ
690 5080 806 5150 μὴ,
850 5080 1221 5149 ἀποθνήσκω
1255 5082 1388 5151 ἐγώ.
1431 5083 1589 5137 Ἀλλά
1622 5085 1675 5138 τί
1706 5103 1904 5157 φησινς

240 5155 395 5242 Ἰδοὺ
433 5161 796 5219 συνέκλεισε
817 5182 895 5233 με
914 5166 1134 5233 Κύριος
1158 5164 1264 5219 τοῦ
1291 5164 1378 5234 μὴ
1410 5166 1625 5221 τεκεῖν·
1665 5155 1904 5242 Ἐπέιδὴν

230 5240 412 5323 φησὶν,
446 5244 642 5307 ἄγονόν
674 5265 742 5319 με
772 5248 1108 5319 κατέστησεν
1133 5249 1162 5301 0
1184 5249 1281 5318 τῆς
1309 5248 1524 5318 φύσεως
1551 5240 1905 5323 δημιουργὸς,

229 5322 320 5373 καὶ
356 5323 698 5400 ἀπεστέρησε
726 5330 826 5401 τῆς
859 5332 968 5385 τῶν
999 5331 1209 5385 παίδων
1236 5331 1421 5401 γονῆς,
1458 5333 1547 5388 ἵνα
1582 5333 1659 5403 μὴ
1698 5330 1790 5387 οὖν
1817 5335 1905 5389 διά

228 5403 325 5486 τὴν
347 5406 489 5479 ἐμὴν
520 5411 809 5484 στείρωσιν
834 5415 995 5477 αὐτὸς
1022 5416 1103 5478 εἰς
1131 5413 1266 5484 βαθὺ
1290 5415 1466 5486 γῆρας
1497 5417 1694 5481 ἐλάσας
1721 5418 1905 5474 λοιπὸν

227 5484 391 5571 ἄπαις
415 5490 722 5566 διαμείνῃς,
755 5497 1010 5551 Είσελθε
1052 5497 1202 5566 πρὸς
1234 5484 1710 5569 τὴν-παιδίσκην
1757 5519 1901 5571 μου,

229 5567 792 5656 ἵνα-τεκνοποιήσῃς
816 5581 885 5645 ἐξ
908 5581 1114 5650 αὐτῆς,
1146 5582 1319 5652 Πολλὴ
1352 5584 1446 5637 καὶ
1478 5567 1732 5656 ἄφατοςή
1757 5567 1903 5653 φιλοὲ

229 5652 384 5742 σνιία
422 5657 840 5742 τῆςλγυναικός.
889 5665 985 5729 Τίς
1018 5665 1127 5736 γὰρ
1161 5665 1227 5719 ἂν
1286 5665 1459 5720 ’έλοιτο
1502 5652 1731 5721 πώποτε
1766 5652 1903 5742 γυνὴ

225 5734 375 5787 τι.ὒ.ο
427 5739 696 5809 ποιῆσαι,
727 5744 759 5815 ἦ
799 5734 1202 5817 συμϐουλεῦσαι
1236 5746 1315 5818 τῷ
1352 5748 1504 5820 ἀνδρὶ
1537 5748 1727 5815 τοῦτο,
1833 5734 1902 5822 τῇ

222 5819 475 5899 παιδίσκῃ
500 5827 609 5897 τῆς
634 5834 836 5905 εὖνῆςιθ
870 5836 1264 5907 παραχωρῆσαι
1285 5854 1298 5903 ;

288 5991 529 6067 ς-ςξιγκοὶ
552 6011 646 6048 sux
670 6016 785 6051 mss.
813 6006 1114 6067 ὑποσχέσεις,
1136 6006 1239 6054 ἀλλ’
1265 6007 1331 6055 ἔτι
1360 6008 1458 6057 καί.
1509 6009 1533 6049 ι)
1563 6010 1644 6061 Sic
1669 6010 1820 6060 Suvil.
1849 6019 1893 6061 cl

232 6043 349 6100 Hor.
372 6054 474 6106 Sed
492 6071 617 6109 mss.
661 6043 853 6129 somni)
872 6043 1147 6127 11‘1‘7‘8'030;

1344 466 1413 525 IN
1452 468 1605 526 CAP.
1635 466 1755 525 XVI
1797 465 2041 525 GENES.
2084 469 2316 528 HOMIL.
2349 471 2636 531 XXXVIII.

3608 483 3743 537 552‘

2111 587 2177 658 β’.
2197 584 2351 655 Εἶδες
2374 590 2493 656 πῶς
2534 590 2735 655 παντὸς
2765 590 2967 657 πάθους
2997 592 3150 657 ἐκτὸς
3187 588 3362 666 ἧσαν;
3400 595 3508 650 Καὶ
3529 593 3609 662 εἷς
3642 594 3714 672 ἦν

2035 678 2219 743 αὐτοῖς
2248 679 2410 750 μόνον
2438 681 2673 747 σκοπὸς,
2701 680 2795 733 τοῦ
2837 682 2911 754 μὴ
2940 680 3175 747 ἄπαιδας
3200 682 3563 755 τελευτῆσαι·
3594 686 3731 740 ἀλλ’·

2033 766 2306 821 ἐσκόπουν
2350 769 2501 833 ὃπως
2534 770 2629 822 καὶ
2657 769 2756 841 τὴν
2792 769 3043 823 ἐντεῦθεν
3087 772 3439 843 παραμυθίαν
3477 775 3717 847 κτήσωνσ

2031 871 2143 921 ται,
2175 855 2268 908 καὶ
2295 857 2395 926 τῆς
2420 856 2648 928 εἰρήνης
2674 856 2765 909 τὸν
2802 854 3096 928 σύνδεσμον
3124 858 3346 931 ἀρραγῆ
3370 860 3714 935 διατηρήσω-

2034 958 2138 995 σιν.
2186 942 2388 996 Ἐννόει
2421 943 2530 1014 γάρ
2571 960 2660 1013 μοι
2688 943 2781 997 τοῦ
2812 943 3154 1015 πατριάρχου
3183 944 3415 1000 ἐνταῦθα
3452 947 3549 1018 τὴν
3582 948 3715 1002 πολ-

2031 1026 2131 1099 λὴν
2180 1031 2536 1102 σωφροσύνην
2588 1032 2682 1085 καὶ
2731 1030 2831 1103 τὴν
2889 1032 3335 1104 ὑπερϐάλλουσαν
3385 1035 3710 1091 ἐπιείκειαν.

2033 1111 2170 1166 Οὔτε
2199 1114 2601 1186 γάρ,καθάπερ
2628 1114 2772 1179 τινὲς
2793 1113 2903 1169 τῶν
2927 1114 3190 1187 ἀνοήτων,
3220 1116 3549 1189 ἐδυσχέρανε
3571 1119 3712 1191 πρὸς

2029 1200 2129 1269 τὴν
2177 1201 2426 1274 γαμετὴν
2466 1202 2554 1257 διά
2598 1203 2697 1275 τὴν
2743 1202 3024 1268 ἀπαιδίαν,
3061 1202 3187 1257 οὐτε
3233 1205 3325 1259 τὸν
3363 1207 3493 1278 περί
3540 1208 3715 1280 αὐτὴν

2031 1286 2196 1342 πόθον
2219 1287 2558 1358 ἠλάττωσεν.
2593 1289 2738 1343 Ἴστε
2761 1287 2894 1361 γὰρ,
2923 1290 3039 1343 ίστε
3061 1289 3179 1354 πῶς
3209 1293 3321 1355 τοῖς
3352 1292 3563 1346 πλείοσι
3601 1294 3713 1347 τῶν

2029 1374 2335 1445 ἀνθρώπων
2362 1373 2519 1431 τοῦτο
2564 1376 2804 1446 μάλιστα
2836 1377 3009 1431 αίτιον
3048 1378 3257 1445 γίνεται
3290 1380 3395 1450 τῆς
3434 1381 3574 1434 κατὰ
3600 1380 3720 1435 τῶν

2028 1457 2306 1526 γυναικῶν
2353 1458 2688 1530 ὑπεροψίας⁹
2744 1459 2937 1533 ὥσπερ
2986 1457 3053 1515 αὖ
3112 1461 3275 1516 πάλιν
3336 1463 3430 1517 καὶ
3480 1464 3711 1534 φίλτρου

2031 1545 2276 1611 πλείονος
2301 1546 2557 1600 ὑπόθεσιν
2576 1546 2637 1599 τὸ
2656 1547 2899 1601 ἐναντίον
2923 1548 3225 1614 ποιοῦνται,
3251 1550 3457 1622 σφόδρα
3486 1550 3708 1620 κούφως

2028 1635 2124 1688 καὶ
2157 1634 2400 1707 ἀνοήτως
2426 1637 2549 1699 ταῖς
2576 1634 2794 1703 γυναιξὶ
2821 1636 3164 1708 λογιζόμενοι
3198 1640 3291 1692 καί⁸
3322 1639 3421 1710 τὴν
3450 1638 3708 1694 ἀπαιδίαν

2027 1721 2124 1775 καὶ
2144 1721 2245 1794 τὴν
2274 1721 2578 1789 εὐπαιδίαν,
2608 1723 2709 1777 οὐκ
2742 1723 2942 1787 εἰδότες
2968 1724 3051 1777 δτι
3083 1724 3179 1779 τοῦ
3212 1725 3309 1796 τῆς
3342 1726 3558 1797 φύσεώς
3589 1729 3709 1784 ἐστι

2025 1808 2361 1882 δημιουργοῦ
2400 1809 2463 1863 τὸ
2513 1810 2645 1874 πᾶν,
2687 1811 2782 1865 καὶ
2813 1809 2939 1865 οὐτε
2983 1814 3017 1883 ή
3050 1813 3329 1876 συνουσία,
3361 1812 3485 1868 οὐτε
3520 1815 3721 1888 ἕτερόν

2024 1897 2078 1951 τί
2121 1899 2239 1951 ἐστι
2284 1896 2344 1951 τδ
2376 1896 2673 1969 δυνάμενον
2707 1898 3021 1953 συντελέσαι
3062 1899 3199 1972 πρὸς
3225 1900 3325 1972 τὴν
3360 1903 3469 1957 τῶν
3501 1904 3711 1959 παίδων

2023 1985 2298 2058 διαδοχὴν,
2341 1985 2416 2059 μὴ
2460 1987 2561 2057 τῆς
2590 1987 2798 2043 ἄνωθεν
2834 1990 3016 2061 χειρὸς
3056 1992 3575 2067 συνεφαπτομένης,
3612 1995 3709 2051 καὶ

2022 2072 2121 2145 τὴν
2143 2072 2305 2144 φύσιν
2337 2072 2713 2146 διεγειρούσης
2755 2073 2894 2146 πρὸς
2927 2074 3017 2129 τὸν
3043 2076 3223 2134 τόκον.
3248 2076 3430 2150 Ἀπερ
3461 2079 3708 2152 ἀκριϐῶς

2020 2163 2049 2215 ὁ
2077 2160 2287 2226 δίκαιος
2320 2155 2476 2226 οὗτος
2507 2162 2892 2233 ἐπιστάμενος,
2927 2162 3054 2217 οὔτε
3088 2165 3154 2236 τῇ
3185 2166 3404 2234 γυναικί
3429 2166 3707 2237 ἐλογίζετο

2020 2249 2121 2321 τὴν
2146 2248 2427 2312 ἀπαιδίαν,
2444 2250 2538 2303 καὶ
2563 2249 2663 2321 τὴν
2694 2251 3078 2324 προσήκουσαν
3099 2252 3237 2325 αὐτῇ
3267 2254 3433 2327 τιμὴν
3459 2255 3547 2309 διὰ
3570 2257 3706 2311 πάν-

2021 2355 2129 2391 των
2172 2336 2458 2408 ἀπένειμε.
2496 2336 2595 2391 Διά
2633 2354 2716 2390 τοι
2745 2336 2902 2391 τοῦτο
2948 2338 3042 2391 καὶ
3073 2338 3212 2411 αὐτὴ
3248 2339 3703 2416 φιλοτιμουμένη,

2022 2425 2116 2478 καὶ
2143 2422 2441 2495 βουλομένη
2475 2423 2647 2488 δεῖξαι
2674 2425 2807 2495 ὅσην
2835 2429 3068 2478 ποιεῖται
3096 2426 3224 2497 περὶ
3261 2428 3352 2481 τὸν
3380 2427 3589 2482 δίκαιον
3623 2448 3707 2500 φι-

2019 2511 2365 2585 λοστοργίαν,
2385 2512 2445 2565 οὐ
2467 2512 2528 2565 τὸ
2557 2511 2758 2583 ἐαυτῆς
2780 2512 3082 2578 σκοποῦσα,
3112 2513 3224 2568 ἀλλ’
3246 2515 3394 2580 ὅπως
3419 2516 3485 2571 ἂν
3510 2518 3709 2591 ἐκείνῳ

2021 2600 2379 2674 παραμυθίαν
2425 2602 2547 2655 τινά
2599 2600 2701 2672 τῆς
2732 2600 2990 2666 ἀπαιδίας
3034 2602 3373 2674 ἐπινοήσειε,
3419 2608 3709 2679 μονονουχὶ

2018 2693 2139 2754 ταῖς
2171 2690 2403 2754 οἰκείαις
2447 2688 2606 2761 χερσί
2642 2688 2886 2743 λαϐοῦσα
2927 2690 3025 2761 τὴν
3056 2691 3349 2762 παιδίσκην
3392 2693 3491 2765 τὴν
3535 2696 3706 2765 Αἰγυ-

2020 2778 2183 2832 πτίαν
2209 2778 2301 2831 ἐπὶ
2330 2777 2429 2850 τὴν
2467 2777 2603 2830 ἰδίαν
2630 2776 2793 2848 εὐνὴν
2831 2777 3140 2848 ἀνήγαγεν
3168 2778 3304 2833 ἀλλά
3345 2781 3437 2834 καὶ
3475 2782 3563 2837 διὰ
3596 2784 3707 2838 τῶν

2021 2866 2284 2939 ῥημάτων
2326 2865 2651 2920 δεικνύουσα
2696 2865 2789 2918 τὸν
2820 2865 3041 2927 σκοπὸν,
3073 2867 3141 2920 δι’
3183 2866 3242 2922 ὃν
3277 2868 3437 2923 τοῦτο
3476 2871 3703 2942 ποιῆσαι

2018 2954 2364 3020 κατεδέξατο,
2417 2953 2600 3023 φησίν’
2664 2952 2884 3024 Ἐπειδὴ
2913 2952 3025 3021 ἐγὼ
3069 2954 3342 3026 ἄχρηστος
3391 2957 3579 3029 ὤφθην
3609 2962 3704 3013 καὶ

2018 3041 2390 3113 ἀνεπιτήδειος
2418 3041 2554 3113 πρὸς
2583 3040 2746 3111 γονήν
2765 3055 2778 3068 ⁸
2802 3038 3169 3095 Συνέκλεισε
3194 3040 3304 3112 γάρ
3323 3061 3401 3112 με
3424 3047 3458 3098 ό
3488 3046 3705 3113 Κύριος

2019 3130 2127 3185 τοῦ
2149 3128 2236 3199 μὴ
2269 3128 2482 3183 τεκεῖν.
2517 3129 2660 3199 Ὅρα
2697 3126 2875 3200 ψυχῆς
2908 3128 3352 3200 εὐγνωμοσύνην,
3385 3130 3504 3197 πῶς
3547 3132 3715 3187 οὐδένι

2016 3219 2275 3292 δυσχερὲς
2326 3217 2658 3288 φθέγγεται,
2701 3216 2822 3271 οὐδὲ
2867 3217 3199 3290 ἀποδύρεται
3250 3218 3339 3274 διὰ
3398 3222 3496 3294 τὴν
3548 3222 3699 3276 στεί-

2021 3325 2205 3380 ρωσιν,
2251 3305 2387 3360 ἀλλά
2442 3305 2602 3377 μόνον
2644 3303 2805 3359 τοῦτο
2842 3306 2976 3377 ἡμῖν
3024 3306 3264 3379 ἐμφῆναι
3310 3307 3583 3378 βούλεται,
3618 3310 3701 3364 ὅτι

2014 3393 2093 3465 τῷ
2148 3392 2468 3465 δημιουργῷ
2509 3391 2612 3460 τῆς
2659 3392 2874 3462 φύσεως
2922 3391 3080 3446 τοῦτο
3127 3392 3458 3466 λογιζομένη
3507 3396 3703 3469 πράως

2016 3483 2110 3536 καὶ
2144 3482 2408 3551 γενναίως
2442 3481 2626 3553 ἔφερε,
2661 3479 2987 3551 προτιμῶσα
3015 3481 3075 3534 τὸ
3114 3480 3189 3553 τῷ
3220 3481 3339 3553 Θεῷ
3381 3482 3572 3537 δοκοῦν
3601 3483 3703 3554 τῆς

2014 3568 2223 3632 οἰκείας
2268 3567 2566 3638 ἐπιθυμίας
2585 3609 2600 3633 ,
2628 3568 2723 3621 καὶ
2761 3568 2987 3621 ἐσκόπει
3027 3568 3175 3633 ὅπως
3204 3569 3295 3622 τὸν
3324 3570 3492 3642 ἄνδρα
3524 3587 3703 3645 παρα-

2020 3656 2348 3729 μυθήσηται.
2386 3655 2607 3729 Ἐπειδὴ
2649 3651 2763 3721 οὖν,
2815 3656 2999 3727 φησὶν,
3030 3656 3169 3726 Ἐμὲ
3225 3658 3632 3715 συνέκλεισεν
3667 3665 3701 3723 ό

2016 3743 2236 3814 Κύριος
2264 3743 2370 3798 τοῦ
2395 3743 2483 3813 μὴ
2513 3743 2730 3798 τεκεῖν.
2759 3744 2909 3814 Πόση
2941 3745 3035 3798 καὶ
3068 3745 3234 3799 αὐτοῦ
3267 3743 3358 3799 τοῦ
3391 3748 3633 3819 ῥήματος
3666 3751 3700 3819 ή

2017 3832 2289 3902 ἔμφασιςί
2326 3830 2449 3896 πῶς
2472 3830 2712 3884 δείκνυσι
2734 3828 2887 3902 [585]
2914 3830 3006 3884 τοῦ
3031 3831 3165 3885 Θεοῦ
3195 3832 3294 3902 τὴν
3323 3832 3581 3904 πρόνοιαν
3607 3834 3702 3887 γα).

2013 3919 2112 3992 τὴν
2150 3921 2354 3988 ἄφατον
2393 3919 2659 3989 δύναμινί
2697 3917 2969 3989 Καθάπερ
3009 3918 3117 3988 γὰρ
3152 3920 3333 3988 ἡμεῖς,
3390 3922 3579 3992 φησὶν,
3607 3923 3701 3975 ἐπὶ

2012 4006 2124 4077 τῆς
2146 4007 2325 4071 οἰκίας
2348 4007 2600 4078 κλείομεν
2628 4006 2723 4060 καὶ
2744 4005 3056 4076 ἀνοίγομεν,
3081 4004 3225 4059 οὔτω
3254 4007 3348 4061 καὶ
3366 4008 3394 4061 0
3418 4009 3698 4080 Δεσπότης

2013 4095 2107 4148 ἐπί
2136 4094 2237 4165 τῆς
2270 4094 2484 4163 φύσεως
2520 4091 2836 4165 ἐργάζεται.
2868 4092 2963 4146 καὶ
2986 4093 3064 4164 τῷ
3096 4094 3283 4165 οἰκείῳ
3313 4095 3698 4167 προστάγματι

2012 4182 2111 4237 καὶ
2133 4182 2232 4247 τὰς
2262 4181 2411 4244 κλεῖς
2443 4181 2660 4249 ἐπάγει,
2687 4180 2783 4233 καί
2809 4179 2972 4233 πάλιν
3002 4180 3164 4251 ἡνίκα
3188 4180 3253 4234 ἂν
3284 4180 3520 4254 βουληθῇ
3551 4184 3697 4237 ἀνοί-

2010 4288 2119 4339 γει,
2151 4269 2245 4323 καὶ
2274 4267 2487 4323 κελεύει
2518 4268 2616 4340 τὴν
2650 4266 2811 4336 φύσιν
2848 4267 2909 4321 τὸ
2935 4267 3133 4338 ἐαυτῆς
3162 4268 3510 4340 ἐργάζεσθαι.
3542 4272 3695 4326 Ἐπεὶ

2009 4353 2101 4411 οῦν
2132 4355 2498 4412 Συνέκλεισέ
2528 4374 2627 4427 με,
2668 4356 2852 4426 φησὶν,
2892 4357 2925 4410 ὁ
2957 4357 3174 4425 Κύριος
3207 4356 3313 4411 τοῦ
3348 4356 3436 4427 μὴ
3475 4360 3692 4427 τεκεῖν,

2008 4446 2247 4499 εἴσελοε
2279 4443 2429 4513 πρὸς
2452 4442 2567 4511 τὴν
2601 4441 2933 4512 παιδίσκην
2950 4461 3091 4514 μου,
3122 4444 3223 4498 ἵνα
3257 4447 3702 4517 τεκνοποιήσῃς.

2008 4532 2078 4597 ἐξ
2109 4531 2319 4596 αὐτῆς.
2347 4528 2477 4584 Οἶδα
2505 4532 2587 4585 ὅτι
2618 4529 2731 4600 ἐγώ
2760 4532 2873 4601 εἰμι
2899 4533 2932 4603 ή
2969 4530 3116 4585 αἰτία
3147 4532 3247 4604 τῆς
3277 4533 3534 4599 ἀπαιδίας
3556 4551 3569 4565 ⁸
3605 4535 3694 4589 διὰ

2008 4618 2167 4669 τοῦτο
2194 4616 2256 4670 οὐ
2286 4613 2549 4685 βούλομαί
2581 4631 2639 4667 σε
2677 4614 3051 4686 ἀποστερῆσαι
3090 4615 3193 4687 τῆς
3222 4616 3472 4671 ἐντεῦθεν
3516 4636 3696 4690 παρα-

2014 4699 2228 4771 μυθίας.
2248 4699 2410 4761 Ἴσως
2441 4698 2499 4751 δέ
2530 4697 2626 4751 καὶ
2660 4696 2983 4751 ὑπώπτευεν
3011 4698 3042 4767 ὴ
3075 4698 3225 4766 Σάρα
3252 4698 3327 4769 μὴ
3365 4700 3494 4769 παρ’
3521 4700 3691 4771 αὐτὴν

2013 4783 2181 4854 μόνην
2197 4777 2335 4835 εἶναι
2356 4779 2425 4833 τά
2442 4780 2541 4850 τῆς
2565 4779 2840 4844 ἀπαιδίας,
2864 4778 2999 4831 ἀλλά
3015 4778 3107 4831 καὶ
3131 4779 3283 4850 παρά
3304 4780 3394 4833 τὸν
3424 4783 3693 4854 πατριάρ-

2008 4884 2112 4937 χην
2134 4883 2146 4895 ·
2181 4865 2267 4920 διὰ
2295 4865 2453 4918 τοῦτο
2491 4862 2786 4934 βουλομένη
2825 4861 2891 4915 δι’
2923 4862 3102 4915 αὐτῶν
3140 4862 3248 4915 τῶν
3284 4862 3460 4935 ἔργων
3489 4864 3692 4936 πληρο-

2008 4950 2334 5023 φορηθῆναι,
2364 4948 2687 5017 παραχωρεῖ
2716 4948 2783 5017 τῇ
2832 4944 3113 5017 παιδίσκῃ,
3157 4946 3254 4999 καὶ
3288 4947 3370 5010 εἰς
3404 4947 3505 5018 τὴν
3528 4948 3691 5019 εὐνὴν

2008 5034 2178 5103 αὐτὴν
2225 5032 2369 5101 ἄγει,
2414 5030 2505 5083 ἵνα
2556 5028 2703 5099 μάθῃ
2742 5027 2809 5080 δι’
2849 5026 3028 5081 αὐτῶν
3061 5026 3170 5081 τῶν
3219 5031 3582 5100 πραγμάτων,
3613 5032 3689 5095 ὡς

2006 5118 2174 5187 ἑαυτῇ
2204 5115 2265 5169 τὸ
2289 5117 2396 5169 πᾶν
2419 5112 2621 5183 ὀφείλει
2650 5111 2979 5180 λογίζεσθαι.
3011 5109 3359 5177 ’Υπήκουσε
3387 5111 3475 5177 δὲ,
3501 5115 3688 5184 φησὶν,

2011 5202 2225 5268 Ἀϐραμ
2255 5196 2363 5266 τῆς
2391 5195 2598 5267 φωνῆς
2633 5197 2846 5263 Σάρας.
2883 5191 3058 5264 Πολλὴ
3099 5192 3194 5246 106
3224 5193 3434 5248 δικαίου
3474 5197 3507 5266 ὴ
3542 5195 3690 5264 φιλο-

2007 5281 2189 5349 σοφία.
2209 5280 2388 5351 Ὅπερ
2421 5277 2531 5349 γάρ
2571 5276 2742 5347 ἔφθην
2770 5274 2960 5337 εἰπὼν,
2984 5274 3144 5327 τοῦτο
3176 5275 3272 5328 καὶ
3296 5274 3394 5329 νῦν
3433 5276 3543 5349 ἐρῶ
3564 5293 3576 5307 ·
3603 5278 3688 5332 ὅτι

2004 5365 2129 5417 οὐτε
2179 5363 2445 5435 πρότερον
2493 5360 2653 5413 τοῦτο
2705 5357 3096 5420 ἐϐουλεύσατο,
3150 5357 3329 5413 καίτοι
3382 5360 3439 5413 ἐν
3471 5362 3688 5434 ἐσχάτῳ

2006 5449 2152 5519 γήρα
2172 5446 2358 5500 λοιπὸν
2385 5444 2482 5509 ὢν,
2513 5444 2607 5498 καὶ
2633 5442 2728 5498 νῦν
2748 5442 2846 5514 τὴν
2869 5442 3184 5514 προτροπὴν
3209 5443 3361 5513 παρὰ
3379 5446 3476 5518 τῆς
3507 5446 3689 5517 Σάρας

2004 5530 2296 5602 δεξάμενος
2327 5531 2558 5601 ἑτοίμως
2591 5531 2891 5599 ὑπήκουσε,
2917 5529 3132 5592 δεικνὺς
3159 5530 3240 5583 ὅτι
3268 5530 3367 5584 οὐκ
3393 5532 3689 5604 ἐπιθυμίας

2005 5614 2191 5668 ἕνεκεν
2235 5615 2443 5679 ἀπλῶς,
2477 5614 2597 5667 οὐδέ
2634 5613 2794 5666 πάθει
2828 5613 3242 5667 κατακολουθῶν
3271 5617 3370 5686 τῆς
3401 5618 3685 5681 συνουσίας

2005 5702 2295 5773 ἠνέσχετο,
2344 5700 2458 5754 ἀλλ’
2499 5699 2642 5752 ὥστε
2692 5699 3008 5770 σπέρματος
3047 5699 3297 5772 διαδοχὴν
3345 5703 3681 5756 καταλιπεῖν.

2005 5783 2112 5838 Καὶ
2143 5783 2420 5838 λαϐοῦσα
2453 5781 2613 5850 Σάρα
2640 5783 2677 5850 ἠ
2711 5781 2867 5851 γυνὴ
2895 5782 3111 5852 Ἀϐραμ
3149 5783 3327 5852 Ἅγαρ
3362 5784 3479 5852 τὴν
3509 5786 3682 5852 Αἰγυ-

2008 5869 2191 5922 πτίαν
2210 5866 2325 5935 τὴν
2343 5865 2565 5933 ἑαυτῆς
2584 5864 2931 5933 παιδίσκην,
2945 5865 3097 5935 μετὰ
3114 5864 3259 5919 δέκα
3281 5866 3383 5931 ἔτη
3406 5864 3510 5917 τοῦ
3536 5879 3684 5917 mm-

2012 5953 2254 6023 οικ-ῆσιιι
2293 5941 2517 6021 Ἀ’ϐριιμ
2551 5947 2631 6013 τῷ
2663 5947 2835 6017 ἀνδρί
2889 5946 3075 6017 αὐτῆς
3116 5949 3186 6001 ἐν
3232 5946 3306 6016 τῆ
3354 5947 3679 6013 Χανιινιιίᾳ,

2006 6043 2227 6100 ἔδωκεν
2246 6040 2460 6109 Ἀϐμιιμ
2481 6031 2557 6101 τῷ
2577 6033 2746 6103 ἀνδρί
2769 6032 2955 6106 αὐτῆς
2977 6030 3169 6102 αὐτὴν
3190 6026 3458 6102 γυναῖκα.
3480 6027 3684 6083 Σκόπει
