4060 6462
496 396 605 457 355

499 517 760 582 Attende,
813 518 1072 585 obsecro,
1118 515 1404 586 Scriptura:
1433 514 1758 586 diligentiam
1788 531 1803 569 :
1839 520 1897 568 ut
1937 511 2079 567 enim

494 611 763 665 discamus
789 609 935 665 illum
952 622 1057 664 non
1090 623 1209 663 mox
1238 616 1359 678 post
1387 605 1500 661 hmo
1527 606 1685 662 verba
1712 620 1830 676 qum
1857 603 1925 659 ad
1957 618 2080 659 eum

494 700 628 756 dixit
676 699 832 766 Sura,
855 700 909 755 in
952 714 1088 770 opus
1135 697 1467 770 prosiluisse,
1497 697 1618 753 ideo
1669 696 1800 753 dicit
1828 714 1843 751 :
1872 694 1940 750 Et
1966 695 2081 750 tulit

494 793 628 848 Sara
674 808 807 848 stator
833 792 983 847 Abrw
1007 791 1224 863 Agarem
1258 790 1560 861 ﬁgyptiam
1603 789 1841 844 ancillam
1885 804 2030 843 suam
2061 802 2081 842 :

488 883 641 952 queis
661 883 962 938 subindicat
987 883 1140 938 nobis
1168 882 1439 952 Scriptura
1479 881 1663 937 divina
1688 897 1809 936 eum
1844 894 2067 935 uxorem

488 990 641 1030 suam
666 974 1084 1039 consolaturum,
1105 982 1160 1030 et
1183 974 1232 1030 ei
1257 973 1477 1045 obsequi
1498 973 1784 1036 volentem,
1809 971 1946 1027 hanc
1963 985 2076 1027 rem

490 1063 705 1122 fecisse.
738 1061 873 1121 Nam
901 1073 958 1120 ut
983 1064 1260 1120 evidenter
1287 1064 1425 1120 scias
1454 1063 1766 1134 patriarcha:
1792 1062 2075 1118 continen-

488 1159 614 1210 tiam
636 1163 693 1212 et
716 1154 965 1211 eximiam
996 1156 1403 1225 temperantiam
1428 1196 1443 1221 ,
1474 1154 1601 1209 dicit
1635 1170 1649 1208 :
1682 1152 1958 1223 Postquam
1982 1152 2073 1207 de-

482 1260 594 1302 cem
620 1248 770 1302 annis
800 1247 1074 1302 habitasset
1122 1262 1238 1301 eum
1289 1246 1509 1300 Abramo
1558 1247 1665 1300 viro
1702 1261 1796 1301 suo
1840 1245 1893 1300 in
1939 1254 2073 1299 terra

481 1336 748 1394 Chanaan.
776 1338 893 1394 Non
922 1339 1124 1409 absque
1151 1353 1312 1394 causa
1336 1346 1542 1408 tempus
1567 1338 1876 1408 assignavit,
1894 1335 1990 1392 sed
2013 1342 2073 1392 ut

482 1431 621 1485 scire
650 1430 913 1500 possimus
937 1439 1069 1500 quot
1093 1430 1247 1484 aitnis
1272 1429 1449 1500 justus
1474 1428 1686 1485 fortiter
1710 1428 2068 1483 infecundita-

483 1531 588 1577 tem
620 1522 818 1588 tulerit,
847 1532 903 1578 et
928 1521 1205 1578 aﬂ‘ectibus
1235 1521 1483 1592 superior
1504 1535 1748 1591 magnam
1767 1519 2070 1576 exhibuerit

472 1615 860 1671 continentiam
891 1631 908 1670 :
942 1632 1113 1687 neque
1142 1615 1243 1671 bac
1262 1615 1460 1679 solum,
1482 1614 1577 1671 sed
1598 1623 1660 1670 ut
1680 1623 1733 1669 et
1753 1608 1893 1668 aliud
1916 1612 2068 1684 quid-

477 1704 599 1759 dam
644 1702 768 1761 inde
816 1705 1102 1762 discamus.
1155 1705 1279 1762 Ideo
1325 1708 1470 1762 enim
1523 1704 1756 1776 adjecit:
1789 1703 2066 1775 Postquam

475 1799 644 1851 decem
663 1798 811 1852 annis
835 1797 1108 1852 habitasset
1128 1814 1245 1852 eum
1265 1797 1372 1852 uiro
1400 1813 1493 1852 suo
1520 1797 1573 1851 in
1602 1806 1736 1850 terra
1774 1794 2018 1851 Chanaan
2045 1810 2065 1849 :

469 1900 579 1942 non
609 1887 750 1941 enim
781 1902 941 1945 omne
962 1895 1172 1959 tempus
1194 1886 1604 1945 eohabitatinnis
1642 1885 1796 1941 nobis
1820 1884 2060 1940 declara-

472 1980 566 2046 vit,
589 1981 682 2036 sed
705 1978 835 2037 illud
856 1981 1029 2036 solum
1070 1980 1210 2052 quod
1250 1980 1304 2035 in
1347 1976 1647 2035 Chananaza
1689 1984 2060 2049 consumptum

470 2082 570 2128 est.
599 2072 775 2142 Quare
802 2074 905 2129 hoc
929 2115 947 2140 ,
975 2082 1030 2129 et
1057 2087 1219 2143 quam
1247 2072 1316 2128 ob
1339 2071 1606 2127 causam?
1635 2071 1765 2137 Quia
1797 2071 1976 2124 statim
2004 2079 2061 2123 ut

468 2165 614 2219 venit
633 2167 689 2220 in
702 2160 1080 2231 Cbauanasam,
1101 2163 1360 2234 benignus
1379 2162 1633 2217 Dominus
1650 2159 2057 2231 promissionem

468 2257 591 2312 fecit
620 2254 702 2311 his
729 2258 910 2314 verbis
938 2272 952 2310 :
988 2255 1186 2311 Semini
1212 2263 1298 2309 tuo
1320 2254 1450 2309 dabo
1477 2263 1663 2309 terram
1684 2253 1815 2306 hanc
1834 2267 1852 2307 :
1871 2259 2059 2321 etpost

462 2346 583 2403 hmo
611 2363 823 2419 quoque
849 2346 1019 2404 semel
1036 2355 1194 2417 atque
1215 2346 1406 2401 iterum
1429 2343 1809 2416 promissiones
1821 2342 2053 2413 repetiit,

460 2446 525 2492 ut
550 2437 722 2504 scias,
755 2436 987 2506 dilecte,
1015 2437 1257 2509 quamvis
1312 2444 1460 2492 tanto
1506 2445 1748 2505 tempore
1803 2433 2056 2491 Dominus

458 2529 747 2596 distulerit,
775 2540 837 2587 et
876 2531 1140 2602 promissa
1190 2546 1297 2586 non
1340 2529 1662 2601 impleverit,
1698 2527 2053 2599 patriar-ctiam

458 2631 640 2677 tamen
684 2639 790 2678 non
821 2622 987 2679 fuisse
1034 2624 1221 2679 animo
1269 2622 1563 2689 turbatum,
1618 2620 1712 2677 sed
1757 2621 2055 2677 ratiociniis

457 2714 573 2769 suis
618 2713 795 2771 divina
826 2715 966 2771 dicta
1009 2716 1327 2787 prmttilisse.
1386 2714 1676 2785 Propterea
1720 2713 1870 2781 dicit,
1909 2712 2055 2768 Post-

459 2821 613 2873 quam
638 2806 809 2861 decem
831 2822 995 2861 annos
1019 2806 1172 2861 simul
1200 2805 1510 2861 habitassent
1538 2806 1592 2860 in
1620 2814 1754 2858 terra
1781 2803 2049 2861 Chanaan.

461 2896 649 2952 Vidisti
696 2897 900 2953 virilem
949 2896 1227 2954 animum?
1268 2896 1448 2953 vidisti
1499 2896 1853 2968 philosophiae
1896 2894 2054 2964 hujus

458 2988 936 3045 exercitationem?
974 2988 1245 3061 quomodo
1285 2989 1542 3044 Dominus
1597 2997 1657 3044 ut
1697 3003 1815 3042 eam
1866 2986 2053 3041 reddat

458 3079 822 3144 illustriorem,
848 3090 1023 3149 cesset
1051 3096 1116 3137 ac
1153 3079 1402 3136 differat?
1439 3080 1571 3136 Nam
1601 3080 1724 3151 quia
1762 3079 2049 3150 plurimum

456 3175 505 3230 ei
533 3189 677 3229 cura:
709 3185 831 3230 sunt
863 3171 1047 3230 famuli
1074 3174 1196 3240 sui,
1229 3190 1336 3229 non
1382 3174 1453 3229 ita
1501 3174 1816 3245 simpliciter
1865 3172 1919 3226 in
1957 3186 2051 3227 eos

455 3264 703 3321 conferre
726 3264 1004 3333 beneﬁcia,
1034 3262 1129 3321 sed
1160 3265 1319 3321 simul
1337 3265 1500 3320 etiam
1517 3260 1834 3335 conspicuos
1853 3262 2049 3319 redde-

455 3370 537 3419 re,
568 3355 836 3426 iidemque
880 3354 1116 3427 ipsorum
1146 3356 1394 3412 omnibus
1418 3354 1696 3411 declarare
1743 3354 1951 3426 satagit.
1986 3352 2048 3410 Si

454 3447 597 3500 enim
615 3447 796 3502 statim
819 3456 875 3502 ut
896 3448 1139 3518 promisit
1159 3462 1217 3504 se
1242 3447 1492 3504 daturum
1514 3448 1706 3505 semini
1718 3447 1835 3519 ejus
1847 3457 2045 3503 terram

456 3537 615 3603 hanc,
654 3536 950 3608 aperuisset
1002 3538 1148 3595 Sarus
1198 3539 1432 3606 vulvam,
1476 3549 1532 3595 et
1579 3537 1778 3595 liberos
1812 3538 2049 3595 dedisset

455 3642 816 3695 successores,
848 3644 1019 3700 neque
1044 3640 1147 3683 tam
1171 3646 1421 3701 magnum
1458 3629 1790 3686 exhibuisset
1813 3630 2042 3685 miracu-

447 3721 587 3787 lum,
616 3738 791 3793 neque
818 3731 923 3778 tam
946 3720 1087 3780 clara
1115 3723 1255 3795 apud
1277 3739 1466 3781 onmes
1492 3724 1681 3780 fuisset
1704 3723 1831 3794 justi
1855 3724 2043 3778 virtus.

454 3810 635 3868 Virtus
663 3814 805 3868 enim
850 3810 942 3869 Dei
969 3823 1024 3869 et
1054 3823 1177 3870 tunc
1223 3815 1504 3870 manifesta
1558 3815 1772 3884 quidem
1825 3814 2045 3870 fuisset:

450 3918 578 3958 nam
608 3912 907 3960 emortuam
935 3915 1141 3961 naturae
1166 3905 1455 3973 officinam,
1485 3916 1537 3961 et
1568 3906 1807 3962 inutilem
1826 3908 1891 3961 ad
1919 3922 2046 3976 pro-

450 3995 713 4051 creandos
738 3996 880 4053 filios
912 3995 1123 4064 factam,
1159 4013 1256 4052 suo
1282 4007 1551 4066 prmcepto
1595 3998 1783 4051 iterum
1807 4007 2046 4068 vegetam

450 4088 668 4144 fecisset
696 4103 715 4144 :
745 4097 799 4144 at
821 4104 928 4144 non
953 4090 1024 4144 ita
1056 4103 1271 4144 suarum
1294 4087 1507 4143 laudum
1538 4103 1736 4143 corona
1763 4088 2047 4145 redimitus

454 4178 640 4235 fuisset
669 4179 991 4251 patriarcha,
1026 4190 1080 4233 ut
1110 4194 1251 4234 nunc
1275 4194 1399 4233 cum
1421 4187 1568 4234 tanto
1606 4188 1845 4249 tempore
1881 4178 2046 4248 ipsius

452 4271 675 4343 probata
699 4281 779 4329 est
808 4272 995 4337 virtus,
1027 4280 1081 4327 et
1107 4271 1344 4342 quotidie
1370 4270 1509 4326 facta
1534 4279 1617 4327 est
1643 4270 1863 4326 clarior.

521 4366 576 4422 3.
627 4366 694 4421 Et
720 4375 777 4420 ut
806 4365 943 4419 scias
988 4364 1153 4419 Deum
1185 4380 1290 4420 non
1322 4364 1498 4419 solum
1525 4363 1779 4420 beneficia
1808 4374 1862 4419 ct
1905 4364 2045 4420 dona

452 4476 548 4514 sua
594 4457 841 4514 conferre
869 4457 1027 4523 velle,
1061 4457 1153 4513 sed
1182 4458 1393 4512 solitum
1444 4472 1565 4512 esse
1612 4455 1865 4513 beneficia
1895 4472 2044 4513 acce-

456 4563 639 4621 pturos
667 4551 893 4607 reddere
914 4552 1192 4618 clariores,
1223 4550 1343 4605 vide
1372 4548 1516 4604 illum
1548 4549 1651 4605 hoc
1679 4560 1726 4604 ct
1761 4549 1813 4604 in
1840 4546 2047 4605 Chana-

452 4660 567 4701 rtea
597 4644 685 4700 illa
719 4645 912 4711 facere,
945 4653 999 4699 ct
1044 4643 1243 4699 ideirco
1268 4658 1480 4698 cessare
1507 4656 1568 4697 ac
1597 4638 1827 4707 dillerre,
1856 4651 1912 4696 ut
1940 4656 2044 4698 non

450 4734 623 4790 solum
655 4735 963 4806 petitionem
1005 4733 1145 4788 illius
1193 4733 1441 4789 exaudiat
1470 4730 1682 4803 (Matth.
1731 4727 1842 4803 15),
1875 4731 1967 4786 sed
1995 4740 2048 4787 et

449 4832 511 4884 ut
535 4825 679 4883 illam
711 4827 879 4898 ipsam
910 4827 962 4881 in
992 4835 1103 4882 toto
1122 4827 1251 4881 orbe
1271 4825 1535 4881 celebrem
1564 4822 1769 4879 reddat.
1797 4822 2049 4889 Quando-

447 4920 666 4991 quidem
705 4933 827 4974 cum
872 4916 1193 4989 supplicaret
1240 4933 1303 4972 ac
1343 4916 1541 4972 diceret
1572 4934 1587 4970 :
1622 4913 1863 4970 Miserere
1905 4915 2042 4982 mei,

450 5011 689 5079 Domine,
712 5011 830 5082 quia
860 5009 968 5079 ﬁlia
992 5025 1101 5063 mea
1122 5008 1255 5063 male
1272 5026 1302 5061 a
1324 5007 1573 5062 daemonio
1595 5016 1851 5076 torquetur
1880 5002 2041 5068 (Ibid.

448 5119 497 5155 υ.
530 5099 627 5174 2'2)
670 5118 683 5154 :
716 5115 890 5170 neque
926 5113 1188 5168 responso
1223 5114 1343 5154 eam
1388 5097 1632 5169 dignatur
1659 5098 1963 5152 misericors
1986 5105 2047 5152 et

441 5190 902 5249 clementissimus
939 5188 1195 5245 Dominus
1234 5188 1347 5262 (a),
1375 5189 1568 5260 alioqui
1620 5204 1806 5259 preces
1835 5198 2046 5248 nostras

444 5298 668 5354 semper
696 5282 1049 5354 praeveniens.
1081 5281 1148 5336 Et
1196 5278 1440 5351 discipuli
1484 5280 1698 5352 quidem
1745 5280 2045 5336 nescientes

449 5373 580 5445 quid
625 5371 857 5429 futurum
888 5380 1052 5441 esset,
1099 5381 1301 5428 etcum
1345 5387 1527 5427 curam
1573 5387 1730 5443 agere
1756 5373 2036 5438 mulieris,

456 5538 642 5611 legitur
660 5538 789 5610 μεσιτά⁸
806 5541 922 5589 δέκα
941 5540 1023 5611 ξπ)
1042 5537 1128 5611 ῖοῦ
1171 5540 1393 5611 θῖιιῆενιιιι⁸
1412 5538 1609 5611 ’ξΑϐροιρἶ
1635 5541 1683 5589 ἐν
1713 5546 1781 5610 ,γῇ
1824 5541 2032 5611 Χαναάγ.

454 5600 792 5663 titirysostomi
820 5615 937 5651 vero
955 5602 1225 5651 lectionem
1248 5616 1345 5652 non
1370 5600 1524 5653 fuisse
1562 5600 1867 5653 librariorum
1900 5603 2036 5654 ausi-

453 5663 549 5729 bus
573 5669 884 5729 temeratam,
909 5664 1023 5714 hinc
1049 5663 1285 5729 liquidum
1313 5671 1409 5725 est,
1432 5664 1561 5728 quod
1592 5666 1764 5715 eadem
1798 5663 1901 5729 ipsa
1924 5663 2034 5716 sine

456 5724 742 5787 discrimine
768 5724 844 5787 bis
866 5723 1159 5787 repetantur
1183 5723 1324 5774 infra.

520 5785 592 5846 (η)
622 5786 743 5851 Quae
765 5784 846 5835 hic
870 5784 937 5835 de
958 5788 1229 5851 Chananaea
1247 5787 1499 5851 dicuntur,
1522 5787 1695 5851 eadem
1722 5785 1825 5849 ipsa
1860 5798 2033 5851 perse-

459 5850 629 5909 quitur
653 5847 1029 5911 Chrysostomus
1050 5847 1231 5899 Humil.
1263 5849 1322 5899 55
1348 5848 1396 5898 in
1428 5847 1725 5901 Hattlueum.

1422 398 1493 455 ΙΝ
1529 396 1682 456 CAP.
1723 393 1863 452 XVI.
1908 391 2154 452 GENES.
2197 393 2424 453 llOMlL.
2466 394 2752 455 XXXVlH.

3679 411 3789 467 δτι

2193 508 2445 581 nolleque
2470 511 2776 568 thesaurum
2820 512 2936 585 ejus
2964 514 3152 584 latere,
3181 525 3341 589 atque
3385 519 3505 575 ideo
3551 537 3655 578 non
3690 540 3779 579 re-

2188 599 2478 670 spondere,
2504 602 2656 672 quasi
2686 603 2888 674 majore
2914 606 3380 665 commiseratione
3408 609 3573 679 ducti,
3602 629 3782 671 acces-

2185 700 2372 747 serunt
2413 701 2470 749 et
2508 693 2861 751 obsecrabant
2907 712 3029 753 eum
3071 698 3313 756 dicentes
3343 720 3356 757 :
3389 701 3597 760 Dimitte
3622 723 3733 762 eam
3756 751 3791 777 ,,

2183 786 2303 855 quia
2316 785 2624 858 clamanpost
2650 804 2742 843 nos
2757 787 2968 861 (Matth.
2989 791 3074 847 l5.
3095 790 3190 862 25)
3212 795 3391 863 :quasi
3419 805 3780 855 monstrarent

2183 890 2241 931 se
2260 874 2370 946 jam
2398 893 2505 933 non
2544 878 2685 936 ferre
2711 880 2852 936 illius
2880 883 3199 940 molestiam.
3230 884 3438 942 Dimitte
3459 889 3601 943 enim
3626 906 3737 946 eam
3760 935 3787 959 μ

2182 967 2450 1039 inquiunt,
2480 985 2586 1027 non
2626 972 2749 1043 quia
2775 980 2882 1029 tam
2910 989 3213 1031 mrumnosa
3239 986 3342 1045 est,
3373 994 3478 1034 non
3507 980 3630 1050 quia
3656 996 3763 1051 pre.

2180 1073 2273 1115 ces
2299 1059 2415 1130 ejus
2443 1063 2790 1121 rationabiles
2816 1075 2960 1131 sunt,
2989 1067 3083 1123 sed
3114 1068 3246 1136 Quia
3285 1070 3470 1125 clamat
3521 1083 3633 1144 post
3661 1091 3774 1131 nos.

2180 1150 2318 1219 Quid
2364 1152 2523 1223 igitur
2550 1152 2849 1211 Dominus?
2880 1156 3077 1215 Valens
3105 1167 3160 1214 et
3187 1160 3443 1230 paulatim
3474 1163 3617 1217 illius
3662 1165 3780 1220 the-

2178 1257 2397 1300 saurum
2446 1245 2728 1317 detegere,
2777 1256 2834 1304 et
2878 1249 3075 1306 docere
3120 1262 3375 1322 quantum
3423 1254 3665 1326 discipuli
3709 1258 3781 1313 ah

2178 1334 2511 1393 humanitate
2554 1352 2649 1393 sua
2692 1340 2961 1408 abessent,
3010 1358 3326 1412 responsum
3373 1345 3485 1415 dat,
3534 1348 3676 1418 quod
3722 1359 3777 1407 et

2176 1429 2416 1485 mulieris
2445 1445 2717 1487 occaecare
2742 1442 2999 1500 montem,
3025 1434 3127 1489 nisi
3148 1442 3294 1491 tanto
3314 1435 3498 1493 fuisset
3515 1453 3777 1496 succensa

2178 1521 2446 1579 desiderio
2496 1523 2875 1595 alacritateque
2930 1526 3220 1597 viguisset,
3267 1536 3324 1585 et
3368 1528 3659 1600 discipulos
3704 1533 3783 1588 ab

2177 1613 2606 1685 interpellatione
2653 1616 2930 1673 deterrere
2976 1618 3253 1688 potuisset.
3302 1617 3422 1674 Non
3465 1637 3580 1675 sum
3626 1622 3773 1677 enim

2171 1706 2377 1774 missus,
2406 1707 2578 1779 inquit
2596 1746 2613 1775 ,
2640 1709 2739 1764 nisi
2765 1709 2835 1765 ad
2865 1725 2980 1765 oves
3015 1710 3196 1766 domus
3222 1710 3410 1780 Israel,
3451 1728 3565 1783 quae
3601 1716 3771 1785 perie-

2170 1807 2288 1854 runt
2314 1797 2477 1870 (Ibid.
2511 1816 2558 1856 ν.
2587 1798 2702 1872 94).
2731 1800 2799 1856 Ει
2822 1800 2924 1858 hoc
2947 1801 3162 1873 quidem
3196 1802 3397 1858 dictum
3418 1803 3536 1859 illos
3560 1805 3775 1860 abster-

2168 1892 2298 1959 ruit,
2331 1906 2399 1948 ne
2428 1907 2527 1962 pro
2548 1893 2780 1949 mollem
2805 1892 3238 1960 intercederent;
3270 1893 3364 1949 sed
3393 1894 3535 1950 illam
3559 1899 3771 1966 segnio-

2167 1999 2282 2039 rem
2318 1999 2425 2038 non
2451 1982 2597 2050 fecit,
2629 1984 2739 2039 imo
2760 1983 2817 2040 in
2840 1999 2999 2042 causa
3024 1983 3121 2041 fuit
3153 1993 3209 2040 ut
3235 1986 3405 2056 magis
3433 1994 3666 2056 urgeret.
3692 1987 3774 2042 Ita

2164 2077 2306 2131 enim
2331 2090 2391 2132 se
2416 2075 2575 2133 habet
2603 2078 2781 2133 anima
2808 2076 3017 2143 dolens,
3048 2084 3104 2133 et
3127 2075 3355 2133 ferventi
3379 2078 3574 2134 aﬂoctu
3611 2092 3769 2137 acoe-

2163 2166 2296 2222 dens
2321 2186 2334 2222 :
2365 2168 2496 2223 nihil
2521 2168 2747 2225 attendit
2781 2182 2969 2225 eorum
3011 2183 3131 2241 quae
3156 2169 3443 2235 dicuntur;
3473 2168 3568 2224 sed
3595 2185 3763 2226 unum

2165 2257 2340 2313 solum
2370 2268 2599 2329 spectat,
2622 2258 2894 2330 quomodo
2924 2275 2985 2314 ca
3012 2275 3132 2330 quas
3170 2260 3275 2315 sibi
3300 2275 3445 2315 cura:
3474 2269 3601 2315 sunt
3622 2274 3771 2317 asse-

2162 2358 2356 2419 quatur
2386 2367 2400 2404 :
2432 2349 2482 2404 id
2509 2350 2651 2420 quod
2678 2358 2732 2405 et
2749 2351 2851 2405 ista
2879 2348 3023 2405 fecit.
3050 2349 3416 2406 A'uditisenim
3439 2349 3544 2417 bis,
3574 2350 3773 2405 iterum

2165 2440 2354 2511 inquit,
2387 2441 2631 2495 Adoravit
2677 2457 2810 2508 eum,
2860 2441 3031 2496 dicens
3062 2457 3081 2495 :
3112 2440 3354 2496 Miserere
3400 2442 3520 2507 mei,
3553 2440 3771 2496 Domine

2162 2530 2325 2602 (Ibid.
2357 2546 2405 2585 υ.
2431 2529 2549 2603 25).
2584 2530 2799 2588 Sciebat
2820 2531 3037 2587 Domini
3082 2531 3522 2596 misericordiam,
3555 2540 3611 2586 et
3640 2547 3766 2603 pro-

2161 2621 2287 2678 inde
2312 2637 2502 2693 magna
2534 2620 2853 2677 assiduitate
2880 2621 3146 2678 utebatur.
3168 2619 3279 2677 Sed
3323 2620 3445 2676 vide
3473 2622 3778 2692 sapientem

2160 2716 2311 2772 illum
2342 2726 2397 2773 et
2433 2716 2713 2783 solertem,
2758 2714 3030 2787 quomodo
3075 2730 3251 2785 neque
3288 2715 3368 2770 sic
3405 2723 3625 2782 annuat,
3670 2714 3767 2771 sed

2163 2808 2407 2880 asperius
2433 2816 2489 2864 et
2515 2807 2889 2864 vehementius
2918 2806 3062 2861 illam
3101 2806 3415 2861 concutiens
3444 2817 3764 2877 responsum

2157 2901 2266 2956 det.
2299 2899 2515 2956 Sciebat
2555 2899 2698 2955 enim
2751 2897 3114 2953 fortitudinem
3160 2895 3422 2961 mulieris,
3469 2904 3525 2950 et
3551 2895 3768 2951 volebat

2157 3006 2275 3046 eam
2306 3006 2412 3044 non
2442 2987 2653 3045 occulte
2680 2987 2928 3057 accipere
2954 2985 3268 3042 beneﬁcium
3292 3001 3309 3053 ;
3339 2986 3409 3041 ita
3432 2995 3491 3041 ut
3515 2983 3763 3056 discipuli

2156 3082 2427 3138 discerent
2462 3098 2527 3137 ex
2570 3080 2710 3136 facto
2759 3078 3030 3135 dilationis
3071 3091 3309 3143 causam,
3341 3086 3396 3133 et
3440 3077 3529 3131 alii
3574 3092 3777 3133 omnes.

2156 3174 2504 3239 docerentur,
2530 3177 2728 3242 quanta
2778 3169 2848 3226 sit
2896 3167 3226 3224 assiduitatis
3250 3175 3306 3223 et
3350 3166 3764 3238 perseverantia

2161 3265 2416 3337 potentia,
2446 3274 2502 3321 et
2528 3263 2769 3320 mulieris
2798 3262 2987 3318 virtus.
3016 3261 3148 3316 Nam
3196 3260 3327 3316 dicit
3359 3278 3371 3314 :
3407 3259 3529 3315 Non
3569 3269 3640 3314 est
3677 3260 3764 3315 bo-

2156 3374 2281 3412 num
2309 3371 2507 3411 sumere
2544 3370 2724 3426 panem
2762 3353 3006 3424 ﬁliorum,
3039 3361 3086 3406 et
3114 3352 3330 3419 objicere
3357 3350 3567 3405 canibus
3594 3347 3760 3422 (Ibid.

2154 3466 2201 3505 υ.
2228 3448 2346 3521 26).
2391 3448 2511 3515 llic,
2544 3446 2790 3512 obsecro,
2822 3442 3191 3501 animadverte
3235 3442 3475 3497 mulieris
3504 3449 3760 3497 constan-

2155 3543 2304 3609 tiam,
2352 3548 2551 3611 quanta
2597 3538 2872 3594 alacritate
2920 3550 3180 3592 succensa
3234 3534 3411 3602 fuerit,
3464 3542 3661 3604 quanta
3706 3533 3767 3588 iu

2155 3634 2320 3688 Dium
2348 3632 2451 3688 llde
2472 3629 2685 3687 incitata
2715 3628 2888 3691 fuerit,
2918 3643 3041 3683 cum
3063 3626 3273 3682 interim
3302 3625 3503 3680 viscera
3535 3624 3671 3695 ipsa,
3702 3634 3761 3679 ut

2154 3729 2223 3783 ita
2253 3726 2451 3792 dicam,
2499 3740 2607 3795 pra:
2635 3723 2823 3780 dolore
2865 3722 3281 3785 dissecarentur,
3326 3726 3384 3774 et
3425 3718 3587 3773 multa
3635 3716 3760 3773 tilias

2153 3820 2621 3877 commiseratione
2651 3826 2923 3874 teneretur
2955 3833 2970 3870 :
3004 3829 3110 3871 non
3134 3822 3446 3880 aversatur,
3479 3827 3578 3870 nec
3615 3820 3763 3867 retro

2153 3914 2296 3969 cedit
2322 3911 2392 3968 ob
2411 3911 2557 3968 verbi
2579 3909 2956 3965 contumeliam
2982 3922 2996 3974 ;
3027 3905 3120 3961 sed
3144 3906 3325 3960 audito
3344 3905 3493 3959 cauis
3517 3903 3756 3967 nomine,

2151 4006 2277 4063 boni
2327 4003 2575 4069 consulit,
2626 4013 2681 4058 et
2705 4002 2901 4058 fatetur
2927 4014 2988 4056 se
3017 3998 3292 4062 catellum,
3327 4005 3387 4052 ut
3413 4011 3443 4050 a
3475 4010 3666 4051 canum
3697 3996 3760 4050 li-

2153 4097 2369 4152 beretur
2415 4094 2651 4158 feritate,
2685 4101 2741 4148 et
2771 4092 2823 4146 in
2853 4090 3086 4145 filiorum
3123 4088 3303 4144 statim
3330 4087 3590 4158 allegatur
3614 4084 3760 4142 ordi-

2152 4205 2297 4246 nem.
2331 4187 2468 4244 Audi
2502 4186 2717 4241 tandem
2764 4182 2891 4255 quid
2939 4181 3006 4237 ad
3052 4180 3169 4237 lucc
3215 4179 3410 4235 mulier
3454 4176 3673 4244 dixerit,
3701 4185 3759 4231 ut

2150 4282 2328 4337 discas
2356 4289 2612 4349 quantutn
2642 4292 2706 4332 ex
2739 4274 3216 4345 procrastinationc
3262 4270 3358 4325 Dei
3388 4269 3593 4325 lucrum
3621 4284 3756 4323 eon-

2149 4366 2389 4422 cedatur.
2421 4363 2537 4419 Non
2567 4362 2741 4418 solum
2768 4361 3041 4416 enimnon
3069 4356 3252 4427 abegit
3276 4354 3555 4409 mulierem
3583 4353 3756 4407 dicto-

2150 4474 2272 4515 rum
2298 4458 2583 4528 asperitas,
2609 4454 2705 4511 sed
2734 4453 2786 4509 in
2810 4453 3070 4523 majorem
3096 4447 3426 4504 alacritatem
3458 4445 3710 4500 excitavit
3738 4461 3753 4499 :

2153 4564 2345 4619 nempe
2370 4556 2652 4620 postquam
2704 4544 2906 4601 audivit
2935 4542 3052 4597 haec
3079 4539 3263 4606 verba,
3294 4536 3462 4609 inquit
3497 4554 3509 4591 :
3544 4534 3714 4589 Etiam
3738 4576 3753 4600 ,

2157 4641 2406 4706 Domine;
2434 4655 2555 4695 nam
2597 4649 2644 4694 et
2683 4635 2854 4691 catelli
2881 4637 3034 4690 edunt
3083 4632 3148 4688 de
3176 4631 3321 4685 micis
3358 4643 3473 4699 quae
3508 4626 3696 4682 cadunt
3725 4643 3758 4679 ι

2153 4749 2325 4787 musa
2353 4731 2679 4787 dominorum
2710 4744 2917 4784 suorum
2947 4725 3105 4798 (Ibid.
3130 4740 3179 4778 υ⁴
3210 4721 3324 4792 27).

2230 4825 2536 4880 Chanana’te
2571 4822 2697 4892 fides
2725 4812 3250 4874 laudatum—Vidisti
3281 4826 3446 4884 quare
3475 4812 3754 4880 hucusque

2151 4914 2458 4973 distulerit?
2489 4912 2559 4971 Ut
2581 4927 2676 4984 per
2700 4910 2860 4966 verba
2883 4906 3123 4962 mulieris
3146 4903 3303 4959 fidem
3334 4902 3473 4957 illius
3500 4900 3755 4957 eximiam

2150 5011 2438 5067 discamus.
2493 5005 2623 5061 Vide
2665 5003 2808 5059 enim
2852 4998 3120 5073 quomodo
3164 4996 3341 5053 statim
3371 5011 3492 5051 eam
3521 4994 3755 5049 laudavit

2150 5115 2199 5159 ct
2228 5098 2505 5158 coronavit
2547 5097 2807 5153 Dominus
2828 5137 2843 5158 ,
2871 5094 3058 5151 dicens
3088 5108 3103 5148 :
3134 5089 3179 5146 0
3227 5089 3429 5157 mulier,
3458 5103 3643 5158 magna
3683 5095 3755 5141 est

2149 5199 2276 5267 ﬁdes
2306 5204 2392 5250 tua
2415 5191 2574 5267 (Ibid.
2601 5206 2651 5245 υ.
2668 5188 2786 5259 28).
2812 5187 2983 5254 Quam
3012 5181 3270 5256 principio
3291 5194 3465 5251 neque
3494 5191 3755 5249 responso

2148 5286 2489 5356 dignabatur,
2533 5297 2658 5339 cum
2713 5278 3065 5335 admiratione
3111 5283 3166 5331 ct
3221 5270 3465 5329 laudibus
3512 5270 3750 5325 dimittit.

2152 5378 2368 5448 Magna,
2395 5374 2584 5445 inquit,
2611 5382 2689 5428 est
2710 5371 2836 5442 ﬁdes
2862 5380 2969 5423 tua.
2999 5366 3128 5422 Erat
3150 5364 3294 5421 enim
3322 5377 3508 5418 revera
3535 5375 3749 5431 magna,

2150 5468 2291 5540 quod
2322 5483 2444 5523 cum
2470 5466 2677 5523 videret
2700 5464 2870 5520 semel
2891 5472 3053 5531 atque
3078 5464 3273 5515 iterum
3302 5466 3357 5514 et
3380 5455 3576 5525 sacpius
3600 5468 3752 5509 aver-

2148 5572 2354 5619 santem
2379 5573 2589 5631 preces,
2619 5572 2725 5612 non
2755 5557 2966 5626 segnior
2993 5551 3131 5608 facta
3163 5549 3341 5615 fuerit,
3373 5561 3548 5617 neque
3574 5552 3751 5601 retro-

2146 5653 2393 5720 cesserit,
2440 5650 2536 5707 sed
2581 5645 2995 5721 perseverantia:
3035 5641 3345 5699 assiduitate
3385 5634 3752 5710 provocaverit

2150 5743 2458 5808 Dominum,
2489 5742 2558 5797 ita
2601 5750 2657 5796 ut
2696 5737 2804 5793 voti
2833 5750 3055 5807 compos
3102 5731 3272 5789 fieret.
3305 5729 3425 5785 Fiat
3453 5728 3594 5784 enim
3624 5722 3745 5786 tibi,

2144 5838 2476 5911 inquit,sicut
2505 5836 2595 5892 vis.
2626 5832 2811 5889 Vidisti
2841 5829 3110 5903 quomodo
3131 5827 3217 5896 qui
3237 5827 3386 5893 prius
3410 5822 3548 5878 illam
3571 5829 3747 5888 neque
