4060 6420
450 360 557 417 855

447 486 708 547 responso
734 478 981 551 dignatus
1029 483 1218 554 fuerat,
1247 504 1389 545 nunc
1433 491 1801 562 largitionibus
1825 497 2037 553 certat?

446 566 562 623 Non
592 569 736 624 enim
762 570 1079 644 simpliciter
1105 579 1292 635 annuit
1320 583 1564 651 precibus
1589 584 1751 653 illius,
1782 587 1875 642 sed
1908 604 2042 657 pra:-

442 660 640 716 dicavit
665 672 719 719 et
764 664 1055 723 celebravit
1082 669 1246 726 illam.
1292 672 1422 728 Nam
1453 674 1702 745 dicendo,
1734 676 1780 731 0
1817 677 1999 733 mulier
2018 719 2036 748 ,

442 750 782 823 monstravit,
810 760 1079 828 quomodo
1102 761 1259 817 fidem
1280 764 1397 835 ejus
1421 765 1791 839 Obstupescat:
1810 769 2038 827 dicendo

442 849 639 909 autem,
673 842 867 917 Magna
908 858 981 903 est
1009 850 1138 920 ﬁdes
1179 863 1287 919 tua,
1316 854 1532 912 divitias
1560 874 1768 930 quoque
1798 862 2037 918 mulieris

424 932 687 989 ostendit.
719 935 923 994 Deinde
968 939 1140 1012 inquit
1171 959 1184 995 :
1219 942 1339 999 Fiat
1380 946 1468 1000 tibi
1490 947 1620 1002 sicut
1646 949 1738 1004 vis.
1766 948 2033 1017 Quantum

436 1027 534 1095 vis,
566 1037 823 1099 quantum
848 1034 1034 1091 animo
1053 1038 1311 1109 concipis,
1346 1049 1549 1096 tantum
1597 1041 1836 1111 praebeo.
1863 1043 2030 1100 Tanta

430 1118 577 1173 enim
613 1129 698 1175 tua
728 1128 1129 1194 perseverantia
1170 1128 1385 1200 dignam
1415 1140 1467 1187 te
1494 1131 1785 1188 declaravit
1826 1144 1912 1190 tua
1940 1151 2034 1206 pe-

435 1207 646 1265 titione.
674 1211 893 1271 Vidistis
919 1216 1157 1273 mulieris
1182 1220 1584 1277 constantiam?
1607 1222 1811 1279 vidistis
1835 1223 2030 1280 divinae

433 1298 703 1358 t'ilationis
752 1318 998 1374 causam,
1042 1305 1294 1366 videlicet
1338 1321 1397 1366 ut
1437 1312 1712 1368 mulierem
1744 1314 2026 1370 clariorem

434 1388 719 1445 redderet?
746 1391 1048 1453 Redeamus
1076 1407 1278 1467 autem,
1305 1401 1350 1456 si
1381 1400 1574 1472 placet,
1602 1402 1670 1458 ad
1700 1406 2025 1475 propositam

428 1478 723 1551 historiam,
753 1493 806 1539 et
833 1484 1104 1545 discamus
1136 1498 1356 1561 propter
1393 1492 1522 1548 nihil
1545 1494 1688 1550 aliud
1718 1497 2028 1566 promissio-

425 1586 522 1628 ues
562 1574 886 1644 patriarchae
915 1578 1085 1636 factas
1129 1589 1210 1637 tot
1255 1583 1411 1641 annis
1440 1585 1664 1658 implere
1706 1587 1979 1646 distulisse
2004 1631 2020 1659 ,

426 1677 586 1734 quam
618 1673 678 1720 ut
701 1667 866 1723 multa
895 1684 1017 1726 cum
1065 1672 1234 1740 gloria
1257 1688 1352 1731 eas
1382 1676 1457 1731 illi
1483 1678 1822 1748 concederet,
1850 1682 2025 1736 omni-

421 1754 630 1828 busque
657 1769 979 1817 monstraret
989 1762 1121 1833 justi
1149 1764 1330 1822 fidem.
1355 1767 1559 1825 Idcirco
1579 1770 1725 1838 dicit,
1746 1771 2020 1844 Postquam

419 1847 592 1903 decem
636 1866 798 1907 annos
845 1854 1000 1910 simul
1044 1856 1316 1915 habitasset
1356 1862 1411 1916 in
1459 1872 1593 1918 terra
1646 1865 1889 1921 Chanaan
1918 1884 1937 1923 :
1963 1877 2022 1924 ut

420 1936 597 1995 discas
621 1950 879 2012 quantum
912 1948 1258 2017 praeteriisset
1287 1953 1542 2024 temporis
1567 1970 1632 2010 ex
1660 1972 1765 2028 quo
1792 1960 2022 2029 promis-

414 2030 597 2088 siones
614 2036 930 2105 accepisset.
953 2038 1141 2095 Statim
1159 2041 1301 2096 enim
1326 2052 1384 2099 ut
1403 2046 1549 2100 venit
1566 2047 1617 2102 in
1635 2046 2012 2115 Cbananaeam,

411 2122 615 2179 audivit
646 2142 661 2180 :
691 2125 889 2184 Seutini
906 2138 994 2186 tuo
1023 2131 1153 2188 dabo
1181 2145 1365 2191 terram
1390 2139 1523 2193 hanc
1548 2155 1568 2195 :
1596 2150 1653 2196 et
1675 2152 1821 2199 tanto
1849 2144 2015 2200 inter-

417 2215 560 2270 vallo
587 2220 845 2291 temporis
874 2221 1078 2300 absque
1105 2225 1287 2282 liberis
1334 2221 1626 2302 manserat,
1656 2234 2014 2307 stcrilitasque

410 2304 559 2361 Sarae
589 2307 803 2365 interim
841 2314 1154 2384 augebatur.
1183 2314 1251 2371 Et
1275 2318 1435 2391 dedit,
1476 2321 1668 2395 inquit,
1701 2324 1840 2397 Agar
1864 2304 2015 2382 Abrae

384 2394 517 2450 miro
544 2412 639 2451 suo
667 2399 719 2454 in
744 2416 975 2458 uxorem.

480 2489 538 2544 4.
573 2489 706 2546 Vide
730 2503 927 2563 quanta
949 2497 1110 2553 etiam
1131 2497 1260 2554 olim
1280 2499 1613 2575 philosophia
1642 2506 1782 2578 apud
1801 2517 2010 2566 veteres

408 2581 795 2651 exercebatur;
835 2588 1111 2663 quomodo
1156 2599 1211 2647 et
1252 2592 1355 2648 viri
1402 2603 1762 2667 temperantes
1812 2610 2004 2669 erant,

408 2685 763 2747 magnamque
806 2680 1152 2737 continentiae
1182 2682 1448 2743 habebant
1493 2692 1774 2760 rationem,
1804 2710 1867 2750 ac
1890 2712 2008 2751 mu-

404 2763 565 2820 lieres
593 2767 870 2841 zelotypia:
897 2773 1149 2830 carebant
1169 2776 1317 2832 vitio.
1350 2779 1531 2837 Dedita
1554 2785 1697 2839 enim
1719 2800 1882 2856 Opera
1904 2804 2003 2845 sar-

402 2858 523 2928 pius
551 2858 682 2916 dicit
700 2862 969 2934 Scriptum
997 2885 1009 2921 :
1035 2865 1104 2922 Et
1126 2878 1180 2924 ut
1200 2872 1318 2926 tulit
1346 2872 1482 2928 Sara
1496 2874 1716 2948 Agarem
1734 2881 2002 2938 ancillam:

397 2955 453 3002 et
482 2948 672 3006 iterum
702 2968 715 3006 :
748 2950 905 3009 Dedit
933 2967 1046 3011 eam
1065 2959 1119 3014 in
1161 2977 1374 3018 uxorem
1404 2980 1423 3019 :
1452 2975 1510 3021 ut
1537 2967 1711 3024 discas
1733 2972 2002 3040 quomodo

395 3039 599 3109 absque
621 3042 783 3098 animi
809 3047 1127 3116 aegritudine
1152 3055 1425 3124 negotium
1448 3060 1637 3128 egerit,
1664 3070 1720 3116 et
1743 3039 2000 3132 quantum

395 3132 538 3202 apud
568 3149 663 3191 eos
692 3147 838 3194 esset
867 3141 1076 3197 virtutis
1120 3146 1378 3203 studium.
1403 3150 1458 3205 4.
1489 3149 1558 3206 Et
1587 3153 1844 3225 ingret-sus
1886 3166 1994 3224 est,

393 3222 586 3294 inquit,
616 3226 685 3280 ad
725 3227 883 3300 Agar,
935 3242 985 3288 et
1030 3238 1278 3306 concepit.
1335 3239 1471 3298 Vide
1520 3222 1791 3314 quomodo
1839 3222 1999 3306 discit

391 3316 547 3386 Sara,
578 3333 685 3375 non
709 3319 914 3392 justum
942 3325 995 3381 in
1022 3342 1183 3383 causa
1214 3329 1397 3400 fuisse,
1424 3337 1566 3407 quod
1587 3350 1832 3398 carerent
1851 3342 1993 3410 ﬁliis,

389 3407 485 3463 sed
534 3425 630 3465 sua
678 3414 861 3482 potius
906 3419 1162 3476 sterilitas
1194 3439 1209 3480 :
1236 3425 1415 3481 statim
1458 3428 1602 3483 enim
1646 3445 1996 3504 congressum

391 3515 517 3555 cum
543 3502 737 3559 ancilla
784 3506 1111 3579 subsequnta
1139 3522 1223 3569 est
1252 3520 1550 3589 conceptio.
1581 3502 1844 3580 Caeterum
1873 3527 1995 3584 vide

386 3601 445 3648 et
469 3594 678 3652 ancillae
709 3597 975 3670 ingratum
1011 3605 1250 3661 animum
1273 3650 1287 3671 ,
1316 3619 1371 3665 et
1398 3613 1672 3670 muliebris
1714 3633 1875 3675 sexus
1905 3620 1992 3676 in-

385 3686 695 3744 ttrmitatem
727 3708 741 3746 :
767 3702 828 3747 ut
852 3693 1034 3750 discas
1070 3698 1237 3755 etiam
1264 3702 1365 3759 hoc
1394 3704 1513 3760 loco
1540 3709 1854 3777 patriarcha:
1885 3714 1990 3769 mi-

383 3791 502 3833 ram
527 3779 823 3838 lenitatem.
859 3784 925 3840 Et
964 3789 1110 3857 vidit,
1141 3791 1332 3862 inquit,
1366 3800 1501 3868 quod
1529 3810 1727 3856 uterum
1758 3817 1986 3877 gereret,

383 3876 434 3922 et
458 3879 743 3943 contempta
785 3885 859 3931 est
904 3876 1112 3936 domina
1156 3898 1330 3939 coram
1368 3904 1445 3941 ea.
1498 3890 1590 3948 Ille
1636 3876 1779 3950 enim
1822 3897 1988 3957 ferme

381 3973 660 4017 servorum
690 3980 810 4024 mes
860 3979 964 4039 est,
1017 3981 1076 4028 ut
1113 3990 1234 4031 cum
1282 3992 1469 4050 parum
1514 3987 1880 4055 prosperitatis
1908 3992 1987 4048 eis

381 4057 691 4127 accesserit,
723 4075 993 4133 nequeant
1020 4065 1160 4125 intra
1204 4085 1331 4128 suos
1359 4073 1559 4132 limites
1601 4094 1857 4151 manere;
1889 4083 1984 4141 sed

381 4147 564 4203 statim
592 4149 673 4205 sui
702 4152 909 4211 ordinis
937 4158 1342 4232 obliviscantur,
1375 4176 1432 4223 et
1461 4169 1651 4241 ingrati
1679 4174 1832 4233 facile
1856 4192 1982 4233 eva-

380 4234 510 4293 dant
539 4254 555 4294 :
584 4238 638 4296 id
668 4243 810 4313 quod
843 4256 898 4302 et
945 4250 1071 4306 huic
1111 4255 1317 4312 ancilla:
1360 4234 1573 4317 accidit.
1602 4263 1734 4322 Nam
1767 4277 1823 4323 ut
1852 4270 1983 4328 vidit

378 4330 516 4386 uteri
547 4335 834 4405 sarcinam,
870 4355 1043 4412 neque
1073 4345 1307 4404 dominae
1337 4350 1707 4414 admirabilem
1736 4360 1979 4431 philoso-

377 4420 581 4490 phiam,
611 4440 789 4496 neque
819 4445 929 4485 sua:
954 4432 1277 4494 conditionis
1301 4441 1560 4500 vilitatem
1585 4420 1864 4520 cogitavit:
1884 4455 1978 4511 sed

374 4511 557 4568 inflata
589 4524 644 4572 et
671 4519 987 4588 superbiens
1015 4531 1338 4600 contempsit
1370 4511 1808 4613 dominam:qtta3
1835 4546 1977 4603 illam

377 4612 484 4660 tam
509 4610 938 4671 commendatam
968 4615 1227 4689 habebat,
1260 4633 1318 4679 ut
1360 4636 1415 4683 et
1461 4630 1513 4684 in
1542 4632 1640 4688 viri
1686 4610 1975 4698 thalamum

372 4694 699 4757 admitteret.
746 4701 885 4769 Quid
935 4706 1097 4779 igitur
1138 4712 1314 4771 Sara?
1348 4718 1401 4772 5.
1446 4717 1625 4790 Dixit,
1674 4694 1977 4797 inquit,

372 4789 561 4846 Abram
584 4808 605 4848 :
635 4792 843 4863 Iniuria
870 4816 903 4853 ιι
922 4810 969 4855 te
996 4804 1206 4874 afﬁcior.
1243 4807 1376 4865 Ecce
1402 4813 1520 4868 dedi
1545 4789 1785 4875 ancillam
1812 4789 1975 4880 meam

370 4882 421 4937 in
444 4884 614 4940 sinum
644 4897 786 4944 tuum
817 4906 837 4946 :
864 4909 977 4963 qua:
998 4897 1120 4965 quia
1148 4899 1272 4954 vidit
1294 4904 1430 4973 quod
1449 4915 1646 4963 uterum
1668 4912 1819 4982 gerit,
1847 4930 1971 4969 con-

369 4974 582 5046 temptui
597 4992 772 5033 coram
788 4997 848 5035 ea
863 4982 1034 5038 habitu
1053 5002 1183 5041 sum.
1207 4988 1412 5048 ludicet
1431 4992 1564 5052 Deus
1582 4974 1715 5054 inter
1731 5018 1811 5058 me
1835 5014 1882 5058 et
1902 5014 1971 5063 te.

370 5060 485 5131 llic,
515 5079 723 5145 quaeso,
748 5072 1117 5134 animadverte
1146 5080 1515 5143 incredibilem
1556 5090 1889 5152 tolerantiam
1918 5109 1971 5155 et
2012 5125 2050 5139 -

369 5160 725 5216 reverentiam
750 5163 902 5232 justi,
934 5184 1092 5238 quam
1138 5187 1260 5244 erga
1292 5176 1480 5235 Saram
1522 5181 1832 5254 declaravit,
1874 5205 1966 5244 ve-

366 5245 510 5304 niam
552 5250 622 5306 ab
666 5268 729 5308 ea
773 5265 962 5326 petens
1002 5269 1108 5318 tam
1155 5265 1423 5326 immerito
1468 5273 1662 5343 objecti
1703 5280 1962 5337 criminis.

363 5336 494 5402 Quae
530 5340 672 5398 enim
702 5348 949 5404 manibus
979 5353 1228 5411 ancillam
1250 5359 1364 5413 viro
1395 5336 1703 5437 tradiderat,
1732 5379 1786 5425 et
1811 5371 1963 5427 dixe-

366 5436 449 5484 rat
481 5447 495 5484 :
526 5428 804 5502 Ingredere
830 5441 899 5495 ad
925 5444 1167 5502 ancillam
1211 5467 1372 5506 meam
1396 5470 1416 5518 ;
1463 5473 1582 5525 qua:
1607 5475 1635 5513 a
1665 5465 1962 5534 .semetipsa

363 5530 419 5574 et
444 5536 538 5576 sua
566 5536 757 5593 sponte
776 5531 841 5585 ad
871 5548 1217 5607 congressum
1242 5542 1451 5603 hortata
1480 5549 1668 5621 fuerat,
1694 5555 1790 5610 ista
1819 5572 1961 5615 nunc

360 5621 564 5667 mutato
593 5615 774 5673 animo
805 5622 994 5694 inquit,
1030 5627 1236 5700 lnjuria
1272 5646 1375 5692 ate
1411 5641 1620 5709 aﬂicior.
1653 5645 1699 5702 0
1723 5647 1914 5705 mulier
1938 5690 1955 5717 ,

358 5704 614 5775 numquid
641 5706 753 5777 ipse
778 5711 844 5765 ad
865 5717 1071 5775 ancillae
1092 5704 1776 5797 congressum-festinavit?
1800 5704 1957 5797 num:

358 5789 485 5860 quid
533 5795 941 5869 intemperantia
992 5789 1324 5887 impellente,
1378 5823 1442 5877 ad
1488 5841 1598 5882 rem
1652 5829 1950 5890 habendam

1184 371 1240 429 S.
1281 372 1560 441 JOANNIS
1597 377 2074 439 CHRYSOSTOMI
2116 385 2430 446 ARClllEP.
2472 392 3003 458 CONSTANTINOP.

3624 422 3731 481 556

2156 515 2279 557 cum
2307 506 2498 562 ancilla
2524 511 2883 571 acceleravit?
2910 519 2950 573 A
2982 528 3033 577 te
3061 536 3349 592 persuasus
3374 541 3426 586 et
3458 542 3544 589 tuo
3572 555 3728 594 man-

2146 595 2272 651 dato
2317 598 2713 673 obtemperans,
2745 607 2852 665 hoc
2891 613 3103 670 tandem
3152 618 3294 674 fecit.
3335 623 3446 689 Qua
3480 637 3528 681 te
3569 631 3728 701 igitur

2146 685 2337 756 injuria
2379 694 2602 749 maritus
2642 697 2861 755 affecit?
2900 701 3032 759 Ecce
3058 707 3176 763 dedi
3220 685 3458 770 ancillam
3487 685 3645 776 media
3673 727 3730 779 in

2142 777 2310 834 sinum
2338 790 2498 837 tuum.
2526 784 2581 842 Si
2616 787 2776 859 igitur
2803 790 2985 851 fateris
3011 805 3062 854 te
3085 801 3320 872 dedisse,
3352 822 3450 864 nec
3478 811 3585 881 ipse
3607 777 3725 870 eam

2141 882 2235 923 sua
2261 884 2453 942 sponte
2488 882 2773 951 acceperit,
2814 900 2980 956 quare
3019 891 3325 962 injustitiam
3356 898 3722 976 improperasi

2140 959 2332 1029 Etiam,
2367 966 2574 1037 inquit;
2613 987 2734 1027 nam
2762 982 3003 1045 quamvis
3029 959 3129 1054 ego
3149 986 3406 1055 dederim,

2138 1051 2255 1120 ejus
2278 1060 2650 1130 temeritatem,
2682 1064 2915 1124 debebas
2951 1051 3206 1132 cohibere
3245 1051 3474 1139 mentem
3501 1096 3605 1144 tam
3635 1108 3726 1162 pc-

2138 1143 2417 1202 tulantem.
2459 1148 2600 1206 Nam
2644 1164 2699 1208 ut
2736 1157 2859 1213 uidit
2887 1177 2941 1214 se
2977 1174 3174 1220 uterum
3212 1186 3399 1240 gerere,
3430 1143 3725 1252 contempsit

2136 1249 2233 1287 me.
2260 1234 2464 1293 Judicet
2512 1240 2648 1297 Deus
2674 1246 2808 1301 inter
2856 1267 2938 1306 me
2980 1264 3028 1307 et
3054 1265 3118 1310 te.
3153 1234 3288 1316 vere
3326 1263 3441 1321 haec
3485 1234 3723 1328 mulieris

2133 1326 2298 1383 verba
2321 1341 2464 1395 sunt,
2503 1342 2554 1389 et
2599 1335 2793 1394 infirmi
2834 1342 2974 1399 illius
2998 1362 3196 1417 sexus;
3230 1352 3311 1407 his
3341 1360 3479 1414 enini
3520 1362 3632 1419 fere
3663 1367 3724 1422 il.

2132 1414 2242 1472 lum
2264 1419 2584 1491 alloquitur:
2611 1428 2721 1501 Ego
2755 1434 2965 1503 quidem
2993 1442 3235 1500 volebam
3264 1458 3407 1505 tuum
3434 1471 3720 1517 maerorem

2130 1508 2311 1576 solari,
2341 1527 2497 1583 quem
2527 1515 2691 1575 habes
2717 1537 2780 1578 ex
2811 1528 2972 1595 prolis
3011 1531 3225 1604 inopia;
3277 1550 3381 1596 tam
3424 1547 3719 1607 officiosam

2128 1612 2190 1654 ea
2221 1600 2271 1656 in
2301 1618 2361 1660 re
2389 1621 2475 1662 me
2504 1611 2730 1678 praebui.
2776 1625 2834 1671 ut
2859 1628 2914 1675 et
2950 1625 3197 1683 ancillam
3236 1648 3407 1689 meam
3435 1641 3567 1694 meis
3607 1659 3721 1697 ma-

2127 1691 2284 1748 nibus
2329 1698 2629 1767 traderem.
2678 1715 2733 1762 et
2778 1709 2845 1765 ad
2886 1727 3232 1786 congressum
3280 1726 3590 1788 cohortarer
3620 1754 3637 1791 :
3664 1748 3718 1793 tu

2125 1792 2302 1840 autem
2336 1789 2523 1848 videns
2564 1794 2703 1853 hanc
2746 1800 2869 1859 inde
2907 1804 3021 1862 fieri
3067 1815 3471 1880 petulantiorem
3498 1839 3719 1896 propter

3067 1875 3084 1880 _
3403 1875 3407 1876 ν
3498 1875 3578 1894 Γ-
3602 1875 3708 1896 ,---.

2124 1875 2262 1929 uteri
2287 1881 2572 1953 sarcinam,
2605 1899 2659 1943 et
2680 1905 2873 1963 magno
2910 1897 3046 1953 fastu
3070 1901 3262 1972 inflari,
3289 1924 3409 1965 cum
3439 1914 3718 1976 debuisses

2123 1967 2416 2036 reprimere
2444 1982 2497 2029 et
2535 1977 2719 2036 ulcisci
2767 1984 2884 2053 ejus
2919 1989 2970 2043 in
2999 2006 3085 2048 me
3128 1995 3364 2066 injurias,
3393 2004 3448 2058 id
3485 2023 3592 2063 non
3642 2012 3715 2069 fe-

2121 2057 2241 2114 cisti
2267 2079 2281 2126 ;
2312 2063 2406 2119 sed
2428 2070 2578 2137 quasi
2608 2075 2842 2131 omnium
2870 2081 3104 2149 priorum
3130 2088 3347 2160 oblitus,
3370 2111 3457 2152 me
3481 2098 3717 2172 despicis

2120 2149 2280 2206 etiam
2322 2161 2400 2225 tu,
2444 2173 2531 2215 me
2557 2176 2676 2230 quae
2721 2174 2893 2225 tecunt
2940 2181 3015 2229 tot
3051 2179 3206 2234 annis
3249 2149 3497 2256 habitari,
3547 2149 3616 2247 ei
3646 2198 3715 2250 ab

2118 2240 2368 2314 Egyptia
2419 2251 2610 2306 ancilla
2654 2270 2771 2312 mea
2801 2271 3132 2323 contemnor.
3165 2270 3369 2330 Judicet
3413 2240 3546 2338 Deus
3584 2286 3715 2342 inter

2117 2348 2197 2387 me
2222 2343 2269 2389 et
2292 2345 2359 2393 te.
2393 2338 2630 2400 Dolcntis
2657 2350 2847 2407 animae
2877 2356 3058 2414 verba.
3087 2359 3154 2416 Et
3182 2364 3281 2421 nisi
3312 2372 3472 2427 tantis
3501 2375 3710 2433 virtuti-

2115 2423 2215 2480 bus
2244 2430 2500 2497 praeditus
2523 2433 2710 2494 fuisset
2735 2444 3052 2517 patriarcha,
3081 2461 3136 2508 et
3161 2455 3211 2510 in
3238 2466 3378 2514 tanta
3408 2473 3710 2528 reverentia

2114 2513 2301 2573 Saram
2332 2520 2623 2592 habuisset,
2653 2544 2795 2601 aegre
2822 2513 3047 2593 tulisset
3073 2541 3185 2598 haec
3215 2550 3395 2618 verba,
3437 2565 3491 2610 et
3526 2574 3595 2613 cx
3624 2561 3709 2617 di-

2112 2615 2321 2667 ctorum
2351 2618 2639 2701 asperitate
2675 2623 2916 2683 dolorem
2946 2638 3293 2706 concepisset.
3343 2645 3537 2705 Verum
3590 2657 3708 2711 exi-

2109 2702 2248 2758 mius
2277 2703 2370 2762 ille
2408 2710 2475 2764 ad
2517 2725 2677 2770 sexus
2716 2716 3051 2790 fragilitatem
3097 2702 3364 2805 spectans,
3409 2757 3623 2801 onmem
3657 2751 3708 2807 ei

2108 2795 2318 2852 veniam
2367 2799 2533 2857 dedit.
2582 2804 2791 2865 Judicet
2836 2811 2977 2869 Deus
3019 2795 3151 2877 inter
3199 2842 3277 2882 me
3312 2795 3362 2884 et
3403 2844 3468 2889 te.
3516 2836 3705 2911 Cogita

2106 2900 2359 2957 quantam
2394 2909 2508 2951 rem
2537 2902 2758 2971 egerim,
2793 2915 2850 2961 ut
2878 2917 2928 2965 te
2952 2916 3279 2988 consolarer,
3310 2924 3494 2983 volens
3526 2938 3579 2986 te
3622 2937 3704 2991 vel

2106 2977 2160 3033 in
2190 2993 2467 3043 senectute
2491 3001 2696 3059 patrem
2726 3004 2924 3066 vocari,
2954 3006 3198 3065 ancillam
3240 3028 3411 3071 meam
3442 3019 3495 3074 in
3531 3023 3703 3095 digni-

2106 3077 2269 3129 tatem
2298 3090 2475 3134 meam
2503 3084 2649 3139 erexi
2680 3105 2693 3141 :
2724 3097 2776 3143 tu
2807 3101 2981 3149 autem
3008 3097 3191 3157 videns
3217 3103 3360 3162 illam
3392 3117 3496 3165 tau:
3524 3077 3705 3187 ingra-

2108 3172 2236 3233 tam,
2271 3184 2379 3226 non
2407 3173 2551 3231 ultus
2579 3193 2660 3245 es,
2694 3196 2799 3237 non
2829 3188 3120 3256 rependisti
3148 3196 3277 3253 mihi
3307 3201 3450 3259 vices
3476 3206 3699 3267 benevo-

2102 3257 2281 3318 lentiae
2304 3278 2463 3335 quam
2492 3268 2542 3324 in
2575 3279 2626 3328 te
2659 3273 2944 3335 declaravi.
2973 3282 3179 3341 Jndicet
3219 3290 3357 3349 Deus
3380 3296 3510 3352 inter
3542 3318 3627 3357 me
3652 3317 3702 3361 et

2101 3361 2167 3406 te.
2202 3352 2317 3423 life,
2348 3357 2541 3431 inquit,
2588 3367 2679 3435 qui
2723 3368 3032 3431 abscondita
3062 3382 3297 3439 omnium
3324 3390 3565 3449 cordium
3597 3414 3698 3452 nnc

2100 3443 2199 3509 vit,
2227 3444 2341 3533 ipse
2370 3450 2472 3506 erit
2496 3452 2656 3523 judex
2701 3458 2843 3517 inter
2872 3479 2971 3521 nos
3003 3485 3017 3522 :
3046 3480 3099 3525 et
3138 3479 3405 3543 quomodo
3432 3498 3532 3554 ego
3572 3489 3696 3557 qui-

2102 3534 2215 3557 ,”
2560 3546 2592 3557 ..
2756 3552 2792 3557 μ

3154 3530 3170 3543 ι
3310 3530 3324 3532 “
3341 3530 3399 3536 ’“*
3436 3530 3529 3554 ’σν
3612 3530 3665 3545 ’⁵⁸

2097 3534 2217 3590 dem
2249 3530 2404 3597 victis
2428 3546 2675 3605 omnibus
2714 3552 3081 3616 affectionibus
3107 3570 3247 3622 tuam
3270 3530 3695 3637 consolatioiicm

2097 3640 2232 3682 meae
2271 3634 2504 3702 praetuli,
2543 3647 2595 3692 et
2621 3639 2673 3695 in
2712 3642 2904 3700 lectum
2934 3664 3111 3708 meum
3138 3658 3384 3717 ancillam
3410 3680 3583 3723 meam
3614 3672 3694 3725 in-

2095 3715 2222 3773 duxi
2258 3737 2272 3775 :
2305 3722 2419 3792 ipse
2438 3739 2616 3784 autem
2637 3732 2770 3811 nihil
2798 3750 2984 3795 eorum
3008 3759 3126 3813 quae
3148 3761 3176 3801 a
3203 3764 3290 3807 me
3311 3751 3445 3809 facta
3466 3769 3612 3827 sunt,
3638 3763 3691 3817 in

2095 3821 2331 3870 mentem
2382 3821 2688 3893 accipiens,
2736 3833 3001 3898 permittis
3041 3836 3116 3892 illi
3177 3851 3234 3898 ut
3277 3859 3465 3905 contra
3511 3869 3687 3910 meam

2093 3903 2336 3978 insurgat
2381 3910 2693 3973 lenitatem:
2726 3938 2827 3980 nec
2870 3926 3143 3987 audaciam
3192 3939 3456 4006 reprimis,
3510 3961 3690 4016 neque
3785 3976 3790 3980 ~

2093 3996 2351 4068 ingratam
2383 4008 2629 4079 castigas.
2661 4012 2798 4083 Quid
2822 4017 2984 4088 igitur
3024 4026 3242 4084 adamas
3272 4031 3378 4099 ille,
3412 4033 3566 4093 fortis
3597 4040 3688 4099 ille

2091 4091 2187 4149 Dci
2211 4095 2432 4166 athleta,
2463 4103 2552 4171 qui
2577 4106 2810 4179 undique
2833 4126 3060 4172 coronas
3086 4119 3189 4176 sibi
3219 4091 3686 4193 ιιΙιειξιιξιιειιῖᾸῐιιιιζ

2088 4194 2266 4244 strans
2292 4191 2453 4248 etiam
2486 4196 2538 4251 in
2584 4198 2684 4255 hoc
2727 4216 2877 4260 suam
2906 4208 3176 4280 virtutem,
3219 4191 3337 4273 vide
3377 4222 3501 4289 quid
3539 4224 3684 4283 dicat

2087 4278 2135 4333 ei
2171 4298 2183 4334 :
2214 4280 2267 4336 6.
2301 4282 2435 4340 Ecce
2486 4292 2675 4346 ancilla
2718 4303 2807 4351 tua
2851 4299 2905 4353 in
2950 4305 3181 4361 manibus
3208 4311 3305 4362 tuis
3329 4326 3347 4364 :
3373 4323 3513 4370 utere
3538 4334 3599 4371 ea
3625 4333 3681 4374 ut

2085 4371 2176 4426 tibi
2198 4373 2391 4431 libitum
2418 4382 2588 4449 fuerit.
2623 4383 2814 4454 lugens
2846 4389 2992 4459 justo
3018 4396 3224 4455 virtutis
3261 4401 3515 4470 studium,
3542 4410 3675 4464 mira

2085 4463 2381 4523 tolerantiae
2397 4472 2854 4535 excellentia.Non
2872 4483 3039 4538 solum
3056 4492 3202 4547 enim
3212 4508 3318 4550 non
3330 4498 3670 4567 aegretulitea

2081 4570 2201 4626 quae
2227 4556 2355 4613 Sara
2378 4560 2607 4632 dixerat,
2636 4569 2729 4624 sed
2754 4581 2807 4625 et
2833 4573 3120 4631 admodum
3149 4556 3424 4640 mansuch
3450 4603 3674 4659 respon-

2080 4648 2159 4703 dit
2196 4659 2254 4705 et
2280 4653 2488 4724 inquit:
2517 4656 2816 4730 Suspicaris
2842 4682 2928 4722 me
2948 4678 3219 4727 auctorem
3250 4689 3370 4732 esse
3392 4648 3670 4739 comnmo-

2079 4740 2268 4798 liarum
2328 4749 2520 4817 quibus
2546 4752 2734 4808 afl'ecta
2762 4771 2842 4823 es,
2875 4768 2925 4813 et
2957 4769 3111 4830 putas
3133 4778 3220 4819 me
3244 4765 3498 4824 obiectari
3529 4771 3583 4826 in
3602 4772 3669 4829 iis

2078 4847 2197 4902 quae
2238 4838 2427 4893 ancilla
2473 4841 2755 4900 adversum
2805 4855 2859 4903 te
2900 4864 3027 4906 ausa
3075 4851 3193 4922 fuit,
3225 4859 3471 4927 quoniam
3501 4863 3665 4920 semel

2077 4928 2644 4989 communicavitmihi
2688 4938 2739 4991 in
2786 4939 2926 4994 lecto
2955 4942 3138 4999 :disce
3180 4962 3267 5002 me
3297 4958 3351 5005 et
3392 4947 3663 5022 primum,

2074 5016 2177 5070 nisi
2220 5016 2321 5075 hoc
2362 5026 2716 5094 suscepissem
2757 5039 2816 5084 ut
2858 5031 2950 5087 tibi
2989 5035 3336 5105 gratificarer,
3378 5016 3660 5114 numquam

2072 5108 2431 5166 admissurum
2462 5113 2624 5171 fuisse
2649 5119 2893 5175 ancillam
2923 5124 2972 5178 in
3003 5125 3196 5181 lectum
3228 5138 3373 5186 tuum
3408 5150 3422 5187 :
3454 5149 3664 5191 verunt-

2073 5204 2249 5252 tameu
2298 5210 2438 5259 utre
2469 5203 2581 5274 ipsa
2621 5211 2820 5264 certior
2868 5213 2982 5282 fias,
3027 5231 3153 5273 ecce
3197 5220 3248 5275 in
3289 5224 3529 5280 manibus
3559 5227 3660 5281 tuis

2070 5297 2147 5339 est
2177 5303 2191 5351 ;
2221 5297 2368 5346 utere
2413 5308 2475 5349 ea
2508 5305 2563 5349 ut
2592 5297 2680 5351 tibi
2727 5299 3005 5368 placuerit.
3033 5306 3166 5362 Num
3198 5311 3317 5380 quis
3343 5323 3656 5383 potestatem

2072 5387 2213 5432 tuam
2262 5384 2492 5440 minuit?
2522 5405 2647 5444 num
2691 5391 2984 5450 dominium
3030 5398 3083 5453 in
3115 5414 3232 5456 eam
3260 5418 3289 5457 a
3337 5414 3388 5460 te
3424 5406 3652 5463 ablatum

2067 5472 2194 5525 est?
2220 5473 2351 5529 Nam
2394 5479 2517 5534 licet
2557 5496 2677 5536 cum
2725 5500 2785 5541 ea
2813 5501 3132 5559 congressus
3163 5492 3377 5563 fuerim,
3409 5498 3550 5553 salva
3579 5510 3654 5553 ta-

2065 5577 2188 5616 men
2216 5565 2390 5621 adhuc
2415 5580 2494 5625 est
2525 5571 2578 5626 in
2601 5588 2718 5628 eam
2749 5586 2983 5646 potestas
3011 5592 3118 5647 tua,
3147 5583 3259 5654 ipsa
3286 5587 3386 5641 sub
3411 5591 3651 5644 manilius

2064 5654 2170 5709 tuis
2214 5668 2293 5713 est
2319 5675 2332 5724 ;
2360 5663 2509 5730 puni,
2557 5667 2777 5738 castiga,
2823 5669 3079 5743 increpa:
3113 5684 3171 5730 ut
3220 5677 3449 5734 volucris
3479 5690 3533 5737 et
3560 5682 3649 5736 tibi

2063 5747 2345 5819 placuerit,
2383 5757 2460 5811 sic
2490 5759 2649 5813 t'acito
2677 5776 2805 5819 cum
2823 5779 2884 5819 ea
2910 5781 2925 5831 ;
2970 5775 3171 5822 tantum
3198 5784 3266 5824 ne
3292 5785 3609 5828 succenseas
3630 5812 3645 5837 ,

2062 5845 2265 5898 tantum
2299 5860 2364 5901 nc
2394 5847 2521 5904 mihi
2551 5850 2793 5925 imputes,
2816 5873 2934 5927 quae
2965 5859 3048 5915 illa
3076 5862 3371 5932 petulanter
3400 5865 3524 5936 egit.
3546 5862 3644 5918 Ne-
