4060 6418
212 418 313 479 δεῖ

209 535 396 601 ἁπλῶς
420 537 557 609 αὐτῇ
599 537 843 618 παρέσχε
882 537 979 608 τὴν
1013 536 1250 607 αἴτησιν,
1285 535 1422 588 ἀλλά
1450 531 1751 604 ἀνεκήρυξε
1790 530 1883 584 καὶ

212 626 553 694 ἐστεφάνωσε
575 642 587 654 ·
616 626 711 680 καὶ
734 624 813 696 τῷ
849 627 1043 689 εἰπεῖν,
1065 620 1133 677 Ὦ
1163 626 1360 693 γύναι,
1384 621 1584 688 ἔδειξεν
1613 621 1759 682 ὅπως
1787 619 1885 671 αύ-

208 715 310 785 τῆς
336 713 436 785 τὴν
465 713 647 768 πίστιν
679 713 952 783 ἐξεπλάγη
975 731 989 744 ο
1028 714 1122 767 καὶ
1152 711 1229 783 τῷ
1261 713 1456 769 εἰπεῖν.
1495 707 1739 779 Μεγάλη
1768 722 1884 760 σου

209 796 248 862 δή
293 796 530 861 πίστις,
562 796 866 866 κατάδηλον
917 799 1050 867 ημῖν
1098 795 1321 865 ἐποίησε
1354 794 1453 863 τῆς
1501 789 1756 859 γυναικὸς
1793 786 1885 841 τὸν
1928 832 1937 837 -

209 880 458 935 πλοῦτον.
504 879 639 935 Εἶτά
684 900 838 953 φησι,
864 882 1183 950 Γενηθήτω
1215 896 1314 936 σοι
1349 881 1429 945 ὡς
1469 878 1684 942 θέλεις.
1720 876 1883 928 Ὅσον

208 967 416 1038 βούλει,
443 970 567 1023 ὅσον
596 969 790 1034 θέλεις,
826 971 1079 1024 τοσοῦτον
1110 969 1355 1040 παρέχω.
1399 968 1464 1020 Ἡ
1500 964 1608 1037 γὰρ
1644 962 1882 1031 τοσαύτη

206 1056 506 1128 προσεδρία
527 1057 684 1124 ἀξίαν
712 1076 771 1111 σε
810 1059 1097 1127 ἀποφαίνει
1132 1057 1230 1127 τῆς
1256 1058 1543 1125 αἰτήσεως.
1574 1053 1754 1106 Είδετε
1785 1050 1883 1120 τῆς

204 1144 463 1211 γυναικὸς
488 1144 588 1215 τὴν
615 1146 879 1210 εὐτονίαν,
904 1146 1071 1200 εἴδετε
1100 1148 1194 1214 τῆς
1219 1143 1314 1197 τοῦ
1343 1141 1478 1196 Θεοῦ
1503 1137 1881 1213 μακροθυμίας

201 1230 303 1303 τὴν
336 1233 534 1297 αἰτίαν,
569 1234 665 1287 καὶ
706 1235 787 1287 ὃτι
828 1234 1297 1306 περιφανεστέραν
1331 1232 1501 1302 αὐτὴν
1548 1226 1880 1301 ἐργάσασθαι

205 1317 552 1390 βουλόμενος,
581 1320 669 1374 δια
700 1321 858 1376 τοῦτο
885 1321 1245 1385 ἀνεϐάλλετος
1286 1317 1700 1387 Ἐπανέλθωμεν
1720 1315 1798 1376 δὲ,
1829 1315 1880 1367 εἰ

200 1405 371 1470 δοκεῖ,
402 1409 494 1461 ἐπὶ
526 1409 624 1480 τὴν
660 1410 1029 1481 προκειμένην
1074 1409 1337 1480 ἱστορίαν,
1371 1408 1457 1460 ἵνα
1499 1405 1755 1477 μάθωμεν
1797 1403 1878 1456 ὅτι

199 1493 270 1547 δι’
297 1495 447 1548 οὐδὲν
483 1496 670 1568 ἕτερον
698 1499 756 1550 ἐν
797 1496 1071 1561 τοσούτοις
1103 1496 1247 1549 ἔτεσι
1286 1495 1385 1559 τὰς
1423 1491 1753 1561 ἐπαγγελίας
1781 1490 1879 1553 τὰς

201 1581 347 1635 κατά
382 1582 472 1634 τὸν
502 1581 851 1655 πατριάρχην
884 1583 1259 1653 γεγενημένας
1292 1584 1373 1646 είς
1403 1581 1563 1652 ἔργον
1595 1580 1693 1631 οὐκ
1724 1574 1875 1649 [588]

199 1668 432 1738 ἤγαγεν,
461 1668 577 1722 ἀλλ’
618 1669 705 1722 ἶνα
740 1670 877 1741 μετὰ
904 1670 1106 1740 πολλῆς
1146 1669 1245 1740 τῆς
1279 1666 1634 1737 περιφανείας
1675 1663 1876 1726 ταύτας

198 1755 353 1827 αὐτῷ
384 1757 661 1828 παράσχῃ,
704 1758 798 1810 καὶ
836 1759 971 1811 πᾶσι
997 1757 1092 1810 τοῦ
1128 1756 1340 1809 δικαίου
1370 1756 1468 1826 τὴν
1501 1754 1682 1806 πίστιν
1704 1752 1875 1806 κατά·-

196 1842 358 1913 δηλον
384 1843 705 1915 ἐργάσηται.
742 1847 839 1899 Διά
880 1845 1037 1898 τοῦτό
1070 1861 1224 1915 φησι,
1272 1843 1431 1898 Μετὰ
1457 1841 1602 1896 δέκα
1630 1841 1732 1906 ἔτη
1768 1839 1874 1893 τοῦ

196 1927 567 1997 συνοικῆσαι
614 1931 837 1996 αὐτοὺς
882 1931 953 1984 ὲν
986 1929 1061 1999 τῇ
1093 1930 1364 1992 Χαναὰν,
1409 1929 1494 1981 ἵνα
1533 1926 1708 1997 μάθῃς
1752 1926 1876 1988 ὅσος

198 2014 447 2085 παρῆλθε
476 2015 665 2086 χρόνος
695 2016 754 2081 ἐξ
780 2010 841 2069 06
870 2016 939 2070 τά
958 2017 1059 2087 τῆς
1088 2016 1417 2085 ἐπαγγελίας
1436 2013 1671 2079 ἐδέξατο.
1696 2010 1873 2075 Εὐθὺς

195 2100 312 2170 γὰρ
349 2103 580 2166 ἐπιστὰς
610 2105 675 2174 τῇ
721 2104 1024 2175 Χαναναία,
1057 2105 1313 2174 ήκουσεν,
1345 2104 1427 2156 ὅτι
1470 2101 1553 2167 Τῷ
1581 2098 1876 2168 σπέρματί

193 2201 318 2240 σου
344 2185 516 2241 δώσω
543 2189 657 2256 τὴν
686 2187 802 2259 γῆν
822 2191 1067 2258 ταύτην,
1087 2192 1181 2244 καὶ
1210 2193 1267 2243 ἐν
1291 2189 1529 2258 τοσούτῳ
1557 2187 1720 2257 μήκει
1750 2184 1874 2257 χρό-

192 2290 291 2326 νου
326 2275 423 2328 καί
445 2275 607 2340 αὐτὸς
643 2275 811 2340 ἄπαις
841 2276 1099 2346 διέμεινε,
1131 2278 1224 2332 καὶ
1251 2278 1347 2348 τῆς
1378 2278 1558 2348 Σάρας
1590 2278 1624 2347 ή
1658 2275 1874 2345 στείρω-

194 2378 283 2427 σις
317 2363 643 2418 ἐπετείνετο.
690 2367 801 2419 Καὶ
830 2365 1014 2420 ἔδωκε
1046 2366 1162 2434 τὴν
1199 2366 1405 2436 Ἅγαρ,
1441 2364 1625 2435 φησὶν,
1647 2364 1871 2432 Ἀὄριιμ

192 2445 277 2513 τῷ
306 2448 476 2517 ἀνδρί
518 2450 710 2520 αὐτῆς
738 2454 826 2518 εἰς
859 2452 1133 2521 γυναῖκα.

263 2535 333 2589 δ’.
354 2537 492 2608 Ὅρα
517 2540 658 2610 πόση
676 2541 736 2592 τὸ
763 2540 992 2594 παλαιὸν
1022 2539 1362 2594 ἐπολιτεύετο
1386 2540 1513 2608 παρ’
1528 2538 1712 2600 αὐτοῖς
1732 2538 1764 2607 ή
1786 2554 1873 2606 φι-

189 2622 451 2692 λοσοφίαο
483 2625 600 2692 πῶς
633 2628 727 2680 καὶ
768 2629 816 2681 οἰ
850 2627 1041 2699 ἄνδρες
1088 2624 1229 2699 ἦσαν
1270 2629 1579 2699 ἐγκρατεῖς,
1634 2626 1728 2679 καὶ
1774 2625 1873 2695 τῆς

192 2712 555 2783 σωφροσύνης
596 2714 764 2768 πολὺν
811 2715 1126 2786 ποιούμενοι
1163 2715 1340 2781 λόγον,
1394 2716 1486 2768 καὶ
1518 2716 1574 2767 αί
1616 2716 1873 2783 γυναῖκες

188 2800 528 2872 ζηλοτυπίας
572 2803 728 2866 ἐκεὸς
774 2803 1089 2874 ἐτύγχανον.
1124 2804 1401 2875 Ἐπίτηδες
1451 2803 1558 2874 γὰρ
1599 2804 1633 2873 ή
1680 2801 1871 2873 Γραφὴ

189 2889 440 2959 συνεχῶς
476 2888 643 2958 λέγει,
669 2890 779 2944 Καὶ
816 2892 1093 2945 λαϐοῦσα
1124 2891 1286 2960 Σὰρα
1303 2892 1487 2960 ’Ἅγαρ
1526 2889 1643 2957 τὴν
1680 2888 1873 2943 παιδί-

186 2990 361 3045 σκην
381 2993 392 3005 ’
443 2979 538 3031 καί
590 2979 774 3044 πάλιν,
816 2979 1075 3033 Ἔδωκεν
1109 2979 1306 3047 αὐτὴν
1340 2984 1427 3045 εἰς
1456 2979 1710 3049 γυναῖκα
1730 2995 1743 3008 ·
1784 2978 1871 3031 ἵνα

188 3065 379 3138 μάθῃς
402 3067 549 3131 ὅπως
580 3067 806 3131 ἀπαθῶς
835 3068 895 3120 τὸ
928 3070 1160 3140 πρᾶγμα
1207 3066 1566 3139 μετεχείριζε,
1600 3067 1695 3119 καὶ
1729 3067 1871 3137 πόση

187 3155 330 3227 παρ’
371 3156 555 3220 αὐτοῖς
588 3152 655 3228 ἦν
690 3158 724 3228 ή
761 3157 1068 3226 φιλοσοφία.
1097 3156 1207 3212 Καὶ
1244 3156 1511 3226 εἰσῆλθε,
1538 3159 1690 3228 φησὶ,
1721 3159 1872 3225 πρὸς

188 3244 397 3314 Ἅγαρ,
418 3244 518 3298 καὶ
552 3246 910 3299 συνέλαϐεν.
927 3246 1072 3315 Ὅρα
1097 3247 1217 3311 πῶς
1243 3247 1503 3316 μανθάνει
1529 3248 1562 3318 ή
1594 3246 1765 3317 Σάρα,
1789 3247 1870 3300 ὅτι

185 3332 249 3387 οὐ
292 3331 443 3403 παρὰ
488 3334 580 3386 τὸν
620 3333 828 3387 δίκαιον
861 3335 919 3389 ἐν
950 3335 1174 3406 ἀπαιδίᾳ
1204 3335 1517 3405 ἐτύγχανεν,
1550 3334 1684 3387 ἀλλά
1720 3335 1872 3401 παρά

184 3421 294 3492 τὴν
324 3419 611 3491 στείρωσιν
650 3420 749 3492 τὴν
784 3422 981 3491 ἑαυτῆς
1005 3436 1018 3449 ·
1062 3422 1264 3485 εὐθέως
1288 3423 1396 3493 γὰρ
1423 3425 1455 3493 ή
1488 3424 1739 3476 συνουσία
1775 3423 1871 3494 τήν

188 3507 462 3578 σύλληψιν
491 3509 807 3579 εἰργάσατο.
836 3510 974 3563 Ἀλλ’
1007 3511 1108 3581 ὅρα
1139 3510 1299 3563 πάλιν
1327 3512 1425 3581 τῆς
1452 3512 1743 3582 παιδίσκης
1773 3515 1871 3584 τήν

185 3595 611 3666 ἀγνωμοσύνην,
638 3597 732 3651 καὶ
760 3600 859 3669 τῆς
878 3598 1194 3666 γυναικείας
1217 3599 1430 3668 φύσεως
1450 3598 1547 3669 τὴν
1565 3599 1867 3665 ἀσθένειαν,

187 3685 284 3739 ἵνα
334 3684 512 3755 μάθῃς
563 3686 657 3739 καὶ
702 3686 951 3741 ἐντεῦθεν
1001 3686 1095 3739 τοῦ
1143 3687 1484 3758 πατριάρχου
1536 3688 1633 3758 τὴν
1672 3686 1871 3757 πολλὴν

186 3770 517 3827 ἐπιείκειαν.
555 3773 667 3827 Καὶ
704 3769 845 3834 εἶδε,
878 3774 1058 3843 φησὶν,
1100 3773 1189 3826 ὅτι
1229 3775 1300 3827 ἐν
1337 3774 1546 3844 γαστρί
1587 3774 1732 3844 ἔχει,
1772 3775 1873 3829 καὶ

185 3859 497 3928 ἠτιμάσθη
535 3861 574 3928 ἡ
600 3862 778 3928 κυρία
802 3860 1082 3915 ἐναντίον
1115 3860 1326 3930 αὐτῆς.
1356 3862 1609 3916 Τοιοῦτον
1636 3863 1745 3934 γὰρ
1763 3863 1872 3918 τῶν

187 3947 425 4005 οἰκετῶν
458 3948 520 4001 τὸ
558 3944 721 4020 ἧθος⁶
757 3948 824 4002 ἂν
879 3950 1081 4019 μικρᾶς
1136 3948 1443 4020 εὐπραγίας
1482 3949 1868 4017 ἐπιλάϐωνται,

186 4034 298 4089 οὐκ
316 4034 599 4105 ἀνέχονται
629 4035 809 4107 μένειν
829 4036 960 4088 εἵσω
978 4035 1086 4088 τῶν
1107 4035 1322 4088 οἰκείων
1342 4037 1503 4106 ὅρων,
1531 4035 1644 4091 ἀλλ’
1668 4036 1872 4095 εὐθέως

188 4121 642 4176 ἐπιλανθάνονται
672 4123 772 4194 τῆς
800 4123 1008 4187 οἰκείας
1048 4122 1276 4188 τάξεως,
1316 4123 1412 4176 καὶ
1452 4123 1586 4194 πρὸς
1618 4124 1871 4194 ἀγνωμο-

192 4207 367 4278 σύνην
398 4209 709 4278 ἐπείγονται
731 4226 745 4241 ⁸
789 4210 926 4280 ὅπερ
953 4209 1046 4263 καὶ
1068 4209 1208 4280 αὐτὴ
1234 4211 1267 4281 ἡ
1297 4208 1556 4279 παιδίσκη
1580 4202 1868 4264 πέπονθεν.

200 4294 428 4367 Ἐπειδὴ
462 4296 570 4367 γὰρ
595 4292 701 4350 εἶδε
729 4296 829 4367 τῆς
869 4281 1106 4367 γαστρὸς
1149 4296 1241 4349 τὸν
1272 4296 1455 4365 ὄγκον,
1484 4297 1585 4349 οὐκ
1615 4296 1871 4351 ἐννοοῦσα

188 4382 254 4435 ού
283 4381 384 4452 τῆς
403 4381 692 4453 δεσποίνης
718 4381 815 4454 τὴν
843 4382 1048 4452 ἄφατον
1082 4383 1418 4452 φιλοσοφίαν,
1445 4385 1504 4436 ού
1533 4385 1630 4452 τῆς
1663 4385 1868 4450 οἰκείας

187 4468 351 4536 ἀξίας
374 4470 474 4540 τὴν
493 4469 788 4534 εὐτέλειαν,
815 4470 928 4523 ἀλλ’
954 4471 1252 4541 ἐπαρθεῖσα
1273 4471 1365 4523 καὶ
1390 4470 1531 4540 μέγα
1555 4473 1868 4542 φρονήσασα

187 4558 443 4628 ὑπερορᾷ
492 4557 592 4623 τῆς
628 4557 912 4628 δεσποίνης
948 4557 1047 4628 τῆς
1080 4557 1349 4628 τοσαύτην
1377 4557 1507 4628 περὶ
1550 4559 1721 4630 αὐτὴν
1751 4561 1870 4614 ἐπι-

185 4642 518 4714 δειξαμένης
540 4644 638 4716 τὴν
664 4644 1009 4715 κηδεμονίαν,
1039 4644 1115 4708 ὡς
1144 4646 1239 4699 καὶ
1269 4646 1362 4698 ἐπὶ
1388 4646 1489 4716 τὴν
1515 4645 1675 4717 εὐνὴν
1700 4648 1869 4719 αὐτὴν

185 4732 422 4799 ἀγαγεῖν
454 4730 548 4784 τοῦ
583 4731 795 4802 ἀνδρός.
825 4730 890 4784 Τί
918 4726 1010 4784 οὖν
1039 4732 1072 4802 ή
1104 4732 1288 4803 Σάρα;
1324 4728 1492 4798 Εἷπε,
1529 4736 1683 4803 φησὶ,
1720 4735 1869 4804 πρὸς

188 4818 415 4888 Ἀϐραμ
432 4834 448 4850 ·
489 4816 820 4888 Ἆδικοῦμαι
856 4818 923 4871 ἐκ
953 4816 1091 4874 σοῦ.
1122 4818 1269 4872 Ἰδοὺ
1297 4818 1526 4874 δέδωκα
1553 4830 1572 4851 ⁸
1592 4820 1705 4889 τὴν
1733 4836 1868 4876 παι-

186 4904 419 4972 δι’σκην
449 4923 570 4974 μου
597 4907 684 4970 εὶς
718 4906 827 4959 τὸν
864 4906 1099 4959 κόλπον
1126 4922 1241 4960 σου
1263 4923 1275 4934 ·
1320 4906 1535 4960 ἰδοῦσα
1571 4906 1640 4960 δέ
1670 4908 1759 4962 ὅτι
1799 4910 1869 4963 ἐν

184 4991 409 5060 γαστρὶ
445 4992 595 5061 ἔχει,
641 4990 983 5061 ἠτιμάσθην
1017 4993 1296 5047 ἐναντίον
1329 4993 1541 5063 αὐτῆς.
1586 4996 1796 5064 Κρίναι
1836 5001 1870 5053 ὁ

187 5079 340 5146 Θεὸς
374 5079 493 5134 ἀνὰ
516 5080 714 5150 μέσον
744 5079 889 5149 ἐμοῦ
922 5080 1020 5134 καί
1058 5079 1197 5134 σοῦ.
1235 5080 1496 5134 Ἐνταῦθά
1547 5099 1636 5151 μοι
1676 5084 1867 5139 σκόπει

184 5166 288 5220 τοῦ
315 5166 524 5221 δικαίου
553 5168 653 5237 τὴν
687 5167 889 5237 ἄφατον
942 5169 1342 5241 μακροθυμίαν,
1388 5170 1480 5223 καὶ
1510 5170 1607 5241 τὴν
1639 5170 1774 5224 αίδὼ
1802 5173 1868 5244 ἢν

185 5255 325 5325 περὶ
348 5256 447 5326 τὴν
489 5255 670 5326 Σάραν
706 5255 1095 5319 ἐπιδείκνυται,
1129 5255 1460 5328 συγγνώμην
1503 5257 1672 5329 αὐτὴν
1700 5259 1867 5313 αἰτῶν

181 5343 292 5412 τῆς
316 5342 509 5412 ἀλόγου
539 5342 741 5412 ταύτης
768 5343 964 5407 αἰτίας.
995 5343 1059 5395 Ἦ
1085 5341 1194 5411 γὰρ
1216 5346 1336 5408 ταῖς
1364 5345 1520 5417 χερσὶ
1551 5346 1866 5416 παραδοῦσα

179 5430 291 5500 τὴν
317 5430 610 5501 παιδίσκην
634 5429 711 5501 τῷ
746 5429 921 5501 ἀνδρὶ,
952 5432 987 5502 ή
1021 5428 1270 5493 εἰποῦσα,
1299 5432 1556 5486 Εἴσελθε
1576 5434 1725 5501 πρὸς
1753 5435 1867 5502 τὴν

180 5517 523 5586 παιδίσκην
553 5534 705 5587 μου·
742 5519 776 5588 ή
824 5517 1035 5572 οἴκοθεν
1081 5517 1176 5571 καὶ
1221 5518 1312 5587 ἀφ’
1350 5519 1549 5590 ἑαυτῆς
1592 5521 1727 5591 πρὸς
1768 5524 1866 5594 τὴν

184 5607 476 5661 συνουσίαν
493 5607 654 5661 αὐτὸν
676 5606 1120 5679 προτρεψαμένη,
1145 5605 1286 5678 αὕτη
1307 5606 1401 5661 νῦν
1424 5608 1865 5682 μεταϐαλλομένη

182 5694 379 5763 φησὶν,
414 5693 746 5764 Ἀδικοῦμαι
786 5696 856 5748 ἐκ
895 5694 1033 5749 σοῦ.
1065 5694 1159 5765 Μὴ
1187 5694 1295 5767 γὰρ
1340 5694 1504 5760 αὐτὸς
1534 5696 1862 5768 ἐπέδραμεν,

179 5774 234 5838 ὧ
264 5781 446 5849 γύναι,
475 5783 542 5852 τῇ
570 5781 670 5851 τῆς
712 5782 1003 5852 παιδίσκης
1043 5782 1328 5854 συνουσίας
1367 5784 1442 5853 μὴ
1471 5783 1579 5855 γὰρ
1606 5785 1664 5851 ἐξ
1705 5786 1866 5839 ἀσελ-

180 5869 347 5940 γείας
377 5869 639 5942 ὁρμηθεὶς
669 5870 746 5941 τῷ
773 5870 1061 5943 πράγματι
1105 5872 1442 5943 ἐπεπήδησε;
1479 5874 1569 5928 Σοὶ
1611 5876 1861 5949 πειθόμε-

258 6031 292 6062 ⁸
316 6035 367 6084 in
406 6036 574 6087 Y'lbliis
612 6038 795 6101 legitur
822 6039 915 6102 ἐγὼ
944 6040 1147 6090 δέδωκα.

1305 419 1368 474 IN
1407 417 1561 476 CAP.
1603 413 1718 471 XVI
1757 412 2001 471 GENES.
2043 410 2274 469 1103111..
2316 412 2598 472 XXXVIII.

3550 412 3662 468 ῗλίΰ

1990 544 2078 591 νος
2109 529 2202 582 καὶ
2231 528 2307 601 τῷ
2338 530 2414 601 σῷ
2445 530 2777 601 ἐπιτάγματι
2816 529 2972 584 τοῦτο
3006 529 3295 601 πεποίηκε.
3324 527 3389 580 Τί
3418 522 3508 581 οὖν
3539 529 3657 598 ἠδί-

1986 627 2149 681 κησαι
2190 614 2340 684 παρά
2369 613 2462 667 τοῦ
2499 614 2718 686 ἀνδρός;
2756 613 2899 668 Ἰδοὺ
2934 614 3160 668 δέδωκα
3184 616 3301 681 τὴν
3324 611 3657 678 παιδίσκην

1980 711 2099 761 μου
2125 695 2212 759 είς
2245 694 2352 747 τὸν
2380 697 2613 749 κόλπον
2639 710 2774 750 σου.
2813 698 2875 749 EI
2906 697 3083 749 τοίνυν
3104 696 3384 766 ὁμολογεῖς
3406 695 3487 747 ὅτι
3515 693 3656 764 αὑτὴ

1983 776 2237 840 δέδωκας,
2272 778 2365 830 καὶ
2393 779 2492 832 οὐκ
2523 779 2615 847 ἀφ’
2647 779 2841 832 ἐαυτοῦ
2871 779 3021 851 [589]
3063 779 3266 849 ταύτην
3294 777 3476 841 ἔλαϐε,
3510 777 3656 839 τίνος

1984 858 2168 911 ἕνεκεν
2204 860 2417 914 ἀδικίαν
2462 861 2744 929 ἐγκαλεῖς;
2775 863 2919 926 Ναὶ,
2954 862 3146 931 φησίν*
3184 863 3230 914 εἰ
3262 860 3370 930 γὰρ
3414 859 3510 913 καὶ
3545 857 3656 927 ἐγὼ

1983 935 2211 997 δέδωκα.
2241 938 2356 991 ἀλλ’
2388 939 2530 1010 ὁρῶν
2570 941 2743 1011 αὐτῆς
2772 942 2870 1013 τὴν
2916 942 3241 1013 προπέτειαν
3282 938 3508 1007 ὢφειλες
3536 940 3657 989 ἐπι-

1985 1022 2133 1088 σχεῖν
2161 1022 2330 1091 αὑτῆς
2354 1023 2452 1093 τὴν
2478 1023 2773 1077 ἀκόλαστον
2797 1023 3042 1094 γνώμην.
3077 1023 3308 1076 Ἰδοῦσα
3331 1021 3442 1091 γὰρ
3470 1021 3558 1074 ὅτι
3586 1021 3658 1074 ἐν

1982 1101 2194 1171 γαστρὶ
2248 1105 2392 1171 ἔχει,
2445 1105 2786 1174 ήτιμάσθην
2816 1106 3097 1160 ἐναντίον
3128 1103 3339 1172 αὐτῆς.
3381 1105 3593 1171 Κρίναι
3622 1105 3655 1157 ὁ

1983 1185 2127 1250 Θεὸς
2149 1186 2266 1240 ἀνὰ
2285 1187 2480 1256 μέσον
2504 1188 2649 1257 ἐμοῦ
2670 1188 2765 1242 καὶ
2793 1188 2929 1243 σοῦ.
2954 1188 3215 1250 Γυναικός
3238 1187 3452 1257 ἀληθῶς
3480 1185 3655 1239 ταῦτα

1980 1267 2047 1319 τὰ
2066 1267 2283 1338 ῥήματα
2307 1270 2397 1322 καὶ
2425 1269 2526 1339 τῆς
2554 1270 2831 1334 ἀσθενείας
2855 1270 3059 1341 ταύτης
3082 1271 3180 1340 τῆς
3200 1269 3413 1339 φύσεως
3431 1285 3443 1299 ·
3480 1286 3657 1338 μονον-

1980 1351 2096 1418 ουχὶ
2135 1349 2242 1421 γάρ
2282 1351 2455 1403 ταῦτά
2500 1370 2631 1424 φησι
2669 1354 2803 1424 πρὸς
2838 1352 3029 1406 αὐτόν·
3078 1353 3218 1419 Ἐγὼ
3248 1352 3345 1420 μὲν
3369 1349 3467 1420 τὴν
3493 1351 3656 1403 άπαι-

1979 1429 2097 1483 δίαν
2136 1430 2432 1504 βουλομένη
2462 1435 2959 1506 παραμυθήσασθαι
2993 1433 3090 1506 τὴν
3114 1434 3231 1506 σὴν,
3261 1432 3527 1503 τοσαύτην
3558 1434 3657 1484 ὲπ-

1980 1513 2271 1586 εδειξάμην
2301 1515 2399 1586 τὴν
2444 1517 2790 1587 κηδεμονίαν,
2814 1518 2889 1580 ὡς
2923 1518 3018 1571 καὶ
3057 1517 3155 1588 τὴν
3197 1516 3336 1588 ἐμὴν
3363 1515 3654 1585 παιδίσκην

1981 1597 2073 1649 καὶ
2095 1602 2213 1662 ταῖς
2239 1601 2483 1671 ἐμαυτῆς
2523 1618 2604 1654 σοι
2647 1601 2804 1672 χερσὶ
2840 1599 3201 1671 παραδοῦναι,
3239 1600 3335 1653 καὶ
3382 1598 3519 1670 πρὸς
3556 1598 3654 1666 τὴν

1981 1682 2265 1736 συνουσίαν
2304 1682 2747 1755 προτρέψασθαι·
2781 1683 2923 1754 ὁρῶν
2947 1683 3004 1736 δέ
3033 1682 3194 1745 αὐτὸς
3215 1680 3462 1735 ἐντεῦθεν
3483 1681 3652 1749 αὐτὴν

1977 1764 2275 1836 γενομένην
2297 1766 2737 1837 προπετεστέραν
2762 1764 2851 1819 διὰ
2870 1764 2964 1818 τὸν
2979 1765 3077 1836 τῆς
3091 1763 3327 1835 γαστρὸς
3345 1762 3528 1832 ὄγκον,
3559 1764 3653 1814 καὶ

1977 1847 2321 1918 φρονήματος
2363 1847 2850 1918 ἐμπεπλησμένην,
2881 1846 2998 1899 δέον
3027 1845 3336 1900 ἀναστεῖλαι
3374 1845 3469 1897 καὶ
3511 1843 3655 1896 ἐκδι-

1977 1930 2140 2000 κῆσαι
2173 1949 2231 1984 σε
2266 1932 2362 1995 τὰς
2388 1932 2578 2003 ὕϐρεις
2606 1931 2705 1994 τὰς
2735 1933 2817 1991 εἰς
2846 1930 2946 1999 ἐμὲ
2984 1929 3294 1999 γινομένας,
3329 1926 3430 1980 οὐκ
3465 1926 3656 1996 ἐποίη-

1977 2027 2074 2076 σας
2096 2028 2109 2042 ο
2149 2015 2262 2066 ἀλλ’
2292 2015 2492 2068 ὡσανεὶ
2533 2015 2749 2068 πάντων
2781 2013 2889 2064 τῶν
2932 2011 3214 2082 προτέρων
3242 2007 3649 2078 ἐπιλαθόμενος,

1976 2096 2332 2168 περιορᾶσθαι
2364 2099 2463 2168 ἐμὲ
2495 2095 2789 2169 καταδέχῃ,
2826 2095 2926 2165 τὴν
2952 2095 3008 2146 ἐν
3044 2090 3321 2155 τοσούτοις
3349 2091 3495 2144 ἔτεσι
3526 2106 3652 2141 συν-

1973 2181 2292 2250 οικήσασαν,
2326 2180 2430 2233 ὑπὸ
2474 2181 2571 2251 τῆς
2600 2178 2903 2255 Αἰγυπτίας
2940 2178 3039 2247 τῆς
3061 2173 3351 2246 παιδίσκης
3379 2174 3483 2255 τῆς
3510 2172 3652 2244 ἐμῆς

1973 2262 2399 2334 ἀτιμαζομένην.
2448 2264 2653 2331 Κρίναι
2690 2254 2734 2316 rd
2775 2260 2919 2326 Θεὸς
2950 2258 3066 2313 ἀνὰ
3113 2256 3308 2328 μέσον
3351 2254 3500 2326 ἐμοῦ
3550 2255 3652 2308 καί

1973 2346 2108 2399 σοῦ.
2127 2345 2498 2416 Ὀδυνωμένης
2526 2345 2701 2416 ψυχῆς
2734 2344 2795 2397 τὸ
2825 2345 2997 2414 ῥῆμα.
3039 2343 3148 2395 Καὶ
3178 2341 3226 2393 εἰ
3259 2341 3333 2410 μὴ
3359 2338 3649 2409 φιλόσοφός

1972 2447 2055 2492 τις
2084 2424 2152 2499 ἦν
2182 2431 2211 2481 6
2245 2430 2610 2500 πατριάρχης,
2639 2429 2733 2481 καὶ
2760 2425 2960 2496 πολλὴν
2990 2425 3087 2496 τὴν
3115 2422 3248 2477 αἰδὼ
3270 2423 3399 2493 περί
3422 2422 3521 2491 τὴν
3546 2421 3651 2475 Σάσ-

1975 2530 2072 2583 ραν
2096 2512 2459 2577 ἐπεδείκνυτο,
2497 2513 2592 2565 καί
2627 2510 2982 2582 ἐδυσχέρανεν
3017 2508 3083 2562 ἂν
3124 2508 3261 2577 πρὸς
3288 2507 3359 2560 τά
3402 2508 3648 2578 ῥήματα,

1972 2596 2067 2648 καὶ
2097 2595 2333 2666 ήλγησεν
2358 2595 2451 2647 ἐπὶ
2497 2598 2563 2665 τῇ
2610 2594 2874 2666 βαρύτητι
2910 2591 3020 2646 τῶν
3062 2591 3381 2662 λεχθέντων.
3438 2587 3576 2641 Ἀλλ’
3622 2590 3652 2639 6

1973 2677 2272 2747 θαυμάσιος
2297 2672 2452 2741 οὗτος
2481 2678 2617 2748 πρὸς
2644 2678 2705 2730 τὸ
2733 2676 2833 2746 τῆς
2874 2674 3092 2745 φύσεως
3138 2672 3368 2734 ἀσθενὲς
3410 2668 3650 2741 ἀφορῶν»

1973 2762 2155 2814 πᾶσαν
2186 2760 2385 2814 ἔδωκεν
2427 2761 2563 2830 αὐτῇ
2613 2758 2967 2829 συγγνώμην.
3009 2758 3217 2826 [φέναι
3266 2759 3300 2810 ὁ
3348 2757 3493 2819 Θεὲς
3535 2752 3652 2807 ἀνὰ

1966 2841 2164 2909 μέσον
2193 2842 2339 2911 ἐμοῦ
2378 2843 2477 2896 καί
2511 2841 2648 2895 σοῦ.
2685 2840 2992 2909 Ἐννόησον,
3025 2838 3180 2907 φησί,
3223 2836 3387 2890 πόσον
3418 2835 3651 2905 πρᾶγμα

1972 2923 2345 2994 κατεδεξάμην
2386 2924 2475 2976 διὰ
2522 2924 2621 2994 τὴν
2667 2922 2764 2993 σὴν
2815 2921 3189 2993 παραμυθίαν,
3240 2918 3537 2989 βουλομένη
3589 2932 3649 2968 σε

1970 3007 2074 3060 κᾶν
2105 3007 2233 3075 γοῦν
2267 3008 2324 3059 ἐν
2351 3007 2499 3078 γήρᾳ
2528 3005 2735 3077 πατέρα
2769 3004 3053 3075 κληθῆναι,
3096 3004 3190 3056 κα)¹
3221 3002 3319 3072 τὴν
3356 2998 3649 3067 παιδίσκην

1972 3091 2072 3162 τὴν
2095 3089 2235 3160 ἐμὴν
2265 3091 2343 3153 είς
2376 3091 2474 3161 τὴν
2500 3088 2655 3154 ἀξίαν
2685 3089 2712 3127 ι)
2742 3088 2838 3157 τὴν
2870 3085 3113 3154 ἐμαυτῆς
3147 3085 3421 3153 ἀνήγαγυν
3440 3098 3453 3111 ·
3489 3081 3552 3132 σὺ
3590 3078 3650 3132 δὲ

1970 3173 2112 3245 ὀρῶν
2144 3173 2477 3243 ἀγνωμόνως
2508 3172 2677 3243 αὐτὴν
2711 3169 2959 3224 ἐντεῦθεν
2984 3167 3340 3230 διατεθεῖσα-ι,
3371 3166 3472 3216 οὐκ
3503 3162 3645 3232 ἤμυ-

1972 3272 2091 3320 νας,
2122 3257 2222 3308 οὐκ
2249 3255 2468 3325 ἡμείψω
2502 3271 2567 3325 με
2609 3256 2706 3324 τῆς
2749 3252 2995 3324 γνώμης,
3027 3254 3092 3323 ἢν
3123 3250 3253 3321 περὶ
3277 3249 3335 3301 σέ
3372 3245 3648 3311 ἐπεδειξάσ

1976 3355 2101 3409 μην.
2127 3339 2335 3406 Κρίναι
2366 3342 2399 3392 ὁ
2430 3339 2574 3404 Θεὸς
2612 3336 2730 3391 ἀνὰ
2759 3336 2957 3405 μέσον
2993 3333 3141 3404 ἐμοῦ
3174 3333 3275 3386 καὶ
3307 3329 3443 3385 σοῦ.
3478 3330 3650 3384 Ἐκεῖ-

1972 3439 2081 3487 νος,
2112 3423 2295 3491 φησὶν,
2321 3424 2349 3475 6
2368 3422 2435 3475 τὰ
2460 3422 2754 3493 ἀπόρρητα
2778 3420 3009 3473 ἑκάστου
3038 3417 3401 3487 ἐπιστάμενος
3423 3415 3519 3484 τῆς
3539 3413 3649 3466 δια-

1973 3505 2140 3569 νοίας,
2166 3506 2327 3568 αὐτὸς
2372 3506 2525 3559 ἐσται
2564 3504 2754 3575 κριτὴς
2794 3502 2996 3574 μεταξὺ
3030 3501 3208 3573 ἡμῶν,
3243 3499 3339 3553 καί
3374 3498 3490 3560 πῶς
3536 3493 3648 3564 ἐγὼ

1977 3588 2074 3658 μὲν
2095 3590 2293 3653 παντὸς
2321 3589 2526 3651 πάθους
2547 3588 2796 3658 ἀνωτέρα
2815 3584 3081 3656 γενομένη
3108 3582 3453 3654 προετίμησα
3484 3582 3650 3648 ἐμαυ-

1973 3672 2070 3741 τῆς
2099 3673 2199 3741 τὴν
2236 3670 2591 3742 παραμυθίαν
2625 3671 2724 3738 τὴν
2774 3671 2894 3740 σὴν,
2944 3669 3038 3721 καὶ
3077 3669 3156 3730 εἰς
3200 3666 3298 3737 τὴν
3347 3663 3507 3733 εὐνὴν
3546 3663 3648 3732 τὴν

1975 3756 2113 3824 ἐμὴν
2145 3755 2243 3826 τὴν
2270 3754 2558 3825 παιδίσκην
2580 3754 2876 3824 ἀνήγαγον·
2917 3751 3079 3814 αὐτὸς
3123 3749 3180 3802 δὲ
3209 3748 3358 3802 οὐδὲν
3379 3746 3487 3798 τῶν
3517 3746 3648 3815 παρ’

1975 3838 2109 3907 ἐμοῦ
2147 3838 2455 3907 γενομένων
2489 3841 2547 3890 ἐν
2582 3835 2793 3907 διανοίᾳ
2848 3833 3046 3898 λαϐὼν,
3092 3833 3391 3902 συγχωρεῖς
3435 3828 3647 3899 ἐκείνην

1974 3919 2462 3984 κατεξανίστασθαι
2493 3919 2590 3989 τῆς
2626 3917 2769 3988 ἐμῆς
2804 3915 3127 3979 ἐπιεικείας,
3164 3916 3264 3967 οὐκ
3300 3911 3648 3973 ἀναστέλλεις

1972 4004 2071 4070 τὴν
2102 4002 2328 4070 τόλμαν,
2377 4001 2500 4054 οὐδὲ
2547 3998 2900 4071 σωφρονίζεις
2940 3998 3038 4068 τὴν
3065 3997 3374 4064 ἀγνώμονα.
3408 3992 3474 4043 Τί
3498 3989 3590 4047 οὖν
3617 3995 3646 4045 6

1974 4085 2207 4155 ἀδάμας,
2256 4086 2284 4137 6
2329 4085 2577 4151 γενναῖος
2627 4080 2865 4152 ἀθλητής
2901 4080 2995 4132 τοῦ
3051 4077 3207 4143 Θεοῦ,
3241 4080 3269 4130 6
3307 4074 3646 4155 πανταχόθεν

1973 4154 2152 4236 ἐαυτῷ
2191 4165 2408 4217 πλέκων
2442 4164 2566 4227 τοὺς
2612 4164 2939 4231 στεφάνους;
2988 4160 3214 4222 Δεικνὺς
3246 4160 3339 4212 καὶ
3366 4156 3454 4210 διὰ
3489 4154 3647 4209 τοῦτο

1972 4247 2069 4318 τὴν
2100 4249 2304 4301 οἰκείαν
2332 4245 2553 4316 ἀρετὴν,
2584 4245 2687 4315 ὅρα
2722 4244 2773 4297 τί
2805 4261 2938 4315 φησι
2985 4243 3122 4314 πρὸς
3157 4242 3329 4311 αὐτήν
3353 4256 3366 4268 ·
3418 4238 3573 4294 Ἰδοὺ
3603 4240 3644 4306 ἠ

1973 4330 2262 4397 παιδίσκη
2292 4343 2409 4382 σου
2438 4329 2507 4382 ἐν
2543 4329 2672 4394 ταῖς
2701 4328 2876 4397 χερσί
2909 4344 3025 4381 σου
3049 4344 3062 4357 ·
3106 4324 3227 4395 χρῶ
3258 4321 3435 4391 αὐτῇ,
3459 4323 3537 4388 ὠς
3568 4321 3647 4375 ἄν

1971 4430 2071 4467 σοι
2100 4411 2356 4482 ἀρεστὸν
2376 4406 2439 4482 ᾗ.
2458 4411 2684 4481 Μεγάλη
2709 4410 2803 4463 τοῦ
2838 4410 3049 4464 δικαίου
3081 4412 3113 4480 ή
3139 4406 3445 4478 φιλοσοφία,
3471 4404 3643 4475 πολλή

1969 4497 2071 4568 τῆς
2104 4495 2480 4568 μακροθυμίας
2513 4498 2547 4566 ή
2585 4493 2879 4567 ὑπερϐολή.
2904 4495 2977 4547 06
3026 4494 3184 4565 μόνον
3225 4492 3334 4562 γὰρ
3367 4492 3469 4543 οὐκ
3494 4489 3646 4542 ἐδυσο

1971 4580 2165 4651 χέρανε
2224 4578 2361 4650 πρὸς
2394 4579 2463 4630 τά
2504 4577 2653 4648 παρά
2684 4577 2781 4648 τῆς
2823 4577 3005 4648 Σάρας
3055 4576 3337 4648 εἰρημένα,
3375 4572 3512 4626 ἀλλά
3550 4569 3645 4622 καὶ

1973 4663 2112 4734 μετὰ
2139 4661 2338 4733 πολλῆς
2396 4661 2499 4730 τῆς
2545 4660 2846 4724 ἐπιεικείας
2896 4662 3130 4713 ποιεῖται
3180 4658 3278 4727 τὴν
3325 4655 3637 4725 ἀπόκρισιν,

1969 4747 2063 4799 καί
2089 4760 2273 4816 φησιν’
2319 4742 2677 4806 ’Υποπτεύεις
2701 4759 2768 4812 με
2796 4741 2970 4795 αἴτιον
2990 4739 3315 4810 γεγενῆσθαι
3341 4737 3449 4789 τῶν
3475 4736 3554 4798 είς
3580 4734 3642 4788 σὶ

1970 4827 2200 4899 ὕϐρεων,
2235 4827 2330 4880 καὶ
2361 4825 2603 4897 νομίζεις
2649 4841 2716 4895 με
2752 4823 2976 4893 ἥδεσθαι
3007 4824 3119 4884 τοῖς
3153 4822 3303 4891 παρὰ
3332 4820 3430 4889 τῆς
3465 4817 3641 4871 παιδί-

1971 4926 2106 4979 σκης
2138 4909 2463 4979 γινομένοις,
2488 4906 2678 4977 ἐπειδὴ
2700 4905 2845 4971 ἅπαξ
2872 4903 3196 4974 ἐκοινώνησέ
3223 4920 3311 4973 μοι
3332 4903 3432 4972 τῆς
3453 4900 3635 4968 εύνῆς¹

1972 4993 2208 5062 μάνθανε
2238 4994 2322 5045 ὅτι
2351 4991 2445 5045 καὶ
2477 4990 2760 5060 πρότερον,
2797 4990 2846 5041 εί
2883 4991 2957 5059 μή
2986 5005 3068 5040 σοι
3113 4984 3417 5040 ὑπακοῦσαι
3454 4982 3641 5054 βουλό-

1971 5093 2130 5146 μενος
2168 5076 2327 5130 τοῦτο
2368 5074 2760 5143 κατεδεξάμην,
2792 5073 2892 5126 ούκ
2925 5071 2991 5125 ἀν
3022 5087 3153 5123 ποτε
3189 5068 3495 5139 ἠνεσχόμην
3539 5067 3639 5136 τὴν

1969 5159 2260 5229 παιδίσκην
2294 5159 2374 5220 εἰς
2404 5156 2502 5227 τὴν
2530 5156 2689 5223 εὐνὴν
2720 5156 2948 5222 ἀγαγεῖν
2981 5152 3077 5223 τὴν
3113 5153 3212 5221 σήν
3236 5167 3251 5180 ·
3297 5152 3391 5203 καὶ
3429 5149 3522 5202 νῦν
3553 5149 3641 5202 ἵνα

1966 5242 2055 5295 διὰ
2082 5241 2191 5294 τῶν
2219 5239 2560 5311 πραγμάτων
2586 5236 3028 5308 πληροφορηθῇς,
3072 5235 3182 5287 ἰδοὺ
3227 5232 3379 5304 [590]
3407 5231 3511 5285 ὑπο
3538 5229 3640 5295 τὰς

1975 5324 2163 5396 χεῖράς
2189 5310 2282 5377 σού
2314 5325 2459 5375 ἐστι’
2479 5320 2610 5388 Χρῶ
2635 5321 2809 5389 αὐτῇ,
2836 5321 2917 5385 ὡς
2944 5319 3023 5372 ἂν
3049 5332 3147 5371 σοι
3172 5310 3504 5387 ἀρεστὸνῇ.
3544 5314 3640 5387 Μὴ

1968 5411 2077 5478 γὰρ
2108 5405 2408 5477 ὑπετέμετό
2433 5403 2527 5458 σού
2556 5421 2639 5467 τις
2666 5402 2765 5473 τὴν
2795 5402 3075 5469 ἐξουσίαν;
3109 5401 3182 5472 μὴ
3216 5401 3322 5471 γάρ
3352 5400 3638 5472 άφηρέθης

1967 5490 2135 5560 αὐτῆς
2161 5489 2260 5559 τὴν
2283 5486 2631 5551 δεσποτείαν;
2659 5487 2719 5538 Εἰ
2757 5485 2863 5557 γὰρ
2892 5485 2983 5537 καὶ
3013 5484 3111 5553 τὴν
3145 5485 3281 5554 πρὸς
3310 5484 3478 5555 αὐτὴν
3513 5502 3639 5538 συν-

1966 5574 2154 5627 ουσίαν
2194 5570 2588 5641 κατεδεξάμην,
2633 5568 2747 5621 ἀλλ’
2769 5569 2911 5639 ἔχεις
2932 5568 3102 5638 αὐτῆς
3123 5566 3220 5638 τὴν
3245 5566 3514 5631 ἐξουσίαν,
3544 5567 3638 5624 καὶ

1968 5657 2073 5710 ὑπὸ
2098 5653 2198 5717 τὰς
2225 5652 2414 5724 χεῖράς
2454 5650 2545 5705 σού
2578 5653 2693 5704 ἐστι
2713 5666 2726 5679 ·
2768 5650 2983 5714 κόλαζε,
3014 5651 3335 5723 σωφρόνιζε,
3368 5652 3594 5721 ἐπιτίμα
3617 5668 3631 5684 ⁸

1965 5739 1994 5791 ὃ
2026 5736 2201 5807 βούλει
2236 5737 2330 5789 καὶ
2365 5735 2441 5798 ὼς
2486 5732 2707 5804 ἀρέσκει
2749 5751 2851 5799 σοι,
2883 5734 3025 5787 οὕτω
3063 5735 3393 5806 διαπράττου
3443 5735 3510 5789 τά
3553 5736 3632 5799 είς

1969 5818 2138 5891 αὑτήν
2162 5835 2174 5851 ’
2227 5819 2389 5885 μόνον
2425 5818 2501 5890 μὴ
2526 5819 2866 5890 ὃυσχέραινε,
2904 5820 3065 5893 μόνον
3093 5822 3166 5893 μὴ
3205 5822 3327 5890 ἐμοὶ
3360 5821 3634 5888 ἐπίγραφε

1970 5900 2037 5956 τὰ
2087 5903 2216 5973 παρ’
2263 5903 2434 5974 αὐτῆς
2483 5905 2770 5974 προπετῶς
2802 5911 3158 5979 γεγενημένα.
3213 5905 3345 5959 Οὐδὲ
3389 5904 3496 5975 γὰρ
3529 5900 3634 5956 ἀπὸ

2032 6056 2057 6096 b
2085 6047 2309 6110 QUINQUE
2336 6059 2450 6095 1118.
2487 6046 2549 6102 εἷς
2584 6046 2667 6106 τήν
2686 6046 2828 6104 τάξιν,
