4060 6422
357 398 461 456 557

356 527 463 584 que
506 511 650 566 enim
699 509 835 566 meis
885 507 1254 564 affectionibus
1297 508 1546 562 incitatus
1587 521 1702 560 rem
1740 518 1862 559 cum
1889 518 1951 556 ea

360 605 540 669 habui,
571 615 628 657 nt
672 618 797 674 erga
827 618 942 658 eam
971 603 1047 656 sic
1070 599 1292 666 alliciar,
1336 610 1390 653 ut
1421 609 1605 656 contra
1648 597 1952 668 tequitatem

357 700 404 754 ci
450 696 772 769 patrociner.
809 697 933 752 Scio
957 711 1115 768 quem
1147 695 1235 749 tibi
1265 693 1489 748 debeam
1521 692 1818 757 honorem;
1850 705 1957 745 non

360 789 546 860 ignoro
574 787 892 847 famulorum
919 792 1182 859 ingratum
1212 787 1469 841 animum.
1492 784 1644 839 Nulla
1683 782 1811 838 mihi
1843 782 1958 853 ejus

361 881 438 935 rei
478 895 606 934 cura
639 880 720 936 vel
752 880 888 934 ratio
919 896 931 932 :
968 895 1132 934 unum
1166 886 1369 932 tantum
1396 885 1480 932 est
1515 876 1601 932 cui
1644 875 1855 941 studeo,
1901 881 1961 928 ut

361 980 415 1026 tu
449 986 678 1026 IIICDI‘OI‘C
707 984 892 1028 careas
934 978 989 1026 et
1019 969 1342 1035 turbatione,
1370 983 1434 1024 ac
1477 967 1530 1023 in
1561 967 1710 1022 omni
1756 967 1831 1022 sis
1863 965 1963 1020 ho-

363 1080 513 1119 ΙΙΟΙὍ.

447 1156 502 1210 5.
544 1153 830 1226 Conjugum
875 1153 1056 1225 officia.
1087 1183 1161 1194 —
1186 1153 1297 1209 Hoc
1325 1161 1408 1208 est
1450 1166 1636 1207 verum
1667 1149 1956 1206 contuber-

361 1246 533 1312 nium,
568 1245 670 1301 hoc
715 1246 893 1301 mariti
923 1245 1182 1310 officium,
1207 1244 1422 1316 quando
1464 1261 1570 1300 non
1611 1259 1801 1315 magna
1841 1242 1964 1300 dili-

365 1338 544 1409 gentia
590 1337 656 1392 ad
705 1337 948 1394 mulieris
999 1347 1202 1408 spectat
1249 1338 1432 1404 verba,
1467 1335 1562 1393 sed
1609 1335 1961 1393 imbecillitati

365 1445 528 1488 sexus
557 1429 725 1486 venia:
768 1429 1010 1484 nonnihil
1055 1428 1318 1496 concedit,
1354 1429 1458 1485 hoc
1497 1444 1660 1484 unum
1692 1438 1960 1498 satagens,

366 1531 424 1576 ut
453 1537 483 1578 e
511 1522 687 1576 medio
732 1522 950 1577 tollatur
988 1523 1223 1590 tristitia,
1254 1531 1308 1577 et
1345 1537 1446 1598 pax
1477 1532 1637 1594 atque
1679 1521 1964 1578 concordia

366 1611 802 1686 constringuntur
848 1612 1070 1670 arctius.
1129 1614 1362 1668 Audiant
1409 1613 1530 1684 viri,
1582 1621 1638 1669 et
1689 1613 1965 1668 imitentur

366 1705 492 1773 justi
521 1705 816 1773 lenitatem,
859 1714 914 1764 et
955 1715 1158 1761 tantum
1206 1706 1466 1762 honorem
1510 1722 1573 1764 ac
1606 1709 1963 1763 reverentiam

369 1797 680 1853 mulieribus
733 1797 987 1868 tribuant,
1033 1806 1086 1853 et
1131 1806 1399 1869 tamquam
1447 1798 1698 1855 imbecilli
1747 1800 1966 1854 vasculo

371 1897 611 1957 parcant,
656 1897 716 1948 ut
759 1888 1065 1946 concordiae
1113 1890 1384 1946 vinculum
1437 1891 1643 1946 firmius
1685 1891 1961 1946 consistat.

373 1981 478 2037 Illa:
508 1981 650 2041 enim
679 1997 819 2036 verm
841 1992 966 2037 sunt
993 1981 1213 2045 dii-illm,
1242 1983 1347 2038 illa:
1371 1982 1620 2037 maxima:
1657 1991 1780 2036 sunt
1802 1981 1965 2037 facul-

375 2083 531 2142 tates,
557 2073 602 2128 si
632 2075 713 2128 vir
734 2088 854 2128 cum
884 2072 1108 2132 muliere
1132 2088 1236 2128 non
1267 2071 1556 2138 discordet,
1579 2073 1673 2128 'sed
1694 2072 1966 2142 conjuncti

371 2167 480 2222 sint
505 2174 564 2220 ut
594 2179 789 2235 corpus
819 2180 1004 2220 unum.
1028 2163 1193 2218 Erunt
1221 2165 1388 2227 enim,
1420 2165 1609 2237 inquit,
1629 2164 1731 2218 duo
1757 2165 1810 2219 in
1846 2180 1960 2218 car-

373 2273 486 2310 nem
514 2272 667 2310 unam
701 2254 853 2325 (Gen.
874 2255 927 2312 2.
951 2255 1068 2327 24).
1103 2256 1260 2311 Tales
1289 2256 1388 2312 etsi
1421 2257 1472 2311 in
1503 2266 1815 2328 paupertate
1836 2256 1963 2322 sint,

373 2349 473 2404 etsi
503 2349 556 2404 in
587 2349 810 2416 vilitate,
849 2350 1086 2407 omnium
1118 2358 1245 2405 sunt
1286 2349 1601 2419 beatissimi,
1628 2366 1810 2408 veram
1841 2366 1965 2422 per-

372 2441 575 2511 cipiunt
600 2442 949 2512 voluptatem,
974 2451 1028 2496 et
1063 2441 1115 2496 in
1154 2443 1404 2498 continua
1435 2442 1635 2514 degunt
1670 2444 1968 2514 tranquilli-

375 2543 516 2590 tate:
545 2533 685 2590 sicut
703 2545 888 2590 contra
915 2535 1004 2605 qui
1035 2534 1134 2590 hac
1162 2549 1269 2590 non
1301 2535 1569 2603 fruuntur,
1589 2535 1686 2592 sed
1707 2535 1968 2609 zelotypia

375 2627 638 2692 laborant,
670 2635 725 2688 et
771 2627 968 2682 bonum
1013 2627 1160 2699 pacis
1207 2627 1476 2694 amittunt,
1503 2628 1714 2686 etiamsi
1765 2631 1972 2700 magnis

375 2717 597 2774 affluant
624 2717 840 2784 divitiis,
864 2718 1073 2778 etiamsi
1105 2729 1446 2789 sumptuosas
1474 2719 1703 2778 habeant
1732 2736 1968 2790 mensas,

377 2810 587 2866 etiamsi
633 2810 762 2866 clari
795 2809 993 2868 fuerint
1023 2826 1088 2868 ac
1137 2811 1363 2880 nobiles,
1396 2813 1684 2868 miserrimi
1729 2813 1969 2872 omnium

376 2911 501 2958 sunt
536 2920 549 2956 :
581 2903 764 2959 turbas
793 2914 848 2959 et
877 2902 1070 2959 fluctus
1095 2903 1196 2960 sibi
1230 2904 1467 2975 quotidie
1493 2905 1820 2976 excogitant,
1849 2921 1972 2962 sese

377 2993 606 3049 invicem
661 3003 939 3064 suspectos
988 2993 1222 3061 habent,
1283 2994 1592 3064 nullamque
1643 2996 1968 3066 voluptatem

379 3086 582 3144 habere
625 3099 868 3162 possunt,
899 3090 1110 3145 interno
1167 3089 1310 3146 bello
1355 3091 1535 3145 omnia
1585 3091 1969 3162 confundente,

379 3178 709 3251 multamque
757 3179 836 3236 eis
875 3181 1284 3239 amaritudinem
1331 3181 1636 3238 invehente.
1662 3183 1858 3241 Verum
1885 3183 1974 3242 hic

379 3269 511 3325 nihil
546 3272 682 3339 tale;
713 3271 809 3332 sed
843 3273 1141 3342 patriarcha
1165 3274 1583 3346 indignationem
1604 3268 1976 3334 matris-fami-

379 3363 480 3419 lias
507 3379 601 3424 sua
633 3366 860 3435 placavit
887 3366 1136 3434 lenitate,
1177 3376 1232 3423 et
1267 3367 1388 3423 data
1418 3368 1466 3423 ei
1497 3377 1682 3424 contra
1720 3369 1970 3426 ancillam

382 3464 666 3524 potestate,
687 3456 903 3513 domum
929 3472 1056 3534 pace
1081 3458 1322 3528 replevit.
1340 3457 1411 3514 Et
1433 3460 1608 3532 afﬂixit
1629 3475 1760 3530 eam,
1782 3461 1972 3531 inquit,

379 3547 537 3615 Sara,
563 3549 828 3620 etaufugit
869 3567 902 3604 a
936 3551 1066 3621 faeie
1093 3552 1222 3622 ejus.
1262 3547 1547 3624 Postquam
1579 3554 1795 3610 domina
1835 3556 1976 3614 illius

381 3642 587 3710 punivit
613 3641 973 3711 insolentiam,
1007 3643 1180 3715 fugam
1213 3643 1332 3700 iniit
1359 3646 1572 3701 ancilla.
1605 3646 1749 3704 Talis
1772 3649 1972 3705 scilicet

379 3747 658 3787 servorum
689 3749 807 3790 mos
839 3744 921 3791 cst
951 3752 963 3789 :
995 3735 1211 3806 quando
1232 3751 1337 3791 non
1368 3737 1694 3807 permittitur
1721 3739 1799 3794 eis
1826 3756 1974 3796 more

377 3839 478 3881 suo
512 3841 689 3897 agere,
733 3827 827 3883 sed
874 3828 1236 3899 impediuntur
1277 3845 1465 3886 eorum
1508 3842 1748 3899 conatus,
1795 3833 1972 3890 statim

380 3918 723 3975 dominorum
755 3921 927 3990 ruptis
948 3920 1132 3988 frenis,
1163 3921 1337 3993 fugam
1367 3932 1672 3992 capessunt.
1707 3923 1972 3979 Craterum

381 4011 486 4064 hoc
513 4011 672 4065 etiam
704 4010 842 4076 vide,
868 4011 1136 4079 quomodo
1165 4012 1372 4066 ancillae
1400 4027 1688 4082 supernum
1717 4013 1970 4068 auxilium

380 4116 486 4156 non
513 4100 672 4163 desit,
693 4101 909 4172 objusti
943 4101 1196 4158 videlicet
1223 4101 1504 4158 honorem.
1535 4102 1666 4157 Nam
1698 4105 1820 4173 quia
1842 4103 1970 4174 justi

379 4207 564 4247 semen
596 4193 730 4247 intra
772 4208 830 4248 se
863 4193 1105 4264 gerebat,
1139 4193 1258 4248 ideo
1283 4202 1335 4247 ct
1367 4194 1542 4265 angeli
1574 4205 1848 4264 aspectum
1891 4195 1969 4250 vi-

379 4282 509 4338 dere
535 4283 746 4338 meruit.
770 4283 822 4338 7.
850 4281 1049 4337 Invenit
1076 4284 1218 4340 enim
1249 4301 1381 4349 eant,
1414 4285 1602 4356 inquit,
1629 4288 1839 4358 angelus
1866 4286 1971 4341 Do-

379 4374 507 4428 mini
547 4391 704 4446 prope
739 4377 928 4446 fontem
972 4391 1118 4447 aqua:
1168 4376 1222 4429 in
1269 4376 1560 4441 solitudine,
1605 4377 1658 4431 in
1709 4378 1790 4432 uia
1843 4378 1969 4434 Sur.

379 4466 674 4522 Considera
721 4467 1104 4538 benignitatem
1155 4466 1401 4533 Domini,
1446 4467 1716 4537 quomodo
1768 4468 1970 4523 nullum

379 4557 659 4627 despiciat,
679 4556 772 4611 sed
799 4557 1008 4612 etiamsi
1031 4571 1218 4612 servus
1239 4558 1306 4612 sit
1331 4557 1410 4612 vel
1433 4557 1646 4626 ancilla,
1668 4571 1819 4613 suam
1845 4574 1969 4631 erga

378 4664 504 4704 eum
533 4648 768 4704 declaret
798 4648 1205 4718 providentiam,
1227 4663 1332 4704 non
1361 4648 1427 4703 ad
1454 4649 1769 4720 dignitatum
1801 4652 1971 4722 respi-

377 4743 529 4798 ciens
558 4741 940 4809 differentiam,
984 4741 1079 4801 sed
1122 4740 1189 4797 ad
1235 4741 1426 4798 animae
1469 4741 1828 4799 affectionem.
1875 4743 1972 4798 llic

377 4845 560 4890 autem
590 4851 695 4890 non
728 4847 946 4906 propter
969 4835 1182 4890 ancilla:
1215 4835 1465 4890 meritum
1500 4835 1721 4906 angelus
1746 4835 1967 4902 assistit,

377 4925 477 4983 sed
504 4926 575 4981 ob
595 4926 854 4982 honorem
880 4926 1031 4996 justi.
1060 4925 1192 4981 Nam
1214 4927 1348 4980 sicut
1374 4926 1504 4993 dixi,
1533 4926 1690 4998 digna
1715 4935 1832 4982 erat
1849 4943 1970 4998 qua!

377 5033 486 5074 non
536 5018 915 5089 negligeretur,
947 5033 1014 5074 eo
1041 5017 1181 5088 quod
1213 5018 1369 5087 digna
1415 5016 1602 5074 fuisset
1635 5034 1754 5088 quze
1784 5034 1967 5076 semen

370 5110 506 5180 justi
535 5110 848 5180 susciperet.
879 5108 932 5164 8.
971 5108 1034 5162 Et
1061 5117 1113 5162 ut
1138 5125 1248 5163 eam
1267 5109 1454 5162 invenit
1479 5108 1709 5180 angelus,
1737 5109 1864 5164 dixit
1891 5111 1968 5164 ei:

380 5203 518 5272 Agar
538 5200 728 5258 ancilla
755 5199 920 5262 Sarra,
941 5198 1074 5254 unde
1097 5200 1249 5264 venis,
1273 5209 1320 5254 et
1347 5216 1444 5268 quo
1467 5199 1649 5255 vadis?
1682 5198 1812 5255 Vide
1837 5215 1970 5270 quo.

378 5295 540 5350 modo
569 5305 624 5349 et
664 5295 838 5365 angeli
869 5293 1007 5349 dicta
1038 5307 1156 5348 eam
1188 5292 1240 5346 in
1281 5293 1595 5348 memoriam
1639 5306 1749 5347 suae
1778 5292 1968 5348 condi-

379 5389 542 5442 tionis
589 5387 866 5442 inducant.
913 5385 1046 5442 Nam
1095 5397 1151 5439 ut
1199 5383 1539 5440 attentiorcm
1590 5400 1707 5442 eam
1757 5385 1966 5449 reddat,

376 5478 559 5532 statim
589 5477 1002 5549 appellationem
1032 5476 1264 5530 nominis
1292 5477 1409 5545 ejus
1439 5477 1492 5530 in
1529 5475 1764 5532 medium
1793 5475 1966 5543 all‘ert,
2033 5539 2043 5548 _

377 5577 434 5623 et
463 5569 590 5622 dicit
615 5586 627 5621 :
670 5567 828 5639 Agar.
855 5567 1100 5623 Solemus
1125 5567 1266 5620 enim
1297 5566 1606 5637 diligentius
1640 5569 1965 5634 auscultare,

377 5659 594 5727 quando
639 5657 942 5716 nominibus
991 5659 1190 5715 nostris
1250 5673 1516 5714 vocamur.
1569 5657 1769 5715 Deinde
1816 5657 1966 5726 dicit,

379 5744 584 5802 Ancilla
604 5748 752 5805 Sara:
771 5765 790 5804 :
816 5764 922 5820 quo
956 5750 1226 5806 recordari
1255 5766 1372 5806 eam
1393 5751 1543 5822 jubet
1569 5752 1800 5806 dominae
1831 5767 1964 5819 suat,

379 5845 450 5896 ut~
478 5837 613 5892 sciat
654 5855 731 5909 se,
763 5841 884 5897 licet
927 5842 1191 5912 particeps
1237 5841 1391 5899 fuerit
1433 5843 1614 5900 herilis
1659 5843 1802 5913 lecti,
1835 5853 1970 5899 atta-

1355 388 1418 444 I.‘\‘
1459 386 1610 447 CAP.
1653 387 1790 446 XVI.
1835 379 2081 440 GENES.
2127 377 2352 436 ιιοιιιι.
2397 375 2680 434 XXXVIII.

3545 372 3652 430 338

2067 509 2189 550 men
2220 493 2491 551 dominam
2533 506 2825 564 agnoscere
2863 491 3062 549 debere
3100 491 3310 549 Suram.
3338 487 3470 544 Vide
3496 492 3656 564 igitur

2063 585 2312 656 angelum
2343 586 2784 656 interrogantem,
2817 593 2875 640 ut
2913 599 3030 639 eam
3059 583 3124 640 ad
3154 582 3512 654 respondendi
3559 599 3655 637 ne-

2063 677 2366 732 cessitatem
2396 684 2632 748 cogeret.
2668 674 2835 741 Unde,
2859 675 3048 747 inquit,
3069 674 3284 731 nuncin
3312 673 3658 729 solitudinem

2068 769 2209 825 hanc
2257 770 2543 839 advenisti,
2576 782 2629 826 et
2659 784 2766 842 quo
2790 769 3109 826 contendis?
3160 770 3335 840 Atque
3361 769 3430 824 ob
3461 769 3562 824 hoc
3604 769 3660 824 in

2067 859 2166 916 hac
2191 861 2481 916 solitudine
2509 871 2789 932 comparet
2814 863 3054 932 angelus,
3075 870 3132 916 ut
3159 876 3224 916 ne
3252 870 3398 932 putet
3427 861 3661 930 aliquem

2067 968 2134 1008 ex
2180 953 2485 1025 vulgaribus
2532 954 2827 1009 viatoribus
2871 969 2993 1009 eum
3037 967 3157 1009 esse
3198 953 3288 1024 qui
3334 953 3662 1023 interrogat:

2068 1045 2301 1099 solitudo
2325 1045 2467 1099 enim
2497 1057 2632 1114 erat,
2661 1053 2718 1100 et
2746 1045 2924 1100 nullus
2967 1045 3105 1100 alius
3148 1043 3333 1099 aderat
3362 1063 3374 1098 :
3410 1055 3465 1099 ut
3505 1047 3663 1116 igitur

2068 1135 2206 1190 scire
2233 1137 2401 1207 possit
2428 1153 2532 1191 non
2563 1152 2684 1192 esse
2715 1136 2993 1208 vulgarem
3024 1136 3280 1207 aliquem,
3303 1137 3392 1206 qui
3423 1137 3520 1190 sibi
3551 1139 3664 1192 col-

2069 1224 2323 1295 loquitur,
2353 1237 2638 1297 eapmptcr
2683 1227 2734 1280 in
2759 1241 2943 1282 eremo
2973 1229 3238 1298 apparuit,
3269 1236 3324 1281 et
3365 1227 3665 1282 sciscitatus

2070 1315 2215 1374 illam
2247 1326 2329 1371 est
2361 1335 2373 1369 :
2423 1316 2484 1370 Et
2511 1318 2674 1384 inquit
2704 1316 2788 1370 illa
2823 1335 2835 1370 :
2870 1318 2910 1370 Α
2943 1318 3074 1388 facie
3101 1317 3250 1371 Sara:
3286 1317 3504 1372 domina:
3542 1333 3668 1372 mea?

2069 1423 2161 1479 ego
2188 1410 2352 1479 fugio.
2381 1407 2542 1464 Vides
2571 1407 2841 1480 quomodo
2879 1423 2983 1463 non
3013 1416 3169 1479 negat
3190 1407 3541 1475 dominatum,
3570 1409 3664 1462 scd

2068 1501 2355 1554 confitetur
2381 1514 2507 1555 vere
2529 1500 2746 1554 omnia?
2773 1499 2888 1553 Non
2915 1508 3018 1565 est,
3051 1499 3241 1568 inquit.
3270 1500 3429 1554 homo
3459 1499 3547 1568 qui
3580 1499 3664 1553 in-

2072 1599 2327 1661 terrogat,
2377 1601 2431 1645 ut
2473 1592 2676 1662 possim
2704 1590 2974 1661 decipere.
3011 1590 3247 1644 Primum
3292 1589 3426 1645 dixit
3470 1607 3664 1646 nomen

2072 1697 2272 1750 meum,
2299 1692 2353 1737 et
2382 1681 2613 1737 domina:
2636 1697 2770 1737 mea:
2799 1680 3044 1736 meminit
3073 1698 3085 1734 :
3119 1696 3213 1750 par
3234 1689 3316 1735 est
3341 1681 3501 1752 igitur
3525 1691 3581 1734 ιιι
3613 1692 3669 1736 ct

2071 1787 2171 1842 ego
2200 1773 2379 1829 omnia
2409 1788 2534 1828 vere
2570 1772 2765 1827 dicam.
2789 1771 2830 1825 Α
2860 1772 3010 1844 facie,
3039 1772 3229 1842 inquit,
3265 1771 3414 1826 Sara:
3452 1773 3670 1827 domina:

2071 1881 2196 1918 mete
2223 1882 2313 1936 ego
2352 1867 2514 1938 fugio.
2559 1864 2691 1922 Vide
2719 1863 2988 1936 quomodo
3032 1864 3165 1919 citra
3197 1864 3378 1918 odium
3427 1865 3670 1920 meminit

2072 1959 2324 2015 dominae.
2351 1959 2466 2014 Non
2505 1960 2659 2028 dixit,
2691 1960 2772 2017 Me
2801 1959 2990 2016 afﬂixit
3022 1979 3034 2014 :
3070 1977 3174 2015 non
3221 1959 3374 2022 dixit,
3408 1961 3489 2018 ille
3532 1963 3670 2016 male

2075 2053 2374 2120 mulctavit,
2405 2069 2512 2108 non
2546 2069 2760 2124 possum
2785 2054 2924 2109 ferre
2967 2053 3266 2109 molestiam
3291 2057 3427 2125 ejus,
3461 2066 3515 2111 ct
3551 2056 3670 2111 idco

2072 2144 2251 2216 fugam
2282 2145 2372 2201 inii
2400 2164 2416 2202 :
2449 2148 2578 2202 nihil
2607 2163 2856 2218 asperum
2888 2148 3104 2218 loqnuta
3130 2157 3232 2215 est,
3261 2149 3354 2205 sed
3387 2149 3560 2205 Solum
3587 2165 3671 2204 se-

2073 2236 2244 2308 ipsam
2272 2247 2329 2292 ut
2351 2238 2623 2310 fugitivam
2654 2238 3148 2295 accusavit.Vidisti
3171 2241 3284 2309 ejus
3316 2241 3670 2309 probitatem?

2075 2327 2210 2386 Vide
2237 2329 2362 2401 quid
2397 2331 2590 2385 iterum
2630 2331 2850 2401 angelus
2876 2331 2925 2386 ei
2966 2331 3121 2386 dixit.
3165 2331 3217 2389 9.
3255 2330 3395 2386 Dixit
3430 2343 3598 2387 autem
3629 2335 3675 2387 ei

2074 2421 2286 2492 angelus
2333 2421 2578 2478 Domini:
2616 2421 2882 2478 Revertere
2909 2423 2976 2476 ad
3019 2423 3277 2478 dominam
3317 2434 3474 2490 tuam,
3506 2433 3551 2480 et
3580 2427 3675 2479 Ιηια

2076 2513 2276 2568 miliare
2304 2514 2396 2568 sub
2425 2515 2658 2570 manibus
2685 2515 2814 2586 ejus.
2842 2514 2923 2569 Ad
2956 2516 3056 2571 hoc
3084 2515 3323 2585 quidem,
3343 2516 3483 2586 quod
3507 2516 3672 2570 dixit:

2076 2605 2121 2659 Α
2147 2607 2282 2678 facie
2306 2606 2527 2661 domina:
2556 2623 2681 2663 mea:
2706 2608 2868 2680 fugio,
2899 2608 3089 2678 inquit,
3117 2607 3402 2674 Revertere,
3427 2619 3480 2663 cl
3510 2626 3576 2664 ne
3601 2611 3676 2664 sis

2078 2695 2284 2770 ingnia
2327 2713 2454 2768 erga
2500 2697 2772 2754 dominam
2826 2708 2990 2762 tuam,
3018 2714 3136 2768 qua:
3173 2699 3242 2754 de
3291 2708 3340 2755 te
3389 2714 3493 2755 tam
3541 2701 3678 2757 bene

2077 2791 2268 2846 merita
2299 2800 2403 2847 est.
2435 2790 2658 2857 Deinde,
2687 2792 2809 2864 quia
2854 2807 2921 2847 ex
2949 2793 3085 2846 fastu
3116 2802 3170 2848 et
3197 2793 3444 2864 superbia
3483 2797 3677 2849 mentis

2077 2881 2349 2938 dominam
2378 2897 2528 2938 suam
2559 2884 2610 2936 in
2657 2885 2789 2938 iram
2814 2882 3163 2951 excitaverat,
3195 2883 3385 2954 inquit,
3416 2881 3482 2938 Et
3509 2886 3678 2940 humi-

2077 2974 2206 3030 liare
2248 2977 2339 3031 sub
2378 2975 2610 3034 manibus
2649 2978 2781 3048 ejus,
2809 2976 3048 3047 subjecta
3092 2986 3208 3032 esto
3245 2977 3293 3034 ei
3326 2997 3340 3035 :
3391 2978 3493 3034 hoc
3531 2980 3673 3035 enim

2079 3067 2174 3124 tibi
2198 3067 2457 3140 proderit.
2487 3071 2734 3140 Agnosco
2777 3071 3116 3138 servitutem,
3147 3086 3212 3126 ne
3253 3072 3464 3142 ignores
3505 3071 3679 3128 domi-

2081 3159 2250 3230 nium,
2275 3159 2408 3216 nihil
2437 3161 2665 3217 sublime
2694 3163 2890 3232 sapito,
2916 3179 2983 3218 ne
3009 3163 3128 3234 plus
3157 3163 3226 3218 de
3254 3172 3306 3219 te
3328 3179 3486 3236 quam
3517 3181 3679 3236 opor—

2082 3264 2158 3310 tct
2211 3255 2461 3312 sentias:
2514 3255 2806 3312 Humiliare
2845 3257 2938 3310 sub
2983 3256 3213 3311 manibus
3254 3257 3384 3328 ejus,
3432 3273 3676 3330 magnam

2080 3363 2192 3420 prae
2227 3359 2278 3406 te
2305 3349 2382 3406 fer
2412 3349 2795 3405 obedientiam.
2824 3349 2967 3405 Satis
2994 3350 3112 3418 ejus
3144 3349 3376 3404 animam
3404 3347 3677 3406 demulse-

2085 3448 2208 3496 rant
2235 3442 2408 3513 angeli
2431 3440 2592 3509 dicta,
2621 3449 2782 3512 atque
2803 3441 2920 3514 ejus
2949 3442 3194 3512 spiritum
3225 3451 3678 3512 compresserant,

2082 3534 2214 3588 satis
2251 3535 2591 3589 frenari-rant
2618 3534 2732 3603 ejus
2771 3532 3122 3602 iracundiam,
3152 3533 3370 3588 multam
3401 3535 3453 3589 in
3481 3532 3682 3606 cogita-

2081 3625 2316 3682 tionibus
2345 3625 2688 3681 sercnitatcm
2717 3624 2969 3682 fecerant.

2155 3722 2207 3777 6.
2252 3719 2452 3776 Deinde
2479 3737 2546 3775 ne
2575 3730 2722 3791 putet
2751 3730 2954 3778 temere
2986 3731 3039 3778 et
3065 3721 3270 3794 absque
3296 3736 3456 3778 causa
3487 3738 3546 3779 se
3582 3723 3683 3780 hu-

2077 3813 2311 3883 jusmodi
2364 3813 2699 3884 providentia
2746 3813 3017 3885 dignatam
3066 3829 3219 3881 esse,
3270 3815 3365 3871 sed
3410 3814 3580 3871 discat
3623 3832 3684 3872 se

2085 3914 2302 3977 propter
2327 3921 2512 3961 semen
2547 3907 2677 3976 justi
2723 3915 2928 3962 tantam
2955 3905 3382 3960 benevolentiam
3425 3921 3684 3976 assequu-

2086 4007 2190 4055 tam
2230 4012 2371 4064 esse,
2406 3998 2526 4054 vide
2551 3997 2820 4068 quomodo
2853 4013 2972 4052 eam
3005 3997 3334 4062 consolatur,
3364 4007 3419 4052 et
3445 4007 3681 4054 mentem

2083 4090 2200 4158 ejus
2225 4090 2404 4160 erigit,
2437 4097 2489 4142 ct
2519 4089 2944 4144 consolationem
2975 4089 3088 4155 dat,
3114 4104 3234 4158 qua:
3274 4089 3488 4145 abunde
3529 4090 3681 4145 suffi-

2082 4182 2209 4247 ciat,
2229 4196 2347 4236 cum
2373 4180 2442 4234 ita
2471 4180 2771 4250 subjungit:
2794 4181 2881 4236 IO.
2909 4180 2974 4234 Et
2995 4180 3122 4234 dixit
3143 4181 3187 4234 ei
3208 4182 3416 4251 angelus
3438 4180 3682 4238 Domini:

2087 4272 2442 4344 Multiplicans
2469 4271 2818 4341 multiplicabo
2847 4289 3015 4327 semen
3047 4282 3208 4337 tuum,
3243 4282 3290 4326 et
3315 4289 3421 4343 pra:
3453 4275 3683 4328 multitu-

2087 4369 2206 4422 dine
2228 4383 2327 4421 non
2355 4365 2719 4421 numerabitur.
2750 4365 2813 4422 Et
2847 4366 2962 4432 tibi,
2992 4365 3184 4436 inquit,
3213 4365 3444 4434 praedico
3473 4373 3677 4420 tantum

2091 4457 2206 4514 fore
2251 4473 2436 4514 semen
2485 4468 2652 4523 tuum,
2687 4465 2742 4513 ut
2785 4473 2960 4528 neque
2992 4471 3220 4512 numero
3261 4457 3552 4528 subjaecat.
3603 4458 3686 4514 Ne

2092 4550 2252 4621 igitur
2291 4559 2482 4606 mmsta
2528 4550 2623 4613 sis,
2655 4563 2833 4618 neque
2860 4547 3209 4616 succumbas,
3241 4564 3414 4620 neque
3451 4549 3686 4605 turbaris

2091 4643 2293 4708 animo,
2327 4641 2420 4700 sed
2449 4657 2558 4712 pra:
2588 4650 2639 4696 te
2669 4641 2748 4696 fer
2774 4657 2988 4696 omnem
3027 4639 3408 4696 obedientiam.
3433 4641 3518 4694 ll.
3551 4639 3685 4694 Ecce

2092 4738 2226 4790 enim
2255 4745 2453 4790 uterum
2494 4737 2646 4806 geris,
2675 4743 2721 4788 et
2747 4736 2917 4804 paries
2955 4733 3142 4802 ﬁlium,
3172 4741 3218 4785 et
3257 4730 3456 4786 vocabis
3498 4748 3682 4786 nomen

2078 4830 2191 4900 ejus
2235 4826 2446 4884 Ismael.
2480 4827 2624 4891 Ideo,
2654 4825 2845 4896 inquit,
2875 4833 2930 4879 et
2961 4832 3170 4893 partum
3206 4822 3301 4876 tibi
3335 4820 3592 4892 pratdico,
3625 4835 3680 4876 et

2078 4937 2274 4979 nomen
2296 4921 2404 4991 jam
2445 4920 2664 4989 impono
2693 4931 2860 4986 puero
2885 4915 2976 4985 qui
3007 4923 3277 4978 nascetur,
3298 4924 3357 4968 ut
3390 4927 3448 4968 re
3474 4913 3675 4968 certius

2077 5023 2376 5084 comperta,
2395 5009 2472 5065 sic
2495 5007 2838 5080 regrediaris,
2858 5014 2914 5060 ct
2931 5004 3184 5061 emendes
3206 5003 3347 5072 quod
3370 5002 3672 5073 deliquisti:

2081 5105 2214 5173 Quia
2254 5101 2444 5156 audivit
2479 5098 2724 5154 Dominus
2749 5097 3082 5152 humilitatem
3111 5104 3270 5149 fuant.

2153 5197 2412 5262 Quantum
2455 5207 2798 5248 terumnarum
2842 5189 3061 5245 lucrum.
3087 5217 3158 5228 ——
3202 5186 3338 5242 lIinc
3378 5185 3675 5242 discamus.

2077 5299 2334 5362 quantum
2366 5286 2432 5340 sit
2466 5285 2518 5339 in
2550 5281 2933 5338 afflictionibus
2970 5281 3199 5343 lucrum,
3233 5288 3431 5350 quanta
3462 5278 3684 5334 calauti-

2081 5385 2204 5439 tatis
2237 5380 2460 5436 utilitas.
2500 5377 2787 5446 Postquam
2818 5375 2960 5429 enim
3001 5374 3246 5437 seces:it,
3285 5381 3339 5427 et
3377 5371 3532 5428 dolor
3572 5387 3671 5426 au—

2081 5484 2201 5531 ctus
2223 5471 2635 5539 cst,multisque
2661 5466 2988 5524 circumdata
3014 5475 3094 5523 est
3123 5465 3468 5520 afﬂictionum
3499 5465 3676 5520 molev

2084 5569 2223 5633 Sliis,
2256 5568 2308 5621 in
2351 5563 2665 5628 solitudine,
2689 5562 2749 5617 in
2772 5560 2988 5617 deserto
3032 5570 3084 5617 et
3127 5559 3387 5631 angustiis
3429 5574 3689 5628 versans,

2081 5667 2204 5729 post
2253 5663 2455 5711 laniant
2503 5635 2946 5724 prosperitatem,
2975 5662 3032 5708 et.
3075 5661 3360 5723 postquam
3403 5651 3455 5706 in
3494 5667 3688 5722 parem

2083 5764 2205 5804 cum
2253 5745 2469 5800 domina
2527 5759 2622 5798 sua
2676 5743 2994 5814 dig-nitatem
3043 5755 3228 5799 evecta
3283 5741 3508 5808 fuisset;
3555 5741 3686 5795 ideo

2085 5841 2441 5899 accclcralum
2496 5849 2645 5893 nacta
2701 5845 2783 5894 cst
2842 5836 3157 5893 subsidium.
3218 5837 3342 5892 llaec
3393 5835 3535 5891 cnim
3575 5830 3694 5895 tibi,
