4060 6448
485 438 592 496 359

487 563 668 621 erum,
689 549 881 620 inquit,
898 564 1017 623 qute
1040 546 1284 621 promisi,
1303 556 1354 601 et
1387 546 1564 614 paries
1592 542 1778 607 lilium,
1809 549 1861 594 et
1889 554 2074 595 semen

493 659 638 703 tnmn
666 643 1054 703 iunumerahile
1092 642 1217 706 erit,
1254 640 1387 709 Quia
1429 635 1681 692 exaudivit
1712 634 1956 689 Dominus
1981 631 2078 685 Itu-

486 740 750 795 militatem
776 748 936 792 tuam.
965 733 1043 792 Ne
1066 735 1226 807 igitur
1248 730 1509 803 gravatim
1549 727 1802 793 feranms,
1835 726 1878 779 si
1911 723 2078 780 mole-

483 833 599 885 stiis
634 830 998 901 prementibus
1028 827 1391 883 humiliemur.
1420 823 1560 879 Nihil
1594 822 1737 875 enim
1786 821 1855 874 ita
1881 831 2081 873 nosrrre

487 934 693 978 natura:
738 920 1011 986 conducit,
1043 928 1101 975 ut
1143 934 1262 974 sese
1306 916 1650 980 sulnnittere,
1696 922 1751 969 et
1800 911 2081 967 Itnmiliare

484 1014 779 1086 superbum
823 1012 1097 1084 spiritum,
1122 1019 1177 1066 et
1219 1009 1452 1064 inﬂatam
1493 1014 1726 1061 mentem
1754 1003 2078 1074 deprimere.

485 1108 636 1163 Tunc
675 1108 820 1162 enim
868 1122 965 1160 nos
997 1105 1163 1174 magis
1206 1102 1355 1157 audit
1388 1101 1668 1162 Dominus,
1715 1096 1930 1168 quando
1959 1110 2080 1150 cum

487 1199 674 1253 dolore
721 1197 915 1251 anima:
944 1204 1000 1250 et
1041 1192 1203 1249 corde
1242 1192 1476 1247 contrito
1524 1189 1698 1259 ipsum
1750 1187 2079 1252 invocamus,

489 1288 747 1359 majorem
793 1289 842 1341 in
888 1285 1137 1357 precibus
1161 1281 1529 1339 assiduitatem
1559 1280 1914 1334 adhibentes:
1950 1274 2086 1343 Quia

488 1379 677 1433 audiuit
723 1376 974 1432 Dominus
1019 1374 1357 1429 humilitatem
1397 1382 1557 1426 tuam.
1610 1371 1798 1425 Postea
1845 1367 2085 1439 prmdicit

488 1471 638 1543 pueri
666 1471 754 1542 qui
788 1469 1092 1524 nasciturus
1109 1476 1224 1522 erat
1252 1464 1510 1520 studium.
1532 1464 1618 1518 12.
1642 1461 1871 1528 Iliccrit,
1892 1460 2080 1531 inquit,

486 1562 696 1634 agrestis
740 1559 890 1614 homo
933 1574 953 1614 :
1002 1575 1183 1611 manus
1224 1557 1333 1627 ejus
1377 1563 1555 1609 contra
1603 1568 1796 1618 omnes,
1827 1561 1870 1605 et
1906 1566 2086 1604 manus

491 1655 718 1709 omnium
745 1662 924 1707 contra
953 1666 1105 1706 eum:
1135 1660 1179 1704 ct
1209 1657 1384 1702 contra
1416 1647 1596 1719 faciem
1624 1644 1847 1699 omnium
1867 1644 2085 1715 fratrum

489 1763 697 1801 suorum
730 1743 993 1799 habitabit.
1024 1740 1271 1797 l’ra'dicit
1296 1740 1367 1805 ei,
1388 1739 1537 1792 illum
1565 1736 1770 1791 virilem
1799 1744 1854 1791 et
1894 1734 2085 1789 fortem

492 1840 726 1894 futurum
757 1853 901 1903 esse,
942 1835 1284 1898 bellatorem,
1315 1848 1379 1887 ae
1411 1840 1567 1887 terrre
1594 1828 1835 1884 colendae
1874 1834 2088 1882 vacatu-

491 1930 842 1987 rum.Vitlisti
865 1946 928 1985 ex
956 1929 1020 1984 iis
1053 1944 1170 1997 qua:
1194 1927 1244 1982 in
1277 1926 1525 1981 ancillam
1555 1936 1702 1995 gesta
1729 1928 2088 1991 suut,quanto

492 2027 543 2076 in
579 2020 784 2077 honore
809 2030 955 2076 esset
998 2017 1342 2089 patriarcha?
1373 2013 1640 2085 Quidquid
1684 2013 1824 2069 enim
1869 2013 1942 2066 illi
1983 2010 2085 2064 im-

490 2128 716 2182 pensum
746 2118 851 2178 est,
884 2102 1096 2165 Domini
1129 2108 1184 2163 iu
1217 2108 1420 2178 justum
1452 2104 1880 2162 benevolentiam
1904 2110 2090 2157 osten-

489 2204 586 2258 dit.
622 2203 748 2258 llarc
794 2202 880 2256 ubi
908 2201 1131 2271 angelus
1156 2198 1424 2255 consuluit
1448 2206 1501 2252 et
1533 2196 1702 2253 felicia
1752 2192 2089 2249 anrmntiavit

491 2294 673 2365 Agari,
705 2297 956 2349 recessit.
978 2293 1244 2348 Craterum
1274 2289 1396 2347 vide
1436 2289 1629 2345 iterum
1660 2288 1867 2342 ancilla:
1906 2285 2088 2358 probi-

490 2396 679 2443 tatem.
730 2386 818 2442 13.
853 2385 916 2439 Et
952 2384 1171 2449 vocarit,
1229 2383 1432 2453 inquit,
1487 2397 1667 2435 nomen
1718 2377 1949 2444 Domini,
2004 2377 2090 2448 qui

491 2476 786 2549 loquebatur
812 2476 907 2531 sibi
928 2492 947 2529 :
968 2473 1048 2530 Tu
1074 2492 1127 2529 es
1148 2473 1308 2540 Deus,
1331 2472 1418 2543 qui
1444 2472 1609 2526 vidisti
1640 2487 1719 2524 me
1746 2486 1765 2524 :
1787 2470 1905 2539 quia
1927 2469 2088 2523 dixit:

494 2568 698 2624 Etenim
729 2585 901 2624 coram
930 2567 1034 2622 vidi
1058 2583 1172 2623 eum
1197 2566 1283 2637 qui
1313 2565 1549 2636 apparuit
1578 2563 1720 2617 milii.
1752 2563 1831 2618 14.
1868 2560 2090 2633 Propter

497 2665 587 2716 Ioc
616 2662 807 2715 uocauit
830 2669 1056 2731 puteum,
1082 2658 1298 2713 Puteum
1320 2658 1405 2711 ubi
1426 2674 1598 2711 coram
1625 2656 1747 2721 vidi,
1769 2657 1898 2709 inter
1923 2652 2089 2711 Cades

490 2767 537 2810 et
564 2756 694 2810 inter
713 2752 936 2809 Baraclr.
955 2752 1094 2809 Vide
1113 2751 1384 2823 quomodo
1411 2759 1464 2805 et
1493 2752 1607 2805 lucc
1628 2750 1755 2805 velit
1778 2759 2088 2822 perpetuaru

492 2846 806 2902 memoriam
855 2844 1042 2902 indere
1090 2846 1209 2900 loco
1267 2859 1359 2913 per
1385 2843 1630 2898 vocabuli
1669 2842 2087 2914 impositioncm.

496 2939 724 2994 Vocavit
750 2938 892 2992 enim
938 2938 1137 3005 locum,
1176 2936 1396 2991 Putnam
1422 2934 1508 2990 ubi
1550 2952 1720 2991 coram
1747 2935 1869 2989 uidi.
1895 2933 2091 2990 Vidisti

492 3044 543 3087 et
576 3031 828 3087 ancillam
873 3031 1128 3101 paulatim
1167 3045 1232 3085 ex
1264 3028 1648 3084 afﬂictionibus
1687 3027 1966 3098 aliquanto
1995 3043 2091 3082 ca-

502 3122 865 3193 stigatiorihus
905 3120 1144 3177 moribus
1176 3120 1313 3187 fieri,
1336 3128 1390 3175 et
1415 3129 1622 3190 gratum
1653 3119 1890 3173 animum
1936 3132 2091 3172 suum

490 3213 765 3268 declarare
791 3227 914 3282 erga
956 3210 1216 3267 beneficia
1262 3210 1460 3281 quibus
1503 3209 1771 3264 cumulata
1821 3207 2013 3275 fuerat,
2038 3215 2095 3263 et

491 3306 718 3376 gratiam
753 3306 948 3376 quibus
976 3305 1171 3375 potuit,
1213 3301 1417 3358 referre
1452 3300 1803 3371 providentia:
1831 3316 1949 3371 qua:
1978 3308 2097 3353 tan-

495 3409 604 3451 tam
653 3396 821 3467 ipsius
849 3404 1091 3467 gesserat
1133 3393 1357 3450 curam?
1407 3393 1495 3449 15.
1527 3391 1594 3446 Et
1642 3393 1855 3465 peperit,
1901 3390 2093 3462 inquit,

499 3490 637 3561 Agar
660 3489 811 3544 Abrw
837 3489 1032 3558 ﬁlium,
1066 3499 1111 3542 et
1137 3487 1329 3541 vocavit
1360 3486 1549 3541 Abram
1574 3502 1754 3539 nomen
1786 3485 1916 3556 ejus,
1944 3500 2091 3554 quem

505 3582 697 3654 peperit
726 3581 820 3637 sibi
849 3583 1008 3653 Agar,
1040 3579 1249 3634 Isntael.

567 3679 624 3732 7.
686 3676 988 3731 Exhortatio
1049 3673 1118 3728 ad
1176 3673 1506 3744 patientiam,
1568 3669 2003 3724 mansuetudinem
2049 3678 2096 3721 et

494 3768 838 3824 concordiam.
874 3765 1019 3822 Uxor
1040 3764 1270 3836 adjutria:
1292 3764 1386 3818 viri
1410 3764 1680 3831 quomodo.
1695 3762 1912 3815 -llinc
1932 3760 2092 3813 disci-

499 3875 619 3913 mus
647 3866 904 3930 quantum
936 3858 1134 3913 bonum
1172 3857 1238 3910 sit
1269 3853 1641 3919 mansuetudo,
1675 3862 1927 3923 quantnrn
1968 3851 2097 3905 lucri

500 3951 734 4016 habeat,
785 3958 839 4005 et
882 3948 1065 4021 quanti
1116 3947 1320 4003 fructus
1365 3961 1431 4002 ex
1479 3944 1856 4000 afﬂictionibus
1903 3958 2098 4015 prove-

490 4043 666 4099 niant.
696 4042 829 4099 Nam
856 4040 1267 4097 mansuetudine
1311 4038 1612 4109 patriarcha
1653 4036 1879 4108 placavit
1907 4036 2095 4093 Saram

493 4133 991 4206 indignabundam,
1040 4143 1095 4189 et
1152 4131 1360 4187 faman
1426 4139 1742 4201 potestatem
1803 4128 1853 4184 ei
1918 4127 2097 4194 dedit,

504 4227 834 4299 domumque
878 4242 1009 4297 pace
1055 4226 1314 4296 replevit,
1346 4224 1648 4280 afﬂictionis
1677 4231 1853 4277 autem
1898 4220 2100 4277 fructus

502 4321 561 4373 in
588 4321 779 4375 ancilla
810 4319 991 4374 videre
1035 4319 1176 4374 licet.
1207 4318 1341 4384 Quia
1388 4328 1666 4388 pOSIquam
1709 4316 1777 4372 ab
1809 4317 1936 4371 hera
1964 4315 2102 4369 aﬂli-

500 4419 586 4464 «ιω
615 4411 775 4481 fugit,
801 4418 857 4464 et
895 4411 1119 4463 multum
1156 4424 1456 4464 a-rumnosa
1507 4407 1636 4472 fuit,
1673 4421 1737 4462 ac
1779 4421 1899 4461 cum
1935 4405 2099 4460 animi

500 4500 689 4555 dolore
739 4499 1020 4555 Dominum
1070 4499 1371 4564 invocavit,
1439 4498 1616 4553 statim
1655 4512 1939 4568 supernam
1968 4497 2099 4552 visi-

504 4594 757 4649 tationem
789 4599 1073 4660 assequnta
1098 4598 1198 4645 est.
1226 4589 1294 4644 Ut
1321 4591 1464 4644 enim
1509 4590 1677 4642 discat
1702 4603 1760 4643 se
1798 4603 1892 4659 per
1918 4587 2097 4644 humi-

504 4688 708 4743 litatem
752 4694 807 4741 et
838 4681 1182 4743 afﬂictionem
1240 4691 1384 4736 tanta
1443 4681 1776 4753 providentia
1827 4680 2097 4752 dignatam

503 4793 624 4835 esse
643 4818 657 4843 ,
685 4778 815 4834 dicit
835 4775 1058 4847 angelus
1084 4776 1131 4831 ei
1158 4792 1172 4831 :
1208 4773 1416 4830 Uterum
1437 4775 1572 4845 geris
1591 4815 1604 4837 ,
1636 4782 1684 4828 et
1707 4773 1874 4843 paries
1900 4775 2095 4842 lilium,

503 4879 548 4926 et
575 4871 771 4925 vocabis
797 4885 979 4924 nomen
1005 4869 1115 4940 ejus
1158 4867 1349 4922 Ismaet
1368 4911 1382 4933 ,
1414 4868 1652 4938 quoniam
1690 4867 1883 4920 audivit
1921 4866 2100 4921 Domi-

508 4977 603 5016 nus
643 4960 974 5015 humilitatem
1008 4970 1165 5012 tuam.
1201 4959 1380 5029 Itaque
1404 5000 1417 5024 ,
1449 4957 1667 5022 dilecti,
1715 4950 1836 5013 eum
1868 4958 2099 5013 sciamus

508 5068 607 5107 nos
629 5096 643 5119 ,
679 5052 722 5107 si
772 5050 1166 5123 vigilavcrimus
1186 5092 1201 5119 ,
1230 5066 1296 5106 ex
1326 5051 1581 5106 a‘rumnis
1611 5051 1781 5121 magis
1806 5050 1873 5105 ad
1915 5051 2099 5106 Domi-

507 5160 633 5199 nmn
664 5157 977 5200 accessuros
997 5184 1012 5209 ,
1051 5150 1107 5198 et
1145 5141 1259 5213 ejus
1284 5144 1507 5213 gratiam
1529 5143 1686 5198 nobis
1712 5152 1820 5198 tum
1851 5144 2101 5198 concilia-

506 5245 682 5301 turos,
728 5249 851 5291 cum
900 5233 1117 5290 dolente
1166 5236 1344 5290 anima
1388 5244 1438 5291 et
1488 5235 1707 5292 fervidis
1748 5236 1999 5306 laerymis
2033 5236 2100 5291 ad

507 5329 678 5398 ipsum
709 5327 1095 5385 accesserimus
1124 5345 1137 5382 :
1168 5343 1236 5383 ne
1273 5327 1556 5383 doleamus
1584 5330 1636 5383 in
1684 5328 2063 5384 afﬂictionibus
2083 5371 2099 5396 ,

509 5419 605 5475 sed
626 5419 833 5475 lucrum
855 5417 997 5491 quod
1020 5434 1085 5474 ex
1107 5417 1485 5474 afﬂictionibus
1508 5421 1753 5490 provenit
1776 5421 2100 5490 cogitantes,

509 5511 683 5565 omnia
730 5527 849 5583 qua:
881 5510 1038 5566 nobis
1083 5513 1335 5567 eveniunt
1367 5512 1570 5582 placido
1618 5511 1854 5568 feramus
1902 5514 2102 5578 animo,

516 5610 573 5655 et
607 5599 874 5658 discamus
914 5602 1128 5658 humani
1160 5619 1280 5660 esse
1328 5613 1383 5663 et
1435 5605 1699 5660 mansueti
1751 5620 1875 5676 erga
1919 5620 2107 5663 omnes

511 5689 769 5759 quidem,
812 5695 1043 5749 maxime
1085 5703 1263 5749 autem
1307 5710 1431 5767 erga
1480 5710 1676 5751 uxores
1728 5711 1939 5752 nosrras
1978 5712 1994 5749 :
2045 5711 2108 5753 ac

511 5796 853 5850 summopere
881 5799 1131 5839 curemus
1152 5825 1168 5851 ,
1201 5795 1258 5839 nt
1278 5787 1395 5841 sive
1417 5787 1560 5856 juste
1583 5828 1598 5853 ,
1628 5788 1743 5843 sive
1784 5788 1980 5859 injuste
2008 5803 2108 5844 nos

511 5879 762 5944 arguant,
819 5887 886 5928 nc
916 5872 987 5927 ita
1045 5885 1297 5930 accurate
1341 5880 1677 5936 excutiamus
1730 5894 1961 5936 causas:
2010 5879 2106 5937 sed

1263 432 1322 489 S.
1362 425 1638 486 «ΙΟᾹΝΜΒ
1677 418 2148 482 ειιῐιγδῡδτολη
2187 418 2504 477 Αῐιειιιειδ.
2545 421 3075 480 CONSTANTINOP.

3681 423 3779 479 360

2187 538 2340 593 unius
2369 539 2445 593 rei
2479 537 2633 594 nobis
2676 551 2802 592 eura
2849 538 2937 605 sit,
2970 548 3026 592 ut
3056 536 3283 593 tristitia:
3327 552 3483 593 causa
3527 554 3560 594 e
3606 538 3780 594 medio

2187 631 2436 696 tollatur,
2463 639 2777 701 crescatque
2820 645 2882 684 ac
2911 631 3190 685 roborctur
3216 644 3317 699 pax
3363 628 3659 685 domestica
3686 650 3697 683 ε
3728 640 3780 686 ιιι

2184 733 2239 778 et
2266 723 2353 778 illa
2384 721 2452 777 ad
2498 723 2669 778 virum
2712 736 2868 777 suum
2916 721 3111 776 habeat
3139 722 3548 776 conversionem
3575 764 3588 784 ,
3624 731 3679 777 et
3707 724 3783 777 vir

2185 815 2254 868 ab
2299 814 2539 869 externis
2585 831 2648 870 ac
2676 812 2977 869 forensibus
3020 813 3248 884 negotiis
3290 822 3345 867 et
3392 812 3782 868 turbationibus

2187 908 2253 962 ad
2300 924 2417 963 eam
2449 908 2598 978 quasi
2643 907 2709 961 ad
2740 917 2950 977 portum
2994 906 3313 977 confugere,
3345 916 3401 961 et
3444 905 3780 976 amnigenam

2190 1002 2429 1057 invenire
2477 1003 2644 1074 possit
2692 1003 3136 1057 consolationem.
3179 1001 3236 1055 lu
3266 1001 3596 1072 adjutoriunr
3642 1001 3779 1056 enim

2189 1092 2311 1148 data
2360 1104 2443 1150 est
2474 1110 2643 1160 uxor,
2678 1104 2737 1150 ut
2785 1105 3067 1150 contentus
3106 1095 3222 1165 ejus
3268 1094 3677 1162 consohttione,
3709 1095 3784 1148 vir

2189 1186 2444 1241 adversus
2484 1187 2777 1258 ingruentia
2821 1187 2958 1241 mila
3012 1202 3069 1242 re
3102 1185 3265 1242 istere
3311 1186 3506 1242 valeat.
3562 1183 3697 1241 Nam
3742 1188 3782 1241 si

2192 1276 2344 1330 fuerit
2372 1286 2559 1332 ornata
2609 1277 2893 1332 virtutibus
2925 1288 2977 1331 et
3004 1287 3315 1341 mansueta,
3346 1292 3449 1331 non
3475 1276 3655 1332 solum
3678 1277 3783 1331 viro
3828 1284 3839 1289 ’

2191 1383 2288 1422 suo
2317 1369 2590 1425 societatis
2620 1385 2753 1423 eous
2772 1370 3043 1423 .latiouem
3065 1410 3082 1434 ,
3123 1368 3215 1423 sed
3234 1377 3289 1423 et
3315 1369 3368 1423 in
3394 1369 3519 1422 aliis
3542 1368 3783 1423 omnibus

2191 1461 2416 1515 multum
2448 1461 2553 1515 erit
2580 1461 2724 1515 utilis
2752 1477 2764 1513 :
2795 1460 2974 1515 omnia
3005 1458 3081 1514 illi
3108 1459 3245 1514 levia
3267 1468 3323 1516 et
3357 1459 3533 1514 facilia
3567 1459 3781 1524 reddet,

2190 1562 2246 1608 et
2269 1553 2542 1624 percipere
2565 1570 2670 1609 non
2699 1552 2838 1607 sinet
2860 1552 3010 1607 illum
3041 1561 3132 1606 ant
3175 1560 3425 1608 externas
3446 1561 3539 1607 aut
3559 1566 3783 1622 eaSqna:

2190 1645 2428 1716 quotidie
2473 1644 2622 1701 domi
2679 1653 2970 1700 nascuntur
3019 1644 3408 1699 difficultates:
3459 1643 3597 1709 sed,
3642 1643 3786 1713 quasi

2190 1739 2515 1809 gubernator
2556 1739 2790 1809 optimus
2813 1780 2828 1804 ,
2858 1751 3074 1792 omnem
3102 1736 3265 1792 animi
3314 1744 3688 1806 tempestatem
3736 1735 3784 1789 iu

2193 1834 2540 1887 serenitatem
2600 1847 2694 1887 sua
2742 1830 3002 1902 sapientia
3049 1839 3355 1893 convertet,
3400 1829 3785 1899 prudentiaque

2192 1942 2288 1980 sua
2319 1940 2563 1996 magnam
2612 1924 2854 1980 conferet
2891 1923 3336 1979 consolationem.
3370 1922 3665 1977 Enimvero
3701 1921 3782 1992 qui

2191 2020 2271 2073 sic
2332 2017 2603 2088 conjuncti
2667 2016 2903 2083 fuerint,
2950 2032 2978 2070 a
3047 2015 3192 2071 nulla
3248 2030 3428 2070 rerum
3478 2013 3786 2068 difficultate

2192 2109 2332 2165 male
2372 2109 2665 2164 habebunt.
2693 2108 2918 2178 Quando
2959 2108 3103 2163 enim
3150 2106 3460 2174 concordia,
3494 2116 3551 2161 ct
3577 2121 3675 2177 pax
3696 2150 3710 2172 ,
3737 2113 3787 2161 et

2198 2203 2469 2258 vinculum
2523 2202 2827 2258 dilectionis
2888 2216 3011 2256 cum
3055 2200 3281 2255 muliere
3320 2207 3376 2254 ct
3415 2200 3533 2254 viro
3596 2198 3779 2262 fuerit,

2192 2299 2371 2352 omnia
2413 2297 2573 2352 simul
2599 2295 2820 2352 afﬂuent
2848 2294 2983 2350 bona
3007 2336 3023 2360 ,
3049 2305 3099 2349 et
3135 2294 3296 2348 nullis
3328 2293 3538 2347 insidiis
3562 2291 3783 2361 expositi

2192 2402 2349 2447 erunt
2368 2432 2381 2454 ,
2413 2405 2605 2461 magno
2630 2399 2685 2445 et
2708 2387 3106 2461 inexpugnabili
3132 2386 3364 2458 quodam
3391 2402 3549 2442 muro
3575 2386 3785 2441 circnm-

2193 2484 2323 2549 dati,
2357 2484 2462 2539 hoc
2485 2494 2588 2550 est,
2622 2499 2688 2539 ex
2729 2499 2790 2538 ea
2841 2498 2959 2554 qua:
3005 2480 3300 2536 secundum
3349 2481 3517 2534 Deum
3557 2489 3638 2533 est
3664 2493 3786 2532 con.

2193 2576 2398 2632 cordia;
2432 2575 2543 2630 lloe
2571 2574 2853 2630 adamante
2881 2574 3144 2628 firmiores
3164 2614 3180 2639 ,
3226 2571 3330 2627 hoc
3373 2570 3517 2625 ferro
3549 2568 3788 2625 fortiores

2193 2683 2287 2723 eos
2316 2667 2540 2733 reddet,
2572 2665 2675 2721 hoc
2696 2667 2946 2720 omnibus
2969 2664 3167 2719 divitiis
3192 2674 3240 2719 et
3268 2662 3597 2720 abundantia
3629 2662 3785 2733 magis

2196 2757 2537 2828 locupletabit
2559 2799 2572 2823 ,
2598 2756 2703 2813 hoc
2725 2756 2788 2811 ad
2823 2771 3107 2827 supernam
3132 2755 3183 2827 gl
3222 2757 3355 2811 riam
3384 2755 3508 2811 illos
3533 2754 3783 2819 deducet,

2195 2849 2297 2905 hoc
2337 2858 2393 2905 et
2450 2849 2541 2905 Dei
2587 2848 3018 2904 benevolentiam
3068 2848 3147 2903 eis
3191 2847 3418 2902 ubertim
3467 2846 3782 2903 conciliabit.

2195 2942 2427 2998 Proinde
2454 2957 2548 2997 oro
2568 2983 2582 3006 ,
2616 2957 2684 2997 ne
2709 2940 2832 3011 quid
2858 2939 2930 2995 illi
2961 2939 3351 3010 praeferendum
3377 2942 3781 2996 existimemus:

2195 3036 2290 3091 sed
2339 3035 2517 3090 omnia
2563 3033 2814 3088 faciamus
2858 3042 2913 3087 et
2957 3048 3217 3104 agamus,
3265 3042 3322 3088 ut
3367 3034 3721 3104 tranquillitas
3739 3042 3788 3087 et

2198 3143 2300 3199 pax
2346 3127 2416 3183 sit
2466 3127 2612 3181 inter
2658 3123 3050 3180 cnhabitanlcs.
3096 3123 3245 3177 Tunc
3293 3123 3436 3179 enim
3488 3134 3543 3180 et
3591 3123 3784 3193 filiiqui

2198 3228 2491 3278 nascuntur
2519 3228 2802 3291 parentum
2853 3217 3105 3272 virtutem
3149 3224 3486 3287 sequentur;
3520 3233 3656 3288 quos
3681 3217 3788 3271 imi-

2204 3314 2459 3368 labuntur
2489 3320 2542 3365 et
2568 3309 2733 3377 SCl‘\i,
2761 3318 2811 3364 et
2842 3308 3078 3379 undique
3104 3307 3297 3362 domus
3327 3307 3522 3363 virtute
3553 3307 3782 3370 ﬂorehit,

2198 3406 2409 3475 eritque
2456 3402 2733 3472 multiplex
2779 3417 2960 3456 rerum
3008 3401 3356 3472 prosperitas.
3401 3400 3629 3469 Quando
3653 3399 3786 3456 enim

2201 3498 2380 3553 divina
2407 3495 2617 3551 eti-teris
2646 3492 2980 3564 prmfcrimus
2999 3535 3013 3558 ,
3039 3490 3190 3547 facife
3217 3491 3319 3548 alia
3341 3492 3522 3547 omnia
3547 3506 3786 3563 prospere

2201 3591 2358 3645 nobis
2399 3586 2725 3652 succedent,
2780 3596 2833 3641 et
2871 3586 3068 3640 nullam
3125 3586 3416 3640 sentiemus
3462 3586 3781 3651 molesiam,

2200 3682 2576 3752 suppeditante
2623 3680 2778 3736 nobis
2829 3680 3005 3734 omnia
3055 3679 3274 3750 largiter
3316 3680 3495 3734 divina
3540 3681 3780 3738 bonitate.

2201 3774 2274 3833 Ut
2300 3776 2457 3847 igitur
2483 3775 2642 3830 etiam
2672 3772 2770 3842 ipsi
2797 3772 2997 3842 absque
3027 3772 3235 3826 tristitia
3276 3782 3330 3828 et
3361 3775 3618 3843 temporis
3645 3774 3782 3828 istius

2202 3869 2363 3923 vitam
2397 3868 2750 3939 transigamns
2773 3908 2786 3932 ,
2819 3875 2873 3921 et
2902 3866 3160 3935 majorem
3213 3865 3420 3921 Domini
3470 3868 3780 3923 benevolen-

2205 3963 2331 4018 tiam
2377 3961 2546 4033 magis
2588 3975 2650 4016 ac
2698 3960 2865 4031 magis
2913 3959 3067 4013 nobis
3113 3958 3502 4026 conciliemus,
3548 3960 3779 4014 virtutem

2203 4066 2504 4118 sectemur,
2547 4052 2888 4109 concordiam
2927 4059 2982 4107 ct
3009 4066 3190 4122 pacem
3232 4051 3284 4106 in
3308 4051 3528 4107 domum
3557 4060 3780 4107 nostram

2205 4146 2541 4201 introducere
2567 4159 2860 4208 conemur;
2892 4158 3036 4197 curre
3067 4141 3219 4196 nobis
3253 4143 3359 4196 sint
3389 4142 3633 4199 educatio
3659 4143 3778 4197 libe-

2204 4251 2385 4291 rerum
2413 4249 2696 4304 moresque
2719 4233 3054 4298 famulorum,
3076 4241 3130 4284 ut
3146 4246 3243 4301 pro
3258 4233 3507 4287 omnibus
3534 4234 3690 4305 largis
3702 4247 3780 4287 ae-

2202 4328 2372 4398 ceptis
2388 4325 2927 4392 rcmunerationibns,
2949 4339 3251 4381 mereamur
3267 4333 3323 4380 et
3348 4327 3608 4394 promissa
3637 4327 3778 4389 bona,

2202 4420 2371 4490 gratia
2399 4429 2453 4475 et
2488 4417 2816 4488 benignitate
2845 4418 3051 4471 Dom'ni
3082 4417 3247 4473 nostri
3276 4416 3403 4473 Jesu
3449 4418 3676 4484 Christi,
3704 4417 3779 4472 cui

2203 4525 2323 4564 cum
2354 4511 2508 4563 Patre
2538 4518 2591 4563 et
2616 4516 2800 4561 sancto
2824 4506 3046 4579 Spiritu,
3074 4507 3144 4562 sit
3170 4506 3336 4578 gloria
3357 4549 3373 4573 ,
3406 4508 3715 4579 imperium,
3734 4514 3782 4562 et

2204 4605 2395 4668 honor,
2416 4617 2556 4657 nunc
2572 4611 2625 4658 ct
2641 4617 2876 4673 semper,
2898 4610 2953 4657 et
2980 4606 3030 4656 in
3044 4601 3234 4656 saecula
3257 4601 3775 4657 swcnlorumAmeu.

2709 4743 2991 4799 llOMILIA
3034 4741 3279 4797 XXXIX.

2207 4898 2426 4967 Quando
2449 4909 2617 4954 autem
2640 4899 2805 4970 factus
2833 4906 2905 4950 est
2926 4896 3111 4949 Abram
3137 4896 3415 4966 nonaginta
3450 4911 3620 4950 norem
3637 4907 3782 4947 antra-

2452 5007 2585 5055 rum,
2612 4990 2851 5061 apparuit
2871 4990 2916 5043 ei
2944 4987 3082 5043 Deus
3111 4988 3130 5058 (
3155 4986 3282 5042 Gen.
3322 4989 3405 5042 17.
3435 4988 3522 5059 1).

2279 5145 2328 5198 1.
2373 5143 2610 5207 Vidistis,
2635 5142 2988 5210 dilectissimi,
3009 5140 3274 5213 quomodo
3303 5140 3434 5197 nihil
3456 5140 3707 5196 sitotiose
3738 5138 3781 5190 in

2206 5236 2385 5292 divina
2429 5235 2701 5307 Scriptura
2725 5234 3004 5307 positum?
3032 5233 3239 5289 vidistis
3261 5244 3517 5305 quantum
3560 5229 3784 5288 utilitatis

2210 5327 2323 5383 heri
2352 5328 2707 5399 percepimus,
2738 5342 2858 5382 cum
2905 5326 2972 5382 de
2995 5328 3134 5398 Agar
3163 5326 3359 5382 ancilla
3390 5326 3599 5395 fugitiva
3625 5323 3784 5380 disse-

2211 5419 2499 5476 reremus?
2533 5419 2823 5473 Didicimus
2846 5418 2990 5474 enim
3022 5417 3340 5488 patriarcha:
3365 5419 3653 5478 lenitatem,
3682 5411 3782 5466 exi-

2212 5526 2371 5566 miam
2409 5510 2812 5576 continentiam,
2847 5510 3201 5565 reverentiam
3231 5525 3391 5579 quam
3439 5523 3562 5579 erga
3612 5507 3781 5562 Sarant

2210 5604 2473 5669 exhibuit,
2501 5612 2553 5659 et
2570 5603 2839 5674 quomodo
2858 5602 3199 5657 concordiam
3223 5601 3380 5657 bonis
3404 5600 3645 5656 omnibus
3663 5610 3781 5667 pne.

2214 5698 2487 5754 ferendam
2515 5696 2748 5752 duxerit.
2780 5695 3027 5751 Vidimus
3072 5696 3167 5751 Dei
3206 5692 3527 5750 ineffabilem
3563 5686 3780 5760 benigni-

2215 5798 2403 5856 tatem,
2434 5786 2708 5858 quomodo
2735 5797 2789 5843 et
2813 5788 2864 5841 in
2893 5786 3153 5841 honorem
3178 5786 3307 5857 justi
3329 5802 3435 5840 non
3465 5785 3628 5841 solum
3646 5779 3779 5834 redu-

2216 5882 2295 5935 xit
2327 5880 2503 5951 Agar.
2525 5893 2640 5949 quae
2677 5879 2728 5936 in
2757 5878 3045 5936 Solitudiue
3074 5878 3318 5947 errabat,
3351 5863 3419 5934 ρι’
3442 5878 3508 5934 ob
3554 5877 3776 5932 timorem
