4060 6418
227 411 332 465 359

224 521 285 577 τὸ
318 524 536 595 σπέρμα
573 541 665 577 σου
698 523 930 594 ἀριθμοῦ
961 525 1201 593 κρεῖττον
1231 522 1383 577 ἔσται
1407 565 1420 589 ,
1445 526 1566 579 Ὅτι
1599 526 1907 593 ἐπήκουσε

224 610 442 680 Κύριος
492 611 566 682 τῇ
620 612 972 667 ταπεινώσει
1012 626 1150 667 σου.
1183 614 1274 686 Μὴ
1324 615 1503 668 τοίνυν
1553 615 1689 686 μηδὲ
1744 616 1906 685 ἡμεῖς

218 699 597 772 ἀσχάλλωμεν,
630 703 849 757 ἐπειδάν
895 702 1003 755 ἀπό
1048 718 1191 765 τινος
1222 701 1596 773 περιστάσεως
1628 701 1737 757 τῶν
1764 719 1906 774 πρα-

218 788 444 858 γμάτων
478 789 926 860 ταπεινωθῶμεν.
952 789 1118 842 Οὐδὲν
1150 788 1259 861 γὰρ
1289 788 1444 860 ήμῶν
1478 791 1544 861 τῇ
1576 788 1737 858 φύσει
1760 788 1901 843 οὕτω

219 876 618 946 συμϐάλλεται,
672 877 747 941 ὡς
814 876 874 930 τὸ
943 875 1323 929 συστέλλεσθαι
1373 876 1466 930 καὶ
1517 875 1905 929 ταπεινοῦσθαι

216 963 373 1031 ήμῶν
399 963 460 1016 τὸ
498 965 777 1036 φρόνημα,
815 964 905 1017 καὶ
943 963 1002 1016 τὸ
1028 963 1254 1034 φύσημα
1278 964 1377 1033 τῆς
1396 962 1577 1034 ψυχῆς
1602 963 1901 1018 καταστέλ-

214 1048 424 1103 λεσθαι.
465 1050 597 1103 Τότε
639 1050 749 1120 γὰρ
787 1048 943 1120 ήμῶν
988 1048 1189 1120 μᾶλλον
1234 1050 1262 1101 6
1300 1050 1577 1120 Δεσπότης
1619 1048 1900 1113 ἐπακούει,

213 1135 343 1189 ὅταν
405 1138 543 1207 μετὰ
590 1137 933 1208 ὀδυνωμένης
974 1137 1152 1208 ψυχῆς
1184 1136 1279 1189 καὶ
1306 1137 1773 1208 συντετριμμένης
1800 1137 1902 1208 τῆς

214 1224 445 1294 καρδίας
468 1224 630 1278 αὐτὸν
660 1224 933 1295 καλῶμεν,
959 1222 1158 1294 πολλὴν
1182 1223 1279 1295 τὴν
1301 1224 1629 1296 προσεδρίαν
1651 1225 1778 1300 περί
1798 1227 1901 1288 τὰς

214 1312 456 1375 ἱκετείας
495 1311 830 1382 ποιούμενοι.
872 1312 1001 1365 ’Ότι
1032 1309 1359 1377 ἐπήκουσε,
1386 1312 1539 1383 φησὶ,
1573 1313 1791 1381 Κύριος
1824 1310 1901 1381 τῇ

209 1398 565 1453 ταπεινώσει
604 1414 742 1453 σου.
791 1394 924 1451 Εἶτα
956 1397 1210 1470 προλέγει
1251 1397 1345 1451 τοῦ
1388 1397 1673 1471 μέλλοντος
1720 1398 1901 1452 τίκτε-

211 1485 339 1539 σθαι
366 1486 556 1550 παιδδς
586 1485 646 1539 τὸ
681 1486 1037 1557 ἐπιτήδευμα.
1068 1482 1256 1551 Οὗτος
1281 1487 1473 1550 ἔσται,
1499 1486 1683 1555 φησὶν,
1708 1485 1901 1555 ἄγροιο

209 1589 321 1637 κος
353 1572 695 1641 ἄνθρωπος·
733 1578 793 1627 αἱ
826 1573 1021 1642 χεῷες
1046 1573 1233 1627 αὐτοῦ
1277 1572 1376 1626 ἐπὶ
1413 1574 1665 1640 πάντας,
1701 1575 1797 1627 καί
1840 1577 1899 1628 αἰ

205 1659 403 1729 χεῖρες
429 1660 671 1714 πάντων
703 1662 795 1713 ἐπ’
828 1664 1016 1715 αὐτόν
1036 1677 1050 1690 ο
1085 1661 1183 1713 καί
1214 1659 1364 1713 κατὰ
1396 1662 1725 1729 πρόσωπον
1755 1661 1900 1715 πάν-

205 1765 332 1800 των
362 1748 483 1801 τῶν
511 1747 793 1818 ἀδελφῶν
811 1748 997 1803 αὐτοῦ
1022 1748 1390 1822 κατοικήσει.
1420 1748 1733 1821 Προμηνύει
1757 1751 1895 1822 αύτῇ

201 1836 292 1888 ἔτι
336 1834 578 1906 ἀνδρεῖος
605 1835 778 1899 ἔσται,
819 1838 900 1889 ὅτι
934 1820 1212 1907 πολέμιοξ,
1257 1837 1337 1890 ὅτι
1373 1837 1508 1907 πρὸς
1534 1836 1632 1908 τὴν
1659 1837 1759 1907 τῆς
1793 1820 1896 1907 γῆς

204 1920 529 1992 ἐπιμέλειαν
559 1921 727 1975 πολὺν
756 1923 847 1976 τὸν
887 1923 1049 1976 πόνον
1083 1922 1429 1989 ἐπιδείξεται.
1462 1919 1616 1987 Εἶδες
1660 1923 1749 1978 διὰ
1786 1924 1895 1978 τῶν

200 2010 289 2073 είς
317 2009 416 2080 τὴν
449 2010 744 2080 παιδίσκην
771 2010 1153 2081 γεγενημένων
1179 2011 1279 2080 τὴν
1306 2011 1386 2073 εἰς
1424 2010 1513 2064 τὸν
1554 2012 1896 2083 πατριάρχην

201 2098 420 2168 τιμήν;
464 2097 527 2150 Ἡ
570 2097 680 2168 γὰρ
730 2098 857 2167 περί
888 2096 1094 2167 ταύτην
1134 2097 1363 2169 πρόνοια
1391 2098 1628 2152 δείκνυσι
1672 2099 1769 2170 τὴν
1812 2100 1896 2153 εύ-

200 2202 359 2240 νοιαν
405 2184 499 2239 τοῦ
550 2186 842 2249 Δεσπότου,
875 2186 943 2256 ἣν
977 2185 1113 2257 πρὸς
1145 2185 1235 2238 τὸν
1267 2186 1474 2241 δίκαιον
1505 2185 1890 2242 ἐπιδείκνυται.

198 2271 392 2325 Ταῦτα
420 2270 825 2342 συμϐουλεύσα,
853 2272 881 2324 6
908 2271 1158 2340 ἄγγελος,
1192 2272 1284 2325 καὶ
1314 2273 1804 2344 εὐαγγελισάμενος
1827 2276 1892 2343 τῇ

198 2360 414 2429 ’Δγαρ,
440 2356 807 2429 ἀνεχώρησεν.
830 2358 970 2411 Ἀλλ’
986 2360 1089 2430 ὅρα
1115 2360 1278 2413 πάλιν
1298 2361 1395 2431 τῆς
1421 2360 1712 2431 παιδίσκης
1743 2359 1892 2432 [595]

197 2446 304 2518 τὴν
335 2446 776 2516 εὐγνωμοσύνην.
811 2446 915 2499 Καὶ
958 2444 1237 2512 ἐκάλεσε,
1271 2447 1425 2516 φησί,
1457 2446 1521 2500 τὸ
1562 2447 1749 2517 ὄνομα
1772 2451 1892 2501 Κυ-

194 2535 336 2601 ρίου
369 2533 475 2587 τοῦ
498 2533 839 2599 λαλοῦντος
871 2533 1021 2603 πρὸς
1050 2533 1244 2600 αὑτήν
1264 2551 1276 2564 ·
1328 2534 1412 2587 Σὺ
1441 2537 1474 2588 ὀ
1508 2534 1673 2601 Θεὸς,
1718 2538 1751 2589 ὁ
1798 2535 1896 2587 ἐπε

196 2619 349 2676 ιδών
372 2638 450 2690 με
470 2638 482 2651 ·
521 2620 610 2675 ὅτι
659 2618 789 2675 εἶπε
812 2638 825 2651 ·
856 2622 963 2675 Καὶ
1007 2621 1117 2690 γὰρ
1143 2622 1400 2677 ἐνώπιον
1431 2619 1594 2677 εἶδον
1638 2624 1894 2693 ὀφθέντα

193 2711 580 2776 μοι.”Ενεκεν
609 2710 825 2763 τούτου
864 2708 1120 2765 ἐκάλεσε
1143 2708 1207 2762 τὸ
1237 2709 1445 2779 φρέαρ,
1476 2710 1667 2778 Φρέαρ
1699 2706 1772 2765 οὗ
1798 2711 1893 2764 ἐν·

192 2798 388 2851 ώ.τιον
433 2792 618 2858 εἶδον,
650 2794 768 2850 ἀνὰ
799 2794 994 2866 μέσον
1033 2795 1233 2864 Κάδης
1271 2798 1369 2850 καί
1401 2796 1519 2851 ἀνὰ
1552 2797 1750 2866 μέσον
1776 2800 1887 2850 Βα-

189 2880 336 2950 ριὶχ.
368 2882 565 2936 Σκόπει
587 2882 705 2947 πῶς
735 2884 828 2936 καὶ
855 2883 993 2953 αὐτὴ
1019 2882 1268 2953 βούλεται
1295 2883 1514 2955 διηνεκῆ
1538 2884 1636 2957 τὴν
1669 2886 1891 2955 μνήμην

190 2970 562 3025 ἐναποθέσθαι
606 2970 685 3042 τῷ
733 2970 882 3041 τόπῳ
926 2970 1015 3023 διὰ
1059 2972 1157 3041 τῆς
1209 2972 1597 3043 προσηγορίας.
1635 2971 1891 3025 Ἐκάλεσε

190 3059 333 3129 γὰρ,
360 3059 514 3130 φησὶ,
556 3058 648 3112 τὸν
682 3058 865 3123 τόπον,
908 3058 1097 3128 Φρέαρ
1133 3055 1205 3115 οὗ
1242 3059 1499 3114 ἐνώπιον
1527 3056 1706 3113 εἶδον.
1740 3056 1890 3125 Εἶδες

194 3146 305 3218 τὴν
338 3145 628 3216 παιδίσκην
657 3145 797 3200 κατά
845 3146 1043 3218 μικρὸν
1073 3147 1135 3198 ἐκ
1177 3147 1276 3218 τῆς
1323 3147 1685 3219 περιεχούσης
1722 3147 1891 3220 αὐτὴν

199 3234 442 3303 θλίψεως
473 3232 915 3305 φιλοσοφωτέραν
943 3233 1255 3304 γινομένην,
1280 3235 1373 3288 καὶ
1394 3234 1596 3307 πολλὴν
1614 3235 1893 3306 εὐγνωμο-

191 3320 370 3389 σύνην
402 3320 531 3390 περὶ
557 3318 656 3389 τὴν
685 3319 1058 3390 γεγενημένην
1100 3321 1178 3381 εἰς
1208 3320 1376 3391 αὐτὴν
1402 3320 1722 3391 εὐεργεσίαν
1773 3323 1892 3375 ἐπι-

193 3406 584 3477 δεικνυμένην,
610 3407 702 3460 καὶ
728 3401 810 3470 οἷς
836 3407 1085 3477 ἐνόμισεν
1104 3407 1473 3478 ἀμειϐομένην
1500 3407 1597 3479 τὴν
1624 3410 1891 3478 τοσαύτης

191 3494 374 3565 αὐτὴν
415 3493 725 3559 ἀξιώσασαν
754 3493 1116 3565 κηδεμονίας;
1151 3495 1259 3549 Καὶ
1292 3495 1481 3559 ἔτεκε,
1513 3497 1890 3568 φησίν,⁶Ἀγαρ

191 3582 283 3648 τῷ
314 3583 541 3651 Ἀϐραμ
583 3582 737 3648 υίὸν,
779 3582 878 3635 καὶ
929 3580 1188 3637 ἐκάλεσε
1237 3583 1302 3636 τὸ
1351 3582 1539 3653 ὄνομα
1575 3584 1782 3652 αὐτοῦ,
1818 3584 1892 3638 ὃν

194 3670 415 3724 ἔτεκεν
442 3668 603 3734 αὐτῷ
635 3670 844 3739 Ἅγαρ,
861 3668 1128 3739 Ἰσμαήλ.

272 3775 342 3840 ζ’.
379 3773 658 3827 Ἐντεῦθεν
684 3774 1024 3846 μανθάνομεν
1042 3775 1165 3829 ὅσον
1188 3775 1335 3830 ἐστὶν
1355 3775 1559 3845 ἀγαθὸν
1597 3777 1885 3843 ἐπιείκεια,

191 3864 328 3917 ὅσον
377 3861 494 3914 ἐστὶ
543 3862 734 3933 κέρδος
776 3862 873 3916 καὶ
916 3862 1024 3915 ἀπὸ
1053 3862 1160 3916 τῶν
1203 3862 1435 3933 θλίψεων
1466 3863 1885 3935 καρπώσασθαι.

195 3950 318 4005 Καὶ
339 3950 436 4022 τὴν
468 3951 566 4022 μὲν
596 3950 917 4018 ἐπιείκειαν,
959 3950 1020 4015 ἐξ
1042 3943 1117 4004 ὧν
1141 3952 1169 4003 6
1203 3953 1547 4023 πατριάρχης
1579 3952 1890 4018 ἐπεδείξατο

195 4037 601 4108 καταπραΰνας
621 4038 717 4109 τῆς
746 4039 928 4109 Σάρας
955 4037 1053 4109 τὴν
1076 4037 1469 4108 ἀγανάκτησιν,
1495 4040 1591 4092 καὶ
1622 4039 1720 4110 τὴν
1747 4040 1890 4106 ἐξου-

201 4126 331 4180 σίαν
364 4127 461 4195 τῆς
491 4124 784 4195 παιδίσκης
805 4125 943 4197 αὐτῇ
977 4125 1245 4191 δεδωκὼς,
1277 4127 1372 4179 καὶ
1400 4125 1489 4179 διὰ
1515 4127 1706 4180 τούτου
1740 4130 1858 4200 εἰρή

193 4230 306 4283 νης
338 4211 622 4283 ἐμπλήσας
659 4212 758 4284 τὴν
788 4212 986 4276 οἰκίαν,
1026 4213 1087 4266 τὸ
1113 4214 1169 4267 δέ
1197 4212 1384 4285 κέρδος
1410 4212 1518 4265 τῶν
1548 4212 1777 4283 θλίψεων
1823 4216 1886 4268 ἐκ

194 4298 315 4351 τῶν
340 4298 482 4352 κατά
503 4297 601 4368 τὴν
636 4298 930 4370 παιδίσκην
960 4298 1106 4353 ἔστιν
1145 4301 1292 4353 ἰδεῖν.
1312 4299 1530 4370 Ἐπειδὴ
1560 4298 1668 4372 γὰρ
1704 4319 1886 4355 κακω-

197 4385 363 4439 θεῖσα
390 4385 495 4437 ὑπὸ
537 4385 635 4457 τῆς
668 4385 955 4457 δεσποίνης
982 4386 1212 4458 ἀπέδρα,
1247 4387 1342 4441 καὶ
1384 4386 1583 4459 πολλὴν
1626 4388 1884 4457 ὑπέμεινε

196 4471 304 4543 τὴν
329 4471 723 4543 ταλαιπωρίαν,
754 4473 847 4525 καὶ
892 4473 1028 4543 μετά
1052 4473 1393 4544 ὀδυνωμένης
1436 4474 1614 4544 ψυχῆς
1660 4474 1884 4529 ἐκάλεσε

196 4559 297 4611 τὸν
340 4559 639 4630 Δεσπότην,
682 4558 885 4622 εὐθέως
927 4560 1024 4629 τῆς
1064 4560 1269 4614 ἄνωθεν
1306 4561 1613 4631 ἐπισκοπῆς
1649 4561 1875 4634 ήξιώθη.

201 4648 328 4699 Ἰνα
359 4645 467 4717 γὰρ
500 4646 670 4719 μάθῃ,
691 4646 772 4700 ὅτι
800 4646 886 4699 διὰ
906 4647 964 4699 τὸ
986 4647 1386 4718 ταπεινωθῆναι
1426 4649 1519 4702 καὶ
1556 4650 1887 4721 συσταλῆναι

198 4733 306 4804 τῆς
331 4734 600 4805 τοσαύτης
632 4733 875 4801 ἀξιοῦται
896 4735 1244 4806 κηδεμονίας,
1267 4737 1429 4806 φησὶν
1449 4738 1478 4789 6
1499 4738 1726 4805 ἄγγελος
1751 4738 1887 4809 πρὸς

198 4821 397 4890 αὐτήν·
416 4823 513 4876 Ἐν
538 4823 749 4892 γαστρί
780 4822 961 4890 ἔχεις,
991 4822 1089 4876 καί
1117 4823 1258 4891 τέξῃ
1288 4823 1442 4890 υἱὸν,
1475 4825 1573 4878 καὶ
1606 4824 1888 4893 καλέσεις

197 4908 275 4962 τὸ
320 4908 508 4978 ὄνομα
539 4909 726 4964 αὐτοῦ
767 4910 1032 4979 Ἰσμαὴλ,
1079 4909 1169 4963 ὅτι
1211 4909 1519 4979 ἐπήκουσε
1564 4913 1777 4980 Κύριος
1813 4911 1886 4982 τῇ

199 4994 561 5051 ταπεινώσει
596 5009 733 5050 σου.
771 4996 984 5061 Εἰδότες
1012 4997 1213 5061 τοίνυν,
1246 4999 1540 5068 ἀγαπητοὶ,
1567 4998 1648 5052 ὅτι
1677 5000 1771 5054 ἐὰν
1790 5002 1888 5071 νή-

201 5100 420 5155 φωμεν,
448 5084 505 5137 αἱ
532 5083 741 5155 θλίψεις
777 5085 977 5155 μᾶλλον
1017 5087 1165 5157 ἡμᾶς
1203 5086 1461 5140 οἰκειοῦσι
1498 5087 1576 5158 τῷ
1614 5089 1885 5161 Δεσπότῃ,

201 5173 306 5227 καὶ
345 5172 467 5225 τότε
507 5171 850 5242 δυνησόμεθα
889 5173 990 5243 τήν
1029 5176 1159 5245 παρ’
1178 5173 1344 5226 αὐτοῦ
1383 5175 1556 5245 ῥοπὴν
1583 5175 1890 5229 ἐπισπάσας

206 5259 359 5322 σθαι,
382 5260 513 5313 ὅταν
543 5257 682 5329 μετὰ
704 5258 1049 5329 ὁδυνωμένης
1084 5258 1263 5330 ψυχῆς
1287 5262 1381 5314 καὶ
1399 5260 1615 5332 θερμῶν
1638 5261 1889 5333 δακρύων

200 5345 358 5416 αύτῷ
380 5346 717 5417 προσίωμεν,
752 5345 827 5417 μὴ
854 5346 1109 5417 ἀλγῶμεν
1129 5348 1221 5400 ἐπὶ
1243 5350 1361 5411 ταῖς
1385 5347 1648 5415 θλίψεσιν,
1673 5350 1809 5403 ἀλλά
1828 5351 1891 5404 τὸ

202 5435 275 5486 ἐκ
300 5432 410 5487 τῶν
440 5432 672 5502 θλίψεων
693 5432 883 5504 κέρδος
917 5432 1255 5504 λογιζόμενοι
1277 5435 1453 5489 πάντα
1483 5434 1674 5506 πράως
1712 5437 1892 5509 φέρω-

206 5537 313 5592 μεν
349 5521 417 5575 τὰ
450 5520 851 5591 συμπίπτοντα,
892 5523 989 5575 καὶ
1027 5522 1410 5593 παιδευώμεθα
1451 5526 1712 5589 ἐπιεικεῖς
1752 5522 1891 5581 εἶναι

202 5608 304 5662 καὶ
338 5609 537 5679 ήμεροι
566 5608 704 5679 πρὸς
738 5608 944 5671 πάντας
966 5610 1084 5679 μὲν,
1118 5609 1352 5680 μάλιστα
1385 5610 1442 5664 δὲ
1480 5612 1607 5683 περί
1634 5613 1731 5676 τὰς
1760 5614 1888 5668 ἑαυ-

202 5694 320 5748 τῶν
342 5697 627 5764 γυναῖκας,
661 5696 756 5747 καὶ
783 5694 986 5766 πολλὴν
1014 5696 1284 5750 ποιεῖσθαι
1314 5697 1569 5769 σπουδὴν,
1595 5697 1757 5765 ὥστε,
1785 5702 1889 5755 κᾶν

203 5784 454 5850 δικαίως,
484 5784 588 5837 κᾶν
632 5782 833 5847 ἀδίκως
886 5783 1227 5854 μέμψωνται,
1277 5786 1351 5857 μὴ
1392 5787 1885 5859 ἀκριϐολογεῖσθαι,

207 5872 326 5925 ἀλλ’
356 5874 473 5936 ἐνὸς
507 5873 669 5942 μόνου
691 5872 956 5948 γίνεσθαι,
981 5872 1073 5926 τοῦ
1109 5876 1176 5927 τὰ
1197 5875 1296 5945 τῆς
1331 5875 1508 5947 λύπης
1542 5877 1691 5931 αἴτια
1722 5880 1885 5933 ἐκπο-

204 5956 321 6014 δὼν
346 5961 538 6025 ποιεῖν,
562 5958 654 6012 καὶ
678 5958 898 6029 βαθεῖαν
930 5960 1151 6031 εἰρήνην
1183 5962 1610 6028 κατασκευάζειν
1630 5966 1693 6035 τῇ
1715 5965 1880 6037 οἰκίᾳ,

1286 408 1352 461 ΙΝ
1385 408 1539 464 CAP.
1588 409 1705 464 XVI
1769 409 2015 467 GENES.
2063 409 2296 470 IIOMIL.
2343 411 2580 466 XXXIX.

3589 416 3640 462 5(
3663 416 3696 462 τι

2019 527 2105 580 ἵνα
2129 527 2222 581 καὶ
2255 529 2436 599 ἐκείνη
2460 527 2557 599 ἔχῃ
2580 525 2716 598 πρὸς
2751 525 2837 578 τὸν
2864 524 3030 596 ἄνδρα
3057 526 3152 597 τὴν
3175 522 3531 598 ἐπιστροφὴν,
3555 526 3647 581 καὶ
3668 524 3697 579 6

2014 616 2153 687 ἀνὴρ
2182 615 2258 679 ὡς
2300 617 2378 679 εἰς
2409 615 2602 686 λιμένα
2636 616 2715 677 είς
2751 613 2916 685 αὐτὴν
2947 614 3046 686 ἔχῃ
3083 613 3445 683 καταφεύγειν
3487 615 3551 667 ἐκ
3587 615 3697 667 τῶν

2014 702 2213 767 ἔξωθεν
2251 703 2501 773 ταραχῶν
2551 702 2645 755 καὶ
2685 700 2792 753 τῶν
2834 701 3096 772 θορύϐων,
3140 701 3233 754 καὶ
3285 703 3461 754 πᾶσαν
3487 699 3697 753 ἐκεῖθεν

2012 788 2288 860 εὑρίσκειν
2334 788 2432 860 τὴν
2470 788 2837 861 παραμυθίαν.
2880 789 3022 861 Πρὸς
3063 789 3311 860 βοήθειαν
3355 787 3464 860 γὰρ
3492 790 3525 858 ή
3556 788 3693 858 γυνὴ

2010 875 2190 947 ἐδόθη,
2211 877 2297 929 ἵνα
2332 876 2666 948 ἀρκούμενος
2694 879 2760 947 τῇ
2786 875 2990 946 ταύτης
3026 876 3367 947 παρακλήσει
3402 874 3647 945 ἀντέχειν
3666 876 3695 928 ὁ

2011 963 2150 1035 ἀνὴρ
2178 964 2399 1035 δύνηται
2430 964 2566 1034 πρὸς
2594 964 2661 1017 τὰ
2704 963 2924 1016 ἐπιόντα
2952 962 3117 1034 αὐτῷ.
3137 963 3260 1016 Ἐὰν
3286 962 3394 1032 γὰρ
3490 963 3696 1031 κοσμία

2012 1052 2105 1105 καὶ
2140 1051 2407 1123 ἐπιεικὴς,
2429 1052 2488 1104 οὐ
2521 1051 2681 1121 μόνον
2713 1050 2811 1121 τὴν
2846 1051 2953 1102 ἀπὸ
2984 1051 3079 1120 τῆς
3114 1051 3397 1113 κοινωνίας
3438 1067 3694 1120 παραμυ·

2011 1139 2130 1193 θίαν
2166 1139 2390 1210 παρέξει
2422 1137 2500 1209 τῷ
2533 1138 2707 1208 ἀνδρὶ,
2756 1137 2889 1191 ἀλλὰ
2922 1138 3014 1191 καί
3058 1139 3115 1191 ἐν
3149 1139 3263 1201 τοῖς
3305 1137 3481 1201 ἄλλοις
3520 1137 3693 1191 ἆπασι

2010 1226 2211 1297 πολλὴν
2230 1226 2329 1297 τὴν
2349 1226 2545 1296 ἑαυτῆς
2565 1224 2754 1297 χρείαν
2777 1222 3124 1289 ἐπιδείξεται,
3150 1224 3327 1279 πάντα
3345 1223 3493 1294 αύτῷ
3515 1223 3692 1292 κοῦφα

2009 1313 2104 1367 καὶ
2136 1312 2295 1385 ῥᾴδια
2334 1309 2834 1375 κατασκευάζουσα,
2873 1313 2966 1365 καὶ
2996 1313 3096 1365 οὐκ
3131 1313 3351 1379 ἀφιεῖσα
3378 1313 3571 1381 πεῖραν
3600 1309 3693 1363 λα-

2008 1399 2123 1453 ϐεῖν
2170 1398 2293 1453 οὔτε
2345 1398 2452 1452 τῶν
2503 1397 2718 1462 ἔξωθεν,
2758 1398 2880 1451 οὗτε
2921 1398 3026 1469 μὴν
3068 1399 3176 1452 τῶν
3219 1399 3358 1451 κατὰ
3387 1397 3485 1469 τὴν
3512 1397 3691 1451 οἰκίαν

2005 1486 2339 1558 τικτομένων
2364 1486 2483 1540 καθ’
2505 1486 2740 1557 ἑκάστην
2763 1486 2973 1557 ἡμέραν
2988 1486 3263 1557 δυσχερῶν
3280 1499 3305 1527 ιι
3324 1503 3335 1515 ·
3355 1485 3689 1545 ἀλλά.κχθά-

2007 1592 2114 1644 περ
2158 1574 2498 1645 κυϐερνήτης
2539 1574 2782 1644 ἄριστος,
2827 1572 3000 1636 οὕτως
3020 1572 3168 1643 αὐτῷ
3199 1574 3290 1626 τὸν
3321 1573 3568 1643 χειμῶνα
3588 1574 3687 1643 τῆς

2005 1660 2185 1731 ψυχῆς
2211 1660 2300 1714 διὰ
2332 1661 2432 1731 τῆς
2470 1660 2678 1722 οἰκείας
2715 1658 2866 1731 [591]
2899 1658 3089 1727 σοφίας
3127 1660 3207 1722 εἰς
3237 1660 3477 1730 γαλήνην
3521 1677 3680 1714 κατα-

2010 1749 2222 1819 στήσει,
2253 1747 2348 1801 καὶ
2397 1751 2462 1819 τῇ
2510 1748 2639 1816 παρ’
2674 1746 2872 1816 ἑαυτῆς
2906 1746 3116 1799 συνέσει
3151 1745 3349 1817 πολλὴν
3374 1745 3521 1816 αύτῷ
3548 1758 3687 1816 παρ-

2004 1835 2116 1901 έξει
2139 1836 2239 1907 τὴν
2262 1835 2634 1906 παραμυθίαν.
2666 1835 2805 1898 Τοὺς
2829 1833 2937 1905 γὰρ
2969 1834 3112 1887 οὕτω
3152 1833 3563 1904 συνδεδεμένους
3598 1834 3687 1886 ού-

2002 1922 2091 1976 δὲν
2120 1921 2304 1976 λοιπὸν
2344 1922 2451 1975 τῶν
2497 1924 2556 1975 ἐν
2603 1921 2681 1991 τῷ
2712 1922 2938 1989 παρόντι
2979 1920 3080 1991 βίῳ
3106 1921 3342 1987 λυπῆσαι
3378 1920 3687 1991 δυνήσεται,

2002 2010 2123 2064 οὐδὲ
2145 2010 2243 2081 τὴν
2274 2010 2468 2081 ἡδονήν
2504 2010 2683 2063 αὐτῶν
2702 2008 3239 2079 λυμήνασθαι.⁸⁸οταν
3268 2007 3376 2081 γὰρ
3408 2008 3625 2079 ὁμόνοια

2002 2099 2095 2151 καὶ
2118 2099 2309 2169 εἰρήνη
2334 2099 2426 2151 καὶ
2456 2097 2750 2166 σύνδεσμος
2776 2096 2997 2166 ἀγάπης
3026 2096 3163 2165 μετά
3183 2096 3442 2165 γυναικὸς
3464 2095 3556 2149 καί
3592 2098 3683 2149 ἀν⁶

1999 2185 2146 2256 δρὸς,
2173 2186 2291 2238 ἐκεῖ
2327 2184 2501 2238 πάντα
2539 2185 2730 2255 συρρεῖ
2751 2182 2818 2235 τά
2856 2182 3058 2251 ἀγαθὰ,
3082 2184 3176 2237 καί
3204 2183 3466 2236 ἀνάλωτοι
3505 2183 3687 2251 πάσης

2001 2272 2294 2343 ἐπιϐουλῆς
2318 2274 2660 2343 γενήσονται,
2700 2270 2920 2342 μεγάλῳ
2950 2271 3043 2324 καί
3075 2270 3356 2341 ἀχειρώτῳ
3382 2271 3549 2341 τείχει
3577 2270 3685 2324 τινὶ

2003 2361 2403 2432 πεφραγμένοι,
2434 2360 2576 2413 τοῦτ’
2600 2360 2737 2423 ἔστι,
2777 2362 2842 2431 τῇ
2888 2358 3030 2412 κατὰ
3072 2358 3203 2411 Θεὸν
3249 2358 3485 2429 ὁμονοία.
3514 2359 3685 2412 Τοῦτο

2000 2449 2304 2519 ἀδάμαντος
2340 2449 2537 2511 αὐτοὺς
2569 2446 2951 2517 ἰσχυροτέρους
2980 2436 3378 2517 ἀπεργάσεται,
3418 2445 3576 2498 τοῦτο
3602 2461 3686 2498 σι⁶

2000 2536 2165 2607 δήρου
2200 2536 2584 2609 στεῤῥοτέρους
2626 2534 2980 2603 καταστήσει,
3019 2534 3177 2585 τοῦτο
3215 2530 3412 2594 παντὸς
3452 2531 3682 2586 πλούτου

2001 2624 2091 2677 καὶ
2114 2623 2434 2694 περιουσίας
2467 2624 2649 2684 αὐτοῖς
2682 2621 3039 2691 συμϐαλεῖται
3062 2618 3245 2686 πλέον,
3278 2619 3434 2672 τοῦτο
3471 2621 3551 2683 εἰς
3586 2620 3684 2689 τὴν

2001 2710 2261 2763 ἀνωτάτω
2285 2709 2640 2780 περιφάνειαν
2660 2709 2856 2771 αὐτοὺς
2878 2707 3083 2773 ἀνάξει,
3107 2706 3267 2759 τοῦτο
3289 2706 3382 2759 καὶ
3407 2705 3505 2776 τὴν
3532 2706 3685 2778 παρὰ

1999 2797 2091 2850 τοῦ
2146 2796 2281 2850 Θεοῦ
2337 2796 2550 2850 εὔνοιαν
2597 2797 2780 2858 αύτοίς
2814 2795 3140 2865 προξενήσει
3174 2793 3309 2865 μετά
3351 2792 3550 2863 πολλῆς
3581 2793 3684 2863 τῆς

1998 2883 2295 2954 δαψιλείας.
2329 2883 2421 2954 Μὴ
2453 2883 2653 2948 τοίνυν,
2704 2881 3024 2953 παρακαλῶ,
3069 2881 3260 2933 τούτου
3292 2882 3684 2951 προτιμότερον

1997 2988 2050 3023 τι
2081 2970 2363 3042 ἡγώμεθα,
2400 2969 2534 3023 ἀλλὰ
2556 2970 2732 3023 πάντα
2753 2968 2995 3039 ποιῶμεν
3019 2968 3113 3021 καὶ
3140 2965 3681 3039 πραγματευώμεθα,

1999 3058 2139 3111 ὥστε
2172 3059 2414 3129 γαλήνην
2448 3058 2541 3111 καὶ
2580 3058 2805 3128 εἰρήνην
2849 3054 2985 3108 εἶναι
3038 3055 3241 3124 μεταξὺ
3289 3057 3389 3124 τῆς
3435 3057 3684 3125 συνοική-

2000 3162 2156 3210 σεως.
2195 3145 2326 3198 Τότε
2350 3144 2457 3217 γὰρ
2491 3147 2538 3197 οἱ
2569 3144 2875 3214 τικτόμενοι
2911 3143 3098 3206 παῖδες
3131 3145 3197 3212 τῇ
3224 3141 3330 3194 τῶν
3360 3141 3684 3212 γεγεννηκό-

1997 3251 2107 3287 των
2157 3233 2326 3303 ἀρετῇ
2379 3231 2929 3302 κατακολουθήσουσι,
2983 3228 3078 3283 καὶ
3131 3230 3179 3282 οἰ
3223 3230 3428 3282 οἰκέται
3474 3228 3683 3291 τούτοις

1997 3320 2240 3391 ἐψονται,
2270 3320 2364 3373 καὶ
2393 3318 2729 3388 πανταχόθεν
2758 3318 2824 3371 τὰ
2848 3317 2947 3387 τῆς
2971 3317 3149 3381 οἰκίας
3178 3317 3314 3387 προς
3337 3317 3537 3388 ἀρετὴν
3563 3318 3682 3370 επις

1997 3408 2180 3474 δώσει,
2217 3408 2312 3462 καὶ
2361 3406 2531 3478 πολλὴ
2580 3407 2687 3459 τῶν
2727 3405 3070 3477 πραγμάτων
3103 3404 3255 3458 ἐσται
3305 3407 3337 3476 ἡ
3388 3404 3678 3477 εὐημερία.

1999 3494 2169 3548 Ὅταν
2217 3492 2326 3564 γὰρ
2362 3491 2434 3545 τά
2476 3490 2570 3545 τοῦ
2605 3491 2739 3544 Θεοῦ
2791 3490 3167 3562 προτιμῶμεν,
3203 3490 3272 3544 τὰ
3318 3489 3453 3543 ἄλλα
3505 3489 3682 3543 πάντα

1998 3580 2140 3634 κατά
2188 3580 2315 3652 ῥοῦν
2346 3579 2465 3651 ﬁgat.
2497 3580 2647 3649 ἡμῖν,
2700 3578 2795 3631 καὶ
2845 3578 3057 3642 ούδενδς
3097 3576 3347 3648 αἴσθησιν
3400 3574 3683 3647 ληψόμεθα

1996 3668 2263 3740 λυπηροῦ,
2283 3668 2385 3737 τῆς
2422 3665 2520 3720 τοῦ
2552 3666 2687 3720 Θεοῦ
2721 3665 3059 3736 ἀγαθότητος
3090 3664 3227 3735 μετὰ
3253 3663 3529 3734 δαψιλείας
3550 3666 3683 3735 ἡμῖν

1997 3755 2215 3809 ἅπαντα
2245 3754 2735 3826 χορηγούσης.Ἴνα
2758 3749 2851 3807 οὖν
2874 3753 2969 3807 καὶ
2997 3751 3151 3805 αὐτοί
3182 3751 3403 3815 ἀλύπως
3430 3751 3569 3806 κατὰ
3594 3751 3686 3804 τὸν

2002 3844 2248 3914 παρόντα
2279 3842 2393 3913 βίον
2424 3842 2720 3912 διάγωμεν,
2760 3841 2854 3894 καὶ
2883 3841 2981 3913 τὴν
3013 3839 3164 3912 παρὰ
3189 3837 3284 3892 τοῦ
3310 3839 3582 3892 Δεσπότου
3604 3838 3683 3891 εύο

1996 3950 2145 3986 νοιαν
2176 3932 2268 3985 ἐπὶ
2292 3931 2453 3985 πλέον
2477 3929 2930 3998 ἐπισπασώμεθα,
2952 3926 3309 3998 ἀντεχώμεθα
3332 3927 3433 3997 τῆς
3454 3927 3681 3997 ἀρετῆς,

1994 4019 2093 4090 τὴν
2141 4018 2390 4088 ὁμόνοιαν
2435 4017 2528 4070 καὶ
2575 4016 2674 4086 τήν
2723 4016 2947 4087 εἰρήνην
2973 4016 3052 4078 εἰς
3077 4014 3175 4083 τὴν
3217 4014 3395 4067 οἰκίαν
3441 4016 3685 4082 εἰσάγειν

1997 4105 2387 4176 σπουδάζωμεν
2431 4103 2528 4173 τὴν
2575 4102 2803 4167 ἑαυτῶν,
2842 4102 2939 4172 τῆς
2985 4100 3095 4153 τῶν
3142 4100 3348 4154 τέκνων
3381 4101 3682 4171 εὐκοσμίας

1995 4192 2408 4264 ἐπιμελώμεθα,
2452 4190 2826 4263 φροντίζωμεν
2872 4187 3215 4260 τοῦτρόπου
3270 4189 3377 4242 τῶν
3427 4187 3680 4250 οἰκετῶν,

1995 4279 2081 4332 ἵνα
2126 4278 2268 4349 ὑπὲρ
2315 4279 2570 4332 ἁπάντων
2615 4277 2855 4346 δαψιλεῖς
2884 4275 2982 4340 τὰς
3020 4275 3255 4347 ἀμοιϐὰς
3299 4275 3681 4347 κομισάμενοι,

1994 4366 2420 4437 καταξιωθῶμεν
2449 4367 2542 4421 καί
2583 4366 2692 4418 τῶν
2743 4364 3166 4437 ἐπηγγελμένων
3212 4364 3452 4432 ἀγαθῶν,
3496 4363 3680 4435 χάριτι

1995 4457 2088 4510 καὶ
2135 4454 2516 4526 φιλανθρωπία
2562 4453 2655 4507 τοῦ
2705 4453 2911 4524 Κυρίου
2963 4452 3121 4525 ἡμῶν
3167 4451 3340 4525 Ἰησοῦ
3396 4453 3634 4525 Χριστοῦ
3662 4494 3676 4515 ,

1998 4543 2115 4613 μεθ’
2147 4535 2207 4595 οἶ)
2254 4541 2333 4612 τῷ
2377 4540 2571 4612 Πατρί,
2604 4540 2719 4611 ἅμα
2744 4538 2822 4610 τῷ
2850 4541 2990 4612 ἁγίῳ
3023 4539 3322 4611 Πνεύματι,
3361 4539 3508 4604 δόξα,
3543 4539 3680 4609 κρά-

1993 4647 2105 4695 τος,
2136 4627 2291 4701 τιμὴ,
2320 4628 2415 4681 νῦν
2449 4629 2542 4682 καὶ
2568 4629 2676 4696 ἀεὶ,
2699 4628 2792 4681 καὶ
2820 4629 2899 4691 εἰς
2928 4630 3055 4693 τοὺς
3083 4628 3285 4692 αἰῶνας
3315 4627 3425 4681 τῶν
3445 4626 3678 4682 αἰώνων.

2007 4718 2200 4789 Ἀμήν.

2557 4782 2580 4800 ’
2639 4802 2881 4859 ΟΜΙΛΙΑ
2915 4802 3039 4856 ΛΘ’.

2007 4893 2217 4947 Ἠνίκα
2275 4893 2345 4946 δὲ
2400 4892 2636 4961 ἐγένετο
2679 4894 2711 4944 ό
2764 4893 2993 4959 Ἀΰραμ
3047 4887 3455 4955 ἐννενήκοντα
3499 4887 3679 4944 ἐννέα

2412 4978 2582 5045 ἐτῶν,
2613 4978 2779 5047 ὤφθη
2808 4976 2966 5043 αὑτῷ
2983 4981 3013 5031 ὀ
3040 4979 3184 5043 Θετῖς
3204 4977 3253 5032 δ.

2064 5068 2134 5121 α’.
2155 5067 2359 5129 Είδετε,
2376 5066 2671 5137 ἀγαπητοὶ,
2687 5065 2805 5130 πῶς
2830 5064 2981 5118 οὐδὲν
3000 5065 3167 5135 ἀργὸν
3183 5064 3290 5118 τῶν
3306 5063 3455 5135 παρὰ
3471 5064 3536 5134 τῇ
3560 5062 3680 5133 θεία

2010 5157 2202 5228 Γραφῇ
2245 5156 2548 5227 κειμένων;
2587 5156 2758 5208 εἴδετε
2794 5155 2920 5226 χθὲς
2963 5154 3081 5219 πῶς
3108 5156 3168 5208 τὸ
3200 5155 3340 5209 κατὰ
3367 5156 3463 5225 τὴν
3496 5155 3678 5225 ’Ἅγαρ

1999 5247 2080 5310 εἰς
2108 5245 2271 5316 μέσον
2296 5244 2709 5316 παραγαγόντες
2732 5285 2747 5306 ,
2794 5245 2888 5297 καὶ
2919 5242 3017 5315 τὴν
3048 5242 3251 5313 ταύτης
3291 5242 3636 5314 ἀναχώρησιν
3659 5282 3676 5303 ,

1998 5331 2198 5403 πολλὴν
2254 5332 2521 5401 ὠφέλειαν
2573 5330 2783 5384 ἐκεῖθεν
2827 5328 3309 5402 ὲκαρπωσάμεθας
3371 5328 3681 5399 Ἐμάθομεν

1997 5417 2107 5488 γάρ
2134 5417 2227 5470 τοῦ
2265 5418 2604 5488 πατριάρχου
2638 5416 2735 5488 τὴν
2762 5415 2961 5487 πολλὴν
2982 5415 3301 5481 ἐπιείκειαν,
3332 5414 3433 5484 τῆς
3462 5430 3678 5485 σωφρο-

1999 5503 2165 5574 σύνης
2203 5503 2299 5575 τὴν
2325 5504 2426 5556 ύπε
2437 5504 2631 5575 ρ6ο>.ὴν
2654 5544 2668 5567 ,
2699 5502 2797 5571 τὴν
2823 5501 2954 5555 αίδὼ
2973 5542 2988 5565 ,
3016 5502 3081 5573 ἣν
3107 5500 3371 5571 ἀπένειμε
3395 5502 3465 5572 τῇ
3488 5501 3639 5572 Σάρᾳ
3656 5542 3683 5565 ,

1996 5591 2096 5662 τὴν
2137 5590 2270 5661 πρὸς
2312 5591 2483 5661 αὐτὴν
2513 5591 2765 5660 ὁμόνοιαν
2804 5590 3018 5644 πάντων
3059 5588 3363 5659 ἡγούμενος
3413 5604 3675 5659 προτιμο⁴

1998 5677 2182 5749 τέραν.
2234 5676 2464 5748 Εἶδομεν
2512 5677 2605 5731 τοῦ
2656 5676 2792 5731 Θεοῦ
2839 5677 2937 5749 τὴν
2976 5676 3179 5746 ἄφατον
3229 5674 3676 5747 φιλανθρωπίαν,

1996 5766 2144 5829 ὅπως
2174 5765 2263 5819 διὰ
2283 5764 2382 5836 τὴν
2422 5767 2501 5829 εἰς
2527 5765 2616 5827 τὸν
2654 5764 2860 5818 δίκαιον
2886 5764 3051 5836 τιμήν
3078 5763 3139 5816 οὐ
3172 5763 3334 5833 μόνον
3358 5762 3669 5831 ἐπανήγαγε

2063 5853 2267 5924 f'Savjl.
2330 5856 2381 5901 et
2440 5853 2666 5925 aliquot.
2707 5852 3108 5959 m§8._lunnlgc3y.
3166 5850 3341 5925 Mor-91'.
3404 5848 3668 5919 6661:9651.

2063 5913 2165 5959 Haec
2205 5921 2271 5959 lla
2296 5915 2621 5959 emmlianlur
2653 5928 2702 5959 In
2740 5914 2942 5959 Blbhis:
2976 5913 2988 5928 '
3014 5927 3189 5959 ,γενετο
3238 5912 3292 5958 δε
3339 5910 3507 5959 Αϐοαιι
3551 5910 3668 5954 δτωυ

1997 5913 2027 5953 ιι
2051 5913 2165 5962 Haec
2205 5912 2271 5961 ila
2296 5909 2621 5963 enuntianlur
2653 5916 2702 5962 in
2738 5912 2942 5962 Bibliis:
2976 5909 3189 5973 Ἐγένετο
3238 5912 3292 5958 δὲ
3314 5909 3507 5971 Ἀδραμ
3551 5909 3678 5954 έτῶν

3006 5977 3027 5985 ρ,

1995 5976 2300 6033 ἐννενήκοντα
2322 5976 2467 6025 ἐννέα·
2497 5977 2577 6024 καὶ
2620 5977 2752 6041 ὤφθη
2781 5975 2950 6040 Κύριος,
2970 5977 3038 6039 τῷ
3080 5973 3283 6035 Ἀϐραμ.
