4060 6450
233 441 322 498 561

233 556 456 614 dominae
475 554 779 627 aufugerat,
806 552 899 610 sed
926 553 1051 610 etei
1073 550 1351 608 kmaelem
1404 551 1610 623 prolem
1652 551 1819 618 dedit,

235 650 355 706 inde
381 647 527 720 justo
575 662 829 719 magnum
880 646 1129 703 solatium
1175 645 1507 718 exeogitans,
1555 654 1823 718 tantaque

233 742 493 816 patientiae
518 740 797 799 mercedes
820 740 869 797 ei
895 739 1218 796 retribuens.
1244 738 1309 794 Et
1336 747 1615 810 postquam
1667 747 1824 794 natus

232 844 310 892 est
343 832 555 897 lentae],
582 832 771 888 volens
798 846 900 888 nos
922 830 1119 889 docere
1159 829 1434 901 Scriptura
1480 838 1691 901 tempus
1740 844 1826 899 pa-

233 925 494 993 triarchae,
516 924 678 980 etiam
726 938 1007 980 numerum
1035 936 1297 977 annorum
1341 921 1497 977 nobis
1525 920 1825 993 designavit

233 1019 415 1075 dicens
441 1035 457 1074 :
487 1017 574 1073 i6.
605 1015 823 1085 Quando
845 1025 993 1069 natus
1013 1024 1087 1069 est
1130 1012 1343 1077 laniari,
1391 1029 1641 1067 annorum
1686 1022 1827 1068 oclo-

229 1112 363 1183 ginta
387 1126 475 1166 sea:
496 1118 603 1163 erat
636 1107 826 1162 Abram
852 1105 1021 1181 (Cap.
1049 1106 1112 1162 16
1143 1106 1180 1176 ).
1215 1105 1504 1162 Videamus
1547 1112 1726 1160 autem
1769 1110 1828 1159 et

230 1205 329 1259 hoc
346 1204 481 1269 loco,
505 1202 556 1257 id
577 1202 716 1273 quod
738 1211 787 1258 et
807 1217 872 1257 ex
893 1200 1237 1270 sequentibus
1257 1198 1547 1262 discemus,
1563 1196 1823 1268 insignem

230 1296 534 1367 patientiam
552 1294 702 1365 justi.
731 1304 780 1350 et
800 1292 1123 1349 ineﬂ‘abilrm
1134 1301 1292 1362 atque
1308 1289 1558 1346 eximiam
1579 1288 1824 1359 benigni-

229 1398 388 1443 tatem
430 1385 661 1442 Domini.
704 1384 949 1443 Sciemus
970 1393 1151 1440 autem
1183 1391 1408 1453 utraque
1433 1380 1734 1446 evidenter,
1776 1381 1825 1437 si

229 1480 420 1536 iterum
461 1487 699 1549 tempora
742 1478 865 1535 vita:
913 1475 1045 1548 justi
1081 1474 1366 1532 addiscere
1405 1473 1741 1544 poterimus:
1772 1483 1825 1530 et

227 1569 500 1642 quomodo
526 1569 704 1625 bonus
738 1569 880 1625 Deus
905 1584 1025 1638 qua!
1050 1567 1116 1623 ad
1143 1582 1205 1623 se
1238 1565 1468 1623 attinent
1502 1566 1653 1622 omni
1693 1575 1825 1620 tem-

224 1680 353 1730 pore
380 1664 678 1735 dispenset,
717 1660 952 1733 probans
976 1676 1130 1717 suum
1156 1659 1438 1723 famulum,
1466 1668 1517 1714 et
1543 1658 1685 1730 piam
1708 1655 1827 1724 ejus

225 1764 458 1811 mentem
482 1755 759 1826 detegens.
789 1753 908 1825 ipse
927 1753 1071 1809 enim
1098 1752 1246 1808 clare
1276 1750 1594 1822 przesciebat
1634 1747 1820 1803 iniiinii

224 1847 306 1902 sui
348 1856 563 1919 gratum
623 1846 886 1913 animum,
925 1843 1123 1900 animae
1162 1842 1279 1914 ejus
1346 1838 1823 1911 pulchritudinem,

226 1940 678 2013 margaritamque
703 1938 843 1994 hanc
862 1935 1136 1993 evidenter
1180 1933 1507 2007 agnoscebat
1535 1948 1551 1988 :
1578 1930 1676 1987 sed
1701 1930 1827 2002 quia

222 2032 391 2089 voluit
412 2030 669 2087 omnibus
699 2039 827 2085 tunc
853 2028 1213 2100 praesentibus
1237 2041 1363 2082 eum
1390 2033 1577 2081 notum
1625 2022 1823 2089 facere,

223 2132 279 2179 ut
300 2131 356 2180 et
379 2120 773 2194 poSIerioribus
796 2120 1009 2176 sacculis
1039 2119 1150 2191 ipsa
1176 2118 1306 2190 justi
1336 2117 1503 2172 virtus
1529 2114 1598 2171 ad
1647 2114 1824 2169 imita-

223 2215 422 2271 tionem
447 2228 514 2270 ac
539 2213 712 2269 zelum
732 2227 827 2269 eos
844 2211 933 2283 qui
960 2209 1201 2266 aemulari
1230 2208 1432 2265 vellent
1459 2215 1779 2278 provocaret
1807 2222 1822 2259 :

222 2304 421 2361 ideirco
456 2305 715 2375 paulatim
743 2312 974 2359 mentem
1014 2302 1146 2373 justi
1187 2310 1297 2357 tam
1331 2301 1642 2371 opulentam
1672 2299 1826 2355 nobis

220 2396 420 2470 detegit
440 2414 454 2451 :
476 2404 537 2451 ut
553 2395 822 2452 discamus
837 2404 893 2452 et
917 2409 1015 2449 nos
1033 2393 1228 2450 divinis
1247 2392 1695 2466 promissionibus
1717 2407 1823 2447 non

221 2488 492 2554 difﬁdere,
523 2502 698 2558 neque
718 2486 1028 2543 dilationem
1059 2486 1319 2556 gravatim
1347 2484 1511 2553 terre,
1536 2484 1632 2539 sed
1659 2484 1829 2554 majo-

220 2594 332 2638 rem
362 2595 518 2650 spem
547 2580 600 2635 in
637 2579 993 2636 invisibilibus
1020 2592 1180 2650 quam
1202 2578 1256 2633 in
1278 2576 1573 2634 visibilibus
1603 2591 1826 2647 ponere,

226 2687 347 2743 quae
374 2671 643 2728 Dominus
667 2670 906 2726 omnium
931 2672 1242 2741 promiserit
1294 2686 1308 2723 :
1341 2676 1396 2724 et
1436 2667 1669 2723 sciamus
1718 2682 1826 2721 non

217 2779 337 2820 esse
361 2763 627 2836 possibile
649 2771 707 2818 ut
726 2777 979 2834 umquam
1000 2760 1249 2817 excidant
1274 2760 1540 2833 promissa
1565 2760 1659 2817 Dei
1685 2776 1702 2826 ;
1730 2760 1826 2815 sed

217 2867 272 2913 et
296 2860 341 2913 si
364 2859 536 2927 longo
561 2865 686 2928 post
714 2868 957 2927 tempore
994 2855 1435 2925 eveniautaliqua
1464 2852 1660 2910 divinis
1702 2868 1826 2924 pro-

216 2948 397 3004 missis
417 2948 659 3015 diversa,
692 2961 762 3003 ne
790 2956 1070 3019 propterea
1094 2960 1251 3002 meus
1275 2944 1539 3011 turbetur,
1590 2945 1689 3001 sed
1733 2959 1826 3001 ω-

215 3054 551 3110 gnoseomus
574 3038 691 3111 ejus
715 3039 808 3110 qui
846 3037 1091 3109 promisit
1126 3036 1442 3109 sapientiam
1469 3045 1526 3092 et
1575 3035 1825 3092 invictam

215 3133 470 3189 virtutem
522 3141 627 3189 :et
676 3147 803 3187 eum
855 3129 1305 3202 quandocumque
1350 3129 1603 3194 voluerit,
1662 3144 1828 3200 opere

214 3242 336 3297 qum
355 3228 459 3283 sibi
492 3225 687 3296 placita
719 3235 848 3281 sunt
904 3224 1176 3294 complere
1217 3238 1398 3295 posse,
1450 3224 1737 3293 omniaque
1774 3221 1826 3277 ei

213 3333 439 3375 cessura
470 3325 533 3374 et
570 3318 1015 3387 obtemperatura
1037 3329 1175 3371 esse.
1207 3314 1342 3370 Nam
1391 3315 1520 3385 quia
1571 3314 1831 3370 Dominus

214 3421 291 3467 est
311 3420 529 3467 natura:
558 3417 611 3465 et
649 3406 862 3479 Opit‘cx,
891 3416 1064 3478 potest
1084 3408 1243 3462 etiam
1269 3406 1400 3462 dare
1423 3421 1487 3463 ea
1507 3422 1627 3480 qum
1663 3420 1831 3476 supra

213 3510 471 3557 naturam
498 3507 649 3556 sunt.
680 3498 759 3554 Ne
789 3499 947 3570 igitur
974 3499 1043 3553 ad
1095 3500 1365 3570 propriam
1406 3497 1827 3555 imbecillitatem

213 3594 604 3664 respicientes,
629 3592 896 3648 curiosius
933 3606 1055 3662 quae
1078 3608 1110 3647 a
1151 3591 1265 3648 Deo
1298 3591 1437 3647 liuut
1469 3591 1824 3664 inquiramus,

213 3703 392 3759 neque
441 3686 516 3743 ad
574 3695 780 3741 naturae
848 3684 1094 3740 ordinem
1152 3684 1519 3752 intendentos,
1591 3693 1826 3741 mentem

212 3780 531 3836 dividamus
562 3777 697 3835 :sed
738 3777 878 3834 sicut
921 3778 1056 3849 grati
1114 3774 1320 3844 lamuli,
1370 3777 1688 3834 immensam
1726 3778 1829 3833 Do-

212 3873 343 3930 mini
384 3871 568 3930 nostri
623 3870 921 3941 potentiam
1010 3886 1117 3926 non
1158 3869 1484 3942 ignorantes,
1548 3870 1831 3927 credamus

210 3966 329 4035 ejus
399 3962 881 4035 promissionibus,
931 3971 990 4018 ut
1050 3962 1301 4018 humanis
1348 3963 1554 4018 viribus
1586 3964 1832 4035 superio-

211 4071 305 4114 res
328 4057 483 4121 facti,
514 4055 783 4127 promissa
809 4069 1160 4126 assequamur
1188 4054 1432 4121 omnino,
1460 4063 1516 4110 et
1542 4055 1660 4126 ejus
1683 4054 1833 4110 frua-

212 4167 337 4207 mua
388 4149 798 4217 benevolentia,
827 4163 891 4205 ac
914 4163 1013 4220 pro
1034 4155 1221 4203 nostro
1259 4147 1400 4203 virili
1424 4148 1597 4203 Deum.
1615 4163 1830 4219 quoque

216 4245 542 4303 timeamus
600 4242 864 4299 Maximus
903 4242 1046 4298 enim
1102 4241 1189 4297 hic
1237 4248 1321 4296 est
1387 4248 1571 4296 noster
1635 4240 1828 4308 honos,

212 4353 386 4408 (ptem
425 4337 635 4393 oﬂerre
675 4350 978 4407 possumus,
1037 4344 1099 4391 ut
1136 4335 1319 4391 virtuti
1370 4334 1535 4406 ipsius
1581 4335 1827 4402 ﬁdamus,

212 4431 431 4488 etiarnsi
461 4429 687 4487 cameis
710 4429 876 4485 oculis
902 4442 1021 4499 qua:
1045 4436 1169 4483 sunt
1211 4427 1480 4483 contraria
1532 4426 1831 4484 videamus.

214 4523 284 4580 Et
327 4523 471 4596 quid
516 4521 826 4587 admiraris,
857 4521 902 4577 si
943 4519 1087 4592 apud
1135 4519 1303 4576 Deum
1348 4519 1521 4576 διωθι-
1548 4520 1627 4576 sit
1664 4520 1836 4576 maxi-

214 4630 347 4671 mus.
399 4630 523 4670 non
589 4611 879 4693 dubitare?
926 4611 1101 4667 Etiam
1176 4610 1323 4683 apud
1380 4610 1651 4681 hemina,
1707 4626 1837 4667 cum

211 4705 348 4776 quid
374 4722 449 4763 ex
476 4704 577 4760 his
592 4702 749 4760 ﬂuxis
778 4714 831 4759 et
854 4703 1183 4773 corruptioni
1231 4702 1479 4758 obnoxiis
1527 4701 1689 4759 rebus
1740 4717 1838 4758 no-

212 4797 301 4854 bis
349 4797 719 4870 promittitur,
770 4795 817 4851 si
844 4794 1335 4866 nosdepromissis
1372 4808 1484 4849 non
1507 4793 1835 4862 dubitemus,

215 4893 315 4949 sed
348 4888 709 4962 promittenti
733 4888 892 4947 [idem
943 4887 1259 4952 habeamus,
1301 4886 1353 4943 id
1380 4886 1621 4942 maxime
1647 4885 1841 4942 honori

214 4986 475 5053 ducitur,
524 4982 673 5054 quod
698 4996 900 5053 nempe
922 4995 1037 5036 non
1059 4979 1388 5047 dubitemus,
1415 4979 1509 5035 sed
1557 4979 1839 5049 promissis

214 5078 484 5133 ﬁdamus.
519 5073 681 5143 Quod
706 5073 751 5129 si
778 5072 881 5129 hoc
926 5072 980 5128 in
1011 5070 1343 5138 hominibus,
1364 5070 1455 5142 qui
1490 5078 1603 5125 tam
1649 5069 1842 5125 crebro

213 5170 303 5226 vel
330 5176 647 5232 mutantur,
678 5166 761 5221 vel
806 5165 877 5220 ob
905 5164 1270 5220 infirmitatem
1300 5172 1554 5233 praestare
1578 5161 1711 5217 nihil
1759 5178 1845 5216 va.

212 5263 330 5318 ient
349 5279 367 5316 :
387 5265 610 5332 quanto
625 5257 795 5329 magis
810 5254 1193 5326 omnipotentis
1215 5254 1308 5309 Dei
1325 5253 1607 5324 promissis
1621 5251 1843 5308 credere

214 5354 523 5416 debemus;
546 5348 763 5406 etiamsi
783 5349 1001 5405 interim
1012 5347 1237 5403 multum
1260 5344 1518 5415 temporis
1536 5341 1849 5399 interﬂuat?

215 5445 353 5502 Haec
368 5452 577 5500 autem
600 5455 633 5497 a
657 5456 753 5497 me
770 5455 912 5496 nunc
939 5453 1047 5496 non
1073 5437 1278 5510 absque
1303 5451 1467 5493 eausa
1508 5435 1661 5491 dicta.
1696 5444 1840 5503 sunt,

217 5538 325 5594 sed
345 5545 409 5592 ut
435 5534 596 5592 seire
623 5534 910 5605 possimus,
943 5547 1065 5588 cum
1096 5530 1400 5587 venerimus
1418 5528 1486 5584 ad
1527 5528 1847 5600 primipinm

214 5646 429 5687 eorum-
451 5640 589 5699 qua:
618 5624 780 5681 hodie
806 5623 961 5680 nobis
988 5630 1113 5678 sunt
1136 5620 1425 5692 proposita,
1455 5618 1726 5689 quomodo
1750 5620 1845 5674 be-

1322 432 1386 489 IN
1425 433 1575 490 CAP.
1614 432 1770 489 XVII.
1813 432 2057 491 GENES.
2096 433 2322 494 BOMIL.
2360 436 2595 495 XXXIX.

1943 555 2055 619 hat,
2079 567 2179 609 nec
2198 552 2536 627 desperabat,
2566 556 2660 611 sed
2686 555 2826 611 bona
2857 572 2955 630 spe
2986 570 3282 634 vegetatus,
3307 567 3522 639 religio-

1926 657 2045 698 sum
2076 646 2315 701 animum
2346 647 2399 702 in
2428 648 2681 704 omnibus
2706 665 2817 723 pra:
2838 666 2898 707 se
2920 650 3144 710 ferebat.
3169 654 3524 715 Seienmsau-

1927 743 2035 792 tem
2062 737 2263 809 liquido
2287 752 2504 796 omnem
2547 742 2863 812 patriarcha:
2885 745 3152 816 virtutem,
3172 749 3219 805 si
3270 750 3523 809 didiceri-

1927 842 2048 883 mus
2074 838 2330 900 quantum
2358 831 2561 889 interea
2591 842 2801 905 tempus
2830 835 3073 908 elapsum
3099 838 3279 899 fuerit.
3329 843 3520 901 Oiunia

1927 918 2071 973 enim
2101 920 2290 977 beatus
2307 921 2485 979 Moses
2510 923 2712 994 Spiritu
2735 936 2924 983 sancto
2950 928 3163 987 afﬂatus
3184 932 3332 991 clare
3359 934 3523 990 doce-

1928 1008 2025 1064 bit.
2053 1011 2191 1080 Quid
2220 1012 2381 1084 igitur
2419 1015 2508 1069 ille
2533 1016 2711 1071 dicit?
2738 1017 2963 1086 Quando
2982 1022 3218 1078 obedivit
3265 1028 3522 1082 mandato

1932 1100 2047 1168 Dei,
2079 1110 2134 1156 et
2184 1103 2419 1174 migrans
2446 1120 2477 1159 a
2506 1106 2767 1177 Charran,
2801 1109 2853 1165 in
2894 1110 3258 1169 Chananmam
3298 1123 3523 1172 conten-

1929 1192 2028 1261 dit,
2059 1210 2322 1250 anuorum
2347 1207 2463 1254 erat
2489 1200 2825 1271 septuaginta
2852 1202 3111 1274 quinque.
3141 1206 3206 1260 Et
3240 1207 3422 1264 statim
3467 1217 3525 1266 ut

1931 1287 2076 1341 venit
2097 1287 2149 1342 in
2175 1287 2556 1355 Cbananaeam,
2584 1291 2841 1348 Dominus
2893 1296 3138 1365 promisit
3167 1300 3216 1354 ei
3249 1308 3304 1355 et
3328 1301 3523 1358 semini

1929 1379 2045 1447 ejus
2065 1379 2310 1436 daturum
2332 1396 2394 1438 se
2416 1398 2630 1440 omnem
2654 1394 2873 1454 terram,
2895 1396 2949 1443 et
2970 1398 3118 1444 tanto
3140 1404 3364 1448 numero
3387 1396 3523 1449 mul-

1932 1468 2309 1540 tiplicaturum,
2345 1482 2397 1528 ut
2432 1475 2821 1533 innumerrbile
2848 1478 2939 1533 liat
2965 1480 3106 1536 sicut
3125 1497 3289 1538 arena
3314 1493 3369 1540 ct
3393 1487 3525 1540 stel.

1930 1561 2018 1616 lae.
2049 1563 2116 1618 Et
2145 1559 2265 1635 post
2312 1568 2717 1636 promissionem
2750 1569 2887 1626 hanc
2913 1572 3079 1628 multa
3108 1574 3322 1631 interim
3377 1581 3521 1635 acci-

1931 1652 2129 1712 derunt
2143 1655 2311 1727 justo,
2338 1673 2532 1731 nempe
2552 1659 2844 1716 descensus
2870 1662 2922 1716 in
2953 1660 3242 1736 Egyptum
3298 1679 3521 1739 propter

1933 1743 2152 1816 famem,
2193 1759 2381 1820 raptus
2412 1750 2581 1822 Sorae,
2629 1763 2686 1810 et
2719 1754 2899 1810 statim
2926 1756 3102 1812 divina
3156 1760 3521 1829 providentia.

1934 1837 2129 1895 lterum
2182 1851 2306 1914 post
2368 1842 2599 1899 reditum
2653 1846 2721 1901 ab
2778 1844 3034 1918 Egypto,
3086 1850 3190 1905 alia
3240 1852 3526 1909 occasione

1930 1928 2077 1985 Sara:
2110 1933 2421 1990 molestiaea
2467 1950 2593 2006 rege
2632 1934 2980 2006 Gerarorum,
3026 1949 3082 1996 et
3118 1943 3298 1999 statim
3336 1958 3367 1998 a
3409 1943 3523 2001 Deo

1930 2022 2252 2079 subsidium.
2269 2026 2443 2096 Atque
2461 2026 2576 2083 hare
2603 2028 2705 2083 sibi
2723 2029 3020 2087 accidentia
3035 2033 3213 2088 outnia
3231 2035 3419 2091 videns
3438 2036 3527 2107 jn.

1929 2122 2045 2169 stus
2072 2125 2197 2185 post
2219 2118 2629 2187 promissionem
2658 2120 2825 2189 illam,
2853 2133 2962 2178 non
2990 2124 3303 2183 turbabatur
3321 2129 3522 2193 animo,

1932 2220 2107 2277 neque
2149 2208 2414 2265 curiosius
2460 2209 2793 2282 disquirebat
2841 2228 3006 2283 quare
3043 2228 3261 2289 accepta
3291 2221 3525 2289 promis-

1929 2299 2080 2355 sione
2107 2300 2225 2369 tali,
2244 2300 2297 2356 iu
2331 2309 2505 2358 tantas
2529 2304 2768 2376 talesque
2789 2306 3107 2363 tentatiunes
3134 2308 3372 2380 quotidie
3395 2311 3527 2366 inci-

1930 2392 2104 2462 deret,
2126 2404 2182 2450 et
2203 2403 2349 2451 tanto
2380 2405 2624 2467 tempore
2649 2408 2894 2455 maneret
2917 2398 3121 2470 absque
3144 2403 3311 2472 prole.
3341 2403 3525 2459 Noluit

1932 2484 2072 2539 enim
2102 2496 2287 2557 utpote
2310 2487 2450 2558 pius,
2475 2487 2723 2543 humanis
2762 2490 3057 2546 rationibus
3092 2507 3158 2564 ea
3196 2508 3315 2564 qua:
3341 2510 3375 2550 a
3416 2495 3529 2551 Deo

1933 2576 2133 2632 ﬁeimit
2164 2578 2451 2648 subjicere,
2478 2587 2536 2636 et
2557 2580 2686 2635 boui
2710 2580 3045 2649 consulebat,
3077 2592 3330 2655 gratoque
3353 2590 3528 2642 susci-

1932 2670 2111 2738 piebat
2133 2684 2486 2742 qua'cunultte
2508 2670 2620 2727 Deo
2641 2671 2857 2727 fuerant
2885 2672 3016 2728 visa.

1999 2760 2055 2815 2.
2083 2759 2187 2818 Cur
2211 2759 2353 2816 Deus
2393 2762 2467 2815 sic
2509 2762 2799 2817 cunctando
2837 2761 3121 2835 probaverit
3158 2766 3373 2835 Abram;
3397 2784 3529 2842 quo-

1931 2853 2082 2907 modo
2123 2853 2231 2908 haec
2269 2869 2369 2909 νοω
2399 2873 2420 2906 r
2445 2856 2684 2927 apparuit
2710 2874 2733 2909 ι
2755 2857 3054 2927 accipienda
3088 2858 3175 2912 sit.
3205 2888 3280 2899 —
3302 2860 3368 2915 Et
3406 2872 3528 2932 post

1929 2944 2196 3002 decimum
2232 2962 2434 3002 armum
2461 2950 2697 3020 suscepit
2722 2948 3007 3006 lsmaelem
3029 2965 3095 3006 ea
3127 2952 3343 3021 arieills,
3376 2962 3525 3026 post-

1930 3053 2103 3110 eaque
2152 3036 2212 3093 in
2261 3037 2353 3094 illo
2396 3040 2602 3111 putavit
2644 3039 3059 3113 promissionem
3106 3040 3521 3114 adimplendam.

1931 3128 2067 3185 Erat
2103 3131 2246 3185 enim
2286 3131 2611 3201 patriarcha,
2659 3133 2877 3203 quando
2913 3142 3071 3190 natus
3114 3144 3198 3190 est
3225 3137 3275 3191 ei
3305 3136 3521 3204 lsmael,

1930 3236 2194 3279 annorum
2220 3225 2489 3296 octoginta
2518 3236 2634 3282 sea.
2689 3224 2797 3282 Sed
2842 3227 3035 3282 iterum
3078 3227 3335 3285 tredecim
3369 3232 3526 3287 antiis

1930 3325 2213 3371 caereemr
2235 3331 2269 3371 a
2292 3316 2521 3389 benigno
2548 3318 2663 3374 Deo
2695 3318 2815 3389 ejus
2859 3319 3130 3389 patientia,
3160 3321 3332 3378 donec
3358 3322 3527 3393 ipsius

1932 3406 2220 3477 promissio
2237 3407 2540 3479 impleatur.
2571 3407 2705 3465 Nam
2730 3409 2855 3481 quia
2879 3410 3043 3482 probe
3069 3419 3308 3481 noverat,
3331 3429 3524 3485 quem-

1930 3498 2221 3555 admodum
2259 3516 2449 3556 aurum
2502 3502 2558 3557 in
2612 3501 2826 3559 fornace
2856 3505 3113 3574 temporis
3152 3503 3523 3572 diuturnitate,

1932 3589 2003 3646 ita
2026 3590 2227 3661 justum
2253 3593 2488 3665 purgari,
2518 3593 2739 3665 ejusque
2760 3594 3008 3650 virtutem
3033 3596 3319 3653 clariorem
3332 3605 3385 3654 et
3407 3598 3529 3653 illu-

1932 3682 2185 3739 striorem
2200 3683 2349 3740 ﬁeri:
2380 3687 2399 3740 l
2419 3682 2569 3759 (Cap.
2590 3685 2700 3759 Π)
2722 3687 2939 3754 Quando
2958 3691 3125 3761 factus
3141 3700 3211 3744 est
3228 3691 3415 3744 Abram
3436 3707 3515 3745 an-

1933 3792 2114 3831 norum
2134 3779 2410 3850 nonaginta
2429 3794 2626 3846 novem,
2646 3779 2835 3851 inquit,
2856 3782 3095 3853 apparuit
3112 3782 3158 3837 ei
3167 3781 3307 3838 Deus
3324 3784 3523 3839 iterum.

1936 3868 2005 3923 Et
2040 3884 2331 3941 quarenam
2384 3880 2535 3928 tanto
2584 3880 2825 3943 tempore
2874 3874 3121 3930 distulit?
3160 3874 3229 3931 Ut
3277 3890 3383 3931 non
3433 3890 3524 3932 so-

1936 3959 2045 4015 lum
2087 3959 2217 4031 justi
2262 3963 2578 4033 patientiam
2621 3973 2676 4018 et
2716 3966 2966 4020 virtutem
3014 3966 3307 4033 discamus,
3349 3965 3444 4023 sed
3472 3979 3527 4023 et

1935 4048 2250 4106 immensam
2304 4052 2471 4122 ipsius
2521 4055 2815 4123 potentiam
2858 4054 3154 4111 videamus.
3201 4056 3337 4113 Cum
3384 4059 3534 4113 enim

1935 4140 2067 4195 nihil
2112 4140 2228 4211 spei
2271 4150 2327 4197 et
2365 4143 2780 4212 exspectationis
2819 4145 3044 4200 essetin
3075 4156 3265 4204 natura
3314 4162 3433 4219 qua:
3460 4149 3533 4205 ad
3566 4186 3575 4193 ι

1939 4233 2324 4303 procreaudam
2347 4232 2553 4305 prolem
2581 4236 2780 4291 inutilis
2808 4245 2926 4293 erat
2950 4245 3006 4293 et
3031 4237 3269 4296 membra
3301 4256 3410 4313 pra:
3438 4259 3527 4298 se-

1937 4333 2154 4380 nectute
2178 4325 2424 4397 languida
2450 4337 2505 4383 et
2529 4326 2717 4399 frigida
2745 4338 2946 4392 essent,
2981 4339 3109 4385 tunc
3149 4332 3362 4388 tandem
3399 4333 3536 4405 justi

1938 4415 2188 4474 virtutem
2218 4417 2442 4487 detexit,
2473 4429 2531 4475 et
2571 4433 2720 4475 suam
2767 4421 3064 4491 potentiam
3108 4421 3379 4491 indicarit,
3408 4441 3534 4497 pro.

1939 4510 2257 4567 missionem.
2270 4510 2563 4582 implendo.
2592 4512 2705 4570 Sed
2729 4528 2908 4586 operas
2950 4516 3178 4587 pretium
3220 4526 3323 4586 est,
3353 4529 3412 4575 ut
3436 4522 3536 4577 ite-

1941 4614 2058 4655 rum
2080 4600 2361 4656 audiamus
2372 4617 2440 4658 ea
2455 4603 2571 4674 ipsa
2594 4616 2721 4675 qua:
2738 4619 2863 4660 eum
2889 4605 2989 4662 illo
3011 4607 3156 4663 Deus
3177 4607 3424 4680 loquutus
3453 4621 3542 4667 est

1942 4694 2129 4750 verba.
2152 4693 2283 4750 Cum
2310 4699 2482 4768 factus
2503 4697 2638 4752 enim
2668 4708 2811 4767 esset,
2838 4698 3027 4770 inquit,
3056 4702 3334 4772 nonaginta
3358 4717 3541 4757 noveni

1944 4801 2212 4854 annorum,
2258 4789 2501 4860 apparuit
2537 4795 2586 4844 et
2625 4786 2791 4859 Deus,
2838 4800 2889 4844 et
2922 4790 3052 4846 dixit
3079 4793 3145 4846 ei.
3186 4793 3318 4848 Cum
3358 4803 3543 4850 autem!

1945 4879 2217 4944 audieris,
2264 4879 2536 4950 Apparuit,
2588 4879 2720 4935 nihil
2765 4880 3315 4953 humile'suspiccris,
3366 4898 3547 4956 neque

1947 4979 2102 5043 putes
2126 4971 2298 5027 oculis
2323 4970 2626 5027 carnalibus
2656 4970 2824 5027 videri
2854 4970 3087 5028 divinam
3110 4974 3255 5029 illam
3281 4985 3335 5032 et
3361 4975 3543 5031 incor-

1949 5062 2254 5134 ruptibil'em
2282 5063 2599 5133 potentiam,
2620 5062 2716 5118 sed
2746 5064 2832 5134 pie
2860 5064 3043 5120 omnia
3064 5064 3320 5137 intelligo.
3360 5066 3549 5139 Appo-

1947 5155 2051 5208 ruit
2076 5155 2255 5225 igitur,
2280 5154 2330 5208 ei
2356 5153 2494 5209 Deut
2516 5169 2536 5210 :
2563 5153 2669 5210 hoc
2698 5162 2802 5223 est,
2828 5154 3132 5211 visitatione
3168 5171 3269 5212 sua
3290 5155 3439 5213 iii'um
3465 5158 3552 5212 di.

1949 5256 2141 5318 gnatus
2159 5256 2263 5314 est,
2292 5254 2349 5302 et
2373 5245 2590 5318 digrmm
2634 5246 2789 5302 duxit
2813 5262 2934 5304 eum
2956 5248 3108 5320 cujus
3126 5263 3310 5304 curam
3340 5258 3547 5320 ageret,

1955 5355 2090 5397 usus
2107 5354 2295 5411 magna
2335 5339 2601 5394 sermonis
2624 5340 3082 5410 attemperatione.
3116 5337 3262 5394 Diri:
3283 5340 3439 5410 enim,
3470 5341 3549 5395 in—

1955 5432 2090 5503 quit,
2118 5432 2187 5485 ad
2213 5446 2348 5486 eum.
2402 5428 2521 5501 Ego
2558 5446 2669 5484 sum
2702 5426 2838 5485 Deus
2884 5438 3038 5497 tuus;
3061 5430 3213 5502 piae:
3245 5445 3425 5486 coram
3450 5447 3550 5497 me,

1955 5536 2006 5580 et
2027 5533 2132 5579 em
2155 5523 2628 5593 irreprehensibiﬁs,
2645 5523 2700 5577 2.
2720 5532 2767 5577 ει
2794 5538 2983 5592 ponam
3007 5532 3357 5578 testantentum
3387 5538 3557 5578 meum

1949 5614 2085 5671 inter
2103 5630 2183 5670 me
2207 5626 2253 5669 et
2276 5615 2409 5669 inter
2435 5624 2502 5682 te,
2536 5624 2584 5670 et
2612 5614 2960 5684 muttiph'cabo
2982 5623 3037 5669 te
3055 5614 3219 5669 valde.
3250 5614 3303 5671 5.
3334 5612 3402 5669 Et
3424 5631 3551 5686 pro~

214 5724 427 5797 nignus
479 5721 642 5775 Deus
677 5716 868 5773 volens
912 5713 1054 5787 apud
1101 5725 1291 5769 omnes
1343 5710 1581 5766 nobilem
1621 5708 1852 5766 reddere
1955 5708 2076 5763 cia‘it
2098 5706 2286 5761 Aura»:
2315 5722 2469 5777 super
2495 5707 2673 5778 faciem
2689 5720 2857 5760 suain.
2888 5706 3075 5777 Magna
3110 5707 3242 5777 justi
3289 5707 3556 5777 probitas,

215 5812 637 5889 patriam-hom,
669 5818 747 5866 tot
772 5809 931 5863 anuis
960 5803 1393 5878 procrastinavit,
1418 5811 1474 5858 et
1498 5802 1717 5858 interim
1756 5803 1848 5872 ju-

208 5922 329 5968 stus
355 5924 472 5966 non
498 5917 660 5974 mgre
680 5902 902 5968 ferebat,
928 5899 1122 5957 non'ob
1148 5897 1557 5956 diuturnitatem
1568 5902 1847 5967 θοι-ρεθυιρ-

1957 5798 2236 5854 sacellum
2267 5798 2394 5854 item
2424 5798 2826 5854 clementissimi
2860 5798 2950 5854 Dei
2981 5799 3033 5854 in
3055 5798 3206 5855 ilium
3234 5799 3562 5870 benignitas.

1961 5887 2073 5962 Ego
2103 5907 2238 5960 sum,
2267 5890 2458 5964 inquit,
2485 5888 2626 5946 Dens
2655 5901 2772 5946 ttat:
2800 5908 2817 5945 :
2845 5891 2997 5964 quasi
3029 5891 3251 5959 diceret,
3280 5890 3393 5963 Ego
3437 5905 3573 5946 sum
