4060 6418
557 437 664 490 563

559 548 649 617 qui
678 561 845 616 usque
870 544 921 599 in
950 557 1186 613 prmsens
1208 557 1296 598 res
1320 553 1442 597 tuas
1469 540 1631 594 variis
1670 536 1840 591 modis
1860 532 2142 601 dispenso;

559 652 659 708 ego
678 652 818 701 smn,
844 636 933 706 qui
962 643 1016 689 te
1043 649 1073 689 e
1103 634 1264 689 domo
1290 643 1376 688 tua
1402 630 1637 695 evocavi,
1662 637 1718 683 et
1745 626 1846 681 huc
1872 624 2034 687 duxi;
2062 623 2148 691 qui

561 728 705 786 ωιιυί
752 738 995 797 tempore
1037 734 1398 796 propugnator
1440 731 1560 777 tuus
1602 734 1742 782 sum,
1788 728 1843 772 et
1881 715 1970 786 qui
2005 722 2056 768 te
2083 713 2153 768 de

560 817 788 874 inimicis
816 818 1073 873 victorem
1104 814 1282 882 effeci,
1312 829 1413 885 ego
1446 828 1597 878 sum;
1622 820 1679 866 et
1704 824 1808 863 non
1854 807 1989 862 dixit
2025 805 2151 859 sim-

564 909 792 978 pliciter,
824 907 940 979 Ego
968 922 1090 963 sum
1141 907 1323 962 Deus:
1356 903 1473 968 sed,
1521 901 1633 972 Ego
1674 916 1786 956 sum
1834 897 1973 952 Deus
2015 906 2150 950 tuus.

568 997 700 1053 Vide
726 998 916 1052 miram
947 996 1256 1062 bonitatem,
1292 992 1558 1064 quomodo
1601 991 1705 1046 hoc
1742 989 1905 1044 etiam
1949 986 2153 1041 addita-

564 1100 747 1147 meuto
788 1105 1026 1144 amorem
1072 1103 1225 1143 suum
1274 1102 1395 1157 erga
1438 1084 1640 1155 justum
1681 1082 1996 1137 declaravit.
2023 1079 2155 1133 Nam

563 1184 656 1254 qui
686 1185 845 1238 totius
872 1181 1050 1235 tmuuli
1072 1191 1153 1234 cst
1185 1181 1341 1245 Deus,
1364 1187 1417 1232 et
1440 1175 1674 1231 universi
1699 1172 1912 1244 Opifex,
1934 1170 2156 1225 Greater

564 1276 679 1331 creti
706 1284 764 1331 et
791 1285 965 1337 terrm,
994 1273 1120 1326 dicit
1149 1290 1163 1326 :
1192 1268 1306 1340 Ego
1344 1286 1456 1323 sum
1481 1266 1618 1321 Deus
1645 1276 1780 1320 tuus.
1816 1264 2003 1335 lugens
2035 1276 2156 1331 pro-

566 1368 704 1421 fecto
751 1365 943 1431 honor,
971 1363 1059 1433 qui
1102 1363 1249 1432 justo
1277 1360 1546 1416 tribuitur.
1570 1357 1663 1414 Sic
1689 1366 1744 1413 et
1772 1354 2045 1427 prophetis
2074 1352 2155 1406 lo.

564 1459 653 1529 qui
676 1471 794 1512 mos
820 1464 921 1512 est.
944 1454 1075 1510 Nam
1106 1455 1245 1510 sicut
1286 1455 1400 1523 ipse
1434 1466 1594 1519 nunc,
1623 1464 1744 1504 cum
1789 1448 1859 1503 sit
1904 1448 2158 1502 Dominus

563 1547 864 1602 eonunnuis
911 1545 1172 1611 omnium,
1204 1558 1233 1597 a
1262 1558 1418 1598 servo
1454 1551 1509 1597 ut
1547 1538 1828 1613 peculiaris
1853 1536 2033 1593 vocari
2060 1549 2156 1591 vo-

563 1640 682 1705 luit,
709 1639 1042 1694 inveniemus
1067 1636 1227 1692 etiam
1253 1651 1375 1691 cum
1406 1643 1529 1706 post
1572 1633 1688 1687 lucc
1728 1630 2016 1692 dicentem,
2050 1626 2159 1698 Ego

566 1750 677 1788 sum
709 1731 842 1785 Deus
875 1728 1149 1794 Abraham,
1190 1728 1324 1782 Deus
1355 1725 1524 1791 Isaac,
1543 1734 1587 1780 et
1609 1724 1744 1778 Deus
1768 1721 1931 1777 Iacob
1963 1720 2156 1793 (fixed.

567 1825 622 1880 5.
668 1823 724 1893 6)
755 1839 769 1876 :
795 1824 864 1876 ita
896 1830 952 1877 et
993 1819 1266 1890 propheta:
1310 1818 1969 1879 dicereconsueverunt,
2024 1810 2173 1881 Deus,

570 1915 706 1969 Deus
746 1930 884 1967 meus
910 1927 931 1967 :
960 1926 1063 1966 non
1110 1909 1496 1965 concludentes
1540 1907 1656 1978 ejus
1700 1904 1994 1961 dominium
2019 1942 2034 1966 ,
2065 1901 2160 1956 sed

565 2022 802 2063 amorem
835 2006 1154 2059 inuuensum
1204 2000 1557 2057 declarantes.
1601 1997 1718 2053 Non
1762 1996 1920 2068 igitur
1964 1994 2159 2049 mirum

566 2101 610 2154 si
644 2099 885 2153 homines
915 2096 1017 2152 hoc
1040 2094 1263 2161 faei:mt;
1296 2093 1391 2149 sed
1430 2092 1573 2163 quod
1604 2092 1718 2163 ipse
1746 2105 1871 2161 erga
1916 2086 2163 2142 homines

567 2192 618 2247 id
650 2192 823 2257 faciat,
849 2190 899 2246 id
930 2205 1055 2246 vero
1101 2204 1293 2244 novum
1322 2196 1475 2243 estet
1504 2185 1765 2241 mirabile.
1796 2181 2060 2239 Caeterum
2092 2194 2160 2234 ne

569 2284 845 2345 miremur,
869 2281 1071 2346 dilecti,
1089 2280 1183 2335 sed
1209 2279 1487 2333 audiamus
1510 2275 1819 2346 prophetam
1851 2273 2159 2328 dicentem:

571 2376 754 2431 Melior
781 2384 853 2429 est
894 2391 1026 2429 unus
1071 2374 1264 2446 faciens
1307 2372 1615 2426 voluntatem
1648 2366 1877 2431 Domini,
1905 2382 2057 2435 quam
2084 2364 2163 2418 in-

568 2466 761 2520 numeri
809 2474 1096 2536 peccatores
1117 2462 1299 2535 (Eccli.
1330 2460 1416 2516 16.
1445 2461 1500 2531 5)
1525 2477 1540 2527 ;
1563 2468 1617 2514 et
1647 2458 1838 2512 iterum
1884 2456 2162 2510 audiamus

571 2561 791 2617 Paulum
832 2559 1095 2615 dicentem
1124 2575 1138 2612 :
1171 2555 1625 2610 Obambulaoerunt
1656 2553 1710 2605 in
1731 2549 1944 2612 melotis,
1965 2549 2020 2603 in
2049 2547 2164 2619 pel-

572 2652 705 2705 libus
734 2651 979 2722 caprinis,
1000 2658 1219 2721 egentes,
1253 2646 1541 2718 angustiati,
1563 2644 1759 2717 afﬂicti,
1782 2643 1961 2715 quibus
1980 2641 2163 2712 dignus

569 2760 668 2796 non
694 2755 802 2796 erat
832 2740 1051 2795 mundus
1072 2738 1254 2811 (Hebr.
1284 2739 1371 2794 Η.
1395 2738 1485 2793 '57.
1507 2735 1619 2808 58).
1653 2735 1738 2791 Sir
1768 2733 2022 2804 propheta
2048 2732 2166 2803 qui-

568 2836 691 2891 dem
720 2835 1051 2906 pronuntiat,
1082 2848 1243 2887 unum
1272 2830 1358 2901 qui
1393 2829 1518 2884 facit
1569 2827 1896 2881 voluntatem
1926 2822 2159 2890 Domini,

573 2928 751 2997 impiis
782 2926 1076 2981 innumeris
1118 2925 1415 2980 meliorem.
1440 2921 1633 2977 Beatus
1664 2934 1791 2975 vero
1820 2918 2033 2982 Paulus,
2061 2915 2161 2971 do-

568 3028 687 3074 ctor
732 3018 899 3084 orbis,
947 3031 1250 3073 memorans
1293 3015 1463 3071 bonos
1491 3026 1678 3067 omnes
1706 3009 1761 3065 in
1789 3006 2165 3065 afflictionibus

571 3109 656 3164 hic
682 3116 923 3180 agentes,
952 3107 1122 3179 inquit
1151 3128 1165 3163 :
1198 3106 1387 3174 Quibus
1408 3105 1592 3176 dignus
1629 3118 1731 3157 non
1778 3111 1885 3156 erat
1922 3102 2161 3154 mundus.

571 3200 646 3257 Ita
694 3216 817 3257 cum
863 3200 1095 3255 dixisset
1138 3207 1307 3255 totum
1353 3196 1641 3264 mundum,
1682 3194 1883 3250 mundo
1920 3193 2166 3265 opposuit

570 3308 665 3348 eos
702 3293 790 3363 qui
820 3291 907 3348 hic
937 3300 1197 3348 vexantur
1221 3302 1275 3347 et
1303 3289 1631 3362 afﬂiguntur,
1662 3297 1719 3343 ut
1746 3285 1924 3343 discas
1967 3294 2165 3358 quanta

571 3385 639 3439 sit
680 3384 891 3440 virtutis
932 3383 1259 3455 magnitudo.
1306 3382 1561 3452 Atqueca
1591 3381 1660 3436 de
1706 3394 1865 3435 causa
1908 3378 2167 3434 Dominus

573 3477 718 3533 Deus
764 3477 934 3549 inquit
979 3474 1045 3532 ad
1094 3475 1448 3547 patriarcham
1482 3491 1495 3528 :
1530 3472 1639 3545 Ego
1678 3489 1790 3527 sum
1826 3470 1967 3527 Deus
2007 3479 2122 3524 tuus
2149 3511 2165 3538 ,

573 3571 716 3638 place
752 3585 925 3623 coram
950 3584 1048 3632 me,
1079 3576 1125 3623 et
1148 3575 1253 3621 esto
1298 3562 1768 3637 irrepreltensibilis.
1796 3561 1982 3632 Neque
2023 3562 2167 3616 enim

569 3670 914 3718 contemnam
941 3669 1046 3715 tua:
1092 3659 1303 3715 virtutis
1349 3657 1593 3723 sndores,
1623 3656 1718 3711 sed
1764 3653 1965 3709 Ponant
2013 3663 2168 3708 testa-

573 3762 797 3805 mentum
836 3766 1001 3804 meum
1044 3751 1172 3804 inter
1210 3765 1290 3802 me
1329 3757 1374 3802 et
1414 3749 1545 3802 inter
1590 3757 1657 3814 te,
1680 3757 1725 3801 et
1757 3745 2103 3814 multiplicabo
2124 3754 2172 3799 te

574 3842 740 3896 valde.
769 3840 885 3896 Non
918 3848 1119 3896 tantum
1143 3838 1330 3893 faciant
1354 3845 1406 3892 te
1426 3838 1478 3891 in
1502 3835 1893 3890 multitudinem
1924 3848 2169 3905 magnam

574 3946 837 3999 crescere,
867 3931 962 3988 sed
1014 3930 1196 3999 Valde,
1241 3929 1519 3985 declarans
1561 3927 1949 3982 incrementum
2003 3926 2169 3996 piari-

577 4039 743 4076 mum.
792 4021 944 4090 Quod
989 4036 1148 4092 supra
1190 4018 1541 4084 memorabat,
1589 4033 1710 4073 cum
1753 4016 1977 4084 diceret,
2022 4016 2172 4073 Sicut

568 4129 792 4189 arenam
813 4124 866 4168 et
886 4112 1067 4168 stellas
1097 4130 1109 4168 :
1137 4111 1186 4166 id
1211 4111 1298 4166 hic
1324 4126 1418 4181 per
1441 4108 1772 4175 adverbium,
1800 4106 1982 4176 Valde,
2005 4106 2171 4178 signi-

581 4207 774 4264 ficavit.
804 4206 873 4260 At
914 4213 1098 4275 gratus
1122 4212 1176 4259 et
1207 4202 1486 4274 religiosus
1534 4202 1782 4269 famulus,
1830 4201 2016 4259 videns
2056 4209 2174 4256 tan-

579 4308 686 4354 tam
721 4299 812 4353 Dei
842 4297 1225 4368 indulgentiam
1251 4304 1306 4351 et
1331 4310 1457 4366 erga
1499 4292 1756 4349 famulum
1784 4307 1937 4348 suum
1963 4308 2169 4360 curam,

580 4392 982 4460 obstupesccus,
1025 4390 1309 4459 animoque
1356 4402 1575 4442 versans
1611 4396 1669 4442 et
1712 4396 1954 4441 naturam
1998 4402 2170 4453 suam,

580 4494 637 4536 et
680 4482 970 4536 bonitatem
1020 4480 1442 4549 immensamque
1484 4479 1733 4533 virtutem
1782 4478 1898 4546 Dei,
1948 4476 2170 4541 Cecidit,

585 4570 776 4642 inquit,
803 4574 856 4624 in
889 4570 1070 4641 faciem
1113 4585 1257 4623 suam
1288 4577 1536 4639 :gratum
1580 4568 1815 4623 animum
1868 4571 1969 4624 hoc
2014 4567 2175 4623 modo

581 4664 882 4719 declarans.
917 4662 1031 4718 Non
1063 4660 1236 4716 solum
1263 4660 1405 4716 enim
1451 4674 1557 4715 non
1607 4670 1732 4715 tunc
1778 4659 1877 4715 fuit
1917 4675 2173 4732 arrogau~

588 4757 710 4822 tier,
754 4769 926 4825 neque
973 4751 1314 4824 superbiebat
1353 4761 1569 4821 propter
1613 4750 1851 4806 favorem
1883 4751 1979 4807 Dei
2017 4768 2174 4822 quem

582 4845 975 4917 experiebatur,
1022 4843 1118 4899 sed
1145 4852 1196 4898 et
1233 4843 1398 4898 multo
1442 4844 1610 4915 magis
1654 4841 2030 4898 humiliabatur
2060 4859 2075 4897 :
2112 4842 2178 4897 Et

578 4939 779 5004 cecidit,
822 4938 1010 5008 inquit,
1064 4936 1118 4991 in
1162 4936 1362 5008 faciem.
1411 4934 1487 4990 Ita
1529 4935 1672 4990 enim
1719 4945 1901 5005 gratus
1944 4934 2176 4998 animus,

578 5040 783 5105 quanto
805 5032 991 5102 majori
1014 5031 1204 5086 fruitur
1222 5028 1432 5095 fiducia,
1453 5036 1602 5084 tanta
1618 5028 1874 5105 majorem
1898 5029 2006 5084 Deo
2023 5044 2178 5085 reve-

581 5125 811 5181 rentiam
832 5123 1049 5179 exhibet
1079 5139 1093 5177 :
1124 5120 1315 5177 Cecidit
1336 5120 1499 5188 enim,
1523 5120 1715 5191 inquit,
1738 5121 1790 5173 in
1807 5104 1985 5192 faciem
2011 5137 2178 5176 sitant.

589 5219 655 5273 lit
681 5219 804 5289 quia
842 5225 961 5288 post
991 5212 1191 5271 tantam
1221 5214 1464 5269 fiduciam
1485 5215 1662 5284 justus
1693 5215 1927 5284 seipsum
1953 5223 2008 5269 et
2029 5224 2185 5270 natu-

587 5328 660 5366 ra:
682 5326 794 5365 sum
814 5308 1231 5364 imbecillitatem
1251 5304 1617 5371 considerans,
1635 5319 1807 5376 neque
1826 5303 2008 5360 oculos
2027 5303 2185 5359 attol-

591 5404 699 5458 lere
727 5401 975 5467 audcbat,
994 5398 1091 5456 sed
1112 5399 1164 5454 in
1189 5398 1376 5454 faciem
1407 5412 1605 5468 pronus
1633 5398 1853 5453 multam
1880 5397 2186 5453 declarabat

591 5494 941 5551 reverentiam
975 5513 990 5549 :
1020 5493 1144 5549 vide
1171 5493 1364 5548 iterum
1393 5492 1516 5547 boni
1547 5491 1642 5546 Dei
1670 5490 1993 5547 ineffabilem
2035 5492 2185 5547 beni-

589 5589 867 5659 gnitatem.
916 5587 1178 5659 Loquatus
1220 5596 1293 5641 est
1339 5586 1492 5653 enim,
1516 5584 1706 5656 inquit,
1732 5586 1777 5638 ei
1797 5583 1937 5639 Deus
1975 5584 2187 5638 dicens:

593 5679 646 5734 4.
687 5678 815 5733 Ecce
856 5696 945 5751 ego
969 5690 1015 5735 et
1041 5688 1388 5734 testamentum
1419 5695 1585 5733 meum
1622 5687 1806 5746 tecum,
1829 5688 1877 5732 et
1901 5677 2003 5732 eris
2045 5686 2188 5748 pater

581 5771 930 5827 multitudinis
959 5775 1206 5842 gentium,
1237 5771 1290 5826 5.
1313 5780 1359 5823 et
1389 5786 1489 5824 non
1533 5771 1793 5824 vocabitur
1828 5771 1963 5824 ultra
2009 5785 2189 5823 nomen

583 5878 732 5920 tuum
766 5864 975 5929 Abram,
997 5862 1085 5918 sed
1109 5865 1199 5918 erit
1226 5879 1404 5918 nomen
1451 5873 1592 5919 tuum
1640 5864 1892 5919 Abraham
1921 5863 2075 5934 :quia
2097 5880 2188 5933 pa-

1342 429 1401 484 S.
1443 420 1722 482 JOANNIS
1762 411 2235 477 CllRYSOS'l'OMl
2275 411 2590 467 ARClllEl‘.
2632 411 3165 470 CONSTANTINOP.

3727 421 3818 476 56l

2262 533 2384 578 trem
2425 529 2694 581 multarunt
2737 530 2958 599 gentium
2996 530 3235 584 constitui
3268 540 3334 596 te,
3376 530 3429 586 ϐ.
3472 532 3742 602 faciamque
3780 548 3821 590 te

2257 634 2477 673 crescere
2516 621 2663 674 ualde
2688 638 2707 675 ε
2732 630 2778 674 et
2822 639 3007 689 ponam
3053 632 3101 677 te
3136 625 3189 678 in
3231 633 3448 694 gentem,
3475 635 3519 679 et
3543 642 3677 697 reges
3705 644 3763 682 ιτ
3783 640 3823 683 te

2259 711 2597 780 egretiieutur.

2329 804 2385 858 5.
2405 802 2741 878 Etymologia.’
2778 808 3037 862 nominum
3076 808 3263 864 Abram
3322 819 3371 864 et
3417 809 3549 866 Noe.
3601 810 3823 881 [nfideles

2259 898 2407 952 etiam
2461 900 2783 969 prophetarit.
2813 930 2886 941 -—
2920 901 3213 957 Considera
3239 945 3255 970 ,
3305 904 3494 960 dilecte
3516 947 3532 970 ,
3576 908 3822 977 quomodo

2259 992 2438 1047 omnia
2456 992 2600 1061 justo
2622 992 2902 1048 manifeste
2931 994 3182 1063 prtedieat
3201 1037 3215 1061 ,
3245 1006 3300 1050 et
3329 1007 3385 1051 ut
3409 997 3692 1067 majoribus
3715 1015 3822 1054 eum

2260 1083 2590 1152 argumentis
2637 1093 2841 1138 certum
2885 1084 3107 1163 reddat,
3132 1088 3295 1141 etiam
3324 1087 3531 1143 literam
3569 1090 3712 1145 addit
3736 1106 3839 1145 no-.

2263 1175 2389 1228 mini
2415 1175 2532 1244 ejus
2552 1216 2566 1239 ,
2594 1185 2649 1231 et
2672 1176 2843 1245 inquit
2880 1194 2894 1230 :
2925 1174 3048 1231 Eris
3074 1187 3217 1248 pater
3245 1178 3581 1234 multitudinis
3603 1182 3820 1251 gentium.

2267 1264 2385 1319 Non
2412 1265 2669 1320 secabitur
2694 1267 2828 1320 ettim
2856 1283 3039 1322 nomen
3068 1276 3209 1321 tuum
3227 1268 3431 1334 Abram,
3458 1270 3546 1323 sed
3571 1270 3821 1339 Abraham,

2262 1357 2380 1426 quia
2405 1367 2597 1427 patrem
2627 1356 2902 1411 multarum
2938 1359 3159 1428 gentium
3188 1360 3426 1413 constitui
3462 1370 3526 1413 te.
3556 1360 3684 1415 Nam
3708 1362 3826 1417 sicut

2264 1450 2411 1518 prius
2454 1464 2648 1505 nomen
2679 1448 2794 1520 ejus
2819 1449 3098 1504 transitum
3141 1450 3406 1505 iudicabat
3432 1451 3662 1524 (Abram
3702 1453 3826 1508 enim

2267 1542 2607 1596 transitorem
2626 1551 2801 1608 sonat,
2820 1542 3113 1597 secundum
3134 1542 3480 1598 llebrzeorum
3500 1545 3725 1615 linguam
3742 1546 3826 1616 (a);

2264 1642 2319 1687 et
2372 1633 2472 1688 hoc
2518 1633 2809 1703 sciuntqui
2843 1634 3037 1705 lingum
3082 1634 3224 1690 illius
3253 1643 3378 1690 sunt
3420 1635 3634 1711 periti),
3676 1639 3830 1709 itaque

2268 1733 2516 1794 parentes
2535 1725 2651 1793 ejus
2679 1740 2871 1780 nomen
2902 1726 3003 1780 hoc
3027 1724 3350 1794 indiderant,
3371 1741 3438 1781 eo
3463 1728 3607 1798 quod
3633 1744 3661 1782 a
3684 1729 3829 1799 patria

2266 1832 2362 1872 sua
2410 1818 2461 1871 in
2511 1817 2870 1873 Chananmam
2920 1820 3243 1875 transiturus
3284 1831 3421 1878 erat.
3464 1820 3585 1876 Jam
3632 1821 3833 1878 fortasse

2265 1909 2460 1964 dixerit
2486 1909 2747 1980 quispiam
2777 1911 2949 1966 :Cum
2992 1920 3241 1981 parentes
3281 1912 3396 1981 ejus
3449 1913 3689 1969 infideles
3735 1913 3833 1968 fue-

2268 2003 2394 2070 rint,
2427 2001 2568 2057 unde
2592 2003 2692 2057 illis
2724 2003 3057 2071 prmscientia
3079 2002 3197 2058 haec
3219 2046 3234 2070 ,
3268 2014 3325 2059 ut
3352 2005 3492 2075 quod
3523 2005 3692 2060 multo
3717 2016 3833 2060 tem-

2270 2110 2398 2164 pore
2425 2105 2608 2164 [estea
2638 2095 2870 2148 futurum
2916 2107 3031 2149 erat
3051 2138 3064 2160 ,
3098 2096 3313 2151 nomine
3347 2096 3835 2166 centiplecterentur?

2269 2185 2375 2242 Sed
2407 2187 2670 2242 estctiam
2713 2186 2817 2243 hoc
2853 2188 3234 2259 omnipotentis
3265 2191 3539 2258 sapientia:
3581 2190 3669 2245 Dei
3699 2204 3834 2259 argu-

2270 2290 2531 2344 mentum,
2563 2294 2680 2347 qua:
2709 2292 3079 2349 smpenumero
3103 2296 3198 2350 per
3227 2280 3465 2334 infideles
3484 2279 3741 2350 ejusmodi
3766 2293 3838 2334 res

2269 2372 2542 2442 dispensat
2580 2390 2594 2426 :
2627 2380 2680 2426 et
2711 2373 2873 2426 multa
2900 2371 3094 2427 similia
3142 2374 3434 2427 invenimus
3469 2374 3634 2427 etiam
3665 2372 3714 2428 in
3738 2372 3838 2427 aliis

2272 2464 2427 2519 facta.
2450 2464 2640 2520 Statim
2666 2465 2808 2520 enim
2839 2464 3075 2521 occurrit
3104 2465 3257 2519 nobis
3278 2473 3331 2520 et
3360 2464 3473 2520 Noe
3501 2463 3836 2519 vocabulum:

2273 2572 2446 2627 neque
2475 2557 2619 2612 enim
2644 2558 2845 2629 absque
2870 2572 3028 2613 causa
3057 2566 3111 2613 et
3132 2557 3185 2612 in
3215 2572 3406 2612 vanum
3438 2558 3602 2612 etiam
3625 2557 3741 2612 huic
3759 2572 3840 2610 na-

2272 2665 2395 2705 men
2439 2649 2745 2705 iudiderunt
2786 2658 3070 2719 parentes,
3111 2649 3207 2704 sed
3249 2649 3641 2719 praesignarunt
3678 2649 3842 2702 subsc-

2271 2752 2558 2814 quuturum
2603 2743 2884 2799 diluvium.
2920 2742 3213 2797 Enimvero
3237 2752 3290 2797 et
3336 2750 3538 2811 patrem
3578 2741 3727 2810 hujus
3751 2753 3841 2794 non

2274 2838 2395 2895 ideo
2418 2852 2613 2892 nomen
2647 2849 2815 2906 puero
2855 2834 3142 2899 indidisse,
3170 2833 3313 2905 quod
3340 2834 3453 2905 ipse
3478 2833 3657 2904 justus
3684 2841 3840 2897 esset,

2272 2930 2394 2986 andi
2420 2931 2750 2999 Scriptor-am
2776 2926 3064 2994 dicentem,
3100 2926 3211 2981 Noe
3231 2926 3403 2982 solum
3434 2928 3709 2982 inventum
3740 2940 3844 2981 esse

2267 3023 2507 3093 justum,
2549 3020 2846 3093 perfectum
2901 3018 2952 3074 in
2991 3020 3351 3090 generatione
3377 3034 3472 3074 sua
3514 3018 3672 3091 (Gen.
3698 3020 3747 3073 6.
3773 3018 3840 3088 9).

2272 3115 2389 3171 Non
2438 3123 2616 3170 autem
2667 3112 2982 3168 obticuisset
3026 3111 3338 3182 Scriptura,
3386 3125 3561 3182 neque
3608 3112 3841 3175 dixisset,

2273 3209 2387 3267 Noe
2416 3211 2562 3265 solus
2584 3208 2761 3279 justus
2783 3215 2930 3271 erat,
2962 3207 3006 3260 si
3033 3214 3088 3261 et
3120 3204 3349 3260 Lamech
3373 3216 3522 3276 pater
3560 3204 3677 3275 ejus
3698 3204 3844 3260 virtu-

2275 3312 2381 3358 tem
2417 3301 2546 3373 justi
2590 3300 2780 3356 fuisset
2806 3298 3063 3354 imitatus.
3114 3297 3460 3368 lmpositurus
3498 3297 3676 3368 itaque
3704 3307 3845 3365 lu-ro

2277 3408 2493 3461 nomen,
2518 3391 2686 3463 inquit
2717 3408 2731 3445 :
2759 3389 2828 3444 Et
2856 3389 3115 3444 vocat-itur
3135 3404 3315 3442 nomen
3342 3389 3453 3458 ejus
3487 3385 3605 3441 Noe
3628 3402 3647 3451 ;
3675 3387 3752 3439 hic
3776 3388 3846 3456 fa-

2274 3489 2370 3541 ciet
2414 3501 2506 3540 nos
2548 3484 2805 3555 quiescere
2848 3480 2911 3535 ab
2942 3480 3174 3553 aperibus
3208 3479 3430 3546 nostris,
3472 3488 3517 3533 et
3558 3496 3593 3531 a
3634 3474 3847 3531 molestiis

2276 3596 2516 3634 manuum
2538 3587 2826 3633 nostrarum
2844 3617 2858 3641 ,
2885 3586 2931 3629 et
2955 3591 2989 3629 a
3030 3583 3163 3630 terra
3184 3616 3199 3640 ,
3222 3590 3372 3645 quam
3401 3573 3667 3627 maledixit
3694 3568 3846 3625 Bomi-

2279 3689 2376 3727 nus
2406 3671 2541 3726 Deus
2572 3668 2724 3742 (Gen.
2757 3669 2812 3725 5.
2840 3666 2958 3738 29).
2983 3665 3134 3722 Unde
3163 3665 3270 3731 illi,
3303 3678 3515 3735 quaeso,
3558 3670 3700 3720 esset
3727 3677 3847 3731 pne-

2277 3765 2501 3820 scientia
2544 3778 2730 3820 eorum
2759 3777 2878 3833 qum
2904 3768 3025 3831 post
3064 3767 3143 3813 tot
3168 3757 3364 3813 smenla
3400 3766 3550 3812 erant
3578 3751 3846 3812 eventural

2280 3858 2417 3912 Dicit
2462 3856 2651 3912 enim:
2693 3853 2995 3916 Vocabitur,
3044 3847 3247 3920 inquit,
3300 3846 3450 3914 Noe;
3479 3847 3561 3901 Itic
3604 3848 3728 3901 enim
3771 3857 3847 3896 nos

2277 3951 2528 4022 quiescere
2545 3949 2716 4019 faciet.
2746 3947 2950 4002 Nomen
2981 3952 3158 3999 autem
3183 3942 3295 3997 Noe
3324 3941 3501 4012 lingua
3527 3940 3846 3997 Hebraeorum

2278 4044 2430 4115 quies
2460 4043 2675 4098 dicitur.
2712 4039 2893 4110 Itaque
2917 4037 3040 4108 quia
3061 4077 3075 4101 ,
3106 4036 3383 4104 ingruente
3411 4032 3613 4088 diluvio
3631 4073 3646 4099 ,
3677 4030 3757 4085 hic
3774 4040 3846 4083 so-

2282 4138 2365 4191 lus
2412 4133 2671 4191 mundum
2705 4140 3043 4195 servaturos,
3072 4135 3126 4184 et
3162 4125 3473 4197 posterioris
3510 4118 3846 4195 generationis

2281 4229 2490 4284 futurus
2513 4236 2699 4282 auctor
2726 4233 2872 4291 erat,
2904 4222 3102 4278 idcirco
3127 4218 3301 4290 inquit
3325 4259 3340 4283 ,
3367 4216 3469 4271 Hic
3495 4217 3648 4287 faciet
3674 4231 3759 4270 nos
3781 4227 3849 4267 rc-

2279 4322 2531 4393 quiescere
2557 4335 2576 4374 :
2596 4317 2834 4389 requiem
2855 4314 3111 4371 diluvium
3138 4326 3354 4367 vocans.
3381 4309 3514 4365 Nam
3539 4321 3747 4365 omnem
3767 4314 3850 4359 ter-

2283 4427 2398 4469 ram
2427 4411 2579 4481 quasi
2611 4408 2885 4479 fatigatam
2928 4415 2984 4464 et
3031 4403 3438 4461 inhabitantium
3484 4400 3684 4456 malitia
3713 4393 3849 4452 valde

2283 4506 2604 4562 deteriorem
2673 4504 2863 4559 factam
2923 4499 3311 4570 superveniens
3358 4494 3541 4550 diluvii
3613 4502 3848 4564 aquarum

2284 4598 2615 4666 inundantia,
2643 4612 2763 4668 qua:
2785 4596 2944 4651 linem
2990 4593 3206 4648 malitite
3232 4590 3492 4646 malorum
3523 4589 3739 4642 istorum
3763 4581 3850 4637 lio-

2284 4693 2487 4748 minum
2520 4689 2773 4753 faciebat,
2802 4696 2859 4744 et
2884 4695 3082 4742 terram
3118 4682 3426 4754 repurgavit
3444 4722 3458 4748 ,
3481 4694 3639 4750 quam
3667 4672 3852 4732 inhabio

2285 4787 2510 4840 tantium
2537 4783 2735 4838 malitia
2759 4779 3087 4836 immundam
3116 4778 3350 4842 fecerat,
3380 4783 3438 4830 et
3456 4773 3578 4829 illos
3608 4765 3853 4843 puniendo

2286 4877 2341 4931 in
2371 4877 2602 4947 quietem
2643 4872 2870 4929 induxit.
2903 4870 3045 4925 Mors
3064 4869 3207 4924 enim
3226 4909 3241 4935 ,
3271 4875 3330 4921 ut
3348 4865 3521 4936 inquit
3547 4863 3656 4930 ille,
3682 4858 3853 4928 requies

2286 4970 2394 5023 viro
2419 4965 2539 5039 (Job
2569 4966 2623 5021 5.
2650 4964 2742 5020 25.
2771 4961 2909 5035 apud
2930 4959 3077 5032 ιιι).
3100 4959 3286 5014 Vidisti
3303 4956 3570 5028 quomodo
3591 4954 3745 5010 etiam
3772 4961 3855 5019 per

2290 5061 2592 5120 incredulos
2622 5059 2790 5115 multa
2812 5073 2956 5128 smpe
3000 5052 3397 5127 prarsignilicari
3442 5047 3634 5106 curat?
3672 5042 3852 5102 Eodem

2352 5220 2425 5283 (α)
2455 5215 2905 5283 nebraice__doctus
2937 5228 3033 5264 non
3073 5216 3180 5283 erat
3216 5208 3575 5283 Chrysostgmus
3595 5195 3856 5283 quibi-etii

2292 5271 2628 5346 etymologiam
2653 5277 2862 5328 ediderit
2894 5291 2906 5326 :
2934 5290 3032 5325 non
3055 5275 3186 5324 enim
3211 5285 3238 5346 a
3262 5271 3401 5328 voce,
3424 5274 3548 5328 ny,
3588 5272 3753 5346 fronti

2292 5333 2427 5411 meo,
2449 5333 2627 5409 Binet,
2650 5349 2760 5398 duci
2800 5352 2988 5411 potest;
3013 5342 3378 5409 cognominatus
3401 5349 3564 5390 tamen
3586 5337 3672 5388 fuit
3707 5333 3859 5383 Abram

2291 5432 2434 5494 ma,
2457 5445 2603 5496 quam
2625 5442 2795 5480 vocem
2819 5427 2900 5496 alii
2936 5427 3211 5496 latebrteum,
3236 5424 3317 5496 alii
3338 5416 3858 5496 transit-oretn‘vzerttt‘ttt.

2291 5478 2678 5559 ςίὲἑὼῖᾎ..
2696 5478 2813 5559 liful
2842 5490 3073 5559 pluribus
3096 5478 3405 5559 tractavimus
3429 5485 3482 5559 in
3506 5478 3858 5559 tlexaplfﬁmp;

2693 5536 2901 5614 limulii—
2912 5536 3234 5616 plurimomm
3248 5547 3519 5616 seuteutias
3541 5536 3860 5616 minuatur“?

2298 5605 2647 5694 armies
2660 5605 3055 5694 βεγιίοιὲξχίὲξιίὶίὲ.
3068 5605 3857 5694 ίὲίίὲἒὲκίυξνέ,τὲε¹ἷεὲίῖ⁵ἑξ³ῌ¹ἐῗρ⁸⁰.⁴ἐξ

2297 5660 3060 5749 δῆιέενῆἓζξδῦάῖξῖῖνὲἷξῇίὲέι
3078 5660 3097 5723 7:
3124 5660 3221 5723 uon
3268 5660 3494 5749 Perinde-
3519 5660 3858 5749 l'w‘fbilf..ﬁ

2298 5718 3859 5810 33363335755515“miscenti”?'étt'résukffﬁt'l‘

2298 5792 2684 5862 ὦὶῖάὶιῖλνὶιίπί,
2704 5804 2754 5851 in
2777 5815 2875 5865 quo
2896 5800 3083 5865 mortui
3096 5804 3210 5865 sunt
3230 5808 3400 5865 quinos
3418 5792 3648 5850 homines,
3672 5792 3775 5851 quia
3796 5792 3858 5829 Vt-

2300 5858 2481 5920 delicet
2503 5878 2635 5917 mors
2657 5858 2735 5916 est
2750 5858 2893 5928 quies
2909 5862 3129 5913 hominis.
3149 5861 3220 5909 sic
3242 5858 3346 5908 ille.
