4060 6412
455 368 562 424 εϐῗὶ

452 487 596 558 άρχῃ
621 484 681 537 τὸ
719 482 888 552 ὄνομα
919 482 966 534 οί
997 483 1170 549 γονεῖς
1200 480 1468 546 ἐτίθεσαν,
1501 482 1559 548 ἐξ
1589 483 1763 554 ἀρχῆς
1786 483 1880 535 καὶ
1908 485 1971 536 ἐκ
1999 500 2131 553 προ-

449 575 646 640 οιμίων
669 569 977 640 δηλοῦντες,
1011 569 1093 621 ὅτι
1135 570 1480 639 μετανάστης
1501 569 1677 634 ἔσται,
1704 571 1797 624 καὶ
1832 572 2072 642 περάσας
2103 584 2128 610 ιι

451 659 541 712 τὸν
570 660 812 728 ποταμὸν
835 659 926 710 ἐπὶ
950 657 1048 728 τὴν
1071 657 1360 729 ἀλλοτρίαν
1381 657 1521 728 ἥξει.
1563 658 1714 711 Ἐπεὶ
1748 657 1948 724 τοίνυν,
1973 660 2129 731 φησὶ,

450 746 512 798 τὸ
564 747 663 816 μὲν
719 745 872 816 παρὰ
923 745 1035 798 τῶν
1078 745 1283 814 γονέων
1327 745 1576 798 ἐπιτεθέν
1616 745 1790 815 ὄνομα
1831 747 2009 800 ἐκεῖνό
2051 765 2132 800 σοι

453 835 768 905 προεμήνυε
806 833 869 886 τὸ
900 835 967 888 ἐκ
997 833 1106 886 τῶν
1135 835 1315 886 ἐκεῖσε
1344 832 1578 885 ἐνταῦθα
1600 832 1953 904 διαπεράσαι,
1977 833 2131 903 δέχου

452 922 545 974 καὶ
587 923 685 992 τὴν
720 921 816 975 τοῦ
852 921 1115 992 στοιχείου
1144 919 1484 991 προσθήκην,
1528 919 1616 972 ἴνα
1657 919 1836 992 μάθῃς
1868 921 1949 974 ὅτι
1975 921 2134 974 τοῦτό

453 1025 533 1060 σοι
573 1009 791 1078 μηνύει,
819 1009 902 1061 ὃτι
936 1007 1146 1061 πολλῶν
1190 1006 1358 1060 ἐθνῶν
1392 1007 1490 1077 ἔσῃ
1518 1009 1722 1079 πατήρ.
1755 1009 1868 1062 Καὶ
1894 1008 1996 1079 δρα
2034 1009 2134 1080 τήν

452 1097 738 1168 ἀκρίϐειαν
766 1095 873 1147 τῶν
904 1095 1184 1166 ῥημάτων.
1219 1095 1333 1148 Οὐκ
1366 1089 1507 1159 εἷπε,
1541 1096 1765 1149 Πάντων
1793 1095 1902 1149 τῶν
1937 1094 2133 1159 ἐθνῶν,

436 1182 610 1248 and,
645 1183 899 1237 Πολλῶν
919 1181 1129 1236 ἐθνῶν.
1173 1181 1390 1252 Ἐπειδὴ
1417 1183 1527 1253 7&9
1556 1177 1624 1253 ἦν
1653 1183 1781 1254 ἔθνη
1817 1183 1912 1236 καὶ
1946 1183 2129 1254 ἕτερα,

453 1274 596 1342 άπερ
631 1272 854 1342 ἔμελλεν
886 1270 1093 1324 ἐκεῖθεν
1116 1270 1400 1338 ἐξεῶσθαι,
1426 1273 1511 1324 ἵνα
1530 1271 1624 1325 τοῦ
1650 1272 1857 1326 δικαίου
1877 1272 1938 1325 τὸ
1960 1273 2132 1344 σπέρ-

455 1377 529 1429 μα
569 1359 785 1429 δέξηται
829 1360 927 1429 τὴν
972 1357 1357 1430 κληρονομίαν,
1389 1359 1478 1411 διὰ
1519 1359 1678 1412 τοῦτό
1715 1375 1870 1430 φησιο
1901 1359 2134 1428 Πατέρα

451 1447 698 1500 πολλῶν
732 1445 925 1500 ἐθνῶν
965 1446 1204 1502 τέθεικά
1244 1462 1338 1502 σε.
1374 1447 1545 1518 Εἰδὼς
1579 1465 1673 1500 σου
1711 1448 1811 1519 τῆς
1847 1448 2048 1519 ἀρετῆς
2074 1448 2135 1502 τὸ

454 1533 702 1603 μέγεθος,
735 1533 945 1587 πολλῶν
969 1534 1138 1588 ἐθνῶν
1163 1534 1486 1588 διδάσκαλόν
1515 1552 1576 1587 σε
1598 1536 2004 1605 ἀπεργάσομαι,
2034 1536 2133 1589 καὶ

450 1621 696 1685 ιιὺξανῶ
725 1636 800 1675 σε
842 1622 941 1676 καὶ
994 1621 1286 1690 πληθυνῶ
1324 1637 1408 1676 ισε
1436 1622 1706 1692 σφόδρα,
1743 1623 2000 1692 σφόδρα·
2031 1621 2132 1677 καὶ

451 1708 620 1776 θήσω
653 1723 728 1762 σε
756 1713 842 1774 είς
866 1711 1032 1776 ἔθνη,
1075 1709 1174 1762 καὶ
1202 1710 1482 1776 βασιλεῖς
1525 1711 1739 1765 ἐδτι-σοῦ
1775 1711 2134 1775 ἐξελεύσον-

451 1813 566 1850 ται.
599 1796 685 1868 Μὴ
709 1797 895 1860 ἁπλῶς
921 1796 1396 1868 παραδράμωμεν,
1427 1799 1720 1868 ἀγαπητοὶ,
1750 1799 1819 1850 τά
1841 1797 2130 1869 εἰρημένα.

454 1885 552 1938 Ἂν
580 1885 689 1956 7&9
731 1887 1074 1956 ἐννοήσωμεν
1108 1885 1202 1938 τοῦ
1245 1887 1582 1957 πατριάρχου
1627 1889 1726 1957 τὴν
1768 1887 2004 1959 ἡλικίαν,
2039 1889 2134 1942 καὶ

449 1974 532 2027 ὅτι
559 1975 616 2026 ἐν
639 1974 853 2044 ἐσχάτῳ
877 1977 1024 2045 γήρᾳ
1053 1974 1226 2028 ταῦτα
1263 1975 1516 2045 ῆκουσεν,
1547 1975 2003 2046 ἐκπλαγησόμεθα
2031 1977 2133 2047 τήν

449 2080 508 2115 τε
535 2063 628 2117 τοῦ
657 2065 869 2118 δικαίου
905 2065 1110 2130 πίστιν,
1151 2066 1244 2118 καὶ
1276 2065 1658 2136 φιλανθρώπου
1687 2065 1821 2119 Θεοῦ
1844 2065 1942 2137 τὴν
1967 2065 2134 2136 ὑπερ-

451 2150 753 2204 ϐάλλουσαν
789 2151 1040 2223 δύναμιν,
1077 2153 1160 2205 ὅτι
1193 2152 1254 2216 ἐξ
1291 2151 1580 2224 ἀνθρώπου
1615 2152 1799 2207 λοιπὸν
1826 2152 2131 2224 νεκρωθέν-

449 2254 562 2301 τος,
612 2238 689 2300 ὡς
731 2241 925 2300 εἰπεῖν,
965 2240 1060 2292 καὶ
1103 2241 1171 2292 τά
1224 2239 1362 2312 μέλη
1404 2240 1818 2311 διαλελυμένον,
1869 2242 1963 2294 καὶ
2011 2239 2132 2293 καθ’

449 2325 689 2397 ἑκάστην
700 2327 732 2396 η
743 2327 807 2396 μέ
817 2344 916 2397 ραν
934 2328 1034 2398 τὴν
1052 2327 1305 2398 τελευτὴν
1321 2327 1748 2398 φανταζομένου,
1775 2329 1867 2381 ἐπὶ
1880 2327 2132 2381 τοσοῦτον

426 2412 778 2478 αὐξάνεσθαι
802 2414 863 2466 τὸ
904 2416 1124 2486 σπέρμα
1152 2417 1446 2485 ἐσήμανεν,
1467 2417 1543 2479 ὼς
1577 2417 1672 2470 καὶ
1710 2417 1790 2480 εἰς
1816 2417 1943 2487 ἐθνη
1963 2415 2132 2468 πολλά

455 2500 800 2570 γενήσεσθαιο
846 2501 940 2553 καὶ⁵
974 2502 1036 2552 οὑ
1083 2500 1244 2553 τοῦτο
1279 2501 1459 2571 μόνον,
1499 2501 1634 2554 ἀλλά
1676 2504 1781 2555 Καὶ
1812 2502 2130 2567 βασιλεῖς,

451 2587 638 2657 φησὶν,
687 2588 755 2641 ἐκ
792 2586 910 2640 σοῦ
953 2588 1402 2652 ἐξελεύσονται.
1439 2585 1590 2652 Εἶδες
1621 2590 1869 2644 ἐπίτασιν
1903 2594 2134 2664 ἐπαγγεο

449 2673 570 2736 λίας
585 2691 599 2738 ;
613 2675 867 2740 Αὐξανῶ
880 2693 972 2740 σε,
991 2677 1144 2746 φησὶ,
1163 2676 1419 2744 σφόδρα,
1434 2678 1689 2746 σφόδρα.
1712 2679 1821 2748 Οὐχ
1839 2680 2025 2745 ἁπλῶς
2040 2683 2131 2737 τὸν

448 2761 849 2834 διπλασιασμὸν
875 2763 1327 2836 ἐπέθηκεν,μ-001
1347 2764 1460 2818 ἀλλ’
1481 2767 1566 2818 ἵνα
1599 2765 1819 2838 σημάνῃ
1847 2767 1924 2839 τῷ
1939 2768 2132 2841 δικαίῳ

447 2849 542 2903 τοῦ
581 2850 822 2920 πλήθους
860 2850 958 2922 τὴν
1008 2851 1333 2923 ὑπερϐολήν.
1376 2853 1596 2924 Ἐπειδὴ
1629 2853 1738 2924 7&9
1781 2855 1870 2908 διὰ
1907 2856 2006 2926 τῆς
2037 2858 2131 2911 τοῦ

452 2939 719 3008 στοιχείου
749 2939 1086 3011 προσθήκης,
1121 2939 1373 3012 καθάπερ
1399 2943 1456 2994 ἐν
1486 2942 1656 3014 στήλῃ
1685 2945 1820 3006 τινἰ,
1854 2944 2132 3011 ἀνεξάλει-

449 3041 585 3079 πτον
614 3026 763 3097 αὐτῷ
801 3027 898 3097 τῆς
937 3027 1284 3097 ὑποσχέσεως
1315 3028 1415 3098 τὴν
1455 3028 1789 3097 ἐπαγγελίαν
1827 3032 2128 3103 ἐπέγραψε,

449 3113 616 3166 πάλιν
648 3116 802 3184 φησί’
839 3115 949 3168 Kal
977 3115 1186 3182 στήσω
1206 3114 1324 3183 τὴν
1350 3115 1647 3186 διαθήκην
1658 3135 1777 3186 μου
1800 3119 1917 3172 ἀνα
1937 3120 2133 3188 μέσον

447 3200 587 3267 σοῦ,
618 3201 720 3255 καὶ
753 3201 870 3256 ἀνὰ
889 3203 1086 3272 μέσον
1107 3202 1214 3257 τοῦ
1245 3204 1588 3273 σπέρματός
1611 3220 1728 3259 σου
1749 3207 1903 3274 μετὰ
1941 3209 2018 3261 σὲ
2045 3211 2132 3276 εὶς

448 3290 552 3356 τὰς
584 3291 794 3360 γενεὰς
827 3291 1050 3355 αὐτῶν,
1085 3293 1173 3358 εὶς
1201 3291 1496 3360 διαθήκην
1525 3292 1788 3356 αἰώνιον,
1820 3291 1979 3351 εἷναί
2013 3314 2131 3352 σου

450 3379 616 3442 Θεός.
654 3379 730 3431 Ού
765 3379 924 3449 μόνον
956 3380 1086 3451 περὶ
1118 3379 1198 3441 σέ,
1232 3379 1388 3450 φησὶ,
1421 3379 1623 3450 πολλὴν
1657 3381 1996 3453 ἐπιδείξομαι
2035 3384 2132 3456 τὴν

447 3467 798 3538 κηδεμονίαν,
838 3468 975 3522 ἀλλά
1013 3470 1107 3522 καὶ
1146 3471 1226 3533 εἰς
1258 3469 1328 3522 -τὸ
1363 3469 1584 3542 σπέρμα
1615 3471 1678 3524 τὸ
1712 3470 1822 3537 σὸν,
1869 3473 1962 3526 καὶ
1993 3475 2132 3544 μετὰ

447 3556 546 3626 τὴν
592 3556 690 3626 σὴν
724 3555 917 3620 ἔξοδον.
951 3557 1092 3629 Ὅρα
1141 3556 1260 3619 πῶς
1313 3557 1616 3613 άνακτᾶται
1655 3559 1750 3613 τοῦ
1791 3559 2000 3615 δικαίου
2033 3563 2132 3632 τὴν

449 3641 625 3712 ψυχὴν
653 3642 1078 3713 ὑπισχνούμενος
1116 3643 1286 3713 αὑτῷ.
1319 3645 1401 3696 ὅτι
1439 3646 1532 3698 καὶ
1554 3644 1631 3716 τῷ
1665 3647 1939 3720 σπέρματι
1965 3648 2131 3702 αὐτοῦ

451 3728 651 3798 πολλὴν
695 3728 923 3798 παρέξει
959 3728 1058 3799 τὴν
1095 3729 1371 3797 πρόνοιαν.
1409 3732 1520 3784 Καὶ
1561 3731 1642 3795 τίς
1679 3734 1726 3802 ’ἡ
1760 3733 1992 3804 δύναμις
2031 3735 2132 3804 τῆς

445 3815 745 3886 διαθήκης;
799 3816 983 3870 ’Ὥστε
1038 3813 1195 3871 εἷναί
1247 3833 1366 3873 σου
1430 3821 1594 3886 Θεὸς,
1654 3823 1806 3891 φησὶ,
1867 3823 1966 3876 καὶ
2023 3825 2131 3877 τοῦ

449 3905 794 3974 σπέρματός
818 3922 941 3958 σου
979 3905 1131 3975 μετὰ
1162 3907 1259 3961 σέ.
1291 3908 1460 3962 Τοῦτο
1495 3909 1604 3980 γάρ
1643 3927 1724 3963 σοι
1757 3911 1909 3964 ἐσται
1953 3912 2015 3964 τὸ
2041 3929 2133 3965 κε-

451 3992 679 4060 φάλαιον
703 3993 810 4046 τῶν
832 3994 1073 4063 ἀγαθῶν,
1109 3995 1192 4048 σοί
1223 4013 1284 4049 τε
1316 3997 1410 4050 καὶ
1443 3998 1521 4068 τῷ
1555 3998 1832 4070 σπέρματί
1863 4017 1977 4054 σου.
2021 4001 2129 4055 Kal

449 4080 622 4134 δώσω
661 4081 759 4136 σοὶ
795 4083 893 4136 καὶ
935 4082 1017 4148 τῷ
1063 4084 1360 4154 σπέρματί
1405 4100 1524 4140 σου
1556 4087 1706 4156 μετὰ
1740 4087 1817 4139 σὲ
1849 4087 1962 4155 τὴν
1991 4087 2128 4158 γῆν,

451 4167 530 4236 ἢν
551 4170 875 4238 παροικεῖς,
910 4169 1120 4226 πᾶσαν
1143 4171 1260 4240 τὴν
1292 4173 1409 4243 γῆν
1433 4174 1700 4242 Χαναὰν,
1727 4177 1815 4241 εὶς
1841 4175 2133 4246 κατάσχε-

447 4273 554 4310 σιν
584 4258 860 4312 ,αἰώνιονο
908 4259 1006 4312 καὶ
1052 4260 1196 4326 Θεὸς
1245 4260 1461 4329 ἔσομαι
1499 4263 1716 4318 αὐτῶν.
1759 4264 1858 4318 Διά
1893 4265 1992 4336 τὴν
2031 4265 2130 4336 σὴν

450 4346 650 4417 ἀρετὴν
683 4347 776 4399 καὶ
812 4347 862 4398 οί
887 4345 1095 4415 ἔκγονοι
1117 4349 1167 4401 οί
1191 4348 1272 4401 σοὶ
1302 4350 1668 4404 ἀπολαύσουσι
1695 4351 1794 4422 τῆς
1827 4352 1966 4423 ἐμῆς
1993 4369 2130 4424 προ-

451 4432 618 4496 νοίας,
649 4433 746 4485 καὶ
779 4431 936 4484 δώσω
963 4433 1148 4497 αὑτοῖς
1174 4436 1255 4497 εἰς
1283 4437 1608 4507 κατάσχεσιν
1648 4437 1866 4492 αἰώνιον
1895 4437 1993 4510 τὴν
2026 4440 2129 4510 γῆν

451 4521 693 4583 Χαναὰν,
723 4521 830 4574 Kal
866 4521 1080 4589 ἔσομαι
1107 4521 1307 4576 αὐτῶν
1338 4526 1482 4590 Θεός
1505 4525 1554 4578 ι).
1586 4525 1653 4578 Τί
1687 4528 1821 4589 ἐστι,
1856 4527 1960 4580 Kal
1990 4527 2129 4582 ἔσο-

444 4622 551 4677 μαι
601 4606 801 4660 αὐτῶν
832 4607 1009 4672 Θεός;
1049 4607 1195 4660 Ἀντὶ
1242 4609 1361 4674 τοῦ,
1397 4611 1606 4683 Πολλὴν
1647 4613 1988 4683 ἐπιδείξομαι
2031 4615 2127 4684 τὴν

449 4695 796 4767 κηδεμονίαν,
824 4695 1025 4767 πολλὴν
1053 4696 1154 4768 τὴν
1189 4697 1469 4768 πρόνοιαν,
1498 4700 1555 4752 ἐν
1583 4700 1786 4753 ἅπασιν
1815 4701 2000 4764 αὐτοῖς
2031 4703 2128 4771 τὴν

450 4784 581 4854 παρ’
611 4784 746 4853 ἐμοῦ
771 4785 1090 4855 συμμαχίαν
1111 4785 1437 4857 παρέξομαι·
1477 4787 1638 4856 μόνον
1669 4787 1754 4841 Σὺ
1776 4787 1893 4856 τὴν
1923 4789 2129 4858 διαθή-

448 4888 564 4925 κην
597 4891 717 4941 μου
754 4871 1145 4942 διατήρησον,
1184 4875 1265 4928 σὺ
1300 4875 1398 4928 καὶ
1441 4874 1508 4928 τὸ
1547 4875 1784 4946 σπέρμα
1827 4892 1945 4931 σου
1977 4878 2128 4946 μετὰ

448 4958 524 5012 σὲ
553 4962 641 5025 είς
673 4961 782 5027 τὰς
824 4963 1035 5030 γενεὰς
1077 4962 1296 5018 αὐτῶν.
1345 4964 1511 5017 Ούδέν
1564 4965 1752 5036 ἕτερον
1810 4966 1939 5038 παρ’
1972 4966 2127 5037 ὑμῶν

448 5048 710 5118 ἐπιζητῶ,
752 5048 786 5119 ἢ
822 5049 921 5120 τὴν
951 5051 1198 5121 ὑπακοὴν
1241 5051 1338 5103 καὶ
1373 5052 1471 5122 τὴν
1498 5052 1937 5125 εὐγνωμοσύνην,
1971 5054 2128 5124 κάγὼ

447 5137 627 5190 πάντα
652 5137 795 5207 άπερ
835 5137 1152 5210 ὑπεσχόμην
1185 5140 1266 5201 εἰς
1298 5137 1458 5208 ἔργον
1492 5140 1626 5205 ἄξω.

515 5225 578 5280 δ’.
599 5221 730 5278 Εἶτα
755 5224 938 5278 λοιπὸν
957 5225 1278 5296 βουλόμενος
1303 5227 1524 5298 ἰδιοποιή
1534 5229 1864 5293 σασθαιτοὺς
1883 5230 1943 5296 ἐξ
1961 5231 2124 5286 αὑτοῦ

447 5313 816 5382 τικτομένους,
851 5313 944 5366 καὶ
978 5314 1174 5366 οἰκεῖον
1201 5313 1394 5367 ἐαυτοῦ
1424 5315 1516 5369 τὸν
1540 5316 1664 5370 λαὸν
1685 5318 2122 5388 ἀπεργάσασθαι,

446 5401 540 5451 καὶ
595 5400 682 5452 ἵνα
737 5399 923 5453 λοιπὸν
971 5401 1032 5453 τὸ
1075 5401 1280 5472 πλῆθος
1331 5404 1704 5475 ἐκτεινόμενον
1755 5406 1829 5477 μὴ
1895 5425 2125 5462 συνανα-

451 5486 744 5554 μιγνύηται
787 5489 902 5552 τοῖς
958 5487 1168 5544 ἔθνεσιν
1228 5489 1480 5554 ἐκείνοις,
1527 5485 1601 5546 ὧν
1630 5493 1729 5564 τὴν
1767 5496 1869 5565 γῆν
1903 5495 2124 5566 ἔμελλον

447 5571 826 5645 κληρονομεῖν,
869 5574 1042 5642 ἄλλως
1083 5576 1140 5630 δέ
1186 5578 1280 5631 καὶ
1310 5578 1496 5648 ἐπειδὴ
1527 5580 1664 5650 μετά
1693 5581 1868 5636 ταῦτα
1902 5583 2124 5653 ἔμελλον

446 5661 587 5715 κατά
612 5659 711 5731 τὴν
741 5661 908 5715 αὑτοῦ
953 5665 1260 5736 πρόρρησιν
1304 5667 1594 5738 ὑπομένειν
1625 5669 1723 5736 τὴν
1766 5672 1822 5724 ἐν
1865 5671 2125 5744 Αἰγύπτῳ

446 5748 715 5813 δουλείαν,
731 5748 818 5800 ἵνα
847 5748 921 5819 μὴ
935 5753 1030 5802 καὶ
1055 5754 1112 5804 ἐν
1128 5753 1266 5822 αὐτῇ
1283 5756 1564 5826 γενόμενοι
1582 5774 1857 5827 συναναφυ
1866 5759 2000 5832 ρῶσι
2014 5762 2122 5826 τοῖς

509 5865 705 5938 ξεξχῇι.
735 5869 1023 5938 ἐιιηυιιιιιιοτ
1063 5878 1178 5938 τοδε.
1208 5869 1280 5914 ὅτι
1321 5874 1726 5938 μετανριστῄσεται
1776 5876 1857 5923 καὶ
1893 5875 2114 5938 περάσας,

452 5928 482 5969 ιι
518 5931 569 5978 ιιι
598 5926 775 5977 Bibhis
798 5926 982 5987 legilur
1024 5927 1103 5973 καὶ
1129 5929 1299 5989 ἔσομαι
1323 5926 1498 5989 ἀὐτοῖς
1537 5926 1600 5991 εἰς
1625 5937 1760 5984 Θεόν.

1245 365 1301 422 S.
1340 363 1632 421 JOANNIS
1664 363 2152 422 CHRYSOSTOMI
2195 362 2514 418 ARCHIEK’.
2556 360 3106 419 CONS'I‘ANTINOP.
3797 364 3880 418 δθθ

2239 479 2418 532 ἔθνεσι
2461 483 2574 542 τοῖς
2605 481 2663 530 ἐν
2700 478 2984 548 Αἰγύπτῳ,
3024 475 3259 546 σημείου
3292 473 3448 546 χάριν
3483 475 3582 546 τὴν
3616 478 3882 548 περιτομὴν

2239 567 2316 638 τῷ
2345 566 2540 638 δικαίῳ
2597 567 2964 628 διατάττεται,
3023 565 3118 618 καί
3155 579 3342 634 φησιν·
3379 564 3537 631 Αὕτη
3568 565 3607 633 ἠ
3638 563 3880 633 διαθήκη,

2240 653 2321 722 ἢν
2343 655 2730 723 διατηρήσεις
2756 655 2875 707 ἀνὰ
2896 653 3091 723 μέσον
3123 652 3272 722 ἐμοῦ
3321 651 3418 705 καί
3461 651 3647 720 ὑμῶν,
3676 652 3766 706 καί
3787 654 3885 707 ἀνὰ

2232 743 2430 812 μέσον
2467 743 2574 796 τοῦ
2615 742 2960 810 σπέρματός
2985 755 3109 794 σου
3149 739 3302 807 μετὰ
3338 739 3416 793 σὲ
3450 741 3536 805 εις
3560 741 3668 805 τὰς
3705 741 3884 810 γενεὰς

2237 829 2458 884 αὐτῶν.
2490 830 3004 899 Περιτμηθήσεται
3030 826 3201 898 ὑμῶν
3231 826 3357 881 πᾶν
3377 829 3715 895 ἀρσενικόν.
3743 833 3882 899 Περι-

2239 917 2626 986 τμηθήσεσθε
2650 917 2765 985 τὴν
2785 917 2983 985 σάρκα
3008 915 3117 985 τῆς
3150 916 3552 982 ἀκροϐυστίας
3579 914 3756 984 ὑμῶν.
3773 913 3882 970 Εἶτα

2241 1005 2329 1058 ἵνα
2367 1005 2552 1076 διδάξῃ
2606 1004 2896 1066 κάκείνους
2949 1004 3044 1057 καὶ
3090 1004 3298 1066 πάντας
3344 1003 3509 1072 ἡμᾶς,
3548 1003 3691 1066 τίνος
3727 1003 3884 1057 Evam

2239 1092 2398 1146 τοῦτο
2434 1093 2684 1158 ἐπέταξε,
2715 1091 2810 1145 καὶ
2841 1093 2922 1144 ὅτι
2953 1091 3165 1155 οὐδενὸς
3197 1091 3386 1161 ἐτέρου
3414 1091 3575 1162 χάριν
3602 1089 3754 1144 τοῦτο
3783 1090 3883 1160 βούα

2240 1181 2388 1233 λεται
2414 1181 2684 1248 γίνεσθαι,
2706 1179 2819 1234 ἀλλ’
2850 1179 2884 1250 ἢ
2919 1179 3059 1232 ὥστε
3086 1177 3357 1248 ἐπίσημον
3383 1172 3519 1230 εἶναι
3545 1177 3637 1231 τὸν
3667 1176 3784 1231 λαὸν
3808 1177 3882 1232 τὸν

2239 1268 2390 1338 αὑτῷ
2421 1268 2798 1338 ἀνακείμενον,
2831 1266 2982 1337 φησὶ,
3019 1266 3126 1319 Kal
3153 1264 3324 1318 ἔσται
3350 1264 3420 1317 ἐν
3447 1265 3676 1333 σημείῳ
3708 1264 3880 1330 διαθή-

2241 1373 2352 1424 κης
2393 1356 2510 1410 ἀνὰ
2557 1355 2753 1424 μέσον
2793 1353 2940 1423 ἐμοῦ
2980 1352 3079 1406 καί
3119 1351 3306 1421 ὑμῶν.
3339 1352 3448 1404 Καὶ
3489 1351 3674 1404 λοιπὸν
3703 1353 3882 1406 καὶτὸν

2242 1442 2433 1513 καιρὸν
2465 1441 2828 1506 διατάττεται,
2857 1452 2879 1480 ι·
2913 1440 3035 1494 καθ’
3065 1439 3124 1492 ὃν
3153 1441 3422 1510 προσήκει
3462 1438 3624 1492 τοῦτο
3649 1441 3879 1508 γίνεσθαι.

2240 1529 2490 1584 Παιδίον
2536 1528 2668 1599 τὰρ,
2714 1529 2901 1600 φησὶν,
2948 1527 3100 1582 ὀκτὼ
3143 1525 3380 1596 ἡμερῶν
3418 1526 3884 1596 περιτμηθήσεται

2239 1616 2403 1686 ὑμῖν.
2423 1618 2520 1672 καὶ
2540 1620 2573 1672 ὁ
2598 1616 2932 1686 οἰκογενὴς,
2961 1618 3058 1669 καὶ
3079 1619 3112 1670 ό
3126 1614 3564 1684 ἀργυρώνητος,
3583 1615 3679 1668 καί
3695 1614 3883 1680 πάντες

2243 1705 2638 1772 ἁπαξαπλῶς,
2665 1707 2744 1772 ὠς
2765 1705 2975 1769 εἰπεῖν,
3003 1709 3058 1758 οι
3082 1705 3372 1770 συνόντες
3403 1703 3547 1772 ὑμῖν
3569 1704 3634 1756 τὸ
3667 1703 3886 1771 σημεῖον

2244 1793 2424 1850 τοῦτο
2453 1794 2746 1860 δέξονται.
2766 1797 2873 1852 Kal
2891 1797 3061 1863 ὅστις
3076 1797 3148 1850 οὐ
3167 1793 3675 1864 περιτμηθήσεται
3689 1791 3757 1860 τῇ
3769 1791 3884 1861 ἡμέ-

2238 1893 2319 1946 ,οᾳ
2330 1877 2402 1946 τῇ
2412 1879 2840 1950 διατεταγμένῃ
2850 1923 2862 1941 ,
2877 1882 3477 1948 ἐξολοθρευθησεται,
3493 1877 3582 1931 ὅτι
3597 1873 3888 1943 τὴν-διαθή-

2243 1977 2362 2028 κην
2367 1981 2487 2033 μου
2510 1965 2922 2020 διεσκέδασεν·
2945 1967 3027 2020 ὅτι
3047 1966 3290 2037 παρέϐη,
3306 1964 3463 2036 φησι,
3476 1965 3542 2018 τὸ
3562 1961 3886 2036 προσταχθὲν.

2311 2055 2459 2127 Ὅρα
2502 2057 2694 2124 σοφίαν
2741 2056 3011 2108 Δεσπότου
3032 2094 3047 2118 ,
3098 2055 3216 2117 πῶς
3261 2052 3416 2114 είδὼς
3457 2052 3572 2105 τῶν
3624 2052 3886 2122 μελλόντων

2239 2142 2460 2196 ἔσεσθαι
2493 2142 2554 2195 τὸ
2591 2142 2778 2206 ἀτελὲς
2819 2141 2920 2212 τῆς
2959 2141 3185 2212 γνώμης
3207 2181 3220 2204 ,
3262 2140 3513 2209 καθάπερ
3557 2139 3761 2209 χαλινόν
3790 2156 3888 2192 τινα

2240 2230 2537 2295 ἐπιτιθεὶς,
2580 2228 2724 2283 οὕτω
2771 2229 2923 2302 [4011
2967 2229 3027 2283 τὸ
3065 2231 3290 2300 σημεῖον
3341 2226 3500 2280 τοῦτο
3559 2227 3660 2296 τῆς
3709 2242 3891 2297 περιτο-

2244 2317 2354 2388 μῆς
2383 2319 2575 2385 ἔδωκε,
2604 2319 2706 2389 τὴν
2735 2320 2912 2389 ὁρμὴν
2947 2317 3127 2372 αὑτῶν
3159 2318 3257 2388 τὴν
3286 2315 3594 2371 ἀκάθεκτον
3620 2315 3887 2378 ἐκκόπτων,

2241 2403 2383 2458 ὥστε
2422 2406 2497 2476 μὴ
2517 2407 2630 2469 τοῖς
2650 2405 2828 2459 ἔθνεσι
2867 2402 3390 2475 συναναμίγνυσθαι.
3429 2401 3654 2472 Ἐπειδὴ
3671 2401 3773 2472 γὰρ
3796 2399 3888 2470 ᾔδει

2239 2491 2420 2544 αὑτῶν
2443 2493 2503 2546 τὸ
2538 2493 2752 2561 λάγνον,
2781 2493 2876 2545 καὶ
2902 2493 2983 2544 ὅτι
3007 2493 3106 2544 οὑκ
3128 2489 3429 2555 ἀνέξονται,
3454 2489 3564 2543 κᾶν
3590 2483 3691 2542 ὦσι
3721 2487 3888 2558 μυριά-

2240 2596 2326 2642 κις
2353 2579 2726 2650 ἐνηχούμενοι,
2749 2579 3083 2650 ἀποσχέσθαι
3107 2581 3205 2649 τῆς
3221 2579 3417 2644 ἀλόγου
3439 2578 3640 2649 ὁρμῆς,
3661 2577 3746 2631 διὰ
3761 2575 3892 2628 τοῦτο

2238 2664 2458 2736 διηνεκῆ
2495 2666 2810 2737 ὑπόμνησιν
2849 2668 3032 2730 αὑτοῖς
3073 2667 3272 2729 διδους,
3303 2664 3560 2735 καθάπερ
3591 2662 3768 2734 δεσμῷ
3805 2677 3889 2713 τινι

2241 2753 2530 2824 περιέϐαλε
2559 2754 2638 2824 τῷ
2679 2754 2890 2824 σημείῳ
2917 2753 3019 2823 τῆς
3057 2754 3381 2824 περιτομῆς,
3423 2753 3587 2822 ὄρους
3617 2752 3788 2812 αὐτοῖς
3815 2747 3892 2802 καὶ

2239 2839 2468 2904 κανόνας
2485 2840 2667 2904 διδοὺς
2698 2841 2772 2912 μὴ
2793 2841 3101 2912 περαιτέρω
3124 2840 3458 2911 προϐαίνειν,
3482 2838 3622 2892 ἀλλὰ
3644 2838 3795 2908 μέχρι
3811 2834 3888 2887 τοῦ

2239 2926 2438 2979 οἰκείου
2472 2927 2658 2992 ἔθνους
2687 2927 2962 2991 ἵστασθαι,
2994 2929 3088 2980 καὶ
3129 2927 3401 2998 μηδεμίαν
3434 2926 3718 2996 ἐπιμιξίαν
3747 2924 3888 2977 ποιεῖ·

2241 3011 2365 3066 σθαι
2401 3015 2536 3085 πρὸς
2581 3015 2825 3077 τούτους,
2877 3015 3012 3069 ἀλλὰ
3063 3014 3158 3068 τοῦ
3205 3013 3548 3086 πατριάρχου
3598 3013 3660 3066 τὺ
3701 3011 3889 3081 σπέρμα

2237 3099 2523 3165 διασώζειν
2557 3103 2776 3172 ἀμιγὲς,
2811 3103 2876 3156 ἵν’
2915 3101 3058 3154 οὕτω
3100 3102 3193 3155 καὶ
3227 3102 3296 3154 τὰ
3325 3100 3426 3171 τῆς
3468 3099 3794 3169 ἐπαγγελίας
3827 3099 3888 3158 εἷς

2239 3188 2434 3252 αὑτοὺς
2467 3187 2694 3258 ἐκϐῆναι
2715 3189 2937 3258 δυνηθῇ.
2978 3189 3089 3242 Καὶ
3125 3187 3378 3259 καθάπερ
3409 3205 3492 3252 τις
3514 3188 3663 3259 ἀνὴρ
3691 3185 3889 3254 σώφρων

2239 3275 2334 3327 καὶ
2371 3275 2623 3345 ἐπιεικὴς
2653 3275 2942 3346 παιδίσκην
2963 3275 3103 3345 ἔχων
3135 3275 3452 3338 ἀκόλαστον,
3481 3274 3646 3345 ὄρους
3665 3273 3791 3342 αὐτῇ
3812 3269 3889 3323 καὶ

2239 3359 2470 3424 κανόνας
2499 3361 2698 3430 τίθησι,
2730 3362 2998 3432 μηδέποτε
3033 3360 3139 3427 ἐξω
3169 3361 3455 3430 φαίνεσθαι
3486 3362 3600 3415 τῶν
3635 3359 3888 3432 προθύρων

2239 3447 2336 3518 τῆς
2358 3447 2555 3513 οἰκίας,
2583 3448 2718 3518 μηδέ
2740 3452 2852 3512 τοῖς
2877 3449 3135 3520 παριοῦσι
3166 3448 3471 3517 φαίνεσθαι,
3499 3448 3640 3501 ἀλλὰ
3663 3445 3887 3506 πολλάκις

2233 3535 2334 3588 καὶ
2366 3537 2478 3598 τοῖς
2510 3537 2636 3588 ποσὶ
2661 3536 2837 3606 δεσμὰ
2869 3537 3232 3608 περιτίθησιν,
3264 3537 3332 3590 ἵν’
3356 3536 3500 3590 οὓτω
3529 3533 3886 3606 περιγενέσθαι

2237 3620 2441 3693 δυνηθῇ
2472 3622 2573 3692 τῆς
2602 3623 2804 3693 πολλῆς
2836 3625 3152 3687 ἀκολασίας·
3183 3624 3274 3678 τὸν
3311 3623 3472 3676 αὑτὸν
3503 3623 3570 3694 δὴ
3594 3623 3784 3694 τρόπον
3809 3619 3886 3672 καὶ

2238 3711 2266 3761 ό
2306 3708 2686 3780 φιλάνθρωπος
2722 3712 3025 3784 Δεσπότης,
3058 3711 3311 3784 καθάπερ
3340 3711 3517 3782 δεσμὰ
3555 3712 3734 3773 ποσὶν,
3769 3707 3886 3762 οὕτω

2237 3794 2299 3848 τὸ
2332 3799 2559 3867 σημεῖον
2589 3797 2690 3868 τῆς
2723 3801 3028 3871 περιτομῆς
3064 3803 3130 3871 τῇ
3172 3801 3336 3871 σαρκὶ
3365 3800 3683 3863 ἐναπέθετο,
3711 3800 3789 3851 ἵνα
3820 3796 3884 3848 0E-

2239 3881 2397 3936 κοθεν
2426 3883 2640 3954 ἔχοντες
2676 3885 3004 3958 ὑπόμνησιν,
3037 3888 3238 3957 μηκέτι
3270 3888 3406 3959 μηδὲ
3423 3889 3522 3959 τῆς
3550 3889 3682 3960 παρ’
3714 3887 3885 3955 ἐτέρων

2238 3968 2465 4023 δέωνται
2485 3970 2856 4036 διδασκαλίας.
2897 3973 3037 4027 Ἀλλ’
3059 3975 3108 4026 οί
3129 3974 3444 4045 ἀγνώμονες
3479 3975 3576 4029 καὶ
3600 3973 3886 4040 ἀναίσθητοι

2252 4058 2495 4114 Ἰουδαῖοι
2531 4061 2628 4114 καὶ
2655 4061 2808 4133 παρά
2835 4062 3026 4132 καιρὸν
3047 4063 3142 4117 νῦν
3171 4064 3269 4135 τὴν
3292 4063 3596 4136 περιτομὴν
3623 4063 3886 4134 φυλάσσειν

2239 4143 2540 4214 βούλονται,
2586 4147 2681 4200 καὶ
2721 4148 2977 4221 παιδικὴν
3021 4149 3418 4203 ἐπιδείκνυνται
3464 4149 3708 4221 γνώμην.
3755 4147 3886 4206 Τίνος

2238 4232 2349 4303 7&9
2392 4233 2600 4298 ἕνεκεν,
2645 4234 2766 4288 εἰπέ
2821 4252 2931 4306 μοι,
2980 4236 3076 4289 νῦν
3123 4236 3548 4307 περιτέμνεσθαι
3603 4237 3883 4308 βούλονταις

2238 4320 2374 4373 Τότε
2405 4321 2504 4391 μὲν
2543 4322 2672 4392 γὰρ,
2719 4322 2808 4376 ἵνα
2855 4323 2932 4394 μὴ
2968 4326 3079 4386 τοῖς
3111 4324 3452 4395 παρανόμοις
3485 4326 3713 4387 ἐκείνοις
3735 4323 3884 4376 ἔθνεσι

2243 4412 2687 4483 συναναφνρῶσι,
2726 4412 2886 4467 τοῦτο
2935 4413 3305 4485 ἐπετάγησανο
3343 4415 3460 4469 νυνὶ
3483 4415 3540 4467 δὲ
3578 4414 3667 4469 διά
3694 4411 3784 4484 τὴν
3807 4406 3886 4464 τοῦ

2236 4497 2374 4552 θεοῦ
2428 4500 2587 4570 χάριν
2645 4499 2868 4553 πάντων
2928 4500 3065 4571 πρὸς
3120 4499 3219 4571 τὴν
3281 4500 3536 4572 ἀλήθειαν
3595 4499 3688 4554 τοῦ
3735 4495 3886 4568 φωτὸς

2237 4587 2784 4657 χειραγωγηθέντων,
2831 4589 2982 4640 ποῖον
3032 4587 3131 4656 τῆς
3190 4588 3492 4659 περιτομῆς
3539 4587 3764 4658 δφελοςς
3807 4580 3884 4647 Μὴ

2235 4673 2345 4744 γὰρ
2377 4674 2513 4744 πρὸς
2544 4672 2642 4744 τὴν
2678 4673 2779 4743 τῆς
2821 4673 2998 4744 ψυχῆς
3040 4673 3351 4744 ἐλευθερίαν
3387 4691 3440 4727 τι
3475 4674 3827 4745 συμϐάλλεται
3855 4665 3880 4732 ἡ

2233 4763 2335 4832 τῆς
2377 4762 2580 4832 σαρκὸς
2627 4762 2917 4828 ἀπόθεσις;
2963 4762 3077 4814 υὺκ
3115 4763 3355 4832 ἥκουσαν
3402 4762 3590 4830 σαφῶς
3635 4757 3727 4810 τοῦ
3766 4749 3881 4806 Θεοῦ

2235 4847 2504 4916 λέγοντος,
2541 4850 2655 4904 Kal
2697 4849 2868 4904 ἔσται
2902 4850 2974 4902 ἐν
3012 4851 3241 4918 σημείῳ
3277 4849 3585 4918 διαθήκης,
3629 4839 3884 4916 μονονουχὶ

2233 4933 2564 5002 δεικνύντος,
2628 4937 2710 4989 ὅτι
2778 4935 2867 4988 διὰ
2921 4935 3018 5006 τὴν
3078 4935 3280 5007 πολλὴν
3347 4935 3524 4989 αὑτῶν
3588 4926 3882 5000 ἀγνωμοσύ-

2235 5038 2333 5082 νην
2389 5021 2485 5075 τοῦ
2531 5023 2762 5095 σημείου
2804 5022 3139 5095 ἐδεήθησαν;
3175 5023 3332 5077 Οὕτω
3385 5019 3494 5091 7&9
3540 5019 3634 5073 καὶ
3669 5019 3758 5072 ἐπὶ
3793 5014 3885 5067 τῶν

2231 5109 2592 5182 ανθρωπίνων
2651 5111 2910 5175 πολλάκις
2958 5112 3168 5180 γίνεται
3238 5110 3600 5180 πραγμάτων.
3660 5100 3886 5159 Ἐπειδὰν

2235 5200 2311 5270 μὴ
2348 5199 2639 5270 θαρῤῶμέν
2680 5216 2811 5261 τισι,
2849 5203 3073 5270 σημεῖον
3115 5199 3374 5269 ἐνεχύρου
3418 5198 3576 5268 χάριν
3612 5193 3882 5265 λαμϐάνειν

2235 5289 2361 5358 παρ’
2405 5289 2584 5340 αὑτῶν
2627 5289 3036 5359 σπουδάζομεν·
3070 5288 3214 5342 οὑτω
3249 5288 3345 5341 καὶ
3377 5288 3406 5338 ὁ
3447 5285 3555 5340 τῶν
3601 5286 3735 5338 ὅλων
3769 5279 3882 5340 Θεὸς

2233 5374 2388 5438 εἰδὼς
2412 5375 2589 5428 αὑτῶν
2615 5377 2712 5446 τῆς
2737 5375 2966 5447 γνώμης
2993 5375 3091 5446 τὴν
3117 5373 3393 5436 εὑκολίαν,
3416 5374 3476 5426 τὸ
3508 5374 3725 5443 σημεῖον
3742 5365 3884 5420 τοῦτο

2233 5462 2363 5531 παρ’
2417 5461 2598 5515 αὑτῶν
2639 5463 2941 5533 ἀπαιτῆσαι
2981 5461 3327 5525 κατεδέξατο,
3373 5459 3472 5529 οὑχ
3513 5460 3600 5512 ἵνα
3641 5450 3883 5524 διηνεκῶς

2236 5549 2371 5620 μένῃ
2417 5549 2479 5602 τὸ
2509 5552 2738 5620 σημεῖον
2765 5551 2946 5613 τοῦτο,
2987 5549 3103 5603 ἀλλ’
3132 5548 3218 5600 ἵνα
3241 5546 3350 5600 τῶν
3379 5548 3499 5599 τότε
3527 5543 3672 5605 τέλος
3700 5537 3883 5609 λαμϐα-

2232 5641 2432 5694 νόντων
2452 5643 2546 5694 καὶ
2570 5643 2602 5712 ὴ
2629 5641 2723 5694 τοῦ
2749 5641 2975 5712 σημείου
3007 5641 3166 5713 χρεία
3191 5635 3536 5708 περιαιρεθῇ.
3561 5635 3764 5701 Ὥσπερ
3789 5627 3881 5698 γὰρ

2231 5728 2358 5780 ὅταν
2389 5730 2613 5799 σημεῖόν
2657 5747 2801 5792 τινες
2832 5728 3131 5793 ἀπαιτῶσι,
3183 5726 3279 5779 καὶ
3322 5723 3572 5795 ἐνέχυρον
3610 5720 3879 5792 βούλωνται

2238 5877 2723 6004 1..ξιξέείεξὲρῃυὶιιιιιιιι
2740 5881 2927 5932 variant
2943 5883 2992 5931 in
3015 5876 3313 5931 editionibus
3335 5873 3428 5925 τῶν
3442 5877 3482 5926 0
3497 5875 3522 5923 '.
3546 5868 3736 5934 v.pr:nf.
3757 5863 3876 5916 Tomi

2363 5977 2398 6002 ι,
2534 5977 2546 5992 .

2303 5955 2398 6002 μιν,
2425 5955 2453 6002 9
2474 5955 2546 5992 IV.
