4060 6436
372 392 474 447 565

371 506 530 561 modo
555 514 610 562 et
637 502 951 575 patriarchae
984 516 1178 559 nomen
1207 510 1454 573 parentes
1482 500 1820 563 indiderant,
1846 509 1957 552 sta-

371 599 464 653 tim
489 597 558 652 ab
582 597 732 652 initio
771 595 1102 652 dcclarantes
1125 595 1298 664 ipsum
1337 593 1674 664 peregrinum
1716 589 1866 656 tore,
1903 597 1959 643 et

372 690 720 744 transiturum
750 687 948 743 ﬂumen
973 727 990 754 ,
1031 695 1090 740 ut
1141 685 1194 740 in
1235 693 1432 740 terram
1457 683 1686 738 alienam
1726 681 1954 736 veniret.

371 780 633 848 Quoniam
664 778 854 849 igitur,
885 777 1091 847 inquit,
1124 789 1320 831 nomen
1344 789 1376 829 a
1419 772 1724 844 parentibus
1754 770 1846 825 tibi
1879 769 1960 822 in-

373 873 542 927 ditum
571 871 697 926 illud
727 867 1184 941 praesigniﬁcavit,
1217 876 1270 923 te
1315 866 1440 922 inde
1466 865 1570 920 huc
1613 862 1956 919 transiturum

371 977 494 1019 csse
521 979 536 1017 :
567 962 750 1031 accipe
771 971 826 1016 et
856 960 1012 1015 unius
1039 959 1290 1016 elementi
1333 956 1657 1012 additionem
1676 996 1694 1022 ,
1725 964 1782 1008 ut
1818 953 1959 1009 scias

377 1055 478 1108 hoc
500 1053 591 1108 tibi
620 1052 902 1116 declarari,
933 1061 986 1106 te
1012 1051 1296 1106 multarum
1317 1049 1555 1120 gentium
1586 1047 1698 1102 fore
1729 1056 1957 1116 patrem.

379 1146 444 1201 Et
471 1145 594 1201 vide
636 1160 794 1214 quam
843 1152 1090 1200 accurate
1133 1143 1203 1198 sit
1237 1142 1506 1212 loquutus.
1534 1139 1650 1195 Non
1679 1139 1812 1194 dixit
1839 1153 1960 1192 om-
2049 1148 2052 1150 ‘

376 1240 520 1294 nium
566 1239 839 1310 gentium,
892 1234 988 1292 sed
1039 1234 1324 1290 Multarum
1371 1233 1593 1305 gentium
1619 1248 1637 1287 :
1666 1246 1788 1286 nam
1838 1229 1960 1300 quia

376 1339 530 1384 erant
554 1339 608 1384 et
647 1329 767 1384 alia:
798 1335 986 1399 gentes
1013 1326 1136 1382 inde
1160 1319 1513 1396 expellenda,
1540 1333 1597 1378 ut
1626 1337 1808 1378 semen
1831 1321 1959 1391 justi

381 1422 726 1480 hereditatem
771 1422 1068 1492 acciperet.
1093 1419 1214 1476 ideo
1242 1419 1406 1484 dicit,
1435 1416 1640 1472 Patrem
1686 1415 1962 1469 multarum

380 1516 599 1588 gentium
627 1515 862 1570 constitui
889 1524 956 1570 te.
983 1513 1201 1577 Sciens,
1236 1511 1440 1582 inquit,
1479 1519 1583 1565 tua:
1614 1507 1822 1563 virtutis
1846 1521 1963 1560 ma-

376 1609 704 1680 gnitudinem
729 1649 745 1675 ,
774 1608 1058 1662 multarum
1088 1606 1323 1676 gentimn
1353 1603 1628 1658 doctorem
1661 1612 1712 1656 te
1732 1598 1920 1654 faciam
1945 1637 1961 1664 ,

381 1701 447 1756 Et
477 1717 696 1755 crescere
725 1710 774 1754 te
801 1699 988 1769 faciam
1018 1714 1078 1752 ac
1121 1695 1448 1766 multiplicari
1489 1694 1669 1758 ualde,
1700 1691 1848 1746 valde
1874 1706 1893 1744 :
1918 1699 1964 1744 et

380 1809 566 1862 ponant
590 1801 634 1847 te
652 1792 703 1845 in
732 1800 901 1861 gentes
922 1831 938 1856 ,
960 1801 1008 1844 et
1031 1804 1170 1859 reges
1197 1804 1262 1842 ex
1289 1795 1336 1840 te
1367 1784 1702 1857 egredientur.
1731 1781 1810 1837 Ne
1841 1796 1964 1849 rer-

381 1885 641 1940 t‘unctorie
671 1895 1003 1938 transeamus
1021 1897 1139 1952 quae
1162 1880 1430 1943 dicuntur,
1449 1875 1802 1933 dilectissimi.
1830 1873 1963 1930 Nam

379 1977 424 2031 si
450 1976 862 2046 cogitaverimus
902 1971 1222 2044 patriarchae
1248 1979 1459 2025 aetatem
1485 2010 1502 2035 ,
1528 1978 1726 2024 etcum
1767 1965 1882 2021 haec
1910 1966 1965 2020 in

382 2078 622 2125 extrema
651 2077 865 2123 senecta
891 2066 1105 2121 audisse
1128 2105 1144 2129 ,
1186 2059 1770 2132 obstupescemusjusti
1798 2059 1966 2112 virtu-

383 2171 512 2227 tem,
543 2169 597 2214 et
625 2158 836 2228 benigni
873 2158 965 2213 Dei
991 2155 1241 2212 exitniam
1272 2153 1561 2224 potentiam
1592 2169 1606 2204 :
1637 2149 1760 2220 quia
1780 2164 1848 2205 ex
1879 2148 1968 2203 ho-

384 2253 528 2306 mine
576 2249 963 2320 propemodum
1013 2256 1252 2312 mortuo,
1309 2254 1366 2300 et
1411 2243 1666 2299 membris
1693 2240 1964 2306 invalido,

379 2343 470 2414 qui
512 2351 568 2398 et
603 2340 840 2412 quotidie
886 2349 1109 2394 mortem
1137 2353 1244 2407 pra:
1285 2335 1456 2392 oculis
1483 2333 1888 2405 imaginabatur,
1915 2332 1966 2386 in

383 2443 586 2488 tantum
615 2443 826 2488 auctum
851 2430 915 2485 iri
938 2428 1251 2501 signiﬁcavit
1275 2441 1456 2482 semen
1479 2467 1494 2490 ,
1525 2433 1583 2478 ut
1609 2432 1664 2479 et
1694 2423 1745 2477 in
1776 2422 1968 2476 multas

384 2534 572 2596 gentes
596 2525 788 2590 exiret;
813 2537 986 2592 neque
1009 2521 1062 2576 id
1088 2520 1285 2585 solum,
1313 2517 1408 2573 sed
1437 2517 1598 2572 etiam
1626 2527 1782 2585 rcges
1808 2528 1872 2568 ex
1903 2526 1970 2567 eo

385 2616 786 2686 egrederentur.
849 2611 1037 2668 Vidisti
1106 2608 1477 2680 promissionis
1535 2602 1970 2661 incrementum?

388 2706 600 2762 Faciam
641 2715 687 2761 te
716 2720 935 2759 crescere
955 2745 968 2766 ,
1005 2702 1211 2773 inquit,
1242 2701 1390 2754 ualde
1410 2740 1426 2766 ,
1457 2698 1621 2752 valde.
1653 2693 1970 2766 Duplicatio-

387 2815 510 2855 netu
533 2797 689 2868 hujus
715 2795 952 2852 adverbii
981 2810 1085 2849 non
1115 2793 1306 2848 frustra
1336 2790 1532 2861 adjecit
1556 2831 1572 2857 ,
1600 2789 1694 2843 sed
1723 2799 1778 2842 ut
1804 2786 1969 2857 signi-

388 2889 510 2946 ticet
535 2905 600 2946 ex
626 2891 773 2958 justo
816 2888 1004 2942 miram
1050 2883 1440 2939 multitudinem
1468 2880 1786 2938 exeundam.
1830 2879 1974 2947 Quo-

389 2982 529 3038 niam
560 2982 718 3053 igitur
737 2995 830 3050 per
849 2977 1096 3034 elementi
1117 2975 1464 3040 additionem,
1483 2974 1632 3044 quasi
1658 2973 1710 3027 in
1726 2971 1972 3026 columna

388 3073 615 3143 quadam
641 3114 656 3138 ,
687 3070 1026 3127 iudelebilem
1047 3067 1452 3139 promissionem
1482 3066 1530 3120 ei
1553 3064 1838 3134 inscripsit,
1871 3064 1970 3117 ite-

390 3181 504 3220 rtnn
531 3165 657 3219 dicit
693 3182 706 3218 :
738 3165 791 3217 7.
824 3162 890 3216 Et
915 3171 1134 3218 statuam
1161 3168 1508 3215 testamentum
1549 3173 1713 3211 meum
1737 3159 1866 3208 inter
1891 3164 1972 3220 te,

389 3267 435 3313 et
476 3257 605 3311 inter
628 3273 795 3312 semen
823 3267 960 3309 tuum
1005 3263 1114 3325 post
1144 3262 1192 3308 te
1230 3253 1285 3306 in
1323 3251 1664 3323 generationes
1695 3264 1896 3313 eorum,
1924 3249 1976 3299 in

391 3358 740 3404 testamentum
783 3347 1175 3416 sempiternum,
1205 3353 1259 3397 ut
1301 3343 1396 3397 sint
1424 3341 1560 3396 Deus
1588 3350 1720 3395 tuus.
1747 3339 1859 3394 Non
1885 3352 1976 3392 so-

395 3442 503 3496 lmn
529 3455 654 3511 erga
686 3448 737 3495 te
777 3453 1022 3510 magnam
1060 3434 1347 3492 declarabo
1374 3432 1760 3506 providentiam
1802 3439 1857 3485 et
1880 3444 1976 3483 cu-

393 3549 528 3599 ram,
552 3531 645 3588 sed
671 3543 726 3588 et
749 3546 874 3602 erga
899 3544 1085 3585 semen
1113 3539 1258 3583 tuum
1280 3569 1296 3593 ,
1334 3536 1388 3582 et
1413 3535 1530 3597 post
1557 3534 1701 3580 tuam
1725 3531 1976 3578 mortem.

397 3624 528 3679 \‘idc
555 3622 824 3694 quomodo
842 3630 1048 3678 recreet
1071 3619 1302 3676 animam
1319 3618 1468 3696 justi,
1501 3616 1817 3687 promittens
1839 3613 1888 3668 ei
1920 3627 1980 3666 se

395 3716 615 3771 seminis
649 3729 860 3786 quoque
908 3713 1024 3784 ejus
1058 3713 1278 3768 multam
1331 3725 1512 3766 curam
1554 3707 1880 3762 habiturtun.
1914 3703 1982 3758 Et

394 3825 516 3880 quae
541 3811 706 3865 virtus
749 3808 1088 3864 testamenti?
1122 3807 1188 3862 Ut
1213 3808 1310 3861 sint
1335 3804 1474 3860 Deus
1505 3813 1620 3858 tuus
1642 3843 1660 3868 ,
1701 3800 1869 3870 inquit
1892 3840 1908 3865 ,
1935 3806 1982 3852 et

397 3902 603 3958 sentinis
650 3901 723 3954 tui
767 3910 881 3970 post
904 3908 970 3970 te.
995 3899 1106 3954 Hoc
1141 3899 1284 3953 enim
1311 3897 1415 3952 erit
1441 3895 1533 3950 tibi
1560 3903 1616 3949 et
1655 3891 1845 3948 semini
1889 3899 1983 3944 tuo

397 4004 555 4064 caput
600 3995 883 4050 bonorum.
927 3993 982 4048 8.
1011 3991 1076 4046 Et
1108 3992 1239 4046 dabo
1267 3990 1354 4044 tibi
1380 3999 1428 4043 et
1477 3987 1656 4043 semini
1681 3997 1767 4040 tuo
1795 3991 1907 4053 post
1936 3991 1983 4034 te

399 4099 582 4141 terram
608 4086 660 4140 in
686 4103 787 4156 qua
815 4084 1106 4155 peregrinus
1133 4099 1187 4136 es
1209 4123 1225 4148 ,
1256 4079 1454 4138 omnem
1485 4090 1672 4134 terram
1697 4076 1944 4131 Chanaan
1964 4111 1980 4136 ,

398 4181 450 4234 in
478 4180 842 4251 possessionem
865 4179 1246 4247 sempiternam;
1269 4183 1318 4228 et
1345 4190 1432 4227 ero
1459 4187 1633 4227 eorunt
1659 4169 1817 4222 Deus.
1853 4167 1984 4221 Pro-

401 4281 518 4342 pter
545 4281 686 4328 tuam
709 4313 725 4339 ,
758 4271 963 4341 inquit,
990 4269 1239 4324 virtutem
1272 4266 1467 4336 posteri
1493 4278 1705 4334 quoque
1743 4261 1816 4315 lui
1868 4273 1985 4314 mea

401 4363 643 4419 fruentur
685 4361 1020 4432 providentia
1047 4401 1061 4424 ,
1087 4368 1144 4415 et
1181 4357 1321 4413 dabo
1367 4357 1448 4413 eis
1498 4357 1549 4410 in
1591 4353 1984 4424 possessionem

400 4463 658 4510 aeternam
687 4461 885 4508 terram
910 4448 1186 4514 Chanaan,
1210 4448 1278 4501 Et
1295 4463 1390 4502 ero
1417 4462 1590 4501 eorum
1612 4443 1749 4498 Deus
1779 4444 1818 4494 ¹.
1847 4439 1987 4508 Quid

403 4553 516 4608 est,
545 4543 610 4598 Et
634 4559 720 4597 ero
749 4558 922 4596 eorum
953 4538 1130 4595 Deus?
1159 4538 1274 4594 Hoc
1302 4546 1415 4601 est,
1439 4535 1656 4590 Multam
1687 4550 1774 4590 me
1798 4545 1985 4588 eorum

403 4648 586 4689 curam
635 4641 690 4687 et
719 4631 1104 4703 providentiam
1144 4629 1342 4684 habere
1369 4626 1682 4690 ostendam,
1711 4634 1765 4680 et
1811 4639 1988 4679 meum

407 4725 726 4780 inmunibus
766 4722 1062 4778 subsidium
1093 4722 1197 4776 illis
1227 4721 1510 4792 prmstabo.
1541 4717 1770 4773 Tantum
1823 4716 1876 4770 9.
1915 4713 1991 4768 Tn

408 4826 757 4870 testamentum
802 4832 966 4869 meum
1003 4816 1209 4869 observa
1232 4855 1246 4880 ,
1277 4825 1324 4868 et
1355 4829 1522 4867 semen
1548 4821 1687 4864 tuum
1717 4819 1830 4880 ροει
1862 4819 1909 4862 te
1940 4809 1993 4862 in

409 4907 810 4978 generationibus
854 4923 1048 4961 eorum.
1095 4905 1239 4959 Nihil
1282 4904 1425 4958 aliud
1473 4919 1503 4958 a
1535 4903 1684 4957 vobis
1733 4902 1990 4971 requiro,

405 5015 565 5070 quam
593 4999 946 5056 obedientiam
989 5009 1265 5070 gratumve
1291 4998 1526 5051 animum
1552 5039 1567 5058 ,
1600 5005 1656 5051 et
1677 5011 1775 5066 ego
1813 4995 1993 5050 omnia

408 5107 758 5163 quatcmuque
779 5093 1042 5163 pollicitus
1066 5107 1184 5146 smn
1210 5107 1371 5162 opere
1405 5089 1704 5159 complebo.

480 5187 534 5241 4.
559 5186 778 5256 Insuper
805 5187 987 5240 volens
1013 5200 1107 5240 eos
1145 5185 1232 5255 qui
1263 5199 1328 5239 ex
1360 5184 1478 5253 ipso
1523 5183 1772 5238 nascituri
1809 5191 1993 5246 erant,

412 5278 735 5346 peculiarem
772 5293 926 5333 suum
977 5277 1154 5332 facere
1193 5275 1446 5346 populum
1476 5293 1489 5330 :
1518 5286 1575 5328 ut
1623 5283 1805 5344 postea
1832 5315 1846 5339 ,
1873 5289 1996 5329 cum

410 5369 695 5426 multitudo
747 5377 1149 5439 prepagaretur.
1189 5383 1294 5420 non
1328 5381 1386 5422 se
1421 5366 1664 5438 gentibus
1698 5365 1802 5418 illis
1825 5407 1838 5426 ,
1867 5379 2000 5433 qua-

411 5479 530 5518 rum
561 5461 914 5516 hereditatem
939 5467 1260 5528 occupatura
1281 5467 1392 5511 erat
1419 5498 1432 5519 ,
1465 5456 1840 5511 commiscet-ct
1871 5471 1887 5512 ;
1913 5454 1996 5507 in-

413 5566 716 5623 superque,
764 5553 885 5622 quia
939 5551 1233 5604 secundum
1287 5549 1686 5618 praedictionem
1741 5560 1891 5601 suam
1943 5547 1996 5598 in

421 5643 650 5716 A'ngpto
674 5645 917 5699 servituri
944 5652 1117 5708 erant;
1146 5651 1200 5696 ut
1230 5657 1296 5697 ne
1321 5641 1562 5711 gentibus
1581 5639 1998 5695 commisce-rea.

479 5795 494 5829 ί
521 5795 574 5847 ln
599 5795 980 5864 Bibliislegitur,
1005 5806 1047 5850 et
1062 5811 1146 5851 ero
1161 5799 1230 5850 eis
1252 5796 1302 5849 in
1331 5805 1496 5848 Deum.

1400 386 1466 442 IN
1503 385 1654 441 CAP.
1695 379 1858 439 XVII.
1886 379 2131 436 GENES.
2177 377 2404 436 lIOMIL.
2452 381 2690 436 XXXIX.

3550 389 3654 447 360

2066 504 2150 550 tur
2189 497 2239 550 in
2271 497 2537 570 Egypto,
2568 503 3028 562 circumcisioncm
3056 547 3072 574 ,
3099 509 3236 580 signi
3279 512 3480 580 gratia,
3506 513 3653 584 justo

2066 590 2305 660 prmcipit
2350 599 2405 646 et
2441 591 2612 661 inquit
2641 611 2653 647 :
2688 593 2774 650 10.
2805 594 2922 652 Hoc
2965 608 3040 654 est
3082 609 3438 658 testamentum
3469 606 3486 636 ¹
3516 605 3654 675 quod

2064 682 2283 736 servabis
2307 684 2437 738 inter
2455 701 2535 740 me
2567 696 2614 742 et
2640 703 2749 756 vos,
2769 699 2814 743 et
2841 691 2976 746 inter
3001 709 3170 750 semen
3199 704 3338 751 tuum
3368 709 3481 766 post
3508 708 3559 754 te
3595 704 3654 757 in

2064 775 2472 843 generationibus
2515 779 2738 836 illorum.
2790 780 3190 841 Circumcidetur
3231 790 3284 844 in
3325 790 3461 848 nobis
3501 808 3658 848 omne

2065 864 2422 922 masculinum.
2457 869 2544 924 tl.
2573 870 2954 931 Circumcidetis
2979 893 3183 933 carnem
3211 884 3444 952 prwptttii
3474 887 3647 940 vestri.

2067 953 2268 1012 Deinde
2308 965 2364 1012 ut
2403 957 2592 1016 doceat
2630 973 2687 1018 et
2710 964 2833 1020 illos
2877 975 2935 1022 et
2975 983 3161 1025 omnes
3203 987 3327 1039 nos,
3356 989 3520 1044 quare
3548 975 3652 1032 hoc

2066 1050 2398 1119 praeceperit,
2425 1060 2482 1107 et
2505 1067 2564 1108 se
2593 1069 2701 1110 non
2732 1057 2953 1115 alterius
2976 1063 3273 1133 cujuspiam
3301 1067 3470 1136 gratia
3497 1067 3551 1124 id
3577 1067 3652 1124 fa-

2065 1152 2188 1194 cere
2208 1181 2222 1206 ,
2245 1155 2404 1211 quam
2433 1151 2495 1198 ut
2531 1155 2675 1201 esset
2701 1148 3000 1219 assignatus
3025 1161 3081 1206 et
3105 1154 3205 1210 sibi
3229 1166 3537 1227 segregatus
3557 1173 3654 1229 po-

2066 1233 2244 1302 pulus,
2271 1234 2482 1306 inquit,
2514 1237 2581 1291 Et
2609 1239 2702 1293 erit
2722 1241 2776 1295 in
2797 1241 2998 1313 signum
3027 1248 3312 1302 testamenti
3332 1248 3465 1306 inter
3499 1266 3581 1304 me
3607 1260 3656 1304 et

2067 1340 2174 1380 vos.
2215 1325 2283 1380 Et
2312 1337 2495 1396 postea
2538 1331 2699 1386 etiam
2723 1332 2791 1388 de
2821 1342 3062 1405 tempore
3085 1337 3344 1407 imperat,
3376 1356 3485 1411 quo
3525 1357 3656 1398 con-

2068 1418 2248 1474 veniat
2274 1419 2376 1476 hoc
2398 1420 2532 1476 fieri.
2563 1423 2650 1478 12.
2678 1422 2889 1481 Duelius
2909 1427 3064 1494 enim,
3090 1428 3292 1500 inquit,
3319 1442 3432 1486 octo
3457 1433 3654 1488 dierum

2067 1510 2452 1568 circumcidetur
2464 1514 2619 1581 vobis,
2641 1526 2690 1571 et
2715 1519 3010 1574 vernaculas
3031 1559 3046 1587 ,
3071 1531 3120 1575 et
3141 1524 3400 1592 emptitius
3425 1539 3446 1578 :
3473 1534 3520 1579 et
3543 1541 3654 1580 om-

2070 1621 2157 1659 nes
2181 1606 2235 1660 in
2259 1623 2479 1674 summa,
2509 1622 2564 1663 ut
2592 1611 2662 1663 ita
2687 1611 2853 1666 dicunt
2877 1655 2891 1674 ,
2913 1616 2999 1685 qui
3025 1617 3166 1686 apud
3191 1634 3276 1672 vos
3300 1628 3436 1684 sunt,
3464 1620 3559 1675 hoc
3582 1623 3654 1675 si.

2068 1712 2224 1766 gnum
2267 1697 2559 1769 suscipient.
2586 1701 2673 1754 Η.
2704 1701 2769 1754 Et
2800 1703 3025 1774 quisquis
3050 1722 3151 1761 non
3194 1707 3578 1764 circumsidetur
3600 1711 3655 1764 in

2069 1787 2152 1840 die
2204 1789 2469 1844 constituto
2492 1834 2508 1857 ,
2555 1792 2792 1861 perdetur
2836 1810 2856 1848 :
2904 1796 3027 1866 quia
3084 1807 3434 1854 testamentunt
3485 1818 3654 1856 meum

2071 1879 2374 1950 dissipavit;
2423 1885 2545 1955 quia
2597 1896 2959 1959 transgressus
3005 1901 3087 1946 est
3112 1934 3128 1960 ,
3183 1894 3394 1963 inquit,
3449 1909 3653 1965 praece-

2071 1980 2241 2040 ptum.

2102 2065 2206 2120 Cur
2216 2069 2639 2127 circnmcisionem
2646 2070 2843 2131 Iudaeis
2860 2073 3152 2144 imposuerit
3164 2071 3656 2132 Deus.Circumcisio

2071 2154 2202 2210 nihil
2224 2156 2408 2212 animae
2433 2163 2627 2231 confert
2651 2161 2789 2215 boni.
2809 2191 2882 2202 —
2911 2163 3045 2219 Vide
3075 2165 3392 2234 sapientiam
3419 2168 3654 2235 Domini,

2071 2247 2337 2312 quomodo
2355 2264 2476 2305 cum
2493 2253 2654 2307 sciret
2669 2254 3004 2324 imperfectas
3020 2268 3068 2312 et
3093 2272 3284 2327 pravas
3303 2274 3491 2314 eorum
3506 2275 3661 2317 men-

2074 2347 2155 2394 tes
2177 2338 2398 2406 futuras,
2417 2344 2624 2413 signum
2644 2345 3064 2404 circumcisionis
3084 2352 3232 2420 quasi
3256 2350 3467 2408 frenum
3489 2354 3660 2423 quod-

2073 2429 2196 2486 dam
2227 2433 2508 2504 imposuit,
2539 2437 2604 2490 ad
2639 2438 2925 2494 indomitos
2945 2457 3132 2497 eorum
3155 2445 3384 2513 impetus
3403 2445 3660 2502 cohiben-

2075 2523 2193 2588 dos,
2221 2534 2277 2580 ut
2303 2541 2369 2582 ne
2387 2528 2632 2597 gentibus
2653 2532 3143 2588 commiscerentur.
3168 2534 3298 2590 Nam
3320 2537 3440 2606 quia
3461 2537 3663 2592 sciebat

2074 2630 2260 2670 eorum
2277 2617 2570 2682 lasciviam,
2602 2629 2658 2674 et
2676 2636 2790 2684 eos.
2818 2622 2941 2678 licet
2961 2624 3212 2680 intiuities
3238 2629 3490 2695 monitos,
3515 2637 3573 2683 ut
3592 2627 3664 2682 ab

2076 2705 2262 2764 illicito
2283 2709 2481 2778 impetu
2499 2711 2824 2767 abstinerent
2843 2753 2858 2778 ,
2888 2712 3197 2769 obedituros
3228 2732 3469 2773 nonesse
3497 2735 3510 2771 :
3543 2718 3664 2774 ideo

2075 2797 2201 2853 dato
2224 2799 2302 2854 eis
2321 2809 2576 2869 perpetuo
2595 2803 2914 2868 memoriali,
2941 2805 3124 2873 injecit
3143 2807 3221 2860 eis
3240 2808 3663 2866 circumcisionis

2076 2891 2306 2960 signum,
2338 2892 2488 2960 quasi
2516 2892 2787 2948 vinculum
2814 2893 3102 2964 quoddam,
3133 2897 3387 2967 deditque
3409 2899 3489 2954 eis
3515 2899 3665 2970 leges

2077 2989 2132 3036 et
2157 2983 2385 3052 regulas,
2419 2983 2554 3038 ultra
2582 2999 2717 3055 quas
2745 2987 2970 3042 transire
2997 2990 3076 3043 eis
3106 3003 3212 3043 non
3243 2989 3446 3054 liceret,
3479 3001 3533 3045 ttt
3565 3006 3661 3046 sua

2076 3082 2236 3144 gente
2258 3077 2494 3131 contenti
2519 3087 2719 3142 essent,
2748 3087 2804 3132 et
2827 3080 2976 3134 nullo
2999 3080 3159 3136 modo
3183 3095 3306 3137 cum
3334 3084 3580 3154 gentibus
3605 3099 3665 3141 se

2078 3165 2523 3232 commiscerent;
2559 3167 2652 3223 sed
2682 3170 2996 3238 patriarcha:
3031 3185 3216 3228 semen
3266 3173 3664 3244 impermistum

2082 3265 2322 3311 maneret
2349 3266 2406 3312 ut
2432 3259 2510 3313 sic
2538 3268 2594 3314 et
2635 3261 2894 3329 promissa
2935 3262 2987 3317 in
3015 3263 3094 3318 eis
3117 3265 3375 3335 compleri
3425 3277 3663 3336 possent.

2085 3349 2150 3404 Et
2174 3351 2624 3419 quemadmodum
2650 3353 2730 3407 vir
2754 3353 2945 3424 aliquis
2975 3365 3275 3427 temperans
3301 3368 3355 3413 et
3387 3359 3543 3428 lenis,
3570 3374 3668 3414 an-

2081 3440 2257 3495 cillam
2302 3441 2504 3497 habens
2555 3445 2924 3513 petulantem,
2958 3447 3214 3502 terminos
3257 3459 3311 3504 et
3354 3451 3565 3520 regulas
3595 3451 3668 3506 illi

2083 3529 2208 3598 dat,
2234 3548 2301 3587 ne
2341 3547 2591 3602 umquam
2621 3543 2771 3589 extra
2795 3535 3052 3591 vestibula
3085 3537 3328 3608 prodeat,
3352 3555 3523 3611 neque
3547 3556 3668 3596 cmn

2085 3627 2526 3696 prattereuntibus
2551 3631 2851 3696 conveniat,
2882 3631 2989 3685 imo
3017 3648 3416 3702 nonnumquam
3448 3633 3671 3701 pedibus

2084 3718 2372 3788 compedes
2406 3719 2586 3786 addit,
2621 3729 2676 3776 ut
2707 3723 2785 3777 sic
2828 3723 2969 3778 illius
3011 3725 3474 3794 intemperantiam
3510 3741 3666 3780 coer-

2086 3825 2210 3866 cere
2235 3811 2408 3868 valeat
2439 3829 2453 3866 :
2483 3814 2553 3868 ita
2581 3825 2635 3869 et
2662 3815 2922 3886 benignus
2954 3817 3209 3878 Dominus
3252 3817 3676 3874 circumcisionis

2087 3903 2295 3971 signum
2335 3904 2481 3958 carni
2504 3919 2690 3959 eorum
2736 3905 2962 3969 indidit,
2985 3907 3136 3976 quasi
3161 3908 3383 3976 pedibus
3404 3907 3672 3963 vinculum

2088 3993 2376 4063 quoddam,
2407 4005 2463 4050 ut
2482 3993 2833 4051 domesticum
2857 3995 3114 4051 habentes
3142 3997 3376 4066 signum,
3405 4012 3512 4053 non
3538 3998 3677 4053 ultra
3751 3998 3761 4013 '

2089 4085 2330 4140 doctrina
2372 4086 2596 4140 aliorum
2627 4101 2762 4156 opus
2793 4087 3070 4142 haberent.
3102 4089 3255 4156 Atqui
3287 4088 3474 4158 ingrati
3499 4089 3677 4143 insen-

2091 4177 2300 4246 satiquc
2345 4175 2516 4232 Judaei
2572 4177 2735 4231 etiam
2788 4192 2926 4231 nunc
2951 4219 2966 4242 ,
2993 4194 3113 4231 cum
3163 4187 3376 4246 tempus
3413 4193 3517 4232 non
3559 4187 3674 4242 est,

2091 4269 2552 4324 circumcisionem
2592 4284 2808 4324 servare
2859 4269 3072 4330 volunt,
3105 4271 3471 4339 pucrilemque
3502 4269 3683 4324 decla-

2093 4372 2212 4417 rant
2241 4371 2496 4416 mentem.
2529 4361 2694 4431 Cujus
2721 4361 2864 4416 euim
2890 4360 2965 4415 rei
2986 4361 3156 4430 gratia
3177 4403 3191 4425 ,
3221 4359 3307 4414 die
3347 4359 3474 4416 mihi
3498 4401 3512 4424 ,
3540 4374 3681 4414 nunc

2093 4453 2398 4509 circumcidi
2430 4453 2654 4508 volunt?
2678 4453 2809 4507 Nam
2863 4462 2988 4508 tunc
3017 4453 3231 4523 quidem
3257 4497 3272 4516 ,
3296 4461 3356 4508 ut
3399 4468 3468 4508 ne
3507 4452 3684 4522 impiis

2095 4547 2199 4602 illis
2223 4547 2470 4617 gentibus
2489 4562 2548 4603 se
2567 4547 3002 4611 commiscerent,
3033 4547 3134 4602 hoc
3160 4547 3210 4601 in
3240 4545 3505 4601 mandatis
3527 4559 3684 4600 accc-

2096 4649 2285 4709 perant
2320 4657 2331 4691 :
2359 4655 2502 4694 nunc
2523 4649 2702 4694 autem
2742 4655 2838 4709 per
2863 4640 2955 4694 Dei
2985 4640 3210 4708 gratiam
3238 4639 3486 4694 omnibus
3513 4637 3580 4691 ad
3607 4637 3688 4690 lu~

2095 4746 2212 4786 cem
2243 4733 2480 4786 veritatis
2505 4732 2747 4788 adductis
2765 4771 2781 4796 ,
2807 4747 2928 4800 qua:
2973 4729 3394 4786 circumcisionis
3436 4728 3634 4782 utilitas
3661 4728 3686 4781 ?

2099 4824 2364 4894 Numquid
2404 4824 2470 4877 ad
2501 4825 2696 4878 animat
2721 4823 3016 4877 libertatem
3057 4819 3253 4891 aliquid
3278 4821 3484 4877 confert
3509 4820 3687 4874 carnis

2098 4916 2403 4986 depositio?
2431 4914 2544 4969 Non
2567 4913 2852 4969 audierunt
2875 4913 3154 4968 manifesto
3189 4913 3352 4966 Demn
3375 4912 3640 4967 dicentem
3669 4929 3682 4964 :

2101 5008 2170 5062 Et
2196 5010 2288 5062 erit
2343 5009 2395 5062 in
2443 5007 2643 5077 signum
2673 5005 2997 5059 testamenti:
3033 5004 3182 5074 quasi
3231 5003 3687 5058 demonstrantem

2101 5099 2247 5168 ipsos
2271 5099 2340 5154 ob
2368 5098 2588 5152 multam
2619 5096 2918 5152 socordiam
2956 5095 3045 5150 tali
3085 5096 3237 5166 signo
3262 5093 3584 5164 indiguisse?
3613 5093 3689 5148 Ita

2101 5191 2242 5244 enim
2274 5201 2329 5244 et
2369 5189 2424 5243 in
2469 5187 2714 5243 humanis
2742 5189 2904 5243 rebus
2948 5201 3347 5254 nonnumquam
3385 5185 3497 5238 ticri
3528 5185 3687 5240 solet.

2103 5283 2325 5350 Quando
2361 5294 2464 5334 non
2497 5281 2754 5335 habemus
2775 5280 3039 5349 aliquibus
3061 5279 3241 5343 tidem,
3265 5293 3513 5332 curamus
3540 5287 3598 5332 ut
3624 5278 3694 5332 ab

2105 5375 2234 5444 ipsis
2272 5373 2478 5440 sig-tum
2531 5372 2764 5441 pignoris
2804 5371 2921 5425 loco
2978 5372 3296 5440 recipiamus
3325 5388 3337 5422 :
3367 5369 3611 5425 similiter
3639 5379 3698 5425 et

2105 5465 2342 5517 omnium
2395 5463 2649 5516 Dominus
2697 5464 2872 5516 sciens
2915 5462 3149 5532 ipsorum
3195 5461 3357 5514 animi
3390 5460 3696 5516 inconstan-

2108 5559 2264 5621 tiun,
2300 5557 2400 5610 hoc
2428 5557 2494 5608 ab
2521 5557 2598 5608 eis
2636 5556 2844 5625 signum
2893 5565 3074 5624 petere
3105 5555 3268 5609 voluit
3293 5572 3306 5609 :
3336 5569 3440 5607 non
3472 5567 3530 5609 ut
3550 5570 3691 5608 sem-

2171 5727 2185 5756 ι
2224 5732 2339 5773 νοτ.
2378 5726 2731 5785 testamentum.
2767 5717 2844 5766 hic
2883 5715 3086 5785 intelligi
3122 5715 3291 5785 debet,
3313 5709 3696 5778 pactum/iullus,

2109 5789 2246 5851 cuius
2266 5787 2458 5848 signum
2481 5790 2532 5832 ct
2549 5779 2816 5845 symbolum
2841 5788 2946 5830 erat
2968 5779 3291 5828 circumcisio.
