4060 6422
479 361 584 417 381

481 489 576 544 per
604 483 818 530 maneat
838 473 1047 545 signum
1071 472 1172 527 hoc
1195 512 1212 540 ,
1231 471 1325 528 sed
1354 481 1712 542 utpostquam
1739 469 1953 539 antiqua
1981 466 2070 520 illa

485 569 645 622 linem
689 565 1014 636 acceperint,
1041 573 1096 620 et
1124 564 1261 636 signi
1292 577 1422 618 usus
1446 561 1739 616 auferatur.
1770 559 1903 615 Nam
1935 559 2074 613 sicut

477 661 568 730 qui
596 661 806 731 signum
828 667 1085 731 expetunt
1103 700 1118 723 ,
1147 667 1200 714 et
1222 658 1412 728 pignus
1438 656 1684 725 accipere
1716 654 1922 719 volunt,
1950 665 2072 706 cum

479 750 748 822 negotium
796 751 1089 822 perfectum
1130 749 1327 812 fuerit,
1356 758 1481 804 tunc
1515 757 1570 802 et
1594 746 1803 816 signum
1835 742 2024 798 tollunt
2057 759 2072 796 :

477 846 549 899 ita
569 845 731 900 etiam
760 844 850 900 hic
871 859 994 900 cum
1018 886 1031 907 .
1073 852 1132 898 ut
1176 842 1400 913 populus
1421 839 1512 895 ille
1541 847 1691 894 ortus
1711 853 1740 892 a
1771 834 2074 907 patriarcha

474 938 796 1008 conspicuus
847 938 1000 993 ﬁeret
1025 976 1041 1001 ,
1084 937 1295 1006 signum
1338 933 1442 989 hoc
1487 931 1629 1003 apud
1665 930 1804 986 vos’
1835 928 2078 984 introdu—

473 1037 621 1083 ctum
643 1029 736 1095 sit,
763 1029 1049 1099 oportebat
1066 1037 1344 1098 postquam
1361 1032 1550 1096 gentes
1569 1022 1675 1077 illa:
1703 1029 1923 1092 propter
1941 1034 2076 1091 quas

475 1121 686 1190 signum
735 1121 1020 1192 accepistis
1042 1162 1058 1188 ,
1093 1119 1285 1190 partim
1315 1116 1509 1174 deleta:
1539 1125 1704 1182 sunt,
1734 1114 1926 1184 partim
1955 1123 2076 1183 poet

476 1213 600 1268 illos
621 1212 690 1268 ad
720 1213 957 1268 veritatis
978 1213 1149 1268 lucem
1165 1219 1506 1267 accesserunt
1530 1251 1546 1275 ,
1576 1223 1683 1263 non
1703 1210 1814 1278 jam
1840 1207 2074 1278 amplius

476 1304 704 1374 propria:
735 1304 1088 1374 improbitatis
1131 1302 1384 1359 indicium
1407 1300 1790 1364 circumferre,
1821 1299 1916 1355 sed
1945 1300 2077 1354 libe-

478 1409 566 1449 ros
589 1410 742 1462 esse,
767 1405 824 1451 et
865 1395 932 1450 ad
961 1397 1240 1466 pristinam
1274 1395 1604 1450 nobilitatem
1636 1392 1834 1448 redire.
1888 1390 2073 1462 Cogita

474 1488 618 1542 enim
670 1488 926 1544 eximium
959 1488 1106 1543 illum
1137 1486 1497 1559 patriarcham
1521 1527 1537 1554 ,
1569 1487 1880 1557 priusquam
1932 1484 2076 1538 acci-

476 1589 627 1648 peret
654 1579 1081 1636 circumeisionis
1121 1579 1432 1634 mandatum
1477 1577 1791 1648 (nonaginta
1839 1576 1982 1630 enim
2017 1583 2074 1630 et

475 1687 666 1728 novem
691 1687 955 1728 annorum
982 1680 1100 1727 erat
1124 1671 1340 1742 quando
1383 1672 1488 1726 hoc
1515 1671 1563 1727 ei
1590 1678 1916 1740 pratceptum
1943 1667 2068 1738 est),

473 1773 749 1835 acceptum
771 1762 936 1819 fuisse
960 1763 1090 1828 Deo,
1119 1773 1175 1818 et
1197 1763 1499 1819 sexcenties
1522 1777 1552 1817 a
1583 1762 1810 1816 Domino
1833 1759 2074 1816 celebra-

475 1869 606 1912 tum.
635 1856 701 1912 Et
717 1857 837 1926 quia
862 1857 1171 1927 propediem
1191 1856 1572 1927 promissiones
1589 1865 1742 1911 erant
1764 1854 2068 1925 implendaa,

475 1948 882 2019 nasciturusque
911 1947 1055 2003 Isaac
1078 1989 1095 2016 ,
1119 1957 1173 2002 et
1198 1947 1500 2018 augendum
1529 1962 1697 2018 genus
1715 1988 1730 2014 ,
1763 1957 1816 2002 et
1845 1947 2068 2016 patriar-

469 2037 586 2093 clue
625 2038 996 2109 etnigraudum
1042 2051 1160 2094 erat
1187 2055 1253 2093 ex
1283 2039 1382 2094 hac
1416 2039 1520 2093 vita
1542 2080 1558 2104 ,
1589 2049 1714 2093 tunc
1739 2039 1952 2093 demum
1979 2052 2071 2092 ae-

470 2131 596 2201 cipit
626 2131 934 2187 mandatum
981 2131 1413 2188 circumcisionis
1432 2172 1448 2197 ,
1478 2131 1610 2185 etin
1639 2131 1726 2184 tali
1755 2139 1915 2186 :etate
1958 2132 2070 2186 eir-

469 2221 810 2288 cumciditur,
831 2231 890 2276 ut
915 2223 1145 2293 posteris
1165 2223 1414 2278 omnibus
1441 2222 1524 2278 lex
1547 2221 1790 2293 quaedam
1808 2231 1864 2278 et
1887 2223 2068 2294 regula

473 2311 663 2370 tierent
687 2330 750 2370 ea
781 2329 902 2384 qua:
933 2313 1231 2385 patriarcha
1263 2315 1408 2384 prior
1432 2313 1650 2369 fecerat.

539 2405 596 2460 5.
631 2404 700 2462 Et
744 2417 803 2461 ut
847 2405 1126 2462 evidenter
1157 2404 1378 2461 discatis
1403 2446 1420 2472 ,
1449 2405 1670 2474 dilecti,
1699 2404 1802 2461 hoc
1845 2406 1975 2460 nihil
2004 2405 2070 2459 ad

468 2493 662 2550 animae
685 2496 932 2551 virtutem
949 2495 1276 2561 conducere,
1298 2510 1365 2551 ex
1383 2495 1449 2550 iis
1462 2511 1582 2566 quae
1606 2494 1746 2551 facta
1763 2506 1886 2550 sunt
1905 2496 2071 2552 videri

469 2595 666 2657 potest.
693 2588 802 2642 Cur
819 2587 961 2644 enim
982 2587 1074 2653 ait,
1103 2587 1230 2643 Octo
1253 2589 1448 2643 dierum
1468 2590 1638 2662 infans
1665 2590 2076 2646 circumcidetm'?

469 2679 706 2751 Tempus
721 2679 1000 2736 definitum
1021 2696 1142 2737 esse
1161 2697 1192 2736 a
1214 2681 1443 2752 benigno
1462 2683 1571 2737 Deo
1589 2682 1796 2738 dualms
1815 2683 1884 2739 de
1898 2685 2074 2738 causis

473 2772 668 2843 opinor
695 2791 710 2830 :
738 2789 845 2829 una
869 2814 884 2838 ,
914 2783 972 2829 ut
1002 2774 1054 2829 in
1084 2784 1245 2831 aetate
1275 2774 1555 2831 immatura
1598 2777 1806 2831 facilius
1834 2791 2067 2834 cireum-

469 2864 688 2920 uisionis
721 2864 774 2919 in
803 2880 968 2921 carne
993 2866 1296 2922 molestiam
1339 2865 1482 2923 ferre
1510 2876 1722 2938 posset;
1752 2868 1855 2924 alia
1895 2878 1954 2924 ut
1979 2883 2067 2925 re-

470 2955 572 3010 bus
601 2954 730 3026 ipsis
763 2955 1095 3013 disceremus
1124 2957 1176 3013 id
1201 2959 1398 3014 animm
1429 2959 1561 3014 nihil
1599 2959 1928 3026 conducere,
1973 2964 2066 3017 sed

468 3044 572 3102 hoc
601 3045 714 3102 fieri
741 3046 876 3119 signi
907 3049 1095 3119 gratia.
1128 3049 1266 3105 Puer
1290 3051 1435 3104 enim
1465 3051 1782 3108 immaturus
1802 3095 1817 3120 ,
1848 3068 1971 3109 cum
2001 3070 2065 3110 ea

469 3155 591 3209 qua:
620 3139 753 3194 fiunt
783 3142 1015 3211 ignorat,
1041 3157 1215 3210 neque
1240 3159 1456 3198 sensum
1483 3159 1671 3200 eorum
1696 3145 1876 3209 habet,
1908 3162 2068 3217 quam

471 3229 596 3286 inde
640 3232 691 3286 in
732 3233 909 3286 anima
954 3247 1047 3285 sua
1088 3235 1368 3289 utilitatem
1411 3237 1653 3306 accipere
1694 3237 1936 3308 poterit?
1975 3238 2066 3293 Illa

469 3322 611 3377 enim
649 3331 774 3378 sunt
804 3337 928 3379 vere
957 3324 1092 3380 bona
1120 3340 1282 3395 ept-ra
1312 3325 1506 3381 animat
1524 3367 1539 3391 ,
1571 3342 1691 3396 qua:
1718 3343 1786 3382 ex
1808 3327 2069 3384 electione

471 3417 624 3468 liunt.
655 3414 862 3470 Anima:
891 3416 1033 3471 cnim
1056 3417 1253 3472 bonum
1280 3433 1415 3487 opus
1443 3427 1529 3473 est
1559 3418 1806 3473 virtutem
1833 3420 2032 3490 eligere
2051 3463 2067 3484 ,

469 3513 524 3560 et
544 3507 800 3560 malitiam
824 3505 1038 3578 fugere;
1061 3510 1254 3562 anima:
1275 3507 1474 3563 bonum
1495 3525 1628 3579 opus
1649 3520 1750 3576 est,
1778 3527 1881 3565 non
1909 3511 2070 3565 modo

471 3611 577 3651 non
611 3597 760 3666 plura
783 3614 943 3668 quam
974 3609 1189 3669 oportet
1212 3601 1596 3671 concupiscere
1621 3643 1635 3667 ,
1670 3602 1764 3656 sed
1799 3603 1959 3657 etiam
1985 3602 2068 3657 fa-

469 3687 697 3742 cultates
737 3687 972 3742 tribuere
1017 3689 1420 3758 indigentibus;
1468 3692 1664 3746 anima:
1702 3693 1898 3747 bonum
1937 3709 2070 3763 opus

468 3787 553 3830 est
575 3817 592 3842 ,
625 3791 732 3832 non
756 3777 1026 3833 addictum
1065 3794 1186 3835 esse
1231 3779 1391 3836 rebus
1436 3781 1822 3852 praesentibus,
1855 3783 1948 3838 sed
1977 3799 2071 3839 eas

473 3869 996 3939 quidemdespicere
1016 3912 1032 3938 ,
1066 3870 1273 3926 futuras
1310 3881 1490 3929 autem
1519 3874 1776 3929 continuo
1809 3875 1860 3929 in
1889 3876 2070 3930 animo

471 3950 690 4017 habere.
716 3961 772 4017 ln
801 3977 963 4018 carne
985 3979 1114 4020 vero
1142 3963 1354 4036 signum
1383 3966 1650 4038 accipere,
1678 3969 1838 4038 quale
1868 3969 2065 4023 bonum

469 4068 604 4121 opus
644 4051 848 4108 fuerit?
877 4053 1073 4109 Verum
1117 4056 1309 4124 ingrati
1354 4056 1427 4112 illi
1472 4066 1526 4112 et
1572 4058 1828 4114 insensat-i
1855 4059 2024 4116 Judzei
2054 4102 2068 4126 ,

468 4145 712 4214 quamvis
732 4146 842 4216 jam
866 4145 1099 4201 illuxerit
1122 4147 1341 4216 vet-itas,
1369 4147 1546 4204 adhuc
1572 4149 1625 4203 in
1647 4153 1834 4206 umbra
1860 4151 2070 4221 sedent,

468 4247 522 4291 et
552 4240 801 4307 quamvis
832 4239 911 4293 sol
931 4239 1152 4308 justitite
1171 4238 1452 4307 affulserit,
1480 4241 1571 4310 qui
1593 4240 1730 4296 lucis
1755 4258 1868 4297 suae
1890 4242 2072 4299 radios

471 4327 704 4400 tmdique
727 4330 926 4396 emisit,
948 4331 1123 4386 adhuc
1151 4331 1462 4388 lueernariae
1487 4333 1592 4388 luci
1619 4344 1746 4390 sunt
1768 4335 2000 4404 addicti;
2021 4347 2076 4394 et

469 4422 712 4490 quamvis
761 4421 830 4476 sit
875 4431 1084 4490 tempus
1130 4433 1185 4477 ut
1227 4423 1402 4480 solido
1436 4435 1724 4496 pascantur
1767 4428 1924 4494 cibo,
1973 4431 2071 4500 ipsi

470 4513 648 4567 adlme
668 4514 803 4568 lacte
832 4515 1181 4580 nutriuntur;
1208 4530 1384 4586 neque
1404 4517 1614 4572 beatum
1639 4519 1859 4575 Paulum
1887 4523 2074 4578 audire

471 4604 655 4660 Volunt
675 4604 992 4661 clamantem
1009 4621 1053 4662 e'
1078 4607 1343 4662 (licentem
1362 4607 1431 4664 de
1449 4609 1744 4678 patriarcha
1763 4629 1781 4667 :
1797 4611 1860 4666 Et
1875 4616 2074 4685 signum

470 4697 660 4768 accepit
685 4696 1112 4763 circmucisionis,
1137 4698 1455 4768 signaculum
1469 4700 1692 4771 justititc
1713 4703 1834 4770 ﬁdei
1857 4721 1972 4774 qua
1999 4717 2073 4761 est

471 4788 525 4841 in
546 4788 797 4857 prwptttio
825 4787 1011 4859 (Rom.
1043 4790 1097 4845 4.
1127 4790 1182 4844 ll
1213 4792 1251 4858 ).
1286 4788 1417 4846 Vide
1437 4792 1706 4861 quomodo
1731 4803 1953 4866 utraque
1974 4814 2073 4853 nos

471 4879 674 4948 docuit,
705 4891 762 4938 et
787 4883 960 4953 ipsum
991 4884 1263 4952 accepisse
1288 4883 1425 4955 signi
1449 4885 1568 4940 loco
1587 4886 2070 4954 circumcisiouem,

472 4983 677 5030 etcum
725 4978 1072 5045 prteputiatus
1117 4986 1234 5032 erat
1259 5019 1274 5044 ,
1299 4977 1559 5046 justitiam
1597 4996 1718 5050 qua:
1755 4993 1838 5036 est
1876 4998 1940 5038 ex
1969 4983 2074 5038 fide

471 5066 790 5122 ostendisse.
818 5066 948 5121 Nam
979 5081 1046 5122 ne
1077 5067 1412 5137 impudenter
1431 5067 1647 5123 Judzeus
1669 5069 1815 5125 dicat
1845 5090 1858 5125 :
1886 5071 2074 5127 Nonne

471 5159 810 5215 circumcisio
855 5159 904 5214 ei
943 5158 1204 5230 justitiam
1249 5163 1596 5216 conciliavit?
1640 5163 1840 5218 idcirco
1887 5165 2074 5221 beatus

477 5251 566 5308 ille
591 5251 656 5307 ad
685 5251 849 5322 pedes
877 5250 1187 5308 Gamalielis
1220 5253 1462 5310 eruditus
1490 5254 1642 5326 (Act.
1678 5257 1768 5310 22.
1797 5257 1832 5312 5
1851 5258 1870 5326 )
1889 5297 1906 5322 ,
1937 5267 1989 5312 et
2021 5259 2074 5313 in

474 5341 589 5413 lege
629 5343 870 5414 apprime
917 5343 1226 5407 institutus,
1260 5343 1430 5414 inquit
1463 5365 1477 5401 :
1506 5345 1584 5400 Ne
1619 5348 1813 5414 putetis
1837 5387 1852 5412 ,
1898 5349 2069 5419 impu~

474 5431 662 5489 dentes
683 5433 877 5503 Judaei,
905 5435 1366 5490 circumcisionetn
1390 5435 1488 5505 ipsi
1511 5436 1708 5507 aliquid
1729 5438 1795 5491 ad
1812 5438 2074 5507 justitiam

474 5524 764 5581 contulisse
790 5543 805 5580 :
829 5541 954 5581 nam
983 5541 1104 5581 cum
1125 5525 1218 5579 illo
1244 5534 1484 5596 tempore
1510 5527 1752 5596 praeputii
1784 5527 1940 5583 fidem
1965 5544 2075 5599 pra:

540 5681 557 5712 ⁸
591 5681 775 5755 ψει..-
796 5680 868 5732 ita
901 5683 1049 5734 etiam
1094 5681 1194 5755 hic,
1235 5695 1362 5751 cum.
1401 5689 1450 5731 ut
1487 5683 1866 5755 distingueretur
1913 5700 2072 5738 senm

469 5741 699 5795 Abralta'.
734 5750 775 5791 ct
801 5755 891 5793 nou
916 5756 1023 5792 cum
1046 5744 1263 5804 gentibus
1287 5747 1586 5803 misceretur,
1614 5741 1804 5808 siqttton
1828 5748 1916 5798 hoc
1940 5765 2067 5812 aput

472 5815 577 5855 rus.

1202 360 1265 414 S.
1306 355 1586 414 JOANMS
1625 351 2097 411 CHRYSOSTOMI
2138 351 2459 409 ARCIIIEP.
2502 354 3033 412 CONSTANTINOP.

3671 365 3771 421 36$

2179 480 2240 520 se
2264 464 2426 521 ferret
2451 510 2466 531 ,
2513 468 2714 523 audivit
2744 485 2759 524 :
2791 469 3016 524 Credidit
3047 481 3216 525 autem
3253 473 3502 528 Abraham
3543 473 3653 532 Deo
3674 518 3690 545 ,
3726 489 3772 533 cs

2179 568 2470 628 rcputatum
2501 570 2574 615 est
2599 561 2645 614 ci
2669 562 2722 615 itt
2738 561 2994 633 justitiam
3025 563 3219 635 (Rom.
3251 564 3308 618 ι.
3335 565 3371 620 3
3391 568 3429 636 ).
3458 567 3591 623 Cum
3621 569 3774 641 igitur

2181 657 2327 704 esset
2361 649 2472 720 jam
2505 651 2684 721 justus
2725 653 2796 708 ob
2835 669 2986 708 suam
3036 655 3090 709 in
3123 655 3293 711 Deum
3344 657 3500 714 fidem
3527 701 3545 725 ,
3573 670 3696 717 tunc
3721 665 3771 718 in

2181 741 2390 810 signum
2421 742 2886 799 eireumcisionem
2923 746 3130 817 accepit
3161 764 3175 800 :
3205 758 3260 803 et
3303 748 3528 819 primum
3567 754 3770 822 quidem

2183 833 2386 888 nomini
2415 834 2532 905 ejus
2561 835 2715 890 litera
2742 836 2978 904 additur,
3005 838 3206 894 deinde
3233 852 3413 896 autem
3443 844 3773 902 circumcisio

2183 924 2509 995 imperatur:
2542 942 2650 997 quo
2669 929 2903 984 ostendit
2932 929 3075 986 Deus
3099 947 3160 987 se
3179 933 3250 987 ob
3280 935 3496 989 multam
3530 937 3772 994 virtutem

2175 1017 2378 1087 justum
2403 1020 2748 1089 peculiariter
2770 1021 3056 1091 adoptasse
3080 1064 3095 1089 ,
3124 1033 3178 1079 et
3203 1035 3425 1096 propter
3451 1027 3595 1082 illum
3623 1031 3771 1084 etiam

2149 1148 2155 1154 -
2180 1125 2275 1164 eos
2300 1112 2390 1180 qui
2419 1126 2483 1167 ex
2512 1127 2579 1167 eo
2605 1113 2856 1168 nascituri
2886 1124 3060 1169 erant.
3090 1117 3157 1171 Et
3183 1119 3628 1188 quemadmodum
3659 1137 3771 1176 cum

2181 1203 2302 1273 quis
2331 1219 2552 1259 servum
2597 1207 3020 1275 comparaverit,
3066 1224 3260 1264 nomen
3293 1211 3408 1280 ejus
3448 1221 3500 1265 et
3541 1211 3769 1268 habittun

2180 1307 2325 1364 strpe
2357 1295 2624 1362 immutat,
2650 1299 2938 1368 omniaque
2967 1298 3116 1366 facit,
3147 1311 3204 1355 ut
3224 1303 3426 1356 sciatur
3455 1304 3621 1373 ipsius
3641 1320 3771 1367 esse,

2181 1400 2245 1442 ac
2269 1389 2370 1443 sub
2410 1389 2568 1458 cujus
2592 1390 2662 1443 sit
2690 1389 2964 1446 dominatu
2995 1407 3106 1462 prae
3126 1407 3188 1448 se
3218 1393 3350 1448 ferat
3383 1412 3395 1443 :
3430 1396 3500 1449 ita
3531 1396 3771 1450 nimirum

2178 1490 2236 1536 et
2263 1483 2502 1536 omnium
2534 1483 2822 1552 Dominus,
2848 1485 2999 1556 quasi
3026 1485 3251 1557 posthac
3277 1501 3524 1556 scparare
3554 1504 3649 1543 eos
3685 1505 3773 1542 vo-

2181 1575 2299 1630 lens
2338 1574 2406 1630 ab
2437 1575 2555 1630 aliis
2581 1575 2885 1632 hominibus
2905 1619 2920 1639 .
2947 1577 3155 1648 adjecta
3183 1579 3396 1649 quidem
3430 1580 3580 1634 litera
3607 1581 3772 1637 decla-

2179 1667 2315 1721 ravit
2336 1666 2483 1721 illum
2505 1667 2790 1723 multorum
2814 1669 3127 1739 populorum
3157 1671 3272 1726 fore
3295 1686 3532 1741 patrem;
3556 1673 3774 1727 circum-

2177 1758 2380 1813 cisione
2408 1767 2587 1814 autem
2606 1759 2721 1828 ejus
2743 1761 2996 1830 populum
3024 1761 3334 1818 distinctum
3359 1763 3488 1829 fore,
3519 1773 3577 1820 et
3601 1779 3774 1820 semen

2177 1864 2243 1905 es
2269 1864 2336 1905 eo
2357 1851 2682 1906 nasciturum
2703 1851 2772 1906 ab
2789 1852 2908 1906 aliis
2926 1852 3174 1922 gentibus
3193 1863 3610 1924 sequestratum.
3631 1854 3774 1921 Quod

2178 1945 2222 1998 si
2266 1951 2321 1999 et
2367 1945 2443 1999 illi
2472 1945 2543 2000 ob
2585 1946 2882 2000 caecitatem
2928 1960 3080 2000 suam
3119 1945 3294 2001 adhuc
3330 1962 3550 2001 servare
3603 1950 3777 2002 volunt

2178 2036 2356 2090 carnis
2383 2035 2869 2103 circumeisienem,
2904 2052 3010 2091 non
3028 2036 3308 2093 audientes
3339 2040 3533 2094 iterum
3558 2038 3768 2094 Paulum

2178 2125 2442 2182 dicentem
2464 2145 2476 2182 :
2499 2127 2560 2182 Si
2570 2127 3006 2191 circtmtcidimitti,
3025 2127 3254 2185 Christus
3267 2129 3393 2184 nihil
3415 2129 3554 2184 nobis
3566 2131 3776 2201 proderit

2177 2217 2394 2290 (Colat.
2427 2220 2481 2276 5.
2511 2219 2586 2291 8)
2620 2220 2785 2293 (nam
2823 2229 3044 2290 propter
3083 2221 3199 2276 haec
3237 2220 3452 2276 advenit
3481 2221 3736 2276 Dominus
3760 2261 3774 2285 ,

2179 2319 2237 2364 ut
2265 2310 2446 2365 omnia
2475 2310 2564 2364 illa
2592 2309 2825 2375 tolleret,
2857 2321 3018 2380 atque
3047 2311 3166 2366 ideo
3193 2319 3359 2366 totam
3390 2311 3566 2382 legem
3600 2312 3776 2380 imple-

2178 2403 2274 2468 vit,
2311 2410 2369 2456 ut
2388 2401 2521 2472 legis
2548 2401 2856 2458 observatio
2886 2403 3043 2456 linem
3064 2401 3287 2458 haberet
3314 2419 3328 2460 :
3353 2401 3557 2458 idcirco
3577 2401 3780 2458 dicebat

2180 2493 2366 2548 beatus
2389 2491 2582 2547 Paulus
2609 2508 2624 2546 :
2650 2491 2964 2563 Quicumque
2982 2493 3035 2546 in
3054 2492 3550 2564 legcjttstiﬁcamitti,
3575 2509 3607 2545 a
3627 2493 3779 2564 gratia

2171 2586 2438 2641 cxcidistis
2466 2584 2630 2660 [Ibid.
2663 2601 2712 2641 υ.
2743 2582 2882 2660 ι])ι
2929 2601 3116 2642 verum
3158 2599 3257 2640 nos
3296 2600 3588 2656 pareamus
3634 2586 3779 2640 beato

2181 2677 2324 2743 huic,
2348 2687 2403 2733 et
2418 2693 2524 2733 non
2543 2677 2900 2732 manufactam
2915 2677 3379 2732 circumeisionem
3400 2677 3774 2747 suscipiamus.

2183 2772 2320 2828 Dicit
2343 2772 2490 2828 enim
2510 2814 2524 2838 ,
2556 2771 2622 2826 In
2647 2788 2746 2842 quo
2779 2771 3064 2825 circumcisi
3104 2771 3222 2825 estis
3255 2769 3643 2824 circumcisione
3681 2786 3772 2823 ιιοκ

2180 2865 2494 2936 manufacta,
2539 2865 2594 2920 its
2617 2864 2988 2935 despotiatione
3017 2873 3340 2934 peccatorum
3370 2864 3541 2917 carnis
3563 2905 3578 2928 ,
3610 2865 3663 2918 iu
3689 2864 3758 2916 rir

2177 2957 2481 3014 cumcisionc
2505 2957 2694 3013 Christi
2718 2961 2735 3027 (
2759 2958 2952 3012 Cotoss.
2983 2956 3038 3011 2.
3070 2958 3129 3012 ll
3155 2957 3192 3026 ).
3228 2955 3430 3012 Deinde
3451 2956 3662 3013 docens
3689 2972 3773 3011 no.-

2180 3051 2491 3120 diligentins
2537 3050 2663 3120 quid
2695 3051 2765 3102 sit
2807 3048 3071 3118 ejusmodi
3141 3047 3510 3109 circumcisio,
3565 3048 3779 3103 subdit:

2177 3145 2473 3218 Conseputti
2524 3146 2569 3199 ei
2596 3147 2650 3198 in
2688 3143 2937 3214 baptismo
2970 3141 3146 3216 (Ibid.
3198 3158 3246 3197 tt.
3295 3141 3416 3212 12).
3459 3141 3614 3198 Sicut
3645 3143 3779 3197 enim

2179 3237 2298 3292 illos
2321 3235 2741 3292 circumcisionis
2771 3235 2982 3306 signum
3007 3234 3074 3288 ab
3117 3235 3236 3288 aliis
3262 3234 3506 3304 gentibus
3539 3249 3776 3305 segrega-

2176 3329 2265 3384 bat
2284 3369 2299 3394 ,
2326 3337 2382 3384 et
2405 3327 2808 3383 demonstrabat
2831 3340 2928 3382 eos
2975 3325 3319 3396 peculiariter
3353 3325 3420 3380 ad
3448 3325 3620 3381 Deum
3663 3341 3779 3396 pcr-

2180 3421 2350 3476 tinere
2393 3437 2406 3474 :
2439 3417 2601 3473 simili
2633 3418 2794 3487 modo
2819 3418 2983 3473 etiam
3023 3417 3163 3488 apud
3191 3433 3289 3472 nos
3327 3418 3668 3474 circumcisio
3696 3432 3779 3486 per

2179 3511 2500 3582 baptismum
2526 3510 2912 3566 evidentiorem
2930 3509 3053 3564 facit
3077 3509 3470 3578 separationem
3499 3519 3558 3564 et
3582 3508 3778 3563 discre-

2175 3603 2378 3658 tionem
2405 3601 2642 3656 fidelium
2669 3611 2722 3656 et
2751 3601 3064 3656 infidelium.
3098 3600 3234 3656 Dicit
3261 3601 3404 3656 enim
3435 3619 3448 3654 :
3488 3599 3558 3654 In
3573 3617 3671 3671 quo
3688 3601 3779 3654 cir-

2178 3693 2389 3748 cumcisi
2399 3694 2516 3750 estis
2531 3693 2909 3747 circumcisione
2919 3709 3019 3748 ttou
3032 3693 3341 3762 utanttfarta,
3362 3692 3414 3747 in
3425 3692 3778 3762 despoliationc

2181 3797 2500 3858 peccatorum
2518 3787 2708 3841 carnis.
2744 3785 2876 3842 Nam
2905 3786 2959 3841 id
2983 3801 3072 3856 qut
3091 3786 3127 3841 d
3159 3787 3264 3841 illic
3279 3795 3536 3854 operatur
3555 3787 3776 3840 cireum-

2179 3881 2313 3936 cisio
2334 3880 2387 3934 in
2404 3879 2794 3950 depositionem
2815 3879 3122 3946 earnis,hoc
3151 3880 3239 3935 hic
3273 3880 3382 3947 agit
3411 3878 3706 3950 baptismus
3727 3879 3776 3930 iu

2181 3973 2571 4042 depositionem
2616 3981 2979 4043 peccatorum.
3043 3971 3206 4042 Igitur
3246 3972 3336 4042 qui
3398 3971 3567 4027 semel
3611 3970 3776 4026 Carnis
3826 3967 3836 3980 '

2183 4078 2399 4137 peccata
2445 4063 2724 4129 exuimus,
2767 4050 3050 4136 et‘puram
3098 4064 3266 4118 induti
3307 4078 3492 4118 sumus
3539 4073 3773 4119 vestem.

2182 4171 2515 4222 maneamus,
2544 4155 2750 4222 dilecti,
2780 4156 2833 4209 in
2860 4156 3106 4226 puritate.
3133 4166 3184 4208 rt
3211 4154 3582 4209 affectionibus
3605 4152 3774 4209 carnis

2180 4249 2488 4319 superiores
2504 4248 2624 4302 facti
2640 4248 2888 4302 virtutem
2909 4247 3296 4316 amplexemur.
3318 4245 3377 4298 Et
3397 4244 3489 4314 qui
3504 4245 3606 4298 sub
3621 4242 3775 4312 gratia

2181 4355 2398 4407 sumus,
2427 4355 2550 4396 eum
2569 4340 2658 4411 qui
2683 4339 2736 4394 in
2757 4340 2902 4410 lege,
2938 4339 3048 4394 imo
3071 4347 3193 4394 ante
3220 4337 3391 4407 legem
3421 4336 3538 4402 fuit,
3568 4335 3777 4390 amulo-

2181 4449 2344 4489 mur:
2379 4443 2436 4489 ut
2462 4447 2587 4488 eum
2611 4432 2834 4502 vestigia
2853 4432 2972 4502 ejus
3010 4429 3283 4501 sequendo
3326 4429 3491 4484 vitam
3538 4435 3772 4483 nostram

2183 4525 2483 4581 rexerimus
2505 4567 2521 4590 ,
2571 4539 2877 4580 mereamur
2916 4523 2970 4579 in
3017 4523 3161 4578 illius
3197 4523 3347 4577 sinus
3381 4535 3686 4584 occurrere,
3728 4529 3778 4573 et

2183 4616 2525 4686 sempiternis
2569 4614 2670 4670 frui
2697 4614 2885 4681 bonis,
2923 4615 3093 4687 gratia
3125 4623 3184 4668 et
3224 4613 3546 4684 benignitate
3578 4610 3776 4666 Domini

2183 4708 2349 4762 nostri
2380 4705 2506 4762 Jesu
2531 4703 2766 4772 Christi,
2794 4721 2917 4760 eum
2948 4720 3056 4776 quo
3087 4704 3252 4769 Patri,
3275 4713 3333 4759 et
3356 4702 3575 4773 Spiritui
3600 4711 3777 4758 saneto

2183 4799 2252 4852 sit
2279 4797 2472 4867 gloria,
2496 4797 2778 4866 imperium
2801 4806 2856 4851 et
2891 4797 3062 4851 honor
3082 4836 3097 4862 ,
3137 4808 3280 4851 nunc
3304 4803 3359 4851 et
3385 4809 3618 4864 semper,
3645 4801 3700 4848 et
3727 4791 3774 4845 in

2181 4891 2372 4949 sarcula
2399 4890 2738 4946 saeculorum.
2769 4893 2959 4944 Amen.

2764 5025 3045 5082 llOMlLlA
3085 5024 3198 5082 XL.

2185 5139 2250 5193 Et
2297 5139 2425 5203 dixit
2469 5137 2611 5193 Deus
2658 5139 2876 5193 Abrahae
2901 5155 2920 5192 :
2962 5139 3096 5194 Sara
3127 5154 3258 5191 tta-or
3283 5145 3372 5189 tua
3400 5153 3498 5190 non
3527 5135 3773 5189 vocabitur

2280 5232 2433 5294 Sura,
2465 5233 2553 5286 sed
2582 5232 2744 5286 Sarra
2775 5233 2868 5286 crit
2899 5249 3080 5285 nomen
3112 5231 3224 5302 ejus
3248 5228 3408 5301 (Gen.
3435 5229 3520 5284 17.
3552 5229 3618 5283 15
3639 5229 3678 5298 ).

2262 5325 2312 5379 l.
2347 5327 2458 5394 Age
2493 5323 2750 5392 reliquias
2786 5323 3052 5378 hesterna:
3093 5338 3292 5377 mensa:
3319 5322 3470 5376 vobis
3515 5333 3772 5390 pr0p0ua-

2186 5433 2326 5482 mus,
2359 5427 2413 5470 et
2439 5416 2600 5471 linem
2635 5415 2794 5470 hodie
2825 5417 3162 5485 imponamus
3186 5414 3446 5477 sermoni,
3481 5413 3587 5468 imo
3613 5413 3772 5466 bene-

2184 5507 2404 5565 dictioni
2448 5519 2502 5561 et
2535 5507 2874 5577 promissioni
2910 5523 3072 5577 quam
3121 5506 3244 5561 fecit
3273 5508 3638 5562 universorum
3678 5502 3773 5556 Do-

2187 5602 2364 5655 minus
2393 5599 2732 5669 patriarchae.
2780 5600 2978 5656 Verum
3017 5599 3241 5655 audiens
3265 5599 3520 5670 reliquias
3544 5610 3770 5658 mensae,

2186 5708 2254 5748 ne
2283 5692 2408 5761 quid
2437 5692 2692 5747 sensibile
2714 5691 3004 5761 suspiceris
3029 5709 3042 5746 :
3073 5707 3246 5762 neque
3269 5692 3412 5746 enim
3439 5691 3623 5762 quales
3657 5695 3785 5743 sunt-

2187 5783 2488 5838 eduliorum
2534 5785 2899 5848 sensibilium,
2951 5785 3082 5840 tales
3129 5784 3487 5856 spiritualium
3524 5781 3765 5853 relinic.
