4060 6418
432 399 537 455 569

429 513 575 568 τικά.
610 513 822 567 Ἐκεῖνα
857 513 954 584 μὲν
980 511 1088 584 γάρ
1111 512 1252 564 ἕωλα
1273 512 1536 583 γινόμενα
1564 513 1626 566 οὑ
1647 513 1745 585 τὴν
1772 514 1940 585 αὑτὴν
1963 531 2104 584 παρ-

428 603 545 672 έχει
586 601 780 672 ἡδονὴν
816 602 929 662 τοῖς
961 598 1345 668 ἑστιωμένοις·
1377 601 1427 653 εί
1470 599 1529 652 δὲ
1564 600 1658 653 καὶ
1697 600 1827 672 μίαν
1859 602 1954 654 καὶ
1987 601 2106 654 δευ-

426 690 598 760 τέραν
624 688 839 759 ἡμέραν
871 686 1282 758 καταλειφθείη,
1322 687 1573 758 ἀχρηστα
1593 687 1779 742 λοιπὸν
1812 691 1989 760 πάντη
2020 688 2110 757 γί-

430 791 582 828 νεται
601 791 615 806 ο
644 773 818 827 ταῦτα
849 773 906 827 δέ
933 772 1004 826 τά
1025 773 1258 842 λείψανα
1287 774 1349 826 οὑ
1391 774 1520 845 μίαν
1551 775 1645 829 καὶ⁵
1675 775 1934 848 δευτέραν
1972 775 2110 846 ἡμέ-

433 879 555 934 ραν,
584 861 722 916 ἀλλὰ
746 859 850 914 κᾶν
870 859 1208 931 διηνεκεῖτῷ
1236 861 1393 914 αἰῶνι
1417 861 1833 932 καταλείπηται,
1861 862 1962 933 τὴν
1987 863 2110 931 ῐσην

429 950 696 1021 ὠφέλειαν
721 949 1043 1021 παρέχεται,
1075 949 1171 1002 καὶ
1197 948 1296 1020 τὴν
1323 949 1517 1020 ἡδονὴν
1537 949 1638 1003 οὑκ
1663 949 1924 1002 ἀπόλλυσι
1946 967 1959 979 ·
1989 949 2111 1004 θεῖα

428 1038 540 1110 γάρ
571 1039 689 1091 ἐστι
717 1038 812 1091 καὶ
841 1036 1208 1107 πνευματικὰ,
1244 1037 1337 1090 καὶ
1362 1035 1619 1106 οὐδεμίαν
1651 1036 1757 1090 ὑπὸ
1783 1036 1878 1091 τοῦ
1914 1036 2108 1109 χρόνου

432 1125 639 1197 βλάϐην
678 1123 993 1195 ὑφίσταται,
1027 1123 1162 1176 ἀλλὰ
1199 1122 1322 1176 καθ’
1361 1121 1599 1194 ἑκάστην
1647 1123 1860 1195 ἡμέραν
1907 1122 2109 1194 νεαρὰν

428 1207 668 1268 δείκνυσι
693 1213 795 1283 τήν
819 1213 1004 1284 χάριν,
1032 1211 1127 1264 καὶ
1154 1210 1358 1280 πολλῆς
1385 1209 1692 1282 ἐμπίπλησι
1715 1211 1816 1282 τῆς
1842 1210 2112 1284 εὐφροσύ-

431 1318 531 1372 νης
582 1301 710 1364 τοὺς
751 1296 1046 1353 ἀπολαύειν
1096 1297 1304 1352 τούτων
1374 1295 1751 1366 βουλομένους.
1811 1295 1965 1349 Ἐπεὶ
2016 1292 2112 1350 οὖν

431 1389 654 1458 τοιαύτη
691 1385 898 1440 τούτων
926 1384 1035 1438 τῶν
1066 1383 1338 1454 λειψάνων
1383 1385 1417 1454 ἡ
1465 1383 1721 1453 δύναμις,
1764 1382 1920 1455 φέρε,
1973 1385 2114 1456 μετά

431 1476 741 1549 προθυμίας
769 1475 862 1528 καὶ
883 1475 1042 1546 ὑμεῖς
1074 1472 1177 1543 τῆς
1200 1472 1312 1526 ἀπὸ
1335 1471 1543 1526 τούτων
1565 1470 1921 1536 ἀπολαύσεως
1943 1473 2115 1543 ἐμφο-

435 1565 658 1637 ρήθητε,
695 1562 791 1614 καὶ
812 1563 975 1632 ἡμεῖς
1003 1559 1336 1632 θαρροῦντες
1365 1558 1548 1613 αὑτῶν
1568 1561 1636 1630 τῇ
1665 1559 1896 1630 δυνάμει
1928 1576 2112 1632 παρα-

433 1652 616 1724 θῶμεν
645 1649 786 1704 αὑτά
810 1651 875 1719 τῇ
898 1649 1146 1719 ὑμετέρᾳ
1163 1647 1379 1718 ἀγάπῃ.
1417 1646 1559 1700 Ἀλλ’
1585 1647 1673 1700 ἵνα
1696 1647 1824 1718 δόξῃ
1847 1647 2115 1717 σαφέστε-

436 1757 528 1812 ρος
567 1740 698 1809 ὑμῖν
738 1736 986 1806 γίνεσθαι
1027 1738 1057 1790 ό
1087 1735 1267 1804 λόγος,
1307 1734 1606 1802 ἀναγκαῖον
1640 1734 1736 1788 τοῦ
1782 1735 1970 1798 τέλους
2003 1735 2114 1789 τῶν

432 1827 561 1901 χθὲς
583 1824 892 1897 εἰρημένων
919 1821 1358 1894 ὑπομνησθῆναι,
1390 1822 1459 1875 ἵν’
1496 1820 1639 1876 οὕτω
1665 1825 1762 1894 τῆς
1790 1822 2113 1888 ἀκολουθίας

433 1913 843 1984 ἐπιλαϐόμενοι,
872 1911 972 1982 τῆς
1005 1909 1352 1974 διδασκαλίας
1385 1909 1672 1981 ἁψώμεθα.
1706 1910 1817 1982 Τὴν
1851 1911 1980 1982 περὶ
2014 1910 2114 1983 τῆς

434 2000 741 2072 περιτομῆς
767 1999 986 2067 ἐντολήν
1019 1999 1101 2061 είς
1132 1997 1299 2068 μέσον
1339 1997 1780 2070 παραγαγόντες,
1816 1999 1913 2053 καὶ
1937 1999 2021 2052 ὅτι
2044 1993 2115 2051 εῐ-

436 2107 534 2146 πεν
566 2091 594 2142 ό
616 2087 748 2151 Θεὸς
772 2085 852 2157 τῷ
885 2085 1221 2158 πατριάρχῃ,
1252 2085 1768 2155 Περιτμηθήσεται
1795 2085 1964 2156 ὑμῶν
1990 2084 2116 2141 πᾶν

431 2172 777 2244 ἀρσενικὸν,
799 2171 898 2225 καὶ
929 2170 1102 2225 ἔσται
1127 2171 1196 2224 ὲν
1217 2172 1446 2240 σημείῳ
1465 2169 1756 2239 διαθήκης
1781 2170 1898 2226 ἀνὰ
1917 2170 2116 2242 μέσον

432 2262 580 2333 ἐμοῦ
605 2262 705 2315 καὶ
727 2260 924 2331 ὑμῶν·
968 2259 1066 2313 καὶ
1109 2257 1354 2312 παιδίον
1391 2258 1545 2312 ὀκτὼ
1573 2258 1808 2328 ἡμερῶν
1834 2274 2116 2328 περιτμη-

434 2351 681 2418 θήσεται
703 2367 716 2382 ·
745 2349 845 2403 καὶ
869 2347 938 2412 ὃς
962 2349 1032 2402 οὐ
1055 2345 1579 2415 περιτμηθήσεται,
1609 2345 2115 2415 ἐξολοθρευθήσε-

433 2454 530 2492 ται
554 2439 593 2505 ἡ
616 2435 790 2506 ψυχὴ
823 2435 1050 2501 ἐκείνη,
1082 2433 1173 2486 ὅτι
1201 2432 1317 2500 τὴν
1341 2432 1638 2501 διαθήκην
1661 2450 1782 2502 μου
1809 2432 2115 2487 διεσκέδα·

434 2539 576 2577 σενο
601 2523 834 2576 ἐνταῦθα
859 2525 938 2585 είς
972 2521 1062 2574 τὸν
1087 2521 1186 2589 τῆς
1216 2520 1521 2592 περιτομῆς
1553 2519 1712 2588 λόγον
1737 2521 1835 2590 τήν
1863 2519 2118 2574 διδασκα-

437 2610 559 2664 λίαν
600 2609 1016 2680 κατελύσαμεν·
1055 2609 1150 2660 καὶ
1183 2607 1272 2660 ἴνα
1309 2607 1384 2677 μὴ
1423 2605 1500 2676 τῷ
1524 2605 1721 2677 πλήθει
1749 2605 1857 2660 τῶν
1884 2606 2116 2678 λεγομέ-

435 2715 544 2749 νων
565 2694 973 2766 καταχώσωμεν
992 2693 1145 2764 ὑμῶν
1169 2693 1266 2763 τὴν
1287 2692 1548 2758 διάνοιαν,
1577 2692 1892 2765 περαιτέρω
1921 2694 2116 2766 προελο

436 2786 552 2838 θεῖν
583 2785 685 2837 οὑκ
729 2781 1095 2852 ἠνεσχόμεθα.
1128 2781 1264 2834 Οὐδὲ
1297 2781 1407 2852 γάρ
1433 2780 1592 2834 τοῦτο
1621 2784 1780 2852 μόνον
1808 2782 1955 2835 ἐστὶν
1982 2783 2117 2852 ἡμῖν

435 2872 498 2925 τὸ
525 2869 981 2940 σπουδαζόμενον,
996 2869 1058 2921 τὸ
1073 2866 1246 2921 πολλά
1273 2868 1447 2923 εἰπεῖν
1465 2867 1563 2921 καὶ
1585 2867 1962 2939 ἀναχωρῆσαι,
1978 2868 2116 2923 ἀλλά

341 3032 353 3038 ί
446 2977 550 3031 τυμ
559 2960 778 3030 μετρεῖν
805 2955 1110 3028 βουλόμεθα
1134 2958 1200 3028 τῇ
1223 2955 1452 3028 δυνάμει
1475 2959 1543 3026 τῇ
1571 2956 1818 3030 ὑμετέρᾳ
1839 2957 1932 3010 τοῦ
1955 2958 2115 3026 λόγου

437 3048 538 3117 τὴν
565 3044 937 3110 διδασκαλίαν,
967 3045 1061 3098 ἵνα
1091 3044 1518 3115 καρπωσάμενοί
1545 3060 1600 3096 τι
1621 3046 1686 3097 ἐκ
1708 3043 1810 3113 τῆς
1828 3043 1938 3098 τῶν
1964 3045 2118 3114 λεγο-

442 3135 621 3206 μένων
667 3132 956 3202 ὠφελείας,
988 3131 1166 3195 οὕτως
1205 3131 1389 3185 οἶκαδε
1438 3130 1642 3193 πάντες
1698 3130 2114 3202 ἀναχωρὴσητε.

436 3222 575 3295 Φέρε
611 3216 705 3276 οῦν
731 3221 801 3275 τὰ
821 3220 1119 3292 λειπόμενα
1148 3218 1478 3291 προσθῶμεν
1499 3221 1616 3281 τοῖς
1653 3217 1989 3288 εἰρημένοις,
2023 3218 2120 3272 καὶ

437 3310 642 3381 ἴδωμεν
677 3309 815 3380 μετὰ
847 3307 945 3378 τὴν
980 3308 1079 3379 τῆς
1106 3307 1413 3378 περιτομῆς
1441 3305 1683 3376 ἐντολήν,
1722 3304 1776 3357 τί
1804 3304 2063 3376 προσθεὶς
2090 3306 2120 3358 ό

440 3395 828 3466 φιλάνθρωπος
857 3395 992 3458 Θεὸς
1012 3393 1322 3461 διαλέγεται
1342 3391 1420 3463 τῷ
1451 3391 1788 3463 πατριάρχῃ.
1826 3390 1938 3445 Καί
1965 3387 2116 3454 εἷπε,

437 3485 626 3554 φησὶν,
657 3487 690 3538 ό
717 3485 863 3548 Θεὸς
886 3479 966 3546 τῷ
997 3479 1247 3549 Ἀϐραάμ
1266 3495 1280 3508 ’
1307 3478 1473 3548 Σάρα
1493 3480 1532 3547 ἠ
1561 3478 1716 3548 γυνή
1733 3492 1852 3532 σου
1875 3479 1948 3533 οὐ
1973 3481 2120 3546 κληι-

437 3572 683 3638 θιὶσεται
720 3570 784 3624 τὸ
815 3571 1006 3639 ὄνομα
1041 3566 1232 3636 αὐτῆς
1287 3565 1468 3634 Σάρα,
1499 3565 1664 3620 ἀλλὰ
1712 3563 1914 3634 Σὰρῤα
1948 3566 2122 3620 ἔσται

439 3660 508 3712 τὸ
537 3659 728 3726 ὄνομα
752 3655 965 3724 αὐτῆς.
1010 3657 1221 3724 ’Ὠσπερ
1247 3653 1350 3716 σοὶ,
1379 3651 1536 3723 φησὶ,
1563 3651 1627 3705 τὸ
1657 3655 1917 3723 στοιχεῖον
1951 3669 2120 3724 προσ-

439 3744 554 3803 θεὶς
583 3744 855 3814 ἐμήνυσα,
883 3743 966 3795 ὃτι
997 3741 1179 3810 πατὴρ
1213 3738 1308 3812 ἔσῃ
1349 3736 1562 3791 πολλῶν
1601 3735 1793 3800 ἐθνῶν,
1838 3736 1982 3791 οὑτω
2024 3737 2120 3791 καὶ

439 3835 506 3904 τῇ
543 3833 696 3904 Σάρᾳ
727 3830 929 3900 ὁμοίως
961 3826 1295 3897 προστίθημι
1325 3825 1387 3878 τὸ
1415 3826 1700 3896 στοιχεῖον,
1723 3825 1810 3878 ἴνα
1835 3824 2013 3899 μάθῃς
2037 3826 2119 3879 ὅτι

440 3921 537 3975 νῦν
569 3924 597 3975 ό
627 3917 820 3992 καιρός
857 3918 985 3989 ήκει
1011 3914 1108 3969 τοῦ
1157 3917 1236 3978 εἰς
1269 3913 1432 3986 έργον
1460 3913 1638 3969 ἐλθεῖν
1679 3913 1749 3968 τὰ
1787 3914 1954 3968 πάλαι
1989 3915 2119 3987 παρ’

439 4008 575 4080 ἐμοῦ
595 4003 1023 4076 ἐπαγγελθέντα.
1057 4003 1265 4057 Ἔσται
1289 4001 1422 4072 γὰρ,
1451 4001 1607 4072 φησὶ,
1635 4000 1701 4054 τὸ
1726 4000 1914 4071 ὄνομα
1929 3999 2122 4070 αὐτῆς

441 4095 659 4166 Σάρῤα.
689 4091 1024 4163 Εὐλογήσω
1051 4089 1119 4143 δὲ
1140 4087 1358 4157 αὐτὴν,
1383 4089 1482 4142 καὶ
1509 4087 1682 4142 δώσω
1702 4102 1802 4142 σοι
1831 4087 1901 4154 ἐξ
1929 4088 2122 4158 αὐτῆς

443 4185 682 4250 τέκνον,
723 4181 825 4234 καὶ
863 4176 1182 4248 εὐλογήσω
1209 4175 1420 4241 αὑτὸν,
1455 4174 1554 4228 καὶ
1593 4177 1766 4230 ἔσται
1795 4177 1884 4240 είς
1920 4175 2118 4242 ἔθνος,

443 4267 838 4336 καίβασιλεῖς
849 4262 1042 4322 ἐθνῶν
1059 4264 1128 4328 ἐξ
1151 4263 1340 4318 αὑτοῦ
1359 4262 1806 4326 ἐξελεύσονται.
1843 4261 1944 4314 Διά
1963 4261 2123 4316 τοῦτο

444 4356 734 4428 προλαϐὼν
751 4354 847 4409 τοῦ
873 4351 1139 4422 στοιχείου
1168 4350 1268 4421 τὴν
1291 4347 1610 4420 προσθήκην
1641 4347 2006 4419 ἐποιησάμην,
2036 4347 2124 4401 ῖνα

449 4445 628 4516 μάθῃς
653 4444 736 4496 ὅτι
779 4441 996 4502 πάντως
1029 4438 1182 4491 ἔσται
1211 4437 1279 4491 τά
1308 4436 1440 4506 παρ’
1474 4435 1606 4506 ἐμοῦ
1635 4435 1924 4506 λεγόμενα.
1969 4435 2123 4505 Μηδὲ

450 4532 589 4604 πρὸς
636 4532 736 4600 τήν
778 4527 1064 4581 ἀσθένειαν
1097 4526 1198 4594 τῆς
1241 4523 1457 4594 φύσεως
1493 4523 1716 4594 ἀφορῶν
1763 4523 2119 4594 καταπέσῃςο

445 4621 580 4677 ἀλλὰ
626 4619 763 4690 πρδς
798 4617 861 4669 τὸ
896 4613 1126 4686 μέγεθος
1154 4611 1255 4682 τῆς
1281 4610 1563 4680 δυνάμεως
1589 4609 1688 4679 τῆς
1711 4610 1847 4680 ἐμῆς
1883 4609 2122 4662 ἀποϐλέ.

446 4728 586 4773 πων,
625 4707 904 4778 θάρσησον
930 4705 1044 4767 τοῖς
1075 4700 1207 4772 παρ’
1251 4697 1386 4771 ἐμοῦ
1421 4696 1754 4768 λεγομένοις.
1791 4697 2124 4767 Ευλογήσω

448 4797 554 4867 γὰρ
583 4794 803 4862 αὐτὴν,
827 4791 927 4847 καί
954 4783 1127 4844 δώσω
1154 4805 1254 4842 σοι
1272 4786 1342 4852 ἐξ
1372 4783 1566 4854 αὐτῆς
1586 4784 1820 4848 τέκνον,
1855 4782 2003 4855 [405]
2026 4782 2124 4837 καὶ

447 4883 764 4952 εὐλογήσω
803 4880 1013 4945 αὐτόν,
1045 4876 1146 4931 καὶ
1173 4876 1347 4930 ἔσται
1381 4875 1469 4939 είς
1515 4873 1686 4938 ἔθνη,
1711 4871 1808 4924 καί
1841 4871 2125 4938 ,βασιλεῖς

448 4971 638 5028 ἐθνῶν
670 4970 739 5033 ἐξ
766 4967 953 5023 αὐτοῦ
976 4964 1425 5029 ἐξελεύσονται.
1465 4960 1637 5031 Ὑπὲρ
1666 4958 1824 5028 φύσιν
1846 4959 2124 5029 ιΞινθρωπί⁸

452 5074 547 5130 νην
575 5059 645 5112 τὰ
687 5053 1118 5124 ἐπαγγελθέντα,
1151 5051 1247 5105 καὶ
1269 5051 1454 5120 ὅμοιον
1483 5043 1552 5118 ἦν
1576 5047 1652 5111 ὡς
1681 5047 1748 5101 ἂν
1772 5049 1821 5099 εἰ
1856 5047 2127 5118 ὑπέσχετο

450 5149 557 5202 ἀπὸ
584 5146 750 5201 λίθων
779 5141 1102 5214 ἀνθρώπους
1129 5141 1373 5210 ποιῆσαι.
1404 5138 1571 5192 υὺδέν
1625 5136 1734 5208 γὰρ
1789 5135 1950 5189 λίθων
1981 5131 2122 5207 ἦσαν

452 5235 852 5307 διενηνοχότες,
887 5232 1014 5285 ὅσον
1048 5228 1186 5301 πρὸς
1229 5227 1290 5280 τὸ
1338 5227 1536 5290 τεκεῖν,
1577 5225 1670 5278 καὶ
1708 5226 1738 5278 ὁ
1783 5224 2127 5295 πατριάρχης

454 5325 558 5378 ὑπὸ
586 5323 680 5377 τοῦ
708 5324 898 5392 γήρως
923 5318 1110 5372 λοιπὸν
1137 5315 1502 5386 ἀνενέργητος
1536 5312 1634 5377 ὢν,
1663 5313 1756 5366 καὶ
1783 5312 1920 5384 πρὸς
1942 5313 2128 5365 παιδο-

455 5413 636 5465 ποιίαν
663 5413 956 5482 ἄχρηστος,
997 5408 1092 5460 καὶ
1123 5408 1157 5476 ἡ
1211 5406 1398 5475 Σάρρα
1446 5403 1584 5473 μετὰ
1636 5401 1740 5471 τῆς
1789 5401 2127 5470 στειρώσεως

457 5497 659 5568 ἔχουσα
692 5498 788 5550 καὶ
807 5495 905 5566 τὴν
934 5494 1043 5548 ἀπὸ
1071 5493 1172 5562 τῆς
1199 5492 1413 5561 ἡλικίας
1434 5490 1528 5543 καὶ
1558 5487 1653 5574 τοῦ
1683 5489 1867 5574 γήρως
1898 5489 2131 5574 προσθήσ-

457 5597 582 5650 κην.
635 5580 770 5632 Ἀλλ’
789 5581 818 5632 ό
845 5579 1052 5642 δίκαιος
1082 5577 1255 5630 ταῦτα
1285 5573 1500 5627 ἀκούων
1527 5573 1622 5627 καὶ
1643 5572 1880 5641 νομίζων
1904 5572 2002 5640 τὴν
2023 5574 2128 5624 πά-

465 5665 556 5720 λαι
591 5665 968 5735 γεγενημένην
992 5664 1144 5735 παρὰ
1169 5662 1264 5717 τοῦ
1294 5662 1430 5715 Θεοῦ
1465 5660 1800 5730 ἐπαγγελίαν
1835 5658 2132 5730 ἐκϐεϐηκέ-

461 5774 546 5808 ναι
577 5757 656 5818 εἰς
685 5752 778 5804 τὸν
815 5752 1056 5820 Ἰσμαήλ·
1082 5749 1270 5820 ἐπειδὴ
1294 5751 1404 5819 γὰρ
1425 5747 1568 5812 εἷπε,
1595 5749 1700 5802 Σοί
1727 5747 1826 5800 καὶ
1852 5745 1931 5811 τῷ
1951 5750 2131 5814 σπέρ-

461 5843 600 5909 ματί
623 5857 740 5897 σου
763 5838 934 5893 δώσω
960 5837 1074 5904 τὴν
1092 5835 1211 5906 γῆν
1231 5837 1480 5903 ταύτην,
1498 5836 1559 5889 οὑ
1574 5835 1809 5904 διέκρινε
1824 5833 1881 5887 δὲ
1901 5835 1980 5887 ὅτι
2000 5851 2063 5885 πε
2073 5834 2125 5903 ρὶ

1281 397 1337 451 S.
1379 395 1666 454 JOANNIS
1705 396 2194 454 CHRYSOSTOMI
2237 396 2558 453 ARCIIIEI‘.
2603 396 3153 455 CONSTANTINOP.
3760 401 3846 460 570

2231 513 2312 567 τοῦ
2337 514 2448 568 ἀπὸ
2481 514 2577 582 τῆς
2622 513 2836 584 Σάρρας
2882 518 3202 585 τικτομένου
3245 515 3398 585 φησί,
3442 513 3702 583 ἐλογίζετο
3748 516 3845 568 γαθ’

2217 599 2409 654 ἐαυτὸν
2427 603 2508 653 ὅτι
2531 602 2600 652 τά
2621 601 2717 670 τῆς
2753 601 3098 670 ὑποσχέσεως
3121 601 3387 672 ἐκϐέϐηκε
3403 616 3418 630 °
3444 603 3554 655 νυνὶ
3583 601 3637 654 δὲ
3665 602 3847 655 ἀκούων

2217 687 2426 758 Κυρίου
2462 687 2555 740 τοῦ
2576 685 2714 740 Θεοῦ
2733 686 3008 754 λέγοντος,
3036 688 3117 740 ὅτι
3145 686 3474 756 Εὑλογήσω
3493 685 3606 755 τὴν
3625 686 3848 754 Σάρῤαν,

2219 775 2318 828 καὶ
2336 775 2508 828 δώσω
2530 791 2630 828 σοι
2651 774 2720 839 ἐξ
2735 773 2928 843 αὐτῆς
2948 775 3187 841 τέκνον,
3214 775 3314 828 καί
3343 773 3651 843 εὐλογήσω
3669 773 3850 840 αὑτὸν,

2218 862 2317 918 καί
2351 864 2524 918 ἔσται
2545 865 2634 929 είς
2650 862 2796 931 ἔθνη
2816 881 2829 893 ·
2855 863 2952 916 καὶ
2990 863 3174 926 πάλιν,
3221 863 3318 927 Ἐξ
3350 863 3581 916 ἐκείνου
3603 860 3850 928 βασιλεῖς

2216 951 2410 1005 ἐθνῶν
2449 951 2904 1016 ἐξελεύσονταιο
2949 952 3050 1004 οὑκ
3087 950 3225 1021 έχων
3257 951 3286 1002 ὃ
3313 967 3366 1003 τι
3405 949 3531 1020 εἴπῃ
3582 947 3718 1019 (οὔτε
3761 948 3853 1019 γὰρ

2218 1041 2470 1094 άπιστεῖν
2501 1038 2733 1108 ἠδύνατο
2757 1041 2870 1103 τοῖς
2898 1039 3049 1110 παρά
3075 1037 3172 1091 τοῦ
3198 1037 3332 1092 Θεοῦ
3370 1037 3698 1108 λεγομένοις,
3728 1036 3852 1106 φιλό-

2221 1126 2344 1190 θεος
2375 1127 2494 1198 ῶν),
2530 1128 2627 1181 κα)⁸
2659 1127 2800 1198 πρὸς
2843 1129 2944 1198 τὴν
2985 1127 3206 1198 ἡλικίαν
3238 1127 3382 1197 ὁρῶν
3409 1127 3508 1198 τὴν
3537 1126 3742 1192 ἐαυτοῦ,
3777 1127 3854 1178 καὶ

2220 1216 2356 1285 πρὸς
2383 1217 2482 1285 τὴν
2504 1215 2604 1285 τῆς
2627 1215 2846 1286 Σάρρας
2870 1215 3157 1287 στείρωσιν
3185 1213 3284 1285 τὴν
3315 1214 3508 1285 μέχρις
3535 1213 3740 1285 ἐκείνης
3763 1215 3856 1286 ἡλιο

2219 1303 2344 1365 κίας
2379 1301 2779 1372 γεγενημένην,
2817 1303 2876 1354 ἐν
2906 1301 3190 1373 ἀμηχανίᾳ
3210 1301 3469 1369 γεγονὼς,
3496 1301 3591 1354 καὶ
3618 1302 3857 1355 καταπλα-

2221 1392 2337 1460 γεὶς
2364 1389 2458 1444 τοῦ
2491 1389 2626 1442 Θεοῦ
2647 1388 2746 1461 τὴν
2775 1389 3089 1459 ὑπόσχεσιν,
3116 1390 3360 1452 Ἔπεσε,
3393 1390 3576 1459 φησὶν,
3597 1388 3687 1442 ἐπὶ
3710 1390 3858 1458 πρόσ·

2221 1495 2406 1542 ωπον,
2433 1477 2532 1531 καὶ
2559 1475 2877 1544 ἐγέλασεν.

2295 1617 2360 1688 β’.
2388 1613 2508 1671 Εἶδε
2529 1618 2628 1688 τὴν
2657 1617 2760 1670 ὑπε
2769 1615 2964 1686 ρϐολὴν
2985 1617 3084 1687 τῆς
3105 1617 3472 1688 ὑποσχέσεως,
3488 1617 3588 1672 καὶ
3605 1617 3698 1688 τῆς
3721 1617 3859 1671 δυνά-

2225 1724 2370 1778 μεως
2391 1705 2484 1758 τοῦ
2506 1703 2974 1776 ἐπαγγειλαμένου
2998 1705 3058 1758 τὸ
3080 1705 3309 1776 μέγεθος
3331 1707 3611 1776 ἐννοήσας,
3632 1707 3862 1760 Ἔπεσεν

2221 1794 2322 1848 ἐπὶ
2361 1793 2709 1861 πρόσωπον,
2751 1793 2851 1846 καί
2892 1791 3210 1862 ἐγέλασεν,
3259 1792 3380 1846 ἀντὶ
3424 1791 3535 1857 τοῦ,
3594 1792 3861 1863 περιχαρὴς

2223 1877 2440 1946 ἐγένετο
2457 1890 2472 1906 '
2499 1876 2595 1930 καὶ
2620 1875 2762 1930 κατὰ
2789 1877 2916 1940 τοὺς
2947 1878 3048 1946 τῆς
3079 1875 3313 1939 διανοίας
3351 1874 3646 1946 λογισμοὺς
3674 1875 3860 1939 ἐνενόει,

2224 1964 2341 2028 πῶς
2369 1963 2435 2018 ἂν
2463 1963 2605 2018 κατὰ
2626 1963 2976 2035 ἀνθρωπίνην
2997 1963 3318 2017 ἀκολουθίαν
3341 1962 3498 2016 τοῦτο
3515 1963 3722 2032 γένοιτό
3737 1979 3860 2026 ποτε,

2225 2055 2321 2108 καὶ
2337 2055 2384 2108 εί
2401 2053 2478 2124 τῷ
2497 2053 2873 2107 ἐκατονταέτει
2897 2053 3111 2106 παιδίον
3123 2053 3434 2122 γενήσεται,
3453 2052 3552 2104 καὶ
3570 2053 3619 2103 εί
3637 2053 3669 2120 ἡ
3688 2053 3864 2120 στεῖρα,

2226 2142 2321 2196 καὶ
2349 2141 2544 2212 μέχρις
2573 2141 2927 2211 ἐννενήκοντα
2975 2141 3112 2193 ἐτῶν
3143 2140 3333 2207 άγονος
3370 2139 3712 2208 διαμείνασα,
3748 2137 3866 2202 ἐξαί-

2225 2247 2365 2302 φνης
2387 2230 2676 2299 δυνήσεται
2694 2229 2831 2299 πρὸς
2844 2229 3190 2297 τεκνογονίαν
3210 2219 3575 2299 διεγερθῆναι.
3599 2228 3704 2281 Καὶ
3723 2225 3867 2278 ταῦτα

2226 2321 2370 2378 κατά
2400 2322 2499 2394 τὴν
2525 2320 2764 2376 διάνοιαν
2789 2318 3168 2390 λογισάμενος,
3199 2319 3300 2372 οὑκ
3333 2318 3603 2389 ἐτόλμησέ
3642 2335 3692 2371 τι
3721 2317 3867 2370 τοιοῦ-

2224 2428 2318 2466 τον
2349 2411 2439 2466 διὰ
2464 2410 2563 2482 τῆς
2600 2409 2848 2479 γλώττης
2886 2410 3260 2480 προενεγκεῖν,
3291 2407 3427 2462 ἀλλὰ
3460 2407 3678 2470 δεικνὺς
3703 2403 3866 2459 ἑαυτοῦ

2223 2503 2323 2573 τὴν
2378 2499 2832 2572 εὐγνωμοσύνην,
2889 2498 3239 2570 παράκλησιν
3289 2498 3560 2570 προσάγει
3623 2498 3744 2568 περὶ
3791 2494 3866 2548 τοῦ

2237 2589 2479 2660 Ἶσμαήλ,
2504 2589 2784 2660 μονονουχὶ
2812 2586 3013 2656 λέγων’
3034 2585 3300 2649 Δέσποτα,
3327 2585 3646 2655 ἀρκούντως
3671 2601 3733 2652 με
3755 2601 3870 2654 παρ-

2226 2675 2511 2748 εμυθὴσω,
2547 2676 2643 2729 καὶ
2690 2676 2790 2745 τήν
2829 2675 2895 2727 ἐκ
2939 2674 3039 2742 τῆς
3077 2671 3335 2736 ἀπαιδίας
3379 2671 3624 2741 ἀθυμίαν
3659 2675 3721 2742 τῇ
3751 2669 3871 2723 δόσει

2225 2763 2318 2819 τοῦ
2353 2762 2576 2836 Ἰσμαήλ
2597 2765 2677 2826 είς
2701 2760 3041 2831 εὐφροσύνην
3060 2759 3372 2832 μετέϐαλες.
3401 2759 3537 2812 Οὑδὲ
3555 2761 3683 2832 γὰρ,
3709 2759 3871 2812 τούτου

2225 2853 2532 2924 τεχθέντος,
2558 2850 2746 2904 λοιπὸν
2770 2849 2874 2904 κᾶν
2889 2851 2948 2903 ἐν
2971 2848 3179 2919 διανοίᾳ
3194 2847 3386 2901 ἔλαϐον
3410 2848 3443 2918 ἢ
3468 2846 3726 2916 ἐνενόησά
3744 2861 3870 2903 ποτε,

2227 2941 2308 2994 ὅτι
2335 2939 2401 2993 ἐκ
2423 2938 2526 3008 τῆς
2551 2937 2770 3009 Σάρῤας
2794 2936 2948 2989 ἔσται
2979 2952 3071 3007 μοι
3104 2937 3254 2999 παῖς,
3281 2934 3395 2987 ἀλλ’
3420 2934 3544 2988 οὑδὲ
3583 2933 3718 3004 αὑτὴ
3742 2930 3875 2984 τοῦτο

2226 3027 2597 3101 προσεδόκησε
2619 3043 2632 3056 ·
2665 3025 2746 3080 διὸ
2775 3024 2869 3079 καὶ
2909 3024 3010 3096 τὴν
3034 3025 3210 3096 ’Λγαρ
3252 3041 3342 3094 μοι
3386 3021 3725 3093 παρέδωκεν,
3783 3019 3870 3071 ἀπ-

2227 3114 2580 3188 αγορεύσασα
2621 3113 2690 3167 τά
2723 3111 2843 3167 καθ’
2873 3112 3092 3182 ἑαυτήν.
3149 3110 3362 3182 Ἱκανὴν
3392 3109 3574 3162 τοίνυν
3608 3107 3874 3188 ἀμφότεροι

2226 3185 2708 3276 τῆν-παραμυθίαν
2737 3200 3051 3272 ἐσχήκαμεν
3079 3197 3362 3270 τεχθέντος
3396 3195 3493 3250 τοῦ
3534 3193 3773 3267 Ἰσμαήλ.
3795 3185 3876 3245 Οὑ-

2225 3310 2318 3356 τος
2347 3287 2443 3346 οῦν
2471 3291 2500 3344 ό
2531 3287 2683 3360 παρά
2713 3287 2804 3341 σοῦ
2835 3287 3010 3349 δοθεὶς
3037 3286 3168 3356 ἡμῖν
3209 3283 3357 3356 ζήτω
3387 3284 3629 3336 ἐναντίον
3663 3299 3771 3344 σου,
3797 3277 3876 3332 καὶ

2235 3378 2518 3452 ἀρκοῦσαν
2546 3376 2743 3447 ἕξομεν
2766 3375 2864 3446 τὴν
2888 3372 3259 3446 παράκλησιν.
3284 3372 3380 3424 καὶ
3408 3370 3469 3423 τὸ
3489 3370 3667 3442 γῆρας
3687 3369 3744 3422 τδ
3761 3366 3877 3437 mg.

2228 3484 2388 3539 τερον
2412 3467 2447 3536 ἡ
2475 3463 2666 3517 τούτου
2689 3461 2802 3533 ζωὴ
2823 3459 3305 3532 παραμυθήσεται.
3335 3457 3400 3510 Τί
3433 3453 3526 3510 οὖν
3549 3459 3580 3509 ό
3609 3455 3878 3539 φιλάνθρωο

2228 3538 2330 3618 πος
2354 3553 2663 3622 Δεσπότης;
2707 3549 2923 3620 Ἐπειδὴ
2943 3547 3144 3612 ἱκανῶς
3168 3545 3263 3599 καὶ
3291 3543 3386 3597 τοῦ
3409 3544 3624 3598 δικαίου
3638 3543 3735 3613 τῆς
3759 3538 3878 3611 γνώ-

2233 3658 2340 3713 μης
2361 3639 2422 3694 τὸ
2454 3637 2699 3709 φιλόθεον
2727 3636 2815 3691 διά
2841 3636 2940 3706 τῆς
2967 3635 3062 3688 τοῦ
3097 3635 3290 3706 χρόνου
3324 3631 3688 3703 παρατάσεως
3708 3626 3879 3682 ἐϐασά-

2227 3745 2369 3789 νισε,
2398 3728 2495 3780 καὶ
2523 3726 2624 3796 τῆς
2647 3725 2862 3796 Σάρρας
2889 3723 2989 3794 τὴν
3019 3723 3222 3786 πίστιν,
3253 3721 3350 3774 καὶ
3380 3715 3518 3774 εῐδεν
3563 3718 3877 3790 ἀμφοτέρους

2228 3813 2742 3886 ἀπαγορεύσαντας,
2768 3811 2864 3864 καὶ
2890 3811 2979 3864 τὸν
3007 3810 3107 3882 μὲν
3129 3809 3216 3863 διὰ
3245 3808 3306 3862 τὸ
3324 3808 3525 3879 γῆρας.
3557 3808 3658 3877 τὴν
3683 3806 3737 3859 δὲ
3761 3802 3877 3876 μετά

2228 3904 2328 3973 τῆς
2373 3901 2587 3974 ἡλικίας
2616 3901 2709 3954 καὶ
2751 3898 2841 3952 διὰ
2868 3897 2967 3969 τήν
3008 3898 3311 3969 στείρωσιν,
3353 3895 3522 3966 φησί’
3561 3894 3678 3948 Νῦν
3717 3890 3878 3959 ἐπειδή

2229 3991 2412 4061 πάντη
2435 3991 2564 4062 ὑμῖν
2593 3987 2854 4044 ἀδύνατον
2865 3986 3022 4040 τοῦτο
3045 3981 3182 4038 εἶναι
3209 3984 3489 4053 φαίνεται·
3507 3982 3599 4035 διὰ
3625 3981 3730 4050 γάρ
3745 3976 3880 4031 τοῦτο

2229 4076 2389 4148 κάγὼ
2411 4078 2511 4149 τὴν
2534 4077 2804 4146 τοσαύτην
2829 4073 3213 4146 μακροθυμίαν
3231 4071 3617 4142 ἐπεδειξάμην,
3645 4072 3729 4123 ἵνα
3745 4065 3880 4129 δείξω

2229 4169 2313 4223 ὅτι
2346 4169 2486 4240 ὑπὲρ
2517 4167 2679 4238 φύσιν
2701 4165 3054 4236 ἀνθρωπίνην
3082 4163 3230 4216 ἐστὶν
3264 4163 3298 4232 ἡ
3331 4161 3507 4231 δωρεὰ
3537 4163 3573 4230 ἡ
3611 4160 3737 4231 παρ’
3765 4153 3877 4240 ἐμοῦ

2229 4239 2606 4328 παρεχομένη,
2631 4255 2727 4308 καὶ
2755 4255 2842 4306 ἵνα
2857 4252 2952 4305 καὶ
2973 4252 3131 4322 ὑμεῖς
3157 4250 3251 4303 καὶ
3278 4251 3327 4302 οί
3357 4248 3507 4302 ἄλλοι
3529 4250 3729 4308 πάντες
3749 4239 3876 4316 [ιθϐΙ

2229 4346 2297 4400 δι’
2329 4343 2512 4399 αὑτῶν
2543 4340 2756 4413 μάθωσι
2786 4340 2895 4393 τῶν
2932 4337 3294 4411 πραγμάτων,
3325 4337 3406 4389 ὅτι
3438 4337 3531 4388 καὶ
3560 4336 3661 4404 τῆς
3693 4329 3878 4401 φύσεώς

2232 4435 2350 4505 ειμι
2381 4431 2682 4501 Δεσπότης,
2712 4428 2807 4481 καὶ
2832 4427 2968 4500 πρὸς
2989 4425 3018 4479 ὃ
3042 4424 3304 4496 βούλομαι
3338 4424 3477 4492 αὑτὴ
3503 4420 3780 4479 ὑπακούει,
3802 4416 3880 4469 καὶ

2231 4523 2369 4576 εῖκει
2405 4522 2520 4581 τοῖς
2562 4518 2716 4586 ἐμοῖς
2749 4514 3138 4584 ἐπιτάγμασιν.
3181 4512 3244 4564 Εἰ
3278 4510 3389 4582 γὰρ
3423 4511 3487 4562 ἐκ
3521 4508 3618 4563 τοῦ
3657 4507 3729 4579 μή
3749 4505 3879 4564 bno;

2232 4608 2402 4680 αὑτὴν
2430 4606 2772 4677 παρήγαγον,
2809 4601 2988 4672 πολλῷ
3021 4599 3224 4671 μᾶλλον
3262 4599 3433 4670 αὑτὴν
3475 4597 3770 4667 γενομένην
3794 4590 3879 4680 ,τήν

2235 4695 2399 4766 φύσιν
2425 4695 2519 4749 καὶ
2544 4690 2886 4764 χωλεύουσαν
2909 4687 3200 4760 διορθῶσαι
3233 4687 3548 4758 δυνήσομαι.
3583 4685 3700 4738 Ἵνα
3724 4679 3879 4734 τοίνυν

2235 4785 2462 4855 θαρρεῖν
2489 4781 2640 4853 ἔχῃς,
2675 4780 2841 4835 ἄκουε
2865 4778 2960 4832 καὶ
2992 4775 3320 4847 διεγέρθητι,
3343 4775 3438 4828 καὶ
3461 4774 3585 4836 τοὺς
3607 4774 3664 4824 ἐν
3694 4771 3757 4839 τῇ
3785 4769 3881 4819 δια-

2234 4873 2355 4941 νοίᾳ
2379 4867 2676 4939 λογισμούς
2699 4884 2794 4920 σου
2827 4864 3148 4936 κινηθέντας
3173 4862 3589 4932 παρωσάμενος,
3611 4858 3760 4928 δέχου
3787 4857 3883 4941 ἱκα-

2233 4940 2338 5030 νην
2375 4954 2748 5027 πληροφορίαν
2786 4955 2852 5006 ἐκ
2893 4951 3002 5005 τῶν
3042 4950 3174 5020 παρ’
3215 4948 3348 5020 ἐμοῦ
3398 4947 3724 5017 λεγομένων.
3769 4940 3880 5030 Ἰδοὺ

2234 5028 2345 5115 γάρ
2379 5042 2566 5114 Σάρρα
2595 5043 2628 5112 ἡ
2658 5039 2796 5110 γυνὴ
2832 5056 2948 5101 σου,
2982 5039 3048 5109 ἢν
3081 5037 3324 5107 νομίζεις
3346 5035 3437 5087 διά
3467 5051 3526 5086 τε
3551 5032 3648 5103 τὴν
3684 5028 3881 5115 στείριν-

2239 5111 2344 5195 σιν,
2383 5111 2474 5184 διά
2498 5111 2560 5180 τε
2595 5111 2656 5179 τὸ
2689 5125 2870 5196 γῆρας
2908 5124 3172 5177 ἀδύνατον
3207 5122 3393 5175 λοιπὸν
3421 5123 3620 5183 τεκεῖν,
3651 5117 3786 5184 αὕτη
3812 5111 3880 5164 τέ-

2235 5219 2387 5288 ξεταί
2417 5236 2500 5272 σοι
2536 5215 2672 5268 υἱόν.
2708 5214 2820 5268 Καὶ
2847 5214 2933 5266 ἵνα
2959 5213 3092 5284 μηδέ
3120 5210 3482 5281 άμφιϐάλλειν
3513 5209 3657 5280 ἔχῃς,
3693 5204 3793 5259 ἰδού
3813 5216 3880 5254 σοι

2235 5287 2328 5362 καὶ
2349 5307 2445 5377 τήν
2473 5303 2844 5376 προσηγορίαν
2867 5300 2962 5354 τοῦ
2987 5298 3306 5368 τικτομένου
3337 5295 3649 5368 προμηνύω.
3670 5293 3771 5344 Τὸν
3791 5287 3882 5356 γὰρ

2237 5394 2556 5464 τικτόμενον
2577 5389 2834 5452 καλέσεις
2873 5387 3077 5442 Ἰσαάκ.
3118 5384 3273 5453 Πρὸς
3301 5383 3410 5456 γὰρ
3439 5382 3671 5436 ἐκεῖνον
3693 5377 3883 5464 στήσω

2237 5483 2352 5552 τὴν
2386 5458 2683 5548 διαθήκην
2725 5495 2845 5547 μου
2895 5477 2982 5542 είς
3024 5471 3320 5540 διαθήκην
3373 5467 3636 5530 αἰώνιον,
3675 5466 3778 5552 καί
3815 5458 3886 5552 τῶ

2239 5547 2751 5639 σπέρματιίαύτώ
2791 5563 2919 5634 μετ’
2957 5563 3163 5616 αὐτόν.
3206 5554 3378 5623 Οὗτος
3405 5557 3513 5630 γάρ
3556 5557 3718 5618 ἐστιν,
3756 5550 3811 5639 ὃν
3835 5547 3885 5610 ἐξ

2242 5636 2418 5729 ἀρχῆς
2446 5656 2540 5708 καὶ
2567 5657 2631 5706 ἐκ
2661 5651 2963 5723 προοιμίων
3002 5667 3085 5704 σοι
3109 5647 3452 5719 ὑπεσχόμην,
3483 5643 3578 5698 καὶ
3615 5642 3695 5704 είς
3719 5636 3886 5729 τοῦτον

2241 5721 2450 5816 τάητῆς
2487 5721 2836 5810 ἐπαγγελίας
2868 5739 2968 5810 τῆς
2997 5737 3139 5808 ἐμῆς
3183 5734 3617 5806 πληρωθήσεται.
3675 5726 3762 5816 Διό
3803 5721 3884 5816 καί

2253 5808 2430 5889 πάντα
2476 5851 2557 5886 σοι
2592 5808 2865 5902 προλέγω,
2899 5808 2998 5900 οὑχ
3033 5828 3116 5882 ὅτι
3161 5825 3373 5894 τέξεται
3425 5821 3602 5895 μόνον,
3631 5814 3760 5871 ἀλλά
3804 5808 3885 5866 και
