4060 6418
317 489 425 549 369

322 607 434 662 lli-.e
488 598 632 656 enim
661 608 782 651 eum
834 585 1038 659 frigidm
1084 581 1236 637 facta:
1280 574 1475 630 l‘nerint
1503 613 1513 633 ,
1542 566 1681 622 haud
1731 575 1911 633 parem

320 698 647 767 voluptatem
669 657 1097 744 convivatoribns
1119 675 1409 745 praestant:
1439 678 1561 718 nam
1583 661 1627 713 si
1656 657 1720 711 ad
1751 668 1912 708 unum

322 800 416 846 aut
449 745 688 843 ralterum
714 781 859 836 diem
884 771 1084 829 iuerint
1110 769 1393 823 reservata:
1413 797 1430 822 ,
1459 752 1674 810 inutiles
1695 745 1915 803 omnino

324 884 458 938 ﬁunt
477 900 492 936 :
519 877 636 932 ista
654 884 784 928 vero
798 882 903 923 non
923 862 1097 920 solum
1117 857 1161 913 si
1185 856 1236 910 in
1255 864 1414 908 unum
1434 857 1487 902 et
1508 845 1733 898 alterum
1751 837 1913 899 diem,

325 974 420 1030 sed
481 979 538 1027 et
586 960 870 1039 quantovis
917 964 1159 1023 tempore
1213 944 1417 1002 relicta:
1444 935 1675 996 fuerint,
1737 939 1918 999 parem

325 1025 585 1121 exitibimt
607 1025 911 1114 utilitatem,
933 1042 1286 1108 eamdemque
1303 1033 1533 1089 afferunt
1557 1025 1879 1093 voluptatem
1902 1032 1919 1072 :

327 1157 522 1214 divinae
567 1149 710 1207 enim
736 1109 940 1200 suntet
981 1129 1317 1206 spirituales,
1369 1133 1544 1192 neque
1569 1115 1740 1170 ullum
1783 1109 1864 1166 eis
1893 1123 1924 1162 a

330 1260 573 1319 tempore
601 1242 984 1296 nocumentum
1023 1224 1306 1285 imminet,
1341 1215 1436 1272 sed
1461 1208 1700 1284 quotidie
1728 1216 1924 1260 novum

1179 1315 1191 1319 -
1389 1306 1410 1319 ιι
1475 1305 1487 1316 ·
1541 1301 1696 1319 γ-ι--μ-
1762 1293 1923 1319 ...ηιιη

332 1293 569 1412 κ·ὶε‹;ι·θιη
611 1331 842 1387 afferunt
864 1367 878 1388 ,
900 1333 952 1379 et
978 1335 1074 1378 eos
1101 1315 1195 1388 qui
1241 1311 1345 1367 illis
1388 1305 1490 1361 l‘rui
1517 1301 1736 1364 volunt,
1762 1293 1926 1349 multa

334 1389 556 1501 ἰιιῖριιξηι
584 1422 784 1479 Ιωιὶῑίει.
815 1412 1049 1473 Proinde
1069 1408 1192 1480 quia
1222 1403 1345 1459 talis
1363 1399 1551 1454 harum
1583 1389 1928 1460 reliquiarum

334 1525 416 1577 vis
441 1529 543 1582 est,
571 1531 667 1587 age
692 1509 942 1568 alacriter
966 1512 1024 1560 et
1051 1514 1149 1556 vos
1179 1507 1429 1565 magnam
1453 1486 1580 1543 inde
1607 1481 1928 1551 voluptatem

336 1615 558 1674 auferte,
590 1619 794 1675 nosque
821 1600 1048 1654 lidentes
1065 1603 1250 1649 earum
1269 1581 1542 1646 efﬁcaciae,
1573 1583 1932 1648 proponamus

335 1721 431 1763 eas
463 1711 658 1756 vestra:
696 1691 925 1752 caritati.
975 1687 1175 1741 Verum
1203 1689 1260 1735 ut
1301 1675 1454 1731 vobis
1495 1683 1672 1727 sermo
1704 1665 1794 1720 ille
1821 1677 1935 1717 ma-

339 1795 586 1852 nifestior
600 1789 860 1850 videatur,
877 1793 1056 1852 operte
1073 1775 1300 1847 pretium
1315 1766 1473 1822 fuerit
1488 1757 1795 1818 meminisse
1816 1752 1936 1807 ﬁnis

341 1889 457 1946 heri
493 1885 758 1940 dictorum
783 1919 799 1945 ,
832 1885 890 1930 ut
929 1873 1008 1929 sic
1048 1867 1296 1924 ordinem
1323 1875 1385 1914 ac
1425 1857 1619 1911 seriem
1665 1845 1935 1917 assequuti

341 1980 638 2039 doctrinam
659 1972 998 2042 attingamus.
1024 1961 1149 2018 lleri
1170 1961 1498 2030 prmeeptum
1517 1939 1939 2002 circumcisionis

342 2033 662 2130 adduximus
686 2066 738 2121 in
765 2033 1016 2123 medium,
1045 2063 1099 2110 et
1125 2051 1325 2107 dictum
1353 2042 1481 2100 illud
1511 2041 1600 2095 Dei
1618 2036 1682 2091 ad
1710 2033 1939 2106 patriar-

343 2167 500 2222 cham
533 2179 549 2216 :
581 2153 981 2214 Circumcidetur
1021 2160 1167 2201 omne
1221 2137 1556 2195 masculinum
1600 2136 1853 2191 vestrum,
1898 2130 1942 2176 et

345 2257 438 2311 erit
466 2256 518 2307 in
551 2255 750 2322 signant
786 2238 1067 2299 testamenti
1095 2236 1225 2290 inter
1270 2246 1350 2283 me
1373 2235 1419 2281 et
1451 2240 1557 2278 vos.
1593 2219 1659 2275 Et
1690 2232 1814 2289 puer
1833 2223 1944 2269 octo

347 2348 544 2402 dierum
581 2335 990 2396 circumcidetur.
1025 2328 1090 2384 Et
1113 2325 1200 2397 qui
1235 2338 1338 2377 non
1375 2316 1700 2373 circumcisus
1745 2306 1896 2380 fuerit
1927 2346 1943 2369 ,

355 2437 536 2511 peribit
579 2432 753 2487 anima
790 2426 908 2491 illa,
933 2422 1053 2494 quia
1082 2421 1435 2474 testamentum
1468 2422 1635 2462 meum
1663 2402 1945 2475 dissipavit.

352 2529 425 2586 lbi
451 2535 756 2583 sermonem
789 2515 1057 2572 ﬁnivimus
1083 2511 1136 2564 in
1157 2499 1583 2563 circumcisionis
1611 2501 1946 2566 argumento;

350 2631 404 2675 et
439 2633 504 2673 ne
525 2609 867 2672 multitudine
890 2605 1154 2660 dictorum
1175 2605 1406 2652 vestram
1429 2591 1779 2647 obrueremus
1794 2598 1950 2639 men-

352 2723 481 2779 tem,
513 2706 781 2764 noluimus
824 2699 958 2755 ultra
985 2689 1254 2765 progredi.
1282 2686 1467 2755 Neque
1487 2681 1630 2738 enim
1654 2679 1757 2733 hoc
1777 2674 1959 2732 solum

352 2763 633 2866 curamus,
647 2805 704 2850 ttt
725 2792 887 2848 multa
908 2763 1170 2849 dicamus,
1193 2789 1246 2835 et
1266 2785 1449 2848 postea
1470 2769 1839 2830 abscedamus,
1859 2763 1952 2820 sed

356 2893 522 2950 nostri
563 2884 829 2944 sermonis
871 2876 1170 2936 doctrinam
1215 2867 1408 2924 vestris
1459 2861 1664 2918 viribus
1712 2857 1957 2927 cupimus

355 3002 475 3042 esse
499 2982 856 3051 adaequatam,
883 2982 940 3026 ut
965 2969 1139 3029 fructu
1163 2960 1413 3035 qquiam
1435 2972 1503 3012 ex
1524 2953 1681 3010 dictis
1703 2958 1957 3022 percepto

354 3083 574 3138 domum
605 3041 836 3130 redeatis
862 3079 1073 3123 omnes.
1116 3061 1231 3129 Age
1273 3053 1433 3125 igitur
1460 3049 1528 3106 ad
1566 3063 1629 3103 ea
1655 3060 1774 3116 qua:
1815 3041 1958 3097 dicta

357 3181 525 3240 sunt,
561 3167 914 3237 adiungamus
951 3165 1007 3212 et
1033 3151 1238 3222 reliqua
1267 3164 1284 3200 :
1311 3153 1369 3200 ut
1394 3141 1666 3196 videamus
1694 3143 1813 3206 post
1849 3133 1957 3187 cir-

359 3225 707 3323 cttmdisionis
728 3225 1082 3326 praeceptum,
1111 3241 1238 3314 quid
1268 3237 1529 3306 benignus
1559 3232 1701 3287 Deus
1729 3225 1958 3298 patriar-

495 3317 748 3426 lequatur
777 3358 832 3404 et
857 3317 1142 3416 proponat.
1165 3337 1254 3392 15.
1287 3333 1356 3386 Et
1395 3328 1524 3383 dixit
1543 3367 1559 3391 ,
1588 3323 1784 3394 inquit,
1817 3317 1956 3373 Deus

363 3413 621 3509 Abrahat':
653 3443 788 3500 Sara
808 3413 939 3494 utror
965 3413 1053 3488 tua
1079 3446 1179 3484 non
1198 3425 1333 3482 ultra
1359 3419 1617 3476 vocabitur
1647 3413 1847 3468 nomine
1871 3424 1963 3464 suo

363 3503 499 3603 gnra
519 3583 536 3610 ,
569 3537 658 3595 sed
689 3535 851 3591 Sarra
876 3528 970 3584 erit
997 3538 1178 3580 nomen
1201 3519 1309 3590 ejus
1339 3514 1435 3588 (a).
1479 3503 1960 3579 Quemadmodum,

363 3600 574 3706 inquit,
620 3629 892 3684 elemento
922 3617 1015 3674 tibi
1059 3611 1244 3670 addito
1292 3600 1631 3677 signiﬁcavi,
1660 3609 1713 3652 te
1756 3601 1962 3665 patrem

368 3690 604 3785 fut-uram
625 3719 911 3776 multarum
934 3708 1172 3782 gentium
1201 3721 1215 3757 :
1245 3702 1315 3757 ita
1347 3705 1404 3754 et
1428 3696 1575 3752 Sara:
1603 3690 1845 3747 similiter
1873 3701 1968 3756 ap-

368 3835 510 3894 pono
530 3818 760 3875 literam,
789 3817 847 3862 ut
866 3806 1041 3862 discas
1058 3811 1200 3854 nunc
1227 3803 1434 3863 tempus
1458 3786 1668 3848 adesse,
1695 3790 1755 3835 ut
1780 3778 1908 3834 olim
1935 3792 1966 3832 a

367 3871 457 3970 ine
482 3907 739 3982 promissa
763 3899 1101 3970 impleantur.
1128 3889 1235 3946 Erit
1262 3887 1418 3951 enim,
1445 3879 1636 3950 inquit,
1659 3890 1839 3930 nomen
1858 3871 1968 3942 ejus

600 4001 689 4056 16.
715 3965 1022 4050 Benedicam
1047 3991 1214 4038 autem
1251 3993 1362 4032 eam
1385 4016 1401 4042 ,
1441 3982 1490 4027 et
1528 3969 1658 4024 dabo
1695 3965 1784 4019 tibi
1823 3979 1885 4017 ea;
1909 3977 1970 4015 ea

373 4101 571 4170 ﬁlium,
602 4101 650 4148 et
671 4086 961 4145 benedicam
982 4077 1163 4141 illum,
1195 4081 1240 4126 et
1266 4070 1361 4126 erit
1396 4067 1450 4119 in
1472 4071 1666 4134 gentem
1687 4099 1703 4122 ,
1750 4066 1794 4111 et
1830 4069 1970 4124 reges

1080 4167 1131 4170 η
1172 4167 1182 4170 -
1388 4159 1398 4169 .
1683 4166 1713 4170 μ,
1762 4144 1927 4170 Am,

371 4144 594 4265 Lena...»
628 4199 690 4240 ea:
733 4197 792 4236 eo
821 4175 1046 4232 exibunt.
1079 4167 1284 4223 Idcirco
1322 4159 1470 4231 prius
1511 4155 1719 4209 literam
1761 4144 1927 4216 adjeci
1950 4182 1968 4210 ,

1503 4263 1515 4265 ι
1565 4247 1690 4265 υμ-
1721 4251 1838 4265 --η-ι
1895 4238 1968 4265 Μ..

373 4238 434 4341 ξι
457 4282 595 4339 scias
620 4273 842 4332 omnino
873 4271 1048 4324 futura
1080 4275 1204 4318 esse
1231 4269 1351 4326 quae
1375 4268 1405 4307 a
1435 4263 1525 4306 mc
1554 4247 1694 4302 dicta
1720 4251 1864 4298 sunt.
1895 4238 1973 4294 Ne

376 4379 532 4450 igitur
559 4370 626 4427 ad
656 4364 1018 4423 inﬁrmitatem
1046 4362 1250 4408 natura:
1278 4352 1530 4418 spectans
1550 4379 1566 4407 ,
1596 4336 1833 4392 animum
1874 4331 1972 4387 de-

1004 4447 1014 4450 ‘
1083 4445 1093 4450 ‘
1213 4440 1224 4450 ·
1511 4426 1867 4450 -__:.--.I:_-M
1898 4438 1954 4450 ,Α

375 4426 602 4540 sponde,
629 4463 724 4515 sed
754 4454 928 4527 potius
952 4447 1018 4503 ad
1047 4440 1257 4500 virtutis
1283 4451 1418 4493 mete
1448 4426 1870 4501 magnitudinem
1898 4438 1974 4478 re-

1017 4537 1045 4540 “
1382 4539 1389 4540 ί
1433 4523 1552 4540 νλη
1583 4527 1700 4540 --ηιι
1762 4513 1945 4540 0-..-.1:

375 4513 824 4630 spiciam—ﬁdem
852 4541 988 4596 habe
1015 4537 1079 4592 iis
1106 4545 1226 4604 qua:
1253 4544 1284 4583 a
1314 4539 1401 4581 me
1419 4523 1559 4578 dicta
1581 4527 1725 4574 sunt.
1755 4513 1976 4569 Benedi-

1007 4629 1013 4630 ,
1397 4615 1460 4630 η,
1535 4629 1542 4630 7
1633 4619 1668 4630 Α.
1692 4606 1976 4630 Luxu“

377 4606 492 4706 6:th
520 4606 664 4703 enim
688 4654 834 4703 eam,
856 4643 902 4688 et
930 4629 1059 4684 dabo
1089 4624 1177 4680 tibi
1206 4636 1268 4676 ea:
1293 4635 1352 4673 ea
1385 4615 1548 4681 ﬁlium
1565 4653 1581 4680 ,
1621 4619 1668 4664 et
1689 4606 1978 4663 benedicam

379 4743 549 4803 illum,
580 4744 626 4790 et
663 4732 756 4793 erit
779 4729 832 4783 in
859 4733 1050 4797 gentes,
1078 4726 1124 4772 et
1150 4729 1290 4785 reges
1319 4708 1526 4764 exibunt
1549 4719 1614 4758 ea:
1631 4717 1709 4757 eo.
1736 4696 1977 4754 Excede-

384 4839 513 4892 bant
538 4831 826 4886 humanam
854 4827 1096 4876 naturam
1122 4805 1417 4881 promissa:
1445 4809 1500 4855 et
1524 4793 1748 4867 perinde
1773 4790 1890 4852 fuit,
1917 4804 1980 4844 ac

456 4886 650 4996 aliquis
681 4917 1022 4991 polliceretur
1058 4921 1122 4960 ex
1149 4896 1418 4970 lapidibus
1447 4889 1695 4947 homines
1719 4900 1778 4940 se
1809 4886 1977 4937 factu-

721 5009 864 5066 enim
890 5020 920 5059 a
949 4997 1216 5070 lapidibus
1243 4986 1594 5048 differebant,
1625 4986 1882 5051 quantum
1913 4975 1980 5028 ad

387 5108 787 5187 generationem
817 5097 1010 5156 attinet
1036 5088 1111 5162 (b)
1137 5129 1152 5155 ,
1170 5095 1224 5142 et
1247 5077 1546 5154 patriarcha
1569 5086 1680 5144 prie
1705 5075 1982 5126 senectute

455 5300 530 5366 (a)
565 5305 616 5346 tn
637 5293 844 5344 nebrzeo
862 5292 978 5366 ante
1021 5274 1340 5366 mutati???“
1352 5261 1638 5366 iﬂiilis;
1653 5263 1758 5366 ’ΒΞ
1769 5253 1983 5366 ’,12ξέ

392 5330 1128 5427 νοὲίέίίιιῖξῶῖῖηἶιῖέίὶοηοιη
1143 5354 1328 5402 autem,
1352 5341 1490 5397 mw,
1517 5345 1654 5427 Sara.
1671 5330 1987 5394 septuaginta

1184 5420 1194 5427 ‘
1317 5418 1333 5427 ‘
1389 5417 1427 5427 -Α
1459 5408 1548 5427 4-“
1575 5409 1694 5427 ξηιλ
1761 5403 1975 5427 -ι--οαιὲη-

396 5457 516 5496 vero
538 5403 1356 5508 19‘°;5'%%°Sv.%.°.§'1fiﬂ“ﬂit
1381 5417 1442 5508 ‘5}.
1455 5403 1986 5508 mmmam?

395 5470 516 5557 ἶιὲἶέ
678 5470 1258 5557 ῗῖιῦἶᾶἶῖιιῖἧῖῖοῖῇὸιυιῃ
1393 5477 1450 5519 Ill.
1469 5470 1990 5557 (ἶξιΐςεοὸξοηιυῆρυω.

1253 5551 1296 5557 —-
1322 5542 1446 5557 (ηε-ιη
1471 5545 1498 5557 n
1525 5544 1664 5557 ,ηηηη
1691 5542 1770 5557 ..ηδ
1895 5537 1987 5557 nn“

396 5533 1100 5619 τῖί-ῗι
1121 5539 1302 5619 nomini
1464 5533 1788 5619 ~cleitjl'entum.
1817 5535 1871 5575 Al.
1893 5537 1990 5574 non

398 5597 934 5682 iﬁhiiti'ui'éiéiiiétit'dti.
949 5597 1070 5682 fiuit,
1095 5605 1182 5657 sed
1207 5605 1442 5682 mutatum
1464 5597 1483 5636 τ
1507 5598 1553 5645 in

465 5659 613 5679 υιιίιιιι
634 5659 846 5671 υιυιι-ν--ν
858 5659 933 5663 ..η-
971 5659 996 5660 ,,
1043 5659 1050 5660 κ
1062 5659 1070 5667 _

465 5699 538 5762 (b)
568 5691 784 5744 Oratorio
805 5697 962 5744 more,
987 5681 1066 5732 vel
1091 5670 1372 5728 attentionis
1395 5673 1551 5734 lapsu,
1573 5665 1690 5713 dicit
1719 5659 1993 5720 Chrysosto-

569 5759 581 5762 ’
657 5755 668 5762 ³
822 5758 831 5762 “
860 5757 905 5762 ³³*
948 5759 1013 5762 Ἀ-
1043 5755 1136 5762 -υ--ε
1162 5736 1315 5762 “ﬂuvio
1341 5733 1542 5762 aulna-nunc
1563 5725 1618 5762 ad
1638 5721 1825 5762 ιιι-(διεξίῃ
1841 5718 1992 5762 sumi.

401 5718 516 5814 nui:
523 5718 1319 5814 Ἀὶῖἔῦΐιξιυθιίιξξιῖἷιιῖιυηοᾶζηιᾳξῖε
1341 5718 1620 5814 idojireos'lad
1638 5718 1826 5814 pr'olecn:

1171 5809 1395 5814 η
1459 5800 1652 5814 _.........
1715 5797 1744 5814 ο
1823 5796 1847 5814 ..
1933 5793 1990 5814 ,,

403 5779 512 5814 mus
536 5779 767 5806 nurauam
788 5779 840 5800 ῡι
860 5779 931 5796 σαι
943 5779 1020 5795 ιιι--
1045 5779 1139 5791 ..νι-
1164 5779 1193 5786 --
1277 5779 1316 5784 -_
1342 5779 1479 5784 ,γρ--
1499 5779 1508 5780 ,
1639 5779 1654 5788 ,

403 5821 630 5889 piendam
653 5824 768 5865 tunc
790 5813 960 5866 fuisse,
983 5816 1127 5889 quam
1146 5779 1358 5872 laﬁdes;
1385 5796 1429 5868 id
1455 5791 1653 5857 quidem
1679 5784 1746 5857 d_e
1766 5789 1875 5831 sara
1897 5779 1992 5851 dici

759 5887 773 5889 ,_
804 5873 856 5889 ΔΑ
889 5871 997 5889 .I._-
1021 5879 1144 5889 -.ι-..Λ
1187 5875 1266 5889 ιιι-ιι
1293 5858 1458 5889 muli":
1484 5859 1583 5889 lml
1606 5859 1744 5889 ﬂllllls
1765 5855 1856 5889 sex

405 5801 768 5889 iiiéilci'aiifninc
790 5813 960 5866 fuisse,
975 5816 1127 5918 mm
1146 5801 1358 5862 lapides;
1385 5801 1429 5844 id
1455 5801 1653 5857 quidem
1679 5801 1746 5857 (te
1766 5801 1875 5831 aura
1897 5801 1992 5851 inci

405 5885 594 5948 munt;
632 5887 777 5928 secus
797 5873 862 5921 de
881 5871 972 5919 Ahr
1083 5879 1163 5924 no,
1186 5863 1277 5926 qui
1293 5858 1460 5909 multis
1484 5859 1590 5918 post
1606 5859 1744 5899 annis
1765 5855 1856 5895 sex
1872 5841 1994 5894 ﬁlios

405 5944 621 5994 umectat
643 5949 706 5991 es
729 5942 917 5988 cetum.

405 5945 621 6007 suscepit
643 5949 706 5991 ex
729 5945 917 5988 cetera.

1372 457 1437 514 IN
1476 451 1631 512 CAP.
1665 447 1828 506 XVII.
1871 442 2116 500 (ll'lNI‘JS.
2162 436 2390 492 IlUMlL.
2439 433 2545 488 XL.

2017 568 2183 625 prope
2231 552 2496 619 impotens
2527 553 2680 605 erat,
2729 549 2780 595 ct
2813 539 2877 593 ad
2921 537 3148 590 ﬁliorum
3187 531 3610 603 procreationem

2020 646 2239 704 omnino
2270 641 2501 704 inutilis,
2531 648 2583 693 et
2612 636 2773 690 Sarra
2812 632 2877 686 ad
2910 630 3009 684 hoc
3033 627 3175 700 quod
3204 636 3388 680 natura
3419 621 3618 676 sterilis

2022 747 2158 803 erat,
2189 734 2465 789 laborabat
2490 739 2544 785 et
2573 727 2745 782 a-tatis
2771 733 2824 778 et
2849 720 3144 778 senectutis
3169 717 3317 771 vitio.
3349 714 3616 767 Caeterum

2022 831 2195 902 justus
2217 827 2331 881 haec
2354 823 2597 887 audiens,
2623 829 2918 890 putatisque
2937 813 3066 868 olim
3094 811 3184 865 Dei
3209 807 3618 880 promissionem

3509 417 3613 467 ὅτι)

2027 920 2297 992 impletum
2324 917 2377 972 in
2409 913 2631 970 Ismaele
2665 928 2678 966 :
2709 909 2832 981 quia
2861 905 3004 962 enim
3030 903 3168 958 dixit
3194 919 3208 956 :
3235 900 3348 955 Tibi
3375 909 3423 953 et
3444 897 3623 953 semini

2029 990 2118 1067 tuo
2135 1011 2265 1065 dabo
2286 1011 2472 1063 ierram
2501 1005 2654 1067 hanc,
2682 1016 2780 1056 nec
2800 997 3047 1055 distinxit
3072 1009 3130 1049 se
3152 993 3221 1049 de
3244 993 3352 1046 ﬁlio
3372 1006 3438 1046 ex
3463 990 3640 1044 Sarra-

2031 1105 2305 1162 nascituro
2332 1100 2474 1170 loqui
2497 1141 2512 1162 ,
2543 1097 2634 1152 ille
2662 1091 2928 1165 cogitabat
2967 1101 3148 1145 secum
3173 1085 3283 1155 jam
3310 1080 3623 1154 promissio-

2033 1212 2131 1253 nes
2177 1194 2424 1266 impletas
2467 1203 2588 1245 esse
2622 1207 2634 1242 :
2669 1199 2812 1241 nunc
2851 1191 3031 1237 autem
3076 1177 3304 1234 audiens
3346 1174 3642 1230 Dominum

2035 1289 2205 1344 Deum
2225 1287 2513 1348 dicentem,
2546 1277 2848 1334 Benedicam
2878 1273 3114 1335 Sarram,
3142 1279 3192 1324 et
3221 1267 3462 1321 dabatibi
3483 1281 3545 1319 ex
3569 1279 3630 1317 ea

2036 1380 2222 1450 filium,
2253 1387 2298 1432 et
2324 1374 2612 1430 benedicam
2644 1370 2812 1434 iitum,
2833 1376 2880 1421 et
2903 1365 2996 1419 erit
3015 1364 3069 1417 in
3090 1369 3262 1433 geum
3285 1375 3302 1421 ;
3328 1368 3384 1413 et
3405 1357 3629 1411 iterum:

2038 1468 2126 1524 Ea:
2151 1469 2241 1523 illo
2271 1482 2414 1538 reges
2452 1463 2675 1535 gentium
2713 1455 3030 1529 egrediantur
3052 1465 3210 1506 :cum
3251 1447 3482 1503 nesciret
3506 1444 3633 1514 quid

2039 1563 2243 1618 diceret
2274 1561 2488 1631 (neque
2522 1555 2663 1611 enim
2691 1552 2782 1607 Dei
2820 1548 2997 1605 verbis
3034 1545 3256 1601 credere
3294 1557 3398 1596 non
3429 1549 3634 1610 poterat

2044 1847 2300 1902 raverat,
2327 1832 2536 1890 consilii
2581 1831 2736 1898 inops
2781 1835 2836 1881 et
2876 1823 3260 1889 obstupeseens
3303 1815 3373 1871 ob
3407 1812 3638 1885 promis-

2046 1935 2250 1990 sionem
2295 1930 2384 1984 Dei
2416 1946 2429 1982 :
2464 1926 2547 1981 Π.
2577 1921 2802 1983 Cecidit,
2837 1915 3027 1987 inquit,
3054 1914 3106 1966 in
3128 1911 3330 1981 faciem,
3358 1917 3403 1960 ct
3433 1906 3561 1960 risit.

2117 2025 2174 2080 2.
2204 2022 2401 2079 Videtis
2431 2019 2619 2074 miram
2643 2010 3085 2085 promissionem,
3113 2013 3168 2059 et
3196 2002 3488 2072 potentiam
3523 1999 3642 2067 ejus

2049 2117 2138 2189 qui
2186 2114 2506 2186 promiserat
2545 2108 2805 2178 cogitans,
2847 2099 3116 2158 Ceciditvin
3155 2096 3371 2168 facient,
3419 2102 3470 2147 et
3508 2092 3640 2153 risit,

2054 2211 2158 2266 hoc
2202 2221 2304 2273 est,
2353 2205 2626 2275 voluptate
2655 2197 2905 2270 perfusus
2948 2205 3066 2260 est;
3096 2203 3151 2249 et
3192 2192 3243 2246 in
3288 2189 3469 2243 animo
3505 2186 3648 2256 cogi-

2055 2302 2221 2366 tabat,
2253 2295 2522 2369 quomodo
2548 2292 2840 2349 secundum
2873 2288 3161 2342 humanam
3209 2278 3649 2338 consuetudinem

2058 2393 2160 2447 hoc
2185 2391 2300 2446 ﬁeri
2331 2395 2534 2460 posset,
2565 2400 2695 2440 num
2725 2379 3038 2438 centenario
3063 2386 3376 2431 nasceretur
3406 2373 3563 2434 ﬁlius,
3590 2385 3651 2425 ac

2060 2501 2187 2540 nnm
2231 2480 2434 2538 sterilis
2481 2488 2536 2534 et
2580 2471 2940 2545 nonagenaria
2982 2476 3204 2538 repente
3242 2473 3426 2536 posset
3463 2462 3652 2516 idonea

2061 2575 2174 2632 ﬁeri
2197 2573 2262 2629 ad
2292 2580 2502 2642 partum
2535 2566 2606 2638 (υ.
2639 2565 2754 2637 i7).
2788 2565 2962 2633 Atque
2987 2575 3108 2614 cmn
3149 2558 3265 2611 ha-c
3294 2553 3474 2608 animo
3513 2552 3655 2619 cogi-

2061 2675 2245 2729 tasset,
2278 2679 2384 2719 non
2415 2660 2646 2717 audebat
2683 2657 2790 2712 tale
2831 2652 3083 2724 quiddam
3129 2650 3307 2718 lingua
3350 2645 3531 2710 eﬁ‘ari;
3561 2643 3656 2698 sed

2060 2771 2269 2832 gratum
2313 2756 2576 2812 exhibens
2611 2751 2848 2806 animum
2878 2745 3052 2800 oravit
3081 2758 3179 2813 pro
3218 2738 3475 2802 lsmaele,
3506 2735 3658 2806 quasi

2061 2853 2302 2908 diceret:
2335 2845 2584 2910 Domine,
2615 2840 2745 2896 satis
2775 2853 2862 2894 me
2883 2834 3192 2891 consolatus
3219 2845 3301 2895 es,
3335 2837 3390 2883 et
3415 2827 3656 2881 dOIOI‘t‘Ill

2062 2957 2221 3014 quem
2251 2955 2319 2995 ex
2351 2936 2515 3008 prolis
2537 2932 2713 3003 inopia
2738 2928 3014 3000 gerebam,
3046 2924 3170 2978 dato
3201 2919 3422 2976 lsmaele
3443 2917 3495 2972 in
3523 2917 3656 2970 la-ti-

2067 3037 2193 3091 tiam
2219 3030 2449 3088 vertisﬁ.
2475 3026 2610 3082 Nato
2631 3024 2774 3079 enim
2798 3020 2910 3083 illo,
2936 3031 3110 3087 neque
3134 3015 3186 3068 in
3214 3020 3448 3067 mentem
3477 3017 3658 3078 postea

2067 3125 2271 3194 accepi,
2319 3122 2401 3177 vel
2448 3116 2674 3190 cogitavi
2722 3109 3012 3183 aliquando
3053 3123 3085 3162 e
3125 3106 3285 3162 Sarra
3333 3101 3670 3156 nasciturum

2067 3192 2416 3280 mihiﬁlium,
2441 3211 2535 3267 sed
2564 3222 2738 3278 neque
2763 3206 2878 3275 ipsa
2909 3202 3011 3256 hoc
3031 3195 3362 3268 exspectavit
3389 3211 3402 3246 :
3438 3192 3670 3257 ideopte

2069 3315 2210 3382 Agar
2261 3306 2392 3363 mihi
2445 3300 2686 3367 tradidit,
2737 3310 2952 3352 omnem
3007 3291 3107 3347 sibi
3166 3303 3316 3357 spem
3368 3284 3676 3351 denegans.

2069 3403 2312 3473 Magnam
2360 3391 2779 3452 consolationem
2823 3384 2985 3440 ambo
3037 3377 3343 3448 accepimus
3391 3381 3520 3429 nato
3557 3371 3670 3424 tilio

2071 3491 2314 3550 lsmaele.
2337 3487 2436 3543 llic
2459 3486 2639 3556 igitur,
2662 3481 2749 3552 qui
2773 3495 2803 3535 a
2831 3487 2885 3532 te
2911 3476 3069 3530 datus
3089 3481 3192 3539 est,
3212 3470 3346 3523 vivat
3373 3480 3556 3521 coram
3589 3474 3662 3523 te,-

2071 3597 2129 3643 et
2153 3583 2368 3640 abunde
2415 3579 2544 3633 satis
2574 3571 2802 3630 recreati
2846 3569 3052 3624 erimus
3073 3605 3088 3630 ,
3119 3573 3174 3618 et
3203 3565 3532 3616 senectutem
3566 3569 3662 3607 no-

2071 3689 2241 3736 stram
2285 3673 2430 3728 illius
2459 3670 2566 3724 vita
2607 3663 2891 3721 solabitur.
2929 3657 3068 3728 Quid
3113 3655 3274 3724 igitur
3309 3651 3375 3705 ad
3420 3648 3536 3703 hinc
3571 3646 3666 3701 lic-

2075 3772 2268 3842 nignus
2296 3760 2592 3822 Dominus?
2613 3757 2748 3827 Quia
2772 3755 2914 3827 piam
2934 3751 3063 3823 justi
3092 3755 3330 3804 mentem
3354 3753 3502 3798 tanto
3533 3750 3670 3795 teni-

2074 3837 2206 3937 po're
2232 3860 2363 3916 satis
2393 3856 2734 3928 probaverat,
2765 3859 2823 3905 et
2858 3848 3040 3902 Sarra:
3085 3841 3279 3904 ﬁdem;
3311 3839 3447 3909 quia
3460 3837 3673 3890 viderat

2076 3965 2367 4022 utrumque
2413 3947 2543 4003 nihil
2587 3944 2688 3998 sibi
2733 3941 2802 3996 de
2841 3939 2953 3993 suis
2994 3934 3393 4006 promittentem
3432 3930 3670 3986 viribus.

2077 4044 2350 4103 Abraham
2379 4038 2597 4111 quidem
2623 4041 2844 4106 propter
2864 4036 3220 4088 senectutem,
3247 4023 3463 4079 Sirram
3492 4029 3670 4073 autem

2077 4149 2299 4214 propter
2327 4133 2665 4191 sterilitatem
2696 4137 2858 4196 atque
2883 4129 3094 4178 aetatem
3119 4160 3134 4184 ,
3161 4116 3329 4172 dicit:
3363 4114 3512 4170 Nunc
3551 4111 3671 4181 quia

2080 4232 2300 4288 omnino
2323 4225 2478 4282 vobis
2519 4223 2622 4276 hoc
2659 4233 2780 4275 esse
2818 4214 3029 4270 videtur
3051 4205 3388 4280 impossibile
3421 4223 3436 4259 :
3474 4203 3675 4258 itlt'ircn

2081 4325 2226 4382 enim
2254 4332 2308 4376 et
2328 4333 2428 4388 ego
2457 4312 2658 4370 tamdiu
2701 4307 2916 4373 distuli,
2946 4314 3006 4360 ut
3038 4299 3318 4357 ostendam
3350 4297 3508 4365 longe
3536 4295 3674 4347 ultra

2083 4426 2326 4472 naturam
2367 4423 2488 4466 esse
2535 4405 2734 4462 donum
2782 4396 2927 4470 quod
2972 4392 3249 4456 concedo,
3292 4387 3434 4458 quod
3475 4394 3531 4440 et
3582 4400 3678 4436 vos

2081 4507 2279 4575 aliique
2320 4512 2510 4557 omnes
2549 4496 2636 4551 his
2673 4493 2851 4549 factis.
2868 4487 3077 4544 discant
3105 4499 3192 4539 me
3217 4491 3272 4537 et
3315 4488 3520 4535 natura:
3570 4476 3679 4530 Do-

2084 4567 2288 4655 minum
2344 4606 2496 4656 esse,
2547 4597 2604 4643 et
2647 4585 2714 4640 ad
2757 4580 3136 4654 quodcumque
3179 4573 3396 4629 libuerit.
3437 4586 3498 4625 ea
3559 4567 3633 4621 ttti
3662 4606 3677 4629 ,

2085 4695 2361 4764 ipsamque
2382 4681 2626 4752 obsequi,
2650 4688 2701 4734 et
2719 4677 2912 4733 cedere
2929 4669 3210 4744 praeceptis
3238 4666 3390 4720 meis.
3414 4661 3513 4729 Qui
3538 4659 3679 4712 enim

2085 4801 2205 4841 eam
2229 4799 2296 4838 ex
2320 4779 2488 4836 nihilo
2514 4773 2744 4845 produxi
2768 4812 2784 4834 ,
2809 4767 2980 4822 multo
3019 4760 3188 4830 magis
3217 4771 3338 4811 cum
3362 4754 3473 4825 jam
3510 4752 3684 4817 sit,_et

2087 4875 2368 4938 claudicet,
2403 4839 2610 4937 erigere
2637 4873 2874 4933 possum.
2906 4854 2978 4912 Ut
3003 4853 3164 4923 igitur
3191 4847 3384 4902 melius
3408 4839 3684 4899 conlidere

2089 4970 2287 5042 possis,
2333 4961 2460 5019 andi
2487 4933 2549 5014 et
2597 4953 3004 5024 expergiscere,
3034 4941 3370 5014 repulsisque
3405 4933 3686 5004 cogitatio-

2091 5027 2256 5117 iiibus
2274 5027 2475 5110 mentis
2510 5058 2647 5112 tute,
2679 5042 2906 5110 accipito
2950 5053 3026 5092 ex-
3063 5037 3129 5089 iis
3155 5048 3274 5102 qua:
3305 5028 3396 5084 tibi
3438 5027 3687 5080 dicttttltu'

2092 5162 2297 5212 certum
2343 5149 2738 5214 argumentum.
2793 5135 2932 5190 Ecce
2973 5130 3115 5185 enim
3169 5125 3331 5180 Sarra
3379 5131 3517 5175 uxor
3563 5125 3686 5176 tua,

2087 5259 2250 5319 quam
2279 5249 2435 5310 putas
2462 5243 2574 5289 tum
2606 5237 2826 5300 propter
2846 5222 3206 5280 sterilitatem,
3235 5224 3346 5268 tum
3371 5217 3586 5281 propter
3606 5221 3690 5259 se-

2097 5297 2240 5391 nimn
2265 5297 2458 5402 parere
2478 5341 2585 5382 non
2609 5297 2793 5394 posse,
2821 5319 2936 5389 ipsa
2956 5313 3133 5386 pariet
3151 5309 3245 5364 tibi
3269 5307 3438 5361 ﬁliam
3465 5306 3536 5373 (υ.
3566 5297 3689 5368 iii):

2095 5437 2150 5483 ct
2195 5435 2253 5479 ut
2288 5421 2418 5478 nihil
2473 5391 2722 5476 haasites.
2770 5424 2896 5466 ecce
2933 5405 3031 5462 tibi
3061 5401 3133 5459 "et
3179 5413 3376 5455 nomen
3433 5395 3552 5465 ejus
3599 5391 3692 5461 qui

2100 5527 2350 5575 nascetur
2381 5506 2825 5584 prmmonstrabo.
2861 5502 2993 5555 Enni
3022 5497 3165 5553 enim
3199 5494 3287 5564 qui
3322 5498 3571 5546 nascetur
3595 5501 3685 5538 vo-

2099 5611 2248 5669 cabis
2274 5609 2440 5662 Isaac.
2471 5602 2539 5658 Et
2569 5613 2755 5670 ponam
2793 5602 3144 5650 testamentum
3181 5601 3346 5640 meum
3389 5582 3458 5636 ad
3485 5597 3598 5635 eum
3642 5579 3697 5629 in

2102 5709 2453 5760 testamentum
2477 5693 2864 5762 sempiternum,
2889 5694 2935 5738 et
2955 5679 3132 5738 semini
3161 5679 3273 5749 ejus
3299 5685 3412 5750 post
3437 5689 3572 5729 eum.
3599 5670 3700 5722 lite.

2103 5792 2302 5850 etenim
2333 5798 2419 5845 est
2446 5799 2602 5856 quem
2625 5781 2858 5852 primum
2891 5784 2944 5830 et
2970 5775 3038 5829 ab
3062 5773 3214 5826 initio
3235 5769 3333 5824 tibi
3364 5762 3604 5838 promisi.
3633 5775 3696 5812 ac

2108 5889 2160 5944 in
2201 5885 2303 5940 hoc
2342 5876 2727 5953 promissioncs
2762 5885 2902 5926 mea:
2940 5865 3323 5937 iuiplelnmtur.
3375 5851 3604 5912 Proinde
3645 5859 3704 5904 et
