4060 6416
484 462 582 518 371

489 601 669 657 omnia
701 601 795 656 tibi
830 600 1092 671 pra-dico,
1128 616 1233 655 non
1259 601 1436 657 solum
1469 600 1610 671 quod
1640 601 1940 657 nasciturus
1967 601 2070 667 sit,

408 708 418 727 ι
485 695 583 757 sed
604 704 658 751 et
677 692 950 767 quomodo
975 709 1102 750 eum
1127 708 1320 748 vocare
1340 692 1559 757 debeas,
1580 701 1742 764 atque
1767 708 1853 747 me
1873 692 1923 747 ei
1943 707 2075 748 eon-

479 790 791 843 stituturttm
815 794 1194 842 testamentum
1217 802 1394 840 tttettnt
1416 802 1430 838 :
1455 799 1627 854 neque
1644 786 1747 841 hoc
1760 787 1957 849 solum,
1982 785 2078 840 sed

482 878 551 935 Et
579 880 759 936 semini
786 881 899 950 ejus
948 890 1061 951 post
1102 895 1237 935 eum.
1271 878 1471 936 Deinde
1512 878 1747 934 liberalis
1786 878 2073 946 Dominus,

481 973 573 1042 qui
620 987 839 1043 semper
885 970 1228 1028 accumulare
1278 970 1414 1025 solet
1465 968 1761 1037 beneﬁcia,
1810 978 1866 1024 et
1914 969 2074 1040 longe

484 1076 698 1119 nostras
742 1064 1010 1120 excedere
1038 1063 1351 1134 petitiones,
1379 1064 1630 1134 quoniam
1671 1074 1908 1119 mentem
1942 1062 2074 1133 jusﬁ

477 1167 748 1223 erexerat,
791 1166 845 1212 ct
871 1173 966 1228 per
1005 1172 1066 1212 ea
1094 1172 1212 1227 qua:
1260 1155 1525 1226 promisit,
1570 1156 1685 1210 fere
1719 1155 1972 1225 juvenem
2004 1169 2070 1209 ex

478 1265 613 1306 sene
642 1250 861 1315 fecerat,
891 1263 1121 1320 eumque
1141 1247 1231 1318 qni
1257 1255 1503 1303 mortuus
1529 1256 1667 1314 erat,
1697 1255 1754 1301 ut
1780 1246 1850 1299 ita
1870 1244 2071 1310 dicam,

476 1342 656 1399 verbis
681 1342 1015 1408 fceuudarat,
1048 1340 1325 1397 beneﬁciis
1357 1355 1481 1397 eum
1516 1340 1833 1411 largissimis
1879 1353 2068 1410 prose-

473 1451 666 1507 quens,
698 1435 871 1506 inquit
896 1450 913 1488 :
938 1433 1007 1489 Et
1032 1433 1148 1489 haec
1177 1432 1419 1504 quidem,
1440 1447 1561 1504 quae
1585 1432 1792 1487 scilicet
1820 1431 2066 1502 promisi,

471 1542 637 1598 opere
669 1525 958 1596 complebo
988 1543 1002 1581 :
1031 1535 1086 1582 et
1113 1525 1275 1581 etiam
1314 1524 1458 1595 quod
1488 1524 1555 1580 de
1584 1522 1807 1579 lsmaele
1843 1524 2065 1593 rogasti,

472 1619 765 1675 concedam
796 1619 913 1674 tibi.
949 1619 1140 1675 Audivi
1168 1619 1312 1675 enim
1341 1619 1643 1674 orationem
1670 1628 1849 1685 tuam,
1876 1617 1968 1672 20.
1998 1616 2067 1671 Et

472 1710 707 1766 benedixi
725 1727 859 1775 eum,
889 1720 936 1765 et
956 1709 1147 1781 augebo
1168 1726 1283 1765 eum
1309 1718 1356 1764 et
1378 1708 1729 1780 multiplicabo
1755 1726 1867 1765 eum
1897 1708 2064 1776 valde,

473 1802 637 1858 valde.
664 1801 944 1857 Duodecim
967 1811 1139 1873 gentes
1162 1802 1420 1873 generabit
1438 1842 1458 1869 ,
1486 1810 1533 1856 et
1563 1801 1695 1857 dabo
1722 1817 1838 1857 eum
1864 1801 1917 1855 in
1941 1818 2067 1873 geu-

470 1906 570 1949 tem
614 1912 874 1967 magnam.
922 1893 1369 1965 Quandoquidem
1414 1895 1583 1962 enim,
1628 1893 1831 1965 inqttit,
1878 1909 2063 1949 semen

474 2000 625 2042 tuum
652 1996 737 2043 est
755 2028 772 2054 ,
800 1986 880 2041 sic
907 1985 1117 2058 augebo
1141 2001 1289 2053 eum,
1318 1995 1373 2041 et
1397 1985 1766 2056 multiplicabo
1792 1985 1975 2052 valde,
2008 1996 2063 2040 ut

470 2080 752 2138 duodecim
778 2090 967 2152 gentes
993 2096 1057 2137 ex
1088 2094 1155 2137 eo
1178 2079 1488 2151 procedant.
1514 2079 1607 2137 21.
1634 2079 1883 2136 Ceterum
1911 2090 2062 2136 testa-

469 2184 694 2228 mentum
733 2189 899 2227 meum
945 2182 1164 2227 statuam
1208 2188 1324 2227 cum
1358 2170 1512 2227 Isaac
1531 2213 1547 2236 ,
1576 2188 1723 2244 quem
1765 2172 1855 2227 tibi
1900 2172 2067 2227 Sarra

470 2266 634 2336 pariet
653 2277 879 2335 tempore
916 2267 1033 2332 Itoc,
1055 2281 1189 2319 anno
1225 2274 1477 2335 sequente.
1503 2263 1660 2330 Vide,
1682 2265 1929 2329 obsecro,
1952 2265 2058 2330 hic,

469 2357 696 2424 dilecte,
726 2356 999 2428 quomodo
1036 2357 1215 2425 justus
1257 2356 1309 2409 in
1342 2371 1449 2411 uno
1487 2356 1746 2425 temporis
1791 2365 2063 2412 momento

471 2448 751 2504 mercedes
784 2449 961 2503 omnis
1003 2447 1261 2516 temporis
1302 2447 1545 2517 accepit,
1568 2457 1625 2500 et
1671 2446 1949 2517 impletum
1980 2460 2064 2503 est

471 2539 602 2596 illud
631 2539 775 2611 quod
794 2538 1043 2596 Christus
1071 2539 1344 2609 discipulis
1367 2539 1480 2593 suis
1505 2538 1641 2594 dixit
1670 2557 1684 2594 :
1721 2539 1959 2611 Quisquis
1984 2558 2062 2594 re-

470 2634 674 2705 liquerit
695 2633 773 2688 uel
792 2643 1012 2706 patrem,
1044 2633 1121 2687 uel
1144 2642 1375 2695 matrem,
1402 2631 1479 2687 vel
1512 2631 1740 2697 domum,
1771 2630 1853 2685 uel
1878 2635 2063 2703 fratres

473 2735 683 2797 propter
709 2741 895 2780 nomen
922 2741 1112 2797 meum,
1143 2735 1190 2779 et
1216 2725 1299 2779 hic
1324 2724 1618 2794 centuplum
1645 2725 1888 2795 accipiet,
1918 2734 1964 2778 et
1984 2726 2060 2777 ri-

469 2827 577 2872 tant
617 2824 860 2872 almam
903 2798 1177 2886 possidebit
1222 2813 1435 2886 (Matth.
1479 2814 1569 2870 l9.
1615 2812 1731 2886 29).
1767 2814 2061 2870 Considera

466 2911 616 2966 enim
640 2909 772 2965 mihi
798 2909 1002 2980 justum
1035 2909 1207 2974 illum,
1235 2909 1358 2981 quia
1390 2919 1638 2980 prompte
1660 2919 1929 2981 prmcepto
1953 2909 2058 2963 Do-

470 3001 603 3058 tnitti
632 3000 905 3069 obedivit,
936 3010 992 3056 et
1025 3001 1208 3057 relicta
1236 3000 1399 3057 domo
1426 3012 1645 3071 paterna
1674 3002 2062 3072 praitulita'ie-

469 3108 593 3148 nam
624 3092 787 3148 natali
813 3110 827 3147 :
851 3091 1122 3165 quomodo
1144 3093 1398 3163 paulatim
1422 3094 1643 3149 multam
1666 3109 1776 3164 pra:
1795 3108 1856 3150 se
1884 3093 2062 3150 ferens

470 3183 784 3259 patientiam
806 3226 821 3249 ,
850 3185 904 3239 in
931 3183 1198 3255 fastigium
1233 3185 1442 3241 virtutis
1479 3200 1814 3256 progressus,
1847 3184 1917 3242 ita
1946 3187 2065 3240 illun-

467 3277 599 3334 stris
614 3289 670 3333 et
695 3276 1001 3348 spectabilis
1021 3275 1193 3333 factus
1212 3286 1317 3345 est,
1334 3284 1394 3331 ut
1418 3292 1482 3332 ex
1504 3292 1571 3333 eo
1592 3277 1704 3332 nati
1725 3277 2065 3333 multitudine

468 3371 634 3427 astris
659 3370 777 3427 caeli
818 3371 1196 3442 admouentur.
1223 3371 1477 3428 Fortasse
1514 3371 1560 3426 si
1587 3371 1706 3443 quis
1735 3371 1903 3444 probe
1938 3372 2065 3428 velit

467 3464 790 3536 intelligere,
822 3479 930 3520 non
959 3465 1135 3521 solum
1163 3464 1475 3537 centuplum
1514 3466 1723 3536 accepit
1765 3464 1853 3520 hic
1882 3465 2063 3536 justus

467 3556 591 3622 ille,
623 3557 719 3612 sed
755 3566 1009 3614 sexcenta
1057 3558 1243 3614 millia.
1272 3558 1427 3626 Quod
1468 3560 1513 3613 si
1543 3557 1629 3614 hic
1666 3567 1812 3615 tanta
1862 3574 2062 3615 conse-

465 3658 668 3719 quutus
682 3658 787 3715 est,
813 3651 934 3721 quis
949 3648 1130 3707 s‘ermo
1152 3666 1373 3707 narrare
1390 3661 1592 3721 posset,
1611 3653 1807 3723 quibus
1822 3651 2065 3724 postha-e

466 3741 733 3797 fruiturus
762 3741 853 3796 ille
876 3741 987 3795 sit?
1010 3741 1122 3796 lmo
1149 3742 1310 3796 etiam
1335 3744 1456 3805 hoc.
1485 3753 1747 3811 quantum
1773 3743 1929 3799 nobis
1946 3758 2065 3814 pos-

465 3835 643 3900 sibile,
673 3848 856 3890 sermo
885 3832 1173 3889 ostendere
1213 3834 1429 3905 poterit.
1462 3833 1688 3902 Quando
1724 3835 1868 3891 enim
1908 3834 2065 3890 audis

467 3939 658 3981 omnes
680 3924 859 3996 justus
882 3924 950 3980 ab
981 3925 1073 3981 illo
1095 3924 1163 3981 ad
1192 3924 1295 3980 hoc
1339 3939 1508 3996 usque
1540 3934 1750 3997 tempus
1769 3969 1785 3990 ,
1820 3935 1871 3981 et
1894 3941 2063 3996 usque

467 4016 535 4071 ad
562 4017 1081 4074 consummationem
1110 4026 1449 4087 temporum,
1484 4017 1534 4073 id
1560 4018 1798 4073 maxime
1839 4017 1893 4074 in
1925 4019 2064 4075 votis

471 4110 691 4176 habere,
725 4117 784 4165 ut
822 4110 890 4165 ad
935 4111 1112 4166 sinum
1160 4111 1477 4181 patriarcha:
1520 4112 1856 4181 perveniant,
1901 4126 2060 4182 quem

465 4200 629 4255 alium
688 4199 794 4257 hoc
841 4200 1117 4272 'majorem
1174 4200 1435 4257 honorent
1500 4202 1755 4257 exhibere
1811 4201 2065 4273 poteris?

468 4290 661 4347 Vidisti
731 4303 930 4363 quanta
983 4309 1074 4349 res
1130 4293 1204 4349 sit
1263 4293 1554 4365 patientia,
1608 4305 1806 4365 quanta
1859 4296 2060 4364 virtus,

470 4393 729 4453 quantum
774 4385 847 4441 sit
888 4400 1011 4442 esse
1057 4387 1404 4459 religiosum,
1461 4397 1518 4444 et
1569 4396 1780 4459 gratum
1843 4403 1954 4460 pne
2003 4404 2064 4445 se

469 4474 614 4530 ferre
652 4475 891 4529 animant
928 4490 1055 4547 erga
1100 4477 1360 4534 beneﬁcia
1399 4478 1652 4534 Domini?
1702 4480 1836 4547 Quia
1894 4480 2062 4546 enim,

468 4564 687 4634 quando
709 4565 1013 4634 oportebat,
1038 4581 1134 4620 sua
1165 4567 1364 4636 attulit,
1390 4583 1511 4623 eum
1539 4571 1827 4640 gratiarum
1853 4569 2065 4626 actione

467 4657 647 4713 omnia
676 4654 882 4725 ferens,
907 4656 1460 4730 tamjucunda,quam
1483 4658 1792 4729 injucunda,
1820 4671 2066 4730 propter-

471 4767 535 4808 ea
579 4752 887 4808 misericors
908 4751 1052 4808 Deus
1081 4752 1271 4808 ultimo
1294 4761 1458 4824 caput
1509 4752 1771 4807 bonorum
1800 4753 2063 4823 omnium,

466 4853 521 4899 et
548 4844 599 4899 id
632 4843 775 4915 quod
798 4842 975 4915 justus
995 4845 1231 4901 niaxime
1249 4844 1683 4915 concupiscebat,
1712 4844 1935 4914 largitus
1959 4857 2061 4901 est.

468 4932 759 4992 Considera
790 4936 957 4998 enim.
983 4935 1255 5007 quomodo
1278 4936 1465 5008 viginti
1485 4946 1719 5008 quatuor
1744 4952 1915 4991 annos
1944 4953 2067 5006 [tro-

473 5026 685 5083 baverit
725 5027 857 5097 justi
884 5028 1159 5083 virtutem.
1204 5026 1433 5097 Quando
1460 5029 1603 5084 enim
1629 5028 1794 5084 exivit
1836 5044 1867 5083 a
1896 5029 2068 5084 Char-

472 5132 569 5173 rttn
590 5158 608 5184 ,
638 5126 699 5173 ct
740 5117 976 5174 obedivit
997 5132 1271 5190 prwcepto
1293 5120 1525 5182 Domini,
1552 5121 1886 5192 septuaginta
1910 5121 2067 5189 quin-

470 5223 576 5277 que
608 5223 872 5263 annorum
914 5219 1052 5276 erat,
1104 5210 1322 5280 inquit:
1374 5226 1519 5266 nunc
1557 5220 1737 5266 autem
1783 5221 2062 5280 postquam

471 5297 589 5354 ltri-c
629 5299 864 5364 audivit,
913 5300 1200 5370 nonaginta
1227 5309 1285 5356 et
1314 5316 1506 5357 novem
1534 5316 1710 5356 annos
1734 5310 2061 5357 excesserat.

541 5391 597 5445 3.
638 5389 854 5446 Herulis
870 5389 1172 5446 exhortatio.
1194 5420 1272 5433 —~
1289 5391 1414 5447 lla-e
1432 5391 1726 5457 audientes,
1749 5392 1953 5455 dilecti,
1977 5392 2063 5446 di-

471 5499 685 5540 scannts
708 5485 932 5542 multam
971 5485 1228 5545 exhibere
1256 5487 1589 5557 patientiam,
1610 5495 1667 5543 et
1691 5502 1978 5557 numquam
2011 5488 2065 5541 in

469 5574 744 5632 laboribus
762 5579 1020 5634 virtutum
1043 5579 1125 5634 vel
1145 5577 1458 5646 desperare,
1491 5579 1572 5634 vel
1600 5586 1946 5647 torpescere;
1967 5576 2063 5633 sed

472 5667 708 5722 sciamus
743 5666 1024 5723 Dominum
1046 5676 1288 5724 nostrum
1317 5668 1603 5740 benignum
1625 5682 1745 5725 esse
1767 5678 1822 5725 et
1844 5668 2029 5724 muniti
2044 5697 2064 5712 ο

470 5773 617 5823 cum,
648 5772 714 5813 ac
760 5772 861 5827 pro
879 5760 1056 5829 parvis
1077 5758 1351 5816 laboribus
1396 5775 1588 5832 magna
1630 5760 1785 5817 nobis
1839 5761 2065 5818 reddere

473 5850 716 5921 praemia,
745 5865 852 5905 non
868 5850 1042 5906 solum
1072 5851 1125 5905 in
1156 5850 1388 5907 futurum
1410 5852 1727 5909 immortalia
1749 5854 1886 5910 bona
1908 5869 2065 5925 repo-

478 5948 658 5999 nendo
685 5982 700 6009 ,
729 5941 826 5999 sed
850 5951 904 5998 et
934 5941 988 5997 in
1015 5940 1269 6010 praesenti
1298 5943 1403 5998 vita
1445 5952 1642 5999 nostra:
1686 5954 1890 6001 natura:
1920 5944 2065 6001 infir-

1188 464 1242 519 s.
1286 463 1565 521 JOANNIS
1603 465 2073 524 ettuvsosrom
2110 466 2425 526 ARClllt-Lf'.
2466 471 2994 537 consumma.
3670 501 3760 558 57,

2195 603 2433 703 ntitatcm
2464 608 2645 703 multis
2674 611 3042 683 largitionibus
3056 622 3404 681 consolando.
3434 626 3757 703 Quandoqui.

2190 696 2315 752 dem
2367 700 2672 769 patriarcha
2697 704 2799 761 iste
2836 722 2946 763 non
2988 710 3328 770 mediocriter
3366 715 3636 789 interiecto
3665 696 3757 780 illo

2189 799 2428 885 tempore
2446 793 2685 850 adversis
2714 796 2875 855 rebus
2892 805 3156 859 exercitus
3172 813 3275 872 est,
3304 806 3540 877 quamvis
3564 827 3760 885 semper

2184 878 2410 937 adversa
2446 893 2869 958 temperarentur
2897 896 3186 963 prosgteris.
3220 896 3599 959 Universorum
3624 878 3758 964 enim

2188 975 2328 1033 Deus
2381 990 2577 1036 nostra:
2604 982 2930 1041 inﬁrmitatis
2977 1003 3162 1045 curant
3192 1008 3380 1061 agens,
3414 1011 3517 1051 non
3564 1013 3760 1070 semper

2187 1067 2241 1122 in
2270 1068 2513 1126 adversis
2532 1088 2629 1127 nos
2660 1090 2880 1132 manere
2907 1077 3055 1144 sinit,
3105 1091 3294 1137 utnon
3323 1086 3650 1155 opprimatur
3676 1067 3761 1144 ito-

2179 1168 2292 1214 stra
2310 1161 2619 1222 inﬁrmitas:
2642 1166 2738 1222 sed
2758 1170 3004 1226 celeriter
3022 1183 3077 1228 et
3098 1173 3211 1245 ipse
3224 1176 3535 1247 opitulatur,
3559 1178 3763 1237 ﬁrmans

2182 1260 2421 1309 nostram
2473 1254 2828 1325 alacritatem,
2886 1272 2942 1317 et
2986 1277 3219 1319 mentem
3276 1268 3538 1325 excitans.
3587 1270 3755 1343 Neque

2180 1357 2395 1414 semper
2420 1345 2475 1401 in
2495 1350 2852 1419 prosperitate
2867 1367 2966 1408 nos
2993 1369 3111 1409 esse
3137 1354 3283 1421 sinit,
3310 1367 3368 1413 ut
3388 1374 3456 1415 nc
3476 1360 3658 1416 ﬁamus
3683 1377 3761 1418 ne-

2178 1434 2543 1505 gligentiores,
2589 1449 2643 1495 et
2691 1440 2743 1496 itt
2800 1442 3049 1498 vitiorum
3112 1456 3289 1516 partes
3341 1448 3756 1522 transfugiamus.

2181 1526 2421 1584 lluntana
2450 1531 2595 1586 enim
2645 1541 2865 1603 natura,
2905 1536 3120 1606 quando
3160 1539 3384 1594 multum
3440 1557 3686 1613 prospere
3717 1545 3760 1599 ci

2176 1619 2437 1686 succedit,
2465 1635 2577 1677 sua:
2602 1623 2940 1681 obliviscitur
2960 1626 3272 1695 nobilitatis,
3296 1646 3469 1701 neque
3493 1631 3627 1688 intra
3643 1648 3761 1689 suos

2177 1708 2370 1768 limites
2397 1712 2637 1769 subsistit
2663 1733 2676 1769 :
2706 1714 2906 1772 idcirco
2924 1718 3076 1788 quasi
3101 1721 3502 1779 amantissimus
3517 1725 3763 1794 patet-ali-

2174 1804 2392 1874 quando
2435 1806 2591 1862 nobis
2630 1806 2892 1880 indulget,
2920 1811 3206 1884 aliquando
3236 1816 3480 1887 castigat,
3512 1828 3572 1873 ut
3614 1821 3764 1874 variis

2174 1895 2274 1949 viis
2302 1906 2498 1952 nostra:
2537 1900 2730 1954 anima:
2752 1900 2979 1958 salutem
3023 1915 3195 1962 curet.
3222 1907 3486 1976 Quoniam
3513 1918 3572 1966 et
3599 1912 3760 1968 medi-

2176 2000 2295 2054 cus,
2313 1986 2527 2057 quando
2553 1989 2820 2047 inﬁrmum
2835 2002 3005 2061 curat,
3027 2011 3202 2066 neque
3222 2012 3438 2071 semper
3464 2000 3641 2073 inopia
3668 2004 3763 2059 cibi

2174 2087 2406 2149 torquet,
2426 2093 2598 2152 neque
2611 2097 2825 2154 semper
2842 2084 2984 2155 larga
3003 2102 3189 2143 mensa
3207 2089 3307 2145 frui
3327 2091 3473 2158 sinit,
3490 2108 3561 2149 ne
3570 2095 3764 2149 voraci-

2173 2178 2253 2225 tas
2299 2170 2488 2226 febrim
2533 2173 2746 2242 pariens
2785 2186 2975 2246 augeat
3003 2179 3269 2247 morbum,
3296 2183 3398 2238 cibi
3431 2199 3560 2240 vero
3601 2187 3762 2257 inopia

2172 2259 2521 2317 inﬁrmiorem
2549 2278 2673 2318 eum
2717 2264 2915 2321 efﬁciat
2953 2269 3084 2324 :sed
3141 2272 3451 2343 conjectans
3493 2278 3636 2347 apud
3686 2295 3759 2343 se,

2171 2362 2385 2422 quanta:
2435 2356 2543 2409 sint
2594 2359 2902 2427 :egrotantis
2965 2361 3142 2430 vires,
3190 2374 3246 2420 et
3288 2366 3575 2439 diligenter
3625 2381 3767 2426 utens

2170 2456 2288 2499 arte
2346 2444 2524 2500 omnia
2592 2462 2686 2502 sua
2745 2449 2796 2503 itt
2857 2450 3092 2508 medium
3147 2453 3302 2510 aﬂert
3354 2477 3369 2510 :
3418 2458 3668 2517 similiter
3717 2473 3767 2515 et

2170 2535 2432 2608 benignus
2482 2536 2624 2595 Deus
2681 2541 2858 2598 sciens
2900 2544 3026 2615 quid
3085 2547 3254 2603 cuivis
3316 2552 3591 2622 expediat,
3672 2555 3766 2609 ali-

2168 2629 2384 2699 quando
2460 2632 2710 2689 concedit
2791 2634 2946 2691 nobis
3024 2639 3378 2709 prosperitate
3457 2641 3586 2706 frui.
3670 2645 3766 2699 ali-

2169 2720 2384 2789 quando
2407 2733 2587 2779 autem
2611 2726 3018 2784 exercitationis
3039 2732 3207 2799 gratia
3242 2734 3629 2792 tentationihus
3676 2754 3767 2794 nos

2170 2810 2489 2867 circumdat.
2554 2814 2759 2872 Namsi
2786 2818 2989 2875 virtute
3019 2821 3231 2891 praediti
3282 2833 3407 2880 sunt
3454 2827 3552 2897 qui
3598 2837 3767 2883 tenta-

2175 2901 2351 2957 tioncs
2374 2907 2743 2974 experiuntur,
2769 2909 3025 2967 clariores
3045 2913 3297 2983 evadunt,
3328 2916 3767 2977 abundantiorem

2170 2993 2271 3048 sibi
2299 3009 2605 3075 supernam
2644 3001 2872 3069 gratiam
2898 3003 3247 3059 conciliantes
3275 3024 3290 3060 :
3321 3007 3365 3061 si
3392 3018 3576 3063 autem
3596 3021 3653 3066 ut
3676 3024 3765 3064 nos

2173 3095 2485 3154 peccatores
2525 3089 2652 3156 sint,
2677 3099 2733 3145 et
2771 3106 2894 3146 cum
2935 3095 3224 3165 gratiarum
3262 3097 3473 3153 actione
3522 3101 3766 3156 tcutatio-

2170 3191 2268 3234 nes
2296 3176 2487 3246 ferant,
2510 3195 2727 3251 gravem
2778 3181 3056 3253 deponent
3097 3197 3437 3256 peccatorum
3478 3191 3763 3256 sarcinam,

2168 3268 2441 3340 multaque
2466 3271 2623 3327 venia
2641 3283 2694 3327 et
2722 3273 2824 3345 ipsi
2852 3276 3139 3346 potientur.
3171 3278 3297 3333 ldoo
3340 3281 3595 3349 obsecro,
3651 3298 3765 3337 cum

2170 3359 2404 3416 sciamus
2434 3362 2727 3433 potentiam
2774 3373 2830 3421 et
2856 3366 3168 3437 sapientiam
3224 3369 3411 3428 Medici
3467 3375 3763 3429 animarum

2171 3462 2498 3520 nostrarum,
2532 3472 2825 3528 numquam
2850 3461 3066 3518 curiose
3084 3462 3201 3532 ejus
3228 3453 3658 3532 dispensationés
3687 3466 3763 3518 in~

2170 3542 2467 3614 quiramus.
2493 3546 2626 3603 Cum
2654 3548 2798 3605 enim
2821 3565 2915 3607 eas
2933 3567 3086 3608 mens
3105 3561 3288 3609 nostra
3312 3554 3766 3624 comprehendere

2171 3648 2428 3709 nequeat,
2482 3638 2608 3694 binc
2649 3640 2820 3712 magis
2840 3643 3304 3714 obstupescamus,
3327 3655 3382 3701 et
3408 3646 3766 3717 glorificetnus

2171 3727 2340 3784 Deum
2396 3746 2490 3800 pro
2528 3732 2798 3800 omnibus,
2850 3734 2993 3805 quod
3034 3737 3191 3792 talem
3249 3736 3540 3793 habeamus
3578 3739 3760 3793 Domi-

2170 3834 2318 3886 num,
2359 3821 2513 3891 cujus
2558 3823 2984 3894 dispensationes
3023 3842 3197 3898 neque
3239 3842 3393 3884 mens
3432 3840 3640 3897 nostra,
3668 3844 3758 3884 ne-

2170 3927 2276 3982 que
2333 3913 2583 3970 humanm
2640 3928 2844 3974 natura:
2895 3920 3032 3975 ratio
3085 3934 3279 3991 capere
3333 3930 3528 3992 potest.
3587 3922 3764 3993 Neque

2171 4006 2315 4060 enim
2345 4015 2452 4061 tant
2504 4007 2644 4064 bene
2671 4011 2872 4065 scimus
2902 4011 3028 4081 quid
3080 4012 3235 4067 nobis
3289 4012 3560 4084 expediat,
3607 4027 3762 4085 quant

2173 4094 2290 4167 ipse
2315 4098 2451 4164 scit;
2483 4116 2656 4171 neque
2682 4100 2762 4156 sic
2791 4111 2970 4157 nostra
3010 4118 3106 4158 nos
3134 4118 3408 4170 curamus,
3441 4113 3500 4158 ut
3528 4103 3646 4177 ipse
3682 4118 3764 4159 sa-

2172 4187 2335 4244 lutem
2363 4200 2621 4257 nostrain,
2651 4200 2704 4247 et
2724 4194 2900 4247 omnia
2931 4192 3055 4248 facit
3078 4203 3133 4249 et
3162 4196 3399 4262 molitur,
3418 4204 3477 4250 ut
3499 4195 3569 4250 ad
3602 4196 3765 4258 virtu-

2174 4287 2278 4334 tem
2311 4295 2409 4337 nos
2429 4281 2662 4346 inducat,
2691 4293 2748 4339 et
2776 4300 2804 4338 a
2831 4284 3027 4342 diaboli
3050 4286 3294 4340 manibus
3313 4286 3522 4357 eripiat.
3550 4287 3621 4342 Et
3645 4302 3761 4342 eum

2172 4370 2315 4426 videt
2350 4372 2478 4427 nihil
2504 4373 2762 4445 prodesse
2809 4375 2965 4432 nobis
3019 4377 3417 4446 prosperitates,
3454 4386 3585 4433 tunc
3633 4377 3764 4432 sicut

2172 4461 2345 4518 bonus
2370 4463 2631 4531 medicus,
2658 4465 2747 4536 qui
2792 4467 3172 4522 animadvertit
3196 4468 3470 4523 obesiores
3496 4467 3613 4522 ﬁeri
3648 4482 3760 4531 eos,

2170 4570 2400 4626 quorum
2424 4572 2609 4612 curam
2633 4558 2793 4630 gerit,
2830 4568 3048 4630 propter
3067 4560 3361 4629 crapulam,
3392 4559 3458 4613 ad
3483 4560 3762 4613 sanitatem

2172 4662 2271 4717 per
2321 4647 2666 4704 sobrietatem
2711 4649 2920 4705 reducit
2950 4666 2963 4703 :
2993 4650 3063 4704 ita
3117 4659 3173 4705 et
3213 4650 3441 4706 eximius
3468 4651 3760 4709 animarum

2173 4751 2489 4797 nostrarum
2531 4738 2766 4794 Medicus
2807 4741 3067 4810 permittit
3101 4741 3373 4813 paulisper
3409 4755 3508 4795 nos
3549 4740 3758 4803 tentari,

2173 4845 2230 4889 ut
2252 4831 2547 4889 sentiamus
2570 4842 2827 4902 quantum
2854 4831 3032 4887 damni
3058 4848 3125 4889 ex
3154 4833 3505 4903 prosperitate
3538 4847 3760 4903 accepe-

2175 4928 2342 4984 rimus
2377 4941 2392 4992 ;
2433 4933 2489 4980 et
2535 4924 2750 4995 quando
2785 4925 2931 4981 videt
2956 4926 3259 4982 restitutam
3277 4924 3581 4990 sanitatem,
3641 4934 3761 4979 tunc

2174 5020 2332 5076 celeri
2357 5017 2510 5073 nobis
2537 5015 2774 5072 subsidio
2803 5016 3049 5074 concedit
3076 5024 3136 5072 ut
3157 5031 3186 5071 a
3208 5015 3588 5072 tentationibus
3636 5016 3765 5071 libe.

2174 5127 2378 5178 temur,
2416 5118 2472 5164 et
2528 5122 2641 5163 suae
2686 5109 3038 5179 providentia:
3082 5124 3266 5164 curam
3305 5109 3533 5164 ubertim
3582 5108 3762 5163 decla-

2173 5212 2274 5258 rat.
2304 5202 2487 5273 ltaque
2507 5199 2608 5256 etsi
2641 5200 2805 5270 aliqui
2851 5203 3048 5258 virtute
3091 5201 3299 5272 praediti
3346 5202 3398 5257 iu
3447 5201 3765 5258 tentationes

2173 5293 2436 5357 incidant,
2487 5306 2555 5348 ne
2601 5291 2915 5359 turbentur,
2963 5292 3058 5348 sed
3111 5293 3235 5349 hinc
3294 5293 3568 5349 meliorem
3613 5306 3763 5362 spem

2171 5384 2503 5455 concipiant,
2543 5383 2670 5454 quia
2725 5384 3079 5440 tentationum
3124 5384 3388 5451 incursus,
3444 5397 3764 5440 coronarum

2173 5485 2230 5534 ct
2276 5477 2622 5548 pramiorum
2655 5476 2736 5529 eis
2779 5486 2910 5531 sunt
2955 5478 3202 5533 materia.
3257 5477 3409 5544 Quod
3458 5478 3501 5531 si
3537 5479 3586 5532 in
3636 5490 3761 5545 pec-

2172 5573 2306 5627 catis
2356 5584 2482 5625 cttm
2522 5570 2646 5629 siut,
2696 5569 2747 5622 in
2795 5569 3019 5625 adversa
3088 5570 3358 5636 incidant,
3402 5585 3471 5625 ne
3527 5577 3763 5639 propter.

2171 5679 2234 5722 ca
2259 5663 2519 5736 gravatim
2565 5652 2755 5728 ferant,
2798 5666 3031 5721 scientes
3077 5665 3223 5719 omni
3269 5673 3507 5734 tempore
3551 5671 3762 5733 peccata

2172 5754 2408 5811 adversis
2431 5755 2663 5825 purgari,
2682 5754 2842 5811 modo
2856 5772 2978 5812 cum
2992 5756 3157 5827 gratia
3165 5770 3281 5811 rum
3292 5756 3500 5811 actione
3513 5752 3762 5821 sum-iph-

2170 5865 2293 5906 mus
2310 5865 2372 5903 ea
2390 5862 2509 5917 qua)
2524 5849 2792 5905 eveniunt.
2812 5850 2960 5907 Grati
2980 5850 3125 5907 enim
3144 5849 3328 5906 famuli
3340 5858 3444 5915 est,
3470 5863 3571 5902 non
3590 5849 3757 5903 solum

2178 5943 2374 6017 gratias
2389 5954 2556 6011 agere
2594 5940 2811 5999 domino
2830 5986 2843 6009 ,
2863 5941 3077 6016 quando
3104 5941 3330 5998 ubertim
3370 5957 3466 6014 pro
3492 5934 3753 5995 sententia
