  <div class='ocr_page' id='page_1' title='image "/cluster/home/n/w/nwhite01/storage/ocr_20150623/53:no.4:pt.1/coo.31924054869536/372.png"; bbox 0 0 4060 6440; ppageno 0'>
   <div class='ocr_carea' id='block_1_1' title="bbox 243 473 344 530">
    <p class='ocr_par' dir='ltr' id='par_1_1' title="bbox 243 473 344 530">
     <span class='ocr_line' id='line_1_1' title="bbox 243 473 344 530; baseline -0.02 0"><span class='ocrx_word' id='word_1_1' title='bbox 243 473 344 530; x_wconf 75' lang='lat'>37!</span> 
     </span>
    </p>
   </div>
   <div class='ocr_carea' id='block_1_2' title="bbox 239 584 1916 657">
    <p class='ocr_par' dir='ltr' id='par_1_2' title="bbox 239 584 1916 657">
     <span class='ocr_line' id='line_1_2' title="bbox 239 584 1916 657; baseline -0.002 -16"><span class='ocrx_word' id='word_1_2' title='bbox 239 588 390 651; x_wconf 72' lang='grc' dir='ltr'>ὅπως</span> <span class='ocrx_word' id='word_1_3' title='bbox 427 586 588 640; x_wconf 67' lang='grc' dir='ltr'>αὐτὶν</span> <span class='ocrx_word' id='word_1_4' title='bbox 626 586 897 649; x_wconf 74' lang='grc' dir='ltr'>καλέσεις,</span> <span class='ocrx_word' id='word_1_5' title='bbox 926 586 1019 639; x_wconf 75' lang='grc' dir='ltr'>καὶ</span> <span class='ocrx_word' id='word_1_6' title='bbox 1045 586 1128 639; x_wconf 83' lang='grc' dir='ltr'>δτι</span> <span class='ocrx_word' id='word_1_7' title='bbox 1169 585 1308 657; x_wconf 75' lang='grc' dir='ltr'>πρὸς</span> <span class='ocrx_word' id='word_1_8' title='bbox 1336 585 1499 639; x_wconf 85' lang='grc' dir='ltr'>αὐτὸν</span> <span class='ocrx_word' id='word_1_9' title='bbox 1525 584 1623 656; x_wconf 89' lang='grc' dir='ltr'>τὴν</span> <span class='ocrx_word' id='word_1_10' title='bbox 1649 584 1916 655; x_wconf 81' lang='grc' dir='ltr'>διαθήκην</span> 
     </span>
    </p>
   </div>
   <div class='ocr_carea' id='block_1_3' title="bbox 246 670 1919 747">
    <p class='ocr_par' dir='ltr' id='par_1_3' title="bbox 246 670 1919 747">
     <span class='ocr_line' id='line_1_3' title="bbox 246 670 1919 747; baseline -0.002 -20"><span class='ocrx_word' id='word_1_11' title='bbox 246 691 350 746; x_wconf 84' lang='grc' dir='ltr'>μου</span> <span class='ocrx_word' id='word_1_12' title='bbox 376 671 635 747; x_wconf 80' lang='grc' dir='ltr'>θήσομαι,</span> <span class='ocrx_word' id='word_1_13' title='bbox 659 674 753 727; x_wconf 76' lang='grc' dir='ltr'>καί</span> <span class='ocrx_word' id='word_1_14' title='bbox 764 674 827 727; x_wconf 92' lang='grc' dir='ltr'>οὐ</span> <span class='ocrx_word' id='word_1_15' title='bbox 852 673 1011 727; x_wconf 90' lang='grc' dir='ltr'>τοῦτο</span> <span class='ocrx_word' id='word_1_16' title='bbox 1039 673 1218 744; x_wconf 84' lang='grc' dir='ltr'>μόνον,</span> <span class='ocrx_word' id='word_1_17' title='bbox 1238 673 1374 728; x_wconf 89' lang='grc' dir='ltr'>ἀλλά</span> <span class='ocrx_word' id='word_1_18' title='bbox 1396 672 1502 728; x_wconf 77' lang='grc' dir='ltr'>Καὶ</span> <span class='ocrx_word' id='word_1_19' title='bbox 1519 671 1600 739; x_wconf 85' lang='grc' dir='ltr'>τῷ</span> <span class='ocrx_word' id='word_1_20' title='bbox 1623 670 1919 740; x_wconf 78' lang='grc' dir='ltr'>σπέρματι</span> 
     </span>
    </p>
   </div>
   <div class='ocr_carea' id='block_1_4' title="bbox 240 757 1916 841">
    <p class='ocr_par' dir='ltr' id='par_1_4' title="bbox 240 757 1916 841">
     <span class='ocr_line' id='line_1_4' title="bbox 240 757 1916 841; baseline -0.002 -26"><span class='ocrx_word' id='word_1_21' title='bbox 240 760 428 817; x_wconf 77' lang='grc' dir='ltr'>αὑτοῦ</span> <span class='ocrx_word' id='word_1_22' title='bbox 454 761 584 841; x_wconf 66' lang='grc' dir='ltr'>μετ’</span> <span class='ocrx_word' id='word_1_23' title='bbox 623 762 828 815; x_wconf 82' lang='grc' dir='ltr'>αὐτόν.</span> <span class='ocrx_word' id='word_1_24' title='bbox 862 757 997 815; x_wconf 80' lang='grc' dir='ltr'>Εἶτα</span> <span class='ocrx_word' id='word_1_25' title='bbox 1022 761 1052 814; x_wconf 99' lang='lat'>6</span> <span class='ocrx_word' id='word_1_26' title='bbox 1091 761 1372 832; x_wconf 84' lang='grc' dir='ltr'>φιλότιμος</span> <span class='ocrx_word' id='word_1_27' title='bbox 1398 760 1485 814; x_wconf 76' lang='grc' dir='ltr'>ἀεὶ</span> <span class='ocrx_word' id='word_1_28' title='bbox 1513 761 1631 823; x_wconf 87' lang='grc' dir='ltr'>ταῖς</span> <span class='ocrx_word' id='word_1_29' title='bbox 1663 759 1916 831; x_wconf 75' lang='grc' dir='ltr'>δωρεαῖς,</span> 
     </span>
    </p>
   </div>
   <div class='ocr_carea' id='block_1_5' title="bbox 241 847 1919 921">
    <p class='ocr_par' dir='ltr' id='par_1_5' title="bbox 241 847 1919 921">
     <span class='ocr_line' id='line_1_5' title="bbox 241 847 1919 921; baseline -0.004 -15"><span class='ocrx_word' id='word_1_30' title='bbox 241 849 337 906; x_wconf 74' lang='grc' dir='ltr'>καὶ</span> <span class='ocrx_word' id='word_1_31' title='bbox 368 850 468 913; x_wconf 76' lang='grc' dir='ltr'>τὰς</span> <span class='ocrx_word' id='word_1_32' title='bbox 498 848 745 921; x_wconf 73' lang='grc' dir='ltr'>αἰτήσεις</span> <span class='ocrx_word' id='word_1_33' title='bbox 768 848 924 920; x_wconf 83' lang='grc' dir='ltr'>ήμῶν</span> <span class='ocrx_word' id='word_1_34' title='bbox 962 851 1028 902; x_wconf 85' lang='grc' dir='ltr'>ἐκ</span> <span class='ocrx_word' id='word_1_35' title='bbox 1058 849 1256 903; x_wconf 88' lang='grc' dir='ltr'>πολλοῦ</span> <span class='ocrx_word' id='word_1_36' title='bbox 1294 848 1390 903; x_wconf 86' lang='grc' dir='ltr'>τοῦ</span> <span class='ocrx_word' id='word_1_37' title='bbox 1432 849 1716 921; x_wconf 77' lang='grc' dir='ltr'>περιόντος</span> <span class='ocrx_word' id='word_1_38' title='bbox 1747 847 1919 917; x_wconf 80' lang='grc' dir='ltr'>ὑπερ-</span> 
     </span>
    </p>
   </div>
   <div class='ocr_carea' id='block_1_6' title="bbox 241 934 1915 1007">
    <p class='ocr_par' dir='ltr' id='par_1_6' title="bbox 241 934 1915 1007">
     <span class='ocr_line' id='line_1_6' title="bbox 241 934 1915 1007; baseline -0.002 -16"><span class='ocrx_word' id='word_1_39' title='bbox 241 935 586 1007; x_wconf 87' lang='grc' dir='ltr'>ϐαλλόμενος,</span> <span class='ocrx_word' id='word_1_40' title='bbox 621 934 811 1007; x_wconf 85' lang='grc' dir='ltr'>ἐπειδὴ</span> <span class='ocrx_word' id='word_1_41' title='bbox 833 935 1150 1007; x_wconf 81' lang='grc' dir='ltr'>διανέστησε</span> <span class='ocrx_word' id='word_1_42' title='bbox 1176 935 1268 990; x_wconf 88' lang='grc' dir='ltr'>τοῦ</span> <span class='ocrx_word' id='word_1_43' title='bbox 1297 936 1507 991; x_wconf 88' lang='grc' dir='ltr'>δικαίου</span> <span class='ocrx_word' id='word_1_44' title='bbox 1538 935 1601 990; x_wconf 78' lang='lat'>:6</span> <span class='ocrx_word' id='word_1_45' title='bbox 1641 935 1915 1006; x_wconf 82' lang='grc' dir='ltr'>φρόνημα,</span> 
     </span>
    </p>
   </div>
   <div class='ocr_carea' id='block_1_7' title="bbox 239 1018 1917 1097">
    <p class='ocr_par' dir='ltr' id='par_1_7' title="bbox 239 1018 1917 1097">
     <span class='ocr_line' id='line_1_7' title="bbox 239 1018 1917 1097; baseline -0.003 -18"><span class='ocrx_word' id='word_1_46' title='bbox 239 1026 336 1079; x_wconf 74' lang='grc' dir='ltr'>καὶ</span> <span class='ocrx_word' id='word_1_47' title='bbox 362 1023 551 1095; x_wconf 78' lang='grc' dir='ltr'>σχεδὸν</span> <span class='ocrx_word' id='word_1_48' title='bbox 581 1025 780 1090; x_wconf 84' lang='grc' dir='ltr'>εἰπεῖν,</span> <span class='ocrx_word' id='word_1_49' title='bbox 811 1023 879 1078; x_wconf 83' lang='grc' dir='ltr'>δι’</span> <span class='ocrx_word' id='word_1_50' title='bbox 907 1018 984 1078; x_wconf 80' lang='grc' dir='ltr'>ὧν</span> <span class='ocrx_word' id='word_1_51' title='bbox 1008 1024 1276 1095; x_wconf 80' lang='grc' dir='ltr'>ὑπέσχετο</span> <span class='ocrx_word' id='word_1_52' title='bbox 1304 1025 1423 1079; x_wconf 82' lang='grc' dir='ltr'>νέον</span> <span class='ocrx_word' id='word_1_53' title='bbox 1451 1025 1516 1077; x_wconf 89' lang='grc' dir='ltr'>ἐκ</span> <span class='ocrx_word' id='word_1_54' title='bbox 1543 1024 1798 1097; x_wconf 82' lang='grc' dir='ltr'>γέροντος</span> <span class='ocrx_word' id='word_1_55' title='bbox 1825 1021 1917 1075; x_wconf 84' lang='grc' dir='ltr'>τὸν</span> 
     </span>
    </p>
   </div>
   <div class='ocr_carea' id='block_1_8' title="bbox 238 1104 1916 1184">
    <p class='ocr_par' dir='ltr' id='par_1_8' title="bbox 238 1104 1916 1184">
     <span class='ocr_line' id='line_1_8' title="bbox 238 1104 1916 1184; baseline -0.001 -19"><span class='ocrx_word' id='word_1_56' title='bbox 238 1110 555 1184; x_wconf 88' lang='grc' dir='ltr'>πρεσϐύτην</span> <span class='ocrx_word' id='word_1_57' title='bbox 586 1112 904 1184; x_wconf 74' lang='grc' dir='ltr'>εἰργάσατο,</span> <span class='ocrx_word' id='word_1_58' title='bbox 946 1111 1040 1167; x_wconf 75' lang='grc' dir='ltr'>καὶ</span> <span class='ocrx_word' id='word_1_59' title='bbox 1086 1112 1178 1166; x_wconf 78' lang='grc' dir='ltr'>τὸν</span> <span class='ocrx_word' id='word_1_60' title='bbox 1207 1104 1422 1184; x_wconf 71' lang='grc' dir='ltr'>νεκρὸν,</span> <span class='ocrx_word' id='word_1_61' title='bbox 1456 1112 1532 1175; x_wconf 85' lang='grc' dir='ltr'>ὠς</span> <span class='ocrx_word' id='word_1_62' title='bbox 1565 1113 1757 1176; x_wconf 86' lang='grc' dir='ltr'>εἰπεῖν,</span> <span class='ocrx_word' id='word_1_63' title='bbox 1785 1109 1916 1164; x_wconf 72' lang='grc' dir='ltr'>ὄντα</span> 
     </span>
    </p>
   </div>
   <div class='ocr_carea' id='block_1_9' title="bbox 235 1198 1916 1271">
    <p class='ocr_par' dir='ltr' id='par_1_9' title="bbox 235 1198 1916 1271">
     <span class='ocr_line' id='line_1_9' title="bbox 235 1198 1916 1271; baseline -0.002 -18"><span class='ocrx_word' id='word_1_64' title='bbox 235 1198 329 1253; x_wconf 89' lang='grc' dir='ltr'>διά</span> <span class='ocrx_word' id='word_1_65' title='bbox 358 1199 471 1252; x_wconf 89' lang='grc' dir='ltr'>τῶν</span> <span class='ocrx_word' id='word_1_66' title='bbox 500 1201 761 1271; x_wconf 78' lang='grc' dir='ltr'>ῥημάτων</span> <span class='ocrx_word' id='word_1_67' title='bbox 802 1200 1193 1269; x_wconf 74' lang='grc' dir='ltr'>ἐζωογόνησεν,</span> <span class='ocrx_word' id='word_1_68' title='bbox 1241 1198 1752 1270; x_wconf 72' lang='grc' dir='ltr'>ἐπιδαψιλευόμενος</span> <span class='ocrx_word' id='word_1_69' title='bbox 1794 1200 1916 1261; x_wconf 87' lang='grc' dir='ltr'>ταῖς</span> 
     </span>
    </p>
   </div>
   <div class='ocr_carea' id='block_1_10' title="bbox 236 1286 1915 1359">
    <p class='ocr_par' dir='ltr' id='par_1_10' title="bbox 236 1286 1915 1359">
     <span class='ocr_line' id='line_1_10' title="bbox 236 1286 1915 1359; baseline -0.002 -19"><span class='ocrx_word' id='word_1_70' title='bbox 236 1287 580 1358; x_wconf 80' lang='grc' dir='ltr'>εὐεργεσίαις</span> <span class='ocrx_word' id='word_1_71' title='bbox 611 1287 764 1359; x_wconf 84' lang='grc' dir='ltr'>φησί·</span> <span class='ocrx_word' id='word_1_72' title='bbox 796 1289 905 1340; x_wconf 74' lang='grc' dir='ltr'>Καὶ</span> <span class='ocrx_word' id='word_1_73' title='bbox 935 1288 1111 1342; x_wconf 87' lang='grc' dir='ltr'>ταῦτα</span> <span class='ocrx_word' id='word_1_74' title='bbox 1142 1288 1287 1359; x_wconf 86' lang='grc' dir='ltr'>ἆπερ</span> <span class='ocrx_word' id='word_1_75' title='bbox 1309 1286 1625 1357; x_wconf 76' lang='grc' dir='ltr'>ὑπεσχόμην</span> <span class='ocrx_word' id='word_1_76' title='bbox 1654 1287 1734 1349; x_wconf 88' lang='grc' dir='ltr'>εἰς</span> <span class='ocrx_word' id='word_1_77' title='bbox 1754 1286 1915 1356; x_wconf 80' lang='grc' dir='ltr'>ἔργον</span> 
     </span>
    </p>
   </div>
   <div class='ocr_carea' id='block_1_11' title="bbox 234 1374 1915 1448">
    <p class='ocr_par' dir='ltr' id='par_1_11' title="bbox 234 1374 1915 1448">
     <span class='ocr_line' id='line_1_11' title="bbox 234 1374 1915 1448; baseline -0.001 -18"><span class='ocrx_word' id='word_1_78' title='bbox 234 1376 370 1443; x_wconf 77' lang='grc' dir='ltr'>ἀξω,</span> <span class='ocrx_word' id='word_1_79' title='bbox 405 1376 500 1430; x_wconf 69' lang='grc' dir='ltr'>καί⁸</span> <span class='ocrx_word' id='word_1_80' title='bbox 534 1378 674 1447; x_wconf 82' lang='grc' dir='ltr'>μετά</span> <span class='ocrx_word' id='word_1_81' title='bbox 698 1377 890 1431; x_wconf 89' lang='grc' dir='ltr'>τούτου</span> <span class='ocrx_word' id='word_1_82' title='bbox 927 1378 1020 1430; x_wconf 74' lang='grc' dir='ltr'>καὶ</span> <span class='ocrx_word' id='word_1_83' title='bbox 1057 1378 1158 1448; x_wconf 89' lang='grc' dir='ltr'>τὴν</span> <span class='ocrx_word' id='word_1_84' title='bbox 1198 1377 1325 1448; x_wconf 79' lang='grc' dir='ltr'>περὶ</span> <span class='ocrx_word' id='word_1_85' title='bbox 1349 1376 1439 1429; x_wconf 83' lang='grc' dir='ltr'>τὸν</span> <span class='ocrx_word' id='word_1_86' title='bbox 1484 1374 1705 1448; x_wconf 88' lang='grc' dir='ltr'>Ίσμαὴλ</span> <span class='ocrx_word' id='word_1_87' title='bbox 1732 1375 1915 1447; x_wconf 85' lang='grc' dir='ltr'>παρά·-</span> 
     </span>
    </p>
   </div>
   <div class='ocr_carea' id='block_1_12' title="bbox 235 1463 1911 1538">
    <p class='ocr_par' dir='ltr' id='par_1_12' title="bbox 235 1463 1911 1538">
     <span class='ocr_line' id='line_1_12' title="bbox 235 1463 1911 1538; baseline -0.001 -21"><span class='ocrx_word' id='word_1_88' title='bbox 235 1465 432 1536; x_wconf 88' lang='grc' dir='ltr'>κλησιν</span> <span class='ocrx_word' id='word_1_89' title='bbox 467 1464 759 1538; x_wconf 82' lang='grc' dir='ltr'>δεξάμενος</span> <span class='ocrx_word' id='word_1_90' title='bbox 793 1479 842 1519; x_wconf 75' lang='grc' dir='ltr'>ι.</span> <span class='ocrx_word' id='word_1_91' title='bbox 889 1466 1206 1537; x_wconf 78' lang='grc' dir='ltr'>Ἔπήκουσα</span> <span class='ocrx_word' id='word_1_92' title='bbox 1235 1465 1345 1537; x_wconf 91' lang='grc' dir='ltr'>γάρ</span> <span class='ocrx_word' id='word_1_93' title='bbox 1378 1482 1471 1518; x_wconf 92' lang='grc' dir='ltr'>σου</span> <span class='ocrx_word' id='word_1_94' title='bbox 1512 1464 1612 1534; x_wconf 89' lang='grc' dir='ltr'>τῆς</span> <span class='ocrx_word' id='word_1_95' title='bbox 1651 1463 1911 1534; x_wconf 80' lang='grc' dir='ltr'>δεήσεως,</span> 
     </span>
    </p>
   </div>
   <div class='ocr_carea' id='block_1_13' title="bbox 233 1548 1914 1622">
    <p class='ocr_par' dir='ltr' id='par_1_13' title="bbox 233 1548 1914 1622">
     <span class='ocr_line' id='line_1_13' title="bbox 233 1548 1914 1622; baseline -0.002 -16"><span class='ocrx_word' id='word_1_96' title='bbox 233 1552 347 1606; x_wconf 76' lang='grc' dir='ltr'>Καὶ</span> <span class='ocrx_word' id='word_1_97' title='bbox 386 1555 691 1622; x_wconf 71' lang='grc' dir='ltr'>εὐλόγηκα</span> <span class='ocrx_word' id='word_1_98' title='bbox 720 1556 929 1608; x_wconf 79' lang='grc' dir='ltr'>αὐτόν.</span> <span class='ocrx_word' id='word_1_99' title='bbox 959 1553 1221 1619; x_wconf 79' lang='grc' dir='ltr'>Αὐξήσω</span> <span class='ocrx_word' id='word_1_100' title='bbox 1264 1553 1453 1608; x_wconf 83' lang='grc' dir='ltr'>αὐτὸν</span> <span class='ocrx_word' id='word_1_101' title='bbox 1486 1551 1586 1606; x_wconf 76' lang='grc' dir='ltr'>καί</span> <span class='ocrx_word' id='word_1_102' title='bbox 1626 1548 1914 1619; x_wconf 68' lang='grc' dir='ltr'>πληθυνῶ</span> 
     </span>
    </p>
   </div>
   <div class='ocr_carea' id='block_1_14' title="bbox 230 1635 1912 1710">
    <p class='ocr_par' dir='ltr' id='par_1_14' title="bbox 230 1635 1912 1710">
     <span class='ocr_line' id='line_1_14' title="bbox 230 1635 1912 1710; baseline -0.002 -18"><span class='ocrx_word' id='word_1_103' title='bbox 230 1639 423 1693; x_wconf 78' lang='grc' dir='ltr'>αὐτὸν</span> <span class='ocrx_word' id='word_1_104' title='bbox 450 1639 709 1709; x_wconf 74' lang='grc' dir='ltr'>σφόδρα,</span> <span class='ocrx_word' id='word_1_105' title='bbox 735 1641 991 1710; x_wconf 65' lang='grc' dir='ltr'>σφόδρα.</span> <span class='ocrx_word' id='word_1_106' title='bbox 1028 1638 1266 1697; x_wconf 80' lang='grc' dir='ltr'>Δώδεκα</span> <span class='ocrx_word' id='word_1_107' title='bbox 1291 1641 1439 1707; x_wconf 76' lang='grc' dir='ltr'>ἔθνη</span> <span class='ocrx_word' id='word_1_108' title='bbox 1474 1638 1777 1708; x_wconf 59' lang='grc' dir='ltr'>γεννήσει,</span> <span class='ocrx_word' id='word_1_109' title='bbox 1813 1635 1912 1690; x_wconf 78' lang='grc' dir='ltr'>καί</span> 
     </span>
    </p>
   </div>
   <div class='ocr_carea' id='block_1_15' title="bbox 230 1725 1912 1800">
    <p class='ocr_par' dir='ltr' id='par_1_15' title="bbox 230 1725 1912 1800">
     <span class='ocr_line' id='line_1_15' title="bbox 230 1725 1912 1800; baseline 0 -21"><span class='ocrx_word' id='word_1_110' title='bbox 230 1726 407 1780; x_wconf 79' lang='grc' dir='ltr'>δώσω</span> <span class='ocrx_word' id='word_1_111' title='bbox 436 1728 629 1782; x_wconf 79' lang='grc' dir='ltr'>αὑτὸν</span> <span class='ocrx_word' id='word_1_112' title='bbox 660 1730 753 1794; x_wconf 80' lang='grc' dir='ltr'>εἰς</span> <span class='ocrx_word' id='word_1_113' title='bbox 777 1728 956 1794; x_wconf 74' lang='grc' dir='ltr'>ἔθνος</span> <span class='ocrx_word' id='word_1_114' title='bbox 978 1728 1153 1798; x_wconf 76' lang='grc' dir='ltr'>μέγα.</span> <span class='ocrx_word' id='word_1_115' title='bbox 1208 1728 1425 1800; x_wconf 80' lang='grc' dir='ltr'>Ἐπειδὴ</span> <span class='ocrx_word' id='word_1_116' title='bbox 1447 1728 1577 1798; x_wconf 74' lang='grc' dir='ltr'>γάρ,</span> <span class='ocrx_word' id='word_1_117' title='bbox 1618 1725 1772 1796; x_wconf 73' lang='grc' dir='ltr'>φησί,</span> <span class='ocrx_word' id='word_1_118' title='bbox 1820 1725 1912 1779; x_wconf 70' lang='grc' dir='ltr'>σὺν</span> 
     </span>
    </p>
   </div>
   <div class='ocr_carea' id='block_1_16' title="bbox 233 1812 1913 1887">
    <p class='ocr_par' dir='ltr' id='par_1_16' title="bbox 233 1812 1913 1887">
     <span class='ocr_line' id='line_1_16' title="bbox 233 1812 1913 1887; baseline -0.001 -19"><span class='ocrx_word' id='word_1_119' title='bbox 233 1814 459 1887; x_wconf 83' lang='grc' dir='ltr'>σπέρμα</span> <span class='ocrx_word' id='word_1_120' title='bbox 487 1816 659 1878; x_wconf 69' lang='grc' dir='ltr'>ἐστὶν,</span> <span class='ocrx_word' id='word_1_121' title='bbox 690 1815 864 1880; x_wconf 68' lang='grc' dir='ltr'>οὕτως</span> <span class='ocrx_word' id='word_1_122' title='bbox 902 1816 1065 1870; x_wconf 84' lang='grc' dir='ltr'>αὐτὸν</span> <span class='ocrx_word' id='word_1_123' title='bbox 1091 1816 1334 1887; x_wconf 81' lang='grc' dir='ltr'>αὐξήσω,</span> <span class='ocrx_word' id='word_1_124' title='bbox 1367 1817 1462 1871; x_wconf 81' lang='grc' dir='ltr'>καὶ</span> <span class='ocrx_word' id='word_1_125' title='bbox 1496 1815 1750 1887; x_wconf 79' lang='grc' dir='ltr'>πληθυνῶ</span> <span class='ocrx_word' id='word_1_126' title='bbox 1781 1812 1913 1881; x_wconf 81' lang='grc' dir='ltr'>σφό-</span> 
     </span>
    </p>
   </div>
   <div class='ocr_carea' id='block_1_17' title="bbox 228 1901 1910 1974">
    <p class='ocr_par' dir='ltr' id='par_1_17' title="bbox 228 1901 1910 1974">
     <span class='ocr_line' id='line_1_17' title="bbox 228 1901 1910 1974; baseline 0 -19"><span class='ocrx_word' id='word_1_127' title='bbox 228 1902 358 1974; x_wconf 93' lang='grc' dir='ltr'>δρα,</span> <span class='ocrx_word' id='word_1_128' title='bbox 375 1904 451 1968; x_wconf 84' lang='grc' dir='ltr'>ὼς</span> <span class='ocrx_word' id='word_1_129' title='bbox 474 1902 687 1958; x_wconf 84' lang='grc' dir='ltr'>δώδεκα</span> <span class='ocrx_word' id='word_1_130' title='bbox 709 1903 837 1973; x_wconf 76' lang='grc' dir='ltr'>ἔθνη</span> <span class='ocrx_word' id='word_1_131' title='bbox 863 1903 921 1969; x_wconf 79' lang='grc' dir='ltr'>ἐξ</span> <span class='ocrx_word' id='word_1_132' title='bbox 944 1903 1109 1957; x_wconf 83' lang='grc' dir='ltr'>αὐτοῦ</span> <span class='ocrx_word' id='word_1_133' title='bbox 1130 1903 1456 1974; x_wconf 79' lang='grc' dir='ltr'>διαδοθῆναι.</span> <span class='ocrx_word' id='word_1_134' title='bbox 1482 1904 1559 1958; x_wconf 85' lang='grc' dir='ltr'>Τὰ</span> <span class='ocrx_word' id='word_1_135' title='bbox 1572 1903 1779 1971; x_wconf 79' lang='grc' dir='ltr'>μέντοι</span> <span class='ocrx_word' id='word_1_136' title='bbox 1799 1901 1910 1970; x_wconf 83' lang='grc' dir='ltr'>τῆς</span> 
     </span>
    </p>
   </div>
   <div class='ocr_carea' id='block_1_18' title="bbox 228 1990 1908 2062">
    <p class='ocr_par' dir='ltr' id='par_1_18' title="bbox 228 1990 1908 2062">
     <span class='ocr_line' id='line_1_18' title="bbox 228 1990 1908 2062; baseline -0.001 -17"><span class='ocrx_word' id='word_1_137' title='bbox 228 1990 526 2060; x_wconf 73' lang='grc' dir='ltr'>διαθήκης</span> <span class='ocrx_word' id='word_1_138' title='bbox 563 1990 671 2060; x_wconf 81' lang='grc' dir='ltr'>τῆς</span> <span class='ocrx_word' id='word_1_139' title='bbox 696 1991 848 2062; x_wconf 80' lang='grc' dir='ltr'>ἐμῆς</span> <span class='ocrx_word' id='word_1_140' title='bbox 886 1991 1096 2058; x_wconf 80' lang='grc' dir='ltr'>στήσω</span> <span class='ocrx_word' id='word_1_141' title='bbox 1121 1992 1270 2060; x_wconf 63' lang='grc' dir='ltr'>πρὸς</span> <span class='ocrx_word' id='word_1_142' title='bbox 1313 1993 1533 2056; x_wconf 79' lang='grc' dir='ltr'>Ἰσαὰκ,</span> <span class='ocrx_word' id='word_1_143' title='bbox 1563 1990 1637 2045; x_wconf 84' lang='grc' dir='ltr'>ὃν</span> <span class='ocrx_word' id='word_1_144' title='bbox 1677 1990 1908 2054; x_wconf 75' lang='grc' dir='ltr'>τέξεταί</span> 
     </span>
    </p>
   </div>
   <div class='ocr_carea' id='block_1_19' title="bbox 228 2076 1907 2147">
    <p class='ocr_par' dir='ltr' id='par_1_19' title="bbox 228 2076 1907 2147">
     <span class='ocr_line' id='line_1_19' title="bbox 228 2076 1907 2147; baseline -0.001 -15"><span class='ocrx_word' id='word_1_145' title='bbox 228 2083 333 2133; x_wconf 81' lang='grc' dir='ltr'>σοι</span> <span class='ocrx_word' id='word_1_146' title='bbox 362 2078 561 2147; x_wconf 80' lang='grc' dir='ltr'>Σὰρῤα</span> <span class='ocrx_word' id='word_1_147' title='bbox 584 2083 673 2145; x_wconf 81' lang='grc' dir='ltr'>εις</span> <span class='ocrx_word' id='word_1_148' title='bbox 697 2079 804 2133; x_wconf 84' lang='grc' dir='ltr'>τὸν</span> <span class='ocrx_word' id='word_1_149' title='bbox 835 2082 1044 2147; x_wconf 74' lang='grc' dir='ltr'>καιρὸν</span> <span class='ocrx_word' id='word_1_150' title='bbox 1071 2079 1306 2143; x_wconf 77' lang='grc' dir='ltr'>τοῦτον,</span> <span class='ocrx_word' id='word_1_151' title='bbox 1334 2079 1405 2132; x_wconf 79' lang='grc' dir='ltr'>ἐν</span> <span class='ocrx_word' id='word_1_152' title='bbox 1427 2077 1508 2144; x_wconf 84' lang='grc' dir='ltr'>τῷ</span> <span class='ocrx_word' id='word_1_153' title='bbox 1542 2077 1796 2143; x_wconf 76' lang='grc' dir='ltr'>ἐνιαυτῷ</span> <span class='ocrx_word' id='word_1_154' title='bbox 1826 2076 1907 2144; x_wconf 86' lang='grc' dir='ltr'>τῷ</span> 
     </span>
    </p>
   </div>
   <div class='ocr_carea' id='block_1_20' title="bbox 226 2165 1908 2238">
    <p class='ocr_par' dir='ltr' id='par_1_20' title="bbox 226 2165 1908 2238">
     <span class='ocr_line' id='line_1_20' title="bbox 226 2165 1908 2238; baseline 0 -19"><span class='ocrx_word' id='word_1_155' title='bbox 226 2165 506 2234; x_wconf 80' lang='grc' dir='ltr'>δευτέρῳ.</span> <span class='ocrx_word' id='word_1_156' title='bbox 538 2167 681 2238; x_wconf 86' lang='grc' dir='ltr'>Ὅρα</span> <span class='ocrx_word' id='word_1_157' title='bbox 707 2184 797 2238; x_wconf 89' lang='grc' dir='ltr'>μοι</span> <span class='ocrx_word' id='word_1_158' title='bbox 822 2167 1078 2233; x_wconf 83' lang='grc' dir='ltr'>ἐνταῦθα,</span> <span class='ocrx_word' id='word_1_159' title='bbox 1110 2167 1385 2238; x_wconf 49' lang='grc' dir='ltr'>ἀγαπητὴ</span> <span class='ocrx_word' id='word_1_160' title='bbox 1404 2167 1552 2230; x_wconf 80' lang='grc' dir='ltr'>ὅπως</span> <span class='ocrx_word' id='word_1_161' title='bbox 1577 2168 1637 2219; x_wconf 91' lang='grc' dir='ltr'>ἐν</span> <span class='ocrx_word' id='word_1_162' title='bbox 1663 2167 1762 2238; x_wconf 73' lang='grc' dir='ltr'>μιᾷ</span> <span class='ocrx_word' id='word_1_163' title='bbox 1786 2183 1908 2219; x_wconf 83' lang='grc' dir='ltr'>και-</span> 
     </span>
    </p>
   </div>
   <div class='ocr_carea' id='block_1_21' title="bbox 228 2253 1907 2327">
    <p class='ocr_par' dir='ltr' id='par_1_21' title="bbox 228 2253 1907 2327">
     <span class='ocr_line' id='line_1_21' title="bbox 228 2253 1907 2327; baseline 0 -20"><span class='ocrx_word' id='word_1_164' title='bbox 228 2253 328 2327; x_wconf 88' lang='grc' dir='ltr'>ροῦ</span> <span class='ocrx_word' id='word_1_165' title='bbox 348 2257 486 2327; x_wconf 77' lang='grc' dir='ltr'>ῥοπῇ</span> <span class='ocrx_word' id='word_1_166' title='bbox 504 2256 533 2307; x_wconf 90' lang='lat'>6</span> <span class='ocrx_word' id='word_1_167' title='bbox 551 2255 759 2319; x_wconf 90' lang='grc' dir='ltr'>δίκαιος</span> <span class='ocrx_word' id='word_1_168' title='bbox 784 2255 986 2319; x_wconf 74' lang='grc' dir='ltr'>παντὸς</span> <span class='ocrx_word' id='word_1_169' title='bbox 1005 2254 1098 2308; x_wconf 86' lang='grc' dir='ltr'>τοῦ</span> <span class='ocrx_word' id='word_1_170' title='bbox 1120 2255 1313 2327; x_wconf 88' lang='grc' dir='ltr'>χρόνου</span> <span class='ocrx_word' id='word_1_171' title='bbox 1339 2255 1439 2318; x_wconf 81' lang='grc' dir='ltr'>τὰς</span> <span class='ocrx_word' id='word_1_172' title='bbox 1462 2254 1695 2326; x_wconf 78' lang='grc' dir='ltr'>ἀμοιϐάς</span> <span class='ocrx_word' id='word_1_173' title='bbox 1717 2254 1907 2325; x_wconf 86' lang='grc' dir='ltr'>ἐκομί-</span> 
     </span>
    </p>
   </div>
   <div class='ocr_carea' id='block_1_22' title="bbox 228 2342 1907 2415">
    <p class='ocr_par' dir='ltr' id='par_1_22' title="bbox 228 2342 1907 2415">
     <span class='ocr_line' id='line_1_22' title="bbox 228 2342 1907 2415; baseline -0.001 -19"><span class='ocrx_word' id='word_1_174' title='bbox 228 2359 384 2404; x_wconf 86' lang='grc' dir='ltr'>σατο,</span> <span class='ocrx_word' id='word_1_175' title='bbox 415 2345 509 2397; x_wconf 73' lang='grc' dir='ltr'>καὶ</span> <span class='ocrx_word' id='word_1_176' title='bbox 545 2343 852 2415; x_wconf 77' lang='grc' dir='ltr'>ἐπληροῦτο</span> <span class='ocrx_word' id='word_1_177' title='bbox 881 2345 1063 2397; x_wconf 88' lang='grc' dir='ltr'>ἐκεῖνο</span> <span class='ocrx_word' id='word_1_178' title='bbox 1089 2345 1151 2397; x_wconf 84' lang='grc' dir='ltr'>τὸ</span> <span class='ocrx_word' id='word_1_179' title='bbox 1193 2344 1345 2415; x_wconf 82' lang='grc' dir='ltr'>παρὰ</span> <span class='ocrx_word' id='word_1_180' title='bbox 1382 2344 1477 2398; x_wconf 87' lang='grc' dir='ltr'>τοῦ</span> <span class='ocrx_word' id='word_1_181' title='bbox 1518 2342 1755 2415; x_wconf 80' lang='grc' dir='ltr'>Χριστοῦ</span> <span class='ocrx_word' id='word_1_182' title='bbox 1793 2345 1907 2406; x_wconf 83' lang='grc' dir='ltr'>τοῖς</span> 
     </span>
    </p>
   </div>
   <div class='ocr_carea' id='block_1_23' title="bbox 124 2430 1906 2503">
    <p class='ocr_par' dir='ltr' id='par_1_23' title="bbox 124 2430 1906 2503">
     <span class='ocr_line' id='line_1_23' title="bbox 124 2430 1906 2503; baseline 0 -20"><span class='ocrx_word' id='word_1_183' title='bbox 124 2481 128 2484; x_wconf 13' lang='grc' dir='ltr'>ι</span> <span class='ocrx_word' id='word_1_184' title='bbox 228 2430 502 2501; x_wconf 78' lang='grc' dir='ltr'>μαθηταῖς</span> <span class='ocrx_word' id='word_1_185' title='bbox 530 2433 841 2503; x_wconf 82' lang='grc' dir='ltr'>εἰρημένον,</span> <span class='ocrx_word' id='word_1_186' title='bbox 876 2433 959 2485; x_wconf 87' lang='grc' dir='ltr'>ὃτι</span> <span class='ocrx_word' id='word_1_187' title='bbox 989 2432 1201 2498; x_wconf 82' lang='grc' dir='ltr'>’Ὅστις</span> <span class='ocrx_word' id='word_1_188' title='bbox 1236 2431 1313 2486; x_wconf 81' lang='grc' dir='ltr'>ἃν</span> <span class='ocrx_word' id='word_1_189' title='bbox 1349 2433 1650 2498; x_wconf 73' lang='grc' dir='ltr'>καταλίπῃ</span> <span class='ocrx_word' id='word_1_190' title='bbox 1681 2431 1906 2500; x_wconf 78' lang='grc' dir='ltr'>πατέρα</span> 
     </span>
    </p>
   </div>
   <div class='ocr_carea' id='block_1_24' title="bbox 223 2517 1901 2590">
    <p class='ocr_par' dir='ltr' id='par_1_24' title="bbox 223 2517 1901 2590">
     <span class='ocr_line' id='line_1_24' title="bbox 223 2517 1901 2590; baseline 0.001 -20"><span class='ocrx_word' id='word_1_191' title='bbox 223 2518 269 2585; x_wconf 80' lang='grc' dir='ltr'><em>ἢ</em></span> <span class='ocrx_word' id='word_1_192' title='bbox 304 2518 553 2589; x_wconf 80' lang='grc' dir='ltr'>μητέρα,</span> <span class='ocrx_word' id='word_1_193' title='bbox 600 2519 638 2588; x_wconf 80' lang='grc' dir='ltr'><em>ἢ</em></span> <span class='ocrx_word' id='word_1_194' title='bbox 667 2521 866 2574; x_wconf 79' lang='grc' dir='ltr'>οἰκίαν</span> <span class='ocrx_word' id='word_1_195' title='bbox 902 2521 941 2589; x_wconf 81' lang='grc' dir='ltr'><strong>ἢ</strong></span> <span class='ocrx_word' id='word_1_196' title='bbox 970 2520 1275 2590; x_wconf 69' lang='grc' dir='ltr'>ἀδελφοὺς</span> <span class='ocrx_word' id='word_1_197' title='bbox 1313 2519 1413 2574; x_wconf 83' lang='grc' dir='ltr'>διὰ</span> <span class='ocrx_word' id='word_1_198' title='bbox 1446 2520 1511 2573; x_wconf 83' lang='grc' dir='ltr'>τὸ</span> <span class='ocrx_word' id='word_1_199' title='bbox 1550 2517 1737 2588; x_wconf 77' lang='grc' dir='ltr'>ὄνομα</span> <span class='ocrx_word' id='word_1_200' title='bbox 1761 2537 1901 2588; x_wconf 77' lang='grc' dir='ltr'>μου,</span> 
     </span>
    </p>
   </div>
   <div class='ocr_carea' id='block_1_25' title="bbox 223 2602 1906 2674">
    <p class='ocr_par' dir='ltr' id='par_1_25' title="bbox 223 2602 1906 2674">
     <span class='ocr_line' id='line_1_25' title="bbox 223 2602 1906 2674; baseline 0.001 -18"><span class='ocrx_word' id='word_1_201' title='bbox 223 2604 329 2658; x_wconf 76' lang='grc' dir='ltr'>καί</span> <span class='ocrx_word' id='word_1_202' title='bbox 375 2604 636 2659; x_wconf 82' lang='grc' dir='ltr'>ἐνταῦθα</span> <span class='ocrx_word' id='word_1_203' title='bbox 667 2605 1271 2661; x_wconf 76' lang='grc' dir='ltr'>ἑκατονταπλασίονα</span> <span class='ocrx_word' id='word_1_204' title='bbox 1310 2605 1593 2674; x_wconf 75' lang='grc' dir='ltr'>λήψεται,</span> <span class='ocrx_word' id='word_1_205' title='bbox 1629 2604 1727 2658; x_wconf 80' lang='grc' dir='ltr'>καὶ</span> <span class='ocrx_word' id='word_1_206' title='bbox 1751 2602 1906 2665; x_wconf 77' lang='grc' dir='ltr'>ζωὴν</span> 
     </span>
    </p>
   </div>
   <div class='ocr_carea' id='block_1_26' title="bbox 220 2689 1904 2764">
    <p class='ocr_par' dir='ltr' id='par_1_26' title="bbox 220 2689 1904 2764">
     <span class='ocr_line' id='line_1_26' title="bbox 220 2689 1904 2764; baseline 0 -20"><span class='ocrx_word' id='word_1_207' title='bbox 220 2689 470 2746; x_wconf 81' lang='grc' dir='ltr'>αἰώνιον</span> <span class='ocrx_word' id='word_1_208' title='bbox 498 2692 966 2763; x_wconf 69' lang='grc' dir='ltr'>κληρονομήσει.</span> <span class='ocrx_word' id='word_1_209' title='bbox 1015 2693 1297 2763; x_wconf 83' lang='grc' dir='ltr'>Ἐννόησον</span> <span class='ocrx_word' id='word_1_210' title='bbox 1329 2695 1439 2764; x_wconf 90' lang='grc' dir='ltr'>γάρ</span> <span class='ocrx_word' id='word_1_211' title='bbox 1470 2711 1557 2763; x_wconf 91' lang='grc' dir='ltr'>μοι</span> <span class='ocrx_word' id='word_1_212' title='bbox 1583 2692 1673 2745; x_wconf 74' lang='grc' dir='ltr'>τὸν</span> <span class='ocrx_word' id='word_1_213' title='bbox 1699 2692 1904 2745; x_wconf 84' lang='grc' dir='ltr'>δίκαιον</span> 
     </span>
    </p>
   </div>
   <div class='ocr_carea' id='block_1_27' title="bbox 219 2777 1902 2854">
    <p class='ocr_par' dir='ltr' id='par_1_27' title="bbox 219 2777 1902 2854">
     <span class='ocr_line' id='line_1_27' title="bbox 219 2777 1902 2854; baseline 0 -22"><span class='ocrx_word' id='word_1_214' title='bbox 219 2777 436 2844; x_wconf 89' lang='grc' dir='ltr'>τοῦτον,</span> <span class='ocrx_word' id='word_1_215' title='bbox 485 2781 675 2852; x_wconf 80' lang='grc' dir='ltr'>ἐπειδὴ</span> <span class='ocrx_word' id='word_1_216' title='bbox 708 2782 941 2852; x_wconf 87' lang='grc' dir='ltr'>ἐτοίμως</span> <span class='ocrx_word' id='word_1_217' title='bbox 971 2782 1249 2852; x_wconf 73' lang='grc' dir='ltr'>ὑπήκουσε</span> <span class='ocrx_word' id='word_1_218' title='bbox 1278 2781 1355 2851; x_wconf 82' lang='grc' dir='ltr'>τῷ</span> <span class='ocrx_word' id='word_1_219' title='bbox 1384 2782 1771 2854; x_wconf 73' lang='grc' dir='ltr'>προστάγματι</span> <span class='ocrx_word' id='word_1_220' title='bbox 1806 2779 1902 2832; x_wconf 83' lang='grc' dir='ltr'>τοῦ</span> 
     </span>
    </p>
   </div>
   <div class='ocr_carea' id='block_1_28' title="bbox 218 2864 1899 2941">
    <p class='ocr_par' dir='ltr' id='par_1_28' title="bbox 218 2864 1899 2941">
     <span class='ocr_line' id='line_1_28' title="bbox 218 2864 1899 2941; baseline -0.001 -21"><span class='ocrx_word' id='word_1_221' title='bbox 218 2864 522 2928; x_wconf 74' lang='grc' dir='ltr'>Δεσπότου,</span> <span class='ocrx_word' id='word_1_222' title='bbox 559 2869 652 2921; x_wconf 78' lang='grc' dir='ltr'>καί</span> <span class='ocrx_word' id='word_1_223' title='bbox 696 2868 1009 2923; x_wconf 85' lang='grc' dir='ltr'>καταλιπὼν</span> <span class='ocrx_word' id='word_1_224' title='bbox 1068 2870 1167 2941; x_wconf 81' lang='grc' dir='ltr'>τὴν</span> <span class='ocrx_word' id='word_1_225' title='bbox 1217 2868 1422 2922; x_wconf 77' lang='grc' dir='ltr'>οἰκείαν</span> <span class='ocrx_word' id='word_1_226' title='bbox 1491 2868 1726 2938; x_wconf 85' lang='grc' dir='ltr'>πατρίδα</span> <span class='ocrx_word' id='word_1_227' title='bbox 1766 2884 1899 2936; x_wconf 87' lang='grc' dir='ltr'>προ-</span> 
     </span>
    </p>
   </div>
   <div class='ocr_carea' id='block_1_29' title="bbox 221 2954 1903 3029">
    <p class='ocr_par' dir='ltr' id='par_1_29' title="bbox 221 2954 1903 3029">
     <span class='ocr_line' id='line_1_29' title="bbox 221 2954 1903 3029; baseline 0.001 -22"><span class='ocrx_word' id='word_1_228' title='bbox 221 2955 458 3025; x_wconf 83' lang='grc' dir='ltr'>ετίμησε</span> <span class='ocrx_word' id='word_1_229' title='bbox 491 2956 590 3026; x_wconf 71' lang='grc' dir='ltr'>τὴν</span> <span class='ocrx_word' id='word_1_230' title='bbox 625 2956 917 3029; x_wconf 76' lang='grc' dir='ltr'>ἀλλοτρίαν</span> <span class='ocrx_word' id='word_1_231' title='bbox 944 2958 1045 3028; x_wconf 85' lang='grc' dir='ltr'>τῆς</span> <span class='ocrx_word' id='word_1_232' title='bbox 1078 2956 1429 3028; x_wconf 83' lang='grc' dir='ltr'>ἐνεγκούσης,</span> <span class='ocrx_word' id='word_1_233' title='bbox 1463 2958 1609 3019; x_wconf 81' lang='grc' dir='ltr'>ὅπως</span> <span class='ocrx_word' id='word_1_234' title='bbox 1644 2954 1785 3009; x_wconf 83' lang='grc' dir='ltr'>κατά</span> <span class='ocrx_word' id='word_1_235' title='bbox 1817 2972 1903 3025; x_wconf 90' lang='grc' dir='ltr'>μι-</span> 
     </span>
    </p>
   </div>
   <div class='ocr_carea' id='block_1_30' title="bbox 217 3042 1900 3117">
    <p class='ocr_par' dir='ltr' id='par_1_30' title="bbox 217 3042 1900 3117">
     <span class='ocr_line' id='line_1_30' title="bbox 217 3042 1900 3117; baseline 0 -21"><span class='ocrx_word' id='word_1_236' title='bbox 217 3042 359 3115; x_wconf 69' lang='grc' dir='ltr'>κρὸν</span> <span class='ocrx_word' id='word_1_237' title='bbox 385 3044 584 3117; x_wconf 81' lang='grc' dir='ltr'>πολλὴν</span> <span class='ocrx_word' id='word_1_238' title='bbox 614 3046 713 3117; x_wconf 79' lang='grc' dir='ltr'>τὴν</span> <span class='ocrx_word' id='word_1_239' title='bbox 747 3045 1023 3117; x_wconf 83' lang='grc' dir='ltr'>ὑπομονὴν</span> <span class='ocrx_word' id='word_1_240' title='bbox 1046 3045 1476 3116; x_wconf 79' lang='grc' dir='ltr'>ἐπιδειξάμενος,</span> <span class='ocrx_word' id='word_1_241' title='bbox 1505 3045 1600 3097; x_wconf 77' lang='grc' dir='ltr'>καὶ</span> <span class='ocrx_word' id='word_1_242' title='bbox 1621 3046 1700 3107; x_wconf 86' lang='grc' dir='ltr'>εἰς</span> <span class='ocrx_word' id='word_1_243' title='bbox 1724 3043 1900 3114; x_wconf 81' lang='grc' dir='ltr'>ἄκραν</span> 
     </span>
    </p>
   </div>
   <div class='ocr_carea' id='block_1_31' title="bbox 218 3132 1898 3206">
    <p class='ocr_par' dir='ltr' id='par_1_31' title="bbox 218 3132 1898 3206">
     <span class='ocr_line' id='line_1_31' title="bbox 218 3132 1898 3206; baseline -0.001 -20"><span class='ocrx_word' id='word_1_244' title='bbox 218 3133 429 3204; x_wconf 84' lang='grc' dir='ltr'>ἀρετῆς</span> <span class='ocrx_word' id='word_1_245' title='bbox 480 3134 723 3206; x_wconf 80' lang='grc' dir='ltr'>κορυφὴν</span> <span class='ocrx_word' id='word_1_246' title='bbox 779 3133 1050 3200; x_wconf 88' lang='grc' dir='ltr'>ἀνελθὼν,</span> <span class='ocrx_word' id='word_1_247' title='bbox 1093 3133 1237 3188; x_wconf 84' lang='grc' dir='ltr'>οῦτω</span> <span class='ocrx_word' id='word_1_248' title='bbox 1284 3132 1644 3205; x_wconf 85' lang='grc' dir='ltr'>περίϐλεπτος</span> <span class='ocrx_word' id='word_1_249' title='bbox 1708 3132 1898 3200; x_wconf 83' lang='grc' dir='ltr'>γέγονε</span> 
     </span>
    </p>
   </div>
   <div class='ocr_carea' id='block_1_32' title="bbox 217 3218 1902 3294">
    <p class='ocr_par' dir='ltr' id='par_1_32' title="bbox 217 3218 1902 3294">
     <span class='ocr_line' id='line_1_32' title="bbox 217 3218 1902 3294; baseline -0.001 -19"><span class='ocrx_word' id='word_1_250' title='bbox 217 3221 320 3275; x_wconf 81' lang='grc' dir='ltr'>καὶ</span> <span class='ocrx_word' id='word_1_251' title='bbox 371 3221 714 3294; x_wconf 81' lang='grc' dir='ltr'>περιφανὴς,</span> <span class='ocrx_word' id='word_1_252' title='bbox 770 3222 847 3285; x_wconf 85' lang='grc' dir='ltr'>ὼς</span> <span class='ocrx_word' id='word_1_253' title='bbox 896 3222 975 3292; x_wconf 84' lang='grc' dir='ltr'>τῷ</span> <span class='ocrx_word' id='word_1_254' title='bbox 1021 3222 1217 3293; x_wconf 85' lang='grc' dir='ltr'>πλήθει</span> <span class='ocrx_word' id='word_1_255' title='bbox 1251 3221 1360 3274; x_wconf 87' lang='grc' dir='ltr'>τῶν</span> <span class='ocrx_word' id='word_1_256' title='bbox 1406 3220 1622 3292; x_wconf 79' lang='grc' dir='ltr'>ἄστρων</span> <span class='ocrx_word' id='word_1_257' title='bbox 1655 3221 1781 3284; x_wconf 86' lang='grc' dir='ltr'>τούς</span> <span class='ocrx_word' id='word_1_258' title='bbox 1842 3218 1902 3286; x_wconf 77' lang='grc' dir='ltr'>ἐξ</span> 
     </span>
    </p>
   </div>
   <div class='ocr_carea' id='block_1_33' title="bbox 214 3308 1904 3382">
    <p class='ocr_par' dir='ltr' id='par_1_33' title="bbox 214 3308 1904 3382">
     <span class='ocr_line' id='line_1_33' title="bbox 214 3308 1904 3382; baseline -0.003 -17"><span class='ocrx_word' id='word_1_259' title='bbox 214 3309 388 3365; x_wconf 77' lang='grc' dir='ltr'>αὐτοῦ</span> <span class='ocrx_word' id='word_1_260' title='bbox 434 3309 723 3380; x_wconf 84' lang='grc' dir='ltr'>τεχθέντας</span> <span class='ocrx_word' id='word_1_261' title='bbox 787 3310 1186 3382; x_wconf 75' lang='grc' dir='ltr'>παρισωθῆναι.</span> <span class='ocrx_word' id='word_1_262' title='bbox 1256 3309 1408 3379; x_wconf 88' lang='grc' dir='ltr'>Τάχα</span> <span class='ocrx_word' id='word_1_263' title='bbox 1456 3308 1511 3361; x_wconf 84' lang='grc' dir='ltr'>εἴ</span> <span class='ocrx_word' id='word_1_264' title='bbox 1554 3325 1641 3372; x_wconf 89' lang='grc' dir='ltr'>τις</span> <span class='ocrx_word' id='word_1_265' title='bbox 1697 3308 1904 3377; x_wconf 83' lang='grc' dir='ltr'>εὐγνω-</span> 
     </span>
    </p>
   </div>
   <div class='ocr_carea' id='block_1_34' title="bbox 218 3395 1899 3469">
    <p class='ocr_par' dir='ltr' id='par_1_34' title="bbox 218 3395 1899 3469">
     <span class='ocr_line' id='line_1_34' title="bbox 218 3395 1899 3469; baseline -0.002 -19"><span class='ocrx_word' id='word_1_266' title='bbox 218 3396 405 3468; x_wconf 82' lang='grc' dir='ltr'>μόνως</span> <span class='ocrx_word' id='word_1_267' title='bbox 462 3397 752 3469; x_wconf 80' lang='grc' dir='ltr'>βουληθείη</span> <span class='ocrx_word' id='word_1_268' title='bbox 822 3397 1054 3451; x_wconf 84' lang='grc' dir='ltr'>συνιδεῖν</span> <span class='ocrx_word' id='word_1_269' title='bbox 1073 3437 1089 3462; x_wconf 97' lang='grc'>,</span> <span class='ocrx_word' id='word_1_270' title='bbox 1144 3398 1206 3451; x_wconf 90' lang='grc' dir='ltr'>οὐ</span> <span class='ocrx_word' id='word_1_271' title='bbox 1270 3397 1431 3468; x_wconf 88' lang='grc' dir='ltr'>μόνον</span> <span class='ocrx_word' id='word_1_272' title='bbox 1482 3395 1619 3449; x_wconf 72' lang='grc' dir='ltr'>εἰσὶν</span> <span class='ocrx_word' id='word_1_273' title='bbox 1671 3395 1899 3448; x_wconf 76' lang='grc' dir='ltr'>ἑκατον-</span> 
     </span>
    </p>
   </div>
   <div class='ocr_carea' id='block_1_35' title="bbox 212 3480 1898 3554">
    <p class='ocr_par' dir='ltr' id='par_1_35' title="bbox 212 3480 1898 3554">
     <span class='ocr_line' id='line_1_35' title="bbox 212 3480 1898 3554; baseline -0.002 -16"><span class='ocrx_word' id='word_1_274' title='bbox 212 3482 596 3548; x_wconf 88' lang='grc' dir='ltr'>ταπλασίονα,</span> <span class='ocrx_word' id='word_1_275' title='bbox 650 3484 686 3539; x_wconf 79' lang='grc' dir='ltr'>ἃ</span> <span class='ocrx_word' id='word_1_276' title='bbox 736 3488 765 3539; x_wconf 90' lang='lat'>6</span> <span class='ocrx_word' id='word_1_277' title='bbox 812 3485 1019 3549; x_wconf 88' lang='grc' dir='ltr'>δίκαιος</span> <span class='ocrx_word' id='word_1_278' title='bbox 1077 3480 1227 3548; x_wconf 74' lang='grc' dir='ltr'>οὗτος</span> <span class='ocrx_word' id='word_1_279' title='bbox 1287 3483 1578 3554; x_wconf 80' lang='grc' dir='ltr'>ἐκομίσατο</span> <span class='ocrx_word' id='word_1_280' title='bbox 1642 3481 1898 3546; x_wconf 85' lang='grc' dir='ltr'>ἐνταῦθα,</span> 
     </span>
    </p>
   </div>
   <div class='ocr_carea' id='block_1_36' title="bbox 212 3569 1901 3643">
    <p class='ocr_par' dir='ltr' id='par_1_36' title="bbox 212 3569 1901 3643">
     <span class='ocr_line' id='line_1_36' title="bbox 212 3569 1901 3643; baseline -0.002 -18"><span class='ocrx_word' id='word_1_281' title='bbox 212 3571 358 3625; x_wconf 85' lang='grc' dir='ltr'>ἀλλά</span> <span class='ocrx_word' id='word_1_282' title='bbox 388 3572 485 3624; x_wconf 78' lang='grc' dir='ltr'>καὶ</span> <span class='ocrx_word' id='word_1_283' title='bbox 516 3571 969 3643; x_wconf 85' lang='grc' dir='ltr'>μυριοπλασίονα.</span> <span class='ocrx_word' id='word_1_284' title='bbox 1000 3574 1063 3626; x_wconf 85' lang='grc' dir='ltr'>Εἰ</span> <span class='ocrx_word' id='word_1_285' title='bbox 1099 3572 1156 3626; x_wconf 87' lang='grc' dir='ltr'>δὲ</span> <span class='ocrx_word' id='word_1_286' title='bbox 1185 3571 1418 3626; x_wconf 83' lang='grc' dir='ltr'>ἐνταῦθα</span> <span class='ocrx_word' id='word_1_287' title='bbox 1441 3570 1710 3624; x_wconf 87' lang='grc' dir='ltr'>τοσούτων</span> <span class='ocrx_word' id='word_1_288' title='bbox 1736 3569 1901 3641; x_wconf 81' lang='grc' dir='ltr'>ὴξιὼ-</span> 
     </span>
    </p>
   </div>
   <div class='ocr_carea' id='block_1_37' title="bbox 215 3657 1899 3733">
    <p class='ocr_par' dir='ltr' id='par_1_37' title="bbox 215 3657 1899 3733">
     <span class='ocr_line' id='line_1_37' title="bbox 215 3657 1899 3733; baseline 0 -21"><span class='ocrx_word' id='word_1_289' title='bbox 215 3658 312 3728; x_wconf 84' lang='grc' dir='ltr'>θη,</span> <span class='ocrx_word' id='word_1_290' title='bbox 339 3660 425 3722; x_wconf 91' lang='grc' dir='ltr'>τίς</span> <span class='ocrx_word' id='word_1_291' title='bbox 460 3659 527 3713; x_wconf 85' lang='grc' dir='ltr'>ἀν</span> <span class='ocrx_word' id='word_1_292' title='bbox 554 3659 706 3730; x_wconf 83' lang='grc' dir='ltr'>λόγος</span> <span class='ocrx_word' id='word_1_293' title='bbox 746 3661 1098 3733; x_wconf 79' lang='grc' dir='ltr'>παραστῆσαι</span> <span class='ocrx_word' id='word_1_294' title='bbox 1140 3660 1430 3729; x_wconf 86' lang='grc' dir='ltr'>δυνήσεται</span> <span class='ocrx_word' id='word_1_295' title='bbox 1471 3660 1571 3728; x_wconf 85' lang='grc' dir='ltr'>τῆς</span> <span class='ocrx_word' id='word_1_296' title='bbox 1598 3658 1716 3712; x_wconf 87' lang='grc' dir='ltr'>ἐκεῖ</span> <span class='ocrx_word' id='word_1_297' title='bbox 1743 3657 1899 3730; x_wconf 73' lang='grc'>[407]</span> 
     </span>
    </p>
   </div>
   <div class='ocr_carea' id='block_1_38' title="bbox 211 3741 1899 3820">
    <p class='ocr_par' dir='ltr' id='par_1_38' title="bbox 211 3741 1899 3820">
     <span class='ocr_line' id='line_1_38' title="bbox 211 3741 1899 3820; baseline 0.001 -21"><span class='ocrx_word' id='word_1_298' title='bbox 211 3746 575 3811; x_wconf 78' lang='grc' dir='ltr'>ἀπολαύσεως</span> <span class='ocrx_word' id='word_1_299' title='bbox 597 3747 700 3820; x_wconf 85' lang='grc' dir='ltr'>τὴν</span> <span class='ocrx_word' id='word_1_300' title='bbox 715 3747 898 3818; x_wconf 77' lang='grc' dir='ltr'>λῆξινς</span> <span class='ocrx_word' id='word_1_301' title='bbox 924 3746 1136 3802; x_wconf 80' lang='grc' dir='ltr'>Μᾶλλον</span> <span class='ocrx_word' id='word_1_302' title='bbox 1156 3747 1235 3810; x_wconf 76' lang='grc' dir='ltr'>δέ,</span> <span class='ocrx_word' id='word_1_303' title='bbox 1254 3746 1329 3810; x_wconf 84' lang='grc' dir='ltr'>ὡς</span> <span class='ocrx_word' id='word_1_304' title='bbox 1346 3741 1458 3799; x_wconf 73' lang='grc' dir='ltr'>οἷόν</span> <span class='ocrx_word' id='word_1_305' title='bbox 1471 3763 1552 3811; x_wconf 90' lang='grc' dir='ltr'>τε,</span> <span class='ocrx_word' id='word_1_306' title='bbox 1578 3745 1851 3799; x_wconf 72' lang='grc' dir='ltr'>καὶτοῦτο</span> <span class='ocrx_word' id='word_1_307' title='bbox 1869 3747 1899 3800; x_wconf 86' lang='lat'>6</span> 
     </span>
    </p>
   </div>
   <div class='ocr_carea' id='block_1_39' title="bbox 208 3830 1898 3906">
    <p class='ocr_par' dir='ltr' id='par_1_39' title="bbox 208 3830 1898 3906">
     <span class='ocr_line' id='line_1_39' title="bbox 208 3830 1898 3906; baseline 0 -21"><span class='ocrx_word' id='word_1_308' title='bbox 208 3832 373 3900; x_wconf 78' lang='grc' dir='ltr'>λόγος</span> <span class='ocrx_word' id='word_1_309' title='bbox 403 3832 571 3899; x_wconf 78' lang='grc' dir='ltr'>δεῖξαι</span> <span class='ocrx_word' id='word_1_310' title='bbox 599 3834 906 3905; x_wconf 82' lang='grc' dir='ltr'>δυνήσεται.</span> <span class='ocrx_word' id='word_1_311' title='bbox 931 3835 1100 3888; x_wconf 79' lang='grc' dir='ltr'>Ὅταν</span> <span class='ocrx_word' id='word_1_312' title='bbox 1130 3833 1240 3906; x_wconf 80' lang='grc' dir='ltr'>γάρ</span> <span class='ocrx_word' id='word_1_313' title='bbox 1274 3832 1536 3904; x_wconf 79' lang='grc' dir='ltr'>ἀκούσῃς,</span> <span class='ocrx_word' id='word_1_314' title='bbox 1580 3833 1662 3885; x_wconf 86' lang='grc' dir='ltr'>ὅτι</span> <span class='ocrx_word' id='word_1_315' title='bbox 1696 3830 1898 3895; x_wconf 89' lang='grc' dir='ltr'>πάντες</span> 
     </span>
    </p>
   </div>
   <div class='ocr_carea' id='block_1_40' title="bbox 210 3917 1896 3991">
    <p class='ocr_par' dir='ltr' id='par_1_40' title="bbox 210 3917 1896 3991">
     <span class='ocr_line' id='line_1_40' title="bbox 210 3917 1896 3991; baseline -0.001 -20"><span class='ocrx_word' id='word_1_316' title='bbox 210 3919 269 3971; x_wconf 86' lang='grc' dir='ltr'>οἱ</span> <span class='ocrx_word' id='word_1_317' title='bbox 293 3918 488 3972; x_wconf 89' lang='grc' dir='ltr'>δίκαιοι</span> <span class='ocrx_word' id='word_1_318' title='bbox 514 3919 572 3986; x_wconf 82' lang='grc' dir='ltr'>ἐξ</span> <span class='ocrx_word' id='word_1_319' title='bbox 597 3920 805 3973; x_wconf 84' lang='grc' dir='ltr'>ἐκείνου</span> <span class='ocrx_word' id='word_1_320' title='bbox 832 3920 994 3991; x_wconf 83' lang='grc' dir='ltr'>μέχρι</span> <span class='ocrx_word' id='word_1_321' title='bbox 1016 3919 1133 3983; x_wconf 88' lang='grc' dir='ltr'>νῦν,</span> <span class='ocrx_word' id='word_1_322' title='bbox 1161 3921 1257 3973; x_wconf 76' lang='grc' dir='ltr'>καὶ</span> <span class='ocrx_word' id='word_1_323' title='bbox 1283 3919 1446 3990; x_wconf 78' lang='grc' dir='ltr'>μέχρι</span> <span class='ocrx_word' id='word_1_324' title='bbox 1466 3918 1565 3989; x_wconf 87' lang='grc' dir='ltr'>τῆς</span> <span class='ocrx_word' id='word_1_325' title='bbox 1586 3917 1896 3980; x_wconf 84' lang='grc' dir='ltr'>συντελείας</span> 
     </span>
    </p>
   </div>
   <div class='ocr_carea' id='block_1_41' title="bbox 211 4005 1895 4080">
    <p class='ocr_par' dir='ltr' id='par_1_41' title="bbox 211 4005 1895 4080">
     <span class='ocr_line' id='line_1_41' title="bbox 211 4005 1895 4080; baseline -0.002 -21"><span class='ocrx_word' id='word_1_326' title='bbox 211 4006 410 4077; x_wconf 81' lang='grc' dir='ltr'>αὐτῆς,</span> <span class='ocrx_word' id='word_1_327' title='bbox 445 4007 610 4078; x_wconf 83' lang='grc' dir='ltr'>εὐχῆς</span> <span class='ocrx_word' id='word_1_328' title='bbox 641 4006 801 4080; x_wconf 80' lang='grc' dir='ltr'>ἔργον</span> <span class='ocrx_word' id='word_1_329' title='bbox 832 4007 1108 4061; x_wconf 86' lang='grc' dir='ltr'>ποιοῦνται</span> <span class='ocrx_word' id='word_1_330' title='bbox 1137 4010 1216 4071; x_wconf 87' lang='grc' dir='ltr'>εἰς</span> <span class='ocrx_word' id='word_1_331' title='bbox 1247 4007 1374 4070; x_wconf 74' lang='grc' dir='ltr'>τοὺς</span> <span class='ocrx_word' id='word_1_332' title='bbox 1403 4006 1637 4066; x_wconf 87' lang='grc' dir='ltr'>κόλπους</span> <span class='ocrx_word' id='word_1_333' title='bbox 1664 4005 1759 4058; x_wconf 87' lang='grc' dir='ltr'>τοῦ</span> <span class='ocrx_word' id='word_1_334' title='bbox 1791 4021 1895 4056; x_wconf 88' lang='grc' dir='ltr'>πα-</span> 
     </span>
    </p>
   </div>
   <div class='ocr_carea' id='block_1_42' title="bbox 210 4091 1891 4166">
    <p class='ocr_par' dir='ltr' id='par_1_42' title="bbox 210 4091 1891 4166">
     <span class='ocr_line' id='line_1_42' title="bbox 210 4091 1891 4166; baseline -0.002 -21"><span class='ocrx_word' id='word_1_335' title='bbox 210 4093 477 4164; x_wconf 85' lang='grc' dir='ltr'>τριάρχου</span> <span class='ocrx_word' id='word_1_336' title='bbox 503 4096 858 4166; x_wconf 83' lang='grc' dir='ltr'>καταντῆσαι,</span> <span class='ocrx_word' id='word_1_337' title='bbox 898 4095 1057 4149; x_wconf 87' lang='grc' dir='ltr'>ποίαν</span> <span class='ocrx_word' id='word_1_338' title='bbox 1090 4094 1280 4164; x_wconf 79' lang='grc' dir='ltr'>ἑτέραν</span> <span class='ocrx_word' id='word_1_339' title='bbox 1323 4092 1544 4164; x_wconf 74' lang='grc' dir='ltr'>μείζονα</span> <span class='ocrx_word' id='word_1_340' title='bbox 1576 4091 1782 4162; x_wconf 83' lang='grc' dir='ltr'>ταύτης</span> <span class='ocrx_word' id='word_1_341' title='bbox 1807 4108 1891 4143; x_wconf 90' lang='grc' dir='ltr'>τι-</span> 
     </span>
    </p>
   </div>
   <div class='ocr_carea' id='block_1_43' title="bbox 214 4176 1892 4253">
    <p class='ocr_par' dir='ltr' id='par_1_43' title="bbox 214 4176 1892 4253">
     <span class='ocr_line' id='line_1_43' title="bbox 214 4176 1892 4253; baseline -0.001 -18"><span class='ocrx_word' id='word_1_342' title='bbox 214 4178 326 4251; x_wconf 84' lang='grc' dir='ltr'>μὴν</span> <span class='ocrx_word' id='word_1_343' title='bbox 348 4182 697 4253; x_wconf 84' lang='grc' dir='ltr'>παραστῆσαι</span> <span class='ocrx_word' id='word_1_344' title='bbox 717 4181 921 4253; x_wconf 79' lang='grc' dir='ltr'>δυνήσῃ</span> <span class='ocrx_word' id='word_1_345' title='bbox 942 4198 956 4246; x_wconf 89' lang='grc'>;</span> <span class='ocrx_word' id='word_1_346' title='bbox 989 4179 1140 4246; x_wconf 83' lang='grc' dir='ltr'>Εἶδες</span> <span class='ocrx_word' id='word_1_347' title='bbox 1170 4176 1281 4235; x_wconf 77' lang='grc' dir='ltr'>οἷόν</span> <span class='ocrx_word' id='word_1_348' title='bbox 1310 4182 1455 4234; x_wconf 86' lang='grc' dir='ltr'>ἐστιν</span> <span class='ocrx_word' id='word_1_349' title='bbox 1480 4179 1746 4250; x_wconf 75' lang='grc' dir='ltr'>ὑπομονὴ,</span> <span class='ocrx_word' id='word_1_350' title='bbox 1768 4180 1892 4233; x_wconf 79' lang='grc' dir='ltr'>ὅσον</span> 
     </span>
    </p>
   </div>
   <div class='ocr_carea' id='block_1_44' title="bbox 209 4265 1890 4341">
    <p class='ocr_par' dir='ltr' id='par_1_44' title="bbox 209 4265 1890 4341">
     <span class='ocr_line' id='line_1_44' title="bbox 209 4265 1890 4341; baseline 0 -21"><span class='ocrx_word' id='word_1_351' title='bbox 209 4267 365 4321; x_wconf 75' lang='grc' dir='ltr'>ἐστὶν</span> <span class='ocrx_word' id='word_1_352' title='bbox 400 4269 591 4341; x_wconf 85' lang='grc' dir='ltr'>ἀρετὴ,</span> <span class='ocrx_word' id='word_1_353' title='bbox 621 4270 743 4323; x_wconf 82' lang='grc' dir='ltr'>ὅσον</span> <span class='ocrx_word' id='word_1_354' title='bbox 773 4271 889 4322; x_wconf 83' lang='grc' dir='ltr'>ἐστί</span> <span class='ocrx_word' id='word_1_355' title='bbox 915 4271 977 4329; x_wconf 83' lang='grc' dir='ltr'>τὸ</span> <span class='ocrx_word' id='word_1_356' title='bbox 1010 4265 1148 4322; x_wconf 81' lang='grc' dir='ltr'>εἶναι</span> <span class='ocrx_word' id='word_1_357' title='bbox 1178 4268 1442 4338; x_wconf 82' lang='grc' dir='ltr'>φιλόθεον,</span> <span class='ocrx_word' id='word_1_358' title='bbox 1460 4268 1555 4321; x_wconf 76' lang='grc' dir='ltr'>καὶ</span> <span class='ocrx_word' id='word_1_359' title='bbox 1579 4267 1777 4340; x_wconf 86' lang='grc' dir='ltr'>πολλὴν</span> <span class='ocrx_word' id='word_1_360' title='bbox 1801 4267 1890 4320; x_wconf 85' lang='grc' dir='ltr'>εὐ-</span> 
     </span>
    </p>
   </div>
   <div class='ocr_carea' id='block_1_45' title="bbox 207 4356 1889 4432">
    <p class='ocr_par' dir='ltr' id='par_1_45' title="bbox 207 4356 1889 4432">
     <span class='ocr_line' id='line_1_45' title="bbox 207 4356 1889 4432; baseline 0 -22"><span class='ocrx_word' id='word_1_361' title='bbox 207 4356 570 4428; x_wconf 84' lang='grc' dir='ltr'>γνωμοσύνην</span> <span class='ocrx_word' id='word_1_362' title='bbox 604 4358 1008 4414; x_wconf 79' lang='grc' dir='ltr'>ἐπιδείκνυσθαι</span> <span class='ocrx_word' id='word_1_363' title='bbox 1033 4359 1162 4432; x_wconf 83' lang='grc' dir='ltr'>περί</span> <span class='ocrx_word' id='word_1_364' title='bbox 1186 4359 1284 4422; x_wconf 74' lang='grc' dir='ltr'>τὰς</span> <span class='ocrx_word' id='word_1_365' title='bbox 1308 4358 1403 4411; x_wconf 89' lang='grc' dir='ltr'>τοῦ</span> <span class='ocrx_word' id='word_1_366' title='bbox 1436 4358 1704 4411; x_wconf 88' lang='grc' dir='ltr'>Δεσπότου</span> <span class='ocrx_word' id='word_1_367' title='bbox 1734 4357 1889 4427; x_wconf 86' lang='grc' dir='ltr'>εὐερ-</span> 
     </span>
    </p>
   </div>
   <div class='ocr_carea' id='block_1_46' title="bbox 208 4444 1887 4519">
    <p class='ocr_par' dir='ltr' id='par_1_46' title="bbox 208 4444 1887 4519">
     <span class='ocr_line' id='line_1_46' title="bbox 208 4444 1887 4519; baseline 0 -21"><span class='ocrx_word' id='word_1_368' title='bbox 208 4444 437 4513; x_wconf 80' lang='grc' dir='ltr'>γεσίας;</span> <span class='ocrx_word' id='word_1_369' title='bbox 483 4445 700 4519; x_wconf 81' lang='grc' dir='ltr'>Ἐπειδὴ</span> <span class='ocrx_word' id='word_1_370' title='bbox 738 4446 846 4519; x_wconf 91' lang='grc' dir='ltr'>γάρ</span> <span class='ocrx_word' id='word_1_371' title='bbox 880 4447 1023 4502; x_wconf 88' lang='grc' dir='ltr'>κατά</span> <span class='ocrx_word' id='word_1_372' title='bbox 1049 4447 1239 4518; x_wconf 78' lang='grc' dir='ltr'>καιρὸν</span> <span class='ocrx_word' id='word_1_373' title='bbox 1270 4446 1341 4500; x_wconf 78' lang='grc' dir='ltr'>τά</span> <span class='ocrx_word' id='word_1_374' title='bbox 1379 4446 1512 4517; x_wconf 82' lang='grc' dir='ltr'>παρ’</span> <span class='ocrx_word' id='word_1_375' title='bbox 1539 4444 1733 4499; x_wconf 86' lang='grc' dir='ltr'>ἐαυτοῦ</span> <span class='ocrx_word' id='word_1_376' title='bbox 1772 4446 1887 4499; x_wconf 86' lang='grc' dir='ltr'>εἰσ-</span> 
     </span>
    </p>
   </div>
   <div class='ocr_carea' id='block_1_47' title="bbox 209 4532 1889 4607">
    <p class='ocr_par' dir='ltr' id='par_1_47' title="bbox 209 4532 1889 4607">
     <span class='ocr_line' id='line_1_47' title="bbox 209 4532 1889 4607; baseline 0.001 -20"><span class='ocrx_word' id='word_1_377' title='bbox 209 4532 429 4605; x_wconf 76' lang='grc' dir='ltr'>έφερεν,</span> <span class='ocrx_word' id='word_1_378' title='bbox 448 4535 782 4606; x_wconf 84' lang='grc' dir='ltr'>εὐχαρίστως</span> <span class='ocrx_word' id='word_1_379' title='bbox 805 4536 983 4590; x_wconf 86' lang='grc' dir='ltr'>πάντα</span> <span class='ocrx_word' id='word_1_380' title='bbox 1009 4535 1318 4607; x_wconf 88' lang='grc' dir='ltr'>δεχόμενος,</span> <span class='ocrx_word' id='word_1_381' title='bbox 1345 4534 1441 4588; x_wconf 67' lang='grc' dir='ltr'>καὶ</span> <span class='ocrx_word' id='word_1_382' title='bbox 1468 4534 1538 4588; x_wconf 83' lang='grc' dir='ltr'>τά</span> <span class='ocrx_word' id='word_1_383' title='bbox 1563 4533 1773 4605; x_wconf 89' lang='grc' dir='ltr'>χρηστά</span> <span class='ocrx_word' id='word_1_384' title='bbox 1794 4534 1889 4588; x_wconf 75' lang='grc' dir='ltr'>καὶ</span> 
     </span>
    </p>
   </div>
   <div class='ocr_carea' id='block_1_48' title="bbox 207 4621 1886 4695">
    <p class='ocr_par' dir='ltr' id='par_1_48' title="bbox 207 4621 1886 4695">
     <span class='ocr_line' id='line_1_48' title="bbox 207 4621 1886 4695; baseline 0 -21"><span class='ocrx_word' id='word_1_385' title='bbox 207 4621 282 4674; x_wconf 82' lang='grc' dir='ltr'>τά</span> <span class='ocrx_word' id='word_1_386' title='bbox 309 4622 546 4686; x_wconf 83' lang='grc' dir='ltr'>ἐναντία,</span> <span class='ocrx_word' id='word_1_387' title='bbox 582 4622 670 4677; x_wconf 68' lang='grc' dir='ltr'>διὰ</span> <span class='ocrx_word' id='word_1_388' title='bbox 708 4623 867 4677; x_wconf 87' lang='grc' dir='ltr'>τοῦτο</span> <span class='ocrx_word' id='word_1_389' title='bbox 901 4627 932 4678; x_wconf 92' lang='lat'>6</span> <span class='ocrx_word' id='word_1_390' title='bbox 979 4624 1360 4695; x_wconf 80' lang='grc' dir='ltr'>φιλάνθρωπος</span> <span class='ocrx_word' id='word_1_391' title='bbox 1407 4623 1539 4686; x_wconf 82' lang='grc' dir='ltr'>Θεὸς</span> <span class='ocrx_word' id='word_1_392' title='bbox 1578 4623 1886 4676; x_wconf 87' lang='grc' dir='ltr'>τελευταῖον</span> 
     </span>
    </p>
   </div>
   <div class='ocr_carea' id='block_1_49' title="bbox 204 4708 1886 4782">
    <p class='ocr_par' dir='ltr' id='par_1_49' title="bbox 204 4708 1886 4782">
     <span class='ocr_line' id='line_1_49' title="bbox 204 4708 1886 4782; baseline 0.002 -22"><span class='ocrx_word' id='word_1_393' title='bbox 204 4708 468 4763; x_wconf 75' lang='grc' dir='ltr'>ἁπάντων</span> <span class='ocrx_word' id='word_1_394' title='bbox 507 4710 568 4764; x_wconf 81' lang='grc' dir='ltr'>τὸ</span> <span class='ocrx_word' id='word_1_395' title='bbox 604 4710 897 4782; x_wconf 85' lang='grc' dir='ltr'>κεφάλαιον</span> <span class='ocrx_word' id='word_1_396' title='bbox 936 4713 1044 4766; x_wconf 87' lang='grc' dir='ltr'>τῶν</span> <span class='ocrx_word' id='word_1_397' title='bbox 1082 4712 1324 4780; x_wconf 83' lang='grc' dir='ltr'>ἀγαθῶν,</span> <span class='ocrx_word' id='word_1_398' title='bbox 1356 4712 1451 4764; x_wconf 77' lang='grc' dir='ltr'>καὶ</span> <span class='ocrx_word' id='word_1_399' title='bbox 1474 4711 1613 4782; x_wconf 81' lang='grc' dir='ltr'>ὅπερ</span> <span class='ocrx_word' id='word_1_400' title='bbox 1652 4710 1886 4782; x_wconf 85' lang='grc' dir='ltr'>μάλιστα</span> 
     </span>
    </p>
   </div>
   <div class='ocr_carea' id='block_1_50' title="bbox 208 4796 1884 4872">
    <p class='ocr_par' dir='ltr' id='par_1_50' title="bbox 208 4796 1884 4872">
     <span class='ocr_line' id='line_1_50' title="bbox 208 4796 1884 4872; baseline 0 -21"><span class='ocrx_word' id='word_1_401' title='bbox 208 4799 244 4851; x_wconf 84' lang='grc' dir='ltr'>ὁ</span> <span class='ocrx_word' id='word_1_402' title='bbox 267 4796 472 4862; x_wconf 80' lang='grc' dir='ltr'>δίκαιος</span> <span class='ocrx_word' id='word_1_403' title='bbox 504 4798 790 4871; x_wconf 84' lang='grc' dir='ltr'>ἐπεθύμει,</span> <span class='ocrx_word' id='word_1_404' title='bbox 824 4799 982 4855; x_wconf 89' lang='grc' dir='ltr'>τοῦτο</span> <span class='ocrx_word' id='word_1_405' title='bbox 1015 4800 1163 4872; x_wconf 87' lang='grc' dir='ltr'>αὐτῷ</span> <span class='ocrx_word' id='word_1_406' title='bbox 1188 4801 1499 4872; x_wconf 89' lang='grc' dir='ltr'>ἐχαρίσατο.</span> <span class='ocrx_word' id='word_1_407' title='bbox 1540 4798 1741 4853; x_wconf 81' lang='grc' dir='ltr'>Σκόπει</span> <span class='ocrx_word' id='word_1_408' title='bbox 1773 4799 1884 4870; x_wconf 87' lang='grc' dir='ltr'>γάρ</span> 
     </span>
    </p>
   </div>
   <div class='ocr_carea' id='block_1_51' title="bbox 209 4883 1882 4959">
    <p class='ocr_par' dir='ltr' id='par_1_51' title="bbox 209 4883 1882 4959">
     <span class='ocr_line' id='line_1_51' title="bbox 209 4883 1882 4959; baseline 0.002 -22"><span class='ocrx_word' id='word_1_409' title='bbox 209 4883 331 4945; x_wconf 83' lang='grc' dir='ltr'>πῶς</span> <span class='ocrx_word' id='word_1_410' title='bbox 356 4887 415 4939; x_wconf 90' lang='grc' dir='ltr'>ἐν</span> <span class='ocrx_word' id='word_1_411' title='bbox 435 4886 906 4959; x_wconf 84' lang='grc' dir='ltr'>εἰκοσιτέσσαρσιν</span> <span class='ocrx_word' id='word_1_412' title='bbox 935 4887 1110 4941; x_wconf 82' lang='grc' dir='ltr'>ἐτεσιν</span> <span class='ocrx_word' id='word_1_413' title='bbox 1132 4887 1418 4953; x_wconf 79' lang='grc' dir='ltr'>ἐϐασάνιζε</span> <span class='ocrx_word' id='word_1_414' title='bbox 1442 4886 1535 4940; x_wconf 82' lang='grc' dir='ltr'>τοῦ</span> <span class='ocrx_word' id='word_1_415' title='bbox 1555 4885 1762 4940; x_wconf 85' lang='grc' dir='ltr'>δικαίου</span> <span class='ocrx_word' id='word_1_416' title='bbox 1784 4885 1882 4959; x_wconf 85' lang='grc' dir='ltr'>τὴν</span> 
     </span>
    </p>
   </div>
   <div class='ocr_carea' id='block_1_52' title="bbox 205 4972 1880 5048">
    <p class='ocr_par' dir='ltr' id='par_1_52' title="bbox 205 4972 1880 5048">
     <span class='ocr_line' id='line_1_52' title="bbox 205 4972 1880 5048; baseline -0.001 -22"><span class='ocrx_word' id='word_1_417' title='bbox 205 4972 431 5044; x_wconf 77' lang='grc' dir='ltr'>ἀρετήν.</span> <span class='ocrx_word' id='word_1_418' title='bbox 467 4974 662 5029; x_wconf 80' lang='grc' dir='ltr'>Ἦνίκα</span> <span class='ocrx_word' id='word_1_419' title='bbox 689 4975 799 5048; x_wconf 89' lang='grc' dir='ltr'>γάρ</span> <span class='ocrx_word' id='word_1_420' title='bbox 828 4976 1052 5046; x_wconf 78' lang='grc' dir='ltr'>ἐξῆλθεν</span> <span class='ocrx_word' id='word_1_421' title='bbox 1091 4975 1202 5029; x_wconf 86' lang='grc' dir='ltr'>ἀπὸ</span> <span class='ocrx_word' id='word_1_422' title='bbox 1234 4975 1332 5045; x_wconf 86' lang='grc' dir='ltr'>τῆς</span> <span class='ocrx_word' id='word_1_423' title='bbox 1374 4974 1601 5047; x_wconf 76' lang='grc' dir='ltr'>Χαρράν</span> <span class='ocrx_word' id='word_1_424' title='bbox 1634 4972 1880 5028; x_wconf 79' lang='grc' dir='ltr'>ὑπακού-</span> 
     </span>
    </p>
   </div>
   <div class='ocr_carea' id='block_1_53' title="bbox 207 5059 1880 5134">
    <p class='ocr_par' dir='ltr' id='par_1_53' title="bbox 207 5059 1880 5134">
     <span class='ocr_line' id='line_1_53' title="bbox 207 5059 1880 5134; baseline 0 -21"><span class='ocrx_word' id='word_1_425' title='bbox 207 5076 309 5124; x_wconf 85' lang='grc' dir='ltr'>σας</span> <span class='ocrx_word' id='word_1_426' title='bbox 334 5059 414 5131; x_wconf 82' lang='grc' dir='ltr'>τῷ</span> <span class='ocrx_word' id='word_1_427' title='bbox 444 5061 539 5114; x_wconf 89' lang='grc' dir='ltr'>τοῦ</span> <span class='ocrx_word' id='word_1_428' title='bbox 573 5063 843 5116; x_wconf 86' lang='grc' dir='ltr'>Δεσπότου</span> <span class='ocrx_word' id='word_1_429' title='bbox 870 5062 1273 5134; x_wconf 82' lang='grc' dir='ltr'>προστάγματι,</span> <span class='ocrx_word' id='word_1_430' title='bbox 1308 5061 1678 5132; x_wconf 77' lang='grc' dir='ltr'>ἐϐδομήκοντα</span> <span class='ocrx_word' id='word_1_431' title='bbox 1718 5060 1880 5114; x_wconf 81' lang='grc' dir='ltr'>πέντε</span> 
     </span>
    </p>
   </div>
   <div class='ocr_carea' id='block_1_54' title="bbox 201 5143 1876 5222">
    <p class='ocr_par' dir='ltr' id='par_1_54' title="bbox 201 5143 1876 5222">
     <span class='ocr_line' id='line_1_54' title="bbox 201 5143 1876 5222; baseline 0.001 -21"><span class='ocrx_word' id='word_1_432' title='bbox 201 5143 273 5222; x_wconf 79' lang='grc' dir='ltr'>ἦν</span> <span class='ocrx_word' id='word_1_433' title='bbox 299 5148 459 5213; x_wconf 84' lang='grc' dir='ltr'>ἐτῶν,</span> <span class='ocrx_word' id='word_1_434' title='bbox 491 5149 647 5219; x_wconf 81' lang='grc' dir='ltr'>φησί·</span> <span class='ocrx_word' id='word_1_435' title='bbox 679 5149 799 5203; x_wconf 84' lang='grc' dir='ltr'>νυνί</span> <span class='ocrx_word' id='word_1_436' title='bbox 829 5151 908 5216; x_wconf 84' lang='grc' dir='ltr'>δὲ,</span> <span class='ocrx_word' id='word_1_437' title='bbox 940 5152 1029 5204; x_wconf 83' lang='grc' dir='ltr'>ὅτε</span> <span class='ocrx_word' id='word_1_438' title='bbox 1078 5150 1248 5204; x_wconf 85' lang='grc' dir='ltr'>ταῦτα</span> <span class='ocrx_word' id='word_1_439' title='bbox 1286 5150 1539 5221; x_wconf 71' lang='grc' dir='ltr'>ἡκουσεν,</span> <span class='ocrx_word' id='word_1_440' title='bbox 1585 5148 1876 5202; x_wconf 88' lang='grc' dir='ltr'>ἐκατοστοῦ</span> 
     </span>
    </p>
   </div>
   <div class='ocr_carea' id='block_1_55' title="bbox 202 5233 908 5309">
    <p class='ocr_par' dir='ltr' id='par_1_55' title="bbox 202 5233 908 5309">
     <span class='ocr_line' id='line_1_55' title="bbox 202 5233 908 5309; baseline 0.004 -19"><span class='ocrx_word' id='word_1_441' title='bbox 202 5236 392 5291; x_wconf 72' lang='grc' dir='ltr'>λοιπὸν</span> <span class='ocrx_word' id='word_1_442' title='bbox 419 5233 489 5309; x_wconf 78' lang='grc' dir='ltr'>ἦν</span> <span class='ocrx_word' id='word_1_443' title='bbox 514 5237 669 5302; x_wconf 81' lang='grc' dir='ltr'>ἐτους</span> <span class='ocrx_word' id='word_1_444' title='bbox 690 5238 908 5301; x_wconf 82' lang='grc' dir='ltr'>ἐπιϐάς.</span> 
     </span>
    </p>
   </div>
   <div class='ocr_carea' id='block_1_56' title="bbox 263 5321 1877 5397">
    <p class='ocr_par' dir='ltr' id='par_1_56' title="bbox 263 5321 1877 5397">
     <span class='ocr_line' id='line_1_56' title="bbox 263 5321 1877 5397; baseline -0.001 -16"><span class='ocrx_word' id='word_1_445' title='bbox 263 5324 314 5395; x_wconf 83' lang='grc' dir='ltr'>γ’</span> <span class='ocrx_word' id='word_1_446' title='bbox 317 5326 524 5381; x_wconf 85' lang='grc' dir='ltr'>,Ταῦτα</span> <span class='ocrx_word' id='word_1_447' title='bbox 538 5326 849 5395; x_wconf 88' lang='grc' dir='ltr'>ἀκούοντες,</span> <span class='ocrx_word' id='word_1_448' title='bbox 862 5326 1156 5397; x_wconf 78' lang='grc' dir='ltr'>ἀγαπητοὶ,</span> <span class='ocrx_word' id='word_1_449' title='bbox 1171 5323 1553 5397; x_wconf 86' lang='grc' dir='ltr'>παιδευώμεθα</span> <span class='ocrx_word' id='word_1_450' title='bbox 1565 5321 1764 5394; x_wconf 81' lang='grc' dir='ltr'>πολλὴν</span> <span class='ocrx_word' id='word_1_451' title='bbox 1779 5322 1877 5395; x_wconf 82' lang='grc' dir='ltr'>τὴν</span> 
     </span>
    </p>
   </div>
   <div class='ocr_carea' id='block_1_57' title="bbox 202 5413 1875 5487">
    <p class='ocr_par' dir='ltr' id='par_1_57' title="bbox 202 5413 1875 5487">
     <span class='ocr_line' id='line_1_57' title="bbox 202 5413 1875 5487; baseline -0.001 -19"><span class='ocrx_word' id='word_1_452' title='bbox 202 5414 481 5486; x_wconf 79' lang='grc' dir='ltr'>ὑπομονὴν</span> <span class='ocrx_word' id='word_1_453' title='bbox 504 5415 924 5480; x_wconf 85' lang='grc' dir='ltr'>ἐπιδείκνυσθαι,</span> <span class='ocrx_word' id='word_1_454' title='bbox 946 5416 1038 5470; x_wconf 77' lang='grc' dir='ltr'>καὶ</span> <span class='ocrx_word' id='word_1_455' title='bbox 1062 5415 1330 5487; x_wconf 74' lang='grc' dir='ltr'>μηδέποτε</span> <span class='ocrx_word' id='word_1_456' title='bbox 1354 5414 1560 5474; x_wconf 84' lang='grc' dir='ltr'>ἀλύειν,</span> <span class='ocrx_word' id='word_1_457' title='bbox 1591 5413 1727 5485; x_wconf 86' lang='grc' dir='ltr'>μηδέ</span> <span class='ocrx_word' id='word_1_458' title='bbox 1746 5430 1875 5485; x_wconf 89' lang='grc' dir='ltr'>ναρ-</span> 
     </span>
    </p>
   </div>
   <div class='ocr_carea' id='block_1_58' title="bbox 201 5501 1876 5577">
    <p class='ocr_par' dir='ltr' id='par_1_58' title="bbox 201 5501 1876 5577">
     <span class='ocr_line' id='line_1_58' title="bbox 201 5501 1876 5577; baseline 0 -22"><span class='ocrx_word' id='word_1_459' title='bbox 201 5505 305 5575; x_wconf 81' lang='grc' dir='ltr'>κᾷν</span> <span class='ocrx_word' id='word_1_460' title='bbox 338 5506 476 5575; x_wconf 82' lang='grc' dir='ltr'>πρὸς</span> <span class='ocrx_word' id='word_1_461' title='bbox 509 5505 638 5570; x_wconf 84' lang='grc' dir='ltr'>τούς</span> <span class='ocrx_word' id='word_1_462' title='bbox 664 5505 766 5577; x_wconf 88' lang='grc' dir='ltr'>τῆς</span> <span class='ocrx_word' id='word_1_463' title='bbox 793 5505 994 5577; x_wconf 86' lang='grc' dir='ltr'>ἀρετῆς</span> <span class='ocrx_word' id='word_1_464' title='bbox 1018 5503 1271 5576; x_wconf 84' lang='grc' dir='ltr'>ἰδρῶτας,</span> <span class='ocrx_word' id='word_1_465' title='bbox 1303 5502 1418 5557; x_wconf 87' lang='grc' dir='ltr'>ἀλλ’</span> <span class='ocrx_word' id='word_1_466' title='bbox 1445 5502 1644 5555; x_wconf 79' lang='grc' dir='ltr'>εἰδέναι</span> <span class='ocrx_word' id='word_1_467' title='bbox 1670 5501 1754 5555; x_wconf 83' lang='grc' dir='ltr'>ὅτι</span> <span class='ocrx_word' id='word_1_468' title='bbox 1785 5519 1876 5571; x_wconf 74' lang='grc' dir='ltr'>ιρι-α</span> 
     </span>
    </p>
   </div>
   <div class='ocr_carea' id='block_1_59' title="bbox 197 5589 1877 5667">
    <p class='ocr_par' dir='ltr' id='par_1_59' title="bbox 197 5589 1877 5667">
     <span class='ocr_line' id='line_1_59' title="bbox 197 5589 1877 5667; baseline 0.002 -24"><span class='ocrx_word' id='word_1_469' title='bbox 197 5589 415 5663; x_wconf 86' lang='grc' dir='ltr'>λότιμος</span> <span class='ocrx_word' id='word_1_470' title='bbox 429 5591 505 5646; x_wconf 87' lang='grc' dir='ltr'>ὣν</span> <span class='ocrx_word' id='word_1_471' title='bbox 527 5594 622 5648; x_wconf 72' lang='grc' dir='ltr'>καὶ</span> <span class='ocrx_word' id='word_1_472' title='bbox 644 5593 1019 5667; x_wconf 86' lang='grc' dir='ltr'>μεγαλόδωρος</span> <span class='ocrx_word' id='word_1_473' title='bbox 1043 5597 1070 5648; x_wconf 97' lang='lat'>6</span> <span class='ocrx_word' id='word_1_474' title='bbox 1092 5595 1368 5664; x_wconf 77' lang='grc' dir='ltr'>Δεσπότης</span> <span class='ocrx_word' id='word_1_475' title='bbox 1394 5595 1423 5647; x_wconf 88' lang='lat'>6</span> <span class='ocrx_word' id='word_1_476' title='bbox 1444 5593 1729 5666; x_wconf 72' lang='grc' dir='ltr'>ἡμέτερος,</span> <span class='ocrx_word' id='word_1_477' title='bbox 1753 5592 1877 5646; x_wconf 84' lang='grc' dir='ltr'>ἀντί</span> 
     </span>
    </p>
   </div>
   <div class='ocr_carea' id='block_1_60' title="bbox 203 5682 1875 5759">
    <p class='ocr_par' dir='ltr' id='par_1_60' title="bbox 203 5682 1875 5759">
     <span class='ocr_line' id='line_1_60' title="bbox 203 5682 1875 5759; baseline -0.002 -19"><span class='ocrx_word' id='word_1_478' title='bbox 203 5687 416 5759; x_wconf 83' lang='grc' dir='ltr'>μικρῶν</span> <span class='ocrx_word' id='word_1_479' title='bbox 438 5686 614 5740; x_wconf 89' lang='grc' dir='ltr'>πόνων</span> <span class='ocrx_word' id='word_1_480' title='bbox 639 5685 880 5757; x_wconf 82' lang='grc' dir='ltr'>μεγάλας</span> <span class='ocrx_word' id='word_1_481' title='bbox 909 5688 1041 5757; x_wconf 83' lang='grc' dir='ltr'>ἡμῖν</span> <span class='ocrx_word' id='word_1_482' title='bbox 1060 5686 1352 5741; x_wconf 89' lang='grc' dir='ltr'>ἀποδίδωσι</span> <span class='ocrx_word' id='word_1_483' title='bbox 1377 5684 1476 5748; x_wconf 85' lang='grc' dir='ltr'>τάς</span> <span class='ocrx_word' id='word_1_484' title='bbox 1497 5682 1752 5756; x_wconf 79' lang='grc' dir='ltr'>ἀμοιϐάς,</span> <span class='ocrx_word' id='word_1_485' title='bbox 1780 5683 1875 5737; x_wconf 76' lang='grc' dir='ltr'>καὶ</span> 
     </span>
    </p>
   </div>
   <div class='ocr_carea' id='block_1_61' title="bbox 198 5771 1873 5847">
    <p class='ocr_par' dir='ltr' id='par_1_61' title="bbox 198 5771 1873 5847">
     <span class='ocr_line' id='line_1_61' title="bbox 198 5771 1873 5847; baseline -0.002 -19"><span class='ocrx_word' id='word_1_486' title='bbox 198 5776 261 5830; x_wconf 88' lang='grc' dir='ltr'>οὐ</span> <span class='ocrx_word' id='word_1_487' title='bbox 293 5775 455 5845; x_wconf 89' lang='grc' dir='ltr'>μόνον</span> <span class='ocrx_word' id='word_1_488' title='bbox 488 5776 545 5828; x_wconf 83' lang='grc' dir='ltr'>ἐν</span> <span class='ocrx_word' id='word_1_489' title='bbox 572 5775 653 5847; x_wconf 84' lang='grc' dir='ltr'>τῷ</span> <span class='ocrx_word' id='word_1_490' title='bbox 693 5775 940 5847; x_wconf 79' lang='grc' dir='ltr'>μέλλοντι</span> <span class='ocrx_word' id='word_1_491' title='bbox 967 5775 1035 5829; x_wconf 89' lang='grc' dir='ltr'>τά</span> <span class='ocrx_word' id='word_1_492' title='bbox 1060 5776 1299 5830; x_wconf 87' lang='grc' dir='ltr'>ἀθάνατα</span> <span class='ocrx_word' id='word_1_493' title='bbox 1331 5773 1512 5844; x_wconf 85' lang='grc' dir='ltr'>ἀγαθά</span> <span class='ocrx_word' id='word_1_494' title='bbox 1543 5771 1873 5844; x_wconf 87' lang='grc' dir='ltr'>ταμιευόμε-</span> 
     </span>
    </p>
   </div>
   <div class='ocr_carea' id='block_1_62' title="bbox 196 5860 1872 5936">
    <p class='ocr_par' dir='ltr' id='par_1_62' title="bbox 196 5860 1872 5936">
     <span class='ocr_line' id='line_1_62' title="bbox 196 5860 1872 5936; baseline -0.002 -19"><span class='ocrx_word' id='word_1_495' title='bbox 196 5879 307 5928; x_wconf 87' lang='grc' dir='ltr'>νος,</span> <span class='ocrx_word' id='word_1_496' title='bbox 343 5863 480 5918; x_wconf 88' lang='grc' dir='ltr'>ἀλλά</span> <span class='ocrx_word' id='word_1_497' title='bbox 508 5864 602 5918; x_wconf 80' lang='grc' dir='ltr'>καὶ</span> <span class='ocrx_word' id='word_1_498' title='bbox 640 5864 782 5921; x_wconf 87' lang='grc' dir='ltr'>κατά</span> <span class='ocrx_word' id='word_1_499' title='bbox 816 5865 908 5918; x_wconf 78' lang='grc' dir='ltr'>τὸν</span> <span class='ocrx_word' id='word_1_500' title='bbox 942 5864 1186 5936; x_wconf 78' lang='grc' dir='ltr'>παρόντα</span> <span class='ocrx_word' id='word_1_501' title='bbox 1231 5863 1344 5936; x_wconf 88' lang='grc' dir='ltr'>βίον</span> <span class='ocrx_word' id='word_1_502' title='bbox 1378 5860 1872 5935; x_wconf 88' lang='grc' dir='ltr'>παραμυθούμενος</span> 
     </span>
    </p>
   </div>
   <div class='ocr_carea' id='block_1_63' title="bbox 199 5951 1867 6027">
    <p class='ocr_par' dir='ltr' id='par_1_63' title="bbox 199 5951 1867 6027">
     <span class='ocr_line' id='line_1_63' title="bbox 199 5951 1867 6027; baseline 0 -20"><span class='ocrx_word' id='word_1_503' title='bbox 199 5951 353 6022; x_wconf 60' lang='grc' dir='ltr'>⁴ἡμῶν</span> <span class='ocrx_word' id='word_1_504' title='bbox 391 5956 490 6025; x_wconf 82' lang='grc' dir='ltr'>τῆς</span> <span class='ocrx_word' id='word_1_505' title='bbox 537 5955 751 6025; x_wconf 75' lang='grc' dir='ltr'>φύσεως</span> <span class='ocrx_word' id='word_1_506' title='bbox 793 5956 891 6027; x_wconf 83' lang='grc' dir='ltr'>τὴν</span> <span class='ocrx_word' id='word_1_507' title='bbox 922 5955 1224 6021; x_wconf 82' lang='grc' dir='ltr'>ἀσθένειαν,</span> <span class='ocrx_word' id='word_1_508' title='bbox 1260 5954 1460 6018; x_wconf 74' lang='grc' dir='ltr'>πολλάς</span> <span class='ocrx_word' id='word_1_509' title='bbox 1509 5952 1867 6023; x_wconf 78' lang='grc' dir='ltr'>φιλοτιμεῖται</span> 
     </span>
    </p>
   </div>
   <div class='ocr_carea' id='block_1_64' title="bbox 193 6036 1865 6115">
    <p class='ocr_par' dir='ltr' id='par_1_64' title="bbox 193 6036 1865 6115">
     <span class='ocr_line' id='line_1_64' title="bbox 193 6036 1865 6115; baseline -0.004 -15"><span class='ocrx_word' id='word_1_510' title='bbox 193 6040 294 6105; x_wconf 73' lang='grc' dir='ltr'>τὰς</span> <span class='ocrx_word' id='word_1_511' title='bbox 323 6042 549 6115; x_wconf 87' lang='grc' dir='ltr'>δωρεάς.</span> <span class='ocrx_word' id='word_1_512' title='bbox 587 6043 738 6098; x_wconf 71' lang='grc' dir='ltr'>Ἐπεὶ</span> <span class='ocrx_word' id='word_1_513' title='bbox 772 6045 866 6098; x_wconf 75' lang='grc' dir='ltr'>καὶ</span> <span class='ocrx_word' id='word_1_514' title='bbox 897 6046 926 6098; x_wconf 89' lang='lat'>6</span> <span class='ocrx_word' id='word_1_515' title='bbox 956 6044 1302 6115; x_wconf 81' lang='grc' dir='ltr'>πατριάρχης</span> <span class='ocrx_word' id='word_1_516' title='bbox 1324 6036 1484 6106; x_wconf 79' lang='grc' dir='ltr'>οὗτος</span> <span class='ocrx_word' id='word_1_517' title='bbox 1512 6042 1613 6095; x_wconf 82' lang='grc' dir='ltr'>οὐκ</span> <span class='ocrx_word' id='word_1_518' title='bbox 1634 6041 1790 6112; x_wconf 75' lang='grc' dir='ltr'>όλίγα</span> <span class='ocrx_word' id='word_1_519' title='bbox 1807 6041 1865 6094; x_wconf 82' lang='grc' dir='ltr'>ἐν</span> 
     </span>
    </p>
   </div>
   <div class='ocr_carea' id='block_1_65' title="bbox 259 6128 1583 6195">
    <p class='ocr_par' dir='ltr' id='par_1_65' title="bbox 259 6128 1583 6195">
     <span class='ocr_line' id='line_1_65' title="bbox 259 6128 1583 6195; baseline -0.004 -12"><span class='ocrx_word' id='word_1_520' title='bbox 259 6129 288 6163; x_wconf 84' lang='grc'><strong><em>⁸</em></strong></span> <span class='ocrx_word' id='word_1_521' title='bbox 308 6130 463 6183; x_wconf 55' lang='lat' dir='ltr'>nullo</span> <span class='ocrx_word' id='word_1_522' title='bbox 483 6132 651 6183; x_wconf 68' lang='lat' dir='ltr'><strong>malim</strong></span> <span class='ocrx_word' id='word_1_523' title='bbox 676 6144 784 6183; x_wconf 88' lang='lat' dir='ltr'>cum</span> <span class='ocrx_word' id='word_1_524' title='bbox 808 6131 959 6184; x_wconf 72' lang='lat' dir='ltr'>Cois].</span> <span class='ocrx_word' id='word_1_525' title='bbox 992 6132 1169 6195; x_wconf 71' lang='lat' dir='ltr'>legere</span> <span class='ocrx_word' id='word_1_526' title='bbox 1194 6131 1404 6194; x_wconf 78' lang='grc' dir='ltr'>δέξομαι.</span> <span class='ocrx_word' id='word_1_527' title='bbox 1449 6128 1583 6180; x_wconf 75' lang='lat' dir='ltr'>Eon.</span> 
     </span>
    </p>
   </div>
   <div class='ocr_carea' id='block_1_66' title="bbox 1336 463 2475 526">
    <p class='ocr_par' dir='ltr' id='par_1_66' title="bbox 1336 463 2475 526">
     <span class='ocr_line' id='line_1_66' title="bbox 1336 463 2475 526; baseline 0.002 -2"><span class='ocrx_word' id='word_1_528' title='bbox 1336 466 1401 524; x_wconf 79' lang='grc' dir='ltr'>ΙΝ</span> <span class='ocrx_word' id='word_1_529' title='bbox 1439 466 1591 524; x_wconf 73' lang='lat' dir='ltr'>CAP.</span> <span class='ocrx_word' id='word_1_530' title='bbox 1627 464 1767 521; x_wconf 66' lang='grc' dir='ltr'>ινιι</span> <span class='ocrx_word' id='word_1_531' title='bbox 1807 463 2050 523; x_wconf 77' lang='lat' dir='ltr'>GENES.</span> <span class='ocrx_word' id='word_1_532' title='bbox 2092 466 2325 525; x_wconf 75' lang='lat' dir='ltr'>IIOMIL.</span> <span class='ocrx_word' id='word_1_533' title='bbox 2360 471 2475 526; x_wconf 72' lang='lat' dir='ltr'>XL.</span> 
     </span>
    </p>
   </div>
   <div class='ocr_carea' id='block_1_67' title="bbox 3589 483 3703 542">
    <p class='ocr_par' dir='ltr' id='par_1_67' title="bbox 3589 483 3703 542">
     <span class='ocr_line' id='line_1_67' title="bbox 3589 483 3703 542; baseline 0.035 -4"><span class='ocrx_word' id='word_1_534' title='bbox 3589 483 3703 542; x_wconf 63' lang='lat'>372</span> 
     </span>
    </p>
   </div>
   <div class='ocr_carea' id='block_1_68' title="bbox 2021 583 3696 663">
    <p class='ocr_par' dir='ltr' id='par_1_68' title="bbox 2021 583 3696 663">
     <span class='ocr_line' id='line_1_68' title="bbox 2021 583 3696 663; baseline 0.01 -26"><span class='ocrx_word' id='word_1_535' title='bbox 2021 583 2100 654; x_wconf 79' lang='grc' dir='ltr'>τῷ</span> <span class='ocrx_word' id='word_1_536' title='bbox 2133 585 2335 655; x_wconf 68' lang='grc' dir='ltr'>μεταξὺ</span> <span class='ocrx_word' id='word_1_537' title='bbox 2375 586 2552 658; x_wconf 83' lang='grc' dir='ltr'>χρόνῳ</span> <span class='ocrx_word' id='word_1_538' title='bbox 2593 587 2851 659; x_wconf 78' lang='grc' dir='ltr'>ὑπέμεινε</span> <span class='ocrx_word' id='word_1_539' title='bbox 2886 592 2957 645; x_wconf 81' lang='grc' dir='ltr'>τά</span> <span class='ocrx_word' id='word_1_540' title='bbox 2987 590 3227 663; x_wconf 82' lang='grc' dir='ltr'>λυπηρά,</span> <span class='ocrx_word' id='word_1_541' title='bbox 3258 598 3308 651; x_wconf 87' lang='grc' dir='ltr'>εί</span> <span class='ocrx_word' id='word_1_542' title='bbox 3337 595 3433 651; x_wconf 76' lang='grc' dir='ltr'>καὶ</span> <span class='ocrx_word' id='word_1_543' title='bbox 3463 598 3543 650; x_wconf 70' lang='grc' dir='ltr'>ὅτι</span> <span class='ocrx_word' id='word_1_544' title='bbox 3571 597 3696 654; x_wconf 70' lang='grc' dir='ltr'>ἐκάε-</span> 
     </span>
    </p>
   </div>
   <div class='ocr_carea' id='block_1_69' title="bbox 2019 673 3697 756">
    <p class='ocr_par' dir='ltr' id='par_1_69' title="bbox 2019 673 3697 756">
     <span class='ocr_line' id='line_1_69' title="bbox 2019 673 3697 756; baseline 0.01 -32"><span class='ocrx_word' id='word_1_545' title='bbox 2019 686 2177 725; x_wconf 83' lang='grc' dir='ltr'>στοτε</span> <span class='ocrx_word' id='word_1_546' title='bbox 2203 673 2526 744; x_wconf 85' lang='grc' dir='ltr'>άνεμίγνυτο</span> <span class='ocrx_word' id='word_1_547' title='bbox 2551 678 2667 737; x_wconf 83' lang='grc' dir='ltr'>τοῖς</span> <span class='ocrx_word' id='word_1_548' title='bbox 2691 676 2956 749; x_wconf 83' lang='grc' dir='ltr'>λυπηροῖς</span> <span class='ocrx_word' id='word_1_549' title='bbox 2983 680 3077 733; x_wconf 77' lang='grc' dir='ltr'>καὶ</span> <span class='ocrx_word' id='word_1_550' title='bbox 3097 680 3167 733; x_wconf 90' lang='grc' dir='ltr'>τά</span> <span class='ocrx_word' id='word_1_551' title='bbox 3190 682 3421 752; x_wconf 82' lang='grc' dir='ltr'>χρηστά.</span> <span class='ocrx_word' id='word_1_552' title='bbox 3453 684 3697 756; x_wconf 82' lang='grc' dir='ltr'>Κηδόμε·</span> 
     </span>
    </p>
   </div>
   <div class='ocr_carea' id='block_1_70' title="bbox 2018 756 3696 832">
    <p class='ocr_par' dir='ltr' id='par_1_70' title="bbox 2018 756 3696 832">
     <span class='ocr_line' id='line_1_70' title="bbox 2018 756 3696 832; baseline 0.007 -22"><span class='ocrx_word' id='word_1_553' title='bbox 2018 773 2110 821; x_wconf 84' lang='grc' dir='ltr'>νος</span> <span class='ocrx_word' id='word_1_554' title='bbox 2137 756 2246 829; x_wconf 81' lang='grc' dir='ltr'>γάρ</span> <span class='ocrx_word' id='word_1_555' title='bbox 2277 760 2437 831; x_wconf 78' lang='grc' dir='ltr'>ἡμῶν</span> <span class='ocrx_word' id='word_1_556' title='bbox 2460 764 2560 832; x_wconf 84' lang='grc' dir='ltr'>τῆς</span> <span class='ocrx_word' id='word_1_557' title='bbox 2584 761 2871 827; x_wconf 80' lang='grc' dir='ltr'>ἀσθενείας</span> <span class='ocrx_word' id='word_1_558' title='bbox 2900 765 2930 816; x_wconf 92' lang='lat'>6</span> <span class='ocrx_word' id='word_1_559' title='bbox 2953 764 3062 819; x_wconf 87' lang='grc' dir='ltr'>τῶν</span> <span class='ocrx_word' id='word_1_560' title='bbox 3087 765 3224 819; x_wconf 86' lang='grc' dir='ltr'>ὅλων</span> <span class='ocrx_word' id='word_1_561' title='bbox 3257 767 3412 832; x_wconf 81' lang='grc' dir='ltr'>Θεὸς,</span> <span class='ocrx_word' id='word_1_562' title='bbox 3442 767 3568 822; x_wconf 82' lang='grc' dir='ltr'>οὐτε</span> <span class='ocrx_word' id='word_1_563' title='bbox 3607 770 3696 823; x_wconf 67' lang='grc' dir='ltr'>ἀεὶ</span> 
     </span>
    </p>
   </div>
   <div class='ocr_carea' id='block_1_71' title="bbox 2017 844 3696 931">
    <p class='ocr_par' dir='ltr' id='par_1_71' title="bbox 2017 844 3696 931">
     <span class='ocr_line' id='line_1_71' title="bbox 2017 844 3696 931; baseline 0.009 -34"><span class='ocrx_word' id='word_1_564' title='bbox 2017 847 2130 908; x_wconf 83' lang='grc' dir='ltr'>τοῖς</span> <span class='ocrx_word' id='word_1_565' title='bbox 2148 844 2411 918; x_wconf 85' lang='grc' dir='ltr'>λυπηροῖς</span> <span class='ocrx_word' id='word_1_566' title='bbox 2433 848 2660 920; x_wconf 81' lang='grc' dir='ltr'>ἀφίησιν</span> <span class='ocrx_word' id='word_1_567' title='bbox 2683 851 2834 920; x_wconf 78' lang='grc' dir='ltr'>ἡμᾶς</span> <span class='ocrx_word' id='word_1_568' title='bbox 2855 852 3229 924; x_wconf 85' lang='grc' dir='ltr'>ἐναπομένειν,</span> <span class='ocrx_word' id='word_1_569' title='bbox 3258 855 3345 909; x_wconf 85' lang='grc' dir='ltr'>ἴνα</span> <span class='ocrx_word' id='word_1_570' title='bbox 3374 855 3450 927; x_wconf 81' lang='grc' dir='ltr'>μὴ</span> <span class='ocrx_word' id='word_1_571' title='bbox 3475 857 3696 931; x_wconf 73' lang='grc' dir='ltr'>ἐλέγχη-</span> 
     </span>
    </p>
   </div>
   <div class='ocr_carea' id='block_1_72' title="bbox 2015 933 3694 1017">
    <p class='ocr_par' dir='ltr' id='par_1_72' title="bbox 2015 933 3694 1017">
     <span class='ocr_line' id='line_1_72' title="bbox 2015 933 3694 1017; baseline 0.01 -32"><span class='ocrx_word' id='word_1_572' title='bbox 2015 949 2107 985; x_wconf 86' lang='grc' dir='ltr'>ται</span> <span class='ocrx_word' id='word_1_573' title='bbox 2135 933 2163 973; x_wconf 69' lang='lat' dir='ltr'><strong>b</strong></span> <span class='ocrx_word' id='word_1_574' title='bbox 2199 934 2356 1004; x_wconf 84' lang='grc' dir='ltr'>ήμῶν</span> <span class='ocrx_word' id='word_1_575' title='bbox 2387 936 2421 1006; x_wconf 79' lang='grc' dir='ltr'>ὴ</span> <span class='ocrx_word' id='word_1_576' title='bbox 2449 935 2723 1001; x_wconf 84' lang='grc' dir='ltr'>ἀσθένεια,</span> <span class='ocrx_word' id='word_1_577' title='bbox 2751 937 2888 992; x_wconf 89' lang='grc' dir='ltr'>ἀλλά</span> <span class='ocrx_word' id='word_1_578' title='bbox 2907 943 3127 1010; x_wconf 89' lang='grc' dir='ltr'>ταχεῖαν</span> <span class='ocrx_word' id='word_1_579' title='bbox 3151 942 3245 995; x_wconf 71' lang='grc' dir='ltr'>καὶ</span> <span class='ocrx_word' id='word_1_580' title='bbox 3274 944 3435 1008; x_wconf 78' lang='grc' dir='ltr'>αὐτὸς</span> <span class='ocrx_word' id='word_1_581' title='bbox 3464 947 3694 1017; x_wconf 82' lang='grc' dir='ltr'>παρέχει</span> 
     </span>
    </p>
   </div>
   <div class='ocr_carea' id='block_1_73' title="bbox 2015 1021 3694 1100">
    <p class='ocr_par' dir='ltr' id='par_1_73' title="bbox 2015 1021 3694 1100">
     <span class='ocr_line' id='line_1_73' title="bbox 2015 1021 3694 1100; baseline 0.01 -27"><span class='ocrx_word' id='word_1_582' title='bbox 2015 1021 2116 1093; x_wconf 84' lang='grc' dir='ltr'>τὴν</span> <span class='ocrx_word' id='word_1_583' title='bbox 2142 1021 2444 1093; x_wconf 75' lang='grc' dir='ltr'>ἀντίληψιν,</span> <span class='ocrx_word' id='word_1_584' title='bbox 2473 1026 2681 1096; x_wconf 75' lang='grc' dir='ltr'>ρωννύς</span> <span class='ocrx_word' id='word_1_585' title='bbox 2706 1026 2863 1096; x_wconf 75' lang='grc' dir='ltr'>ἡμῶν</span> <span class='ocrx_word' id='word_1_586' title='bbox 2883 1028 2984 1099; x_wconf 83' lang='grc' dir='ltr'>τὴν</span> <span class='ocrx_word' id='word_1_587' title='bbox 3009 1030 3338 1100; x_wconf 82' lang='grc' dir='ltr'>προθυμίαν,</span> <span class='ocrx_word' id='word_1_588' title='bbox 3363 1034 3456 1086; x_wconf 76' lang='grc' dir='ltr'>καὶ</span> <span class='ocrx_word' id='word_1_589' title='bbox 3482 1034 3575 1087; x_wconf 73' lang='grc' dir='ltr'>τὸν</span> <span class='ocrx_word' id='word_1_590' title='bbox 3605 1033 3694 1089; x_wconf 87' lang='grc' dir='ltr'>λο-</span> 
     </span>
    </p>
   </div>
   <div class='ocr_carea' id='block_1_74' title="bbox 2016 1107 3693 1191">
    <p class='ocr_par' dir='ltr' id='par_1_74' title="bbox 2016 1107 3693 1191">
     <span class='ocr_line' id='line_1_74' title="bbox 2016 1107 3693 1191; baseline 0.011 -34"><span class='ocrx_word' id='word_1_591' title='bbox 2016 1107 2214 1180; x_wconf 78' lang='grc' dir='ltr'>γισμὸν</span> <span class='ocrx_word' id='word_1_592' title='bbox 2251 1110 2554 1183; x_wconf 75' lang='grc' dir='ltr'>διεγείρωνο</span> <span class='ocrx_word' id='word_1_593' title='bbox 2587 1110 2712 1166; x_wconf 82' lang='grc' dir='ltr'>οῦτε</span> <span class='ocrx_word' id='word_1_594' title='bbox 2746 1113 2833 1166; x_wconf 78' lang='grc' dir='ltr'>ἀεὶ</span> <span class='ocrx_word' id='word_1_595' title='bbox 2866 1114 2926 1166; x_wconf 84' lang='grc' dir='ltr'>ἐν</span> <span class='ocrx_word' id='word_1_596' title='bbox 2963 1115 3146 1170; x_wconf 85' lang='grc' dir='ltr'>ἀνέσει</span> <span class='ocrx_word' id='word_1_597' title='bbox 3173 1114 3309 1171; x_wconf 74' lang='grc' dir='ltr'>εἶναι</span> <span class='ocrx_word' id='word_1_598' title='bbox 3341 1120 3693 1191; x_wconf 68' lang='grc' dir='ltr'>καταλιμπάυ</span> 
     </span>
    </p>
   </div>
   <div class='ocr_carea' id='block_1_75' title="bbox 2014 1195 3694 1275">
    <p class='ocr_par' dir='ltr' id='par_1_75' title="bbox 2014 1195 3694 1275">
     <span class='ocr_line' id='line_1_75' title="bbox 2014 1195 3694 1275; baseline 0.008 -28"><span class='ocrx_word' id='word_1_599' title='bbox 2014 1211 2117 1259; x_wconf 88' lang='grc' dir='ltr'>νει,</span> <span class='ocrx_word' id='word_1_600' title='bbox 2137 1196 2224 1248; x_wconf 84' lang='grc' dir='ltr'>ῖνα</span> <span class='ocrx_word' id='word_1_601' title='bbox 2248 1195 2322 1267; x_wconf 86' lang='grc' dir='ltr'>μὴ</span> <span class='ocrx_word' id='word_1_602' title='bbox 2342 1197 2701 1270; x_wconf 67' lang='grc' dir='ltr'>ῥαθυμότεροι</span> <span class='ocrx_word' id='word_1_603' title='bbox 2718 1200 3018 1271; x_wconf 88' lang='grc' dir='ltr'>γενόμενοι,</span> <span class='ocrx_word' id='word_1_604' title='bbox 3038 1202 3176 1274; x_wconf 87' lang='grc' dir='ltr'>πρὸς</span> <span class='ocrx_word' id='word_1_605' title='bbox 3197 1202 3294 1275; x_wconf 85' lang='grc' dir='ltr'>τὴν</span> <span class='ocrx_word' id='word_1_606' title='bbox 3313 1205 3511 1259; x_wconf 85' lang='grc' dir='ltr'>κακίαν</span> <span class='ocrx_word' id='word_1_607' title='bbox 3533 1207 3694 1261; x_wconf 73' lang='grc' dir='ltr'>αὐτοο</span> 
     </span>
    </p>
   </div>
   <div class='ocr_carea' id='block_1_76' title="bbox 2012 1282 3695 1367">
    <p class='ocr_par' dir='ltr' id='par_1_76' title="bbox 2012 1282 3695 1367">
     <span class='ocr_line' id='line_1_76' title="bbox 2012 1282 3695 1367; baseline 0.007 -32"><span class='ocrx_word' id='word_1_608' title='bbox 2012 1282 2363 1354; x_wconf 83' lang='grc' dir='ltr'>μολήσωμεν.</span> <span class='ocrx_word' id='word_1_609' title='bbox 2403 1285 2466 1338; x_wconf 83' lang='grc' dir='ltr'><strong>Ἦ</strong></span> <span class='ocrx_word' id='word_1_610' title='bbox 2495 1284 2605 1356; x_wconf 84' lang='grc' dir='ltr'>γὰρ</span> <span class='ocrx_word' id='word_1_611' title='bbox 2626 1286 2788 1356; x_wconf 75' lang='grc' dir='ltr'>φύσις</span> <span class='ocrx_word' id='word_1_612' title='bbox 2817 1288 2850 1359; x_wconf 79' lang='grc' dir='ltr'>ἡ</span> <span class='ocrx_word' id='word_1_613' title='bbox 2882 1288 3218 1361; x_wconf 86' lang='grc' dir='ltr'>ἀνθρωπεία,</span> <span class='ocrx_word' id='word_1_614' title='bbox 3249 1291 3468 1346; x_wconf 75' lang='grc' dir='ltr'>ἐπειδάν</span> <span class='ocrx_word' id='word_1_615' title='bbox 3494 1293 3695 1367; x_wconf 71' lang='grc' dir='ltr'>πολλῆς</span> 
     </span>
    </p>
   </div>
   <div class='ocr_carea' id='block_1_77' title="bbox 2015 1371 3695 1449">
    <p class='ocr_par' dir='ltr' id='par_1_77' title="bbox 2015 1371 3695 1449">
     <span class='ocr_line' id='line_1_77' title="bbox 2015 1371 3695 1449; baseline 0.008 -25"><span class='ocrx_word' id='word_1_616' title='bbox 2015 1371 2251 1434; x_wconf 84' lang='grc' dir='ltr'>ἀνέσεως</span> <span class='ocrx_word' id='word_1_617' title='bbox 2295 1372 2645 1444; x_wconf 78' lang='grc' dir='ltr'>ἐπιλάϐηται,</span> <span class='ocrx_word' id='word_1_618' title='bbox 2676 1374 3088 1430; x_wconf 80' lang='grc' dir='ltr'>ἐπιλανθάνεται</span> <span class='ocrx_word' id='word_1_619' title='bbox 3133 1379 3232 1449; x_wconf 84' lang='grc' dir='ltr'>τῆς</span> <span class='ocrx_word' id='word_1_620' title='bbox 3264 1379 3567 1448; x_wconf 83' lang='grc' dir='ltr'>εὐγενείας,</span> <span class='ocrx_word' id='word_1_621' title='bbox 3598 1385 3695 1437; x_wconf 68' lang='grc' dir='ltr'>καὶ</span> 
     </span>
    </p>
   </div>
   <div class='ocr_carea' id='block_1_78' title="bbox 2013 1457 3693 1542">
    <p class='ocr_par' dir='ltr' id='par_1_78' title="bbox 2013 1457 3693 1542">
     <span class='ocr_line' id='line_1_78' title="bbox 2013 1457 3693 1542; baseline 0.009 -32"><span class='ocrx_word' id='word_1_622' title='bbox 2013 1457 2113 1529; x_wconf 89' lang='grc' dir='ltr'>οὐχ</span> <span class='ocrx_word' id='word_1_623' title='bbox 2137 1458 2350 1512; x_wconf 84' lang='grc' dir='ltr'>ἵσταται</span> <span class='ocrx_word' id='word_1_624' title='bbox 2374 1460 2467 1513; x_wconf 77' lang='grc' dir='ltr'>ἐπὶ</span> <span class='ocrx_word' id='word_1_625' title='bbox 2498 1459 2608 1513; x_wconf 84' lang='grc' dir='ltr'>τῶν</span> <span class='ocrx_word' id='word_1_626' title='bbox 2639 1461 2854 1517; x_wconf 88' lang='grc' dir='ltr'>οἰκείων</span> <span class='ocrx_word' id='word_1_627' title='bbox 2875 1463 3035 1535; x_wconf 81' lang='grc' dir='ltr'>ὅρων·</span> <span class='ocrx_word' id='word_1_628' title='bbox 3073 1464 3142 1518; x_wconf 80' lang='grc' dir='ltr'>δι’</span> <span class='ocrx_word' id='word_1_629' title='bbox 3166 1464 3195 1517; x_wconf 84' lang='lat'>6</span> <span class='ocrx_word' id='word_1_630' title='bbox 3222 1465 3475 1539; x_wconf 87' lang='grc' dir='ltr'>καθάπερ</span> <span class='ocrx_word' id='word_1_631' title='bbox 3505 1469 3693 1542; x_wconf 86' lang='grc' dir='ltr'>πατὴρ</span> 
     </span>
    </p>
   </div>
   <div class='ocr_carea' id='block_1_79' title="bbox 2014 1543 3690 1627">
    <p class='ocr_par' dir='ltr' id='par_1_79' title="bbox 2014 1543 3690 1627">
     <span class='ocr_line' id='line_1_79' title="bbox 2014 1543 3690 1627; baseline 0.008 -32"><span class='ocrx_word' id='word_1_632' title='bbox 2014 1543 2384 1615; x_wconf 82' lang='grc' dir='ltr'>φιλόστοργος,</span> <span class='ocrx_word' id='word_1_633' title='bbox 2407 1546 2537 1600; x_wconf 83' lang='grc' dir='ltr'>ποτὲ</span> <span class='ocrx_word' id='word_1_634' title='bbox 2575 1549 2673 1618; x_wconf 90' lang='grc' dir='ltr'>μέν</span> <span class='ocrx_word' id='word_1_635' title='bbox 2696 1550 2841 1619; x_wconf 75' lang='grc' dir='ltr'>ἡμᾶς</span> <span class='ocrx_word' id='word_1_636' title='bbox 2863 1549 3068 1623; x_wconf 87' lang='grc' dir='ltr'>ἀνίησι,</span> <span class='ocrx_word' id='word_1_637' title='bbox 3098 1551 3226 1605; x_wconf 84' lang='grc' dir='ltr'>ποτὲ</span> <span class='ocrx_word' id='word_1_638' title='bbox 3258 1552 3314 1605; x_wconf 78' lang='grc' dir='ltr'>δέ</span> <span class='ocrx_word' id='word_1_639' title='bbox 3343 1554 3690 1627; x_wconf 72' lang='grc' dir='ltr'>σωφρονίζει,</span> 
     </span>
    </p>
   </div>
   <div class='ocr_carea' id='block_1_80' title="bbox 2015 1631 3694 1708">
    <p class='ocr_par' dir='ltr' id='par_1_80' title="bbox 2015 1631 3694 1708">
     <span class='ocr_line' id='line_1_80' title="bbox 2015 1631 3694 1708; baseline 0.007 -24"><span class='ocrx_word' id='word_1_640' title='bbox 2015 1631 2082 1684; x_wconf 80' lang='grc' dir='ltr'>ἵν’</span> <span class='ocrx_word' id='word_1_641' title='bbox 2100 1631 2271 1696; x_wconf 76' lang='grc' dir='ltr'>οὔτως</span> <span class='ocrx_word' id='word_1_642' title='bbox 2299 1631 2457 1703; x_wconf 79' lang='grc' dir='ltr'>ἡμῶν</span> <span class='ocrx_word' id='word_1_643' title='bbox 2485 1634 2783 1707; x_wconf 80' lang='grc' dir='ltr'>μεθοδεύσῃ</span> <span class='ocrx_word' id='word_1_644' title='bbox 2813 1636 2912 1706; x_wconf 87' lang='grc' dir='ltr'>τῆς</span> <span class='ocrx_word' id='word_1_645' title='bbox 2935 1635 3112 1708; x_wconf 79' lang='grc' dir='ltr'>ψυχῆς</span> <span class='ocrx_word' id='word_1_646' title='bbox 3141 1638 3240 1708; x_wconf 85' lang='grc' dir='ltr'>τὴν</span> <span class='ocrx_word' id='word_1_647' title='bbox 3269 1639 3502 1707; x_wconf 89' lang='grc' dir='ltr'>ὐγίειαν.</span> <span class='ocrx_word' id='word_1_648' title='bbox 3538 1642 3694 1696; x_wconf 77' lang='grc' dir='ltr'>Ἐπεὶ</span> 
     </span>
    </p>
   </div>
   <div class='ocr_carea' id='block_1_81' title="bbox 2011 1720 3694 1800">
    <p class='ocr_par' dir='ltr' id='par_1_81' title="bbox 2011 1720 3694 1800">
     <span class='ocr_line' id='line_1_81' title="bbox 2011 1720 3694 1800; baseline 0.007 -26"><span class='ocrx_word' id='word_1_649' title='bbox 2011 1720 2106 1774; x_wconf 79' lang='grc' dir='ltr'>καὶ</span> <span class='ocrx_word' id='word_1_650' title='bbox 2138 1720 2339 1791; x_wconf 78' lang='grc' dir='ltr'>ἰατρὸς,</span> <span class='ocrx_word' id='word_1_651' title='bbox 2381 1721 2602 1776; x_wconf 78' lang='grc' dir='ltr'>ἐπειδάν</span> <span class='ocrx_word' id='word_1_652' title='bbox 2623 1724 2904 1794; x_wconf 77' lang='grc' dir='ltr'>ἄρρωστον</span> <span class='ocrx_word' id='word_1_653' title='bbox 2928 1724 3225 1800; x_wconf 78' lang='grc' dir='ltr'>θεραπεύῃ,</span> <span class='ocrx_word' id='word_1_654' title='bbox 3257 1725 3382 1780; x_wconf 83' lang='grc' dir='ltr'>οὐτε</span> <span class='ocrx_word' id='word_1_655' title='bbox 3410 1728 3497 1782; x_wconf 81' lang='grc' dir='ltr'>ἀεὶ</span> <span class='ocrx_word' id='word_1_656' title='bbox 3525 1746 3694 1785; x_wconf 89' lang='grc' dir='ltr'>κατα-</span> 
     </span>
    </p>
   </div>
   <div class='ocr_carea' id='block_1_82' title="bbox 2007 1808 3693 1890">
    <p class='ocr_par' dir='ltr' id='par_1_82' title="bbox 2007 1808 3693 1890">
     <span class='ocr_line' id='line_1_82' title="bbox 2007 1808 3693 1890; baseline 0.007 -30"><span class='ocrx_word' id='word_1_657' title='bbox 2007 1808 2172 1862; x_wconf 87' lang='grc' dir='ltr'>τείνει</span> <span class='ocrx_word' id='word_1_658' title='bbox 2196 1810 2260 1879; x_wconf 82' lang='grc' dir='ltr'>τῇ</span> <span class='ocrx_word' id='word_1_659' title='bbox 2283 1808 2488 1881; x_wconf 81' lang='grc' dir='ltr'>ἀσιτίᾳ,</span> <span class='ocrx_word' id='word_1_660' title='bbox 2509 1808 2631 1864; x_wconf 82' lang='grc' dir='ltr'>οῦτε</span> <span class='ocrx_word' id='word_1_661' title='bbox 2657 1811 2743 1864; x_wconf 78' lang='grc' dir='ltr'>ἀεὶ</span> <span class='ocrx_word' id='word_1_662' title='bbox 2778 1810 2947 1875; x_wconf 84' lang='grc' dir='ltr'>ἀδεῶς</span> <span class='ocrx_word' id='word_1_663' title='bbox 2970 1812 3262 1866; x_wconf 83' lang='grc' dir='ltr'>ἀπολαύειν</span> <span class='ocrx_word' id='word_1_664' title='bbox 3288 1815 3571 1888; x_wconf 82' lang='grc' dir='ltr'>ἐπιτρέπει</span> <span class='ocrx_word' id='word_1_665' title='bbox 3594 1821 3693 1890; x_wconf 79' lang='grc' dir='ltr'>τῆς</span> 
     </span>
    </p>
   </div>
   <div class='ocr_carea' id='block_1_83' title="bbox 2007 1895 3692 1979">
    <p class='ocr_par' dir='ltr' id='par_1_83' title="bbox 2007 1895 3692 1979">
     <span class='ocr_line' id='line_1_83' title="bbox 2007 1895 3692 1979; baseline 0.006 -31"><span class='ocrx_word' id='word_1_666' title='bbox 2007 1895 2311 1966; x_wconf 79' lang='grc' dir='ltr'>τραπέζης,</span> <span class='ocrx_word' id='word_1_667' title='bbox 2353 1897 2440 1950; x_wconf 83' lang='grc' dir='ltr'>ἵνα</span> <span class='ocrx_word' id='word_1_668' title='bbox 2472 1896 2546 1969; x_wconf 86' lang='grc' dir='ltr'>μὴ</span> <span class='ocrx_word' id='word_1_669' title='bbox 2577 1900 2611 1969; x_wconf 76' lang='grc' dir='ltr'>ὴ</span> <span class='ocrx_word' id='word_1_670' title='bbox 2640 1899 2945 1968; x_wconf 62' lang='grc' dir='ltr'>ἀδδησςαγία</span> <span class='ocrx_word' id='word_1_671' title='bbox 2974 1900 3204 1972; x_wconf 84' lang='grc' dir='ltr'>πυρετὸν</span> <span class='ocrx_word' id='word_1_672' title='bbox 3225 1903 3456 1959; x_wconf 77' lang='grc' dir='ltr'>τεκοῦσα</span> <span class='ocrx_word' id='word_1_673' title='bbox 3475 1905 3692 1979; x_wconf 84' lang='grc' dir='ltr'>ὲκτείνῃ</span> 
     </span>
    </p>
   </div>
   <div class='ocr_carea' id='block_1_84' title="bbox 2007 1984 3690 2058">
    <p class='ocr_par' dir='ltr' id='par_1_84' title="bbox 2007 1984 3690 2058">
     <span class='ocr_line' id='line_1_84' title="bbox 2007 1984 3690 2058; baseline 0.007 -21"><span class='ocrx_word' id='word_1_674' title='bbox 2007 1984 2105 2055; x_wconf 83' lang='grc' dir='ltr'>τὴν</span> <span class='ocrx_word' id='word_1_675' title='bbox 2133 1984 2470 2055; x_wconf 80' lang='grc' dir='ltr'>ἀρρωστίαν,</span> <span class='ocrx_word' id='word_1_676' title='bbox 2502 1985 2639 2056; x_wconf 84' lang='grc' dir='ltr'>μηδὲ</span> <span class='ocrx_word' id='word_1_677' title='bbox 2672 1989 2738 2056; x_wconf 78' lang='grc' dir='ltr'>τῇ</span> <span class='ocrx_word' id='word_1_678' title='bbox 2768 1986 2955 2058; x_wconf 69' lang='grc' dir='ltr'>ἀσιτία</span> <span class='ocrx_word' id='word_1_679' title='bbox 2987 1988 3075 2041; x_wconf 76' lang='grc' dir='ltr'>ἀεὶ</span> <span class='ocrx_word' id='word_1_680' title='bbox 3104 1990 3436 2045; x_wconf 86' lang='grc' dir='ltr'>κατατείνων</span> <span class='ocrx_word' id='word_1_681' title='bbox 3462 1992 3690 2048; x_wconf 87' lang='grc' dir='ltr'>ἀσθενέ-</span> 
     </span>
    </p>
   </div>
   <div class='ocr_carea' id='block_1_85' title="bbox 2010 2069 3689 2150">
    <p class='ocr_par' dir='ltr' id='par_1_85' title="bbox 2010 2069 3689 2150">
     <span class='ocr_line' id='line_1_85' title="bbox 2010 2069 3689 2150; baseline 0.006 -26"><span class='ocrx_word' id='word_1_682' title='bbox 2010 2086 2101 2124; x_wconf 86' lang='grc' dir='ltr'>στε</span> <span class='ocrx_word' id='word_1_683' title='bbox 2108 2086 2200 2141; x_wconf 90' lang='grc' dir='ltr'>ρον</span> <span class='ocrx_word' id='word_1_684' title='bbox 2214 2069 2532 2142; x_wconf 83' lang='grc' dir='ltr'>ἐργάσηται·</span> <span class='ocrx_word' id='word_1_685' title='bbox 2555 2070 2692 2125; x_wconf 87' lang='grc' dir='ltr'>ἀλλά</span> <span class='ocrx_word' id='word_1_686' title='bbox 2708 2089 2848 2125; x_wconf 84' lang='grc' dir='ltr'>κατα</span> <span class='ocrx_word' id='word_1_687' title='bbox 2856 2073 3249 2145; x_wconf 76' lang='grc' dir='ltr'>στοχαζόμενος</span> <span class='ocrx_word' id='word_1_688' title='bbox 3264 2075 3366 2148; x_wconf 89' lang='grc' dir='ltr'>τῆς</span> <span class='ocrx_word' id='word_1_689' title='bbox 3383 2077 3689 2150; x_wconf 81' lang='grc' dir='ltr'>δυνάμεως,</span> 
     </span>
    </p>
   </div>
   <div class='ocr_carea' id='block_1_86' title="bbox 2009 2158 3691 2237">
    <p class='ocr_par' dir='ltr' id='par_1_86' title="bbox 2009 2158 3691 2237">
     <span class='ocr_line' id='line_1_86' title="bbox 2009 2158 3691 2237; baseline 0.007 -26"><span class='ocrx_word' id='word_1_690' title='bbox 2009 2158 2103 2211; x_wconf 81' lang='grc' dir='ltr'>καὶ</span> <span class='ocrx_word' id='word_1_691' title='bbox 2126 2158 2403 2228; x_wconf 84' lang='grc' dir='ltr'>ἐπιμελῶς</span> <span class='ocrx_word' id='word_1_692' title='bbox 2437 2162 2502 2230; x_wconf 76' lang='grc' dir='ltr'>τῇ</span> <span class='ocrx_word' id='word_1_693' title='bbox 2532 2158 2697 2231; x_wconf 81' lang='grc' dir='ltr'>τέχνῃ</span> <span class='ocrx_word' id='word_1_694' title='bbox 2743 2162 3106 2231; x_wconf 82' lang='grc' dir='ltr'>κεχρημένος,</span> <span class='ocrx_word' id='word_1_695' title='bbox 3131 2161 3272 2216; x_wconf 75' lang='grc' dir='ltr'>οὕτω</span> <span class='ocrx_word' id='word_1_696' title='bbox 3303 2164 3371 2218; x_wconf 93' lang='grc' dir='ltr'>τά</span> <span class='ocrx_word' id='word_1_697' title='bbox 3400 2169 3531 2237; x_wconf 86' lang='grc' dir='ltr'>παρ’</span> <span class='ocrx_word' id='word_1_698' title='bbox 3562 2169 3691 2222; x_wconf 84' lang='grc' dir='ltr'>ἐαυ-</span> 
     </span>
    </p>
   </div>
   <div class='ocr_carea' id='block_1_87' title="bbox 2006 2244 3690 2327">
    <p class='ocr_par' dir='ltr' id='par_1_87' title="bbox 2006 2244 3690 2327">
     <span class='ocr_line' id='line_1_87' title="bbox 2006 2244 3690 2327; baseline 0.008 -30"><span class='ocrx_word' id='word_1_699' title='bbox 2006 2244 2101 2298; x_wconf 87' lang='grc' dir='ltr'>τοῦ</span> <span class='ocrx_word' id='word_1_700' title='bbox 2123 2248 2548 2317; x_wconf 77' lang='grc' dir='ltr'>παρατάττεταιο</span> <span class='ocrx_word' id='word_1_701' title='bbox 2578 2248 2672 2302; x_wconf 79' lang='grc' dir='ltr'>τὸν</span> <span class='ocrx_word' id='word_1_702' title='bbox 2702 2249 2866 2302; x_wconf 82' lang='grc' dir='ltr'>αὐτὸν</span> <span class='ocrx_word' id='word_1_703' title='bbox 2884 2249 2949 2317; x_wconf 89' lang='grc' dir='ltr'>δὴ</span> <span class='ocrx_word' id='word_1_704' title='bbox 2977 2251 3176 2322; x_wconf 86' lang='grc' dir='ltr'>τρόπον</span> <span class='ocrx_word' id='word_1_705' title='bbox 3210 2252 3305 2306; x_wconf 71' lang='grc' dir='ltr'>καὶ</span> <span class='ocrx_word' id='word_1_706' title='bbox 3332 2255 3361 2306; x_wconf 91' lang='lat'>6</span> <span class='ocrx_word' id='word_1_707' title='bbox 3387 2254 3690 2327; x_wconf 83' lang='grc' dir='ltr'>φιλάνθρω-</span> 
     </span>
    </p>
   </div>
   <div class='ocr_carea' id='block_1_88' title="bbox 2006 2336 3690 2416">
    <p class='ocr_par' dir='ltr' id='par_1_88' title="bbox 2006 2336 3690 2416">
     <span class='ocr_line' id='line_1_88' title="bbox 2006 2336 3690 2416; baseline 0.007 -27"><span class='ocrx_word' id='word_1_708' title='bbox 2006 2352 2107 2400; x_wconf 84' lang='grc' dir='ltr'>πος</span> <span class='ocrx_word' id='word_1_709' title='bbox 2158 2337 2292 2401; x_wconf 81' lang='grc' dir='ltr'>Θεὸς</span> <span class='ocrx_word' id='word_1_710' title='bbox 2341 2336 2500 2402; x_wconf 82' lang='grc' dir='ltr'>εἰδὼς</span> <span class='ocrx_word' id='word_1_711' title='bbox 2530 2338 2592 2391; x_wconf 83' lang='grc' dir='ltr'>τὸ</span> <span class='ocrx_word' id='word_1_712' title='bbox 2626 2338 2843 2409; x_wconf 79' lang='grc' dir='ltr'>ἑκάστῳ</span> <span class='ocrx_word' id='word_1_713' title='bbox 2887 2339 3045 2410; x_wconf 80' lang='grc' dir='ltr'>ἡμῶν</span> <span class='ocrx_word' id='word_1_714' title='bbox 3084 2342 3383 2412; x_wconf 78' lang='grc' dir='ltr'>συμφέρον,</span> <span class='ocrx_word' id='word_1_715' title='bbox 3417 2343 3547 2399; x_wconf 85' lang='grc' dir='ltr'>ποτέ</span> <span class='ocrx_word' id='word_1_716' title='bbox 3590 2345 3690 2416; x_wconf 83' lang='grc' dir='ltr'>μὲν</span> 
     </span>
    </p>
   </div>
   <div class='ocr_carea' id='block_1_89' title="bbox 2004 2425 3690 2505">
    <p class='ocr_par' dir='ltr' id='par_1_89' title="bbox 2004 2425 3690 2505">
     <span class='ocr_line' id='line_1_89' title="bbox 2004 2425 3690 2505; baseline 0.005 -28"><span class='ocrx_word' id='word_1_717' title='bbox 2004 2425 2243 2488; x_wconf 77' lang='grc' dir='ltr'>ἀνέσεως</span> <span class='ocrx_word' id='word_1_718' title='bbox 2265 2427 2414 2496; x_wconf 81' lang='grc' dir='ltr'>ἡμᾶς</span> <span class='ocrx_word' id='word_1_719' title='bbox 2444 2425 2737 2480; x_wconf 86' lang='grc' dir='ltr'>ἀπολαύειν</span> <span class='ocrx_word' id='word_1_720' title='bbox 2769 2430 3069 2499; x_wconf 89' lang='grc' dir='ltr'>συγχωρεῖ,</span> <span class='ocrx_word' id='word_1_721' title='bbox 3102 2430 3234 2483; x_wconf 85' lang='grc' dir='ltr'>ποτέ</span> <span class='ocrx_word' id='word_1_722' title='bbox 3265 2431 3321 2483; x_wconf 76' lang='grc' dir='ltr'>δὲ</span> <span class='ocrx_word' id='word_1_723' title='bbox 3360 2432 3455 2485; x_wconf 77' lang='grc' dir='ltr'>καὶ</span> <span class='ocrx_word' id='word_1_724' title='bbox 3480 2449 3690 2505; x_wconf 79' lang='grc' dir='ltr'>γυμναο</span> 
     </span>
    </p>
   </div>
   <div class='ocr_carea' id='block_1_90' title="bbox 2007 2512 3690 2594">
    <p class='ocr_par' dir='ltr' id='par_1_90' title="bbox 2007 2512 3690 2594">
     <span class='ocr_line' id='line_1_90' title="bbox 2007 2512 3690 2594; baseline 0.007 -29"><span class='ocrx_word' id='word_1_725' title='bbox 2007 2512 2129 2575; x_wconf 88' lang='grc' dir='ltr'>σίας</span> <span class='ocrx_word' id='word_1_726' title='bbox 2150 2513 2337 2567; x_wconf 85' lang='grc' dir='ltr'>ἐνεκεν</span> <span class='ocrx_word' id='word_1_727' title='bbox 2360 2517 2664 2586; x_wconf 83' lang='grc' dir='ltr'>περασμοῖς</span> <span class='ocrx_word' id='word_1_728' title='bbox 2686 2515 3021 2586; x_wconf 88' lang='grc' dir='ltr'>περιϐάλλει.</span> <span class='ocrx_word' id='word_1_729' title='bbox 3044 2517 3168 2571; x_wconf 78' lang='grc' dir='ltr'>Εἴτε</span> <span class='ocrx_word' id='word_1_730' title='bbox 3192 2517 3344 2593; x_wconf 75' lang='grc'>[408]</span> <span class='ocrx_word' id='word_1_731' title='bbox 3365 2520 3474 2594; x_wconf 85' lang='grc' dir='ltr'>γὰρ</span> <span class='ocrx_word' id='word_1_732' title='bbox 3497 2522 3690 2594; x_wconf 74' lang='grc' dir='ltr'>ἐνάρε-</span> 
     </span>
    </p>
   </div>
   <div class='ocr_carea' id='block_1_91' title="bbox 2004 2598 3688 2684">
    <p class='ocr_par' dir='ltr' id='par_1_91' title="bbox 2004 2598 3688 2684">
     <span class='ocr_line' id='line_1_91' title="bbox 2004 2598 3688 2684; baseline 0.007 -30"><span class='ocrx_word' id='word_1_733' title='bbox 2004 2601 2085 2654; x_wconf 84' lang='grc' dir='ltr'>τοί</span> <span class='ocrx_word' id='word_1_734' title='bbox 2111 2619 2255 2661; x_wconf 88' lang='grc' dir='ltr'>τινες</span> <span class='ocrx_word' id='word_1_735' title='bbox 2280 2598 2409 2669; x_wconf 75' lang='grc' dir='ltr'>εἷεν,</span> <span class='ocrx_word' id='word_1_736' title='bbox 2429 2603 2517 2657; x_wconf 91' lang='grc' dir='ltr'>διά</span> <span class='ocrx_word' id='word_1_737' title='bbox 2539 2604 2640 2674; x_wconf 88' lang='grc' dir='ltr'>τῆς</span> <span class='ocrx_word' id='word_1_738' title='bbox 2656 2604 2767 2657; x_wconf 89' lang='grc' dir='ltr'>τῶν</span> <span class='ocrx_word' id='word_1_739' title='bbox 2789 2607 3112 2678; x_wconf 85' lang='grc' dir='ltr'>πειρασμῶν</span> <span class='ocrx_word' id='word_1_740' title='bbox 3130 2610 3424 2682; x_wconf 82' lang='grc' dir='ltr'>ἐπαγωγῆς</span> <span class='ocrx_word' id='word_1_741' title='bbox 3442 2611 3688 2684; x_wconf 65' lang='grc' dir='ltr'>λαμπρόν</span> 
     </span>
    </p>
   </div>
   <div class='ocr_carea' id='block_1_92' title="bbox 2004 2690 3686 2769">
    <p class='ocr_par' dir='ltr' id='par_1_92' title="bbox 2004 2690 3686 2769">
     <span class='ocr_line' id='line_1_92' title="bbox 2004 2690 3686 2769; baseline 0.009 -27"><span class='ocrx_word' id='word_1_742' title='bbox 2004 2706 2151 2761; x_wconf 86' lang='grc' dir='ltr'>τεροι</span> <span class='ocrx_word' id='word_1_743' title='bbox 2194 2690 2553 2761; x_wconf 85' lang='grc' dir='ltr'>δεικνύμενοι,</span> <span class='ocrx_word' id='word_1_744' title='bbox 2594 2691 2816 2745; x_wconf 84' lang='grc' dir='ltr'>πλείονα</span> <span class='ocrx_word' id='word_1_745' title='bbox 2857 2695 2958 2764; x_wconf 82' lang='grc' dir='ltr'>τὴν</span> <span class='ocrx_word' id='word_1_746' title='bbox 2995 2695 3202 2749; x_wconf 84' lang='grc' dir='ltr'>ἀνωθεν</span> <span class='ocrx_word' id='word_1_747' title='bbox 3233 2698 3523 2769; x_wconf 83' lang='grc' dir='ltr'>εὐμένειαν</span> <span class='ocrx_word' id='word_1_748' title='bbox 3564 2703 3686 2757; x_wconf 89' lang='grc' dir='ltr'>ἐπι-</span> 
     </span>
    </p>
   </div>
   <div class='ocr_carea' id='block_1_93' title="bbox 2005 2777 3690 2861">
    <p class='ocr_par' dir='ltr' id='par_1_93' title="bbox 2005 2777 3690 2861">
     <span class='ocr_line' id='line_1_93' title="bbox 2005 2777 3690 2861; baseline 0.008 -32"><span class='ocrx_word' id='word_1_749' title='bbox 2005 2777 2324 2830; x_wconf 81' lang='grc' dir='ltr'>σπάσονται·</span> <span class='ocrx_word' id='word_1_750' title='bbox 2352 2778 2461 2831; x_wconf 78' lang='grc' dir='ltr'>εἴτε</span> <span class='ocrx_word' id='word_1_751' title='bbox 2486 2777 2609 2831; x_wconf 84' lang='grc' dir='ltr'>καθ’</span> <span class='ocrx_word' id='word_1_752' title='bbox 2635 2781 2782 2849; x_wconf 76' lang='grc' dir='ltr'>ἡμᾶς</span> <span class='ocrx_word' id='word_1_753' title='bbox 2809 2781 3121 2851; x_wconf 87' lang='grc' dir='ltr'>ἀμαρτωλοί</span> <span class='ocrx_word' id='word_1_754' title='bbox 3146 2785 3486 2855; x_wconf 84' lang='grc' dir='ltr'>τυγχάνοιεν,</span> <span class='ocrx_word' id='word_1_755' title='bbox 3524 2789 3690 2861; x_wconf 85' lang='grc' dir='ltr'>εὐχα-</span> 
     </span>
    </p>
   </div>
   <div class='ocr_carea' id='block_1_94' title="bbox 2004 2861 3683 2945">
    <p class='ocr_par' dir='ltr' id='par_1_94' title="bbox 2004 2861 3683 2945">
     <span class='ocr_line' id='line_1_94' title="bbox 2004 2861 3683 2945; baseline 0.01 -32"><span class='ocrx_word' id='word_1_756' title='bbox 2004 2861 2203 2931; x_wconf 85' lang='grc' dir='ltr'>ρίστως</span> <span class='ocrx_word' id='word_1_757' title='bbox 2226 2862 2501 2933; x_wconf 82' lang='grc' dir='ltr'>δεχόμενοι</span> <span class='ocrx_word' id='word_1_758' title='bbox 2523 2863 2630 2916; x_wconf 88' lang='grc' dir='ltr'>τῶν</span> <span class='ocrx_word' id='word_1_759' title='bbox 2650 2866 2973 2935; x_wconf 84' lang='grc' dir='ltr'>πειρασμῶν</span> <span class='ocrx_word' id='word_1_760' title='bbox 2992 2866 3092 2937; x_wconf 88' lang='grc' dir='ltr'>τὴν</span> <span class='ocrx_word' id='word_1_761' title='bbox 3115 2867 3431 2940; x_wconf 82' lang='grc' dir='ltr'>ἐπαγωγὴν,</span> <span class='ocrx_word' id='word_1_762' title='bbox 3456 2870 3518 2924; x_wconf 72' lang='grc' dir='ltr'>τὸ</span> <span class='ocrx_word' id='word_1_763' title='bbox 3545 2873 3683 2945; x_wconf 83' lang='grc' dir='ltr'>βαρύ</span> 
     </span>
    </p>
   </div>
   <div class='ocr_carea' id='block_1_95' title="bbox 2001 2948 3686 3029">
    <p class='ocr_par' dir='ltr' id='par_1_95' title="bbox 2001 2948 3686 3029">
     <span class='ocr_line' id='line_1_95' title="bbox 2001 2948 3686 3029; baseline 0.01 -31"><span class='ocrx_word' id='word_1_764' title='bbox 2001 2948 2109 2999; x_wconf 87' lang='grc' dir='ltr'>τῶν</span> <span class='ocrx_word' id='word_1_765' title='bbox 2140 2948 2552 3020; x_wconf 77' lang='grc' dir='ltr'>ἁμαρτημάτων</span> <span class='ocrx_word' id='word_1_766' title='bbox 2577 2951 2941 3021; x_wconf 85' lang='grc' dir='ltr'>ἀποθήσονται</span> <span class='ocrx_word' id='word_1_767' title='bbox 2975 2956 3215 3023; x_wconf 82' lang='grc' dir='ltr'>φορτίον,</span> <span class='ocrx_word' id='word_1_768' title='bbox 3244 2956 3336 3008; x_wconf 86' lang='grc' dir='ltr'>καὶ</span> <span class='ocrx_word' id='word_1_769' title='bbox 3366 2957 3567 3029; x_wconf 84' lang='grc' dir='ltr'>πολλῆς</span> <span class='ocrx_word' id='word_1_770' title='bbox 3590 2962 3686 3015; x_wconf 72' lang='grc' dir='ltr'>καὶ</span> 
     </span>
    </p>
   </div>
   <div class='ocr_carea' id='block_1_96' title="bbox 2001 3036 3684 3115">
    <p class='ocr_par' dir='ltr' id='par_1_96' title="bbox 2001 3036 3684 3115">
     <span class='ocr_line' id='line_1_96' title="bbox 2001 3036 3684 3115; baseline 0.007 -26"><span class='ocrx_word' id='word_1_771' title='bbox 2001 3037 2156 3090; x_wconf 75' lang='grc' dir='ltr'>αὐτοὶ</span> <span class='ocrx_word' id='word_1_772' title='bbox 2184 3036 2514 3107; x_wconf 80' lang='grc' dir='ltr'>συγγνώμης</span> <span class='ocrx_word' id='word_1_773' title='bbox 2539 3036 2928 3093; x_wconf 85' lang='grc' dir='ltr'>ἀπολαύσουσι.</span> <span class='ocrx_word' id='word_1_774' title='bbox 2951 3039 3029 3092; x_wconf 81' lang='grc' dir='ltr'>Δι’</span> <span class='ocrx_word' id='word_1_775' title='bbox 3051 3039 3100 3102; x_wconf 84' lang='grc' dir='ltr'>ὃ,</span> <span class='ocrx_word' id='word_1_776' title='bbox 3129 3042 3454 3114; x_wconf 83' lang='grc' dir='ltr'>παρακαλῶ,</span> <span class='ocrx_word' id='word_1_777' title='bbox 3483 3047 3684 3115; x_wconf 85' lang='grc' dir='ltr'>εἰδότες</span> 
     </span>
    </p>
   </div>
   <div class='ocr_carea' id='block_1_97' title="bbox 2000 3124 3685 3206">
    <p class='ocr_par' dir='ltr' id='par_1_97' title="bbox 2000 3124 3685 3206">
     <span class='ocr_line' id='line_1_97' title="bbox 2000 3124 3685 3206; baseline 0.008 -29"><span class='ocrx_word' id='word_1_778' title='bbox 2000 3124 2062 3178; x_wconf 79' lang='grc' dir='ltr'>τὸ</span> <span class='ocrx_word' id='word_1_779' title='bbox 2087 3126 2393 3196; x_wconf 75' lang='grc' dir='ltr'>εὐμήχανον</span> <span class='ocrx_word' id='word_1_780' title='bbox 2423 3124 2520 3177; x_wconf 73' lang='grc' dir='ltr'>καὶ</span> <span class='ocrx_word' id='word_1_781' title='bbox 2548 3126 2711 3195; x_wconf 78' lang='grc' dir='ltr'>σοφὸν</span> <span class='ocrx_word' id='word_1_782' title='bbox 2734 3124 2829 3179; x_wconf 88' lang='grc' dir='ltr'>τοῦ</span> <span class='ocrx_word' id='word_1_783' title='bbox 2848 3127 3035 3199; x_wconf 78' lang='grc' dir='ltr'>ἰατροῦ</span> <span class='ocrx_word' id='word_1_784' title='bbox 3067 3128 3175 3184; x_wconf 88' lang='grc' dir='ltr'>τῶν</span> <span class='ocrx_word' id='word_1_785' title='bbox 3198 3131 3387 3202; x_wconf 75' lang='grc' dir='ltr'>ψυχῶν</span> <span class='ocrx_word' id='word_1_786' title='bbox 3413 3133 3521 3187; x_wconf 86' lang='grc' dir='ltr'>τῶν</span> <span class='ocrx_word' id='word_1_787' title='bbox 3543 3136 3685 3206; x_wconf 82' lang='grc' dir='ltr'>ἠμε-</span> 
     </span>
    </p>
   </div>
   <div class='ocr_carea' id='block_1_98' title="bbox 2000 3211 3680 3290">
    <p class='ocr_par' dir='ltr' id='par_1_98' title="bbox 2000 3211 3680 3290">
     <span class='ocr_line' id='line_1_98' title="bbox 2000 3211 3680 3290; baseline 0.014 -33"><span class='ocrx_word' id='word_1_788' title='bbox 2000 3214 2195 3285; x_wconf 80' lang='grc' dir='ltr'>τέρων,</span> <span class='ocrx_word' id='word_1_789' title='bbox 2223 3211 2492 3283; x_wconf 80' lang='grc' dir='ltr'>μηδέποτε</span> <span class='ocrx_word' id='word_1_790' title='bbox 2513 3213 3009 3285; x_wconf 61' lang='grc' dir='ltr'>πριεργαζώμεθα</span> <span class='ocrx_word' id='word_1_791' title='bbox 3042 3216 3207 3271; x_wconf 84' lang='grc' dir='ltr'>αὐτοῦ</span> <span class='ocrx_word' id='word_1_792' title='bbox 3227 3218 3327 3284; x_wconf 85' lang='grc' dir='ltr'>τὰς</span> <span class='ocrx_word' id='word_1_793' title='bbox 3347 3221 3680 3290; x_wconf 85' lang='grc' dir='ltr'>οἰκονομίας.</span> 
     </span>
    </p>
   </div>
   <div class='ocr_carea' id='block_1_99' title="bbox 2000 3299 3681 3384">
    <p class='ocr_par' dir='ltr' id='par_1_99' title="bbox 2000 3299 3681 3384">
     <span class='ocr_line' id='line_1_99' title="bbox 2000 3299 3681 3384; baseline 0.007 -31"><span class='ocrx_word' id='word_1_794' title='bbox 2000 3300 2121 3354; x_wconf 78' lang='grc' dir='ltr'>Κᾶν</span> <span class='ocrx_word' id='word_1_795' title='bbox 2146 3299 2256 3372; x_wconf 85' lang='grc' dir='ltr'>γάρ</span> <span class='ocrx_word' id='word_1_796' title='bbox 2283 3302 2317 3368; x_wconf 79' lang='grc' dir='ltr'><strong>ἡ</strong></span> <span class='ocrx_word' id='word_1_797' title='bbox 2348 3300 2555 3354; x_wconf 81' lang='grc' dir='ltr'>διάνοια</span> <span class='ocrx_word' id='word_1_798' title='bbox 2588 3302 2622 3370; x_wconf 82' lang='grc' dir='ltr'><strong>ἡ</strong></span> <span class='ocrx_word' id='word_1_799' title='bbox 2651 3301 2897 3373; x_wconf 77' lang='grc' dir='ltr'>ἡμετέρα</span> <span class='ocrx_word' id='word_1_800' title='bbox 2921 3301 3093 3357; x_wconf 83' lang='grc' dir='ltr'>ταῦτα</span> <span class='ocrx_word' id='word_1_801' title='bbox 3125 3305 3565 3377; x_wconf 83' lang='grc' dir='ltr'>καταλαμϐάνειν</span> <span class='ocrx_word' id='word_1_802' title='bbox 3603 3313 3681 3384; x_wconf 85' lang='grc' dir='ltr'>μὴ</span> 
     </span>
    </p>
   </div>
   <div class='ocr_carea' id='block_1_100' title="bbox 1998 3386 3680 3463">
    <p class='ocr_par' dir='ltr' id='par_1_100' title="bbox 1998 3386 3680 3463">
     <span class='ocr_line' id='line_1_100' title="bbox 1998 3386 3680 3463; baseline 0.007 -21"><span class='ocrx_word' id='word_1_803' title='bbox 1998 3386 2242 3459; x_wconf 83' lang='grc' dir='ltr'>δύνηται,</span> <span class='ocrx_word' id='word_1_804' title='bbox 2274 3387 2449 3460; x_wconf 82' lang='grc' dir='ltr'>ταύτῃ</span> <span class='ocrx_word' id='word_1_805' title='bbox 2489 3389 2689 3459; x_wconf 76' lang='grc' dir='ltr'>μᾶλλον</span> <span class='ocrx_word' id='word_1_806' title='bbox 2716 3390 3150 3463; x_wconf 79' lang='grc' dir='ltr'>ἐκπληττώμεθα</span> <span class='ocrx_word' id='word_1_807' title='bbox 3179 3394 3274 3448; x_wconf 81' lang='grc' dir='ltr'>τοῦ</span> <span class='ocrx_word' id='word_1_808' title='bbox 3306 3395 3442 3449; x_wconf 88' lang='grc' dir='ltr'>Θεοῦ</span> <span class='ocrx_word' id='word_1_809' title='bbox 3472 3398 3572 3463; x_wconf 88' lang='grc' dir='ltr'>τάς</span> <span class='ocrx_word' id='word_1_810' title='bbox 3598 3400 3680 3453; x_wconf 76' lang='lat' dir='ltr'>ol-</span> 
     </span>
    </p>
   </div>
   <div class='ocr_carea' id='block_1_101' title="bbox 2000 3476 3683 3552">
    <p class='ocr_par' dir='ltr' id='par_1_101' title="bbox 2000 3476 3683 3552">
     <span class='ocr_line' id='line_1_101' title="bbox 2000 3476 3683 3552; baseline 0.008 -23"><span class='ocrx_word' id='word_1_811' title='bbox 2000 3476 2280 3546; x_wconf 87' lang='grc' dir='ltr'>κονομίας,</span> <span class='ocrx_word' id='word_1_812' title='bbox 2304 3476 2398 3530; x_wconf 73' lang='grc' dir='ltr'>καὶ</span> <span class='ocrx_word' id='word_1_813' title='bbox 2421 3476 2736 3548; x_wconf 75' lang='grc' dir='ltr'>δοξάζωμεν</span> <span class='ocrx_word' id='word_1_814' title='bbox 2753 3478 2916 3532; x_wconf 77' lang='grc' dir='ltr'>αὐτὸν</span> <span class='ocrx_word' id='word_1_815' title='bbox 2938 3480 3079 3552; x_wconf 81' lang='grc' dir='ltr'>ὑπὲρ</span> <span class='ocrx_word' id='word_1_816' title='bbox 3099 3482 3375 3546; x_wconf 88' lang='grc' dir='ltr'>ἀπάντων,</span> <span class='ocrx_word' id='word_1_817' title='bbox 3399 3485 3482 3539; x_wconf 84' lang='grc' dir='ltr'>ὅτι</span> <span class='ocrx_word' id='word_1_818' title='bbox 3505 3487 3683 3542; x_wconf 90' lang='grc' dir='ltr'>τοιοῦ-</span> 
     </span>
    </p>
   </div>
   <div class='ocr_carea' id='block_1_102' title="bbox 1998 3559 3677 3644">
    <p class='ocr_par' dir='ltr' id='par_1_102' title="bbox 1998 3559 3677 3644">
     <span class='ocr_line' id='line_1_102' title="bbox 1998 3559 3677 3644; baseline 0.005 -25"><span class='ocrx_word' id='word_1_819' title='bbox 1998 3583 2088 3619; x_wconf 88' lang='grc' dir='ltr'>τον</span> <span class='ocrx_word' id='word_1_820' title='bbox 2117 3565 2314 3634; x_wconf 77' lang='grc' dir='ltr'>ἔχομεν</span> <span class='ocrx_word' id='word_1_821' title='bbox 2340 3565 2639 3634; x_wconf 84' lang='grc' dir='ltr'>Δεσπότην,</span> <span class='ocrx_word' id='word_1_822' title='bbox 2675 3559 2737 3618; x_wconf 80' lang='grc' dir='ltr'>οὗ</span> <span class='ocrx_word' id='word_1_823' title='bbox 2774 3566 2909 3637; x_wconf 88' lang='grc' dir='ltr'>μηδέ</span> <span class='ocrx_word' id='word_1_824' title='bbox 2952 3569 3202 3639; x_wconf 87' lang='grc' dir='ltr'>χωρῆσαι</span> <span class='ocrx_word' id='word_1_825' title='bbox 3235 3569 3458 3626; x_wconf 87' lang='grc' dir='ltr'>δύναται</span> <span class='ocrx_word' id='word_1_826' title='bbox 3496 3576 3529 3644; x_wconf 83' lang='grc' dir='ltr'>ή</span> <span class='ocrx_word' id='word_1_827' title='bbox 3563 3575 3677 3630; x_wconf 88' lang='grc' dir='ltr'>διά-</span> 
     </span>
    </p>
   </div>
   <div class='ocr_carea' id='block_1_103' title="bbox 1998 3652 3680 3733">
    <p class='ocr_par' dir='ltr' id='par_1_103' title="bbox 1998 3652 3680 3733">
     <span class='ocr_line' id='line_1_103' title="bbox 1998 3652 3680 3733; baseline 0.007 -27"><span class='ocrx_word' id='word_1_828' title='bbox 1998 3670 2115 3706; x_wconf 89' lang='grc' dir='ltr'>νοια</span> <span class='ocrx_word' id='word_1_829' title='bbox 2147 3654 2180 3723; x_wconf 85' lang='grc' dir='ltr'><strong>ή</strong></span> <span class='ocrx_word' id='word_1_830' title='bbox 2212 3653 2456 3725; x_wconf 76' lang='grc' dir='ltr'>ἡμετέρα</span> <span class='ocrx_word' id='word_1_831' title='bbox 2487 3653 2582 3709; x_wconf 78' lang='grc' dir='ltr'>καὶ</span> <span class='ocrx_word' id='word_1_832' title='bbox 2609 3655 2638 3707; x_wconf 92' lang='lat'>6</span> <span class='ocrx_word' id='word_1_833' title='bbox 2667 3652 2768 3724; x_wconf 87' lang='grc' dir='ltr'>τῆς</span> <span class='ocrx_word' id='word_1_834' title='bbox 2794 3654 3145 3727; x_wconf 84' lang='grc' dir='ltr'>ἀνθρωπίνης</span> <span class='ocrx_word' id='word_1_835' title='bbox 3182 3657 3398 3727; x_wconf 77' lang='grc' dir='ltr'>φύσεως</span> <span class='ocrx_word' id='word_1_836' title='bbox 3419 3660 3680 3733; x_wconf 79' lang='grc' dir='ltr'>λογισμὸς</span> 
     </span>
    </p>
   </div>
   <div class='ocr_carea' id='block_1_104' title="bbox 1996 3740 3671 3820">
    <p class='ocr_par' dir='ltr' id='par_1_104' title="bbox 1996 3740 3671 3820">
     <span class='ocr_line' id='line_1_104' title="bbox 1996 3740 3671 3820; baseline 0.007 -26"><span class='ocrx_word' id='word_1_837' title='bbox 1996 3741 2095 3804; x_wconf 83' lang='grc' dir='ltr'>τὰς</span> <span class='ocrx_word' id='word_1_838' title='bbox 2121 3741 2453 3812; x_wconf 86' lang='grc' dir='ltr'>οἰκονομίας.</span> <span class='ocrx_word' id='word_1_839' title='bbox 2489 3740 2622 3795; x_wconf 73' lang='grc' dir='ltr'>οὐδὲ</span> <span class='ocrx_word' id='word_1_840' title='bbox 2655 3741 2763 3813; x_wconf 82' lang='grc' dir='ltr'>γάρ</span> <span class='ocrx_word' id='word_1_841' title='bbox 2794 3741 2967 3806; x_wconf 74' lang='grc' dir='ltr'>οὕτως</span> <span class='ocrx_word' id='word_1_842' title='bbox 3005 3745 3165 3814; x_wconf 82' lang='grc' dir='ltr'>ἡμεῖς</span> <span class='ocrx_word' id='word_1_843' title='bbox 3193 3745 3351 3817; x_wconf 87' lang='grc' dir='ltr'>ίσμεν</span> <span class='ocrx_word' id='word_1_844' title='bbox 3372 3747 3432 3802; x_wconf 83' lang='grc' dir='ltr'>τὸ</span> <span class='ocrx_word' id='word_1_845' title='bbox 3464 3752 3671 3820; x_wconf 78' lang='grc' dir='ltr'>συμφέ·</span> 
     </span>
    </p>
   </div>
   <div class='ocr_carea' id='block_1_105' title="bbox 2000 3828 3679 3909">
    <p class='ocr_par' dir='ltr' id='par_1_105' title="bbox 2000 3828 3679 3909">
     <span class='ocr_line' id='line_1_105' title="bbox 2000 3828 3679 3909; baseline 0.004 -28"><span class='ocrx_word' id='word_1_846' title='bbox 2000 3846 2092 3900; x_wconf 88' lang='grc' dir='ltr'>ρον</span> <span class='ocrx_word' id='word_1_847' title='bbox 2117 3829 2269 3900; x_wconf 77' lang='grc' dir='ltr'>ἡμῖν,</span> <span class='ocrx_word' id='word_1_848' title='bbox 2297 3828 2373 3894; x_wconf 83' lang='grc' dir='ltr'>ὡς</span> <span class='ocrx_word' id='word_1_849' title='bbox 2402 3828 2566 3892; x_wconf 81' lang='grc' dir='ltr'>αὐτὸς</span> <span class='ocrx_word' id='word_1_850' title='bbox 2583 3828 2894 3883; x_wconf 83' lang='grc' dir='ltr'>ἐπίσταται·</span> <span class='ocrx_word' id='word_1_851' title='bbox 2926 3830 3025 3901; x_wconf 87' lang='grc' dir='ltr'>οὐχ</span> <span class='ocrx_word' id='word_1_852' title='bbox 3054 3831 3228 3896; x_wconf 77' lang='grc' dir='ltr'>οὕτως</span> <span class='ocrx_word' id='word_1_853' title='bbox 3257 3834 3418 3905; x_wconf 74' lang='grc' dir='ltr'>ἡμεῖς</span> <span class='ocrx_word' id='word_1_854' title='bbox 3446 3837 3679 3909; x_wconf 87' lang='grc' dir='ltr'>κηδόμε-</span> 
     </span>
    </p>
   </div>
   <div class='ocr_carea' id='block_1_106' title="bbox 1995 3915 3676 3993">
    <p class='ocr_par' dir='ltr' id='par_1_106' title="bbox 1995 3915 3676 3993">
     <span class='ocr_line' id='line_1_106' title="bbox 1995 3915 3676 3993; baseline 0.005 -23"><span class='ocrx_word' id='word_1_855' title='bbox 1995 3916 2064 3970; x_wconf 91' lang='grc' dir='ltr'>θα</span> <span class='ocrx_word' id='word_1_856' title='bbox 2094 3916 2324 3982; x_wconf 80' lang='grc' dir='ltr'>ἑαυτῶν,</span> <span class='ocrx_word' id='word_1_857' title='bbox 2352 3915 2430 3980; x_wconf 83' lang='grc' dir='ltr'>ὡς</span> <span class='ocrx_word' id='word_1_858' title='bbox 2462 3915 2625 3980; x_wconf 82' lang='grc' dir='ltr'>αὐτὸς</span> <span class='ocrx_word' id='word_1_859' title='bbox 2663 3915 2884 3986; x_wconf 79' lang='grc' dir='ltr'>κήδεται</span> <span class='ocrx_word' id='word_1_860' title='bbox 2928 3916 3086 3987; x_wconf 76' lang='grc' dir='ltr'>ἡμῶν</span> <span class='ocrx_word' id='word_1_861' title='bbox 3112 3922 3212 3990; x_wconf 83' lang='grc' dir='ltr'>τῆς</span> <span class='ocrx_word' id='word_1_862' title='bbox 3246 3922 3540 3993; x_wconf 87' lang='grc' dir='ltr'>σωτηρίας,</span> <span class='ocrx_word' id='word_1_863' title='bbox 3579 3926 3676 3979; x_wconf 81' lang='grc' dir='ltr'>καὶ</span> 
     </span>
    </p>
   </div>
   <div class='ocr_carea' id='block_1_107' title="bbox 1995 4003 3774 4085">
    <p class='ocr_par' dir='ltr' id='par_1_107' title="bbox 1995 4003 3774 4085">
     <span class='ocr_line' id='line_1_107' title="bbox 1995 4003 3774 4085; baseline 0.003 -28"><span class='ocrx_word' id='word_1_864' title='bbox 1995 4004 2173 4057; x_wconf 86' lang='grc' dir='ltr'>πάντα</span> <span class='ocrx_word' id='word_1_865' title='bbox 2202 4005 2347 4057; x_wconf 91' lang='grc' dir='ltr'>ποιεῖ</span> <span class='ocrx_word' id='word_1_866' title='bbox 2382 4005 2477 4057; x_wconf 74' lang='grc' dir='ltr'>καὶ</span> <span class='ocrx_word' id='word_1_867' title='bbox 2501 4003 2973 4074; x_wconf 89' lang='grc' dir='ltr'>πραγματεύεται,</span> <span class='ocrx_word' id='word_1_868' title='bbox 2998 4004 3138 4058; x_wconf 82' lang='grc' dir='ltr'>ὥστε</span> <span class='ocrx_word' id='word_1_869' title='bbox 3172 4006 3310 4078; x_wconf 79' lang='grc' dir='ltr'>πρὸς</span> <span class='ocrx_word' id='word_1_870' title='bbox 3344 4010 3444 4079; x_wconf 81' lang='grc' dir='ltr'>τὴν</span> <span class='ocrx_word' id='word_1_871' title='bbox 3471 4011 3674 4085; x_wconf 73' lang='grc' dir='ltr'>ἀρετὴν</span> <span class='ocrx_word' id='word_1_872' title='bbox 3763 4067 3774 4080; x_wconf 58' lang='grc'><em>,</em></span> 
     </span>
    </p>
   </div>
   <div class='ocr_carea' id='block_1_108' title="bbox 1994 4090 3671 4162">
    <p class='ocr_par' dir='ltr' id='par_1_108' title="bbox 1994 4090 3671 4162">
     <span class='ocr_line' id='line_1_108' title="bbox 1994 4090 3671 4162; baseline 0.007 -20"><span class='ocrx_word' id='word_1_873' title='bbox 1994 4092 2142 4162; x_wconf 79' lang='grc' dir='ltr'>ἡμᾶς</span> <span class='ocrx_word' id='word_1_874' title='bbox 2173 4090 2604 4162; x_wconf 86' lang='grc' dir='ltr'>χειραγωγῆσαι,</span> <span class='ocrx_word' id='word_1_875' title='bbox 2652 4090 2746 4144; x_wconf 73' lang='grc' dir='ltr'>καὶ</span> <span class='ocrx_word' id='word_1_876' title='bbox 2777 4090 3082 4162; x_wconf 81' lang='grc' dir='ltr'>ἐξαρπάσαι</span> <span class='ocrx_word' id='word_1_877' title='bbox 3129 4093 3239 4147; x_wconf 89' lang='grc' dir='ltr'>τῶν</span> <span class='ocrx_word' id='word_1_878' title='bbox 3283 4095 3379 4148; x_wconf 87' lang='grc' dir='ltr'>τοῦ</span> <span class='ocrx_word' id='word_1_879' title='bbox 3424 4096 3671 4153; x_wconf 87' lang='grc' dir='ltr'>διαϐόλου</span> 
     </span>
    </p>
   </div>
   <div class='ocr_carea' id='block_1_109' title="bbox 1992 4178 3672 4259">
    <p class='ocr_par' dir='ltr' id='par_1_109' title="bbox 1992 4178 3672 4259">
     <span class='ocr_line' id='line_1_109' title="bbox 1992 4178 3672 4259; baseline 0.006 -28"><span class='ocrx_word' id='word_1_880' title='bbox 1992 4179 2214 4250; x_wconf 85' lang='grc' dir='ltr'>χειρῶν.</span> <span class='ocrx_word' id='word_1_881' title='bbox 2246 4179 2358 4233; x_wconf 69' lang='grc' dir='ltr'>Καὶ</span> <span class='ocrx_word' id='word_1_882' title='bbox 2399 4180 2526 4233; x_wconf 80' lang='grc' dir='ltr'>ὅταν</span> <span class='ocrx_word' id='word_1_883' title='bbox 2557 4178 2644 4252; x_wconf 78' lang='grc' dir='ltr'>ίδῃ</span> <span class='ocrx_word' id='word_1_884' title='bbox 2681 4178 2756 4250; x_wconf 84' lang='grc' dir='ltr'>μὴ</span> <span class='ocrx_word' id='word_1_885' title='bbox 2784 4178 3119 4248; x_wconf 77' lang='grc' dir='ltr'>δυναμένους</span> <span class='ocrx_word' id='word_1_886' title='bbox 3151 4181 3411 4252; x_wconf 74' lang='grc' dir='ltr'>κερδᾶναι</span> <span class='ocrx_word' id='word_1_887' title='bbox 3441 4185 3550 4238; x_wconf 74' lang='grc' dir='ltr'>ἀπὸ</span> <span class='ocrx_word' id='word_1_888' title='bbox 3573 4187 3672 4259; x_wconf 89' lang='grc' dir='ltr'>τῆς</span> 
     </span>
    </p>
   </div>
   <div class='ocr_carea' id='block_1_110' title="bbox 1992 4265 3669 4345">
    <p class='ocr_par' dir='ltr' id='par_1_110' title="bbox 1992 4265 3669 4345">
     <span class='ocr_line' id='line_1_110' title="bbox 1992 4265 3669 4345; baseline 0.005 -25"><span class='ocrx_word' id='word_1_889' title='bbox 1992 4267 2312 4338; x_wconf 83' lang='grc' dir='ltr'>εὐημερίας,</span> <span class='ocrx_word' id='word_1_890' title='bbox 2355 4265 2607 4339; x_wconf 88' lang='grc' dir='ltr'>καθάπερ</span> <span class='ocrx_word' id='word_1_891' title='bbox 2648 4266 2831 4338; x_wconf 76' lang='grc' dir='ltr'>ἰατρὸς</span> <span class='ocrx_word' id='word_1_892' title='bbox 2868 4266 3111 4338; x_wconf 86' lang='grc' dir='ltr'>ἀριστος,</span> <span class='ocrx_word' id='word_1_893' title='bbox 3147 4269 3367 4324; x_wconf 77' lang='grc' dir='ltr'>ἐπειδάν</span> <span class='ocrx_word' id='word_1_894' title='bbox 3404 4271 3669 4345; x_wconf 86' lang='grc' dir='ltr'>θεάσηται</span> 
     </span>
    </p>
   </div>
   <div class='ocr_carea' id='block_1_111' title="bbox 1991 4354 3673 4427">
    <p class='ocr_par' dir='ltr' id='par_1_111' title="bbox 1991 4354 3673 4427">
     <span class='ocr_line' id='line_1_111' title="bbox 1991 4354 3673 4427; baseline 0.006 -19"><span class='ocrx_word' id='word_1_895' title='bbox 1991 4354 2099 4409; x_wconf 83' lang='grc' dir='ltr'>ἀπὸ</span> <span class='ocrx_word' id='word_1_896' title='bbox 2137 4354 2336 4426; x_wconf 89' lang='grc' dir='ltr'>πολλῆς</span> <span class='ocrx_word' id='word_1_897' title='bbox 2373 4354 2708 4427; x_wconf 87' lang='grc' dir='ltr'>λαιμαργίας</span> <span class='ocrx_word' id='word_1_898' title='bbox 2740 4355 2821 4418; x_wconf 90' lang='grc' dir='ltr'>εἰς</span> <span class='ocrx_word' id='word_1_899' title='bbox 2862 4355 3233 4427; x_wconf 86' lang='grc' dir='ltr'>πολυσαρκίαν</span> <span class='ocrx_word' id='word_1_900' title='bbox 3278 4358 3540 4424; x_wconf 80' lang='grc' dir='ltr'>ἐξιόντας,</span> <span class='ocrx_word' id='word_1_901' title='bbox 3580 4362 3673 4418; x_wconf 85' lang='grc' dir='ltr'>διά</span> 
     </span>
    </p>
   </div>
   <div class='ocr_carea' id='block_1_112' title="bbox 1987 4442 3670 4519">
    <p class='ocr_par' dir='ltr' id='par_1_112' title="bbox 1987 4442 3670 4519">
     <span class='ocr_line' id='line_1_112' title="bbox 1987 4442 3670 4519; baseline 0.005 -23"><span class='ocrx_word' id='word_1_902' title='bbox 1987 4442 2091 4514; x_wconf 85' lang='grc' dir='ltr'>τῆς</span> <span class='ocrx_word' id='word_1_903' title='bbox 2117 4442 2443 4513; x_wconf 84' lang='grc' dir='ltr'>ἐγκρατείας</span> <span class='ocrx_word' id='word_1_904' title='bbox 2491 4442 2628 4513; x_wconf 83' lang='grc' dir='ltr'>πρὸς</span> <span class='ocrx_word' id='word_1_905' title='bbox 2669 4442 2872 4510; x_wconf 80' lang='grc' dir='ltr'>ὑγίειαν</span> <span class='ocrx_word' id='word_1_906' title='bbox 2921 4444 3208 4512; x_wconf 80' lang='grc' dir='ltr'>ἐπανάγειο</span> <span class='ocrx_word' id='word_1_907' title='bbox 3240 4444 3383 4500; x_wconf 78' lang='grc' dir='ltr'>οὕτω</span> <span class='ocrx_word' id='word_1_908' title='bbox 3407 4446 3471 4519; x_wconf 85' lang='grc' dir='ltr'>δὴ</span> <span class='ocrx_word' id='word_1_909' title='bbox 3506 4449 3600 4503; x_wconf 78' lang='grc' dir='ltr'>καὶ</span> <span class='ocrx_word' id='word_1_910' title='bbox 3639 4453 3670 4504; x_wconf 89' lang='lat'>6</span> 
     </span>
    </p>
   </div>
   <div class='ocr_carea' id='block_1_113' title="bbox 1989 4529 3668 4610">
    <p class='ocr_par' dir='ltr' id='par_1_113' title="bbox 1989 4529 3668 4610">
     <span class='ocr_line' id='line_1_113' title="bbox 1989 4529 3668 4610; baseline 0.005 -27"><span class='ocrx_word' id='word_1_911' title='bbox 1989 4529 2289 4602; x_wconf 86' lang='grc' dir='ltr'>θαυμάσιος</span> <span class='ocrx_word' id='word_1_912' title='bbox 2321 4529 2427 4584; x_wconf 88' lang='grc' dir='ltr'>τῶν</span> <span class='ocrx_word' id='word_1_913' title='bbox 2450 4531 2738 4603; x_wconf 80' lang='grc' dir='ltr'>ἡμετέρων</span> <span class='ocrx_word' id='word_1_914' title='bbox 2773 4531 2961 4602; x_wconf 81' lang='grc' dir='ltr'>ψυχῶν</span> <span class='ocrx_word' id='word_1_915' title='bbox 3008 4532 3193 4605; x_wconf 78' lang='grc' dir='ltr'>ἰατρὸς</span> <span class='ocrx_word' id='word_1_916' title='bbox 3231 4533 3426 4605; x_wconf 80' lang='grc' dir='ltr'>ἀφίησι</span> <span class='ocrx_word' id='word_1_917' title='bbox 3470 4537 3668 4610; x_wconf 79' lang='grc' dir='ltr'>μικρὸν</span> 
     </span>
    </p>
   </div>
   <div class='ocr_carea' id='block_1_114' title="bbox 1986 4619 3667 4694">
    <p class='ocr_par' dir='ltr' id='par_1_114' title="bbox 1986 4619 3667 4694">
     <span class='ocr_line' id='line_1_114' title="bbox 1986 4619 3667 4694; baseline 0.005 -19"><span class='ocrx_word' id='word_1_918' title='bbox 1986 4620 2073 4675; x_wconf 87' lang='grc' dir='ltr'>διὰ</span> <span class='ocrx_word' id='word_1_919' title='bbox 2112 4621 2212 4692; x_wconf 88' lang='grc' dir='ltr'>τῆς</span> <span class='ocrx_word' id='word_1_920' title='bbox 2252 4619 2361 4674; x_wconf 90' lang='grc' dir='ltr'>τῶν</span> <span class='ocrx_word' id='word_1_921' title='bbox 2392 4620 2715 4694; x_wconf 84' lang='grc' dir='ltr'>πειρασμῶν</span> <span class='ocrx_word' id='word_1_922' title='bbox 2757 4621 3057 4694; x_wconf 79' lang='grc' dir='ltr'>ἐπαγωγῆς</span> <span class='ocrx_word' id='word_1_923' title='bbox 3099 4625 3179 4688; x_wconf 89' lang='grc' dir='ltr'>εἰς</span> <span class='ocrx_word' id='word_1_924' title='bbox 3204 4624 3456 4692; x_wconf 77' lang='grc' dir='ltr'>αἴσθησιν</span> <span class='ocrx_word' id='word_1_925' title='bbox 3490 4627 3667 4684; x_wconf 84' lang='grc' dir='ltr'>ἐλθεῖν</span> 
     </span>
    </p>
   </div>
   <div class='ocr_carea' id='block_1_115' title="bbox 1985 4707 3665 4781">
    <p class='ocr_par' dir='ltr' id='par_1_115' title="bbox 1985 4707 3665 4781">
     <span class='ocr_line' id='line_1_115' title="bbox 1985 4707 3665 4781; baseline 0.004 -20"><span class='ocrx_word' id='word_1_926' title='bbox 1985 4707 2085 4778; x_wconf 85' lang='grc' dir='ltr'>τῆς</span> <span class='ocrx_word' id='word_1_927' title='bbox 2115 4707 2339 4779; x_wconf 84' lang='grc' dir='ltr'>βλάϐης,</span> <span class='ocrx_word' id='word_1_928' title='bbox 2365 4709 2432 4780; x_wconf 76' lang='grc' dir='ltr'>ἢν</span> <span class='ocrx_word' id='word_1_929' title='bbox 2457 4710 2520 4763; x_wconf 88' lang='grc' dir='ltr'>ἐκ</span> <span class='ocrx_word' id='word_1_930' title='bbox 2548 4709 2647 4780; x_wconf 87' lang='grc' dir='ltr'>τῆς</span> <span class='ocrx_word' id='word_1_931' title='bbox 2671 4709 2969 4780; x_wconf 81' lang='grc' dir='ltr'>εὐημερίας</span> <span class='ocrx_word' id='word_1_932' title='bbox 2988 4709 3383 4781; x_wconf 83' lang='grc' dir='ltr'>ὑπεμείναμεν,</span> <span class='ocrx_word' id='word_1_933' title='bbox 3414 4712 3509 4767; x_wconf 77' lang='grc' dir='ltr'>καὶ</span> <span class='ocrx_word' id='word_1_934' title='bbox 3534 4715 3665 4768; x_wconf 82' lang='grc' dir='ltr'>ὅταν</span> 
     </span>
    </p>
   </div>
   <div class='ocr_carea' id='block_1_116' title="bbox 1986 4794 3665 4867">
    <p class='ocr_par' dir='ltr' id='par_1_116' title="bbox 1986 4794 3665 4867">
     <span class='ocr_line' id='line_1_116' title="bbox 1986 4794 3665 4867; baseline 0.003 -16"><span class='ocrx_word' id='word_1_935' title='bbox 1986 4796 2069 4867; x_wconf 81' lang='grc' dir='ltr'>ίδῃ</span> <span class='ocrx_word' id='word_1_936' title='bbox 2095 4796 2276 4858; x_wconf 88' lang='grc' dir='ltr'>καλῶς</span> <span class='ocrx_word' id='word_1_937' title='bbox 2298 4796 2368 4849; x_wconf 87' lang='grc' dir='ltr'>τά</span> <span class='ocrx_word' id='word_1_938' title='bbox 2395 4796 2495 4867; x_wconf 86' lang='grc' dir='ltr'>τῆς</span> <span class='ocrx_word' id='word_1_939' title='bbox 2525 4796 2738 4864; x_wconf 82' lang='grc' dir='ltr'>ὑγιείας</span> <span class='ocrx_word' id='word_1_940' title='bbox 2764 4794 3195 4865; x_wconf 84' lang='grc' dir='ltr'>κατορθωθέντα,</span> <span class='ocrx_word' id='word_1_941' title='bbox 3217 4797 3339 4851; x_wconf 86' lang='grc' dir='ltr'>τότε</span> <span class='ocrx_word' id='word_1_942' title='bbox 3361 4797 3547 4855; x_wconf 79' lang='grc' dir='ltr'>λοιπὸν</span> <span class='ocrx_word' id='word_1_943' title='bbox 3576 4801 3665 4857; x_wconf 77' lang='grc' dir='ltr'>διά</span> 
     </span>
    </p>
   </div>
   <div class='ocr_carea' id='block_1_117' title="bbox 1981 4881 3664 4961">
    <p class='ocr_par' dir='ltr' id='par_1_117' title="bbox 1981 4881 3664 4961">
     <span class='ocr_line' id='line_1_117' title="bbox 1981 4881 3664 4961; baseline 0.004 -25"><span class='ocrx_word' id='word_1_944' title='bbox 1981 4883 2083 4954; x_wconf 81' lang='grc' dir='ltr'>τῆς</span> <span class='ocrx_word' id='word_1_945' title='bbox 2102 4884 2307 4946; x_wconf 86' lang='grc' dir='ltr'>οἰκείας</span> <span class='ocrx_word' id='word_1_946' title='bbox 2326 4883 2661 4954; x_wconf 71' lang='grc' dir='ltr'>ἀντιλήψεως</span> <span class='ocrx_word' id='word_1_947' title='bbox 2682 4882 2777 4936; x_wconf 81' lang='grc' dir='ltr'>καὶ</span> <span class='ocrx_word' id='word_1_948' title='bbox 2796 4881 2906 4936; x_wconf 88' lang='grc' dir='ltr'>τῶν</span> <span class='ocrx_word' id='word_1_949' title='bbox 2922 4883 3245 4954; x_wconf 89' lang='grc' dir='ltr'>πειρασμῶν</span> <span class='ocrx_word' id='word_1_950' title='bbox 3266 4886 3550 4956; x_wconf 78' lang='grc' dir='ltr'>χαρίζεται</span> <span class='ocrx_word' id='word_1_951' title='bbox 3563 4890 3664 4961; x_wconf 80' lang='grc' dir='ltr'>τὴν</span> 
     </span>
    </p>
   </div>
   <div class='ocr_carea' id='block_1_118' title="bbox 1983 4969 3662 5042">
    <p class='ocr_par' dir='ltr' id='par_1_118' title="bbox 1983 4969 3662 5042">
     <span class='ocr_line' id='line_1_118' title="bbox 1983 4969 3662 5042; baseline 0.002 -16"><span class='ocrx_word' id='word_1_952' title='bbox 1983 4971 2321 5042; x_wconf 86' lang='grc' dir='ltr'>ἀπαλλαγὴν,</span> <span class='ocrx_word' id='word_1_953' title='bbox 2362 4971 2455 5025; x_wconf 79' lang='grc' dir='ltr'>καὶ</span> <span class='ocrx_word' id='word_1_954' title='bbox 2483 4971 2582 5042; x_wconf 85' lang='grc' dir='ltr'>τὴν</span> <span class='ocrx_word' id='word_1_955' title='bbox 2613 4970 2741 5041; x_wconf 82' lang='grc' dir='ltr'>παρ’</span> <span class='ocrx_word' id='word_1_956' title='bbox 2776 4969 2970 5024; x_wconf 84' lang='grc' dir='ltr'>ἐαυτοῦ</span> <span class='ocrx_word' id='word_1_957' title='bbox 3001 4969 3257 5040; x_wconf 85' lang='grc' dir='ltr'>πρόνοιαν</span> <span class='ocrx_word' id='word_1_958' title='bbox 3294 4973 3662 5030; x_wconf 84' lang='grc' dir='ltr'>ἐπιδείκνυται</span> 
     </span>
    </p>
   </div>
   <div class='ocr_carea' id='block_1_119' title="bbox 1986 5052 3663 5135">
    <p class='ocr_par' dir='ltr' id='par_1_119' title="bbox 1986 5052 3663 5135">
     <span class='ocr_line' id='line_1_119' title="bbox 1986 5052 3663 5135; baseline 0.001 -21"><span class='ocrx_word' id='word_1_959' title='bbox 1986 5061 2127 5132; x_wconf 88' lang='grc' dir='ltr'>μετά</span> <span class='ocrx_word' id='word_1_960' title='bbox 2150 5061 2354 5131; x_wconf 80' lang='grc' dir='ltr'>πολλῆς</span> <span class='ocrx_word' id='word_1_961' title='bbox 2383 5060 2485 5130; x_wconf 90' lang='grc' dir='ltr'>τῆς</span> <span class='ocrx_word' id='word_1_962' title='bbox 2503 5057 2803 5129; x_wconf 74' lang='grc' dir='ltr'>δαψιλείας.</span> <span class='ocrx_word' id='word_1_963' title='bbox 2830 5056 2956 5135; x_wconf 74' lang='grc' dir='ltr'>Εἴτε</span> <span class='ocrx_word' id='word_1_964' title='bbox 2985 5052 3081 5112; x_wconf 81' lang='grc' dir='ltr'>οὖν</span> <span class='ocrx_word' id='word_1_965' title='bbox 3107 5058 3167 5112; x_wconf 84' lang='grc' dir='ltr'>ἐν</span> <span class='ocrx_word' id='word_1_966' title='bbox 3193 5059 3366 5132; x_wconf 75' lang='grc' dir='ltr'>ἀρετῇ</span> <span class='ocrx_word' id='word_1_967' title='bbox 3398 5060 3551 5126; x_wconf 74' lang='grc' dir='ltr'>ὄντες</span> <span class='ocrx_word' id='word_1_968' title='bbox 3580 5079 3663 5116; x_wconf 85' lang='grc' dir='ltr'>τι·</span> 
     </span>
    </p>
   </div>
   <div class='ocr_carea' id='block_1_120' title="bbox 1981 5143 3661 5221">
    <p class='ocr_par' dir='ltr' id='par_1_120' title="bbox 1981 5143 3661 5221">
     <span class='ocr_line' id='line_1_120' title="bbox 1981 5143 3661 5221; baseline -0.001 -17"><span class='ocrx_word' id='word_1_969' title='bbox 1981 5151 2072 5214; x_wconf 85' lang='grc' dir='ltr'>νὲς</span> <span class='ocrx_word' id='word_1_970' title='bbox 2114 5149 2440 5221; x_wconf 86' lang='grc' dir='ltr'>πειρασμοῖς</span> <span class='ocrx_word' id='word_1_971' title='bbox 2473 5144 2846 5216; x_wconf 81' lang='grc' dir='ltr'>περιπέσοιεν,</span> <span class='ocrx_word' id='word_1_972' title='bbox 2895 5143 2970 5217; x_wconf 87' lang='grc' dir='ltr'>μὴ</span> <span class='ocrx_word' id='word_1_973' title='bbox 3022 5145 3484 5218; x_wconf 84' lang='grc' dir='ltr'>θορυϐείσθωσαν,</span> <span class='ocrx_word' id='word_1_974' title='bbox 3523 5149 3661 5215; x_wconf 82' lang='grc' dir='ltr'>ἀλλά</span> 
     </span>
    </p>
   </div>
   <div class='ocr_carea' id='block_1_121' title="bbox 1978 5232 3655 5311">
    <p class='ocr_par' dir='ltr' id='par_1_121' title="bbox 1978 5232 3655 5311">
     <span class='ocr_line' id='line_1_121' title="bbox 1978 5232 3655 5311; baseline 0 -19"><span class='ocrx_word' id='word_1_975' title='bbox 1978 5238 2151 5311; x_wconf 84' lang='grc' dir='ltr'>ταύτῃ</span> <span class='ocrx_word' id='word_1_976' title='bbox 2187 5236 2386 5309; x_wconf 76' lang='grc' dir='ltr'>μᾶλλον</span> <span class='ocrx_word' id='word_1_977' title='bbox 2410 5236 2533 5299; x_wconf 86' lang='grc' dir='ltr'>ταῖς</span> <span class='ocrx_word' id='word_1_978' title='bbox 2559 5235 2823 5305; x_wconf 87' lang='grc' dir='ltr'>χρησταῖς</span> <span class='ocrx_word' id='word_1_979' title='bbox 2860 5232 3040 5287; x_wconf 88' lang='grc' dir='ltr'>ἐλπίσι</span> <span class='ocrx_word' id='word_1_980' title='bbox 3072 5233 3487 5304; x_wconf 60' lang='grc' dir='ltr'>τρεφὼθωσαν,</span> <span class='ocrx_word' id='word_1_981' title='bbox 3512 5237 3596 5291; x_wconf 82' lang='grc' dir='ltr'>ὅτι</span> <span class='ocrx_word' id='word_1_982' title='bbox 3622 5239 3655 5309; x_wconf 82' lang='grc' dir='ltr'><strong>ἡ</strong></span> 
     </span>
    </p>
   </div>
   <div class='ocr_carea' id='block_1_122' title="bbox 1977 5319 3659 5398">
    <p class='ocr_par' dir='ltr' id='par_1_122' title="bbox 1977 5319 3659 5398">
     <span class='ocr_line' id='line_1_122' title="bbox 1977 5319 3659 5398; baseline -0.002 -17"><span class='ocrx_word' id='word_1_983' title='bbox 1977 5327 2086 5381; x_wconf 87' lang='grc' dir='ltr'>τῶν</span> <span class='ocrx_word' id='word_1_984' title='bbox 2118 5322 2444 5398; x_wconf 81' lang='grc' dir='ltr'>πειρασμῶν</span> <span class='ocrx_word' id='word_1_985' title='bbox 2474 5322 2739 5392; x_wconf 79' lang='grc' dir='ltr'>ἐπαγωγὴ</span> <span class='ocrx_word' id='word_1_986' title='bbox 2776 5319 3058 5390; x_wconf 84' lang='grc' dir='ltr'>στεφάνων</span> <span class='ocrx_word' id='word_1_987' title='bbox 3083 5320 3341 5385; x_wconf 80' lang='grc' dir='ltr'>ὑπόθεσις</span> <span class='ocrx_word' id='word_1_988' title='bbox 3364 5322 3551 5387; x_wconf 88' lang='grc' dir='ltr'>αὐτοῖς</span> <span class='ocrx_word' id='word_1_989' title='bbox 3573 5324 3659 5392; x_wconf 89' lang='grc' dir='ltr'>γί-</span> 
     </span>
    </p>
   </div>
   <div class='ocr_carea' id='block_1_123' title="bbox 1977 5409 3664 5490">
    <p class='ocr_par' dir='ltr' id='par_1_123' title="bbox 1977 5409 3664 5490">
     <span class='ocr_line' id='line_1_123' title="bbox 1977 5409 3664 5490; baseline -0.001 -23"><span class='ocrx_word' id='word_1_990' title='bbox 1977 5431 2128 5469; x_wconf 90' lang='grc' dir='ltr'>νεται</span> <span class='ocrx_word' id='word_1_991' title='bbox 2159 5414 2253 5468; x_wconf 75' lang='grc' dir='ltr'>καὶ</span> <span class='ocrx_word' id='word_1_992' title='bbox 2285 5411 2573 5490; x_wconf 82' lang='grc' dir='ltr'>βραϐείων⁹</span> <span class='ocrx_word' id='word_1_993' title='bbox 2614 5410 2724 5464; x_wconf 78' lang='grc' dir='ltr'>είτε</span> <span class='ocrx_word' id='word_1_994' title='bbox 2746 5410 2807 5463; x_wconf 78' lang='grc' dir='ltr'>ἐν</span> <span class='ocrx_word' id='word_1_995' title='bbox 2840 5409 3203 5481; x_wconf 79' lang='grc' dir='ltr'>ἁμαρτήμασι</span> <span class='ocrx_word' id='word_1_996' title='bbox 3234 5411 3520 5478; x_wconf 84' lang='grc' dir='ltr'>γεγονότες</span> <span class='ocrx_word' id='word_1_997' title='bbox 3544 5415 3664 5476; x_wconf 83' lang='grc' dir='ltr'>τοῖς</span> 
     </span>
    </p>
   </div>
   <div class='ocr_carea' id='block_1_124' title="bbox 1975 5498 3662 5576">
    <p class='ocr_par' dir='ltr' id='par_1_124' title="bbox 1975 5498 3662 5576">
     <span class='ocr_line' id='line_1_124' title="bbox 1975 5498 3662 5576; baseline -0.002 -17"><span class='ocrx_word' id='word_1_998' title='bbox 1975 5505 2241 5576; x_wconf 81' lang='grc' dir='ltr'>λυπηροῖς</span> <span class='ocrx_word' id='word_1_999' title='bbox 2266 5501 2598 5570; x_wconf 76' lang='grc' dir='ltr'>ἐνοφίενται,</span> <span class='ocrx_word' id='word_1_1000' title='bbox 2623 5500 2760 5573; x_wconf 79' lang='grc' dir='ltr'>μηδὲ</span> <span class='ocrx_word' id='word_1_1001' title='bbox 2790 5499 2934 5554; x_wconf 80' lang='grc' dir='ltr'>οὕτω</span> <span class='ocrx_word' id='word_1_1002' title='bbox 2956 5498 3546 5569; x_wconf 86' lang='grc' dir='ltr'>δυσανασχετείτωσαν,</span> <span class='ocrx_word' id='word_1_1003' title='bbox 3577 5503 3662 5555; x_wconf 66' lang='grc' dir='ltr'>εἰσι</span> 
     </span>
    </p>
   </div>
   <div class='ocr_carea' id='block_1_125' title="bbox 1975 5584 3661 5661">
    <p class='ocr_par' dir='ltr' id='par_1_125' title="bbox 1975 5584 3661 5661">
     <span class='ocr_line' id='line_1_125' title="bbox 1975 5584 3661 5661; baseline -0.004 -16"><span class='ocrx_word' id='word_1_1004' title='bbox 1975 5590 2122 5655; x_wconf 86' lang='grc' dir='ltr'>δότες</span> <span class='ocrx_word' id='word_1_1005' title='bbox 2145 5592 2226 5645; x_wconf 81' lang='grc' dir='ltr'>ὅτι</span> <span class='ocrx_word' id='word_1_1006' title='bbox 2251 5589 2549 5661; x_wconf 88' lang='grc' dir='ltr'>καθάρσιον</span> <span class='ocrx_word' id='word_1_1007' title='bbox 2574 5587 2684 5641; x_wconf 87' lang='grc' dir='ltr'>τῶν</span> <span class='ocrx_word' id='word_1_1008' title='bbox 2710 5586 3138 5659; x_wconf 81' lang='grc' dir='ltr'>ἁμαρτηθέντων</span> <span class='ocrx_word' id='word_1_1009' title='bbox 3167 5588 3227 5639; x_wconf 89' lang='grc' dir='ltr'>ἐν</span> <span class='ocrx_word' id='word_1_1010' title='bbox 3247 5587 3409 5639; x_wconf 79' lang='grc' dir='ltr'>παντί⁵</span> <span class='ocrx_word' id='word_1_1011' title='bbox 3429 5584 3506 5657; x_wconf 83' lang='grc' dir='ltr'>τῷ</span> <span class='ocrx_word' id='word_1_1012' title='bbox 3530 5586 3661 5657; x_wconf 83' lang='grc' dir='ltr'>χρό-</span> 
     </span>
    </p>
   </div>
   <div class='ocr_carea' id='block_1_126' title="bbox 1975 5673 3656 5750">
    <p class='ocr_par' dir='ltr' id='par_1_126' title="bbox 1975 5673 3656 5750">
     <span class='ocr_line' id='line_1_126' title="bbox 1975 5673 3656 5750; baseline -0.004 -17"><span class='ocrx_word' id='word_1_1013' title='bbox 1975 5696 2052 5750; x_wconf 85' lang='grc' dir='ltr'>νῳ</span> <span class='ocrx_word' id='word_1_1014' title='bbox 2078 5680 2368 5750; x_wconf 83' lang='grc' dir='ltr'>γενήσεται</span> <span class='ocrx_word' id='word_1_1015' title='bbox 2405 5679 2440 5749; x_wconf 84' lang='grc' dir='ltr'>ὴ</span> <span class='ocrx_word' id='word_1_1016' title='bbox 2473 5675 2680 5730; x_wconf 90' lang='grc' dir='ltr'>τούτων</span> <span class='ocrx_word' id='word_1_1017' title='bbox 2717 5675 3003 5746; x_wconf 85' lang='grc' dir='ltr'>ἐπαγωγὴ,</span> <span class='ocrx_word' id='word_1_1018' title='bbox 3037 5673 3256 5728; x_wconf 84' lang='grc' dir='ltr'>ἐπειδὰν</span> <span class='ocrx_word' id='word_1_1019' title='bbox 3286 5676 3405 5744; x_wconf 78' lang='grc' dir='ltr'>μετ’</span> <span class='ocrx_word' id='word_1_1020' title='bbox 3434 5675 3656 5745; x_wconf 85' lang='grc' dir='ltr'>εὐχαρι-</span> 
     </span>
    </p>
   </div>
   <div class='ocr_carea' id='block_1_127' title="bbox 1977 5758 3656 5835">
    <p class='ocr_par' dir='ltr' id='par_1_127' title="bbox 1977 5758 3656 5835">
     <span class='ocr_line' id='line_1_127' title="bbox 1977 5758 3656 5835; baseline -0.006 -13"><span class='ocrx_word' id='word_1_1021' title='bbox 1977 5768 2129 5831; x_wconf 88' lang='grc' dir='ltr'>στίας</span> <span class='ocrx_word' id='word_1_1022' title='bbox 2157 5766 2334 5822; x_wconf 85' lang='grc' dir='ltr'>πάντα</span> <span class='ocrx_word' id='word_1_1023' title='bbox 2365 5765 2436 5819; x_wconf 79' lang='grc' dir='ltr'>τὰ</span> <span class='ocrx_word' id='word_1_1024' title='bbox 2460 5763 2684 5819; x_wconf 86' lang='grc' dir='ltr'>ἐπιόντα</span> <span class='ocrx_word' id='word_1_1025' title='bbox 2705 5761 3009 5835; x_wconf 85' lang='grc' dir='ltr'>δεχώμεθα.</span> <span class='ocrx_word' id='word_1_1026' title='bbox 3043 5760 3217 5816; x_wconf 86' lang='grc' dir='ltr'>Τοῦτο</span> <span class='ocrx_word' id='word_1_1027' title='bbox 3238 5762 3347 5833; x_wconf 83' lang='grc' dir='ltr'>γάρ</span> <span class='ocrx_word' id='word_1_1028' title='bbox 3377 5758 3656 5831; x_wconf 84' lang='grc' dir='ltr'>εὐγνώμο-</span> 
     </span>
    </p>
   </div>
   <div class='ocr_carea' id='block_1_128' title="bbox 1973 5845 3652 5925">
    <p class='ocr_par' dir='ltr' id='par_1_128' title="bbox 1973 5845 3652 5925">
     <span class='ocr_line' id='line_1_128' title="bbox 1973 5845 3652 5925; baseline -0.008 -14"><span class='ocrx_word' id='word_1_1029' title='bbox 1973 5874 2064 5921; x_wconf 92' lang='grc' dir='ltr'>νος</span> <span class='ocrx_word' id='word_1_1030' title='bbox 2085 5856 2317 5917; x_wconf 80' lang='grc' dir='ltr'>οἰκέτου,</span> <span class='ocrx_word' id='word_1_1031' title='bbox 2347 5854 2408 5908; x_wconf 81' lang='grc' dir='ltr'>τὸ</span> <span class='ocrx_word' id='word_1_1032' title='bbox 2441 5854 2517 5925; x_wconf 89' lang='grc' dir='ltr'>μὴ</span> <span class='ocrx_word' id='word_1_1033' title='bbox 2553 5852 2731 5925; x_wconf 87' lang='grc' dir='ltr'>μόνον,</span> <span class='ocrx_word' id='word_1_1034' title='bbox 2774 5851 2942 5922; x_wconf 79' lang='grc' dir='ltr'>ἡνίκα</span> <span class='ocrx_word' id='word_1_1035' title='bbox 2964 5848 3151 5914; x_wconf 86' lang='grc' dir='ltr'>ἀδείας</span> <span class='ocrx_word' id='word_1_1036' title='bbox 3185 5846 3453 5919; x_wconf 76' lang='grc' dir='ltr'>ἀπολαύῃ,</span> <span class='ocrx_word' id='word_1_1037' title='bbox 3486 5845 3652 5915; x_wconf 85' lang='grc' dir='ltr'>εὐχα-</span> 
     </span>
    </p>
   </div>
   <div class='ocr_carea' id='block_1_129' title="bbox 2038 5979 3650 6057">
    <p class='ocr_par' dir='ltr' id='par_1_129' title="bbox 2038 5979 3650 6057">
     <span class='ocr_line' id='line_1_129' title="bbox 2038 5979 3650 6057; baseline -0.013 -7"><span class='ocrx_word' id='word_1_1038' title='bbox 2038 5999 2067 6040; x_wconf 66' lang='grc' dir='ltr'>Ιι</span> <span class='ocrx_word' id='word_1_1039' title='bbox 2098 5999 2396 6057; x_wconf 77' lang='grc' dir='ltr'>Ἐλέγχηται.</span> <span class='ocrx_word' id='word_1_1040' title='bbox 2410 5996 2469 6047; x_wconf 86' lang='lat' dir='ltr'><strong>ad</strong></span> <span class='ocrx_word' id='word_1_1041' title='bbox 2492 5997 2724 6049; x_wconf 70' lang='lat' dir='ltr'>litteram,</span> <span class='ocrx_word' id='word_1_1042' title='bbox 2738 5991 3081 6057; x_wconf 60' lang='lat' dir='ltr'>redargyamr,</span> <span class='ocrx_word' id='word_1_1043' title='bbox 3091 5985 3356 6057; x_wconf 72' lang='lat' dir='ltr'><strong>aliquandq</strong></span> <span class='ocrx_word' id='word_1_1044' title='bbox 3365 5985 3530 6057; x_wconf 59' lang='grc' dir='ltr'>ειρίιιιι,</span> <span class='ocrx_word' id='word_1_1045' title='bbox 3545 5979 3650 6057; x_wconf 67' lang='grc' dir='ltr'>οἰκ-</span> 
     </span>
    </p>
   </div>
   <div class='ocr_carea' id='block_1_130' title="bbox 1972 6045 3649 6125">
    <p class='ocr_par' dir='ltr' id='par_1_130' title="bbox 1972 6045 3649 6125">
     <span class='ocr_line' id='line_1_130' title="bbox 1972 6045 3649 6125; baseline -0.012 -15"><span class='ocrx_word' id='word_1_1046' title='bbox 1972 6045 2577 6125; x_wconf 54' lang='grc' dir='ltr'>ςαζιινῖνεΓοῇρινίιιιαιιιν,</span> <span class='ocrx_word' id='word_1_1047' title='bbox 2605 6045 3209 6119; x_wconf 67' lang='grc' dir='ltr'>ηυοέειιειι”ῑι·σιιιιεηιόι·</span> <span class='ocrx_word' id='word_1_1048' title='bbox 3229 6047 3357 6110; x_wconf 81' lang='lat' dir='ltr'>apud</span> <span class='ocrx_word' id='word_1_1049' title='bbox 3393 6045 3649 6105; x_wconf 69' lang='lat' dir='ltr'>Chrysost.</span> 
     </span>
    </p>
   </div>
   <div class='ocr_carea' id='block_1_131' title="bbox 1976 6122 2202 6181">
    <p class='ocr_par' dir='ltr' id='par_1_131' title="bbox 1976 6122 2202 6181">
     <span class='ocr_line' id='line_1_131' title="bbox 1976 6122 2202 6181; baseline -0.022 -6"><span class='ocrx_word' id='word_1_1050' title='bbox 1976 6122 2202 6181; x_wconf 76' lang='lat' dir='ltr'>habetur.</span> 
     </span>
    </p>
   </div>
  </div>
