2030 3211
242 281 342 317 ριστιῖν
361 280 399 315 τῷ
412 279 541 314 δεσπότῃ,
557 277 624 305 ἀλλά
642 277 690 304 καὶ
713 278 742 305 ἐν
758 279 815 309 τοῖς
836 276 968 309 ἐναντίοις
988 276 1036 311 τὴν

241 323 327 358 αὐτὴν
340 320 551 357 εὐγνωμοσύνην
562 319 777 347 ἐπιδείκνυσθαι.
792 318 870 345 οὕτω
886 318 941 353 γάρ
957 317 1005 344 καὶ
1021 317 1036 343 ὁ

241 364 415 400 πατριάρχης
427 359 505 394 οὗτος
515 361 690 397 εὐδοκίμησε,
707 360 754 387 καὶ
764 360 899 395 τοσαύτης
912 360 988 396 παρὰ
998 359 1038 394 τῷ

239 406 301 442 Θεῷ
316 405 405 441 τυχὼν
419 404 587 440 παρρησίας,
610 404 658 430 καὶ⁸
669 402 777 438 δωρεὰς
796 402 903 438 ἐδέχετο
918 401 1037 434 νικώσας

240 448 290 482 τὴν
306 447 388 481 φύσιν
400 447 450 482 τὴν
464 444 650 481 ἀνθρωπίνην.

268 489 290 516 δ’
295 508 302 515 .
312 489 473 523 Ἀναγκαῖον
480 487 509 513 δὲ
516 486 597 513 πάλιν
604 486 650 513 ἐπὶ
657 485 707 522 τὴν
715 485 875 513 ἀκολουθίαν
880 484 1037 512 ἐπανελθεῖν

239 530 289 557 τοῦ
299 530 390 565 λόγου,
399 530 447 556 καὶ
458 529 522 556 ίδεῖν
529 528 577 555 τοῦ
587 528 692 555 δικαίου
701 527 751 563 τὴν
761 526 896 563 ὑπακοὴν,
907 527 954 554 καὶ
963 527 1038 559 ὅπως

240 573 282 604 είς
295 572 376 608 ἔργον
390 572 479 607 ἤγαγε
494 570 528 597 τά
543 570 620 606 παρὰ
638 570 685 596 τοῦ
697 569 766 597 Θεοῦ
782 569 993 604 ἐπιταττόμενα,
1006 568 1038 596 ού

241 612 332 649 ζητῶν
345 613 392 639 τὸν
404 612 492 646 λόγον,
509 611 569 638 οὺδέ
586 611 702 643 εὐθύνας
720 611 855 643 ἀπαιτῶν,
869 610 996 646 καθάπερ
1012 609 1037 636 οἱ

241 655 335 682 πολλοὶ
343 655 397 682 τῶν
408 655 530 689 ἀνοήτων
540 653 646 681 ποιοῦσι
658 653 903 690 περιεργαζόμενοι
917 653 951 680 τὰ
963 653 1038 688 παρά

241 696 289 723 τοῦ
300 696 367 723 Θεοῦ
382 696 522 731 γινόμενα,
538 696 586 722 καὶ
598 696 725 730 λέγοντες
734 705 741 712 ⁸
754 696 801 728 Εἰς
814 696 840 722 τί
853 695 949 728 τοῦτο;
965 696 1005 727 είς
1012 695 1038 722 τί

241 739 344 771 ἐκεῖνο;
359 739 407 766 καὶ
420 738 446 765 τί
459 738 490 765 τὸ
505 737 602 773 διρελος
616 737 671 765 ἀπὸ
682 738 729 765 τοῦ
743 738 802 764 τόδε
815 737 953 772 γενέσθαι,
962 737 979 772 ἢ
994 737 1039 764 τό-

239 779 284 812 Bs;
304 780 375 807 ’Δλλ’
390 780 440 815 οὐχ
451 779 465 805 6
479 779 583 811 δίκαιος
596 778 693 811 οὕτως·
710 779 780 806 ἀλλά
795 778 920 814 καθάπερ
929 778 1038 813 οἰκέτης

241 821 443 856 φιλοδέσποτος,
455 820 544 852 οὕτως
558 820 631 855 άπερ
642 821 674 847 ἂν
689 820 822 856 ἐπετάγη,
833 821 874 852 είς
884 820 964 856 ἔργον
974 820 1039 855 ἀγα-

241 865 301 899 γεῖν
314 863 441 895 ἔσπευδε,
459 863 496 899 μὴ
512 862 772 898 περιεργαζόμενος.
798 863 854 889 Καὶ
872 863 916 890 ῖνα
938 863 1037 898 μάθῃς,

243 905 327 932 ἄκουε
337 905 392 932 τῶν
405 905 478 940 ἐξῆς.
498 903 609 939 Ἐπειδὴ
618 904 672 940 γὰρ
686 903 735 939 τὴν
750 904 897 938 ὑπόσχεσιν
909 904 1039 939 ἐποιήσα-

241 955 273 973 το
285 947 354 982 πρὸς
365 947 446 974 αὐτὸν
455 947 470 973 6
482 945 633 981 Δεσπότης.
644 946 692 972 καὶ
706 946 813 972 ἐτέλεσε
825 945 875 980 τὴν
887 945 961 981 [409]
971 945 1039 982 πρὸς

240 989 324 1016 αὐτὸν
348 988 477 1022 διάλεξιν,
501 988 603 1020 εὐθέως
630 988 645 1014 ό
671 987 775 1019 δίκαιος
796 987 831 1014 τὰ
858 987 1039 1014 κελευσθέντα

241 1030 372 1066 ἐπλήρου,
387 1031 433 1057 καὶ
443 1029 475 1056 τὺ
489 1030 603 1065 σημεῖον
620 1028 652 1055 τὸ
666 1029 742 1065 παρὰ
756 1028 805 1055 τοῦ
816 1028 885 1055 Θεοῦ
896 1028 1039 1055 κελευσθὲν

240 1072 361 1099 ἐπετίθει
380 1072 420 1107 τῷ
439 1071 563 1107 Ίσμαὴλ,
579 1070 629 1106 τὴν
643 1070 793 1106 περιτομὴν
810 1070 891 1105 λέγω,
910 1072 957 1097 καὶ
971 1071 1039 1098 πᾶσι

240 1114 298 1145 τοῖς
306 1113 468 1147 οίκογενέσι,
481 1112 591 1144 καὶτοῖς
601 1112 818 1148 ἀργυρωνήτοις,
827 1111 899 1138 καθὰ
909 1111 1040 1147 ἐλάλησεν

240 1155 317 1190 αὐτῷ
328 1156 343 1182 ὀ
353 1155 430 1186 Θεός.
445 1154 628 1190 Περιετέμετο
639 1153 667 1180 δὲ
679 1155 727 1180 καὶ
738 1153 829 1186 αὐτός.
845 1154 1040 1185 Ἐννενήκον-

241 1204 280 1223 τα
294 1196 350 1232 γὰρ
364 1196 412 1223 καί
429 1196 518 1223 ἐννέα
531 1194 608 1222 ἐτῶν
622 1193 672 1230 ἦν,
694 1195 788 1229 φησὶν,
802 1195 895 1229 ἡνίκα
908 1195 1039 1230 περιετέ-

240 1246 312 1273 μετο
325 1238 382 1272 τὴν
397 1239 497 1271 σάρκα
513 1237 569 1270 τῆς
579 1237 782 1270 ἀκροϐυστίας
793 1236 899 1264 αὑτοῦ·
917 1236 1040 1271 Ὶσμαὴλ

241 1278 277 1305 δὲ
290 1277 330 1314 ἦν
343 1278 420 1305 ἐτῶν
431 1277 603 1311 δεκατριῶν.
616 1277 660 1312 Μὴ
675 1277 789 1313 νομίσῃς
801 1275 896 1309 ἁπλῶς
910 1279 976 1313 ἡμῖν
986 1277 1040 1304 τῶν

242 1320 312 1347 ἐτῶν
321 1320 367 1347 τὸν
376 1319 493 1356 ἀριθμὸν
501 1319 551 1355 τὴν
563 1319 674 1355 Γραφὴν
683 1319 915 1355 ἐπισημήνασθαι·
927 1319 984 1346 ἀλλ’
996 1320 1040 1346 ἵνα

242 1362 290 1388 καὶ
302 1363 335 1388 ἐκ
347 1361 441 1388 τούτου
455 1360 544 1397 μάθῃς
553 1360 602 1387 τοῦ
615 1360 720 1387 δικαίου
733 1360 783 1396 τὴν
794 1360 894 1396 πολλὴν
906 1360 1039 1396 ὑπακοὴν,

240 1404 283 1430 ὅτι
297 1404 327 1430 ἐν
341 1403 449 1438 ἐσχάτῳ
463 1403 535 1438 γήρα
550 1401 589 1428 ὣν
602 1402 698 1437 πράως
712 1402 811 1438 ἡνεγκε
827 1403 876 1438 τὴν
889 1401 985 1436 ὀδύνην
996 1402 1040 1428 διὰ

240 1445 273 1471 τὸ
286 1444 334 1472 τοῦ
350 1444 418 1471 Θεοῦ
436 1444 588 1479 ἐπίταγμα,
606 1443 651 1470 διὰ
661 1444 741 1470 τοῦτο
757 1445 874 1470 ποιεῖται
888 1443 937 1479 τὴν
949 1444 1040 1470 αὐτῶν

241 1485 441 1522 ἀπαρίθμησιν,
449 1485 496 1512 καὶ
504 1486 555 1513 οὐκ
566 1485 648 1516 αὐτὸς
660 1485 751 1520 μόνος,
763 1485 832 1512 ἀλλά
844 1486 891 1512 καὶ
901 1486 914 1512 ό
929 1485 1040 1521 Ἰσμαὴλ

242 1528 290 1554 καὶ
309 1527 408 1559 πάντες
427 1528 451 1554 οί
470 1528 628 1562 οἰκογενεῖς.
653 1526 720 1553 Οὑδέ
736 1527 791 1562 γὰρ
806 1526 837 1553 τὺ
856 1526 937 1561 τυχόν
954 1527 1038 1559 ἐστιν,

241 1569 378 1605 ἀγαπητὲ,
398 1569 574 1603 ὑγιαίνουσαν
600 1568 691 1603 σάρκα
713 1568 860 1603 ἀποτεμεῖν
882 1568 929 1595 καὶ
948 1568 1041 1601 κακῶς

241 1610 367 1646 ἔχουσαν.
382 1610 413 1636 Εἰ
432 1610 486 1645 γὰρ
501 1610 549 1636 καὶ
569 1609 671 1645 ἰατρῶν
684 1609 779 1641 παῖδες
800 1609 880 1645 μέλος
894 1610 1039 1645 ἀῤῥωστῆ-

242 1661 293 1679 σαν
303 1651 502 1688 ἀποτέμνουσιν
510 1657 535 1684 ι,
548 1651 605 1678 ἀλλ’
614 1651 664 1677 οὐκ
678 1650 723 1687 ῐση
734 1650 839 1685 γίνεται
848 1651 909 1678 τότε
919 1653 935 1686 ὴ
947 1652 1038 1687 ὀδύνη.

242 1693 388 1729 Νεκρωθέν
402 1693 468 1729 γὰρ,
481 1692 520 1724 ὡς
530 1693 627 1725 εἰπεῖν,
642 1692 735 1719 λοιπὺν
747 1692 794 1720 καὶ
806 1692 856 1727 τῆς
870 1692 990 1728 ζωτικῆς
999 1693 1040 1720 δυ-

241 1735 351 1771 νάμεως
362 1735 547 1771 ἀποπερηθέν
562 1734 752 1769 ἐκτέμνουσιν.
767 1734 898 1762 Ἐνταῦθα
911 1735 941 1761 δὲ
950 1735 1040 1771 γέρων

241 1777 291 1804 καὶ
306 1777 462 1813 πρεσϐύτης
488 1776 597 1805 ίέκατῆν
617 1776 673 1812 γὰρ
697 1776 765 1803 ἐτῶν
785 1776 928 1812 ἐτύγχανε)
944 1777 1040 1812 πράως

238 1819 342 1854 ἧνεγκε
362 1818 412 1854 τὴν
432 1818 540 1853 ὀδύνην,
554 1817 622 1853 όμοῦ
640 1817 688 1844 καὶ
704 1817 752 1844 τοῦ
767 1818 834 1844 Θεοῦ
850 1818 881 1844 τὸ
899 1818 1040 1854 ἐπίταγμα

240 1860 283 1891 εἰς
295 1859 375 1895 ἔργον
386 1860 500 1893 ἀγαγεῖν
514 1859 647 1890 σπεύδων,
663 1859 711 1885 καὶ
724 1858 770 1885 τδν
786 1859 843 1885 υἱὸν
858 1860 904 1885 καὶ
920 1860 983 1891 τοὺς
998 1861 1040 1886 ol-

241 1901 364 1935 κογενεῖς
381 1900 505 1932 ἅπαντας
517 1899 737 1936 προθυμοτέρους
759 1900 952 1935 ἐργαζόμενος,
968 1900 1038 1928 ὥστε

244 1942 282 1978 μὴ
300 1942 445 1973 ἐνδοιάσαι,
462 1942 530 1969 ἀλλά
549 1942 620 1977 μετά
633 1941 731 1968 πολλοῦ
748 1942 796 1968 τοῦ
808 1942 907 1977 τάχους
918 1942 949 1970 τὸ
963 1944 1039 1979 παρά

240 1984 291 2011 τοῦ
310 1984 378 2011 Θεοῦ
398 1984 568 2021 προσταχθὲν
592 1983 758 2011 ἐπιτελέσαι.
783 1982 859 2016 Εἶδες
880 1985 943 2011 ὅσον
964 1986 1038 2012 ἐστὶν

240 2027 312 2062 ἀνὴρ
327 2027 465 2062 ἐνάρετος,
479 2027 553 2057 ὅπως
567 2026 614 2053 καὶ
628 2026 690 2057 τοὺς
701 2026 941 2061 ύπηρετουμένους
952 2026 1039 2054 ἀπαν-

240 2076 292 2099 τας
312 2068 455 2095 ἐπαίδευσε
472 2068 532 2094 κατ’
550 2068 622 2103 ῐχνος
641 2067 725 2094 αὑτοῦ
743 2067 861 2102 βαίνειν;
880 2068 969 2104 Ὅπερ
983 2069 1037 2105 γὰρ

242 2108 306 2144 χθὲς
323 2109 427 2143 ελεγον,
447 2109 526 2135 τοῦτο
540 2109 621 2135 πάλιν
640 2110 687 2135 καὶ
705 2108 752 2135 νῦν
765 2109 831 2145 ἐρῶ·
846 2110 888 2136 ὅτι
901 2109 945 2135 διὰ
959 2109 1038 2137 τοῦτο

241 2149 335 2177 λοιπὸν
350 2151 380 2182 ἐξ
393 2151 497 2177 ἐκείνου
513 2151 678 2186 πρόσταγμα
693 2150 789 2184 γέγονε
805 2150 880 2186 παρά
894 2151 941 2177 τοῦ
957 2151 1036 2183 Θεοῦ,

242 2191 314 2219 ὥστε
330 2193 359 2218 ἐν
380 2192 463 2227 ἀώρῳ
481 2194 514 2228 τῇ
534 2192 628 2228 ἡλικίᾳ
639 2192 719 2219 τοῦτο
732 2192 878 2227 ὑπομένειν
895 2193 958 2225 τοὺς
975 2194 1037 2220 παῖ-

241 2233 302 2266 δας,
320 2234 364 2260 ίνα
375 2234 404 2260 ἐν
418 2233 584 2269 ἀναισθησίᾳ
594 2234 643 2269 τὴν
655 2234 775 2269 ἐκτομὴν
787 2234 837 2269 τῆς
851 2233 954 2270 σαρκὸς
969 2234 1036 2261 ὑπο-

244 2275 373 2310 μένοντες
388 2274 524 2310 μηδεμίαν
539 2275 589 2310 τῆς
602 2275 698 2310 ὀδύνης
710 2276 807 2310 πεῖραν
818 2275 947 2302 λάϐωσιν.

284 2316 365 2344 Ἀλλά
382 2316 479 2343 σκόπει
495 2324 552 2352 μοι,
567 2316 702 2351 ἀγαπητὴ
723 2316 771 2343 τοῦ
793 2316 861 2343 Θεοῦ
878 2317 927 2352 τὴν
944 2317 1037 2352 φιλαν-

242 2358 376 2394 θρωπίαν,
389 2358 437 2385 καὶ
444 2358 494 2394 τὴν
504 2358 607 2392 ἀφατον
619 2359 684 2394 περὶ
700 2359 773 2394 ἡμᾶς
786 2358 954 2393 εὐεργεσίαν.
964 2360 1038 2387 Ἐκεῖ

243 2400 290 2426 καὶ
302 2399 381 2435 ὀδύνη
390 2400 437 2426 καὶ
447 2400 528 2431 πόνος
538 2400 571 2426 ὲκ
581 2398 627 2427 τοῦ
641 2400 796 2435 γινομένου,
803 2400 851 2426 καὶ
860 2400 936 2427 οὐδὲν
943 2400 1036 2437 ἕτερον

242 2442 274 2468 ὲκ
286 2442 336 2477 τῆς
350 2442 502 2478 περιτομῆς
512 2442 607 2477 ὄφελος
617 2439 662 2477 ἦν,
673 2442 691 2477 ἢ
704 2442 782 2468 τοῦτο
792 2442 882 2477 μόνον,
892 2442 921 2469 τὸ
934 2443 978 2469 διὰ
988 2444 1036 2471 τοῦ

243 2484 357 2519 σημείου
374 2484 469 2511 τούτου
481 2483 639 2519 γνωρίμως
653 2483 753 2515 αὐτοὺς
766 2482 846 2517 εῖναι,
857 2485 904 2511 καὶ
916 2484 971 2511 τῶν
981 2485 1034 2511 λοι-

240 2526 301 2552 πῶν
321 2525 406 2552 ἐθνῶν
421 2525 597 2560 κεχωρίσθαι.
620 2524 653 2551 Ἦ
667 2525 695 2551 δέ
718 2526 839 2560 ἡμετέρα
855 2526 999 2562 περιτομὴ.
1018 2527 1036 2562 ἡ

240 2566 288 2593 τοῦ
304 2567 491 2602 βαπτίσματος
510 2565 582 2600 λέγω
602 2566 692 2601 χάρις,
711 2565 845 2593 ἀνώδυνον
859 2566 914 2602 ἔχει
931 2567 980 2603 τὴν
996 2569 1037 2594 ία-

241 2608 345 2643 τρείαν,
355 2608 402 2634 καὶ
414 2607 517 2643 μυρίων
528 2607 639 2642 ἀγαθῶν
649 2607 777 2643 πρόξενος
788 2607 890 2642 γίνεται
901 2609 976 2643 ἡμῖν,
988 2608 1036 2635 καὶ

241 2650 291 2684 τῆς
300 2649 348 2676 τοῦ
364 2649 433 2676 Πνεύ
438 2658 522 2685 ματος
532 2644 607 2685 ἡμᾶς
617 2649 771 2685 ἐμπίπλησι
782 2649 903 2684 χάριτος,
915 2650 963 2676 καὶ
975 2650 1035 2677 οὐδὲ

240 2690 394 2726 ὡρισμένον
407 2691 463 2726 ἔχει
475 2690 582 2726 καιρὸν,
597 2690 725 2726 καθάπερ
740 2692 808 2723 ἐκεῖ,
819 2691 876 2717 ἀλλ’
887 2691 976 2723 ἔξεστι
988 2692 1036 2719 καὶ

241 2730 272 2756 ἐν
289 2731 371 2767 ἀώρῳ
384 2732 489 2768 ἡλικίᾳ,
508 2732 557 2758 καὶ
571 2733 600 2759 ἐν
616 2732 697 2768 μέσῃ,
717 2732 765 2759 καὶ
781 2734 809 2759 ἐν
823 2732 898 2768 αύτῷ
909 2733 949 2768 τῷ
961 2734 1035 2769 γήρᾳ

243 2771 387 2806 γενόμενόν
405 2782 466 2800 τινα
485 2773 589 2808 ταύτην
605 2773 735 2806 δέξασθαι
755 2774 805 2809 τὴν
827 2774 1034 2810 ἀχειροποίητον

243 2814 404 2847 περιτομὴν,
418 2815 446 2840 ἐν
460 2811 537 2851 ᾖούκ
548 2814 606 2841 ἐστι
619 2815 698 2850 μόνον
712 2815 866 2850 ὑπομεῖναι,
875 2815 933 2842 ἀλλ’
944 2816 1034 2852 ἁμαρ-

243 2853 373 2888 τημάτων
387 2855 486 2889 φορτία
498 2855 659 2889 ἀποθέσθαι,
677 2857 725 2884 καὶ
739 2857 794 2884 τῶν
808 2858 837 2884 ἐν
850 2858 931 2885 παντὶ
945 2858 1033 2894 χρόνῳ

275 2941 289 2956 ⁸
303 2941 415 2973 Quinque
429 2948 485 2966 mss.
501 2942 659 2974 ἀρῥωστῆσαν
676 2945 729 2970 τότε
741 2945 922 2977 ἀποτέμνουσιν.

580 219 609 248 S.
626 218 769 248 JOANNIS
785 216 1035 247 CIIRYSOSTOMI
1052 215 1212 245 ARCHIEP.
1233 217 1508 246 CONSTANTINOP.

1823 217 1872 248 374

1091 276 1334 311 πλημμελημάτων
1353 276 1403 311 τὴν
1424 274 1596 309 συγχώρησιν
1613 273 1748 309 εὑρέσθαι.
1771 276 1873 312 Ἐπειδὴ

1091 319 1144 352 γὰρ
1162 316 1230 344 εἶδεν
1253 319 1266 343 ὀ
1286 318 1475 352 φιλάνθρωπος
1494 317 1559 347 Θεὸς
1576 316 1626 351 τῆς
1644 316 1782 350 ἀσθενείας
1800 319 1874 354 ἡμῶν

1091 361 1138 395 τὴν
1164 359 1327 394 ὑπερϐολὴν,
1355 359 1401 386 καὶ
1422 360 1462 385 ὅτι
1485 359 1580 385 ἀνίατα
1600 358 1738 392 νοσοῦντες
1760 360 1873 396 μεγάλης

1090 406 1206 441 δεόμεθα
1222 406 1271 440 τῆς
1288 407 1418 441 ἰατρείας,
1431 406 1477 432 καὶ
1491 405 1594 439 ἀφάτου
1605 406 1654 441 τῆς
1668 406 1873 442 φιλανθρωπίας,

1091 447 1241 481 οἰκονομῶν
1258 448 1307 483 τὴν
1327 448 1463 482 ἡμετέραν
1483 446 1630 481 σωτηρίαν,
1655 447 1798 483 ἐχαρίσατο
1814 449 1875 483 ἡμῖν

1091 490 1140 524 τὴν
1158 490 1201 515 διὰ
1217 489 1263 515 τοῦ
1279 489 1390 524 λουτροῦ
1410 489 1459 524 τῆς
1477 488 1686 522 παλιγγενεσίας
1702 489 1873 521 ἀναχαίνισιν,

1092 532 1135 558 ἵνα
1148 532 1310 565 ἀποθέμενοι
1325 532 1369 557 τὸν
1384 531 1497 557 παλαιὸν
1512 531 1665 566 ἄνθρωπον,
1682 531 1753 557 τοῦτ’
1768 531 1875 563 ἐστιτᾶις

1092 572 1205 609 πράξεις
1224 573 1272 604 τὰς
1286 573 1416 607 πονηρὰς,
1435 573 1481 599 καὶ
1499 573 1673 607 ἐνδυσάμενοι
1691 572 1737 599 τὸν
1748 573 1817 605 νέον,
1834 573 1876 599 ἐπὶ

1092 615 1141 650 τὴν
1157 615 1207 649 τῆς
1226 615 1327 650 ἀρετῆς
1349 614 1408 640 ὀδόν
1430 614 1590 649 βαδίζωμεν.
1612 614 1703 644 Ἀλλά,
1721 614 1875 649 παρακαλῶ.

1094 657 1130 691 μὴ
1143 656 1196 682 τῶν
1207 656 1383 691 ἀγνωμόνων.
1394 656 1447 682 τῶν
1462 656 1632 691 ἀναισθήτων
1647 657 1755 691 χείρους
1765 656 1876 691 γενώμε-

1093 699 1127 724 θα
1149 698 1289 724 Ἰουδαίων.
1313 698 1426 723 Ἐκεῖνοι
1444 698 1493 732 μὲν
1505 698 1558 733 γὰρ
1572 698 1712 732 δεχόμενοι
1726 697 1756 724 τὸ
1771 699 1877 732 σημεῖον

1094 738 1168 776 [ΗΟ]
1189 739 1266 765 τοῦτο
1286 739 1335 774 τῆς
1353 739 1514 775 περιτομῆς,
1532 737 1605 774 εἶχον
1625 739 1719 774 ίκανὴν
1734 739 1877 774 ἀσφάλειαν

1092 782 1161 816 πρὸς
1176 782 1205 807 τὺ
1219 781 1316 816 μηκέτι
1332 781 1579 816 συναναμίγνυσθαι
1592 782 1648 813 τοῖς
1662 781 1749 808 ἔθνεσι
1759 780 1828 808 κατὰ
1836 781 1878 807 τὸν

1092 823 1143 857 τῆς
1159 823 1299 854 κοινωνίας
1317 822 1404 856 λόγον·
1424 823 1494 849 κατὰ
1509 823 1562 858 γὰρ
1579 823 1626 858 τὴν
1641 823 1769 849 ἀσέόειαν
1786 823 1877 850 πολλά-

1093 875 1135 897 κις
1152 866 1250 896 αὐτοὺς
1272 865 1318 891 καὶ
1334 865 1548 900 ὑπερηκόντισαν
1561 864 1718 900 ἀγνώμονες
1732 865 1877 899 γεγονότες.

1100 908 1167 934 ’Λλλ’
1182 908 1261 942 ἡμεῖς
1274 906 1346 938 ἂπαξ
1360 907 1499 941 δεχόμενοι
1517 907 1565 941 τὴν
1578 906 1621 933 διὰ
1634 906 1681 933 τοῦ
1697 907 1879 942 βαπτίσματος

1093 950 1253 984 περιτομὴν,
1280 948 1348 982 μετὰ
1364 948 1512 981 ἀσφαλείας
1528 948 1561 974 τὰ
1575 948 1635 975 καθ’
1652 949 1765 980 ἑαυτοὺς
1781 950 1878 975 οίκονο-

1095 993 1235 1026 μήσωμεν.
1257 991 1295 1016 Οὐ
1315 990 1385 1024 λέγω
1405 990 1449 1016 ἵνα
1471 990 1508 1025 μὴ
1529 989 1810 1025 συναναμιγνυώμεθα
1829 991 1879 1021 τοῖς

1094 1034 1207 1063 ἔθνεσιν,
1219 1033 1276 1059 ἀλλ’
1290 1033 1333 1059 ἵνα
1345 1033 1391 1058 ἐπὶ
1404 1032 1452 1067 τῆς
1464 1032 1568 1064 οἰκείας
1578 1032 1678 1068 ἀρετῆς
1690 1032 1825 1067 μένοντες,
1838 1032 1881 1058 καὶ

1093 1075 1205 1105 ἐκείνοις
1220 1073 1483 1109 συναναμιγνύμενοι
1493 1074 1617 1108 ἕλκωμεν
1631 1074 1727 1105 αὐτοὺς
1737 1075 1777 1105 είς
1788 1073 1835 1109 τὴν
1841 1073 1881 1099 εὑ-

1094 1116 1213 1147 σέῦειαν,
1234 1117 1280 1142 καὶ
1302 1116 1345 1142 διὰ
1364 1117 1413 1150 τῆς
1434 1115 1489 1141 τῶν
1507 1115 1615 1148 ἀγαθῶν
1638 1115 1726 1152 ἔργων
1748 1114 1880 1146 πολιτείας

1093 1158 1266 1189 διδασκαλίας
1280 1158 1369 1189 αὐτοῖς
1381 1158 1507 1188 ὑπόθεσις
1520 1157 1670 1192 γινώμεθα.
1683 1157 1730 1184 Διὰ
1741 1158 1798 1192 γὰρ
1809 1156 1882 1183 τοῦτο

1094 1200 1139 1226 καὶ
1152 1201 1166 1225 ὁ
1178 1200 1265 1231 κοινὸς
1283 1200 1409 1227 ἁπάντων
1430 1200 1566 1234 Δεσπότης
1584 1199 1771 1235 συνεχώρησεν
1785 1200 1881 1234 ἀναμε-

1096 1242 1189 1277 μίχθαι
1201 1243 1246 1268 καὶ
1257 1243 1319 1273 τοὺς
1333 1242 1466 1276 πονηροὺς
1480 1242 1526 1268 καὶ
1542 1242 1605 1273 τοὺς
1615 1242 1743 1275 ἀγαθοὺς,
1761 1241 1810 1267 καὶ
1824 1241 1881 1272 τοὺς

1094 1284 1215 1315 εὐσεϐεῖς
1229 1285 1275 1310 καὶ
1288 1284 1350 1315 τοὺς
1362 1283 1480 1314 ἀσεϐεῖς,
1495 1284 1537 1309 ἵνα
1550 1283 1575 1309 οί
1589 1283 1701 1318 πονηροὶ
1711 1283 1882 1318 κερδαίνωσιν

1094 1326 1147 1352 ἀπὸ
1163 1325 1217 1351 τῶν
1234 1325 1354 1359 ἀγαθῶν,
1374 1325 1420 1350 καὶ
1436 1326 1461 1351 οἱ
1477 1325 1506 1350 ἐν
1523 1324 1635 1360 ἀσεϐείᾳ.
1655 1324 1695 1350 ἔτι
1709 1324 1882 1359 κατεχόμενοι

1094 1367 1315 1401 χειραγωγῶνται
1329 1366 1396 1401 πρὸς
1415 1366 1465 1401 τὴν
1480 1366 1629 1392 εὐσέϐειαν.
1647 1366 1729 1392 Οὐδὲν
1748 1366 1805 1400 γὰρ
1817 1364 1883 1391 οὕτω

1094 1409 1131 1443 τῷ
1142 1408 1201 1443 Θεῷ
1215 1408 1452 1443 περισπούδαστον,
1465 1408 1502 1438 ώς
1517 1407 1639 1442 σωτηρία
1652 1407 1750 1442 ψυχῆς.
1770 1408 1816 1442 Μὴ
1831 1407 1882 1433 τοί-

1094 1459 1141 1476 νυν
1159 1450 1316 1484 ἀμελῶμεν,
1336 1449 1498 1484 παρακαλῶ,
1522 1449 1589 1483 μήτε
1610 1448 1723 1480 ἑαυτῶν,
1745 1449 1815 1484 μήτε
1833 1447 1883 1473 τῶν

1094 1492 1217 1526 πλησίον
1231 1491 1335 1517 ἑαυτῶν
1352 1492 1411 1526 μὲν,
1429 1490 1473 1517 διὰ
1488 1490 1534 1516 τοῦ
1550 1490 1585 1516 τὰ
1601 1490 1660 1516 καθ’
1674 1490 1790 1521 ἑαυτοὺς
1802 1489 1883 1520 οὕτως

1094 1536 1254 1568 οἰκονομεῖν,
1267 1533 1304 1565 ὡς
1317 1533 1390 1559 δοκεῖ
1402 1533 1440 1567 τῷ
1453 1532 1523 1567 Θεῷ·
1535 1532 1588 1558 τῶν
1596 1532 1623 1558 δὲ
1636 1531 1761 1567 πλησίον,
1772 1532 1806 1558 ἶν’
1818 1531 1883 1558 οὕτω

1094 1576 1246 1610 λάμπωμεν
1257 1576 1285 1600 ἐν
1299 1575 1393 1610 ἀρετῇ,
1405 1574 1475 1600 ὥστε
1491 1574 1537 1599 καὶ
1551 1573 1688 1607 σιγώντων
1699 1574 1779 1609 ἡμῶν
1793 1574 1883 1607 ἱκανὴν

1094 1619 1166 1653 ἐχειν
1178 1616 1351 1643 διδασκαλίαν
1362 1617 1424 1647 τοὺς
1444 1617 1484 1648 είς
1501 1617 1573 1651 ἡμᾶς
1587 1614 1883 1652 ὀρῶντας.¹Ὠσπεροῦν

1094 1660 1216 1694 ἐνάρετοι
1234 1659 1309 1689 ὄντες
1335 1657 1368 1683 τὰ
1392 1657 1506 1692 μέγιστα
1532 1658 1578 1684 καὶ
1598 1657 1674 1684 αὐτοὶ
1691 1657 1882 1692 κερδανοῦμεν.

1094 1701 1141 1727 καὶ
1153 1703 1214 1731 τοὺς
1230 1698 1359 1730 ἀπίστους
1369 1699 1557 1734 ὼφελήσομεν,
1569 1698 1665 1730 οὕτως,
1676 1700 1700 1724 εἱ
1711 1699 1883 1734 ῥαθυμήσαι·

1095 1751 1155 1777 μεν,
1180 1742 1226 1768 καὶ
1245 1741 1321 1767 αὐτοὶ
1339 1740 1439 1776 πολλὴν
1463 1740 1672 1775 ὑποπησόμεθα
1692 1740 1742 1774 τὴν
1764 1740 1882 1772 κόλασιν,

1094 1785 1140 1810 καὶ
1157 1784 1260 1818 ἑτέροις
1276 1782 1424 1808 σκανδάλου
1446 1781 1572 1813 ὑπόθεσις
1590 1780 1772 1816 γενησόμεθα.
1795 1781 1882 1808 Καθά-

1094 1835 1146 1862 περ
1164 1826 1218 1860 γὰρ
1234 1825 1282 1860 τὴν
1298 1824 1396 1860 ἀρετὴν
1415 1824 1550 1859 μετιόντες
1565 1824 1645 1859 διπλῇ
1659 1824 1704 1851 τὸν
1720 1824 1817 1859 μισθὸν
1833 1832 1883 1850 πα-

1094 1868 1128 1903 ρὰ
1148 1867 1195 1894 τοῦ
1219 1866 1286 1893 Θεοῦ
1306 1866 1496 1901 καρπούμεθα,
1513 1866 1560 1892 καὶ
1576 1865 1646 1901 ὑπὲρ
1663 1863 1702 1892 ὧν
1724 1866 1758 1892 ἂν
1784 1866 1882 1899 ταύτην

1095 1909 1242 1945 μετίωμεν,
1265 1908 1311 1934 καὶ
1334 1907 1404 1943 ὑπὲρ
1430 1903 1468 1934 ὧν
1488 1908 1551 1939 τοὺς
1571 1907 1684 1942 πλησίον
1705 1906 1881 1942 ἐφελκώμεθα

1093 1952 1132 1982 είς
1149 1950 1197 1985 τὴν
1214 1950 1263 1984 τῆς
1276 1949 1378 1984 ἀρετῆς
1397 1949 1551 1975 κοινωνίαν’
1569 1949 1614 1975 τὸν
1631 1949 1713 1975 αὑτὸν
1728 1949 1760 1985 δὴ
1784 1949 1881 1984 τρόπον

1092 1993 1138 2019 καὶ
1153 1993 1198 2018 ἐπὶ
1215 1991 1263 2025 τῆς
1278 1991 1387 2022 κακίας,
1403 1991 1452 2025 οὐχ
1472 1991 1542 2025 ὑπὲρ
1561 1987 1598 2017 ὧν
1618 1991 1819 2026 ἡμαρτήκαμεν
1837 1999 1879 2017 κο-

1092 2033 1229 2068 λαζόμεθά
1244 2033 1332 2068 μόνον,
1350 2032 1407 2059 ἀλλ’
1420 2033 1489 2068 ὑπὲρ
1500 2029 1537 2059 ὦν
1553 2033 1599 2059 καὶ
1615 2032 1723 2068 ἐτέρους
1737 2032 1879 2059 ὑποσκελί-

1092 2076 1185 2110 ζομεν.
1205 2074 1284 2100 Ἀ).λά
1298 2074 1335 2108 μὴ
1348 2074 1452 2107 γένοιτο
1466 2074 1520 2100 τῶν
1535 2073 1652 2100 ἐνταῦθά
1663 2083 1724 2100 τινα
1740 2074 1880 2100 συνιόντων

1091 2117 1211 2142 τοιοῦτον
1224 2115 1360 2150 γενέσθαι,
1374 2115 1442 2141 ἀλλὰ
1456 2116 1559 2147 πάντας
1571 2116 1645 2150 ἡμᾶς
1658 2116 1726 2150 πρὸς
1740 2114 1880 2150 οίκοδομὴν

1092 2158 1145 2184 τῶν
1160 2157 1285 2192 ὁρώντων
1300 2156 1344 2183 τὸν
1360 2157 1463 2183 ἑαυτῶν
1477 2157 1535 2192 βίον
1550 2157 1657 2189 ἰθύνειν,
1671 2157 1714 2183 ’ἱνα
1725 2156 1880 2192 δυνηθῶμεν

1093 2199 1163 2234 μετά
1185 2198 1340 2234 παρρησίας
1367 2198 1462 2233 στῆναι
1491 2199 1535 2225 ἐπὶ
1554 2198 1600 2224 τοῦ
1617 2198 1737 2234 βήματος
1755 2198 1802 2225 τοῦ
1817 2199 1879 2233 Χρι-

1093 2241 1167 2273 στοῦ,
1192 2241 1238 2267 καὶ
1261 2240 1315 2266 τῶν
1329 2240 1492 2275 ἀπορρήτων
1508 2240 1619 2266 ἐκείνων
1634 2239 1745 2274 ἀγαθῶν
1762 2239 1879 2273 ἀξιωθῆ-

1091 2291 1147 2313 ναι,
1167 2279 1204 2308 ὧν
1225 2282 1331 2316 γένοιτο
1348 2282 1452 2313 πάντας
1472 2282 1545 2316 ἡμᾶς
1567 2282 1715 2316 ἐπιτυχεῖν,
1731 2281 1823 2316 χάριτι
1836 2279 1879 2307 καὶ

1092 2324 1283 2358 φιλανθρωπίᾳ.
1299 2322 1345 2349 τοῦ
1358 2322 1457 2358 Κυρίου
1476 2323 1554 2358 ἡμῶν
1574 2322 1659 2358 Ἰησοῦ
1673 2323 1802 2358 Χριστοῦ,
1822 2321 1880 2357 μεθ’

1091 2364 1121 2393 οὗ
1138 2366 1177 2401 τῷ
1199 2367 1285 2400 Harp!
1300 2366 1358 2399 ᾶμα
1373 2365 1412 2400 τῷ
1432 2366 1500 2400 ἁγίῳ
1525 2365 1661 2400 Πνεύματι
1679 2364 1752 2397 δόξα,
1770 2365 1877 2400 κράτος,

1091 2408 1167 2442 τιμὴ.
1184 2406 1231 2433 νῦν
1248 2406 1292 2432 καὶ
1311 2407 1365 2438 ἀεὶ,
1386 2407 1432 2433 καὶ
1450 2408 1489 2438 είς
1502 2407 1565 2438 τοὺς
1584 2406 1684 2438 αἰῶνας
1698 2406 1752 2433 τῶν
1764 2406 1877 2433 αἰώνων.

1098 2450 1194 2484 Ἀμήν.

1373 2519 1494 2546 ΟΜΙΛΙᾹ
1515 2521 1581 2547 MA'.

1093 2606 1187 2638 '12;va
1211 2604 1244 2630 δὲ
1264 2605 1278 2631 d
1303 2605 1373 2637 Θειις
1397 2605 1436 2638 τῷ
1458 2605 1581 2639 Ἀϐραὰμ
1605 2606 1678 2640 πρὸς
1701 2606 1739 2640 τῇ
1753 2605 1820 2640 δρυΐ
1841 2605 1878 2640 τῇ

1124 2640 1250 2679 Μίιμῖρῆ
1261 2660 1267 2670 ,
1283 2641 1452 2679 καθημένου
1468 2640 1561 2679 αὑτοῦ
1578 2642 1627 2668 ἐπὶ
1647 2641 1703 2675 τῆς
1718 2642 1809 2676 θύρας
1823 2640 1877 2675 τῆς

1124 2675 1245 2708 σκηνῆς
1258 2675 1352 2701 αὑτοῦ
1363 2676 1561 2709 μεσημϐρίας.

1123 2740 1156 2763 α’.
1173 2736 1260 2762 Ὀκνῶ
1277 2736 1323 2762 καὶ
1337 2736 1487 2771 ἀναδύομαι
1499 2738 1618 2773 σήμερον
1631 2738 1699 2773 πρὸς
1713 2737 1761 2772 τὴν
1775 2739 1824 2773 τῆς
1838 2737 1876 2764 δι-

1087 2778 1234 2809 δασκαλίας
1254 2778 1394 2812 ἐξήγησιν.
1419 2779 1503 2805 Ὅταν
1526 2779 1581 2814 γὰρ
1598 2780 1736 2815 ὲννοήσω,
1756 2780 1797 2806 ὃτι
1815 2779 1875 2805 καθ’

1087 2820 1205 2854 ἑκάστην
1218 2819 1324 2854 ἡμέραν
1348 2820 1426 2854 ἡμῶν
1450 2820 1616 2855 ἐνηχούντων
1629 2841 1636 2852 ,
1655 2821 1855 2856 παραινούντων
1866 2840 1872 2852 ,

1087 2860 1292 2894 παρατιθέντων
1302 2861 1366 2895 ὑμῖν
1376 2861 1424 2895 τὴν
1439 2862 1626 2897 πνευματικὴν
1637 2862 1736 2897 ταύτην
1746 2862 1873 2893 ἑστίασιν,

1086 2903 1176 2929 πολλοὶ
1193 2903 1245 2928 τῶν
1261 2903 1376 2929 ἐνταῦθα
1392 2905 1633 2938 παραγενομένων,
1651 2905 1697 2931 καὶ
1709 2904 1874 2940 μετεχόντων

1086 2946 1133 2980 τῆς
1154 2946 1338 2980 πνευματικῆς
1360 2946 1461 2981 ταύτης
1485 2945 1658 2978 διδασκαλίας
1677 2947 1722 2973 καὶ
1742 2947 1790 2980 τῆς
1811 2953 1871 2980 φρι-
