4060 6490
385 478 493 535 373

384 593 561 648 enimio
605 591 899 650 succedunt
923 607 939 657 ;
970 592 1064 648 sed
1083 600 1138 646 et
1157 591 1202 647 si
1221 591 1272 647 in
1294 589 1556 658 adversis,
1573 590 1816 646 eamdem
1837 600 1970 661 grati

381 687 548 742 animi
569 685 1010 757 significationem
1035 685 1144 739 det.
1168 682 1256 738 Sic
1277 682 1420 736 enim
1445 681 1741 749 patriarcha
1781 682 1870 734 ille
1886 695 1974 734 cc-

383 779 544 833 lehris
564 787 618 833 et
634 777 855 832 illustris
877 776 994 838 fuit,
1016 785 1068 830 et
1088 783 1286 829 tantam
1307 772 1447 843 apud
1476 772 1643 828 Deum
1659 773 1886 826 obtinuit
1907 771 1970 824 li-

381 868 592 923 duciam
623 911 637 934 ,
692 884 756 923 ac
797 868 937 923 dona
1001 867 1205 938 accepit
1261 883 1379 936 qua:
1456 879 1614 936 supra
1685 865 1970 918 humanam

381 971 502 1017 sunt
533 971 798 1018 naturain.

448 1057 502 1109 4.
544 1055 650 1110 Sed
681 1070 861 1123 operm
893 1055 1121 1124 pretium
1144 1065 1225 1111 est
1256 1063 1313 1110 ut
1333 1055 1398 1111 ad
1429 1055 1727 1110 institutum
1758 1064 1966 1108 sermo-

379 1163 500 1202 nem
528 1146 835 1213 redeamus,
855 1157 907 1202 ct
929 1149 1202 1202 videamus
1213 1149 1339 1219 justi
1359 1147 1740 1210 obedientiam,
1761 1153 1816 1199 et
1835 1157 1968 1213 quo-

378 1240 539 1292 modo
570 1239 756 1294 fecerit
782 1239 924 1307 quod
963 1255 993 1294 a
1025 1240 1133 1295 Deo
1164 1241 1483 1310 imperatum
1529 1248 1644 1304 est,
1680 1254 1785 1292 non
1814 1251 1964 1304 qtae-

376 1347 502 1386 rcns
550 1347 791 1396 causam,
847 1347 1020 1402 neque
1051 1333 1309 1387 rationem
1341 1332 1583 1402 exigens,
1632 1329 1771 1385 sicut
1813 1325 1962 1380 nmlti

373 1422 690 1493 insipientes
719 1422 943 1487 faciunt,
972 1423 1040 1479 de
1067 1423 1131 1478 iis
1159 1438 1278 1494 qua:
1305 1423 1446 1477 Deus
1477 1429 1732 1492 operatur
1753 1419 1964 1473 curiose

369 1522 693 1584 quaerentes,
719 1522 774 1569 et
799 1515 1068 1571 dicentes:
1097 1515 1274 1583 Quare
1301 1514 1426 1581 hoc,
1453 1523 1506 1569 et
1525 1528 1691 1584 quare
1717 1511 1882 1567 illud?
1905 1517 1964 1565 et

369 1622 491 1676 qua:
521 1603 671 1674 hinc,
705 1606 790 1662 vel
811 1622 932 1677 qua:
963 1607 1109 1661 illinc
1140 1606 1342 1661 utilitas
1387 1604 1700 1660 enascitur?
1742 1605 1807 1658 At
1852 1619 1960 1659 non

367 1699 436 1754 ad
473 1714 595 1755 eum
624 1699 842 1754 modum
886 1700 1009 1756 fecit
1041 1700 1217 1771 justus
1249 1700 1370 1765 ille;
1418 1698 1514 1754 sed
1569 1699 1706 1753 sicut
1733 1697 1959 1752 famulus

366 1791 595 1862 diligens
623 1792 922 1857 dominmn,
951 1807 1303 1863 quaecumque
1331 1789 1676 1862 przecepisset
1734 1789 1958 1857 implere

363 1884 591 1948 studuit,
625 1883 755 1938 nihil
786 1883 1008 1940 ulterius
1032 1895 1376 1955 percontans.
1410 1883 1474 1937 Et
1502 1892 1560 1937 ut
1599 1882 1795 1944 discas,
1831 1880 1954 1935 audi

361 1994 483 2050 qum
525 1989 841 2048 sequuntur.
885 1977 1172 2048 Postquam
1226 1977 1368 2032 enim
1423 1975 1678 2030 Dominus
1728 1973 1957 2044 promis-

359 2071 569 2126 sionem
591 2070 638 2124 ei
663 2068 887 2141 ft-cit(v.
917 2069 1042 2137 22),
1073 2079 1127 2124 et
1146 2067 1754 2138 complevitsermonem
1773 2080 1951 2131 suum,

356 2161 730 2232 statimjustus
756 2177 875 2230 qua:
895 2162 1146 2230 imperata
1173 2158 1384 2213 fuerunt
1408 2159 1648 2228 perfecit,
1672 2169 1719 2212 et
1743 2157 1952 2227 signum

357 2255 462 2308 hoc
482 2253 622 2323 quod
654 2269 683 2305 a
715 2253 822 2308 Deo
851 2261 970 2306 erat
993 2252 1199 2318 datum,
1224 2252 1413 2305 indidit
1441 2249 1653 2305 lsmacli
1700 2249 1720 2320 (
1737 2265 1783 2302 υ.
1811 2248 1901 2317 23)
1931 2288 1948 2313 ,

353 2346 821 2401 circumcisionem
839 2344 980 2410 dico,
1006 2353 1061 2399 et
1083 2344 1331 2399 Ollilliblls
1359 2342 1656 2397 vernaculis
1682 2352 1734 2396 et
1759 2340 1950 2410 empti-

352 2437 464 2500 tiis,
497 2439 632 2492 sicut
657 2436 906 2506 loquutus
928 2446 1010 2490 est
1033 2436 1080 2490 ei
1105 2436 1261 2489 Deus.
1284 2433 1643 2489 Circumcisus
1663 2442 1747 2487 est
1771 2441 1948 2486 autem

347 2540 408 2584 et
430 2531 562 2600 ipse.
593 2530 663 2582 ει
724 2527 1016 2599 Nonaginta
1041 2527 1184 2584 enim
1211 2536 1257 2581 et
1285 2543 1459 2580 novem
1495 2540 1751 2578 annorum
1791 2533 1899 2577 erat
1930 2561 1945 2587 ,

347 2621 546 2693 inquit,
581 2622 783 2690 quando
829 2619 1142 2675 circumcidit
1182 2636 1386 2672 carnem
1433 2618 1670 2688 prwputii
1719 2617 1828 2681 sui;
1851 2615 1944 2670 25.

345 2713 546 2769 Ismael
570 2726 738 2768 autem
765 2721 873 2766 erat
900 2728 1150 2765 annorum
1177 2710 1434 2764 tredecim.
1461 2707 1539 2763 Ne
1570 2717 1724 2778 putes
1744 2707 1946 2776 absque

342 2821 508 2860 causa
539 2805 866 2874 Seripturam
893 2816 1192 2871 pr0ponere
1235 2801 1391 2854 nobis
1439 2813 1720 2854 numerum
1769 2813 1944 2852 anno-

340 2913 467 2952 rum
497 2914 510 2950 :
543 2895 635 2949 sed
660 2906 717 2949 ut
738 2892 1254 2962 exhocdiscasjusti
1280 2905 1525 2961 magnam
1556 2889 1938 2955 obedientiam,

336 2990 488 3061 quod
516 3005 636 3045 cum
654 2989 764 3058 jam
797 2989 848 3042 in
878 2986 1146 3056 decrepita
1173 2993 1319 3041 esset
1339 2993 1516 3050 :etate,
1549 2982 1742 3038 leniter
1763 2981 1942 3036 tulerit

334 3081 586 3136 dolorem
613 3086 832 3149 propter
858 3084 1182 3148 prteceptum
1206 3076 1314 3139 Dei,
1349 3085 1629 3144 propterea
1646 3072 1768 3126 facit
1793 3071 1938 3127 illam

336 3171 828 3238 enumerationem,
861 3179 1036 3226 etnon
1069 3168 1184 3239 ipse
1211 3168 1406 3232 solum,
1432 3166 1527 3222 sed
1573 3173 1629 3220 et
1649 3163 1858 3229 lsmael,
1886 3173 1940 3218 et

339 3281 536 3322 omnes
563 3263 840 3321 vernaculi
869 3261 1350 3318 circumciduntur.
1383 3258 1571 3329 Neque
1593 3258 1695 3312 hoc
1717 3271 1937 3327 parvom

338 3369 397 3416 ct
421 3361 540 3414 leve
569 3357 746 3414 fuerit.
775 3356 891 3412 Non
922 3356 1065 3412 enim
1089 3354 1228 3410 idem
1263 3361 1369 3420 est,
1399 3351 1697 3413 carissime,
1719 3365 1937 3404 carnem

336 3467 553 3516 sanam,
583 3459 637 3504 et
687 3449 825 3504 male
868 3447 1153 3502 habentem
1184 3440 1390 3502 secare.
1425 3443 1558 3498 Nam
1596 3443 1696 3498 etsi
1744 3440 1937 3497 medici

339 3556 560 3614 quoque
581 3540 819 3594 metnbra
852 3537 1092 3592 morbida
1114 3535 1401 3606 aliquando
1425 3533 1689 3597 incidunt,
1744 3543 1800 3587 at
1829 3547 1935 3587 non

335 3642 427 3689 est
456 3631 645 3686 similis
665 3630 838 3685 dolor.
869 3628 1186 3684 Emortuom
1218 3627 1362 3682 enim
1394 3626 1716 3692 membrum,
1761 3633 1821 3679 ut
1863 3624 1936 3679 ita

335 3726 539 3790 dicam,
564 3723 676 3792 jam
720 3732 776 3777 et
799 3721 946 3776 vitali
972 3720 1285 3791 operatione
1304 3719 1616 3774 destitutum
1649 3727 1774 3772 tunc
1799 3718 1936 3773 inci-

335 3817 495 3873 dunt.
529 3815 626 3870 llic
662 3821 839 3869 autem
866 3829 1030 3869 senex
1062 3823 1117 3868 et
1161 3812 1464 3882 decrepitus
1491 3811 1743 3881 (centum
1790 3811 1933 3866 enim

335 3924 603 3966 annorum
629 3910 783 3974 erat)
810 3907 1101 3961 cruciatum
1123 3907 1314 3961 leniter
1337 3905 1474 3970 tulit,
1527 3904 1683 3959 simul
1712 3911 1765 3958 et
1795 3919 1934 3973 pra:-

335 4010 554 4072 ceptum
586 4001 679 4055 Dei
701 3998 928 4066 implere
954 3999 1162 4065 volens,
1219 4008 1269 4052 et
1303 3997 1466 4051 tilium
1513 4006 1567 4052 et
1621 3995 1934 4050 vernaculos

337 4106 536 4148 omnes
563 4091 922 4160 promptiores
954 4087 1210 4152 reddens,
1235 4095 1290 4142 ut
1320 4102 1388 4142 ne
1407 4093 1807 4150 cunctarentur,
1837 4084 1931 4139 scd

337 4197 533 4253 magna
561 4182 841 4236 alacritate
883 4179 974 4234 Dei
1023 4187 1345 4249 praeceptum
1390 4177 1694 4247 implerent.
1741 4175 1933 4230 Vidisti

336 4286 535 4346 quanta
564 4289 651 4330 res
689 4275 760 4329 sit
790 4275 869 4328 vir
891 4281 1149 4342 prmstans
1202 4271 1417 4336 virtute,
1459 4269 1728 4341 quomodo
1773 4271 1933 4325 mini-

338 4379 485 4425 stros
505 4383 694 4424 omnes
720 4369 911 4422 doceat
931 4375 989 4420 ut
1015 4381 1109 4420 sua
1131 4364 1351 4434 vestigia
1377 4361 1695 4433 sequantur?
1718 4361 1851 4417 Nam
1881 4361 1932 4416 id

336 4459 482 4532 quod
527 4459 643 4515 heri
673 4459 936 4525 dicebam,
965 4456 1067 4512 hoc
1093 4457 1219 4511 item
1247 4465 1300 4510 et
1338 4469 1479 4509 nunc
1521 4453 1642 4508 dico
1671 4469 1686 4506 :
1719 4462 1935 4524 propter

339 4553 448 4607 hoc
469 4551 582 4608 fere
611 4566 676 4606 ex
709 4551 801 4605 illo
827 4549 916 4606 die
945 4557 1268 4620 praeceptum
1294 4546 1458 4601 fuisse
1485 4562 1512 4598 a
1539 4545 1669 4611 Deo,
1718 4555 1775 4600 ut
1827 4545 1930 4599 im-

338 4655 549 4699 matura
579 4651 737 4697 nitate
758 4643 862 4697 hoc
889 4641 1129 4696 subirent
1155 4638 1329 4710 pueri,
1384 4652 1491 4706 quo
1520 4637 1722 4707 absque
1767 4653 1930 4692 sensu

338 4745 394 4789 ct
423 4733 608 4788 dolore
633 4732 948 4787 incisionem
978 4729 1158 4784 carnis
1183 4729 1408 4785 ferrent.

413 4826 585 4881 Brevis
624 4824 1020 4879 circumcisionis
1070 4839 1184 4876 cum
1247 4821 1546 4892 baptismate
1592 4820 1928 4890 comparatio.

339 4918 480 4972 Licet
511 4917 813 4973 Christianis
838 4917 968 4969 inter
991 4923 1160 4986 gentes
1213 4913 1399 4968 uersari
1424 4913 1694 4986 quomoda.
1722 4943 1794 4954 —
1825 4913 1931 4970 Vc-

341 5024 461 5063 rum
489 5007 766 5062 considera
795 5006 886 5061 Dei
916 5005 1318 5075 benignitatem,
1364 5013 1420 5059 et
1461 5003 1782 5058 ineffabilem
1813 5003 1932 5072 ejus

340 5115 467 5171 erga
501 5114 597 5154 nos
625 5096 1051 5154 beneficentiam.
1106 5096 1194 5150 Illa
1222 5097 1364 5151 enim
1393 5094 1728 5150 circumcisio
1775 5093 1932 5147 dolo-

344 5208 458 5246 rt-m
489 5189 673 5246 habuit
696 5200 749 5246 et
773 5189 1032 5254 laborem,
1066 5197 1122 5242 et
1147 5188 1289 5243 nulla
1320 5187 1420 5240 alia
1435 5203 1500 5242 ex
1521 5185 1933 5241 circumcisione

341 5284 442 5342 fuit
466 5285 686 5347 utilitas,
704 5299 861 5354 quam
883 5282 997 5338 haec
1007 5282 1140 5344 sola,
1157 5280 1298 5351 quod
1319 5296 1383 5336 ex
1403 5279 1504 5333 hoc
1519 5280 1669 5349 signo
1693 5278 1931 5349 dignosci

344 5388 585 5449 possent,
615 5387 672 5432 et
697 5378 764 5432 ab
789 5377 909 5431 aliis
929 5374 1178 5445 gentibus
1202 5380 1706 5444 sequestrarentur;
1750 5380 1930 5425 nostra

342 5479 522 5526 autem
551 5468 910 5532 circumcisio,
939 5467 1022 5522 vel
1053 5462 1408 5534 baptismatis,
1453 5463 1686 5532 inquam,
1720 5461 1889 5531 gratia
1913 5501 1928 5526 ,

345 5563 663 5620 medicinam
690 5560 851 5615 habet
878 5558 1010 5614 citra
1032 5557 1294 5622 dolorem,
1354 5555 1742 5624 iunumeraque
1793 5553 1930 5608 bona

345 5656 500 5710 nobis
529 5653 704 5720 affert,
726 5651 958 5722 Spiritus
987 5649 1154 5704 sancti
1183 5648 1350 5718 gratia
1383 5660 1480 5701 nos
1510 5645 1713 5714 implet,
1737 5654 1791 5699 et
1815 5643 1934 5699 nul-

346 5747 453 5801 lum
475 5745 756 5802 definitum
786 5741 949 5797 habet
971 5751 1184 5811 tempus
1203 5741 1342 5795 sicut
1363 5737 1506 5793 illic:
1527 5737 1621 5792 sed
1650 5738 1776 5793 licet
1799 5745 1850 5793 et
1877 5737 1930 5792 in

346 5839 536 5908 prima,
565 5845 623 5893 et
650 5837 704 5891 in
730 5833 931 5902 media,
958 5840 1014 5889 et
1036 5832 1090 5889 in
1117 5833 1300 5888 ultima
1326 5837 1484 5886 astate
1515 5829 1652 5884 hanc
1676 5843 1783 5884 non
1812 5845 1930 5885 ma-

347 5929 614 5986 nufactatn
638 5922 1100 5983 circumcisionem
1131 5923 1392 5994 recipere,
1421 5920 1474 5977 in
1501 5935 1604 5993 qua
1632 5935 1738 5975 non
1766 5919 1927 5976 susti-

1375 474 1441 532 ΙΝ
1480 476 1632 533 CAP.
1675 476 1861 534 XVIII.
1902 477 2148 536 GENES.
2193 477 2428 534 IIOMIL.
2471 477 2605 534 XLI.

3574 483 3679 542 επ

2085 601 2241 646 netnr
2269 593 2438 658 labor,
2484 591 2578 646 sed
2606 603 2945 662 peccatorum
2989 593 3334 664 deponuntur
3373 611 3574 664 onera,
3618 609 3674 652 ct

2084 687 2330 741 remissio
2361 688 2631 742 invenitur
2659 690 2898 743 omnium
2923 699 3283 758 peccatorum,
3314 707 3435 762 qua:
3459 708 3554 760 per
3582 703 3666 747 to-

2082 785 2188 830 tam
2216 778 2381 832 vitam
2408 786 2558 848 gesta
2584 787 2729 834 sunt.
2760 778 2968 849 Quippe
2991 795 3114 834 cum
3144 781 3404 852 benignus
3425 782 3563 837 Deus
3591 782 3675 836 vi-

2077 865 2156 920 dit
2181 881 2400 935 gravem
2419 877 2656 922 nostram
2684 867 3069 934 infirmitatem,
3103 885 3168 926 ac
3192 885 3288 926 nos
3309 871 3675 927 incurabiliter

2076 972 2420 1032 a-grotantes,
2443 977 2655 1018 summa
2683 963 2924 1034 indigere
2955 965 3240 1030 medicina,
3285 974 3446 1036 atque
3483 965 3676 1021 ineffa-

2075 1052 2166 1108 bili
2199 1053 2526 1124 benignitate
2549 1069 2562 1108 :
2587 1063 2826 1109 nostram
2849 1070 3044 1112 curans
3059 1057 3312 1125 salutem,
3344 1058 3567 1128 largitus
3587 1069 3671 1113 est

2072 1145 2228 1200 nobis
2259 1161 2354 1214 per
2382 1145 2651 1202 lavacrum
2693 1147 3114 1217 regenerationis
3145 1147 3579 1203 innovationem:
3613 1159 3671 1203 nt

2072 1236 2320 1306 deposito
2345 1237 2565 1294 homine
2586 1246 2794 1307 vetere,
2817 1237 2918 1294 hoe
2947 1248 3052 1307 est,
3107 1241 3362 1310 operibus
3383 1242 3556 1308 malis,
3615 1253 3670 1297 et

2071 1327 2244 1383 induti
2271 1343 2490 1395 novum,
2535 1330 2588 1384 in
2616 1330 2701 1385 via
2725 1329 2937 1386 virtutis
2965 1330 3298 1386 incedamus.
3334 1332 3529 1388 Verum
3560 1333 3703 1405 ite-1

2069 1435 2190 1476 rum
2215 1437 2332 1486 oro,
2360 1437 2428 1478 ne
2454 1421 2751 1479 deteriores
2797 1423 2967 1479 simus
3012 1423 3234 1494 ingratis
3273 1433 3330 1480 et
3377 1425 3663 1480 insensatis

2067 1511 2288 1570 Judtcis.
2319 1513 2399 1570 Illi
2415 1517 2557 1570 enim
2586 1515 2942 1586 suscipientes
2968 1516 3391 1572 circumcisionis
3409 1518 3662 1588 signacu-

2066 1605 2199 1672 lum,
2227 1608 2357 1662 satis
2399 1608 2500 1663 sibi
2529 1614 2812 1676 cavebant,
2840 1623 2910 1665 ne
2951 1609 3091 1665 ultra
3139 1625 3260 1665 cum
3308 1611 3554 1681 gentibus
3600 1626 3662 1666 se

2066 1699 2375 1766 miscerent,
2403 1709 2660 1770 quantum
2691 1700 2758 1756 ad
2781 1701 3182 1757 communionis
3202 1702 3462 1757 rationem
3491 1703 3658 1774 perti-

2066 1801 2192 1848 net:
2222 1801 2478 1863 quantum
2504 1803 2684 1850 autem
2707 1793 2773 1850 ad
2808 1794 3158 1864 impietatem,
3209 1809 3355 1865 szepe
3411 1795 3531 1849 illos
3574 1795 3658 1850 in-

2059 1886 2198 1956 grati
2228 1887 2575 1956 soperabant.
2604 1887 2713 1944 Nos
2761 1902 2893 1943 vero
2934 1902 3055 1942 cum
3106 1888 3275 1942 semel
3323 1887 3659 1956 suscepimus

2063 1979 2307 2047 baptismi
2344 1979 2828 2044 circumcisionem,
2881 1989 3038 2034 caute
3067 1987 3287 2049 tuteque
3316 1989 3497 2033 nostra
3547 1979 3658 2033 dis-

2061 2085 2366 2140 pensemus.
2401 2069 2516 2124 Non
2547 2070 2776 2126 dixerim
2801 2087 2905 2125 non
2939 2070 3101 2126 licere
3147 2071 3302 2125 nobis
3325 2071 3525 2125 versari
3581 2071 3654 2124 in-

2061 2172 2142 2216 ter
2165 2171 2355 2232 gentes
2388 2163 2522 2218 :sed
2552 2162 2604 2216 in
2638 2163 2851 2233 ριὀιιτίει
2878 2164 3029 2217 nobis
3069 2164 3269 2219 virtute
3318 2173 3600 2218 manentes
3632 2205 3650 2231 ,

2057 2253 2127 2307 ita
2154 2269 2275 2309 cum
2308 2254 2413 2309 illis
2441 2256 2890 2310 commisceantur
2912 2298 2926 2320 ,
2969 2263 3030 2310 ut
3055 2255 3120 2309 ad
3150 2255 3290 2326 piam
3323 2271 3418 2311 eos
3446 2265 3654 2327 pertra-

2057 2344 2247 2399 hamns
2281 2343 2618 2415 religionem,
2665 2361 2730 2401 ac
2757 2361 2852 2415 per
2883 2346 3143 2401 bonorum
3196 2361 3418 2417 operum
3472 2361 3652 2401 exent-

2056 2437 2201 2505 plum
2223 2436 2484 2490 doctrinae
2512 2437 2592 2492 eis
2608 2446 2855 2492 auctores
2879 2439 3069 2493 simus.
3098 2439 3172 2492 Ea
3197 2438 3340 2493 enim
3370 2438 3438 2493 de
3480 2453 3640 2492 causa

2053 2527 2353 2582 connnnnis
2400 2529 2641 2582 omnium
2683 2529 2941 2584 Dominus
2983 2529 3224 2598 permisit
3249 2529 3407 2584 simul
3444 2530 3647 2584 versari

2053 2617 2224 2672 bonos
2241 2627 2295 2673 et
2320 2618 2512 2686 malos,
2543 2621 2663 2690 pios
2689 2631 2744 2674 et
2773 2619 2989 2689 impius,
3043 2629 3102 2674 ut
3133 2619 3258 2673 boni
3313 2618 3647 2674 lucrifaciant

2052 2711 2246 2777 malos,
2269 2720 2324 2765 et
2365 2710 2456 2780 qui
2507 2710 2562 2764 in
2584 2711 2783 2765 malitia
2831 2711 3006 2766 adhuc
3031 2711 3358 2779 detinentur,
3391 2712 3648 2766 manudn-

2049 2814 2236 2856 cantur
2258 2801 2326 2856 ad
2351 2802 2623 2872 pietatem.
2653 2801 2797 2856 Nihil
2837 2802 2980 2856 enim
3030 2802 3165 2856 adeo
3205 2803 3447 2857 studiose
3488 2811 3646 2856 curat

2051 2897 2212 2961 Deus,
2241 2905 2298 2949 ut
2325 2895 2553 2949 salutem
2581 2894 2904 2949 animarum.
2933 2893 3168 2949 Proinde
3189 2895 3436 2959 obsecro,
3464 2909 3532 2948 ne
3556 2909 3644 2948 cu-

2047 3003 2160 3043 ram
2185 2987 2503 3057 abjiciamus
2534 3003 2707 3056 neque
2740 2987 2930 3052 nostri,
2975 3002 3148 3056 neque
3177 2987 3423 3040 aliorum.
3469 2987 3643 3053 Quan-

2048 3091 2158 3136 tum
2184 3081 2250 3135 ad
2283 3097 2382 3136 nos
2405 3081 2618 3145 attinet,
2649 3081 2720 3135 ita
2771 3079 3112 3134 instituamus
3164 3079 3323 3133 vitam
3349 3120 3364 3145 ,
3415 3088 3474 3134 ut
3526 3079 3641 3133 Deo

2045 3173 2298 3243 placitum
2319 3181 2405 3227 est
2432 3187 2449 3224 :
2479 3181 2739 3242 quantum
2768 3179 2945 3226 autem
2967 3170 3032 3223 ad
3060 3171 3385 3238 proximum,
3434 3171 3513 3225 sic
3559 3171 3641 3224 lu-

2043 3281 2262 3321 ceamus
2291 3265 2600 3327 virtutibus,
2626 3272 2686 3318 ut
2713 3264 2875 3318 etiam
2903 3261 3192 3316 silentibus
3219 3259 3400 3327 nobis,
3448 3276 3639 3315 onmcs

2042 3367 2305 3430 quotquot
2333 3372 2432 3412 nos
2476 3356 2659 3412 vident
2698 3355 2830 3411 satis
2868 3353 3186 3410 doceantur.
3234 3352 3367 3409 Nam
3413 3353 3554 3407 sicut
3591 3353 3636 3407 si

2041 3450 2238 3504 virtute
2261 3449 2466 3519 praediti
2484 3450 2674 3512 sinms,
2697 3447 2929 3502 maxima
2959 3458 3015 3502 et
3035 3446 3136 3514 ipsi
3162 3445 3488 3500 lucrabimur
3513 3484 3530 3508 ,
3579 3453 3637 3499 et

2043 3541 2350 3598 inﬁdelibus
2377 3540 2496 3595 usui
2518 3541 2721 3594 erimus
2748 3556 2762 3593 :
2791 3539 2862 3592 ita
2894 3539 2938 3592 si
2969 3537 3305 3607 negligentes
3331 3534 3587 3589 fuerimus
3616 3573 3634 3596 ,

2041 3642 2095 3688 et
2117 3632 2214 3702 ipsi
2245 3647 2492 3702 magnam
2521 3631 2759 3686 feremus
2785 3644 3022 3698 poenam,
3054 3639 3107 3683 et
3127 3626 3473 3681 aliisoccasio
3487 3640 3638 3680 scan-

2039 3724 2146 3780 dali
2165 3725 2385 3779 erimus.
2409 3725 2558 3778 Sicut
2584 3723 2726 3776 enim
2746 3722 2995 3776 virtutem
3025 3718 3316 3789 amplexati
3357 3716 3627 3786 duplicem

2040 3817 2346 3873 mercedem
2375 3831 2404 3870 a
2437 3816 2549 3871 Deo
2578 3815 2893 3885 acctpimus,
2938 3822 3048 3866 tum
3075 3811 3217 3882 quod
3249 3809 3349 3880 ipsi
3381 3809 3636 3863 virtutem

2038 3922 2411 3972 exerceamus,
2437 3915 2546 3960 tmn
2563 3905 2706 3974 quod
2728 3905 2864 3959 alios
2885 3903 2950 3957 ad
2969 3903 3180 3959 virtutis
3198 3902 3632 3956 communionem

2041 4000 2352 4055 trabamus:
2380 4000 2450 4053 ita
2495 4000 2540 4053 si
2571 3999 2623 4052 in
2671 3997 2908 4067 nequitia
2953 4010 3267 4060 versemur,
3309 4009 3412 4047 non
3460 3995 3633 4048 solum

2041 4093 2292 4161 punimur
2318 4089 2461 4160 quod
2513 4089 2610 4158 ipsi
2655 4088 3018 4158 peccavimus,
3074 4085 3169 4140 sed
3222 4096 3278 4139 et
3319 4085 3460 4152 quod
3513 4083 3633 4138 aliis

2037 4182 2293 4238 seandalo
2321 4180 2539 4235 fuimus.
2579 4179 2778 4235 Verum
2807 4179 2951 4232 absit
2979 4187 3038 4232 ut
3065 4177 3261 4246 aliquis
3304 4191 3491 4230 eorum
3541 4177 3631 4244 qui

2039 4275 2127 4330 hic
2151 4284 2299 4338 sunt,
2321 4274 2373 4327 in
2403 4271 2708 4342 huiusmodi
2731 4279 2873 4325 statu
2899 4277 3166 4333 versetur,
3197 4266 3291 4322 sed
3313 4283 3412 4320 nos
3440 4281 3631 4321 omnes

2037 4365 2105 4420 ad
2125 4363 2499 4420 :ediiicaudum
2521 4377 2614 4418 eos
2632 4361 2723 4431 qui
2746 4376 2844 4414 nos
2857 4359 3060 4426 vident,
3079 4359 3245 4412 vitam
3269 4357 3630 4423 instituamus,

2039 4467 2095 4513 ut
2119 4457 2390 4529 possimus
2423 4469 2614 4524 magna
2645 4453 2836 4508 fiducia
2881 4461 3029 4507 stare
3056 4449 3200 4522 apud
3229 4447 3461 4504 tribunal
3486 4445 3638 4501 Chri-

2037 4551 2126 4617 sti,
2151 4560 2207 4607 et
2223 4548 2508 4605 ineffabilia
2531 4548 2618 4603 illa
2643 4547 2780 4602 bona
2807 4545 3065 4616 consequi
3094 4561 3108 4598 :
3132 4559 3253 4614 qua:
3279 4543 3435 4598 nobis
3460 4540 3633 4596 omni-

2039 4644 2141 4700 bus
2169 4643 2562 4708 concedantnr,
2594 4641 2764 4712 gratia
2790 4649 2848 4695 et
2867 4638 3198 4710 benignitate
3223 4635 3433 4691 Domini
3464 4632 3632 4688 nostri

2036 4737 2164 4793 Jesu
2191 4736 2415 4801 Christi,
2461 4751 2583 4791 cum
2624 4750 2734 4806 quo
2784 4733 2927 4788 Patri
2976 4741 3031 4787 et
3079 4739 3269 4786 sancto
3302 4727 3522 4798 Spiritui
3563 4726 3635 4778 sit

2036 4829 2229 4901 gloria,
2255 4829 2428 4883 honor
2455 4835 2510 4883 ct
2541 4825 2848 4896 imperium,
2879 4837 3022 4877 nunc
3047 4830 3103 4876 et
3117 4834 3359 4890 semper,
3384 4828 3443 4876 ct
3461 4817 3636 4871 inste-

2036 4921 2154 4976 cula
2179 4920 2519 4974 szecnlorum.
2549 4917 2743 4971 Amen.

2613 5044 2890 5101 Il0.\llL|A
2921 5043 3058 5100 XLI.

2037 5163 2291 5235 Apparuit
2334 5170 2500 5216 autem
2547 5159 2681 5211 Deus
2738 5157 2953 5210 Abrahae
2986 5154 3125 5224 apud
3165 5169 3404 5220 quercum
3463 5151 3630 5204 Mom-

2109 5256 2196 5309 bre
2218 5296 2233 5320 ,
2259 5253 2462 5308 sedente
2495 5251 2604 5320 ipso
2629 5251 2697 5302 ad
2725 5251 2936 5320 iamiam
2967 5244 3280 5300 tabernaculi
3319 5243 3400 5297 sui
3425 5239 3636 5296 meridie

2111 5347 2282 5418 (Gen.
2314 5345 2400 5401 is.
2434 5342 2524 5412 t).

2111 5459 2166 5513 1.
2192 5454 2610 5513 Cunctabundus
2650 5453 2830 5515 hodie,
2861 5466 2960 5506 nec
2989 5449 3278 5504 admodum
3326 5447 3519 5501 alacris
3565 5445 3634 5500 ad

2039 5547 2338 5604 docendum
2372 5544 2845 5612 enarrandunnpte
2885 5541 3104 5596 accedo.
3140 5537 3275 5594 Nam
3302 5552 3425 5592 cum
3457 5545 3636 5591 mente

2041 5648 2252 5710 reputo,
2272 5639 2426 5693 nobis
2440 5635 2680 5708 quotidie
2697 5632 3162 5696 concionantiints,
3198 5629 3633 5690 admonentibus,

2040 5741 2095 5789 et
2121 5729 2396 5800 spirituale
2425 5728 2529 5784 hoc
2558 5725 2709 5781 vobis
2735 5724 3040 5780 convivium
3063 5719 3474 5792 opponentibus,
3503 5719 3639 5772 mul-

2043 5833 2126 5880 tos
2177 5838 2243 5878 ex
2283 5821 2367 5877 his
2395 5820 2526 5891 ipsis
2576 5817 2667 5888 qui
2694 5817 2910 5884 adsunt,
2952 5824 3007 5871 et
3035 5813 3328 5886 spiritualis
3355 5810 3512 5880 hujus
3535 5808 3634 5862 do-

2045 5917 2256 5986 ctrinae,
2281 5931 2344 5974 ac
2372 5911 2664 5973 tremenda:
2689 5907 3048 5982 terribilisque
3077 5922 3280 5966 mensa:
3317 5913 3442 5960 sunt
3462 5895 3630 5972 parti-
