4060 6434
463 423 572 482 37$

461 538 631 610 cipes,
671 543 812 592 totos
834 533 951 590 dies
983 534 1035 589 in
1059 533 1362 604 spectandis
1389 533 1528 590 ludis
1565 534 1902 604 equestribus
1932 548 2051 603 per-

463 629 626 692 dere,
680 635 737 684 et
788 625 1007 698 perinde
1054 634 1215 696 atque
1271 626 1316 680 si
1376 641 1482 680 non
1523 625 1875 688 doceremus,
1925 623 2055 678 nihil

463 718 744 788 prolicere,
768 719 862 774 sed
900 718 1052 790 quasi
1078 717 1452 773 consuetudini
1487 717 1716 786 cuipiam
1737 718 2054 784 servientes,

461 811 507 866 si
551 820 756 866 tantum
793 819 996 866 annuat
1021 810 1099 865 eis
1130 810 1397 875 diabolus,
1437 825 1532 864 sua
1560 819 1752 879 sponte
1777 824 2058 866 accurrere

461 901 531 957 ad
557 903 719 974 impia
750 903 837 959 illa
884 902 1212 973 Spectacula,
1243 913 1296 957 et
1335 903 1541 971 seipsos
1585 902 1815 957 libenter
1841 903 2053 972 malignt

460 993 723 1048 daemonis
764 994 1058 1065 illaqueare
1087 994 1310 1060 retibus,
1337 1002 1393 1048 et
1417 1009 1589 1064 neque
1610 1002 1846 1048 nostram
1874 993 2064 1047 admo-

461 1085 747 1152 nitionem,
801 1101 975 1155 neque
1023 1085 1315 1155 periculum
1360 1085 1555 1154 ipsum,
1604 1099 1778 1155 neque
1814 1083 2056 1138 inutiletn

461 1177 634 1246 ipsam
657 1177 1135 1247 trequentationem
1163 1176 1424 1233 doctrina:
1451 1177 1570 1232 loco
1597 1178 1678 1232 eis
1701 1192 1822 1232 esse
1845 1190 2006 1248 posse
2041 1194 2057 1231 :

463 1281 573 1339 quo
600 1283 732 1339 ergo
754 1268 977 1340 posthac
999 1268 1180 1322 animo
1223 1267 1522 1323 doctrinam
1574 1267 1873 1336 impertiam
1929 1268 2059 1321 viris

465 1376 537 1416 ex
560 1360 717 1416 dictis
737 1361 934 1415 nostris
971 1361 1099 1416 nihil
1125 1361 1259 1417 lucri
1291 1362 1468 1416 facere
1489 1361 1870 1430 cupientibus?
1897 1361 1966 1417 Et
1991 1376 2059 1420 ne

465 1451 697 1506 mireris.
723 1452 996 1522 Siquidem
1027 1462 1082 1507 et
1107 1452 1361 1522 agricola,
1385 1467 1508 1508 cum
1536 1461 1658 1521 post
1681 1452 1879 1507 multos
1905 1453 2059 1508 labo-

462 1558 551 1599 res
575 1552 631 1598 et
649 1559 919 1600 aerumnas
945 1545 1184 1600 sterilem
1220 1544 1365 1600 videt
1389 1559 1597 1615 agrum,
1645 1560 1818 1616 neque
1842 1545 2058 1616 dignam

460 1636 735 1693 laboribus
762 1636 1064 1692 mercedem
1113 1636 1449 1704 reddentem,
1497 1637 1714 1708 segnior
1748 1638 1815 1693 ad
1854 1639 2060 1708 jacien-

461 1728 591 1784 dum
619 1744 825 1793 semen,
855 1744 962 1784 non
984 1729 1095 1799 pari
1124 1729 1402 1786 alacritate
1423 1731 1801 1800 agriculturam
1819 1742 2056 1788 exercet.

463 1820 526 1876 Et
547 1821 786 1877 medicus
807 1821 992 1876 videns
1015 1819 1282 1876 inﬁrmum
1304 1821 1416 1876 suis
1434 1822 1698 1878 mandatis
1721 1839 1828 1878 non
1855 1824 2063 1880 obtem-

462 1929 675 1982 perare,
718 1913 814 1968 sed
856 1922 1134 1969 vacantem
1173 1914 1411 1984 quotidie
1439 1914 1504 1972 iis
1531 1931 1650 1986 quae
1689 1919 1933 1972 morbum
1959 1933 2060 1972 au-

461 2015 608 2075 gent,
644 2020 1015 2075 saepenumero
1043 2006 1098 2060 in
1136 2021 1231 2062 sua
1258 2006 1404 2061 illum
1445 2007 1761 2077 :cgritudine
1788 2009 2056 2080 relinquit,

466 2108 520 2151 ut
549 2098 879 2165 experientia
912 2098 1026 2168 ipsa
1066 2108 1243 2153 utatur
1286 2101 1562 2169 magistra,
1603 2110 1660 2154 ut
1693 2115 1756 2156 ea
1799 2117 1920 2172 qu:e
1959 2103 2061 2158 sibi

462 2189 670 2257 prosint
707 2188 929 2244 ediscat.
970 2188 1228 2245 Similiter
1261 2201 1315 2244 et
1363 2191 1452 2261 qui
1505 2190 1817 2261 di~cipliuas
1864 2208 2061 2263 pueros

462 2282 678 2346 docent,
708 2282 952 2338 videntes
1005 2283 1123 2338 illos
1179 2283 1356 2353 priora
1407 2298 1683 2355 respuere,
1731 2296 1787 2340 ct
1829 2288 2064 2357 abjicere

461 2388 650 2427 eorum
680 2387 798 2442 qtae
827 2382 984 2428 antea
1011 2373 1190 2429 edocti
1213 2384 1338 2429 sunt
1364 2380 1696 2438 memoriam,
1730 2391 1876 2447 sirpe
1902 2395 2060 2434 aver-

463 2473 651 2518 santur
669 2505 684 2528 ,
713 2465 792 2518 sic
816 2463 1193 2534 negligentiam
1224 2480 1411 2519 eorum
1437 2468 1753 2534 correcturi,
1775 2478 1828 2524 et
1848 2469 1916 2523 ad
1943 2485 2059 2524 ma-

461 2557 550 2625 jus
572 2556 806 2610 studium
839 2556 1132 2612 reduciuri.

541 2650 831 2704 Stcculares
873 2649 1073 2704 labores
1120 2667 1234 2704 cum
1283 2651 1632 2721 spiritualibus
1674 2667 2058 2726 comparantur.

466 2740 591 2794 Non
611 2741 884 2810 fraudatur
903 2742 1148 2807 mercede,
1165 2745 1251 2812 qui
1267 2745 1524 2798 auditores
1548 2762 1646 2800 non
1670 2747 1844 2816 flectit.
1865 2778 1934 2788 —
1954 2749 2058 2806 Vc-

464 2843 765 2888 rmntamen
782 2834 1014 2905 agricola
1025 2834 1241 2904 quidem
1257 2835 1447 2890 merito
1463 2838 1679 2907 segnior
1695 2853 1840 2909 saepe
1859 2841 2058 2910 evadit,

459 2926 586 2995 quia
616 2924 759 2980 videt
776 2925 1029 2980 damnum
1067 2939 1223 2981 suum
1256 2927 1429 2997 majus
1463 2929 1597 2993 ﬁeri,
1644 2940 1828 3000 utpote
1850 2935 1939 3004 qui
1978 2934 2061 2990 la-

466 3015 652 3070 borem
679 3025 732 3070 et
746 3026 990 3087 sumptus
1020 3016 1176 3082 ferat,
1200 3027 1256 3074 et
1299 3020 1560 3076 fructibus
1583 3021 1922 3080 destituatur.
1953 3025 2064 3082 Me-

464 3111 619 3165 dicus
667 3121 843 3164 autem
873 3126 978 3166 non
1012 3111 1278 3167 immerito
1315 3128 1516 3184 aegrum
1570 3131 1714 3187 smpe
1765 3119 2012 3190 relinquit
2042 3137 2059 3175 :

461 3216 664 3271 corpus
705 3202 849 3257 enim
882 3211 965 3258 est
991 3203 1132 3272 quod
1158 3212 1394 3270 curatur,
1427 3215 1482 3260 et
1511 3215 1730 3276 pmpter
1756 3208 1859 3265 hoc
1882 3212 2064 3268 dimit-

464 3294 564 3359 tit,
589 3306 644 3347 ut
673 3293 875 3349 doloris
903 3294 1143 3349 accessio
1172 3296 1224 3348 in
1251 3295 1422 3350 morbi
1446 3312 1665 3353 sensum
1691 3300 1871 3366 ducat,
1903 3312 1958 3358 et
1982 3304 2064 3360 sic

463 3385 679 3440 tandem
700 3386 1020 3441 medicinam
1047 3401 1151 3440 non
1181 3397 1420 3456 reSpuat.
1445 3389 1696 3457 Magister
1719 3404 1901 3450 autem
1927 3395 2058 3464 ludi,

462 3490 533 3529 co
556 3475 698 3545 quod
726 3485 906 3530 tenera
934 3485 1059 3531 sunt
1083 3487 1263 3543 aetate,
1295 3479 1492 3534 utiliter
1519 3496 1916 3554 nonnumquam
1949 3487 2061 3556 pla-

461 3570 547 3640 gis
575 3584 771 3638 pueros
801 3569 1049 3639 castigat.
1109 3568 1307 3626 Verum
1347 3587 1446 3626 nos
1477 3571 1636 3628 hodie
1682 3586 1906 3631 cunctos
1938 3578 2062 3634 illos

462 3672 815 3731 superantes,
867 3661 969 3716 hoc
1019 3677 1238 3733 agemus
1283 3673 1343 3718 ut
1381 3677 1663 3734 paternum
1707 3685 1833 3739 erga
1882 3671 2062 3742 lapsos

462 3766 706 3807 amorem
731 3751 1086 3815 declaremus,
1117 3763 1167 3808 et
1209 3754 1519 3819 doceamus,
1552 3757 1596 3812 si
1639 3759 1692 3812 in
1745 3761 1832 3814 illa
1889 3764 2060 3834 negli-

463 3846 640 3916 gentia
671 3845 1004 3911 manserint,
1036 3861 1131 3900 eos
1170 3847 1291 3900 inde
1317 3850 1574 3916 majorem
1599 3851 2060 3913 condeinnatLonis

461 3953 678 3992 causam
731 3937 1025 3993 habituros.
1080 3937 1214 3993 Nam
1263 3941 1494 4010 agricola
1534 3943 1748 4012 quidem
1784 3961 1891 4002 non
1946 3951 2059 4017 pari

463 4031 740 4086 alacritate
761 4030 1031 4096 seminat,
1060 4031 1304 4100 eogitans
1333 4042 1579 4102 sumptus
1605 4034 1866 4092 hactenus
1895 4040 2061 4098 fuisse

463 4125 682 4181 inutiles
709 4143 724 4181 :
753 4139 851 4179 nos
873 4138 1053 4180 autem
1085 4125 1155 4180 ab
1183 4123 1286 4181 hac
1327 4141 1453 4180 cura
1482 4127 1636 4183 liberi
1684 4145 1890 4185 sumus.
1923 4132 2061 4192 Nam

466 4218 590 4272 licet
625 4216 772 4286 jacto
796 4217 1058 4286 spirituali
1098 4220 1340 4284 semine,
1368 4220 1437 4276 ob
1464 4220 1766 4277 auditorum
1797 4225 2060 4294 ignaviam

463 4307 695 4363 fructum
722 4324 827 4364 non
852 4309 1145 4379 capiamus,
1172 4312 1407 4380 perlecta
1453 4313 1608 4368 nobis
1651 4323 1828 4372 tamen
1883 4318 2059 4377 l'ntura

463 4416 677 4456 merces
707 4417 723 4456 :
748 4402 1032 4470 pecuniam
1074 4403 1217 4456 enim
1247 4403 1614 4460 concreditam
1661 4409 2017 4477 expendimus
2038 4453 2056 4480 ,

463 4501 522 4547 et
549 4493 859 4548 mandatum
896 4494 1106 4548 Dotuini
1137 4495 1476 4564 implevimus
1509 4508 1802 4556 :ceterum
1835 4504 2059 4572 posthac

463 4583 736 4638 auditores
788 4582 1050 4638 rationem
1094 4584 1320 4638 reddent
1353 4586 1404 4640 ei
1447 4586 1538 4655 qui
1586 4590 1890 4645 concredita
1934 4609 2057 4650 cum

463 4694 626 4734 usura
663 4677 988 4748 repetiturus
1037 4687 1142 4733 est.
1177 4677 1371 4732 Verum
1398 4677 1504 4733 hoc
1546 4695 1645 4734 nos
1675 4697 1780 4736 non
1806 4686 2063 4742 conside-

461 4786 665 4837 ramus,
692 4785 789 4825 nos
812 4779 963 4826 extra
1000 4770 1253 4825 damnum
1279 4785 1420 4836 esse,
1450 4781 1506 4826 et
1532 4773 1673 4842 quod
1704 4785 1945 4830 nostrum
1976 4786 2063 4832 est

465 4865 692 4934 implere
723 4882 740 4920 :
767 4864 862 4918 sed
890 4865 1136 4917 volmnns
1166 4873 1224 4917 ut
1252 4872 1306 4916 et
1346 4879 1441 4919 vos
1469 4880 1536 4919 ex
1574 4865 1924 4922 dinumeratis
1963 4885 2058 4939 pe-

461 4958 634 5010 cuniis
665 4957 889 5011 multum
933 4955 1297 5026 negotiemini,
1347 4966 1498 5012 utne
1539 4957 1753 5013 obnoxii
1780 4959 1898 5015 sitis
1927 4978 2060 5032 sup-

465 5047 621 5115 plicio
655 5046 798 5116 quod
829 5046 924 5100 luit
952 5047 1039 5100 ille
1067 5049 1153 5115 qui
1185 5047 1437 5101 talentum
1461 5047 1777 5112 recondidit,
1805 5059 1859 5104 et
1885 5051 2044 5106 domi-

463 5139 637 5193 nicam
669 5139 949 5208 pecuniam
992 5155 1096 5190 non
1122 5139 1294 5192 solum
1330 5155 1435 5192 non
1467 5139 1856 5211 multiplicavit,
1886 5143 1979 5198 sed
2004 5153 2062 5199 et

463 5230 632 5296 ipsam
675 5232 730 5284 in
759 5241 899 5284 terra
926 5228 1150 5285 defodit.
1177 5228 1336 5285 Tales
1375 5239 1520 5298 sunt,
1546 5233 1636 5301 qui
1657 5231 1915 5288 doctrinae
1937 5249 2058 5288 ser-

463 5337 649 5376 mones
697 5321 919 5375 audiuut
967 5320 1269 5393 (talentum
1317 5323 1459 5375 enim
1509 5323 1610 5377 hoc
1639 5336 1790 5379 vocat
1818 5333 2060 5394 etpecu-

463 5413 675 5487 niam),
726 5430 898 5482 neque
937 5429 1155 5484 operam
1204 5413 1334 5468 dant
1387 5423 1445 5468 ut
1482 5415 1712 5469 fructum
1751 5406 1978 5470 afferant
2001 5425 2057 5471 et

462 5503 691 5558 multum
753 5504 1110 5574 negotientur.
1161 5504 1268 5559 Sed
1331 5503 1468 5559 forte
1518 5505 1712 5559 dixerit
1750 5506 2053 5575 quispiam,

463 5596 767 5666 parabolatn
804 5598 959 5652 istam
1011 5597 1330 5652 talentorum
1377 5596 1446 5652 de
1486 5596 1795 5652 doctoribus
1823 5614 1943 5652 esse
1968 5598 2055 5652 di-

463 5698 626 5744 ctam.
657 5687 709 5743 Id
739 5705 839 5759 ego
865 5705 1077 5760 quoque
1100 5690 1290 5745 fateor.
1321 5687 1522 5745 Verum
1548 5690 1593 5744 si
1622 5689 1910 5760 diligenter
1934 5706 2052 5746 eam

463 5779 802 5849 scruteminl,
841 5781 1021 5836 scietis
1056 5782 1336 5838 doctorum
1363 5783 1577 5852 quidem
1619 5783 1856 5838 cilicium
1897 5799 2050 5853 esse,

455 5874 808 5932 dinumerare
827 5872 1106 5945 pecuniam
1135 5889 1150 5925 :
1178 5871 1274 5929 sed
1302 5887 1398 5928 vos
1419 5888 1524 5929 non
1552 5874 1726 5929 solum
1753 5874 2048 5946 depositam

1218 421 1274 478 S.
1313 422 1592 480 JOANNIS
1629 419 2105 478 Cllll‘YSOSTOMI
2147 419 2464 477 ARtllllEP.
2505 423 3043 483 CONSTANTKNOP.

3649 438 3750 498 575

2171 533 2484 600 custodire,
2539 533 2636 591 sed
2683 538 2844 592 etiam
2893 539 3152 608 negotiari
3213 539 3439 598 debetis.
3492 545 3642 614 Quod
3697 563 3750 604 ut

2163 623 2372 690 discas,
2404 639 2582 694 operm
2609 630 2837 696 pretium
2859 628 3021 685 fuerit
3057 646 3177 686 eam
3203 634 3256 686 in
3285 635 3514 690 medimu
3538 637 3746 696 aﬂerre.

2165 714 2547 787 Paterfamilias
2591 721 2800 788 quidam
2817 760 2832 784 ,
2884 721 3072 792 inquit,
3139 740 3345 797 peregre
3398 730 3714 798 proﬁciscens
3731 775 3748 793 .

2107 843 2124 868 π
2164 809 2352 862 vocavit
2377 824 2545 864 servos
2564 827 2705 877 suos,
2736 822 2782 867 et
2803 813 2941 868 dedit
2965 816 3054 869 uni
3072 817 3275 886 quidem
3303 821 3492 874 talenta
3517 824 3748 892 qumque,

2165 898 2256 951 alii
2307 909 2477 954 au'em
2517 901 2641 966 duo,
2689 904 2781 957 alii
2825 921 2939 959 vero
2981 923 3157 961 unum.
3190 907 3318 965 Post
3347 914 3556 967 multum
3589 927 3749 970 autem

2164 997 2380 1058 tempus.
2425 1008 2540 1046 cum
2591 995 2872 1050 advenisset
2922 998 3048 1068 ipse,
3089 1013 3327 1056 venerunt
3373 1006 3502 1059 servi
3528 1022 3546 1061 :
3574 1019 3623 1061 et
3673 1009 3754 1064 illc

2163 1080 2363 1148 quidem
2391 1084 2480 1152 qui
2525 1096 2787 1155 acceperat
2824 1088 3042 1158 quinque
3067 1091 3279 1160 talenta,
3315 1097 3517 1150 accessit
3547 1098 3751 1155 dicens:

2164 1170 2400 1240 Domine,
2432 1175 2651 1246 quinque
2674 1178 2861 1232 talenta
2899 1182 3156 1237 tradidisti
3183 1185 3329 1255 mihi,
3351 1203 3464 1242 ecce
3477 1188 3580 1243 alia
3623 1193 3754 1260 quin-

2163 1280 2260 1332 que
2285 1267 2474 1320 talenta
2507 1268 2890 1336 superlucratus
2915 1289 3028 1326 sunt
3072 1274 3299 1345 (Matth.
3325 1277 3418 1334 25.
3444 1279 3532 1335 Η.
3557 1281 3643 1336 15.
3672 1285 3751 1338 l9.

2164 1353 2290 1422 20).
2324 1356 2511 1428 Magna
2544 1360 2684 1415 servi
2723 1362 2894 1431 gratia
2921 1372 2977 1418 et
3006 1365 3265 1435 probitas,
3309 1369 3454 1444 larga
3484 1372 3644 1427 etiai
3664 1373 3757 1427 do-

2165 1450 2295 1505 mini
2333 1451 2652 1524 benignitas.
2686 1455 2751 1510 Et
2793 1457 2920 1527 quid
2953 1459 3120 1515 dicit?
3163 1458 3329 1532 Euge,
3363 1479 3503 1517 serve
3549 1464 3676 1520 boue
3711 1475 3755 1518 vt

2165 1541 2352 1610 fidelis,
2382 1559 2536 1613 super
2563 1561 2729 1616 pauca
2757 1548 2902 1617 fuisti
2923 1548 3112 1618 ﬁdelis,
3144 1567 3296 1622 super
3320 1554 3480 1608 multa
3506 1566 3554 1609 te
3579 1558 3756 1610 consti-

2165 1642 2305 1688 tuam
2325 1649 2347 1689 :
2365 1635 2628 1706 ingredere
2652 1638 2704 1692 in
2729 1640 2974 1710 gaudium
2996 1643 3187 1696 domini
3211 1643 3285 1697 tui
3303 1644 3512 1715 (Matth.
3532 1647 3622 1702 25.
3643 1648 3752 1718 21).

2166 1725 2454 1794 Quoniam,
2483 1728 2674 1800 inquit,
2706 1731 2758 1786 in
2781 1731 2846 1787 iis
2873 1747 2994 1802 quas
3033 1732 3126 1789 tibi
3152 1735 3353 1790 credita
3373 1746 3520 1805 sunt,
3551 1749 3754 1809 gratum

2171 1834 2281 1888 pra:
2311 1831 2364 1874 te
2389 1821 2556 1876 tulisti
2582 1824 2844 1890 animum,
2868 1824 3060 1895 dignus
3105 1840 3165 1881 es
3205 1827 3292 1882 cui
3333 1837 3388 1882 et
3419 1829 3622 1900 majora
3650 1841 3754 1886 tm-

2166 1909 2381 1963 dantur.
2421 1910 2642 1967 Accessit
2670 1925 2838 1967 autem
2878 1924 2925 1969 et
2971 1916 3057 1986 qui
3111 1916 3213 1970 duo
3247 1917 3436 1971 talenta
3469 1933 3751 1992 acceperat,

2167 2001 2339 2055 dicens
2367 2021 2387 2059 :
2417 2001 2602 2058 Nonne
2635 2005 2738 2060 duo
2767 2007 2957 2061 talenta
2985 2009 3111 2061 mihi
3140 2010 3438 2064 tradidisti?
3484 2010 3621 2067 Ecce
3660 2015 3758 2067 alia

2169 2094 2270 2148 duo
2300 2095 2524 2150 lucratus
2566 2115 2678 2153 sum
2720 2100 2926 2170 insuper
2957 2100 2977 2172 (
2993 2100 3021 2154 Ι
3028 2102 3132 2156 bid.
3167 2121 3215 2157 ιν.
3243 2102 3371 2176 22).
3398 2104 3585 2174 Magna
3610 2107 3760 2177 hujus

2168 2203 2382 2259 quoque
2403 2189 2545 2245 circa
2577 2192 2825 2260 pecunias
2851 2193 3053 2248 domini
3088 2196 3169 2250 sui
3191 2212 3318 2252 cura
3340 2207 3395 2252 et
3423 2198 3756 2264 sollicitudo;

2172 2281 2312 2336 unde
2336 2290 2392 2337 et
2417 2282 2605 2339 eadem
2635 2299 2753 2354 qua:
2779 2287 3023 2356 superior
3067 2289 3292 2345 meritus
3343 2301 3444 2346 est.
3489 2291 3560 2346 Et
3601 2310 3759 2363 «mare

2171 2371 2259 2428 ille
2279 2373 2368 2443 qui
2391 2373 2497 2429 duo
2517 2375 2693 2430 attulit
2713 2377 2932 2445 talenta,
2954 2379 3200 2436 eumdem
3225 2385 3573 2453 consequitur
3594 2387 3758 2439 llOttti-

2171 2479 2307 2530 rem,
2336 2481 2496 2535 quem
2529 2466 2616 2521 ille
2630 2468 2718 2536 qui
2745 2469 2937 2524 talenta
2960 2471 3195 2540 quinque
3217 2475 3507 2530 attulerat?
3535 2476 3723 2531 Merito
3746 2498 3759 2534 :

2170 2559 2530 2613 accretionem
2566 2560 2797 2614 enimet
2845 2561 3270 2619 imminutionem
3321 2582 3426 2620 non
3471 2567 3559 2621 vel
3611 2569 3761 2637 hujus

2171 2649 2476 2720 diligentia,
2504 2650 2587 2706 vel
2612 2650 2752 2706 illius
2788 2653 3109 2724 negligentia
3133 2654 3282 2721 fecit,
3313 2657 3408 2713 sed
3431 2661 3762 2715 concredita

2171 2759 2290 2799 rum
2315 2744 2527 2799 modus.
2553 2744 2686 2800 Nam
2713 2746 2855 2816 quod
2885 2747 2952 2802 ad
3003 2747 3330 2816 diligentiam
3357 2753 3572 2819 attinet,
3609 2755 3763 2807 ambo

2169 2851 2326 2907 pares
2349 2835 2601 2904 luerunt;
2647 2837 2871 2908 proinde
2913 2847 2968 2896 et
3013 2840 3254 2897 eamdem
3281 2847 3761 2900 remunerationem

2169 2928 2308 2983 nacti
2344 2936 2488 2984 sunt.

2231 3018 2288 3072 2.
2315 3018 2512 3076 Verum
2536 3019 2677 3076 alius
2712 3021 2802 3077 ille
2843 3022 2975 3077 nihil
3032 3024 3137 3079 tale
3193 3025 3391 3081 fecerat
3419 3044 3432 3079 :
3456 3025 3555 3082 sed
3602 3029 3762 3100 quid?

2167 3112 2430 3176 Accessit,
2455 3111 2641 3167 dicens
2668 3129 2684 3168 :
2708 3113 2929 3185 Cognoui
2964 3125 3033 3182 te,
3058 3117 3195 3187 quod
3237 3127 3468 3174 austeras
3497 3119 3650 3176 Immo
3674 3124 3760 3187 sis,

2170 3217 2358 3260 metens
2380 3205 2465 3260 ubi
2492 3222 2594 3260 non
2629 3207 2908 3274 seminasti,
2939 3217 2984 3262 et
3006 3225 3316 3281 congregans
3338 3211 3420 3265 ubi
3445 3229 3547 3267 non
3568 3217 3759 3285 sparsi-

2168 3298 2285 3352 sti:
2314 3309 2360 3353 et
2414 3308 2638 3353 metuens
2681 3299 2784 3352 abii
2826 3308 2875 3354 et
2923 3300 3175 3354 occultavi
3219 3302 3461 3356 talentum
3501 3305 3557 3358 in
3609 3317 3758 3360 terra.

2168 3389 2303 3445 Ecce
2329 3390 2482 3445 habes
2507 3390 2640 3461 quod
2678 3399 2822 3444 tuum
2861 3399 2934 3444 est
2961 3389 3137 3463 (Ibid.
3169 3407 3218 3445 tt.
3263 3394 3352 3448 ξι.
3384 3394 3514 3462 25).
3543 3395 3591 3452 0
3617 3399 3764 3452 mali-

2169 3483 2298 3536 tiam
2343 3479 2558 3536 famuli!
2605 3497 2638 3535 o
2676 3495 2940 3536 summam
2990 3482 3550 3552 improbitatemlnon
3590 3487 3758 3542 solum

2170 3573 2303 3630 nihil
2358 3574 2656 3644 negotiatus
2703 3582 2787 3628 est
2831 3589 2900 3630 ex
2940 3575 3138 3628 talento
3168 3575 3270 3630 sibi
3313 3577 3542 3644 credito,
3572 3579 3667 3632 sed
3710 3589 3761 3634 et

2168 3679 2266 3735 pro
2292 3665 2493 3719 talento
2533 3665 2929 3720 accusationem
2959 3666 3156 3721 attulit.
3190 3665 3262 3720 Ita
3306 3669 3448 3722 enim
3477 3670 3618 3725 solet
3648 3686 3760 3724 ma-

2169 3757 2314 3821 litia;
2345 3755 2662 3812 obtenehrat
2705 3756 2965 3812 rationem
2996 3767 3051 3812 et
3089 3772 3211 3813 eum
3242 3759 3332 3828 qui
3361 3760 3527 3815 semel
3556 3777 3586 3814 a
3621 3770 3758 3815 recta

2166 3847 2250 3902 via
2281 3857 2364 3901 est
2415 3862 2654 3910 aversus,
2713 3847 2764 3901 in
2810 3848 3102 3916 prmcipitia
3145 3850 3380 3919 conjicit.
3427 3849 3552 3906 llmc
3585 3863 3758 3907 autem

2165 3938 2345 3994 omnia
2373 3937 2440 3993 de
2466 3937 2734 4009 magistris
2754 3937 2896 3992 dicta
2925 3947 3071 4006 sunt,
3112 3950 3166 3992 nt
3195 3939 3386 3994 talenta
3415 3941 3516 3996 sibi
3537 3947 3758 3997 concrc-

2165 4033 2274 4088 dita
2303 4047 2410 4086 non
2435 4031 2787 4096 abscondant,
2817 4031 2909 4086 sed
2941 4031 3084 4085 omni
3122 4031 3387 4102 diligentia
3415 4032 3624 4089 discere
3664 4048 3756 4088 cu-

2167 4123 2437 4194 pictilibus
2481 4129 2776 4191 apponant.
2817 4121 3014 4176 Verum
3051 4122 3306 4192 deinceps
3330 4123 3454 4177 audi
3481 4163 3498 4188 ,
3525 4123 3718 4178 dilecte
3740 4164 3754 4189 ,

2166 4229 2233 4270 ex
2264 4213 2631 4283 indignatione
2650 4227 2774 4282 erga
2801 4213 2970 4280 illmn,
2997 4213 3268 4284 quomodo
3297 4213 3458 4267 etiam
3486 4214 3758 4269 auditores

2165 4307 2244 4362 rei
2274 4305 2524 4371 evadant,
2557 4315 2612 4360 et
2640 4320 2748 4360 non
2794 4306 2964 4360 solum
3006 4305 3097 4358 illa
3149 4315 3458 4374 repetantur
3482 4321 3604 4376 quae
3627 4321 3757 4360 con-

2165 4400 2369 4455 credita
2394 4409 2538 4466 snnt,
2571 4400 2668 4454 sed
2695 4407 2888 4454 etcum
2919 4413 3078 4452 usura
3105 4399 3439 4455 exactionem
3469 4400 3754 4468 patiantur.

2164 4491 2303 4560 Quid
2338 4493 2498 4562 igitur
2547 4491 2675 4546 dicit
2725 4491 2801 4545 illi
2846 4491 3130 4546 dominus?
3160 4490 3316 4545 Serve
3335 4492 3597 4561 nequam(
3621 4489 3753 4544 Ibid.

2164 4599 2214 4638 υ.
2244 4582 2377 4654 26).
2421 4583 2704 4639 Terribilis
2735 4582 3049 4654 indignatio,
3100 4591 3157 4636 et
3204 4582 3366 4637 minae
3395 4583 3636 4638 valentes
3665 4597 3756 4654 per

2166 4692 2225 4732 se
2251 4675 2546 4746 percellere
2595 4675 2853 4730 animum.
2905 4675 3133 4740 Sciebas,
3163 4675 3350 4746 inquit,
3394 4675 3530 4747 quod
3575 4687 3756 4728 metant

2166 4768 2250 4823 ubi
2301 4785 2404 4824 non
2445 4767 2708 4830 seminavi,
2761 4776 2808 4820 et
2859 4783 3158 4837 congregem
3211 4767 3295 4819 ubi
3346 4783 3447 4820 non
3491 4766 3756 4835 dispersi:

2167 4860 2427 4932 oportebat
2469 4859 2624 4930 igitur
2659 4865 2706 4910 te
2752 4857 3018 4927 pecuniam
3062 4875 3224 4910 meam
3261 4857 3580 4912 dinumerare
3615 4874 3755 4910 men-

2165 4953 2350 5014 sariis,
2392 4961 2439 5006 et
2489 4967 2581 5022 ego
2614 4966 2729 5004 cum
2778 4951 3044 5016 uenissem,
3095 4965 3209 5002 cum
3234 4952 3428 5020 [terrore
3453 4949 3755 5018 repetiissent

2162 5043 2330 5097 illam.
2355 5042 2642 5097 Pecuniam
2673 5053 2827 5096 vocat
2845 5042 3056 5109 eloquia
3085 5043 3336 5110 pretiosa,
3369 5041 3756 5096 nummularios

2163 5145 2344 5190 autem
2385 5151 2480 5190 vos
2530 5137 2621 5206 qui
2653 5135 2943 5205 suscipitis.
2975 5134 3149 5190 Tuum
3180 5135 3396 5203 quidem
3421 5134 3611 5201 fuerat,
3645 5136 3754 5202 ait,

2166 5235 2371 5282 tantum
2401 5228 2763 5294 dinumerare,
2815 5243 2994 5282 meum
3021 5237 3202 5282 autem
3224 5237 3469 5298 repetere
3515 5228 3581 5281 ab
3612 5228 3717 5282 illis
3737 5268 3751 5290 ,

2165 5335 2274 5375 non
2324 5319 2500 5374 solum
2543 5317 2903 5386 dinumerala,
2943 5318 3039 5374 sed
3063 5328 3115 5373 et
3155 5333 3392 5372 usuram.
3421 5317 3640 5383 Videtis,
3672 5318 3761 5372 di—

2163 5413 2310 5475 lecti,
2337 5415 2569 5480 qu‘antus
2599 5411 2653 5466 in
2673 5411 2832 5466 dictis
2863 5421 3056 5467 terror.
3088 5411 3227 5479 Quid
3259 5427 3387 5482 ergo
3423 5411 3618 5477 dicent,
3663 5410 3749 5480 qui

2162 5505 2469 5560 concredita
2505 5519 2724 5560 servare
2761 5504 3055 5576 negligant,
3081 5504 3294 5574 quando
3314 5505 3474 5558 etiam
3502 5519 3654 5558 usura
3683 5502 3752 5556 ab

2162 5598 2243 5654 eis
2287 5596 2620 5667 requiritur?

2237 5688 2408 5744 Usura
2441 5706 2532 5742 cur
2559 5688 2833 5759 prohibita.
2878 5718 2936 5729 -—
2964 5689 3031 5744 Et
3068 5689 3190 5745 vide
3234 5687 3614 5747 humanitatem
3650 5689 3748 5743 lio-

2161 5781 2313 5837 mini.
2344 5781 2400 5834 ln
2429 5780 2512 5835 his
2533 5780 2879 5836 sensibilibus
2922 5781 3163 5852 pecuniis
3201 5779 3474 5851 prohibuit
3524 5795 3588 5834 ne
3629 5781 3745 5848 quis

2165 5889 2379 5931 usuram
2410 5873 2692 5942 acciperet.
2733 5872 2930 5941 Quare,
2966 5881 3022 5928 et
3045 5872 3114 5934 ob
3153 5886 3316 5944 quam
3340 5886 3554 5934 causam
3572 5871 3593 5926 2
3611 5869 3740 5936 Quia
