4060 6422
318 382 430 442 375

321 500 459 570 κτῆς
496 511 591 553 και
634 497 872 570 φοϐερᾶς
911 493 1222 568 τραπέζης,
1272 494 1365 549 ἐπὶ
1402 494 1501 558 τάς
1541 493 1904 567 ἱπποδρομίας

320 578 726 652 διημερεύουσι.
759 577 857 634 καὶ
884 578 1036 633 οὐδὲν
1052 579 1235 642 αὐτοῖς
1260 576 1422 631 πλέον
1444 577 1552 631 ἀπὸ
1579 578 1678 648 τῆς
1707 577 1906 649 ἡμετέ-

323 681 424 737 ρας
456 663 750 735 γεγένηται
781 661 1039 733 σπουδῆς,
1075 660 1211 715 ἀλλά
1239 659 1492 733 καθάπερ
1520 660 1777 733 συνηθείᾳ
1798 661 1906 713 τινὶ

323 746 409 821 [εΗ
428 746 478 820 Ι]
498 746 843 812 δουλεύοντες
862 790 877 813 ,
913 746 1135 802 ἐπειδὰν
1173 745 1339 818 νεύσῃ
1378 746 1537 817 μόνον
1560 747 1591 800 δ
1623 745 1902 810 διάϐολος,

321 830 620 902 αὐτόματοι
641 831 959 886 σπεύδουσιν
974 830 1067 885 ἐπὶ
1084 830 1154 885 τὰ
1169 829 1463 901 παράνομα
1479 830 1661 883 ἐκεῖνα
1679 828 1904 900 θέατρα,

322 914 416 968 καὶ
453 914 679 977 ἑαυτοὺς
736 915 953 977 ἑκόντες
995 916 1109 977 τοῖς
1138 912 1373 976 δικτύοις
1413 912 1773 965 ὑποϐάλλουσι
1808 910 1906 965 τοῦ

322 996 563 1069 πονηροῦ
589 997 862 1068 δαίμονος,
887 998 981 1052 καὶ⁸
1006 995 1130 1050 οὔτε
1157 997 1400 1069 ἡμετέρα
1424 995 1695 1056 νουθεσία.
1723 994 1846 1049 οὔτε
1869 996 1903 1066 ὴ

324 1082 489 1150 πεῖρα
518 1080 679 1151 αὐτὴ,
712 1080 808 1133 καὶ
841 1080 904 1133 τὸ
930 1080 1187 1152 ἀνόνητον
1224 1080 1323 1150 τῆς
1353 1081 1471 1133 ἐκεῖ
1492 1078 1796 1151 διατριϐῆς,
1830 1079 1908 1130 δι-

322 1163 620 1226 δασκαλίας
647 1164 832 1227 αὐτοῖς
860 1162 1118 1226 ὑπόθεσις
1146 1163 1338 1232 γέγονε
1359 1178 1373 1194 ⁸
1399 1163 1530 1235 ποίᾳ
1555 1162 1741 1216 λοιπὸν
1770 1179 1904 1233 προ-

325 1247 496 1318 θυμία
544 1246 606 1300 τά
652 1246 753 1316 τῆς
802 1245 1151 1309 διδασκαλίας
1190 1247 1480 1317 ποιήσαιμι
1527 1245 1665 1318 πρὸς
1709 1244 1908 1317 ἀνδρας

323 1332 478 1385 οὐδὲν
512 1330 815 1403 κερδαίνειν
842 1329 1195 1401 βουλομένους
1231 1331 1296 1385 ἐκ
1328 1331 1435 1384 τῶν
1472 1330 1602 1402 παρ’
1634 1328 1791 1401 ὴμῶν
1827 1327 1908 1380 λε-

325 1413 602 1485 γομένωνς
649 1413 759 1467 Kal
816 1413 890 1483 μὴ
943 1412 1248 1485 θαυμάσῃς.
1305 1413 1460 1468 Ἐπεὶ
1512 1413 1607 1467 καὶ
1641 1412 1906 1484 γηπόνος,

325 1496 545 1551 ἐπειδάν
595 1496 679 1570 ἴδῃ
727 1496 865 1567 μετά
896 1498 1091 1559 πόνους
1132 1495 1358 1558 πολλοὺς
1397 1496 1492 1550 καὶ
1537 1494 1910 1565 ταλαιπωρίας

326 1580 519 1649 ἀγονον
547 1579 841 1650 γινομένην
868 1579 968 1652 τὴν
1000 1579 1125 1650 γῆν,
1162 1580 1256 1634 καὶ
1280 1580 1380 1634 οὐκ
1412 1579 1570 1647 ἀξίαν
1593 1578 1702 1631 τῶν
1731 1578 1910 1630 πόνων

326 1663 425 1735 τὴν
453 1662 684 1734 ἀμοιϐὴν
714 1663 1116 1735 παρεχομένην,
1138 1663 1500 1735 ὀκνηρότερος
1529 1663 1742 1731 γίνεται
1781 1659 1911 1730 περὶ⁹

326 1747 425 1818 τὴν
455 1745 566 1798 τῶν
595 1747 926 1816 σπερμάτων
950 1746 1275 1817 καταϐολὴν,
1302 1747 1398 1801 καὶ
1420 1747 1522 1801 οὐκ
1540 1746 1620 1799 ἔτι
1642 1742 1784 1816 μετά
1807 1741 1907 1812 τῆς

327 1830 497 1900 αὐτῆς
554 1828 860 1901 προθυμίας
920 1829 1021 1900 τῆς
1068 1833 1341 1900 γεωργίας
1386 1828 1745 1883 καθάπτεται.
1798 1825 1909 1880 Kal

331 1911 512 1983 ἰατρὸς
552 1911 608 1965 δὲ
638 1911 855 1966 ἐπειδάν
894 1912 980 1985 ῖδῃ
1018 1912 1114 1966 τὸν
1160 1913 1441 1986 ἄρρωστον
1482 1912 1559 1984 μὴ
1587 1911 1909 1983 πειθόμενον

327 1992 492 2048 αὐτοῦ
518 1994 632 2056 τοῖς
661 1995 1053 2065 ἐπιτάγμασιν,
1083 1996 1220 2050 ἀλλά
1247 1996 1344 2069 τὴν
1379 1997 1533 2051 νόσον
1566 1995 1751 2062 αὑξειν
1785 1995 1908 2050 καθ’

327 2079 564 2147 ἑκάστην
585 2076 990 2148 ἐπιτηδεύοντα,
1023 2079 1284 2143 πολλάκις
1306 2080 1527 2151 ἀφίησιν
1554 2081 1910 2151 ἐναπομεῖναι

326 2166 391 2234 τῇ
430 2162 591 2234 νόσῳ,
621 2162 710 2216 ἴνα
740 2161 878 2234 αὐτὴ
898 2164 932 2233 ή
958 2165 1123 2235 πεῖρα
1151 2163 1471 2228 διδάσκαλος
1508 2164 1656 2236 αὐτῷ
1684 2166 1909 2234 γένηται

325 2245 436 2299 τῶν
464 2245 871 2318 συμφερόντων.
900 2246 1013 2302 Kal
1038 2247 1089 2301 οἰ
1109 2247 1179 2303 τά
1210 2248 1511 2321 μαθήματα
1541 2249 1598 2302 δὲ
1630 2249 1757 2313 τοὺς
1784 2251 1910 2303 παῖ-

325 2332 424 2394 δας
459 2331 904 2396 ὲκπαιδεύοντες,
936 2331 1157 2386 ἐπειδὰν
1210 2332 1361 2386 ἴδωσι
1407 2333 1476 2387 τά
1507 2333 1750 2404 πρότερα
1775 2334 1910 2387 ἀπο-

328 2415 618 2479 πτύοντας,
638 2415 734 2470 καὶ
757 2416 854 2487 τὴν
877 2417 1103 2487 μνήμην
1119 2414 1229 2469 τῶν
1252 2416 1352 2488 ἤδη
1381 2417 1645 2471 δοθέντων
1675 2416 1913 2470 ἀποϐάλ-

327 2500 537 2563 λοντας.
562 2498 822 2562 πολλάκις
849 2498 1281 2571 ἀποστρέφονται
1306 2498 1406 2571 τὴν
1427 2511 1455 2541 ι
1479 2500 1751 2571 ρᾳθυμίαν
1770 2499 1913 2573 διορ-

328 2581 579 2653 θούμενοι
601 2623 615 2646 ,
649 2583 744 2636 καὶ
801 2581 936 2653 πρὸς
969 2581 1203 2655 σπουδὴν
1251 2583 1473 2638 πλείονα
1523 2583 1908 2652 ἐπανάγοντες.

344 2665 478 2720 Ἀλλ’
497 2666 528 2718 ό
560 2667 657 2737 μὲν
686 2666 925 2737 γηπόνος
942 2667 1167 2731 εἰκότως
1182 2668 1542 2739 ὀκνηρότερος
1562 2668 1770 2736 γίνεται
1786 2668 1912 2723 πολο

322 2751 503 2815 λάκις,
535 2750 725 2822 ἐπειδὴ
750 2746 889 2803 οἶδεν
921 2750 1003 2803 ὅτι
1029 2749 1099 2803 τά
1123 2753 1223 2820 τῆς
1251 2750 1455 2822 ζημίας
1476 2751 1624 2823 αὐτῷ
1650 2753 1914 2807 ἐπιτείνε-

325 2854 437 2900 ται,
468 2838 598 2890 ὅταν
622 2837 713 2891 τὸν
751 2836 851 2906 μὲν
883 2836 1045 2889 πόνον
1078 2836 1173 2890 καὶ
1219 2836 1319 2908 τὴν
1348 2837 1594 2909 δαπάνην
1628 2837 1872 2909 ὑπομένῃ
1891 2879 1908 2903 ,

324 2921 438 2977 τῶν
476 2920 533 2975 δέ
581 2920 811 2992 καρπῶν
851 2921 1242 2993 ἀποστερῆται.
1291 2919 1395 2973 Kal
1444 2923 1473 2974 ό
1504 2921 1688 2993 ἰατρὸς
1726 2921 1782 2975 δὲ
1811 2921 1912 2975 οὐκ

323 3004 633 3068 ἀπεικότως
655 3002 974 3057 καταλείπει
996 3004 1255 3068 πολλάκις
1283 3004 1375 3058 τὸν
1408 3004 1721 3077 ἄρρωστον·
1753 3006 1912 3077 σῶμα

324 3090 439 3160 γάρ
481 3091 599 3142 ἐστι
626 3088 685 3142 τὸ
730 3087 1184 3158 θεραπευόμενον,
1217 3089 1312 3143 καὶ
1356 3088 1445 3142 διά
1473 3087 1634 3141 τοῦτο
1661 3088 1909 3160 ἀφίησιν,

327 3173 416 3226 ἵνα
443 3174 476 3244 ὴ
504 3171 608 3242 τῆς
639 3168 832 3239 ὀδύνης
860 3171 1111 3235 ἐπίτασις
1140 3173 1533 3246 παρασκευάσῃ
1557 3174 1637 3235 εἰς
1658 3171 1914 3244 αἴσθησιν

322 3256 425 3324 τῆς
446 3256 605 3308 νόσου
635 3253 808 3307 ἐλθεῖν
829 3253 925 3307 καὶ
946 3252 1088 3307 οὕτω
1110 3254 1209 3325 τὴν
1231 3255 1471 3326 ἰατρείαν
1492 3255 1909 3321 καταδέξασθαι.

325 3339 440 3392 Kal
462 3338 492 3391 ό
507 3336 631 3390 οτῶν
678 3335 884 3389 παίδων
919 3335 1235 3401 διδάσκαλος
1257 3337 1344 3392 διὰ
1368 3337 1430 3392 τὸ
1459 3337 1649 3402 ἀτελὲς
1675 3339 1772 3409 τῆς
1790 3338 1910 3410 ὴλι-

325 3417 452 3483 κίας
483 3418 869 3491 συμφερόντως
898 3418 1162 3484 πολλάκις
1188 3420 1288 3484 τὰς
1316 3419 1531 3490 πληγάς
1560 3423 1909 3476 ἐπανατείνε-

323 3520 414 3558 ται
436 3504 550 3566 τοῖς
575 3503 786 3557 παισίν.
811 3502 952 3556 Ἀλλ’
969 3503 1132 3574 ἡμεῖς
1156 3504 1399 3576 σήμερον
1413 3503 1638 3570 τούτους
1662 3505 1911 3571 ἅπαντας

325 3584 828 3657 ὑπερϐαλλόμενοι,
883 3587 1415 3657 παρασκευαζόμεθα
1457 3588 1728 3661 πατρικὴν
1771 3590 1915 3660 φιλο-

328 3671 589 3742 στοργίαν
634 3671 763 3741 περὶ
801 3670 927 3734 τοὺς
974 3670 1300 3735 ἐπταικότας
1354 3672 1724 3737 ἐπιδείξασθαι
1743 3713 1760 3736 ,
1816 3675 1913 3729 καὶ

315 3754 537 3820 διδάξαι
559 3754 757 3816 αὐτοὺς
779 3753 883 3816 ὅτι,
905 3756 955 3807 εἰ
983 3753 1293 3824 ἐπιμένοιεν
1316 3755 1375 3807 ἐν
1397 3758 1463 3825 τῇ
1483 3756 1621 3827 αὐτῇ
1645 3756 1910 3829 ῥᾳθυμίᾳ,

324 3835 488 3890 τοῦτο
534 3836 668 3890 αὐτὸ
717 3836 965 3906 μείζονος
1013 3838 1193 3901 αὐτοῖς
1247 3839 1623 3910 κατακρίσεως
1658 3839 1914 3904 ὑπόθεσις

326 3919 504 3976 ἐσται.
543 3919 602 3973 Ὀ
630 3920 728 3991 μὲν
759 3920 868 3991 7&9
907 3920 1142 3991 γηπόνος
1182 3921 1242 3973 οὑ
1282 3921 1418 3992 μετά
1448 3922 1546 3993 τῆς
1577 3924 1750 3995 αὐτῆς
1782 3942 1914 3997 προ-

327 4002 529 4069 θυμίας
548 4002 878 4057 καταϐάλλει
898 4002 969 4056 τά
988 4003 1298 4075 σπέρματα,
1326 4004 1425 4074 τὴν
1448 4004 1693 4075 δαπάνην
1716 4007 1915 4060 ἐννοῶν

328 4085 452 4156 εικῆ
490 4087 584 4141 καὶ
616 4086 793 4157 μάτην
842 4085 942 4156 ἤδη
986 4086 1386 4158 γεγενημένην·
1430 4090 1590 4159 ἡμεῖς
1619 4089 1676 4143 δὲ
1709 4089 1913 4159 ταύτης

327 4168 731 4241 ἀπηλλάγμεθα
771 4168 873 4238 τῆς
913 4168 1172 4237 ἀγωνίας.
1215 4169 1336 4223 Κάν
1363 4172 1473 4243 7&9
1514 4172 1914 4236 καταϐαλόντες

327 4254 424 4308 τὸν
452 4254 654 4326 σπόρον
672 4252 862 4307 τοῦτον
881 4252 973 4306 τὸν
998 4253 1385 4322 πνευματικὸν,
1407 4255 1496 4309 διὰ
1519 4257 1620 4328 τήν
1640 4257 1915 4328 ρᾳθυμίαν

327 4337 442 4391 τῶν
469 4338 774 4391 ἀκουόντων
790 4335 882 4390 τὸν
912 4336 1122 4408 καρπὸν
1152 4336 1228 4408 μὴ
1250 4338 1554 4408 δεχώμεθα,
1575 4342 1712 4411 ἡμῖν
1735 4341 1916 4413 ἀπηρ-

329 4419 587 4491 τισμένος
621 4420 653 4472 ό
675 4419 866 4490 μισθὸς
893 4418 1075 4474 ἔσται·
1108 4418 1168 4472 τὸ
1205 4419 1315 4491 γάρ
1351 4422 1712 4493 ἐμπιστευθὲν
1745 4424 1917 4497 a976-

332 4519 450 4574 ριον
474 4502 870 4574 κατεϐάλομεν,
895 4502 991 4556 καὶ
1020 4502 1081 4556 τὸ
1094 4503 1386 4573 ἐπιταχθὲν
1413 4505 1568 4575 παρὰ
1586 4505 1681 4561 τοῦ
1711 4508 1916 4561 Δεσπό-

328 4601 427 4639 του
468 4587 549 4648 εἰς
596 4584 757 4656 ἔργον
787 4586 1097 4656 ⁴ἠγάγομεν·
1145 4585 1331 4641 λοιπὸν
1377 4590 1492 4652 τοῖς
1544 4589 1839 4661 ἀκηκοόσιν
1883 4593 1914 4645 ό

329 4667 489 4736 λόγος
534 4667 671 4740 πρὸς
704 4667 910 4722 ἐκεῖνόν
942 4671 1060 4723 ἐστι
1101 4669 1192 4723 τὸν
1247 4669 1509 4741 μέλλοντα
1556 4671 1696 4743 μετά
1739 4675 1915 4728 τόκων

330 4753 585 4806 ἀπαιτεῖν
602 4751 671 4807 τά
697 4751 1127 4822 καταϐληθέντα.
1154 4753 1295 4807 Ἀλλ’
1321 4754 1382 4807 οὐ
1402 4753 1560 4808 τοῦτο
1583 4756 1912 4828 σκοποῦμεν,

328 4835 414 4887 ὅτι
447 4835 608 4904 ἡμεῖς
642 4833 798 4898 ἐκτός
823 4837 989 4905 ἐσμεν
1015 4835 1113 4905 τῆς
1139 4834 1363 4908 ζημίας,
1388 4837 1486 4892 καὶ
1503 4838 1562 4892 τὸ
1591 4839 1800 4894 ἑαυτῶν
1819 4857 1916 4894 πε-

330 4917 725 4989 πληρώκαμεν,
761 4916 897 4971 ἀλλὰ
937 4916 1236 4989 βουλόμεθα
1266 4921 1361 4975 καὶ
1391 4923 1535 4993 ὑμᾶς
1578 4923 1779 4995 πολλὴν
1804 4925 1914 4979 τῶν

330 5000 787 5072 καταϐληθέντων
807 5002 908 5071 τὴν
941 5003 1324 5073 πραγματείαν
1344 5007 1695 5077 ποιήσασθαι,
1727 5008 1814 5063 ἵνα
1837 5006 1913 5081 μὴ

329 5085 399 5153 τῇ
428 5082 670 5153 τιμωρίᾳ
704 5083 887 5156 ἐκείνῃ
917 5082 1210 5139 ὑπεύθυνοι
1246 5087 1497 5160 γένησθε,
1527 5090 1594 5161 ήν
1622 5090 1916 5162 ὑπέμεινεν

332 5166 540 5228 ἐκεῖνος
562 5167 591 5219 δ
628 5166 690 5219 τὸ
716 5165 977 5220 τάλαντον
1000 5166 1353 5237 καταχώσας,
1387 5173 1480 5224 καὶ
1512 5172 1574 5226 τὸ
1599 5172 1917 5230 δεσποτικὸν

332 5245 596 5318 ἀργύριον
619 5248 682 5302 οὐ
715 5248 876 5318 μόνον
902 5248 964 5302 οὑ
989 5248 1454 5318 πολυπλασιάσας,
1479 5252 1630 5326 [ΜΩ]
1654 5255 1791 5310 ἀλλά
1820 5258 1916 5314 καὶ

332 5328 659 5401 κατορύξας.
687 5330 929 5384 Τοιοῦτοί
951 5333 1088 5386 εἰσιν
1102 5335 1154 5386 οἰ
1175 5333 1266 5388 τὸν
1277 5335 1434 5405 λόγον
1450 5337 1552 5407 τῆς
1566 5337 1915 5406 διδασκαλίας

330 5414 611 5484 δεχόμενοι
641 5415 923 5487 (τάλαντον
953 5417 1062 5487 7&9
1100 5418 1195 5472 καί⁵
1222 5419 1487 5493 ἀργύριον
1514 5421 1673 5475 τοῦτο
1697 5424 1874 5494 καλεῖ)
1895 5465 1912 5493 ,

329 5497 427 5550 καὶ
457 5497 517 5549 οὐ
548 5497 941 5562 σπουδάζοντες
967 5501 1409 5572 καρποφορῆσαι,
1442 5505 1541 5559 καὶ
1581 5505 1783 5579 πολλὴν
1813 5510 1915 5581 τὴν

331 5581 715 5666 πραγματείαν
735 5583 1080 5666 ποιήσασθαι.
1112 5586 1252 5640 Ἀλλ’
1275 5587 1404 5652 ῐσως
1426 5589 1570 5644 εἴποι
1589 5607 1676 5654 τις
1699 5592 1786 5657 ἂν,
1815 5595 1917 5666 τὴν

331 5663 647 5734 παραϐολὴν
677 5664 881 5735 ταύτην
914 5667 1016 5739 τὴν
1043 5667 1150 5722 τῶν
1190 5670 1471 5725 ταλάντων
1515 5674 1643 5745 περὶ
1683 5675 1794 5729 τῶν
1830 5663 1915 5730 δι·-

330 5745 615 5801 δασκάλων
655 5748 927 5820 εἰρῆσθαι.
989 5750 1161 5820 Κάγὼ
1196 5752 1356 5808 τοῦτό
1402 5772 1566 5826 φημι.
1634 5757 1776 5811 Ἀλλ’
1816 5759 1913 5813 ἐὰν

330 5831 648 5901 ἐπέλθωμεν
681 5833 853 5904 αὐτὴν
886 5834 1129 5905 ἀκριϐῶς
1150 5874 1165 5899 ,
1191 5838 1400 5891 εἴσεσθε
1438 5839 1519 5892 ὅτι
1548 5841 1600 5895 οἱ
1632 5842 1731 5912 μὲν
1768 5843 1912 5900 διδά-

403 5925 431 5956 ι
457 5913 611 5968 ειγὶι.
637 5919 691 5966 et
711 5919 810 5966 tres
831 5930 949 5967 mss.
971 5918 1198 5975 πολλάκις
1216 5919 1548 5983 ἐπιστρέφουσι
1561 5925 1662 5981 τήν.

1345 379 1409 434 IN
1449 377 1603 435 CAP.
1646 376 1812 434 XVIII
1852 373 2099 433 GENES.
2143 379 2375 438 IIOMIL.
2410 381 2573 438 XLI.‘

3486 388 3592 442 576
3660 449 3665 455 δ

2016 492 2203 547 σκαλοι
2230 495 2332 565 τῆς
2364 494 2685 566 καταϐολῆς
2709 496 2869 566 μόνον
2899 496 3188 552 ὑπεύθυνοι
3211 499 3591 570 τυγχάνουσιν,

2015 576 2175 648 ὑμεῖς
2205 578 2263 634 δέ
2286 579 2348 633 οὐ
2383 580 2541 651 μόνον
2569 580 2668 651 τῆς
2690 580 2936 652 φυλακῆς
2975 581 3084 635 τῶν
3109 583 3593 654 καταϐληθέντων,

2013 661 2149 715 ἀλλά
2173 663 2268 717 καὶ⁵
2287 663 2388 734 τῆς
2407 664 2811 735 πραγματείας.
2836 665 2946 719 Kal
2968 665 3053 720 ἵνα
3076 666 3275 740 μάθῃς,
3300 668 3596 737 ἀναγκαῖον

2013 744 2182 817 αὐτὴν
2220 747 2300 809 εἰς
2331 746 2493 817 μέσον
2522 749 2771 817 ἀγαγεῖν.
2791 748 3232 817 Οἰκοδεσπότης
3256 767 3379 815 τις,
3406 752 3595 822 φησὶν,

2012 827 2339 898 ἀποδημῶν
2365 829 2622 886 ἐκάλεσε
2645 830 2786 899 τοὺς
2809 831 2997 898 ἰδίους
3025 831 3304 898 δούλους.
3333 834 3433 887 καί
3453 832 3598 887 ἐδω-

2014 929 2124 965 κεν
2157 905 2205 979 ᾧ
2229 913 2347 981 μὲν
2382 914 2562 969 πέντε
2598 915 2898 983 τάλαντα,
2935 914 2981 979 ᾧ
3018 914 3104 968 δὲ·
3132 916 3241 970 δύο
3262 958 3278 982 ,
3317 909 3365 982 ᾧ
3402 916 3472 970 δὲ
3501 916 3595 973 ἓν.

2012 998 2177 1051 Μετὰ
2204 993 2272 1051 δὲ
2298 999 2522 1067 χρόνον
2568 998 3057 1070 παραγενομένου
3093 1000 3278 1055 αὑτοῦ
3316 1001 3510 1069 ἦλθον
3540 1000 3603 1053 οἰ

2014 1078 2221 1133 δοῦλοι
2240 1099 2255 1113 ~
2278 1082 2372 1135 καί
2392 1084 2426 1135 ό
2464 1082 2537 1136 τὰ
2566 1082 2746 1135 πέντε
2776 1081 3043 1136 τάλαντα
3068 1082 3271 1137 λαϐὼν
3291 1080 3599 1153 προσῆλθε

2014 1161 2241 1233 λέγων’
2283 1164 2482 1231 Κύριε,
2531 1165 2711 1219 πέντε
2757 1164 3025 1219 τάλαντά
3068 1182 3170 1237 μοι
3215 1164 3463 1230 ἔδωκας,
3508 1162 3601 1216 ιδε

2014 1248 2176 1304 ἄλλα
2203 1250 2381 1305 πέντε
2413 1250 2677 1305 τάλαντα
2706 1251 3004 1321 ἐκέρδησα
3030 1252 3123 1305 ἐπ’
3157 1251 3381 1317 αὐτοῖς.
3423 1249 3601 1323 Πολλὴ

2015 1331 2109 1386 τοῦ
2141 1333 2352 1387 οἰκέτου
2396 1336 2430 1407 ή
2481 1335 2866 1406 εὐγνωμοσύνη
2896 1375 2912 1401 ,
2956 1332 3181 1406 δαψιλὴς
3208 1336 3243 1405 ὴ
3282 1334 3377 1387 τοῦ
3404 1332 3601 1388 δεσπό-

2014 1433 2109 1470 του
2142 1416 2545 1488 φιλανθρωπία.
2582 1418 2648 1470 Τί
2675 1417 2787 1489 γάρ
2821 1434 3016 1488 φησινς
3053 1412 3164 1478 Εὖ.
3195 1415 3380 1471 δοῦλε
3416 1414 3601 1486 ἀγαθὲ

2016 1500 2112 1554 καὶ
2147 1500 2325 1554 πιστέ
2350 1516 2367 1534 ο
2407 1501 2507 1554 ἐπὶ
2548 1501 2723 1570 ὀλίγα
2753 1496 2829 1571 ἧς
2864 1500 3100 1567 πιστὸς,
3126 1501 3221 1554 ὲπί
3253 1499 3500 1554 πολλῶν
3523 1515 3601 1553 σε

2017 1583 2407 1652 καταστήσω’
2446 1584 2688 1639 εἰσελθε
2726 1587 2815 1650 εἰς
2850 1582 2966 1651 τὴν
3014 1584 3206 1652 χαρὰν
3235 1583 3344 1636 τοῦ
3386 1582 3600 1650 κυρίου

2016 1682 2154 1719 σου.
2197 1665 2435 1738 Ἐπειδὴ,
2467 1667 2603 1736 φησι
2623 1707 2639 1729 ,
2669 1667 2868 1738 πολλὴν
2893 1665 3101 1732 ἔδειξας
3133 1669 3192 1719 ἐν
3223 1668 3337 1729 τοῖς
3373 1666 3475 1737 ήδη
3505 1681 3601 1718 πι-

2017 1747 2292 1801 στευθεῖσι
2327 1748 2429 1820 τὴν
2474 1750 2895 1821 εὐγνωμοσύνην
2912 1789 2929 1814 ,
2968 1748 3117 1813 ἀξιος
3163 1743 3214 1802 el
3246 1749 3340 1803 καὶ
3379 1747 3604 1803 πλείονα

2016 1830 2449 1903 ἐγχειρισθῆναι.
2482 1832 2800 1901 Προσῆλθε
2820 1832 2889 1886 δέ
2922 1832 3021 1887 καί
3043 1835 3078 1886 ό
3110 1830 3181 1885 τὰ
3199 1831 3308 1886 δύο
3335 1829 3603 1885 τάλαντα

2014 1914 2300 1985 εἰληφὼς,
2324 1915 2523 1985 λέγων
2540 1931 2554 1944 ·
2576 1915 2724 1985 οὐχί
2760 1915 2872 1970 δύο
2897 1913 3166 1971 τάλαντὰ
3187 1933 3288 1985 μοι
3334 1914 3603 1984 παρέδω-

2016 2014 2166 2064 acac;
2188 1997 2311 2053 Ἴδε
2336 1998 2500 2052 ἄλλα
2523 1998 2634 2053 δύο
2653 1999 2922 2053 τάλαντα
2939 1998 3238 2067 ἐκέρδησα
3256 1997 3347 2052 ἐπ’
3368 1997 3596 2063 αὐτοῖς.

2018 2080 2196 2153 Πολλὴ
2223 2081 2319 2136 καὶ
2340 2081 2533 2135 τούτου
2563 2083 2599 2152 ὴ
2627 2083 2757 2155 περὶ
2793 2081 2864 2135 τὰ
2891 2081 3186 2136 δεσποτικά
3219 2083 3476 2155 χρήματα
3506 2079 3603 2134 εὑ-

2017 2182 2158 2231 νοια,
2184 2152 2273 2218 διὸ
2302 2164 2397 2220 καὶ
2429 2163 2540 2218 τῶν
2573 2152 2755 2219 αὐτῶν
2788 2161 3033 2229 ἀξιοῦται
3064 2164 3144 2236 τῷ
3187 2152 3458 2236 προτέρῳ.
3491 2165 3603 2218 Kal

2016 2249 2162 2311 τίνος
2214 2246 2401 2301 ἐνεκεν
2446 2245 2539 2300 δύο
2580 2246 2962 2319 προσενεγκὼν
3009 2248 3248 2303 τάλαντα
3290 2249 3389 2318 τῆς
3428 2247 3600 2318 αὐτῆς

2017 2332 2212 2402 ἐκείνῳ
2256 2330 2336 2402 τῷ
2371 2330 2440 2385 τά
2471 2331 2633 2384 πέντε
2674 2332 3075 2401 προσαγαγόντι
3111 2331 3354 2400 ἀξιοῦται
3396 2334 3603 2404 τιμῆς;

2022 2416 2259 2478 Εἰκότως
2276 2432 2294 2448 ο
2314 2415 2405 2468 τὸν
2437 2415 2533 2486 μὲν
2557 2413 2665 2486 7&9
2689 2414 3027 2485 πλεονασμὸν
3062 2415 3158 2469 καὶ
3183 2415 3279 2487 τὴν
3305 2415 3601 2470 ἐλάττωσιν

2019 2499 2118 2568 οὐχ
2148 2499 2185 2569 ὴ
2212 2497 2407 2550 τούτου
2434 2496 2668 2569 σπουδὴ,
2687 2496 2808 2550 οὐδὲ
2835 2498 2872 2568 ἡ
2892 2498 3100 2550 ἐκείνου
3121 2498 3360 2570 ῥᾳθυμία
3381 2496 3610 2568 πεποίη-

2020 2598 2134 2646 κεν,
2165 2579 2279 2634 an:
2312 2582 2346 2651 ή
2376 2577 2485 2632 τῶν
2508 2578 2979 2651 ἐμπιστευθέντων
3023 2580 3275 2650 ποσότης.
3308 2579 3390 2633 Τά
3418 2580 3607 2650 μέντοι

2018 2663 2119 2733 τῆς
2154 2663 2393 2734 σπουδῆς
2427 2664 2518 2716 ἰσα
2544 2662 2640 2716 καὶ
2668 2660 2819 2734 παρά
2850 2662 3039 2715 τούτου
3058 2702 3073 2726 ,
3111 2663 3204 2715 καὶ
3229 2662 3359 2732 παρ’
3395 2660 3606 2716 ἐκείνου

2020 2747 2429 2817 εἰσενήνεκται⁶
2462 2745 2550 2799 διά
2577 2744 2735 2799 τοῦτο
2772 2746 2866 2799 καὶ
2895 2745 2993 2816 τῆς
3020 2745 3257 2817 ἀμοιϐῆς
3298 2746 3396 2817 τῆς
3434 2743 3612 2814 αὐτῆς

2020 2830 2369 2899 ἀπήλαυσαν.

2091 3001 2161 3074 β’.
2192 3002 2333 3055 Ἀλλ’
2354 3002 2382 3055 δ
2407 3001 2593 3071 ἔτερος
2622 2999 2774 3053 οὐδὲν
2807 2998 3047 3053 τοιοῦτον
3083 2998 3411 3071 διεπράξατο
3429 3017 3443 3031 ·
3468 2999 3607 3055 ἀλλά

2018 3087 2109 3152 τίς
2162 3083 2443 3156 Προσῆλθε
2476 3083 2684 3153 λέγων·
2719 3085 2946 3153 Ἕγνων
2988 3099 3082 3146 σε,
3122 3084 3209 3137 ὅτι
3248 3084 3518 3153 σκληρὸς
3550 3080 3613 3139 εἴ

2019 3169 2329 3238 ἄνθρωπος
2347 3206 2362 3233 ,
2390 3164 2627 3237 θερίζὶυν
2667 3167 2820 3220 ὅπου
2848 3170 2959 3222 οὐκ
2990 3166 3298 3238 ἔσπειρας.
3326 3170 3424 3222 καί
3452 3187 3608 3225 συν-

2019 3251 2179 3322 άγων
2212 3252 2352 3306 ὅθεν
2381 3252 2454 3305 οὐ
2484 3250 2920 3318 διεσκόρπισας
2939 3267 2954 3282 ο
3002 3252 3101 3306 καί
3147 3254 3451 3321 φοϐηθεὶς,
3488 3254 3607 3308 ἀπο

2018 3333 2213 3388 ελθὼν
2238 3333 2478 3403 ἔκρυψα
2514 3333 2581 3385 τὸ
2614 3331 2915 3387 τάλαντον
2944 3333 3105 3404 ἐντῇ
3131 3334 3229 3406 τῇ.
3270 3336 3417 3390 Ἰδοὺ
3445 3336 3609 3405 ἔχεις

2018 3417 2085 3470 τὸ
2130 3417 2267 3471 σόν.
2314 3417 2379 3469 Ὢ
2421 3415 2593 3469 κακία
2636 3416 2884 3469 οἰκέτουί
2930 3416 2976 3470 ὣ
3007 3418 3402 3490 ἀγνωμοσύνης
3437 3421 3611 3492 ὑπερ.

2021 3498 2154 3569 ϐολὴ
2178 3539 2193 3561 ,
2233 3500 2295 3552 οὐ
2325 3500 2483 3570 μόνον
2525 3498 2610 3551 ὃτι
2650 3499 2804 3552 οὐδὲν
2833 3501 3131 3571 εἰργάσατο
3159 3502 3253 3555 ἐπὶ
3292 3502 3370 3571 τῷ
3395 3502 3605 3556 δοθέντι

2020 3582 2171 3653 αὐτῷ
2198 3582 2448 3653 ταλάντῳ
2469 3622 2485 3647 ,
2523 3580 2641 3634 ἀλλ’
2669 3582 2752 3635 ὅτι
2788 3584 2891 3636 ικαὶ
2927 3584 3044 3638 ἀντὶ
3072 3583 3338 3638 ταλάντου
3370 3601 3609 3657 κατηγο-

2023 3665 2145 3737 ρίαν
2187 3664 2565 3738 προσήνεγκεί
2610 3665 2864 3719 Τοιοῦτον
2892 3667 3002 3738 γάρ
3040 3668 3075 3737 ἡ
3117 3668 3369 3739 πονηρίαο
3423 3671 3612 3723 σκοτοῖ

2020 3750 2111 3803 τὸν
2141 3749 2420 3820 λογισμὸν,
2456 3750 2553 3804 καὶ
2588 3749 2730 3803 κατά
2765 3750 3027 3821 κρημνῶν
3054 3753 3199 3805 ποιεῖ
3221 3751 3486 3824 φέρεσθαι
3513 3753 3615 3806 τὸν

2022 3832 2169 3899 ἀπαξ
2198 3834 2297 3902 τῆς
2336 3832 2550 3896 εὐθείας
2580 3833 2927 3903 ἐκτραπέντα
2957 3833 3099 3889 ὀδοῦ.
3133 3834 3319 3889 Ταῦτα
3341 3835 3400 3890 δὲ
3429 3836 3608 3891 πάντα

2023 3917 2152 3987 περὶ
2180 3915 2287 3968 τῶν
2317 3914 2658 3969 διδασκάλων
2688 3915 2934 3986 εἴρηται,
2958 3916 3098 3969 ὥστε
3134 3916 3211 3988 μὴ
3262 3918 3609 3989 ἀποκρύπτει

2024 3998 2148 4050 σθαι
2179 3996 2251 4049 τά
2292 3997 2751 4067 ἐμπιστευθέντα,
2798 3997 2937 4051 ἀλλά
2968 3999 3106 4067 μετά
3152 3999 3333 4069 πάσης
3369 4000 3609 4068 σπουδῆς

2023 4078 2383 4150 παρατιθέναι
2424 4082 2536 4141 τοῖς
2579 4079 3061 4151 μαθητευομένοις.
3108 4079 3248 4133 Ἀλλ’
3288 4080 3452 4134 ἀκουε
3494 4081 3606 4136 λοιο

2023 4162 2145 4225 πδν,
2176 4161 2428 4233 ἀγαπητέ
2453 4201 2468 4225 ,
2499 4163 2560 4216 ἐκ
2605 4163 2703 4233 τῆς
2745 4163 2882 4232 πρὸς
2914 4164 3122 4216 ἐκεῖνον
3152 4164 3605 4236 ἀγανακτήσεως,

2020 4247 2169 4308 ὅπως
2195 4245 2293 4300 καί⁵
2326 4247 2378 4298 οἰ
2426 4246 2857 4318 μαθητευόμενοι
2891 4246 3186 4301 ὑπεύθυνοι
3211 4248 3475 4316 γίνονται,
3507 4250 3606 4302 καὶ

2022 4331 2122 4384 οὐκ
2167 4331 2351 4383 ἐκεῖνα
2411 4330 2573 4400 μόνον
2596 4336 2616 4363 ’·
2629 4331 2987 4386 ἀπαιτοῦνται
3038 4331 3111 4385 τά
3171 4332 3605 4404 καταϐληθέντα,

2024 4415 2161 4470 ἀλλά
2186 4416 2279 4469 καὶ
2302 4416 2438 4486 μετά
2455 4415 2550 4469 τοῦ
2572 4415 2733 4469 τόκου
2782 4416 2882 4486 τὴν
2911 4415 3135 4487 μέθοδον
3164 4417 3516 4488 ὑπομένουσι.
3539 4419 3605 4472 Τί

2022 4493 2115 4552 οὖν
2167 4515 2301 4569 φησι
2355 4499 2492 4570 πρὸς
2549 4499 2714 4553 αὐτὸν
2768 4501 2798 4552 ὁ
2841 4499 3140 4571 δεσπότης;
3170 4499 3327 4574 [415]
3374 4500 3613 4571 Πονηρὲ

2023 4580 2229 4635 δοῦλε.
2259 4581 2469 4653 Φοϐερά
2512 4583 2551 4653 ὴ
2572 4582 2967 4653 ἀγανάκτησις,
3005 4583 3165 4654 ἱκανὴ
3191 4580 3533 4655 καταπλῆξαι
3574 4587 3606 4655 ή

2024 4665 2245 4735 ἀπειλή.
2291 4666 2360 4719 Εἰ
2401 4665 2606 4735 ᾕδεις,
2670 4667 2865 4739 φησὶν,
2910 4667 3001 4721 ὅτι
3052 4667 3247 4736 θερίᾰιι
3290 4667 3443 4721 ὅπου
3493 4669 3608 4721 οὐκ

2023 4748 2297 4819 ἔσπειρα,
2314 4749 2412 4802 καὶ
2434 4748 2679 4820 συνάγω
2701 4750 2853 4806 ὅπου
2870 4752 2942 4804 οὐ
2952 4749 3369 4819 διεσκόρπισα,
3386 4750 3507 4803 ἔδει
3529 4765 3607 4803 σε

2022 4831 2385 4885 καταϐαλεῖν
2400 4832 2465 4885 τὸ
2482 4832 2767 4902 ἀργύριόν
2789 4850 2910 4903 μου
2937 4832 3034 4885 ἐπὶ
3061 4833 3203 4898 τοὺς
3226 4831 3603 4899 τραπεζῖτας,

2023 4913 2123 4967 καί
2161 4913 2275 4983 ἐγὼ
2307 4914 2502 4969 ἐλθὼν
2541 4916 2694 4984 μετὰ
2737 4916 2917 4969 τόκου
2958 4915 3246 4983 ἀπῄτησα
3294 4913 3372 4968 ἂν
3414 4916 3565 4968 αὐτό
3585 4932 3605 4948 ο

2022 4997 2285 5070 ἀργύριον
2318 4997 2493 5068 λέγων
2537 4998 2608 5052 τά
2651 4997 2807 5068 λόγια
2845 4998 2913 5051 τά
2946 4998 3138 5069 τίμια,
3185 4998 3516 5069 τραπεζίτας
3546 4997 3607 5051 δὲ

2024 5081 2167 5151 ὑμᾶς
2199 5080 2382 5135 καλῶν
2427 5082 2553 5146 τούς
2579 5081 3029 5153 ὑποδεχομένους.
3059 5081 3158 5135 Σδν
3191 5080 3292 5152 μέν
3315 5076 3404 5153 ἦν,
3443 5080 3604 5156 φησὶ,

2021 5161 2353 5218 καταϐαλεῖν
2397 5164 2579 5236 μόνον,
2635 5164 2767 5235 ἐμὸν
2826 5164 2883 5219 δέ
2939 5160 3011 5235 ἦν
3070 5165 3131 5218 τὸ
3184 5165 3316 5234 παρ’
3377 5162 3608 5217 ἐκείνων

2022 5247 2359 5318 ἀπαιτῆσαι,
2413 5247 2488 5320 μὴ
2534 5248 2694 5320 μόνον
2736 5248 2807 5303 τὰ
2844 5247 3254 5320 καταϐληθέντα
3274 5288 3289 5311 ,
3334 5246 3470 5302 ἀλλά
3504 5246 3605 5303 καὶ

2021 5330 2113 5383 τὸν
2166 5332 2305 5402 ὑπὲρ
2351 5331 2559 5386 τούτων
2610 5332 2785 5386 τόκον.
2824 5332 3015 5403 Ὀράτε
3036 5371 3051 5396 ,
3105 5331 3424 5403 ἀγαπητοὶ,
3480 5330 3605 5395 πῶς

2023 5413 2192 5478 πολὺς
2235 5417 2265 5469 ό
2308 5415 2473 5485 φόϐος
2514 5416 2623 5472 τῶν
2667 5416 2992 5487 εἰρημένων.
3034 5415 3099 5470 Τί
3146 5416 3212 5469 ἀν
3255 5411 3351 5469 οὖν
3395 5415 3606 5468 ετποιεν

2021 5496 2073 5549 οἰ
2103 5497 2200 5551 καὶ
2227 5496 2329 5567 τῆς
2357 5498 2603 5571 φυλακῆς
2631 5499 2741 5554 τῶν
2762 5498 3211 5569 καταϐληθέντων
3242 5498 3600 5568 ἀμελοῦντες,

2019 5581 2154 5635 ὅταν
2190 5582 2285 5636 καὶ
2307 5581 2399 5636 τὸν
2426 5583 2570 5655 ὑπὲρ
2600 5583 2807 5639 τούτων
2837 5584 2993 5638 τόκον
3020 5582 3457 5653 μεθοδεύωνται;

2092 5664 2204 5719 Kal
2246 5666 2351 5737 ὅρα
2387 5666 2800 5739 φιλανθρωπίαν
2847 5668 3140 5725 Δεσπότου.
3181 5668 3309 5722 Ἐπὶ
3352 5668 3452 5737 μὲν
3487 5667 3600 5720 τῶν
3656 5701 3663 5708 -

2022 5749 2324 5818 χρημάτων
2350 5749 2459 5803 τῶν
2483 5751 2756 5822 αἰσθητῶν
2783 5752 3127 5822 ἀπηγόρευσε
3148 5751 3249 5807 τὸν
3276 5752 3435 5806 τόκον
3459 5751 3599 5820 λαμ-

2023 5830 2233 5886 ϐάνειν.
2262 5832 2420 5897 Τίνος
2440 5834 2646 5899 ἕνεκεν,
2670 5836 2765 5888 καὶ
2785 5834 2874 5888 διὰ
2884 5835 2942 5889 τί
2962 5852 2978 5900 ;
3002 5836 3119 5890 Ὅτι
3140 5836 3397 5907 ἑκάτερος
3415 5833 3598 5887 αὐτῶν

2023 5912 2220 5985 πολλὴν
2260 5917 2507 5974 ἐντεῦθεν
2533 5917 2793 5989 ὑπομένει
2836 5919 2933 5991 τὴν
2960 5919 3183 5992 βλάϐην.
3217 5919 3322 5973 Τοῦ
3364 5918 3463 5991 μὲν
3483 5915 3598 5987 γάρ
