4060 6422
460 384 568 442 377

458 501 495 572 ὴ
531 497 691 552 πενία
738 493 1098 568 ἐπιτρίϐεται,
1142 493 1172 545 6
1209 491 1268 545 δὲ
1318 491 1458 562 μετά
1492 488 1588 543 τοῦ
1637 483 1978 556 πλεονασμοῦ
2028 484 2138 536 τῶν

460 584 760 659 χρημάτων
791 583 885 638 καὶ
917 578 1332 653 ἁμαρτημάτων
1357 577 1558 648 πλῆθος
1583 575 1762 644 ἐαυτῷ
1787 573 2134 644 ἐπισωρεύει.

461 673 560 728 Διά
589 670 748 726 τοῦτο
793 669 852 738 ἐξ
899 669 1078 740 ἀρχῆς
1123 667 1216 721 καί¹
1259 668 1324 720 ἐκ
1373 665 1676 738 προοιμίων
1729 661 1999 724 Ἰουδαίοις
2025 661 2139 722 τοῖς

463 761 767 832 παχύτερον
817 757 1177 828 διακειμένοις
1219 753 1424 826 ταύτην
1470 753 1568 824 τὴν
1617 750 1834 821 ἐντολὴν
1887 747 2140 819 ἐνομοθέ-

459 866 593 921 τησε
624 848 825 916 λέγων·
871 848 994 900 οὐκ
1039 843 1331 909 ἐκτοκιεῖς
1374 840 1455 906 τῷ
1494 839 1736 908 ἀδελφῷ
1773 854 1891 892 σου
1922 837 2021 890 καί
2059 833 2140 900 τῷ

461 938 729 1006 πλησίον
754 952 894 990 σου.
926 925 1094 997 Ποίας
1117 928 1210 987 οῦν
1239 932 1305 986 ἂν
1334 925 1444 984 εἷεν
1474 927 1770 996 ἀπολογίας
1795 926 1935 992 ἀξιοι
1959 925 2009 978 οἰ
2042 923 2139 977 καὶ

459 1024 569 1078 τῶν
606 1022 876 1078 Ἰουδαίων
909 1020 1179 1091 ὠμότεροι
1216 1017 1518 1089 γινόμενοι,
1553 1015 1648 1070 καί
1679 1013 1816 1085 μετὰ
1851 1012 1951 1083 τὴν
1978 1011 2138 1082 χάριν

462 1111 559 1167 καὶ
600 1111 702 1178 τὴν
747 1108 1020 1180 τοσαύτην
1073 1106 1222 1177 παρὰ
1266 1103 1361 1158 τοῦ
1410 1101 1680 1156 Δεσπότου
1726 1099 2139 1170 φιλανθρωπίαν

462 1199 574 1252 τῶν
594 1199 654 1252 ἐν
682 1196 762 1267 τῷ
791 1197 941 1267 νόμῳ
985 1196 1240 1256 ἐλάττους
1277 1189 1654 1264 εὑρισκόμενοι
1676 1234 1687 1252 ,
1725 1187 1924 1258 μᾶλλον
1955 1186 2010 1238 δέ
2044 1185 2139 1240 καὶ

463 1283 712 1353 χείρους;
758 1281 881 1333 Ἐπὶ
915 1279 1098 1350 μέντοι
1131 1276 1240 1330 τῶν
1274 1273 1656 1346 πνευματικῶν
1698 1272 1861 1335 αὐτὸς
1887 1272 2138 1324 ἀπαιτεῖν

462 1369 804 1440 ὑπισχνεῖται
831 1368 959 1430 τούς
982 1366 1196 1429 τόκους.
1233 1363 1332 1418 Διά
1371 1363 1464 1429 τί;
1517 1359 1734 1430 Ἐπειδὴ
1764 1360 1857 1412 ἀπ’
1891 1357 2138 1422 ἐναντίας

460 1461 574 1523 τοῖς
611 1457 888 1528 αἰσθητοῖς
929 1456 1208 1527 χρήμασιν
1233 1445 1389 1515 οῦτός
1425 1451 1575 1503 ἐστιν
1603 1449 1631 1501 6
1653 1449 1809 1510 τόκος
1839 1449 1868 1500 6
1895 1463 2140 1516 πνευμα-

459 1545 632 1609 τικός.
669 1545 818 1598 Ἐκεῖ
850 1543 952 1614 μὲν
978 1541 1088 1612 γάρ
1119 1543 1147 1595 6
1183 1536 1527 1612 μεθοδευθείς
1560 1537 1639 1597 εἰς
1677 1534 1913 1605 ἐσχάτην
1947 1532 2140 1586 πενίαν

461 1633 656 1704 ἀθρόον
685 1630 1085 1702 καταφέρεται·
1120 1626 1357 1682 ἐνταῦθα
1389 1626 1446 1679 δέ
1472 1627 1500 1678 6
1537 1621 1978 1694 μεθοδευόμενος,
2012 1621 2139 1674 ὅταν

463 1719 664 1789 πολλὴν
690 1716 1114 1788 εὐγνωμοσύνην
1140 1713 1623 1784 ἐπιδείξηται,ὃσῳ
1642 1709 1708 1764 ἂν
1735 1709 1957 1763 πλείονα
1981 1707 2140 1762 τόκον

463 1805 772 1876 εἰσενέγκῃ,
807 1801 1046 1873 τοσούτῳ
1076 1799 1474 1871 δαψιλεστέρας
1504 1794 1768 1861 ἀπολαύει
1794 1794 1893 1864 τῆς
1933 1792 2140 1847 ἄνωθεν

464 1893 718 1964 ἀμοιϐῆς.
769 1892 1041 1954 Ἕκαστος
1096 1888 1272 1943 τοίνυν
1323 1886 1517 1957 ὐμῶν,
1570 1883 1866 1955 ἀγαπητοὶ,
1919 1880 2141 1934 ἐπειδάν

464 1979 889 2050 καταϐάλλωμεν
914 1979 1081 2049 ἡμεῖς
1102 1975 1170 2030 τά
1201 1972 1657 2046 ἐμπιστευθέντα,
1685 1969 1907 2025 διπλοῦν
1936 1969 2142 2039 ὀφείλει

460 2070 554 2124 τὸν
576 2071 736 2123 πόνον
761 2069 860 2123 καὶ
881 2068 979 2140 τὴν
1007 2065 1314 2137 ἀγρυπνίαν
1343 2063 1767 2126 ἐπιδείκνυσθαι,
1798 2061 1890 2114 τδν
1919 2061 2017 2131 μὲν
2041 2059 2142 2129 τῆς

464 2155 711 2226 φυλακῆς
733 2154 843 2208 τῶν
871 2152 1341 2226 καταϐληθέντων,
1371 2150 1512 2204 ὥστε
1543 2151 1717 2219 πάγια
1739 2149 1912 2202 ταῦτα
1938 2146 2138 2218 μένειν·

463 2245 554 2296 τὸν
585 2243 643 2297 δέ
681 2244 780 2314 τῆς
801 2242 1085 2313 ἐργασίας,
1119 2240 1261 2294 ὥστε
1290 2240 1387 2294 καὶ
1421 2239 1628 2311 ἐτέροις
1663 2235 2021 2308 μεταδιδόναι,
2049 2233 2142 2287 καὶ

464 2331 694 2395 πολλοὺς
727 2331 818 2384 ἐπί
845 2331 946 2401 τὴν
968 2327 1067 2401 τῆς
1087 2327 1291 2399 ἀρετῆς
1309 2327 1430 2381 666v
1456 2327 1840 2398 χειραγωγεῖν,
1869 2323 1958 2376 ἴνα
1977 2322 2138 2392 διπλῇ

465 2419 630 2473 πάλιν
679 2419 808 2488 ὑμῖν
853 2417 915 2471 τὺ
962 2416 1156 2489 κέρδος
1191 2414 1454 2487 αὐξηται,
1494 2414 1633 2484 ὑπέρ
1676 2430 1736 2467 τε
1790 2413 1890 2483 τῆς
1937 2411 2142 2476 οἰκείας

466 2506 761 2578 σωτηρίας,
793 2505 934 2576 ὐπέρ
961 2521 1022 2556 τε
1054 2503 1154 2575 τῆς
1185 2503 1296 2557 τῶν
1334 2502 1510 2557 ἀλλων
1541 2500 1828 2571 ὠφελείας.
1881 2501 2007 2554 Ἐάν
2035 2501 2143 2572 γὰρ

464 2593 626 2648 τοῦτο
670 2592 883 2663 ποιῆτε,
924 2593 1018 2646 καὶ
1053 2593 1200 2662 ἡμᾶς
1235 2591 1538 2663 μακαρίους
1574 2589 1952 2661 ἀπεργάσεσθε
1993 2590 2144 2658 (Μα-

465 2680 672 2751 κάριος
702 2681 831 2752 γάρ,
868 2679 1055 2750 φησὶν,
1089 2682 1120 2733 ὀ
1151 2679 1346 2748 λέγων
1372 2679 1460 2743 είς
1485 2672 1602 2732 ὦτα
1630 2677 2014 2743 ἀκουόντων),
2050 2675 2145 2728 καὶ⁹

468 2767 921 2840 παρασκευάσετε
983 2767 1376 2838 δαψιλεστέραν
1432 2766 1563 2835 ὑμῖν
1618 2763 1976 2836 παρατιθέναι
2043 2763 2144 2834 τὴν

466 2856 843 2926 πνευματικὴν
873 2854 1079 2924 ταύτην
1111 2853 1411 2926 τράπεζαν.
1436 2853 1527 2924 Μὴ
1552 2852 1730 2906 τοίνυν
1760 2850 2010 2920 ἀμελεῖτε
2035 2849 2144 2903 τῶν

464 2943 710 3012 ἀδελφῶν
752 2942 862 2996 τῶν
894 2941 1178 3014 ὑμετέρων
1197 2981 1212 3006 ,
1258 2942 1397 3014 μηδέ
1447 2939 1515 2994 τά
1547 2939 1670 2994 καθ’
1709 2938 1934 3001 ἑαυτοὺς
1985 2937 2146 3008 μόνον

467 3033 744 3091 σκοπεῖτε,
774 3029 888 3084 ἀλλ’
919 3028 1151 3093 ἕκαστος
1203 3027 1550 3092 σπουδαζέτω
1592 3026 1684 3080 τδν
1723 3025 1949 3096 πλησίον
1979 3023 2144 3096 ἐξαρ-

465 3113 662 3176 πάζειν
688 3113 788 3184 τῆς
807 3111 903 3166 τοῦ
933 3111 1182 3168 διαϐόλου
1213 3112 1517 3182 φάρυγγος,
1549 3109 1644 3163 καὶ
1672 3108 1781 3162 τῶν
1811 3109 2146 3181 παρανόμων

465 3201 690 3254 ἐκείνων
721 3198 1033 3270 θεαμάτων,
1073 3198 1168 3252 καὶ
1194 3199 1274 3263 εἰς
1301 3198 1402 3268 τὴν
1429 3196 1724 3268 ἐκκλησίαν
1751 3196 2142 3264 ἐπαναγαγεῖν,

464 3287 772 3351 δεικνύντες
810 3285 960 3357 αὐτῷ
980 3298 1006 3328 ι
1039 3285 1180 3357 μετά
1220 3284 1424 3356 πολλῆς
1451 3285 1551 3356 τῆς
1594 3282 1894 3346 ἐπιεικείας
1925 3281 2146 3351 καὶτῆς

468 3375 796 3446 πραότητος,
824 3374 920 3428 καὶ
947 3374 1046 3445 τῆς
1082 3372 1263 3444 λύμης
1294 3372 1396 3442 τὴν
1426 3369 1735 3441 ὑπερϐολὴν
1779 3369 1874 3422 καὶ
1901 3367 2011 3422 τῶν
2056 3369 2146 3420 ἐν-

464 3462 657 3516 ταῦθα·
681 3462 902 3531 ἀγαθῶν
944 3462 1007 3515 τὸ
1041 3460 1305 3532 μέγεθος·
1336 3460 1431 3514 καὶ
1477 3458 1552 3530 μὴ
1593 3456 1745 3530 [414]
1796 3457 1956 3528 μόνον
1997 3456 2145 3522 ἆπαξ

467 3549 562 3601 καὶ
600 3548 852 3621 δεύτερον
897 3547 1058 3602 τοῦτο
1113 3550 1316 3601 ποιεῖτε
1337 3585 1352 3611 ,
1392 3546 1528 3601 ἀλλά
1566 3545 1660 3598 καὶ
1703 3544 1986 3615 διηνεκῶς.
2028 3544 2147 3597 Κᾶν

466 3635 577 3706 γὰρ
604 3638 846 3708 σήμερον
875 3635 952 3709 μὴ
975 3635 1231 3706 πείθηται
1273 3637 1388 3698 τοῖς
1415 3633 1568 3706 παρὰ
1596 3632 1689 3688 σοῦ
1715 3633 2047 3703 λεγομένοις,
2078 3634 2144 3704 τῇ

469 3722 598 3792 ἑξῆς
631 3722 986 3795 πεισθήσεται
1007 3740 1019 3753 ·
1044 3723 1151 3776 κᾶν
1187 3722 1262 3792 μὴ
1285 3724 1354 3792 τῇ
1387 3721 1537 3791 ἑξῆς,
1569 3722 1732 3775 πάλιν
1760 3719 1903 3791 ὁρῶν
1932 3737 1990 3772 σε
2022 3721 2147 3772 ἐπι-

467 3810 740 3881 κείμενον,
786 3812 916 3874 ῖσως
958 3809 1384 3880 ἐντραπήσεται,
1437 3807 1533 3862 καί
1590 3807 1857 3871 αἰδεσθείς
1907 3824 2000 3859 σου
2046 3805 2146 3877 τὴν

469 3897 818 3969 κηδεμονίαν,
852 3897 1223 3968 ἀποστήσεται
1269 3896 1380 3950 τῶν
1425 3893 1790 3964 βλαπτόντων.
1834 3894 1941 3948 Καὶ
1980 3895 2145 3964 μηδέ-

468 4001 600 4037 ποτε
636 3984 782 4053 λέγε,
813 3985 895 4039 ὅτι
932 3984 1042 4039 Καὶ
1079 3983 1244 4049 ἅπαξ,
1280 3983 1375 4038 καί
1403 3981 1674 4056 δεύτερον,
1709 3981 1803 4035 καὶ
1823 3981 2025 4052 τρίτον,
2052 3980 2148 4034 καὶ

469 4071 732 4136 πολλάκις
777 4068 962 4136 εἷπον,
1010 4073 1105 4125 καὶ
1143 4071 1296 4125 οὐδὲν
1328 4073 1523 4143 ἡνυσα.
1575 4070 1668 4141 Μὴ
1702 4069 1887 4142 παύσῃ
1938 4069 2112 4137 λέγων
2131 4084 2144 4098 ·

468 4160 580 4231 ὅσῳ
608 4159 719 4231 γάρ
750 4157 817 4213 ἂν
847 4159 1141 4232 ἐπιμένῃς,
1181 4158 1422 4230 τοσούτῳ
1451 4175 1547 4212 σου
1579 4158 1673 4211 καί
1712 4157 1742 4210 6
1773 4156 1962 4226 μισθὸς
1993 4155 2146 4222 αὐξε·

469 4263 580 4304 ται.
620 4247 737 4318 οὐχ
778 4249 941 4318 δρᾶτε
975 4247 1152 4319 πόσης
1191 4245 1542 4319 ἀπολαύομεν
1573 4243 1956 4317 μακροθυμίας
1995 4242 2144 4314 παρά

468 4333 562 4388 τοῦ
605 4317 733 4387 τῶν
763 4317 901 4387 ὅλων
953 4317 1118 4397 Θεοῦ,
1164 4335 1258 4388 καὶ
1313 4334 1432 4398 πῶς
1473 4317 1594 4387 κᾶθ’
1642 4332 1879 4402 ἑκάστην
1931 4331 2148 4401 ἡμέραν

472 4418 857 4490 παρακούομεν
881 4418 1048 4472 αὐτοῦ
1074 4419 1183 4472 τῶν
1207 4420 1664 4491 προσταγμάτων,
1683 4418 1776 4471 καὶ
1795 4418 1896 4471 οὐκ
1915 4417 2149 4485 ἀφίστα-

469 4521 562 4558 ται
591 4505 691 4576 τῆς
712 4505 841 4574 περὶ
862 4507 1010 4576 ἡμᾶς
1032 4505 1374 4576 κηδεμονίας,
1403 4505 1542 4559 ἀλλά
1571 4506 1666 4558 καὶ
1691 4505 1760 4558 τά
1791 4506 1922 4575 παρ’
1946 4501 2141 4556 ἐαυτοῦ

473 4593 654 4648 πάντα
703 4595 948 4664 χορηγεῖ,
995 4593 1087 4646 τὸν
1110 4593 1262 4663 ἥλιον
1305 4593 1634 4655 ἀνατέλλων,
1671 4594 1798 4656 τοὺς
1842 4592 2032 4654 ὑετοὺς
2069 4591 2148 4643 δι-

470 4684 615 4747 δοὺς,
658 4681 730 4735 τά
759 4681 894 4735 ἄλλα
937 4681 1150 4745 πάντας
1190 4679 1296 4734 Τὸν
1324 4680 1484 4733 αὐτὸν
1532 4679 1596 4750 δὴ
1632 4679 1831 4750 τρόπον
1861 4681 1955 4732 καὶ
1984 4681 2148 4749 ἡμεῖς

474 4771 603 4840 περὶ
635 4770 762 4834 τοὺς
810 4768 1070 4839 ἀδελφοὺς
1107 4770 1231 4832 τοὺς
1276 4767 1580 4840 ἡμετέρους
1615 4767 1814 4836 πολλὴν
1866 4765 2149 4837 ποιώμεθα

472 4858 571 4929 τὴν
619 4859 872 4928 σπουδὴν,
907 4859 1002 4912 καὶ
1050 4856 1496 4928 ἅντιταττώμεθα
1545 4857 1623 4927 τῷ
1667 4855 1889 4928 πονηρῷ
1932 4856 2145 4927 δαίμονι

473 4947 688 5019 ἐκείνῳ,
751 4948 840 5003 ἵνα
898 4949 1076 5017 ἄκυρα
1122 4947 1287 5002 αὐτοῦ
1336 4947 1577 5019 ποιῶμεν
1629 4947 1698 5000 τά
1751 4947 2144 5018 μηχανήματα.

488 5033 614 5090 Ἐὰν
643 5036 752 5105 γὰρ
781 5035 1010 5098 ἕκαστος
1037 5034 1142 5088 τῶν
1172 5033 1404 5089 ἐνταῦθα
1439 5034 1730 5088 συνιόντων
1761 5034 1858 5087 ’ένα
1891 5034 2148 5105 κερδᾶναι

474 5120 708 5192 δυνηθῇ,
753 5121 1003 5192 ἐννόησον
1040 5123 1189 5186 ὅπως
1218 5124 1349 5192 ἡμῖν
1387 5125 1479 5174 καὶ
1518 5124 1552 5193 ἡ
1599 5121 1894 5192 Ἐκκλησία
1941 5121 2035 5172 ἐπὶ
2070 5118 2150 5190 τῷ

475 5209 669 5281 πλήθει
707 5209 814 5262 τῶν
851 5209 1066 5262 οἰκείων
1099 5209 1306 5262 τέκνων
1351 5209 1548 5279 πολλὴν
1587 5209 1796 5272 δέξεται
1825 5209 1921 5276 τὴν
1947 5207 2148 5278 εὐφρο-

477 5297 662 5366 σύνην,
694 5297 788 5350 καὶ
817 5298 845 5349 6
881 5295 1125 5359 διάϐολος
1157 5295 1683 5366 καταισχυνθήσεται
1726 5295 1872 5365 ὁρῶν
1901 5296 2022 5364 εἰκῆ
2055 5293 2150 5347 καὶ

476 5383 654 5453 μάτην
709 5381 875 5436 αὐτοῦ
930 5381 999 5435 τά
1052 5383 1243 5436 δίκτυα
1288 5383 1581 5452 τεταμένα.
1642 5383 1769 5436 Ἐάν
1825 5381 1934 5452 γὰρ
1990 5379 2150 5433 τοῦτο

474 5471 688 5539 ποιῆτε,
726 5469 1028 5524 ἀκούσεσθε
1059 5469 1155 5523 καὶ
1184 5470 1342 5540 ὑμεῖς
1372 5468 1514 5522 κατά
1537 5469 1635 5541 τὴν
1657 5469 1871 5539 ἡμέραν
1902 5467 2144 5538 ἐκείνην·

473 5553 584 5621 Εὖ,
617 5557 800 5612 δοῦλε
834 5559 1018 5628 ἀγαθὲ
1062 5556 1163 5614 καὶ
1204 5555 1408 5621 πιστὰ,
1440 5555 1542 5609 ἐπί
1576 5557 1750 5627 ὀλίγα
1795 5552 1872 5626 ἧς
1907 5555 2150 5620 πιστὸς,

475 5645 573 5699 ἐπὶ
607 5643 852 5698 πολλῶν
885 5661 957 5699 σε
985 5645 1370 5712 καταστήσω.

542 5731 612 5800 γ’.
631 5731 770 5783 Ἀλλ’
785 5732 866 5784 ὃτι
888 5733 984 5800 μὲν
1007 5732 1162 5785 τοῦτο
1183 5734 1455 5802 ποιήσετε.
1474 5733 1677 5802 σφόδρα
1700 5729 2017 5796 πέπεισμαι·
2032 5726 2143 5798 ὁρῶ

474 5819 583 5892 γὰρ
616 5816 772 5889 ὐμῶν
810 5816 906 5870 καὶ
935 5816 1003 5868 τά
1039 5819 1326 5886 πρόσωπα,
1355 5820 1449 5871 καὶ
1478 5819 1806 5890 στοχάζομαι
1829 5815 1976 5876 ὅπως
2017 5813 2137 5883 μεθ’

540 6002 564 6030 ⁸
591 6000 742 6052 Savil.
771 6005 822 6051 et
841 6012 932 6049 sex
956 6012 1071 6050 mss.
1101 5998 1338 6047 δεικνύντα
1361 5999 1508 6061 αὐτῷ.

1273 377 1330 431 S.
1365 371 1651 430 JOANNIS
1679 363 2172 426 CIIRYSOSTOMI
2207 363 2527 420 ARCIIIEP.
2569 364 3116 423 CONSTANTINOP.

3788 373 3873 428 578

2235 479 2429 551 ἡδονῆς
2457 481 2708 547 ἐδέξασθε
2732 484 2834 555 τὴν
2861 486 2989 553 παρ’
3015 481 3175 555 ἡμῶν
3203 483 3505 550 νουθεσίαν,
3523 483 3618 538 καὶ
3640 484 3722 538 διὰ
3746 489 3877 542 τοῦτο

2236 568 2444 634 ἐλπίζω
2471 573 2566 625 καὶ
2595 572 2665 624 τά
2694 573 2826 643 παρ’
2857 572 3010 642 ὑμῶν
3041 571 3534 644 εἰσενεχθήσεσθαι.
3562 574 3653 627 Διδ
3673 576 3765 647 τὴν
3797 578 3878 648 μὲν

2238 658 2370 728 περὶ
2394 658 2588 712 τούτου
2617 660 2938 732 παραίνεσιν
2976 658 3214 713 ἐνταῦθα
3243 661 3561 731 στήσωμεν·
3597 663 3878 735 παραθήσοο

2242 758 2343 812 μεν
2369 739 2426 793 δέ
2453 741 2583 811 ὑμῖν
2604 741 2704 812 τὴν
2731 741 2955 812 πτωχὴν
2979 742 3012 812 ἡ
3020 741 3138 812 μῶν
3166 742 3262 795 καὶ
3289 743 3485 813 εὐτελῆ
3510 744 3879 815 τράπεζαν,ἴνα

2236 821 2340 893 τῆς
2387 821 2650 894 συνήθους
2692 822 3098 887 ἀπολαύσαντες
3137 823 3486 888 διδασκαλίας
3523 825 3690 890 οὓτως
3721 827 3878 882 οἴκαδε

2237 907 2593 977 ἐπανέλθητε.
2644 907 2962 976 ’Δναγκαῖον
2990 907 3102 980 γάρ
3129 907 3225 963 καὶ
3255 910 3496 982 σήμερον
3527 911 3617 964 τὸν
3643 914 3880 984 πατριάρ-

2238 1005 2341 1059 χην
2384 989 2634 1061 Ἀϐραάμ
2670 991 2751 1055 εἰς
2793 990 2956 1060 μέσον
2983 991 3234 1059 ἀγαγεῖν,
3278 991 3365 1043 ῖνα
3405 991 3610 1062 μάθητε
3645 994 3754 1056 οἵας
3784 995 3879 1048 ἐδέ-

2240 1071 2368 1137 ξατο
2401 1073 2502 1143 τῆς
2531 1073 2836 1143 φιλοξενίας
2865 1071 3020 1144 παρά
3047 1071 3142 1126 τοῦ
3162 1071 3297 1126 Θεοῦ
3323 1071 3423 1136 τάς
3448 1073 3695 1144 ἀμοιϐάς.
3716 1076 3877 1144 Ὠφθη

2237 1157 2308 1212 δὲ
2345 1155 2526 1223 αὐτῷ,
2562 1159 2750 1228 φησὶν,
2800 1161 2834 1213 ὀ
2863 1158 3008 1224 Θεὸς
3039 1158 3188 1226 πρὸς
3222 1158 3298 1228 τῇ
3346 1159 3485 1228 δρυῒ
3525 1159 3602 1230 τῇ
3639 1160 3876 1232 Μαμϐρῆ.

2238 1241 2579 1310 καθημένου
2618 1239 2808 1295 αὑτοῦ
2837 1241 2934 1294 ἐπὶ
2978 1239 3090 1309 τῆς
3117 1241 3303 1309 θύρας
3327 1241 3440 1310 τῆς
3461 1241 3696 1311 σκηνῆς
3720 1245 3879 1298 αὐτοῦ

2233 1323 2629 1391 μεσημϐρίας.
2662 1323 2933 1376 Ἕκαστον
2983 1323 3092 1376 τῶν
3145 1324 3409 1394 ῥημάτων
3449 1325 3588 1395 μετὰ
3629 1326 3880 1397 ἀκριϐείας

2237 1404 2620 1475 ἐξετάσωμεν,
2679 1406 2774 1459 καὶ
2837 1406 3237 1476 ἀναπτύξωμεν
3295 1408 3389 1461 τὸν
3452 1409 3756 1480 θησαυρὸν,
3802 1411 3882 1464 καὶ

2239 1487 2460 1541 ἃπαντα
2473 1488 2565 1541 τὸν
2581 1488 2840 1541 ἐναποκεί
2845 1505 3006 1559 μενον
3026 1488 3257 1543 πλοῦτον
3286 1492 3879 1564 καταμάθωμενβΩφθη

2238 1569 2309 1622 δὲ
2330 1568 2512 1636 αὐτῷ,
2551 1571 2739 1641 φησὶν,
2778 1573 2812 1624 ό
2851 1572 3015 1638 Θεός.
3049 1572 3207 1636 Τίνος
3247 1573 3434 1628 ἐνεκεν
3475 1575 3647 1640 οὕτως
3684 1578 3879 1648 ἤρξατο,

2242 1655 2434 1722 Ὠερθη
2471 1653 2536 1706 δὲ
2563 1651 2724 1719 αὐτῷ
2743 1657 2775 1708 ό
2797 1654 2972 1720 Θεός;
3006 1655 3148 1724 Ὅρα
3178 1657 3451 1711 Δεσπότου
3483 1659 3880 1731 φιλανθρωπίαν,

2239 1738 2335 1791 καὶ
2378 1738 2573 1792 σκόπει
2608 1755 2699 1808 μοι
2731 1737 2942 1791 οἰκέτου
2992 1737 3433 1812 εὐγνωμοσύνην.
3474 1743 3689 1816 Ἐπειδὴ
3717 1745 3814 1816 γὰρ
3833 1747 3882 1798 ἐν

2238 1822 2354 1884 τοῖς
2381 1819 2748 1890 προλαϐοῦσιν
2776 1819 2964 1890 ὀφθεὶς
3020 1821 3192 1893 αὐτῷ,
3227 1824 3364 1893 μετά
3403 1825 3508 1878 τῶν
3539 1827 3710 1881 ἄλλων
3735 1829 3882 1881 ἀπάν-

2240 1921 2349 1956 των
2375 1905 2468 1957 καὶ⁸
2493 1903 2592 1975 τὴν
2612 1903 2857 1974 περὶτῆς
2873 1908 3174 1976 περιτομῆς
3199 1905 3348 1976 αὐτῷ
3369 1909 3591 1978 ἐντολὴν
3612 1909 3880 1976 διετάξατο,

2240 1986 2270 2038 6
2297 1985 2354 2039 δὲ
2384 1985 2695 2057 θαυμαστὸς
2722 1983 2875 2050 οὗτος
2901 1987 2990 2040 ἀεὶ
3010 1987 3080 2040 τά
3107 1989 3262 2060 παρά
3286 1990 3380 2043 τοῦ
3417 1991 3554 2044 Θεοῦ
3587 1993 3884 2064 κελευόμενα

2242 2069 2322 2132 εἰς
2359 2067 2519 2140 ἔργον
2549 2069 2794 2124 σπεύδων
2821 2069 2997 2138 ἀγειν,
3027 2069 3231 2135 εὐθέως
3259 2073 3379 2126 οὐδὲ
3407 2075 3468 2126 τὸ
3494 2076 3659 2146 τυχὸν
3682 2077 3883 2131 ἀναϐαλ-

2241 2150 2467 2222 λόμενος
2497 2152 2659 2216 αὐτός
2684 2170 2745 2206 τε
2767 2154 3175 2224 περιετέμνετο.
3199 2155 3261 2207 τὸ
3288 2156 3433 2227 παρά
3458 2157 3551 2210 τοῦ
3581 2159 3713 2211 Θεοῦ
3739 2176 3882 2230 προσ-

2241 2235 2439 2305 ταχθὲν
2472 2235 2726 2306 πληρῶν,
2778 2235 2870 2288 καὶ
2899 2235 2990 2289 τὸν
3027 2236 3249 2307 Ἰσμαὴλ
3285 2239 3580 2309 περιέτεμε
3601 2279 3616 2303 ,
3665 2241 3883 2304 καὶτοὺς

2241 2319 2533 2386 οἰκογενεῖς
2567 2320 2814 2381 ἃπαντας
2833 2357 2847 2380 ,
2873 2318 2969 2370 καὶ
3015 2317 3216 2383 ἔδειξεν
3258 2320 3423 2374 αὐτοῦ
3465 2323 3568 2392 τὴν
3596 2323 3784 2395 πολλὴν
3808 2325 3885 2377 ὐπ-

2243 2400 2434 2470 ακοὴν,
2453 2400 2614 2455 πάλιν
2641 2400 2790 2471 αὐτῷ
2819 2401 3449 2471 ἐπιφαίνεται.Τοιοῦτος
3467 2406 3579 2477 γὰρ
3605 2409 3884 2476 όΔεσπότης

2242 2483 2272 2536 6
2319 2483 2619 2554 ἡμέτερος·
2667 2483 2890 2538 ἐπειδάν
2939 2484 3050 2548 τοῖς
3097 2485 3199 2555 ήδη
3254 2486 3520 2554 φθάσασιν
3569 2490 3885 2561 εὐγνώμονας

2244 2566 2569 2636 γενομένους
2617 2566 2700 2638 ἴδῃ
2723 2607 2737 2630 ,
2780 2566 3221 2636 ἐπιδαψιλεύεται
3261 2571 3355 2623 καί
3399 2570 3656 2626 οὐδέποτε
3703 2575 3886 2626 ἵσταται

2243 2649 2344 2719 τῆς
2368 2650 2686 2720 εὐεργεσίας
2707 2688 2722 2712 ,
2766 2650 3124 2722 ἀμειϐόμενος
3148 2651 3247 2722 τὴν
3275 2654 3381 2706 τῶν
3414 2655 3788 2711 ὑπακουόντων
3812 2657 3885 2710 εύ-

2245 2732 2619 2802 γνωμοσύνην.
2671 2731 2771 2785 Διά
2823 2732 2977 2786 τοῦτο
3022 2728 3136 2797 οῦν,
3185 2735 3370 2805 ἐπειδὴ
3415 2737 3716 2808 ὑπήκουσε,
3760 2738 3885 2814 [ιιι]

2247 2817 2402 2886 φησί,
2431 2815 2593 2868 πάλιν
2615 2815 2770 2886 ὤφθη
2793 2815 2959 2886 αὐτῷ.
2988 2816 3204 2888 Ταύτης
3227 2819 3405 2871 τοίνυν
3430 2821 3596 2875 ἕνεκα
3616 2823 3713 2892 τῆς
3737 2824 3888 2889 αἰτίας

2244 2899 2418 2962 οὓτως
2463 2899 2668 2969 ἦρξατο
2704 2900 2732 2950 6
2781 2899 3052 2970 μακάριος
3092 2901 3332 2970 Μωῦσῆς
3377 2901 3587 2970 λέγων·
3631 2909 3804 2976 Ὥφοη
3832 2907 3888 2961 δὲ

2244 2981 2406 3046 αὑτῷ
2441 2986 2486 3046 ,ό
2529 2982 2673 3048 Θεὸς
2704 2980 2856 3050 πρὸς
2896 2981 2971 3050 τῇ
2996 2981 3134 3050 δρυῒ
3160 2980 3236 3049 τῇ
3272 2984 3542 3054 Μαμϐρῆ,
3579 2989 3888 3058 καθημένου

2245 3064 2434 3120 αὐτοῦ
2482 3065 2580 3117 ἐπὶ
2623 3063 2734 3133 τῆς
2772 3065 2955 3132 θύρας
3010 3063 3121 3131 τῆς
3171 3065 3410 3134 σκηνῆς
3451 3071 3644 3125 αὑτοῦ
3685 3088 3888 3142 μεσημ-

2246 3150 2434 3218 ϐρίας.
2477 3149 2677 3202 Σκόπει
2724 3164 2814 3219 μοι
2870 3148 3105 3202 ἐνταῦθα
3149 3148 3242 3202 τοῦ
3285 3151 3496 3204 δικαίου
3547 3154 3650 3224 τὴν
3691 3157 3886 3228 ἀρετήν.

2245 3232 2617 3303 Καθημένου,
2677 3232 2862 3302 φησὶν,
2904 3231 3005 3285 ἐπὶ
3056 3231 3168 3300 τῆς
3209 3233 3469 3302 σκηνῆς.
3524 3235 3714 3303 Οὕτως
3753 3241 3889 3312 ἔργον

2244 3318 2482 3370 ἐποιεῖτο
2503 3316 2604 3387 τὴν
2638 3315 2963 3385 φιλοξενίαν,
2991 3315 3068 3379 ὼς
3097 3317 3231 3388 μηδὲ
3260 3318 3590 3388 ἀνασχέσθαι
3623 3323 3785 3396 ἑτέρῳ
3801 3325 3891 3378 τινὶ

2243 3402 2355 3456 τῶν
2401 3401 2789 3472 προσηκόντων
2828 3401 3117 3472 ἐπιτρέψαι
3171 3401 3271 3472 τὴν
3309 3400 3514 3455 τούτων
3546 3403 3747 3477 θήραν·
3777 3406 3890 3461 ἀλλὰ

2242 3486 2588 3558 τριακοσίους
2621 3485 2753 3539 δέκα
2785 3485 2880 3539 καὶ
2919 3483 3065 3537 ὀκτὼ
3097 3485 3392 3554 οἰκογενεῖς
3429 3484 3590 3556 ἔχων,
3634 3489 3889 3561 ἄνθρωπος

2245 3569 2582 3640 πρεσϐύτης,
2631 3568 2725 3622 καὶ
2753 3569 2836 3630 εἰς
2866 3566 3002 3638 βαθύ
3041 3568 3217 3637 γῆρας
3259 3565 3459 3632 ἐλάσας
3502 3569 3890 3642 (ἐκατονιαέτης

2244 3654 2354 3723 γὰρ
2387 3652 2697 3722 ἐτύγχανε),
2743 3651 2895 3722 παρά
2923 3652 3022 3722 τὴν
3045 3651 3216 3720 θύραν
3272 3651 3587 3716 ἐκαθέζετο.
3632 3657 3738 3710 Καὶ
3761 3651 3891 3718 οὗτος

2250 3737 2349 3806 μὲν
2381 3738 2540 3793 τοῦτο
2576 3737 2736 3807 ἔργον
2774 3737 3028 3798 ἐποιεῖτο,
3063 3736 3158 3788 καὶ
3189 3733 3309 3789 οὐδὲ
3338 3735 3401 3788 τὸ
3428 3735 3608 3808 γῆρας
3633 3738 3776 3810 αὐτῷ
3801 3738 3890 3792 κώ-

2246 3821 2391 3891 λυμα
2437 3821 2676 3889 ἐγένετο,
2725 3819 2846 3871 οὐδὲ
2874 3820 2974 3888 τῆς
3012 3817 3216 3882 οἰκείας
3267 3818 3631 3885 ἀναπαύσεως
3664 3817 3749 3893 ἦν,
3790 3820 3890 3874 ούδι

2246 3905 2355 3958 ἔσω
2378 3906 2469 3956 ἐπὶ
2501 3905 2599 3974 τῆς
2631 3904 2815 3971 κλίνης
2841 3897 2908 3972 ἦν
2943 3900 3314 3971 ἀνακείμενος,
3341 3900 3480 3956 ἀλλά
3502 3904 3655 3974 παρά
3697 3905 3789 3974 τὴν
3813 3903 3888 3955 θύ-

2250 4006 2352 4061 ραν
2381 3988 2702 4052 ἐκαθέζετο·
2747 3986 2925 4056 ’έτεροι
2963 3985 3020 4037 δὲ
3054 3983 3313 4047 πολλάκις
3339 3984 3399 4036 οὐ
3429 3983 3592 4054 μόνον
3620 3986 3811 4056 ταύτην
3838 3984 3887 4038 οὗ

2247 4071 2524 4126 ποιοῦνται
2558 4071 2657 4142 τὴν
2693 4069 2962 4137 σπουδὴν,
2995 4068 3131 4122 ἀλλὰ
3163 4069 3256 4122 καὶ
3291 4067 3352 4121 τὸ
3393 4069 3654 4133 ἐναντίον,
3686 4073 3771 4123 καί
3811 4072 3885 4122 ἐκ·

2245 4154 2450 4209 κλίνειν
2479 4152 2814 4223 ἐπιχειροῦσι
2857 4153 2968 4207 τῶν
3013 4151 3423 4221 ἐπιδημούντων
3455 4152 3554 4216 τάς
3605 4155 3884 4223 συντυχίας,

2227 4231 2307 4296 ὼς
2336 4232 2405 4287 ἀν
2439 4233 2514 4303 μὴ
2546 4233 2639 4286 καὶ
2673 4235 2898 4296 ἄκοντες
2925 4235 3322 4303 ἀναγκασθεῖεν
3343 4237 3728 4304 ὐποδέξασθαι.
3767 4240 3886 4294 Ἀλλ’

2229 4316 2376 4386 οὐχό
2415 4315 2624 4378 δίκαιος
2667 4315 2861 4380 οὕτως,
2893 4317 3032 4370 ἀλλά
3063 4318 3217 4391 παρά
3249 4321 3348 4392 τὴν
3378 4321 3549 4392 θύραν
3577 4325 3677 4395 τῆς
3708 4323 3886 4394 σκηνῆς

2230 4398 2524 4462 ἐκαθέζετο
2569 4399 2942 4471 μεσημϐρίας.
2991 4401 3165 4456 Τοῦτο
3196 4405 3306 4474 γάρ
3339 4403 3377 4472 ὴ
3414 4405 3583 4476 πολλὴ
3621 4407 3722 4476 τῆς
3760 4407 3886 4477 φιλο⁴

2230 4481 2411 4548 ξενίας
2445 4482 2718 4546 ἐπίτασις,
2755 4484 2851 4538 καὶ
2891 4483 2992 4553 τῆς
3028 4485 3232 4558 ἀρετῆς
3267 4487 3364 4540 τοῦ
3417 4489 3630 4544 δικαίου
3670 4493 3703 4562 ἡ
3733 4493 3882 4560 ὑπερ-

2229 4569 2377 4640 ϐολὴ.
2408 4569 2492 4622 ὅτι
2509 4571 2603 4622 καὶ
2626 4570 2683 4623 ἐν
2708 4572 3027 4644 μεσημϐρία
3053 4573 3212 4627 τοῦτο
3242 4573 3613 4646 διεπράττετο.
3645 4579 3882 4640 Εἰκότως·

2227 4651 2418 4722 ἐπειδὴ
2457 4651 2567 4722 γὰρ
2597 4651 2715 4722 ᾔδει
2750 4654 2880 4716 τοὺς
2918 4654 3220 4727 ὁδοιπορεῖν
3255 4657 3735 4730 ἀναγκαζομένους
3775 4658 3882 4714 κατ’

2228 4736 2437 4788 ἐκεῖνον
2465 4735 2558 4788 τὸν
2590 4735 2780 4807 καιρὸν
2806 4737 3044 4806 μάλιστα
3080 4738 3370 4809 δεομένους
3402 4739 3605 4812 πολλῆς
3621 4743 3720 4813 τῆς
3747 4742 3884 4812 θερα-

2229 4819 2412 4880 πείας,
2439 4817 2530 4872 διὰ
2553 4819 2713 4872 τοῦτο
2741 4818 2820 4884 ὠς
2842 4821 3148 4891 ἐπιτήδειον
3173 4823 3365 4894 καιρὸν
3389 4823 3576 4880 τοῦτον
3606 4826 3881 4896 ἐξελέγετο,

2225 4903 2320 4956 καὶ
2352 4901 2665 4972 καθήμενος
2694 4903 2868 4975 ἐθήρα
2903 4907 3032 4968 τοὺς
3064 4907 3383 4976 παριόντας,
3408 4909 3620 4962 οἰκείαν
3647 4911 3883 4964 ἀνάπαυ-

2225 5001 2310 5037 σιν
2341 4984 2545 5055 κρίνων
2561 4984 2660 5054 τὴν
2690 4985 2800 5039 τῶν
2837 4987 3028 5041 ὁδιτῶν
3061 4988 3383 5059 θεραπείαν,
3413 4991 3506 5045 καὶ
3535 4994 3662 5056 τοὺς
3683 4992 3781 5046 ὑπὸ
3800 4990 3880 5044 τοῦ

2223 5066 2508 5132 καύσωνος
2529 5068 2899 5140 φλεγομένους
2929 5070 3034 5124 ὐπὸ
3064 5071 3165 5143 τὴν
3195 5074 3408 5146 σκέπην
3436 5077 3675 5146 εἰσάγειν
3705 5075 3880 5131 ἐσπού-

2219 5150 2402 5215 δαζεν,
2431 5153 2492 5204 οὐ
2523 5153 3024 5224 περιεργαζόμενος
3052 5156 3179 5219 τούς
3215 5158 3534 5228 παριόντας,
3559 5161 3678 5214 οὐδὲ
3711 5159 3876 5226 ἐξετά-

2222 5232 2331 5313 ζων
2361 5234 2412 5313 εἰ
2443 5231 2732 5305 γνώριμοι,
2767 5233 2802 5305 ἢ
2837 5235 3108 5304 ἄγνωστοι
3153 5234 3285 5292 εἷεν.
3331 5241 3407 5295 Οὐ
3449 5243 3751 5313 φιλοξενίας
3786 5241 3879 5312 γὰρ

2217 5312 2281 5366 τὸ
2348 5311 2419 5366 τά
2473 5314 2703 5369 τοιαῦτα
2750 5317 3236 5390 περιεργάζεσθαι,
3291 5323 3431 5377 ἀλλὰ
3463 5311 3544 5378 ντδ
3601 5327 3733 5380 πᾶσι
3779 5311 3878 5387 τοῖς

2219 5392 2481 5465 παριοῦσι
2533 5395 2634 5466 τῆς
2689 5398 2899 5462 οἰκείας
2945 5401 3285 5471 μεταδιδόναι
3333 5405 3750 5478 φιλοφροσύνης.
3783 5405 3878 5458 Καὶ

2217 5481 2404 5566 ἐπειδὴ
2437 5483 2660 5554 ῆπλωσε
2697 5488 2799 5558 τῆς
2825 5487 3132 5556 φιλοξενίας
3157 5491 3258 5561 τὴν
3288 5495 3551 5566 σαγήνην,
3583 5493 3877 5565 κατηξιώθη

2216 5565 2310 5649 καὶ
2345 5566 2449 5649 τὸν
2495 5566 2604 5622 τῶν
2649 5568 2789 5624 ὅλων
2842 5573 3122 5643 Δεσπότην
3169 5565 3530 5642 ὐποδέξασθαι
3585 5578 3720 5649 μετά
3779 5576 3876 5630 τῶν

2213 5646 2472 5716 ἀγγέλων
2520 5650 2706 5706 αὐτοῦ.
2757 5653 2858 5706 Διά
2909 5655 3068 5710 τοῦτο
3119 5659 3215 5712 καὶ
3269 5660 3482 5726 Παῦλος
3535 5646 3722 5730 ἔλεγε·
3773 5658 3876 5726 Τῆς

2214 5731 2567 5813 φιλοξενίας
2640 5734 2727 5804 μὴ
2775 5736 3286 5797 ἐπιλανθάνεσθε·
3349 5744 3448 5800 διὰ
3504 5748 3721 5813 ταύτης
3772 5743 3872 5813 τὰρ

2211 5812 2434 5898 ἔλαθόν
2484 5833 2644 5882 τινες
2709 5819 3067 5890 ξενίσαντες
3139 5826 3433 5897 ἀγγέλους
3453 5844 3467 5859 ·
3546 5830 3635 5883 τὸν
3675 5812 3872 5898 ίπατρικ

2208 5894 2384 5980 άρχην
2429 5897 2646 5962 πάντως
2685 5903 3074 5974 αἰνιττόμενος.
3122 5894 3232 5961 Διά
3260 5894 3419 5964 τοῦτο
3459 5910 3553 5966 καὶ
3595 5911 3624 5964 6
3656 5894 3871 5980 Χριστὸς

2207 5978 2427 6052 ἔλεγεν·
2468 5983 2572 6050 Ὃς
2599 5983 2674 6038 ἂν
2700 5985 2949 6056 δέξηται
2979 5989 3087 6045 ἕνα
3137 5993 3366 6049 τούτων
3405 5994 3523 6049 τῶν
3551 5978 3866 6064 ἐλαχίστων
