4060 6422
339 393 439 446 577

343 516 570 572 uterque
599 512 790 571 magno
817 496 1015 553 damno
1038 495 1286 551 afllcitur.
1315 493 1447 549 Nam
1474 492 1684 549 debitor
1707 489 1923 560 quidem

338 593 517 663 inopia
588 590 876 651 atteritur,
925 587 1160 644 creditor
1212 593 1388 639 autem
1434 597 1634 652 augens
1680 579 1930 644 divitias,

340 693 682 755 peccatorum
710 679 1008 736 accumulat
1029 679 1126 734 sibi
1156 675 1574 732 multitudinem.
1605 672 1834 728 Proinde
1863 670 1932 726 ab

347 774 501 828 initio
530 772 658 826 olim
685 770 880 826 .lndmis
904 767 1257 825 crassioribus
1281 765 1384 820 tale
1413 764 1560 820 dedit
1587 771 1930 834 praeceptum,

340 865 567 919 dicens:
598 859 720 916 Non
752 859 1070 932 [mneraberis
1121 857 1270 927 fratri
1317 865 1404 909 tuo
1456 864 1504 908 et
1562 855 1794 924 proximo
1845 861 1933 905 tuo

343 955 530 1021 (Deut.
563 954 655 1010 23.
691 953 814 1022 19).
847 951 961 1019 Qua
1004 949 1164 1019 igitur
1191 945 1534 1002 excusatione
1583 942 1727 1014 digiti
1773 951 1935 998 erunt

282 1043 301 1116 ’,
344 1049 433 1116 qui
480 1043 680 1100 Iudaeis
729 1051 855 1098 sunt
894 1040 1318 1104 inhumaniores,
1362 1046 1418 1092 et
1473 1043 1596 1107 post
1628 1034 1851 1104 gratiam
1880 1041 1933 1088 et

295 1175 302 1195 ε

286 1211 300 1231 η

283 1242 303 1310 .i

349 1145 548 1189 tantam
587 1148 618 1188 a
654 1133 880 1186 Domino
920 1130 1296 1200 benignitatem
1349 1125 1689 1180 inveniuntur
1739 1123 1803 1177 iis
1844 1123 1934 1193 qni

348 1225 448 1279 sub
471 1226 586 1293 lege
613 1221 826 1276 fuerunt
858 1219 1155 1284 inferiores,
1198 1218 1306 1272 imo
1327 1214 1575 1285 pejores?
1605 1213 1660 1267 In
1682 1214 1933 1281 spiritua-

280 1301 303 1363 ῗ
349 1317 486 1369 libus
514 1314 656 1369 enim
700 1313 1051 1382 repetiturum
1094 1325 1153 1364 se
1192 1307 1451 1378 promittit
1479 1318 1688 1360 usuras.
1717 1301 1934 1370 Quare?

349 1405 482 1472 Quia
510 1403 781 1460 contrario
829 1416 1049 1470 prorsus
1094 1399 1252 1453 modo
1301 1411 1362 1452 se
1411 1395 1605 1450 habent
1644 1393 1934 1464 spiritualis

355 1510 534 1561 usura,
563 1505 618 1551 ct
639 1493 926 1550 sensibilis.
967 1492 1078 1547 Illic
1123 1491 1264 1546 enim
1319 1489 1366 1544 is
1417 1503 1448 1543 a
1499 1501 1606 1558 quo
1648 1485 1936 1556 requiritur

351 1600 559 1653 severe,
613 1585 790 1640 subito
837 1586 890 1638 in
946 1593 1238 1638 extremam
1280 1581 1510 1651 impiam
1545 1578 1822 1634 defertur:
1849 1577 1935 1632 hic

353 1687 528 1731 autem
560 1677 605 1731 is
632 1692 660 1730 a
686 1693 792 1746 quo
818 1676 1065 1745 exigitur,
1086 1674 1298 1744 quando
1328 1682 1534 1743 gratum
1561 1671 1796 1725 animum
1825 1685 1936 1739 pra:

354 1781 413 1819 se
466 1766 669 1832 tulerit,
709 1777 908 1835 quanto
958 1766 1210 1833 majorem
1261 1777 1476 1816 usuram
1522 1760 1740 1826 afferet,
1791 1769 1937 1814 tanto

357 1857 568 1926 largiori
621 1857 826 1912 fruetur
884 1856 1084 1911 ca-lesti
1140 1855 1590 1910 remuneratione.
1638 1853 1933 1919 Quocirca,

355 1949 556 2015 dilecti,
579 1963 700 2004 cum
727 1949 877 2003 vobis
904 1947 1208 2003 concredita
1236 1945 1768 2009 dinumeraverimus,
1788 1942 1937 1998 vobis

357 2040 715 2095 necessarium
745 2041 847 2094 erit
888 2039 1154 2108 duplicem
1185 2037 1376 2091 afferre
1415 2037 1650 2090 laborem
1699 2043 1756 2088 et
1807 2033 1937 2103 vigi-

358 2129 598 2194 lantiam,
653 2137 762 2183 tum
808 2130 945 2198 quod
982 2128 1310 2181 dinumerata
1335 2124 1679 2179 custodienda
1703 2133 1846 2188 sunt,
1879 2131 1939 2176 ut

358 2220 462 2275 lixa
489 2229 738 2275 maneant
767 2237 780 2274 :
815 2229 925 2273 tum
955 2218 1095 2289 quod
1125 2217 1454 2287 operandum
1486 2227 1543 2270 ut
1567 2226 1619 2270 et
1643 2215 1761 2269 aliis
1784 2227 1936 2268 com-

358 2312 714 2378 municentur,
747 2323 799 2366 et
829 2312 1024 2366 multos
1066 2312 1118 2365 in
1150 2312 1286 2364 viain
1329 2309 1535 2364 virtutis
1561 2309 1812 2363 inducant
1843 2325 1856 2361 :
1883 2316 1940 2362 ut

359 2402 599 2457 bifariam
628 2403 777 2457 vobis
804 2404 1006 2457 lucrum
1043 2411 1331 2464 accrescat,
1362 2410 1471 2456 tum
1512 2417 1606 2470 pro
1632 2399 1806 2454 salute
1839 2412 1936 2454 ve-

357 2501 490 2560 stra,
522 2501 632 2547 tum
667 2508 761 2562 pro
782 2493 1006 2548 aliorum
1039 2493 1282 2548 utilitate.
1313 2493 1464 2559 Quod
1490 2493 1533 2546 si
1561 2491 1660 2546 hoc
1687 2490 1936 2555 feceritis,

357 2592 410 2636 et
439 2598 538 2637 nos
563 2584 797 2639 reddetis
823 2584 1006 2639 beatos
1051 2600 1066 2639 :
1095 2582 1280 2638 Beatus
1299 2585 1450 2648 enim,
1485 2583 1674 2653 inquit,
1701 2583 1788 2652 qui
1818 2581 1939 2635 dicit

357 2675 580 2728 inaures
618 2676 927 2728 audientium
987 2675 1188 2745 (Eccli.
1214 2677 1310 2731 25.
1372 2676 1470 2746 12)
1500 2686 1590 2730 :et
1635 2675 1836 2730 facietis
1886 2683 1942 2728 ut

360 2765 555 2835 largior
585 2765 736 2819 vobis
760 2765 873 2821 ha-c
901 2765 1188 2833 Spirilualis
1209 2777 1506 2835 apponatur
1545 2781 1749 2821 menra.
1782 2767 1942 2834 Igitur

360 2856 553 2910 fratres
577 2867 782 2910 vestros
805 2856 967 2911 nolite
993 2856 1280 2927 negligere,
1309 2872 1478 2927 reque
1507 2860 1679 2911 solum
1706 2867 1942 2926 spectate

357 2964 477 3017 qua:
503 2948 569 3002 ad
596 2964 689 3002 vos
715 2948 940 3004 attinent
972 2967 982 3002 :
1007 2951 1099 3004 sed
1129 2950 1412 3020 unicuique
1436 2966 1561 3005 cura
1584 2951 1652 3004 sit
1676 2949 1943 3020 quomodo

361 3041 660 3109 proximum
684 3056 838 3098 suum
877 3058 907 3096 e
952 3041 1146 3096 diaboli
1177 3041 1416 3096 faucibus
1437 3043 1646 3110 eripiat,
1677 3052 1730 3095 et
1755 3041 1823 3095 ab
1847 3041 1944 3093 iiii-

360 3132 458 3200 piis
481 3131 582 3185 illis
603 3133 918 3200 spectaculis
945 3133 996 3187 in
1021 3133 1299 3188 ecclesiam
1325 3134 1573 3200 adducat,
1601 3133 1943 3188 monstrando

357 3223 407 3278 ei
442 3224 604 3277 multa
627 3223 844 3278 lenitate
871 3235 925 3278 et
970 3225 1373 3280 mansuetudine
1415 3234 1524 3280 tum
1573 3225 1754 3282 damni
1800 3229 1940 3298 quod

360 3314 506 3368 illinc
536 3315 636 3369 fert
664 3316 1000 3383 gravitatem,
1037 3326 1146 3370 tum
1177 3317 1440 3373 bonorum
1485 3335 1605 3390 qua:
1635 3320 1722 3376 hic
1748 3337 1936 3378 conce-

359 3403 562 3459 duntur
612 3405 1078 3474 magnitudinem:
1119 3416 1172 3462 et
1198 3423 1303 3462 non
1351 3408 1522 3464 solum
1575 3411 1741 3466 semel
1782 3420 1942 3482 atque

361 3495 552 3550 iterum
578 3496 680 3550 hoc
703 3495 880 3561 facite,
910 3497 1004 3553 sed
1035 3512 1266 3567 semper.
1289 3498 1419 3554 Nam
1450 3500 1552 3556 etsi
1582 3501 1740 3557 hodie
1765 3504 1943 3561 verbis

363 3585 468 3639 tuis
520 3601 626 3638 non
663 3585 1014 3656 obtemperat,
1074 3597 1256 3656 postea
1299 3589 1686 3658 obtemperabit
1740 3607 1753 3644 :
1799 3601 1854 3648 et
1895 3593 1940 3649 si

363 3691 535 3745 neque
559 3676 793 3733 secundo
818 3678 1124 3732 admonenti
1172 3679 1560 3750 obtemperabit
1585 3722 1601 3747 ,
1633 3682 1828 3737 iterum
1860 3692 1942 3738 ta-

361 3783 482 3821 men
508 3777 558 3822 te
585 3768 768 3824 videns
791 3779 1087 3838 urgentem,
1114 3770 1248 3825 forte
1273 3773 1572 3835 erubescet,
1603 3784 1654 3828 et
1682 3777 1943 3832 reveritus

361 3867 505 3912 tuam
533 3875 737 3924 curam,
785 3875 815 3914 a
858 3862 1170 3930 perniciosis
1219 3861 1322 3917 illis
1350 3863 1655 3919 abstinebit.
1688 3865 1756 3921 Et
1783 3883 1941 3922 nunt-

359 3964 518 4018 quam
565 3951 711 4004 dieas
735 3969 747 4003 :
775 3951 972 4016 Semel,
1013 3961 1065 4006 et
1101 3953 1325 4019 iterum,
1370 3965 1423 4008 et
1472 3956 1628 4011 tertio
1666 3966 1722 4012 et
1747 3959 1942 4028 smpius

361 4041 540 4092 monui
562 4081 577 4106 ,
609 4050 664 4095 et
709 4041 838 4095 nihil
872 4042 1092 4111 profeci.
1149 4043 1226 4098 Ne
1266 4060 1486 4100 monere
1529 4047 1742 4104 desinas
1772 4066 1786 4106 :
1817 4065 1939 4105 nam

360 4138 558 4198 quanto
583 4131 749 4200 magis
779 4139 833 4186 ttt
863 4135 1286 4202 perseveraveris
1305 4176 1318 4198 ,
1359 4144 1505 4191 tanto
1527 4139 1692 4207 magis
1721 4150 1773 4194 et
1795 4157 1939 4196 mer-

358 4236 449 4276 ccs
480 4223 571 4277 tibi
619 4234 843 4278 crescet.
898 4223 1013 4279 Non
1064 4226 1254 4281 videtis
1303 4237 1500 4296 quanta
1527 4232 1762 4284 onmium
1803 4232 1941 4286 Deus

361 4326 459 4366 nos
489 4313 740 4382 patientia
765 4315 974 4383 tolerat,
1005 4329 1052 4371 et
1084 4319 1352 4386 quomodo
1369 4321 1604 4388 quotidie
1628 4323 1942 4392 negligimus

359 4405 728 4475 obtemperaie
766 4408 881 4478 ejus
933 4408 1217 4477 mandatis,
1265 4417 1320 4464 et
1362 4426 1534 4479 neque
1573 4413 1652 4467 sic
1689 4423 1862 4469 ceSsat
1910 4430 1938 4467 a

359 4511 487 4550 cura
545 4508 746 4563 nostra,
780 4499 877 4553 sed
905 4501 1082 4553 omnia
1135 4515 1228 4553 sua
1260 4502 1580 4570 suppeditat,
1610 4505 1777 4558 solem
1811 4506 1938 4561 oriri

358 4597 527 4655 curat,
555 4589 760 4657 pluvias
796 4591 1061 4658 concedit,
1087 4591 1296 4661 aliaque
1315 4593 1528 4647 omnia?
1560 4595 1728 4650 Simili
1781 4596 1942 4652 modo

359 4685 414 4730 et
445 4692 543 4731 nos
568 4691 692 4747 erga
723 4677 912 4734 fratres
942 4691 1151 4736 nostros
1179 4681 1315 4737 bene
1360 4682 1557 4749 affecti,
1613 4701 1800 4755 magna
1828 4696 1937 4741 nta-

360 4782 480 4820 inur
506 4766 801 4838 diligentia,
848 4780 901 4823 et
947 4771 1284 4827 obluctemur
1313 4774 1545 4843 maligno
1573 4775 1646 4828 illi
1685 4777 1938 4846 dannoni,

359 4866 416 4908 ut
439 4857 621 4913 irritos
658 4858 774 4928 ejus
815 4860 1070 4916 faciamus
1106 4874 1349 4919 conatus.
1393 4865 1522 4920 Nam
1554 4866 1598 4920 si
1629 4869 1820 4938 singuli
1849 4871 1938 4940 qui

355 4945 567 5012 adsunt,
610 4963 772 5001 unum
817 4949 1124 5006 lucrifacere
1170 4964 1403 5021 possent,
1461 4956 1632 5025 cogita
1683 4971 1935 5026 quantam

357 5034 764 5093 nobishetitiam
811 5040 1045 5095 Ecclesia
1086 5043 1421 5098 multitudine
1465 5045 1693 5100 filiorum
1720 5064 1936 5104 suorum

354 5129 657 5184 ostenderet
712 5147 731 5188 :
771 5141 826 5187 et
872 5133 1117 5189 diabolus
1161 5137 1596 5204 confunderetur,
1650 5141 1834 5196 videns
1882 5143 1936 5198 in

357 5233 550 5273 ianum
599 5229 654 5274 et
694 5222 892 5279 frustra
943 5227 1159 5280 extendi
1217 5242 1311 5282 sua
1357 5230 1510 5284 retia.
1556 5231 1707 5296 Quod
1751 5235 1796 5287 si
1837 5235 1939 5290 hoc

354 5307 610 5377 feceritis,
651 5314 877 5369 audietis
923 5325 976 5370 et
1021 5331 1116 5372 vos
1161 5317 1213 5372 in
1259 5317 1346 5374 die
1399 5320 1490 5375 illo
1540 5337 1554 5374 :
1596 5321 1759 5393 Euge,
1801 5341 1940 5379 serve

351 5400 479 5454 banc
519 5413 565 5454 et
583 5403 771 5472 ﬁdelis,
798 5405 849 5459 iu
879 5423 1041 5476 pauca
1079 5409 1222 5480 fuisti
1269 5412 1456 5480 ﬁdelis,
1494 5429 1652 5483 supra
1695 5415 1852 5468 multa
1890 5428 1938 5472 te

349 5496 670 5549 constituam.

420 5584 473 5639 3.
512 5585 774 5642 Cancrum
806 5589 943 5644 bona
971 5605 1066 5663 spe
1088 5608 1208 5648 sum
1237 5608 1332 5650 vos
1353 5594 1452 5650 hoc
1478 5595 1708 5651 facturos
1736 5614 1749 5650 :
1779 5599 1936 5655 video

349 5677 489 5729 enim
520 5678 694 5733 vultus
723 5689 950 5748 vestros,
979 5693 1033 5738 et
1061 5686 1421 5754 cciijecmram
1449 5701 1602 5741 sumo
1623 5703 1718 5742 vos
1743 5689 1932 5745 admo-

346 5769 606 5824 nitionem
639 5781 872 5828 nostram
915 5790 1102 5847 magna
1131 5778 1398 5848 voluptate
1429 5780 1698 5850 accepisse
1722 5822 1737 5849 ,
1772 5793 1932 5856 atque

1315 381 1379 438 ΙΝ
1417 381 1570 437 CAP.
1616 378 1797 435 XVIII.
1838 375 2084 432 GENES.
2127 375 2354 432 IIOMIL.
2391 377 2522 433 XLI.

3527 376 3633 432 378

2045 485 2171 544 hinc
2209 505 2368 560 spero
2412 506 2536 554 vos,
2568 490 2708 562 quod
2737 500 2970 548 vestrum
3001 490 3190 561 fuerit,
3220 492 3471 548 facturos.
3501 492 3636 548 Pro-

2042 579 2165 635 inde
2196 580 2334 636 hanc
2375 581 2793 638 admonitionem
2831 583 2918 638 hic
2945 582 3192 639 ﬁniamus
3225 601 3239 638 :
3272 598 3640 654 proponamus

2043 679 2222 726 autem
2250 670 2404 726 vobis
2434 680 2649 728 tenuem
2689 685 2926 728 nostram
2955 688 3017 729 ac
3046 689 3336 745 pauperem
3365 689 3633 737 mensam,

2040 772 2097 818 ut
2122 778 2242 818 cum
2263 763 2474 820 solitam
2504 766 2816 836 acceperitis
2835 765 3150 833 doctrinam,
3176 767 3394 822 domum
3433 780 3635 822 coace-

2040 855 2198 910 datis.
2232 854 2422 926 Opera:
2443 857 2672 927 pretium
2695 857 2839 912 enim
2868 857 3028 913 fuerit
3052 867 3106 912 et
3129 858 3284 914 hodie
3314 859 3366 913 in
3393 859 3628 914 medium

2039 947 2232 1002 afferre
2263 949 2615 1018 patriarcharn
2639 950 2927 1017 Abraham,
2952 959 3010 1004 ut
3037 949 3256 1006 discatis
3284 962 3534 1022 quantam
3557 951 3629 1005 ab

2041 1037 2398 1108 hoSpitalitate
2435 1041 2736 1096 mercedem
2775 1042 3058 1112 acceperit.
3094 1042 3118 1096 l
3156 1041 3340 1112 (Caput
3385 1040 3494 1112 18).
3521 1041 3632 1110 Ap-

2040 1133 2210 1200 paruit
2239 1133 2284 1185 ei
2305 1142 2472 1186 autem
2501 1131 2668 1199 Deus,
2702 1133 2907 1203 inquit,
2935 1134 3074 1204 apud
3099 1149 3338 1204 quercum
3379 1132 3631 1199 Humbre,

2039 1224 2239 1278 sedente
2262 1223 2373 1293 ipso
2395 1224 2463 1278 ad
2478 1225 2696 1295 januam
2724 1224 3031 1279 tabernaculi
3052 1225 3134 1280 sui
3155 1224 3381 1279 meridie.
3408 1223 3626 1295 Singula

2042 1315 2201 1371 verba
2218 1314 2499 1386 diligenter
2513 1319 2864 1385 excutiamus,
2878 1327 2930 1373 et
2946 1325 3132 1387 aperto
3148 1317 3422 1383 thesauro,
3445 1331 3637 1373 omnes

2043 1408 2094 1463 in
2140 1424 2206 1464 eo
2240 1408 2465 1466 latentes
2507 1409 2718 1465 divitias
2763 1409 3052 1466 discamus.
3083 1409 3260 1477 Quare
3299 1409 3378 1464 sic
3408 1422 3636 1464 exorsus

2041 1510 2142 1564 est.
2174 1501 2422 1572 Apparuit
2451 1513 2621 1556 autem
2649 1503 2696 1557 ei
2717 1501 2892 1557 Deus!
2914 1502 3105 1572 Specta
3137 1501 3346 1556 Domini
3372 1482 3632 1571 benigni-

2045 1600 2227 1660 tatem,
2250 1600 2304 1647 et
2328 1592 2608 1648 considera
2635 1591 2813 1647 famuli
2836 1603 3043 1663 gratum
3066 1593 3322 1646 animum.
3342 1591 3631 1662 Postquam

2041 1682 2183 1736 enim
2210 1681 2454 1752 superius
2473 1682 2716 1752 apparuit
2743 1682 2817 1749 ei,
2839 1691 2893 1737 et
2914 1690 3109 1752 printer
3129 1689 3321 1736 caetera
3347 1681 3506 1735 etiam
3535 1681 3636 1736 cir-

2041 1771 2382 1829 cumcisionis
2408 1772 2715 1829 mandatum
2753 1771 3006 1843 praecepit
3033 1789 3046 1825 :
3079 1771 3305 1826 eximius
3331 1781 3509 1826 autem
3532 1770 3633 1826 iste

2043 1865 2125 1919 vir
2153 1880 2366 1934 semper
2385 1880 2503 1934 quae
2531 1880 2563 1920 a
2594 1865 2704 1919 Deo
2733 1873 2996 1935 praecepta
3027 1874 3176 1920 erant
3199 1863 3484 1934 diligenter
3504 1878 3630 1933 per-

2044 1955 2200 2012 ﬁcere
2225 1997 2239 2020 ,
2274 1955 2472 2024 rejecta
2515 1955 2659 2008 omni
2706 1970 2887 2021 mora,
2922 1955 3126 2009 curavit
3159 1963 3252 2010 :et
3289 1953 3634 2009 circumcisus

2042 2055 2124 2101 est
2172 2047 2313 2116 ipse,
2348 2045 2575 2115 impleas
2606 2044 2911 2099 mandatum
2945 2044 3070 2111 Dei,
3111 2053 3167 2099 et
3205 2044 3482 2100 Ismaelcm
3523 2043 3632 2098 cir-

2042 2137 2314 2198 cumcidit,
2346 2147 2400 2191 et
2428 2137 2742 2191 vernaculos
2776 2150 2999 2204 omnes,
3028 2145 3083 2192 et
3109 2137 3161 2191 in
3202 2123 3418 2192 summa”
3437 2136 3628 2190 miram

2043 2227 2330 2283 declaravit
2355 2227 2710 2283 obedientiam
2732 2245 2745 2281 :
2765 2228 2957 2282 iterum
2983 2229 3030 2282 ei
3060 2237 3298 2298 apparet.
3319 2227 3461 2282 Talis
3485 2227 3630 2282 enim

2043 2327 2124 2374 est
2152 2319 2408 2373 Dominus
2429 2328 2629 2384 noster,
2655 2327 2712 2373 ut
2740 2319 2782 2374 si
2813 2319 3026 2388 quando
3061 2317 3256 2374 viderit
3286 2333 3382 2374 nos
3411 2317 3463 2372 in
3491 2319 3635 2388 prio-

2045 2410 2190 2464 ribus
2215 2419 2415 2480 gratos,
2443 2411 2742 2465 accumulet
2768 2411 3022 2466 beneficia
3043 2452 3058 2478 ,
3089 2418 3143 2466 et
3169 2425 3455 2481 numquam
3482 2425 3512 2464 a
3537 2424 3635 2466 sua

2046 2501 2391 2557 beneficentia
2431 2501 2684 2568 desistat,
2722 2516 3069 2557 remunerans
3103 2501 3466 2557 obedientium
3507 2515 3635 2570 gra-

2045 2601 2156 2647 tum
2185 2591 2517 2664 obsequium.
2551 2593 2776 2662 Propter
2819 2592 2921 2648 hoc
2968 2594 3126 2662 igitur
3148 2633 3164 2658 ,
3208 2592 3331 2662 quia
3361 2590 3592 2646 obedivit
3617 2632 3634 2657 ,

2046 2686 2236 2740 iterum
2266 2686 2510 2754 apparuit
2533 2684 2604 2740 ei.
2631 2685 2743 2751 Qua
2770 2684 2838 2740 de
2862 2699 3020 2740 causa
3049 2684 3127 2739 sic
3157 2699 3313 2739 orsus
3338 2692 3421 2740 est
3448 2683 3637 2738 beatus

2046 2776 2220 2831 Moses
2247 2792 2261 2828 :
2290 2776 2542 2845 Apparuit
2572 2784 2740 2828 autem
2767 2776 2811 2828 ei
2852 2774 2988 2828 Deus
3021 2774 3161 2842 apud
3194 2789 3429 2844 quercum
3461 2773 3636 2826 Mam-

2046 2867 2150 2935 bre,
2181 2867 2384 2921 sedente
2406 2883 2464 2921 eo
2486 2868 2554 2920 ad
2559 2867 2776 2936 januam
2802 2866 3108 2919 tabernaculi
3137 2866 3215 2918 sui
3246 2865 3472 2918 meridie.
3494 2865 3636 2919 Con-

2045 2957 2219 3013 sidera
2243 2998 2257 3021 ,
2289 2971 2386 3011 oro
2410 2999 2426 3023 ,
2459 2956 2544 3011 hic
2570 2958 2821 3012 virtutem
2845 2955 2995 3025 justi.
3039 2954 3258 3009 Sedente
3281 2995 3296 3017 ,
3330 2954 3494 3023 inquit
3519 2996 3533 3016 ,
3564 2953 3634 3006 ad

2047 3053 2182 3119 [ores
2209 3047 2518 3104 tabernaculi
2562 3047 2662 3103 sui.
2698 3047 2997 3116 Tantopere
3035 3044 3255 3101 curabat
3298 3043 3636 3114 hospitalita-

2047 3146 2176 3206 tem,
2210 3147 2268 3194 ut
2295 3139 2462 3193 nollet
2492 3139 2758 3210 hospitum
2788 3137 3126 3192 venationem
3150 3135 3382 3206 cuipiam
3408 3133 3636 3189 familia-

2046 3234 2182 3288 rium
2203 3232 2539 3289 committere
2563 3250 2576 3288 :
2622 3231 2718 3288 sed
2741 3238 3006 3286 trecentos
3021 3229 3204 3286 decem
3221 3237 3276 3286 et
3289 3237 3413 3285 octo
3433 3228 3638 3283 habens

2045 3326 2392 3392 vernaculos,
2435 3324 2596 3379 homo
2635 3338 2798 3380 senex
2853 3331 2908 3380 et
2947 3337 3087 3378 nunc
3137 3321 3422 3392 decrepitis
3464 3320 3639 3375 astatis

2051 3416 2071 3487 (
2093 3415 2434 3470 centenarius
2477 3414 2619 3470 enim
2657 3422 2772 3468 erat
2802 3412 2843 3483 ),
2875 3411 3014 3482 apud
3047 3412 3264 3482 januam
3304 3409 3542 3466 sedebat.
3571 3409 3638 3465 Et

2049 3507 2134 3562 hic
2161 3505 2374 3578 quidem
2416 3506 2518 3561 hoc
2543 3519 2753 3561 summo
2781 3504 2959 3560 studio
2982 3504 3236 3570 curabat,
3267 3511 3319 3556 et
3351 3515 3523 3572 neque
3550 3515 3638 3556 se-

2047 3608 2235 3654 nectus
2259 3597 2334 3652 illi
2360 3597 2636 3653 obstaculo
2659 3607 2794 3662 erat,
2823 3611 2995 3666 neque
3019 3610 3130 3650 sum
3155 3593 3348 3664 quietis
3373 3607 3525 3660 cura,
3542 3607 3639 3648 ne-

2046 3707 2150 3762 que
2189 3692 2330 3747 intus
2366 3705 2526 3761 super
2567 3691 2762 3745 lectum
2799 3688 3176 3753 recumbebat,
3207 3687 3300 3743 sed
3343 3687 3408 3742 ad
3439 3686 3637 3742 ostium

2045 3782 2266 3838 sedebat
2293 3799 2307 3837 :
2339 3781 2428 3836 alii
2453 3791 2630 3836 autem
2657 3795 2801 3850 szepe
2831 3794 2936 3836 non
2963 3780 3134 3834 solum
3165 3787 3370 3835 tantum
3399 3777 3632 3834 studium

2047 3889 2152 3928 non
2183 3872 2456 3939 adhibent,
2487 3872 2579 3927 sed
2622 3885 2677 3927 et
2702 3872 2856 3941 plane
2884 3870 3172 3934 diversum,
3202 3883 3257 3926 et
3285 3871 3473 3925 horum
3502 3884 3636 3925 con-

2045 3977 2258 4035 gressus
2285 3963 2489 4034 fugiunt
2515 3972 2570 4017 et
2598 3964 2818 4027 evitant,
2845 3971 2901 4016 ut
2923 3977 2990 4016 ne
3019 3963 3168 4017 inviti
3197 3972 3455 4033 cogantur
3482 3963 3636 4017 exci-

2047 4069 2194 4125 pere.
2225 4054 2421 4109 Verum
2458 4069 2564 4108 non
2587 4052 2761 4123 justus
2799 4053 2887 4108 ille
2932 4052 3004 4106 ita
3031 4053 3260 4123 agebat,
3289 4053 3381 4108 sed
3411 4051 3636 4109 sedebat

2045 4146 2112 4201 ad
2155 4145 2369 4216 januam
2400 4145 2641 4200 meridie.
2675 4144 2809 4200 llinc
2837 4145 2979 4200 enim
3010 4145 3181 4214 major
3204 4143 3539 4215 hospitalitas
3580 4153 3639 4201 et.

2047 4237 2220 4291 virtus
2257 4235 2374 4306 ejus
2414 4235 2644 4299 ducitur,
2675 4235 2817 4306 quod
2845 4235 2896 4290 in
2925 4235 3147 4291 meridie
3176 4234 3279 4290 hoc
3315 4233 3533 4290 faceret.
3566 4234 3638 4291 Et
3676 4301 3686 4308 ,

2045 4329 2238 4384 merito
2275 4327 2488 4398 quidem
2513 4345 2528 4382 :
2551 4330 2673 4398 quia
2700 4329 2843 4383 enim
2875 4327 3096 4395 sciebat,
3123 4342 3235 4393 eos,
3267 4327 3356 4397 qni
3394 4328 3634 4398 peregri-
3696 4314 3708 4327 ’

2047 4433 2176 4473 nare
2217 4426 2478 4488 coguntur
2499 4458 2516 4483 ,
2546 4432 2614 4472 eo
2647 4419 2876 4472 maxime
2917 4427 3158 4488 tempore
3194 4417 3432 4488 indigere
3467 4431 3636 4484 cura,
3708 4441 3719 4489 ξ

2047 4521 2255 4581 tempus
2282 4509 2384 4564 hoc
2413 4509 2660 4564 idoneum
2685 4509 2934 4580 eligebat,
2962 4519 3018 4565 et
3047 4510 3240 4566 sedens
3264 4525 3359 4566 eos
3383 4510 3472 4580 qui
3499 4525 3637 4580 prte-

2046 4603 2274 4656 teribant
2291 4601 2599 4668 venabatur,
2615 4603 2846 4672 quietem
2866 4600 2966 4656 sibi
2987 4601 3188 4656 ducens
3213 4601 3516 4656 ministrare
3533 4601 3638 4657 via-

2047 4693 2252 4746 toribus
2286 4709 2299 4746 :
2328 4701 2384 4746 et
2424 4707 2518 4746 eos
2542 4693 2630 4762 qni
2663 4692 2842 4746 calore
2867 4691 3178 4754 aestuabant,
3199 4693 3299 4744 sub
3326 4700 3520 4745 tectum
3548 4691 3635 4745 in-

2045 4783 2328 4836 troducere
2369 4782 2649 4847 studebat,
2681 4795 2790 4835 non
2831 4781 3042 4836 curiose
3085 4780 3370 4849 explorans
3408 4795 3504 4835 eos
3541 4779 3636 4849 qui

2044 4874 2422 4944 praeteribant,
2455 4887 2623 4942 neque
2655 4873 2931 4943 requirens
2959 4887 3024 4926 an
3057 4873 3165 4926 noti
3187 4913 3202 4938 ,
3235 4871 3318 4926 vel
3358 4871 3520 4942 ignoti
3549 4886 3636 4928 es-

2043 4973 2185 5018 sent.
2217 4963 2400 5034 Neque
2426 4964 2567 5018 enim
2611 4962 2982 5032 hospitalitatis
3012 4962 3171 5017 fuerit
3213 4962 3496 5033 diligenter
3519 4963 3634 5018 sin-

2041 5058 2160 5126 gula
2191 5054 2534 5126 perscrutari.
2561 5053 2660 5109 sed
2687 5055 2934 5109 omnibus
2964 5054 3280 5125 simpliciter
3308 5069 3460 5110 suam
3488 5069 3636 5110 com-

2042 5147 2314 5202 municare
2354 5145 2751 5216 benignitatem,
2770 5155 2824 5201 et
2851 5147 2968 5215 quia
2989 5146 3358 5218 hospitalitatis
3383 5161 3636 5218 sagenam

2041 5237 2400 5306 expandcrat,
2443 5237 2638 5290 meruit
2681 5245 2737 5291 ct
2777 5237 3148 5292 universorum
3182 5237 3467 5292 Dominum
3512 5252 3636 5294 cum

2042 5327 2242 5395 auge'is
2301 5327 2413 5380 suis
2461 5326 2749 5396 suscipere.
2785 5328 3081 5398 Eapropter
3123 5327 3320 5382 Paulus
3365 5327 3576 5384 dicebat
3617 5345 3634 5383 :

2049 5415 2426 5484 llospilalitatis
2451 5433 2514 5470 ne
2553 5417 2914 5471 obliviscamini
2942 5433 2961 5471 :
2991 5433 3080 5488 per
3107 5419 3238 5472 hanc
3269 5419 3402 5472 enim
3429 5417 3637 5488 quidam

2042 5507 2195 5560 nescii
2219 5549 2233 5572 ,
2263 5507 2468 5578 angelos
2494 5518 2790 5579 exceperunt
2817 5509 3035 5578 hospitio
3065 5509 3083 5581 (
3107 5507 3264 5564 Hebr.
3300 5511 3385 5566 13.
3409 5510 3504 5581 2):
3535 5525 3636 5582 pa-

2043 5600 2330 5658 triarcbam
2373 5603 2594 5657 omnino
2643 5601 2936 5658 insinuans.
2965 5604 3138 5682 Atque
3161 5601 3230 5657 ob
3255 5602 3358 5658 hoc
3393 5603 3636 5659 Christus

2041 5693 2252 5748 dicebat
2283 5711 2295 5746 :
2331 5694 2432 5762 Qui
2467 5696 2742 5763 susceperit
2779 5711 2939 5749 unum
2965 5711 3028 5750 ex
3067 5683 3145 5749 liis
3174 5695 3428 5762 minimis,
3459 5695 3511 5749 in
3536 5712 3632 5748 no-

2046 5785 2178 5838 mine
2204 5802 2330 5854 meo,
2357 5802 2433 5840 me
2457 5787 2664 5853 suscipit
2693 5785 2902 5858 (Matth.
2941 5786 3027 5842 I8.
3053 5787 3130 5858 5).
3165 5787 3470 5851 Audiamus,
3493 5784 3631 5837 dile-
