4060 6422
500 346 607 402 δῖςι

496 456 592 521 cti,
617 463 672 509 et
690 451 922 522 hospitio
941 447 1215 519 excepturi
1241 447 1257 478 ι
1290 458 1581 514 numquam
1599 453 1924 511 qumramus,
1938 438 2091 505 Quis,

498 557 552 602 et
582 544 740 601 unde.
769 543 900 598 Nam
938 541 983 596 si
1012 535 1314 610 patriarcha
1351 535 1408 591 in
1435 533 1674 604 rogando
1702 531 1892 585 fuisset
1918 528 2096 584 curio-

498 654 626 707 sus,
655 636 792 692 forte
821 641 1114 706 peccasset.
1142 629 1249 686 Sed
1277 627 1515 691 sciebat,
1549 624 1724 694 inquis
1742 663 1757 690 ,
1799 621 2092 676 advenien-

499 732 630 784 tium
656 727 989 796 dignitatem.
1013 721 1166 779 Unde
1209 724 1311 773 hoc
1342 718 1432 773 tibi
1467 716 1665 786 liquet?
1696 710 1973 780 Quomodo
1999 726 2093 763 au-

497 831 608 876 tem
635 822 678 876 si
711 819 781 873 ita
815 827 980 883 esset,
1012 811 1350 870 admirationi
1381 809 1603 864 luisset?
1628 807 1810 876 Neque
1844 805 1989 860 enim
2019 804 2096 858 sic

495 911 812 968 admirabile
856 909 1044 964 fuisset
1071 948 1084 964 .
1114 907 1158 963 si
1187 901 1525 974 suscipiendo
1553 899 1794 971 hospites
1831 896 2096 951 curiosius

494 1005 836 1074 explorasset
857 1001 952 1071 qui
981 1007 1183 1063 essent,
1215 996 1351 1050 sicut
1382 1008 1520 1048 nunc
1545 1006 1669 1046 cum
1697 989 1950 1060 ignorans
1978 988 2098 1057 qni-

495 1109 624 1148 nam
666 1090 1016 1155 advenerim,
1052 1096 1194 1140 tanta
1240 1083 1515 1139 alacritate
1553 1091 1608 1136 et
1646 1081 1851 1135 honore
1893 1077 2098 1132 accedit

499 1183 650 1254 quasi
683 1196 870 1236 servus
915 1179 980 1234 ad
1023 1177 1304 1240 dominos,
1336 1174 1554 1244 suisque
1597 1171 1775 1225 verbis
1814 1183 2099 1240 propemo-

500 1275 625 1329 dum
651 1273 857 1327 vincula
890 1270 1086 1341 injicit,
1116 1277 1171 1322 et
1199 1267 1463 1337 supplicat
1491 1265 1568 1320 eis
1591 1304 1606 1330 ,
1636 1274 1690 1316 ut
1720 1278 1787 1316 ne
1830 1268 2053 1315 renuant
2074 1297 2093 1324 ,

501 1381 674 1437 neque
699 1380 760 1420 se
783 1363 1016 1419 maximo
1041 1361 1238 1416 damno
1272 1358 1528 1412 afficiant.
1549 1354 1763 1412 Sciebat
1788 1352 1936 1407 eiiim
1969 1349 2096 1420 quid

501 1458 732 1519 faceret;
771 1465 985 1526 propter
1032 1453 1133 1508 hoc
1157 1465 1352 1522 magno
1377 1464 1503 1504 cum
1531 1447 1723 1502 ardore
1753 1445 1980 1499 fructum
2007 1457 2099 1496 eo-

503 1548 714 1620 piosum
755 1545 1100 1618 percipiebat.
1135 1542 1240 1599 Sed
1281 1542 1562 1596 audiamus
1602 1536 1762 1593 verba
1817 1534 2096 1606 scriptoris

502 1642 555 1710 ip
586 1641 667 1692 ius
687 1679 705 1704 ,
738 1646 794 1691 ut
830 1637 1010 1690 videas
1040 1636 1091 1689 in
1133 1643 1371 1689 extrema
1410 1638 1623 1688 senecta
1665 1628 1957 1698 juvenilem
1985 1626 2098 1679 ala-

502 1734 767 1796 critatem,
808 1741 861 1783 et
897 1743 1081 1782 senem
1127 1727 1277 1796 quasi
1327 1724 1580 1794 juvenem
1623 1720 2013 1782 exsultantem,
2044 1725 2098 1771 et

509 1833 782 1892 putantem
812 1836 870 1876 se
914 1820 1183 1873 invenisse
1218 1817 1530 1872 thesaurum
1570 1813 1885 1882 quemdam,
1919 1809 2096 1879 hospi-

503 1927 612 1968 tum
633 1927 822 1983 nempe
841 1911 1148 1967 adventum.
1167 1909 1222 1963 2.
1247 1907 1466 1962 Elevatis
1487 1915 1673 1969 autem,
1701 1902 1888 1973 inquit,
1914 1902 2093 1967 oculis,

502 2005 642 2071 ridit,
665 2015 710 2058 et
725 2019 838 2058 ecce
858 2013 959 2057 tres
975 2002 1068 2056 viri
1083 2010 1322 2055 steterunt
1343 2015 1498 2069 supra
1524 2013 1638 2051 eum
1661 2012 1679 2049 :
1701 2007 1748 2050 et
1775 2005 1827 2048 ut
1854 1995 1994 2057 vidit,
2019 2010 2095 2046 oc-

499 2098 658 2151 currit
676 2099 727 2151 in
752 2113 1014 2152 occursum
1037 2096 1111 2149 eis
1135 2095 1197 2148 ab
1222 2093 1348 2147 ostio
1371 2087 1679 2145 tabernaculi
1703 2088 1802 2142 sui.
1816 2085 2014 2152 Currit,
2044 2095 2097 2140 et

500 2193 641 2246 Vttlal
667 2205 833 2247 senex
856 2207 870 2243 ι
903 2189 1034 2244 vidit
1071 2187 1214 2244 enim
1239 2185 1477 2258 praadam
1497 2198 1657 2252 quam
1680 2181 1971 2236 venabatur
1992 2221 2006 2243 ,
2044 2188 2098 2232 et

499 2283 642 2337 nulla
701 2281 1025 2336 infirmitatis
1068 2294 1180 2335 sua:
1231 2277 1444 2333 ratione
1498 2274 1712 2336 habita,
1747 2272 1811 2326 ad
1855 2275 2098 2324 venatio-

499 2388 622 2428 nem
651 2373 888 2428 cucurrit
917 2388 933 2427 :
965 2386 1070 2426 non
1103 2369 1309 2424 vocavit
1340 2366 1587 2428 famulos,
1619 2379 1790 2434 neque
1817 2362 2096 2431 imperavit

499 2479 687 2532 puero,
720 2462 954 2532 nihilque
991 2459 1299 2517 rusticitatis
1340 2473 1513 2528 neque
1541 2456 1759 2510 desidia:
1786 2470 1895 2523 pne
1924 2468 1983 2507 se
2015 2462 2096 2505 tu-

500 2557 581 2621 lit,
609 2555 702 2610 sed
723 2557 834 2624 ipse
857 2553 1126 2610 cucurrit:
1154 2551 1304 2622 quasi
1325 2550 1548 2612 diceret,
1574 2549 1790 2618 Magnus
1814 2547 2098 2600 thesaurus

499 2657 618 2711 est,
649 2661 838 2718 magna
879 2646 1204 2716 negotiatio:
1237 2659 1330 2714 per
1364 2641 1739 2708 memetipsum
1779 2638 1916 2693 hanc
1950 2653 2094 2692 mer-

498 2753 621 2793 cem
655 2739 850 2792 inl'erre
878 2737 1072 2804 debeo,
1102 2752 1167 2791 ne
1193 2736 1434 2790 elabatur
1461 2732 1591 2787 mihi
1625 2739 1828 2785 tantmn
1861 2730 2091 2784 lucrum.

500 2831 566 2886 Et
595 2831 708 2887 lucc
750 2831 973 2888 faciebat
1001 2833 1198 2901 justus,
1223 2829 1468 2884 homines
1496 2827 1752 2883 obscuros
1783 2835 1837 2882 et
1866 2827 2096 2881 viatores

497 2925 774 2994 suscipere
801 2940 860 2980 se
883 2925 1215 2980 existimans.

569 3018 622 3071 4.
653 3015 734 3069 Ad
763 3015 1152 3086 hospitalitatem
1178 3014 1426 3068 hortatur.
1461 3011 1662 3065 Laudat
1699 3009 2094 3080 hospitalitatem

500 3108 738 3170 Abralm,
770 3107 912 3161 illam
935 3106 1244 3160 cotulationi
1267 3113 1452 3157 nostr-te
1479 3119 1785 3174 proponens.
1814 3130 1886 3141 —
1918 3101 2097 3155 Disca-

505 3213 628 3253 mus
654 3206 709 3253 et
738 3212 856 3263 nos,
891 3211 956 3252 ac
985 3196 1258 3252 imitemur
1295 3194 1424 3266 justi
1456 3195 1727 3247 virtutem.
1762 3192 1894 3246 Nam
1919 3193 1962 3246 si
1992 3191 2096 3245 hoc

500 3289 816 3352 fecerimus,
843 3286 1134 3342 verisimile
1159 3294 1242 3342 est
1279 3297 1332 3340 et
1370 3300 1470 3340 nos
1512 3283 1800 3355 aliquando
1829 3282 2092 3351 ejusmodi

498 3379 678 3450 ptanda
723 3379 1021 3450 potituros;
1055 3378 1162 3432 imo
1188 3392 1402 3446 semper
1439 3375 1807 3443 asseqnimur,
1837 3373 1882 3427 si
1922 3382 2095 3428 atten-

495 3472 692 3527 dimus.
720 3471 801 3526 0h
828 3471 974 3525 illam
1002 3469 1146 3525 enim
1175 3483 1393 3523 causam
1420 3467 1680 3536 benignus
1720 3465 2005 3528 Dominus,
2034 3472 2096 3519 ut

497 3580 567 3620 ne
596 3565 662 3618 ad
689 3563 847 3618 talem
875 3562 1261 3631 benignitatem
1285 3574 1475 3630 segnes
1506 3557 1693 3622 simus,
1719 3571 1892 3626 neque
1919 3557 2096 3610 curio-

495 3656 609 3711 sius
649 3669 743 3709 eos
773 3654 862 3724 qui
903 3652 1192 3708 adveniunt
1220 3661 1544 3714 scrutemur,
1576 3648 1745 3718 inquit
1774 3665 1788 3701 :
1819 3646 1920 3711 Qui
1946 3663 2090 3700 arce-

499 3747 628 3814 perit
657 3759 814 3796 unum
841 3758 904 3796 ea:
941 3742 1019 3794 his
1055 3741 1276 3794 minimis
1319 3740 1372 3792 in
1402 3739 1604 3791 nomine
1640 3753 1769 3801 meo,
1799 3753 1878 3788 me
1911 3736 2094 3804 accipit

496 3836 724 3907 (Matth.
756 3836 842 3890 18.
870 3834 948 3904 5).
977 3833 1054 3889 Ne
1097 3833 1254 3904 igitur
1295 3831 1361 3885 ad
1406 3831 1662 3884 vilitatem
1720 3829 2092 3899 przctereuntis

497 3937 730 3998 spectes,
763 3941 934 3997 neque
958 3941 1022 3980 ex
1056 3925 1122 3980 iis
1148 3939 1266 3994 qum
1289 3921 1438 3977 vides
1462 3921 1624 3976 vilem
1651 3934 1770 3974 esse
1797 3930 1966 3989 putes,
1996 3917 2090 3972 scd

496 4019 670 4092 cogita
725 4028 778 4074 te
841 4033 936 4088 per
997 4017 1170 4085 ipsum
1195 4056 1213 4081 ,
1265 4015 1549 4070 Dominum
1601 4022 1749 4066 tuum
1796 4011 2087 4082 suscipere.

496 4109 724 4177 Quando
751 4109 897 4163 enim
931 4117 1149 4177 promer
1176 4107 1291 4175 ejtts
1331 4121 1524 4160 nomen
1554 4103 1911 4158 ministerium
1943 4112 2091 4156 tuum

497 4201 551 4254 in
580 4183 728 4255 illum
755 4198 1062 4254 exhiluteris
1087 4239 1103 4262 ,
1134 4196 1437 4252 mercedem
1467 4195 1733 4265 accipies,
1775 4208 1838 4248 ac
1869 4193 1912 4248 si
1945 4192 2092 4247 illum

496 4289 846 4358 suscepisses.
879 4289 1030 4351 Esto,
1053 4288 1124 4342 sit
1160 4287 1318 4341 deses
1347 4295 1398 4340 et
1430 4284 1830 4355 negligentioris
1852 4284 1976 4337 vita:
2001 4284 2093 4352 qui

499 4392 587 4435 tua
620 4381 810 4436 fruitur
854 4381 1214 4450 benignitate,
1245 4395 1350 4434 non
1392 4378 1461 4433 sit
1507 4377 1596 4432 tibi
1641 4376 1757 4445 ejus
1806 4377 1882 4430 rei
1913 4392 2042 4430 cura
2077 4394 2090 4430 :

499 4472 656 4538 plena
683 4472 828 4525 enim
851 4472 942 4525 tibi
966 4481 1023 4526 et
1049 4471 1283 4541 perfecta
1314 4485 1523 4525 merces
1547 4469 1782 4532 dabitur,
1811 4469 1860 4521 in
1885 4467 2093 4522 Domini

499 4561 762 4616 honorem
808 4561 907 4614 hoc
947 4561 1192 4626 facienti,
1223 4570 1278 4614 et
1304 4559 1528 4613 imitauti
1571 4559 1890 4628 patriarcha:
1934 4557 2097 4610 virtu-

505 4664 632 4708 tem.
669 4651 735 4706 Et
763 4662 814 4705 ut
844 4651 986 4715 vidit,
1022 4649 1210 4720 inquit,
1253 4650 1471 4704 accurrit
1513 4650 1565 4702 in
1607 4665 1871 4702 occursum
1917 4649 1989 4702 eis
2034 4647 2096 4701 ab

497 4747 626 4801 ostio
647 4744 975 4800 tabernaculi.
1003 4745 1146 4799 Bene
1173 4754 1226 4798 et
1259 4742 1360 4798 hoc
1399 4741 1649 4805 verbum,
1675 4741 1936 4801 Accurrit,
1961 4754 2096 4809 qua-

500 4836 642 4904 drat,
666 4824 914 4894 ut'discas
930 4854 1024 4893 eos
1039 4838 1187 4907 quasi
1215 4838 1425 4906 ignotos
1446 4834 1786 4905 prmteriisse.
1807 4841 1857 4886 et
1874 4847 1981 4886 non
2002 4846 2097 4886 sna

501 4941 696 4997 sponte
723 4929 789 4982 ad
821 4929 1224 4984 tabernaculum
1250 4927 1483 4982 venisse.
1514 4926 1836 4995 Propterea,
1869 4939 1936 4977 ne
1967 4923 2094 4976 sub-

506 5021 794 5090 terfugeret
818 5036 941 5076 cum
968 5020 1244 5090 spirituale
1283 5019 1385 5074 hoc
1415 5018 1656 5082 lucrum,
1679 5015 1768 5087 qui
1813 5023 2060 5070 sennerat
2081 5055 2097 5080 ,

504 5111 837 5177 ineannerat,
861 5121 916 5166 et
941 5111 1280 5166 centenarius
1301 5119 1436 5175 erat,
1464 5107 1714 5170 accurrit,
1730 5117 1785 5162 et
1810 5122 1968 5162 cursu
1990 5104 2101 5158 ala-

501 5203 746 5259 critatem
760 5203 1009 5258 declarat.
1032 5203 1096 5257 Et
1113 5204 1428 5273 conspicatus
1438 5218 1542 5265 eos,
1564 5200 1757 5271 inquit,
1771 5200 2012 5252 adorabat
2025 5214 2104 5250 su-

512 5309 602 5362 per
617 5302 824 5359 terram,
847 5295 898 5350 5.
919 5303 965 5348 et
991 5295 1118 5348 dixit
1137 5309 1156 5348 :
1182 5291 1420 5358 Domine,
1445 5292 1491 5345 si
1518 5291 1682 5345 iuueni
1696 5290 1912 5361 gratiam
1932 5303 2104 5341 coram

503 5395 579 5450 te,
607 5402 669 5440 ne
688 5374 914 5440 transeas
951 5402 1147 5440 seruum
1187 5396 1346 5439 tuttur.
1375 5386 1430 5437 4.
1454 5383 1699 5438 Sumatur
1722 5396 1844 5436 sane
1870 5396 2024 5450 aqua,
2055 5387 2102 5432 et

504 5473 669 5528 faverit
719 5476 868 5544 pedes
896 5488 1118 5540 uestros,
1150 5486 1197 5530 et
1223 5473 1594 5546 refrigeramiui
1631 5472 1722 5525 sub
1751 5470 1950 5531 arbore,
1978 5471 2030 5523 5.
2055 5477 2103 5522 et

491 5564 748 5633 accipiam
778 5584 954 5633 panem
974 5610 989 5633 ,
1035 5578 1080 5623 et
1109 5567 1406 5633 comedetis,
1435 5573 1484 5620 et
1508 5564 1716 5636 posthac
1750 5562 2068 5634 prwteribitis
2087 5602 2101 5624 ο

497 5758 526 5808 d
565 5700 577 5730 ⁸
618 5705 680 5807 tot
691 5696 835 5748 Serti.
873 5710 921 5752 et
944 5714 1149 5766 quatuor
1171 5711 1276 5756 Mss.
1302 5703 1379 5752 lue
1404 5713 1569 5751 voces.
1598 5699 1798 5761 hospitio
1821 5699 2067 5762 cxi-eruum
2087 5738 2100 5760 ,

535 5773 652 5808 ttatlll
685 5795 695 5804 .

535 5774 695 5810 εξδιιηι.

1248 334 1307 392 S.
1349 329 1630 390 JOANNIS
1665 326 2150 386 CHRYSOSTOMI
2191 324 2508 382 ARCHIEI’.
2550 322 3089 381 CONSTANTINOP.

3689 327 3793 384 530

2200 437 2346 506 cujus
2375 436 2541 507 gratia
2568 436 2856 490 declinastis
2875 435 2942 489 ad
2968 452 3165 490 servum
3191 445 3428 490 vestrum.
3463 436 3637 491 Verba
3665 438 3795 509 justi

2200 527 2443 580 sublimia
2473 525 2628 581 valde
2663 536 2804 580 sunt.
2833 525 3015 597 Neque
3049 535 3251 580 tantum
3292 527 3626 594 miraculum,
3655 530 3796 599 quod

2199 630 2295 670 eos
2322 616 2640 688 susceperit,
2671 625 2925 686 quantmn
2969 616 3110 687 qttod
3148 631 3270 670 cum
3311 625 3454 671 tanta
3481 618 3756 674 alacritate
3779 661 3796 686 ,

2199 714 2255 760 ct
2273 707 2471 773 studio,
2499 717 2551 762 et
2583 724 2686 761 non
2711 715 2909 762 attenta
2933 717 3026 760 aut
3054 724 3168 771 sua,
3187 717 3281 761 aut
3303 723 3512 776 eorum,
3530 709 3618 780 qui
3639 709 3799 766 adve-

2201 809 2392 853 nerant
2417 841 2432 864 ,
2461 807 2618 854 meite
2648 817 2664 852 :
2696 815 2817 852 nam
2866 800 3106 853 fortassis
3147 799 3466 856 videbantur
3503 801 3601 872 ipsi
3637 801 3797 872 juve-

2199 904 2336 955 nes;
2374 905 2544 959 neque
2582 889 2903 944 existimavit
2936 889 3187 944 sufficere
3225 900 3280 944 ut
3323 891 3500 946 verbis
3526 891 3804 949 dumtaxat

2199 979 2577 1034 adhortaretur
2604 1023 2618 1046 ,
2653 981 2945 1046 Adorabat,
2982 981 3171 1050 inquit,
3214 999 3366 1052 super
3387 992 3572 1036 terram
3600 1000 3620 1038 :
3647 987 3800 1054 quasi

2200 1071 2502 1140 supplicans
2527 1113 2542 1138 ,
2573 1080 2626 1125 et
2668 1070 2937 1126 efficacem
2976 1071 3402 1126 exhortationem
3454 1073 3701 1138 alierens,
3743 1083 3805 1130 ut

2201 1178 2270 1218 ne
2298 1172 2575 1232 putaretur
2595 1165 2954 1236 perfunctorie
2979 1162 3274 1218 adhortari.
3296 1165 3360 1218 Et
3388 1163 3586 1218 idcirco
3614 1165 3802 1221 divina

2202 1253 2476 1325 Scriptura
2501 1265 2805 1310 monstrans
2831 1256 2984 1309 nobis
3005 1256 3132 1324 justi
3165 1256 3414 1310 virtutem
3448 1256 3797 1323 incﬂ‘abiletn,

2201 1348 2402 1417 inquit,
2429 1347 2686 1400 Adorabat
2724 1363 2876 1416 super
2905 1357 3112 1408 terram,
3142 1357 3193 1398 et
3238 1347 3492 1416 gestibus,
3526 1357 3574 1400 et
3625 1348 3803 1402 verbis

2201 1453 2450 1508 magnum
2508 1437 2801 1503 fervorem,
2850 1437 3117 1506 egregiam
3175 1437 3336 1490 animi
3402 1435 3798 1505 humilitatem,

2201 1546 2464 1584 summam
2500 1529 2913 1600 lmSpitalitatem
2958 1537 3011 1582 et
3041 1529 3355 1582 immensam
3383 1527 3797 1586 Sollicitudinem

2200 1621 2525 1677 declarabat.
2561 1621 2627 1676 Et
2650 1638 2771 1675 cum
2803 1622 3101 1680 adorasset,
3132 1621 3324 1691 inquit,
3350 1621 3478 1674 dixit
3508 1638 3526 1676 :
3555 1623 3796 1688 Domine,

2200 1713 2245 1768 si
2271 1715 2436 1768 inveni
2466 1714 2682 1783 gratiam
2710 1730 2884 1767 coram
2913 1723 2991 1776 te,
3017 1731 3079 1766 ne
3100 1724 3366 1782 praetereas
3397 1730 3596 1767 serram
3632 1726 3794 1768 tuum.

2203 1806 2332 1872 Qufs
2360 1822 2455 1875 pro
2482 1805 2742 1876 dignitate
2789 1805 3080 1859 laudaverit
3119 1803 3322 1873 justum
3369 1804 3553 1858 hunc?
3580 1805 3660 1860 vel
3692 1821 3800 1875 quo

2204 1911 2357 1972 pacto
2399 1915 2521 1954 eum
2549 1899 2669 1968 quis
2696 1899 2990 1953 innumeris
3019 1899 3180 1952 etiam
3219 1897 3371 1952 labiis
3397 1898 3692 1967 pne-dicet?
3716 1897 3801 1952 Di-

2203 2007 2329 2047 cere
2357 1991 2523 2055 enim,
2549 1988 2786 2052 Domine,
2821 2005 2924 2042 non
2955 1988 3148 2042 insoliti
3183 1996 3264 2042 est
3299 2003 3465 2054 usus;
3494 1987 3674 2044 dicere
3698 2003 3798 2044 au-

2203 2093 2331 2146 tem,
2363 2082 2422 2138 Si
2453 2083 2619 2136 inueni
2645 2083 2859 2154 gratiam
2889 2081 2940 2134 in
2983 2081 3147 2134 oculis
3179 2081 3297 2146 tuis,
3329 2079 3430 2135 hoc
3453 2090 3535 2138 est
3562 2080 3797 2136 admira-

2202 2174 2328 2228 bile.
2363 2175 2707 2236 Beneficium,
2739 2172 2928 2243 inquit,
2960 2171 3078 2238 das,
3108 2187 3211 2225 non
3243 2171 3464 2241 accipis.
3492 2171 3629 2227 Vere
3654 2173 3797 2227 enim

2203 2266 2504 2337 lmjusmodi
2552 2281 2640 2320 res
2689 2265 3021 2334 hospitalitas
3068 2275 3184 2332 est,
3238 2281 3340 2332 qua
3388 2266 3553 2334 magis
3607 2267 3802 2338 accipit

2203 2374 2360 2428 quam
2388 2358 2497 2422 dat,
2530 2358 2619 2428 qui
2666 2357 2811 2412 illam
2844 2365 3084 2427 prompte
3113 2366 3167 2411 et
3195 2356 3442 2410 alacriter
3469 2366 3702 2410 excreel.
3735 2361 3802 2412 At

2203 2465 2270 2505 ne
2297 2451 2416 2520 quis
2444 2450 2746 2504 auditorum
2785 2448 2914 2518 justi
2948 2449 3195 2501 virtutem
3228 2448 3493 2512 minuens.
3525 2449 3801 2503 existimet

2200 2557 2321 2595 eum
2349 2556 2573 2611 gnarum
2614 2541 2799 2610 quales
2829 2541 2902 2594 illi
2937 2540 3150 2604 fuerint,
3188 2540 3300 2594 lucc
3329 2540 3603 2610 loquntnm
3630 2556 3792 2596 esse:

2203 2646 2376 2702 neque
2401 2631 2566 2696 enim,
2587 2641 2642 2685 ut
2668 2645 2810 2700 sa'pe
2831 2631 2990 2685 ctiam
3021 2631 3220 2684 dictum
3248 2638 3349 2694 est,
3369 2647 3614 2701 magnum
3641 2632 3798 2701 quid-

2200 2721 2322 2776 dam
2347 2722 2452 2776 tale
2469 2720 2675 2789 foisset,
2708 2723 2750 2774 si
2783 2721 2961 2776 sciens
2988 2721 3207 2775 dixisset
3237 2737 3251 2786 ;
3281 2722 3373 2775 sed
3403 2721 3719 2776 admirabile
3745 2732 3801 2778 ct

2200 2815 2518 2884 stupendum
2549 2826 2652 2882 est,
2678 2829 2798 2869 eum
2821 2815 2969 2883 quasi
2994 2813 3238 2869 homines
3264 2814 3642 2885 alloqucntem,
3669 2817 3796 2872 talia

2201 2905 2364 2959 verba
2396 2906 2560 2975 loqui.
2586 2905 2661 2960 Ne
2683 2905 2964 2960 admireris
2989 2906 3343 2976 autem,un
3368 2921 3487 2960 cum
3514 2915 3622 2960 tres
3641 2922 3801 2962 exce-

2202 3000 2359 3068 perit,
2382 2997 2447 3052 ad
2479 3013 2638 3051 unmn
2667 3013 2724 3050 se
2752 3007 3034 3051 convcrter
3054 3006 3076 3050 t
3097 2999 3293 3065 justus,
3325 2997 3529 3066 dicens,
3558 2997 3796 3054 Domine.

2201 3090 2467 3145 Fortassis
2495 3091 2636 3146 enim
2681 3106 2814 3144 unus
2857 3090 3111 3145 illustrior
3139 3091 3347 3145 caeteris
3373 3091 3698 3160 apparebat,
3726 3092 3794 3146 ad

2199 3197 2356 3252 quem
2401 3181 2825 3237 exhortationem
2880 3197 3028 3235 suam
3076 3184 3358 3236 convertit.
3382 3181 3583 3238 Deinde
3617 3193 3794 3238 autem

2201 3287 2322 3326 cum
2349 3271 2704 3342 progreditur,
2731 3287 3067 3327 communem
3101 3272 3223 3326 facit
3249 3288 3550 3328 sermonem
3575 3316 3590 3335 ,
3623 3285 3674 3328 et
3701 3275 3786 3329 in-

2199 3363 2311 3433 quit
2336 3382 2350 3414 :
2375 3363 2620 3417 Sumatur
2639 3379 2790 3433 aqua,
2817 3373 2864 3415 et
2885 3363 3051 3417 lavent
3079 3364 3228 3434 pedes
3255 3373 3440 3418 vestros
3458 3381 3476 3416 :
3498 3374 3552 3418 et
3583 3366 3792 3431 iterum,

2201 3456 2591 3528 Refrigeramiui
2615 3459 2706 3511 sub
2733 3455 2930 3521 arbore,
2952 3466 2998 3511 et
3025 3456 3291 3510 comedetis
3319 3473 3519 3527 panem,
3545 3469 3588 3511 et
3619 3469 3794 3528 postea

2199 3549 2496 3612 transibitis,
2533 3548 2678 3618 cujus
2705 3547 2870 3618 gratia
2897 3547 3184 3601 declinastis
3210 3547 3278 3600 ad
3303 3565 3514 3618 puerum
3555 3560 3790 3602 vestrum.

2202 3639 2363 3694 Vides
2405 3638 2673 3709 quomodo
2715 3639 2966 3709 ignorans
3001 3641 3090 3710 qui
3131 3640 3273 3706 sint,
3303 3641 3453 3704 quasi
3495 3640 3798 3696 hominibus

2200 3731 2422 3799 loquens
2452 3730 2868 3792 transeuntibus,
2902 3729 2971 3784 ita
3002 3731 3268 3785 communi
3297 3730 3672 3786 exhortatione
3692 3733 3794 3785 nti-

2200 3831 2306 3885 tur,
2350 3822 2515 3876 semel
2559 3832 2719 3892 atque
2754 3824 2944 3877 iterum
2987 3838 3196 3877 servum
3228 3839 3286 3877 se
3315 3825 3554 3878 vocans?
3578 3826 3642 3878 lit
3675 3823 3795 3878 vide

2198 3911 2467 3982 quomodo
2520 3911 2760 3981 prtedicit
2805 3921 2859 3967 et
2901 3928 3102 3968 mensze
3144 3928 3255 3966 sum
3302 3915 3612 3968 tenuitatem
3645 3955 3661 3979 ,
3689 3915 3796 3967 itno

2199 4003 2447 4058 lautitias.
2493 4003 2770 4070 Sumatur,
2803 4005 3005 4076 inquit,
3048 4022 3209 4074 aqua,
3243 4015 3287 4060 et
3316 4007 3480 4060 favent
3525 4008 3674 4077 pedes
3717 4023 3799 4061 ue-

2197 4109 2328 4151 stros
2351 4139 2367 4160 ,
2410 4107 2456 4151 et
2499 4099 2867 4170 refrigeramini
2908 4101 3000 4154 sub
3038 4099 3232 4154 arbore.
3261 4100 3396 4169 Quia
3427 4101 3569 4156 enim
3598 4102 3796 4171 fatigati

2197 4192 2350 4254 estis,
2373 4199 2426 4245 et
2451 4192 2673 4245 multum
2705 4192 2898 4244 tulistis
2919 4200 3128 4256 a-stum,
3153 4192 3274 4247 ideo
3300 4209 3398 4247 oro
3415 4210 3483 4248 ne
3509 4205 3798 4264 pra‘terea-

2203 4283 2270 4336 tis
2300 4298 2514 4338 servum
2545 4293 2803 4338 vestrum.
2832 4284 2966 4338 Num
2997 4285 3138 4339 enim
3165 4301 3413 4358 magnum
3442 4286 3691 4358 quiddam
3715 4298 3798 4342 cst

2201 4373 2252 4428 id
2279 4373 2420 4444 quod
2455 4388 2556 4443 ego
2594 4373 2868 4428 exhibeo?
2907 4377 3110 4445 Aquam
3147 4376 3296 4432 vobis
3330 4377 3500 4432 solum
3544 4389 3799 4448 pnestare

2201 4480 2440 4534 possunt,
2473 4482 2576 4535 qua
2617 4466 2737 4520 lotis
2776 4465 3000 4535 pedibus
3028 4468 3222 4522 vestris
3251 4467 3350 4522 sub
3377 4468 3566 4523 arbore
3607 4468 3797 4539 fatiga-

2203 4555 2401 4609 tionem
2433 4556 2733 4623 deponatis.
2769 4555 2989 4625 Insuper
3031 4566 3086 4611 et
3125 4573 3324 4612 mensa:
3366 4558 3494 4612 dicit
3536 4560 3793 4628 speciem.

2201 4645 2278 4701 Ne
2305 4646 2530 4715 putetis,
2562 4647 2726 4717 inquit
2751 4689 2767 4713 ,
2793 4663 2879 4702 me
2904 4648 3183 4718 splendida
3212 4649 3362 4704 vobis
3390 4651 3757 4719 appositurum
3780 4693 3794 4715 ,

2202 4738 2286 4793 vel
2306 4737 2768 4793 coudimeutorum
2794 4740 3178 4804 diversitatem,
3206 4740 3290 4794 vel
3320 4741 3664 4810 Opsoniorum
3703 4757 3798 4794 va-

2205 4830 2444 4883 rietatem
2479 4848 2491 4881 :
2525 4844 2713 4898 panem
2750 4831 3062 4896 comedetis,
3091 4842 3146 4886 et
3185 4832 3263 4888 sic
3291 4830 3624 4900 Trausibitis,
3653 4835 3800 4903 cujus

2204 4923 2370 4994 gratia
2390 4923 2678 4976 dcc/inustis
2699 4922 2768 4976 ad
2793 4939 2994 4977 servum
3024 4933 3258 4978 vestrum.

2278 5015 2330 5070 5.
2376 5014 2561 5068 Vidisti
2592 5015 2860 5084 quomodo
2906 5016 3067 5068 variis
3109 5015 3279 5069 utitur
3322 5014 3516 5081 modis,
3548 5017 3796 5085 precibus

2206 5108 2421 5162 vincere
2448 5115 2849 5176 pravtereuntes,
2878 5117 2931 5160 et
2956 5106 3214 5177 gestibus,
3241 5115 3294 5161 et
3318 5108 3512 5169 verbis,
3539 5116 3592 5162 et
3612 5108 3798 5176 quavis

2207 5200 2416 5254 ratione
2449 5196 2717 5252 attrahere
2749 5212 2844 5252 eos
2875 5197 3092 5252 volens?
3119 5197 3354 5251 Primum
3400 5197 3565 5264 enim,
3605 5198 3794 5268 inquit,

2208 5290 2468 5356 adoravit,
2497 5289 2691 5345 deinde
2711 5289 2961 5345 dominos
2987 5299 3162 5367 vocat,
3185 5301 3238 5344 et
3257 5307 3315 5345 se
3346 5290 3516 5360 ipsum
3547 5306 3795 5353 servum;

2210 5390 2393 5452 postea
2423 5381 2550 5436 dicit
2573 5397 2691 5450 qua:
2735 5380 2840 5434 illis
2865 5380 3200 5436 exltibitnrus
3239 5381 3327 5446 sit,
3373 5392 3668 5436 extenuans
3708 5396 3795 5434 res

2209 5481 2265 5527 et
2291 5472 2440 5526 nihili
2462 5487 2581 5527 esse
2603 5471 2926 5541 significans.
2951 5473 3038 5525 Ait
3058 5472 3224 5535 enim,
3249 5473 3454 5541 Aquam
3476 5473 3612 5525 hanc
3634 5472 3800 5526 omni-

2211 5565 2310 5619 bus
2335 5564 2633 5633 espositam
2671 5562 2842 5617 habeo
2869 5561 2935 5616 ad
2978 5563 3232 5617 lavandos
3273 5562 3456 5632 pedes,
3487 5572 3543 5618 et
3582 5578 3796 5632 panem,

2212 5667 2267 5712 et
2287 5666 2486 5710 tectum
2513 5655 2580 5710 ab
2609 5655 2819 5710 arbore.
2847 5655 2923 5711 Ne
2951 5654 3331 5726 parvifeecritis
3352 5671 3529 5711 meum
3563 5657 3799 5711 taberna-

2214 5749 2414 5815 culum,
2464 5764 2530 5804 ne
2561 5748 2912 5820 despexeritis
2956 5757 3307 5817 senectutem,
3349 5763 3414 5804 ne
3456 5749 3692 5803 renuatis
3731 5745 3797 5800 ad
