  <div class='ocr_page' id='page_1' title='image "/cluster/home/n/w/nwhite01/storage/ocr_20150623/53:no.4:pt.1/coo.31924054869536/380.png"; bbox 0 0 4060 6416; ppageno 0'>
   <div class='ocr_carea' id='block_1_1' title="bbox 365 319 2622 388">
    <p class='ocr_par' dir='ltr' id='par_1_1' title="bbox 365 319 2622 388">
     <span class='ocr_line' id='line_1_1' title="bbox 365 319 2622 388; baseline 0.014 -31"><span class='ocrx_word' id='word_1_1' title='bbox 365 319 436 382; x_wconf 66' lang='grc' dir='ltr'>τε,</span> <span class='ocrx_word' id='word_1_2' title='bbox 1433 327 1498 382; x_wconf 82' lang='lat' dir='ltr'>IN</span> <span class='ocrx_word' id='word_1_3' title='bbox 1537 327 1690 384; x_wconf 84' lang='lat' dir='ltr'>CAP.</span> <span class='ocrx_word' id='word_1_4' title='bbox 1727 323 1890 383; x_wconf 84' lang='lat' dir='ltr'>xvm</span> <span class='ocrx_word' id='word_1_5' title='bbox 1927 321 2173 379; x_wconf 76' lang='lat' dir='ltr'>GENES.</span> <span class='ocrx_word' id='word_1_6' title='bbox 2210 323 2443 386; x_wconf 76' lang='lat' dir='ltr'>IIOMIL.</span> <span class='ocrx_word' id='word_1_7' title='bbox 2485 331 2622 388; x_wconf 78' lang='lat' dir='ltr'><strong>xu.</strong></span> 
     </span>
    </p>
   </div>
   <div class='ocr_carea' id='block_1_2' title="bbox 338 439 2001 513">
    <p class='ocr_par' dir='ltr' id='par_1_2' title="bbox 338 439 2001 513">
     <span class='ocr_line' id='line_1_2' title="bbox 338 439 2001 513; baseline -0.002 -17"><span class='ocrx_word' id='word_1_8' title='bbox 338 443 434 496; x_wconf 75' lang='grc' dir='ltr'>ἐπὶ</span> <span class='ocrx_word' id='word_1_9' title='bbox 467 439 550 508; x_wconf 82' lang='grc' dir='ltr'>τῷ</span> <span class='ocrx_word' id='word_1_10' title='bbox 597 441 842 513; x_wconf 82' lang='grc' dir='ltr'>ὀνόματί</span> <span class='ocrx_word' id='word_1_11' title='bbox 863 460 1004 513; x_wconf 82' lang='grc' dir='ltr'>μου,</span> <span class='ocrx_word' id='word_1_12' title='bbox 1040 442 1144 513; x_wconf 75' lang='grc' dir='ltr'>ἐμὲ</span> <span class='ocrx_word' id='word_1_13' title='bbox 1186 441 1440 512; x_wconf 82' lang='grc' dir='ltr'>δέχεται.</span> <span class='ocrx_word' id='word_1_14' title='bbox 1481 443 1813 513; x_wconf 81' lang='grc' dir='ltr'>Ἀκούωμεν,</span> <span class='ocrx_word' id='word_1_15' title='bbox 1859 441 2001 508; x_wconf 85' lang='grc' dir='ltr'>ἀγα·</span> 
     </span>
    </p>
   </div>
   <div class='ocr_carea' id='block_1_3' title="bbox 337 526 2006 601">
    <p class='ocr_par' dir='ltr' id='par_1_3' title="bbox 337 526 2006 601">
     <span class='ocr_line' id='line_1_3' title="bbox 337 526 2006 601; baseline -0.002 -19"><span class='ocrx_word' id='word_1_16' title='bbox 337 530 522 600; x_wconf 88' lang='grc' dir='ltr'>πητοὶ,</span> <span class='ocrx_word' id='word_1_17' title='bbox 573 529 668 582; x_wconf 87' lang='grc' dir='ltr'>καὶ</span> <span class='ocrx_word' id='word_1_18' title='bbox 707 529 931 594; x_wconf 77' lang='grc' dir='ltr'>ξενίζειν</span> <span class='ocrx_word' id='word_1_19' title='bbox 981 530 1264 600; x_wconf 81' lang='grc' dir='ltr'>μέλλοντες</span> <span class='ocrx_word' id='word_1_20' title='bbox 1305 530 1572 600; x_wconf 89' lang='grc' dir='ltr'>μηδέποτε</span> <span class='ocrx_word' id='word_1_21' title='bbox 1632 526 2006 601; x_wconf 83' lang='grc' dir='ltr'>περιεργαζώ-</span> 
     </span>
    </p>
   </div>
   <div class='ocr_carea' id='block_1_4' title="bbox 339 618 2002 691">
    <p class='ocr_par' dir='ltr' id='par_1_4' title="bbox 339 618 2002 691">
     <span class='ocr_line' id='line_1_4' title="bbox 339 618 2002 691; baseline -0.001 -20"><span class='ocrx_word' id='word_1_22' title='bbox 339 619 476 689; x_wconf 90' lang='grc' dir='ltr'>μεθα</span> <span class='ocrx_word' id='word_1_23' title='bbox 504 630 553 682; x_wconf 70' lang='grc' dir='ltr'>ι,</span> <span class='ocrx_word' id='word_1_24' title='bbox 584 619 686 683; x_wconf 89' lang='grc' dir='ltr'>τίς,</span> <span class='ocrx_word' id='word_1_25' title='bbox 731 619 823 671; x_wconf 87' lang='grc' dir='ltr'>καὶ</span> <span class='ocrx_word' id='word_1_26' title='bbox 867 618 1050 673; x_wconf 83' lang='grc' dir='ltr'>πόθεν.</span> <span class='ocrx_word' id='word_1_27' title='bbox 1088 619 1148 673; x_wconf 81' lang='grc' dir='ltr'><strong>Εἰ</strong></span> <span class='ocrx_word' id='word_1_28' title='bbox 1179 620 1288 691; x_wconf 90' lang='lat'>7&amp;9</span> <span class='ocrx_word' id='word_1_29' title='bbox 1320 619 1479 672; x_wconf 84' lang='lat'><strong>10610</strong></span> <span class='ocrx_word' id='word_1_30' title='bbox 1508 619 1934 691; x_wconf 86' lang='grc' dir='ltr'>περιειργάσατο</span> <span class='ocrx_word' id='word_1_31' title='bbox 1974 619 2002 670; x_wconf 90' lang='lat'>0</span> 
     </span>
    </p>
   </div>
   <div class='ocr_carea' id='block_1_5' title="bbox 337 705 2004 778">
    <p class='ocr_par' dir='ltr' id='par_1_5' title="bbox 337 705 2004 778">
     <span class='ocr_line' id='line_1_5' title="bbox 337 705 2004 778; baseline 0 -20"><span class='ocrx_word' id='word_1_32' title='bbox 337 705 702 777; x_wconf 80' lang='grc' dir='ltr'>πατριάρχης,</span> <span class='ocrx_word' id='word_1_33' title='bbox 745 706 876 768; x_wconf 87' lang='grc' dir='ltr'>ῐσως</span> <span class='ocrx_word' id='word_1_34' title='bbox 899 705 964 760; x_wconf 81' lang='grc' dir='ltr'>ἂν</span> <span class='ocrx_word' id='word_1_35' title='bbox 996 705 1310 777; x_wconf 85' lang='grc' dir='ltr'>διήμαρτεν.</span> <span class='ocrx_word' id='word_1_36' title='bbox 1349 707 1485 760; x_wconf 81' lang='grc' dir='ltr'>Ἀλλ’</span> <span class='ocrx_word' id='word_1_37' title='bbox 1514 708 1676 776; x_wconf 83' lang='grc' dir='ltr'>έγνω,</span> <span class='ocrx_word' id='word_1_38' title='bbox 1711 707 1865 778; x_wconf 90' lang='grc' dir='ltr'>φησὶ,</span> <span class='ocrx_word' id='word_1_39' title='bbox 1897 705 2004 759; x_wconf 87' lang='grc' dir='ltr'>τῶν</span> 
     </span>
    </p>
   </div>
   <div class='ocr_carea' id='block_1_6' title="bbox 337 792 2004 864">
    <p class='ocr_par' dir='ltr' id='par_1_6' title="bbox 337 792 2004 864">
     <span class='ocr_line' id='line_1_6' title="bbox 337 792 2004 864; baseline 0 -18"><span class='ocrx_word' id='word_1_40' title='bbox 337 793 793 864; x_wconf 84' lang='grc' dir='ltr'>παραγενομένων</span> <span class='ocrx_word' id='word_1_41' title='bbox 845 792 944 864; x_wconf 81' lang='grc' dir='ltr'>τὴν</span> <span class='ocrx_word' id='word_1_42' title='bbox 993 793 1168 860; x_wconf 81' lang='grc' dir='ltr'>ἀξίαν.</span> <span class='ocrx_word' id='word_1_43' title='bbox 1216 793 1389 848; x_wconf 83' lang='grc' dir='ltr'>Πόθεν</span> <span class='ocrx_word' id='word_1_44' title='bbox 1435 793 1624 864; x_wconf 83' lang='grc' dir='ltr'>δῆλον;</span> <span class='ocrx_word' id='word_1_45' title='bbox 1660 794 1784 858; x_wconf 90' lang='grc' dir='ltr'>Πῶς</span> <span class='ocrx_word' id='word_1_46' title='bbox 1832 794 1890 848; x_wconf 86' lang='grc' dir='ltr'>δὲ</span> <span class='ocrx_word' id='word_1_47' title='bbox 1937 793 2004 847; x_wconf 78' lang='grc' dir='ltr'>ἂν</span> 
     </span>
    </p>
   </div>
   <div class='ocr_carea' id='block_1_7' title="bbox 335 875 2004 952">
    <p class='ocr_par' dir='ltr' id='par_1_7' title="bbox 335 875 2004 952">
     <span class='ocr_line' id='line_1_7' title="bbox 335 875 2004 952; baseline -0.001 -19"><span class='ocrx_word' id='word_1_48' title='bbox 335 880 493 933; x_wconf 83' lang='grc' dir='ltr'>τοῦτο</span> <span class='ocrx_word' id='word_1_49' title='bbox 537 879 706 933; x_wconf 90' lang='grc' dir='ltr'>ποιῶν</span> <span class='ocrx_word' id='word_1_50' title='bbox 749 879 1103 951; x_wconf 84' lang='grc' dir='ltr'>ἐθαυμάσθη;</span> <span class='ocrx_word' id='word_1_51' title='bbox 1138 880 1211 933; x_wconf 92' lang='grc' dir='ltr'>Οὐ</span> <span class='ocrx_word' id='word_1_52' title='bbox 1256 880 1365 952; x_wconf 84' lang='grc' dir='ltr'>γὰρ</span> <span class='ocrx_word' id='word_1_53' title='bbox 1394 879 1535 934; x_wconf 78' lang='grc' dir='ltr'>οὕτω</span> <span class='ocrx_word' id='word_1_54' title='bbox 1579 880 1890 951; x_wconf 80' lang='grc' dir='ltr'>θαυμαστὸν</span> <span class='ocrx_word' id='word_1_55' title='bbox 1936 875 2004 951; x_wconf 76' lang='grc' dir='ltr'>ἦν</span> 
     </span>
    </p>
   </div>
   <div class='ocr_carea' id='block_1_8' title="bbox 335 966 2004 1040">
    <p class='ocr_par' dir='ltr' id='par_1_8' title="bbox 335 966 2004 1040">
     <span class='ocr_line' id='line_1_8' title="bbox 335 966 2004 1040; baseline 0.001 -19"><span class='ocrx_word' id='word_1_56' title='bbox 335 968 395 1021; x_wconf 76' lang='grc' dir='ltr'>τδ</span> <span class='ocrx_word' id='word_1_57' title='bbox 427 969 529 1038; x_wconf 84' lang='grc' dir='ltr'>τῆς</span> <span class='ocrx_word' id='word_1_58' title='bbox 563 966 868 1037; x_wconf 78' lang='grc' dir='ltr'>φιλοξενίας</span> <span class='ocrx_word' id='word_1_59' title='bbox 911 967 1075 1021; x_wconf 80' lang='grc' dir='ltr'>αὐτοῦ</span> <span class='ocrx_word' id='word_1_60' title='bbox 1105 967 1634 1040; x_wconf 88' lang='grc' dir='ltr'>περιεργασαμένου,</span> <span class='ocrx_word' id='word_1_61' title='bbox 1662 967 1738 1032; x_wconf 83' lang='grc' dir='ltr'>ὡς</span> <span class='ocrx_word' id='word_1_62' title='bbox 1774 969 1888 1032; x_wconf 85' lang='grc' dir='ltr'>νῦν,</span> <span class='ocrx_word' id='word_1_63' title='bbox 1916 968 2004 1022; x_wconf 82' lang='grc' dir='ltr'>ὅτε</span> 
     </span>
    </p>
   </div>
   <div class='ocr_carea' id='block_1_9' title="bbox 335 1054 2005 1127">
    <p class='ocr_par' dir='ltr' id='par_1_9' title="bbox 335 1054 2005 1127">
     <span class='ocr_line' id='line_1_9' title="bbox 335 1054 2005 1127; baseline -0.001 -17"><span class='ocrx_word' id='word_1_64' title='bbox 335 1055 544 1124; x_wconf 83' lang='grc' dir='ltr'>ἀγνοῶν</span> <span class='ocrx_word' id='word_1_65' title='bbox 573 1055 717 1119; x_wconf 90' lang='grc' dir='ltr'>τίνες</span> <span class='ocrx_word' id='word_1_66' title='bbox 746 1055 794 1108; x_wconf 79' lang='grc' dir='ltr'>οἱ</span> <span class='ocrx_word' id='word_1_67' title='bbox 834 1055 1285 1126; x_wconf 87' lang='grc' dir='ltr'>παραγενόμενοι,</span> <span class='ocrx_word' id='word_1_68' title='bbox 1323 1055 1462 1126; x_wconf 87' lang='grc' dir='ltr'>μετά</span> <span class='ocrx_word' id='word_1_69' title='bbox 1491 1054 1760 1125; x_wconf 81' lang='grc' dir='ltr'>τοσαύτης</span> <span class='ocrx_word' id='word_1_70' title='bbox 1804 1056 2005 1127; x_wconf 86' lang='grc' dir='ltr'>προθυ-</span> 
     </span>
    </p>
   </div>
   <div class='ocr_carea' id='block_1_10' title="bbox 339 1141 2000 1214">
    <p class='ocr_par' dir='ltr' id='par_1_10' title="bbox 339 1141 2000 1214">
     <span class='ocr_line' id='line_1_10' title="bbox 339 1141 2000 1214; baseline 0.002 -20"><span class='ocrx_word' id='word_1_71' title='bbox 339 1142 469 1213; x_wconf 90' lang='grc' dir='ltr'>μίας</span> <span class='ocrx_word' id='word_1_72' title='bbox 515 1141 613 1196; x_wconf 85' lang='grc' dir='ltr'>καὶ</span> <span class='ocrx_word' id='word_1_73' title='bbox 639 1141 805 1212; x_wconf 82' lang='grc' dir='ltr'>τιμῆς</span> <span class='ocrx_word' id='word_1_74' title='bbox 844 1141 1111 1213; x_wconf 86' lang='grc' dir='ltr'>πρόσεισι,</span> <span class='ocrx_word' id='word_1_75' title='bbox 1141 1141 1394 1214; x_wconf 90' lang='grc' dir='ltr'>καθάπερ</span> <span class='ocrx_word' id='word_1_76' title='bbox 1423 1141 1639 1213; x_wconf 78' lang='grc' dir='ltr'>οἰκέτης</span> <span class='ocrx_word' id='word_1_77' title='bbox 1688 1143 2000 1207; x_wconf 77' lang='grc' dir='ltr'>δεσπόταις,</span> 
     </span>
    </p>
   </div>
   <div class='ocr_carea' id='block_1_11' title="bbox 340 1227 1995 1299">
    <p class='ocr_par' dir='ltr' id='par_1_11' title="bbox 340 1227 1995 1299">
     <span class='ocr_line' id='line_1_11' title="bbox 340 1227 1995 1299; baseline -0.001 -18"><span class='ocrx_word' id='word_1_78' title='bbox 340 1229 618 1298; x_wconf 73' lang='grc' dir='ltr'>μονονουχὶ</span> <span class='ocrx_word' id='word_1_79' title='bbox 657 1227 830 1299; x_wconf 84' lang='grc' dir='ltr'>δεσμά</span> <span class='ocrx_word' id='word_1_80' title='bbox 863 1229 951 1282; x_wconf 70' lang='grc' dir='ltr'>διὰ</span> <span class='ocrx_word' id='word_1_81' title='bbox 1003 1228 1110 1282; x_wconf 91' lang='grc' dir='ltr'>τῶν</span> <span class='ocrx_word' id='word_1_82' title='bbox 1163 1227 1336 1296; x_wconf 86' lang='grc' dir='ltr'>λόγων</span> <span class='ocrx_word' id='word_1_83' title='bbox 1385 1229 1566 1292; x_wconf 81' lang='grc' dir='ltr'>αὐτοῖς</span> <span class='ocrx_word' id='word_1_84' title='bbox 1629 1228 1995 1299; x_wconf 91' lang='grc' dir='ltr'>περιϐάλλων,</span> 
     </span>
    </p>
   </div>
   <div class='ocr_carea' id='block_1_12' title="bbox 338 1313 2003 1386">
    <p class='ocr_par' dir='ltr' id='par_1_12' title="bbox 338 1313 2003 1386">
     <span class='ocr_line' id='line_1_12' title="bbox 338 1313 2003 1386; baseline -0.001 -17"><span class='ocrx_word' id='word_1_85' title='bbox 338 1315 430 1369; x_wconf 80' lang='grc' dir='ltr'>καὶ</span> <span class='ocrx_word' id='word_1_86' title='bbox 468 1315 676 1369; x_wconf 76' lang='grc' dir='ltr'>ἱκεσίαν</span> <span class='ocrx_word' id='word_1_87' title='bbox 709 1315 844 1386; x_wconf 82' lang='grc' dir='ltr'>πρὸς</span> <span class='ocrx_word' id='word_1_88' title='bbox 877 1314 1072 1378; x_wconf 80' lang='grc' dir='ltr'>αὐτοὺς</span> <span class='ocrx_word' id='word_1_89' title='bbox 1107 1313 1444 1386; x_wconf 85' lang='grc' dir='ltr'>ποιούμενος,</span> <span class='ocrx_word' id='word_1_90' title='bbox 1489 1313 1629 1368; x_wconf 81' lang='grc' dir='ltr'>ὥστε</span> <span class='ocrx_word' id='word_1_91' title='bbox 1671 1316 1746 1386; x_wconf 87' lang='grc' dir='ltr'>μὴ</span> <span class='ocrx_word' id='word_1_92' title='bbox 1776 1315 2003 1370; x_wconf 80' lang='grc' dir='ltr'>ἀνανεῦ-</span> 
     </span>
    </p>
   </div>
   <div class='ocr_carea' id='block_1_13' title="bbox 339 1402 2002 1476">
    <p class='ocr_par' dir='ltr' id='par_1_13' title="bbox 339 1402 2002 1476">
     <span class='ocr_line' id='line_1_13' title="bbox 339 1402 2002 1476; baseline 0 -20"><span class='ocrx_word' id='word_1_93' title='bbox 339 1419 460 1469; x_wconf 77' lang='grc' dir='ltr'>σαι,</span> <span class='ocrx_word' id='word_1_94' title='bbox 506 1403 640 1474; x_wconf 82' lang='grc' dir='ltr'>μηδέ</span> <span class='ocrx_word' id='word_1_95' title='bbox 695 1402 866 1474; x_wconf 80' lang='grc' dir='ltr'>ζημίᾳ</span> <span class='ocrx_word' id='word_1_96' title='bbox 913 1405 980 1474; x_wconf 82' lang='grc' dir='ltr'>τῇ</span> <span class='ocrx_word' id='word_1_97' title='bbox 1021 1402 1255 1476; x_wconf 80' lang='grc' dir='ltr'>μεγίστῃ</span> <span class='ocrx_word' id='word_1_98' title='bbox 1307 1402 1643 1474; x_wconf 86' lang='grc' dir='ltr'>περιϐαλεῖν.</span> <span class='ocrx_word' id='word_1_99' title='bbox 1679 1403 1836 1474; x_wconf 82' lang='grc' dir='ltr'>⁸ῌδει</span> <span class='ocrx_word' id='word_1_100' title='bbox 1893 1403 2002 1473; x_wconf 88' lang='lat'>7&amp;9</span> 
     </span>
    </p>
   </div>
   <div class='ocr_carea' id='block_1_14' title="bbox 335 1489 2006 1563">
    <p class='ocr_par' dir='ltr' id='par_1_14' title="bbox 335 1489 2006 1563">
     <span class='ocr_line' id='line_1_14' title="bbox 335 1489 2006 1563; baseline 0.001 -21"><span class='ocrx_word' id='word_1_101' title='bbox 335 1489 524 1563; x_wconf 87' lang='grc' dir='ltr'>ῶσπερ</span> <span class='ocrx_word' id='word_1_102' title='bbox 571 1491 832 1562; x_wconf 80' lang='grc' dir='ltr'>ἔπραττε·</span> <span class='ocrx_word' id='word_1_103' title='bbox 880 1490 968 1544; x_wconf 76' lang='grc' dir='ltr'>διὰ</span> <span class='ocrx_word' id='word_1_104' title='bbox 1011 1490 1167 1543; x_wconf 76' lang='grc' dir='ltr'>τοῦτο</span> <span class='ocrx_word' id='word_1_105' title='bbox 1209 1490 1302 1544; x_wconf 83' lang='grc' dir='ltr'>καὶ</span> <span class='ocrx_word' id='word_1_106' title='bbox 1347 1491 1486 1561; x_wconf 79' lang='grc' dir='ltr'>μετὰ</span> <span class='ocrx_word' id='word_1_107' title='bbox 1542 1490 1743 1560; x_wconf 81' lang='grc' dir='ltr'>πολλῆς</span> <span class='ocrx_word' id='word_1_108' title='bbox 1807 1490 2006 1562; x_wconf 87' lang='grc' dir='ltr'>θερμό-</span> 
     </span>
    </p>
   </div>
   <div class='ocr_carea' id='block_1_15' title="bbox 333 1575 2006 1649">
    <p class='ocr_par' dir='ltr' id='par_1_15' title="bbox 333 1575 2006 1649">
     <span class='ocr_line' id='line_1_15' title="bbox 333 1575 2006 1649; baseline -0.001 -18"><span class='ocrx_word' id='word_1_109' title='bbox 333 1595 495 1649; x_wconf 89' lang='grc' dir='ltr'>τητος</span> <span class='ocrx_word' id='word_1_110' title='bbox 531 1576 629 1648; x_wconf 82' lang='grc' dir='ltr'>τὴν</span> <span class='ocrx_word' id='word_1_111' title='bbox 665 1576 910 1631; x_wconf 81' lang='grc' dir='ltr'>ἐντεῦθεν</span> <span class='ocrx_word' id='word_1_112' title='bbox 952 1576 1256 1647; x_wconf 77' lang='grc' dir='ltr'>ἐκαρποῦτο</span> <span class='ocrx_word' id='word_1_113' title='bbox 1297 1577 1634 1649; x_wconf 86' lang='grc' dir='ltr'>περιουσίαν.</span> <span class='ocrx_word' id='word_1_114' title='bbox 1680 1575 1819 1630; x_wconf 85' lang='grc' dir='ltr'>Ἀλλ’</span> <span class='ocrx_word' id='word_1_115' title='bbox 1849 1576 2006 1630; x_wconf 84' lang='grc' dir='ltr'>ἀκού-</span> 
     </span>
    </p>
   </div>
   <div class='ocr_carea' id='block_1_16' title="bbox 337 1662 2004 1736">
    <p class='ocr_par' dir='ltr' id='par_1_16' title="bbox 337 1662 2004 1736">
     <span class='ocr_line' id='line_1_16' title="bbox 337 1662 2004 1736; baseline -0.001 -18"><span class='ocrx_word' id='word_1_116' title='bbox 337 1682 520 1736; x_wconf 92' lang='grc' dir='ltr'>σωμεν</span> <span class='ocrx_word' id='word_1_117' title='bbox 548 1663 710 1718; x_wconf 72' lang='grc' dir='ltr'>αὐτοῦ</span> <span class='ocrx_word' id='word_1_118' title='bbox 738 1663 832 1718; x_wconf 80' lang='grc' dir='ltr'>τοῦ</span> <span class='ocrx_word' id='word_1_119' title='bbox 875 1663 1234 1734; x_wconf 84' lang='grc' dir='ltr'>συγγραφέως</span> <span class='ocrx_word' id='word_1_120' title='bbox 1262 1663 1370 1718; x_wconf 89' lang='grc' dir='ltr'>τῶν</span> <span class='ocrx_word' id='word_1_121' title='bbox 1415 1663 1696 1736; x_wconf 78' lang='grc' dir='ltr'>ῥημάτων,</span> <span class='ocrx_word' id='word_1_122' title='bbox 1741 1662 1891 1735; x_wconf 68' lang='grc'>[416]</span> <span class='ocrx_word' id='word_1_123' title='bbox 1938 1664 2004 1716; x_wconf 80' lang='grc' dir='ltr'>ἵν’</span> 
     </span>
    </p>
   </div>
   <div class='ocr_carea' id='block_1_17' title="bbox 336 1749 2005 1822">
    <p class='ocr_par' dir='ltr' id='par_1_17' title="bbox 336 1749 2005 1822">
     <span class='ocr_line' id='line_1_17' title="bbox 336 1749 2005 1822; baseline -0.002 -17"><span class='ocrx_word' id='word_1_124' title='bbox 336 1751 483 1821; x_wconf 69' lang='grc' dir='ltr'>είδῇς</span> <span class='ocrx_word' id='word_1_125' title='bbox 506 1751 534 1791; x_wconf 73' lang='grc' dir='ltr'>δ</span> <span class='ocrx_word' id='word_1_126' title='bbox 555 1751 612 1803; x_wconf 87' lang='grc' dir='ltr'>ἐν</span> <span class='ocrx_word' id='word_1_127' title='bbox 639 1750 922 1821; x_wconf 82' lang='grc' dir='ltr'>βαθυτάτῳ</span> <span class='ocrx_word' id='word_1_128' title='bbox 951 1751 1100 1821; x_wconf 77' lang='grc' dir='ltr'>γήρᾳ</span> <span class='ocrx_word' id='word_1_129' title='bbox 1118 1749 1412 1814; x_wconf 79' lang='grc' dir='ltr'>νεάζουσαν</span> <span class='ocrx_word' id='word_1_130' title='bbox 1437 1749 1766 1822; x_wconf 84' lang='grc' dir='ltr'>προθυμίαν,</span> <span class='ocrx_word' id='word_1_131' title='bbox 1792 1749 1886 1803; x_wconf 89' lang='grc' dir='ltr'>καὶ</span> <span class='ocrx_word' id='word_1_132' title='bbox 1913 1749 2005 1802; x_wconf 83' lang='grc' dir='ltr'>τὸν</span> 
     </span>
    </p>
   </div>
   <div class='ocr_carea' id='block_1_18' title="bbox 334 1835 2002 1912">
    <p class='ocr_par' dir='ltr' id='par_1_18' title="bbox 334 1835 2002 1912">
     <span class='ocr_line' id='line_1_18' title="bbox 334 1835 2002 1912; baseline -0.003 -19"><span class='ocrx_word' id='word_1_133' title='bbox 334 1839 565 1912; x_wconf 79' lang='grc' dir='ltr'>γέροντα</span> <span class='ocrx_word' id='word_1_134' title='bbox 611 1838 888 1903; x_wconf 86' lang='grc' dir='ltr'>νεάζοντα,</span> <span class='ocrx_word' id='word_1_135' title='bbox 919 1837 1014 1890; x_wconf 90' lang='grc' dir='ltr'>καὶ</span> <span class='ocrx_word' id='word_1_136' title='bbox 1059 1837 1340 1908; x_wconf 76' lang='grc' dir='ltr'>μονονουχὶ</span> <span class='ocrx_word' id='word_1_137' title='bbox 1390 1839 1661 1908; x_wconf 80' lang='grc' dir='ltr'>περιχαρῆ</span> <span class='ocrx_word' id='word_1_138' title='bbox 1695 1835 2002 1906; x_wconf 91' lang='grc' dir='ltr'>γινόμενον,</span> 
     </span>
    </p>
   </div>
   <div class='ocr_carea' id='block_1_19' title="bbox 336 1923 2006 1997">
    <p class='ocr_par' dir='ltr' id='par_1_19' title="bbox 336 1923 2006 1997">
     <span class='ocr_line' id='line_1_19' title="bbox 336 1923 2006 1997; baseline -0.001 -18"><span class='ocrx_word' id='word_1_139' title='bbox 336 1926 430 1979; x_wconf 88' lang='grc' dir='ltr'>καὶ</span> <span class='ocrx_word' id='word_1_140' title='bbox 460 1925 748 1996; x_wconf 75' lang='grc' dir='ltr'>νομίζοντα</span> <span class='ocrx_word' id='word_1_141' title='bbox 777 1924 1048 1997; x_wconf 78' lang='grc' dir='ltr'>θησαυρὸν</span> <span class='ocrx_word' id='word_1_142' title='bbox 1081 1924 1376 1997; x_wconf 80' lang='grc' dir='ltr'>εὑρηκέναι</span> <span class='ocrx_word' id='word_1_143' title='bbox 1405 1924 1514 1979; x_wconf 87' lang='grc' dir='ltr'>τῶν</span> <span class='ocrx_word' id='word_1_144' title='bbox 1546 1923 2006 1994; x_wconf 87' lang='grc' dir='ltr'>παραγενομένων</span> 
     </span>
    </p>
   </div>
   <div class='ocr_carea' id='block_1_20' title="bbox 331 2011 2006 2084">
    <p class='ocr_par' dir='ltr' id='par_1_20' title="bbox 331 2011 2006 2084">
     <span class='ocr_line' id='line_1_20' title="bbox 331 2011 2006 2084; baseline -0.001 -18"><span class='ocrx_word' id='word_1_145' title='bbox 331 2014 434 2084; x_wconf 81' lang='grc' dir='ltr'>τὴν</span> <span class='ocrx_word' id='word_1_146' title='bbox 473 2012 795 2082; x_wconf 86' lang='grc' dir='ltr'>παρουσίαν.</span> <span class='ocrx_word' id='word_1_147' title='bbox 831 2013 1196 2082; x_wconf 73' lang='grc' dir='ltr'>Ἀναϐλέψας</span> <span class='ocrx_word' id='word_1_148' title='bbox 1218 2012 1306 2077; x_wconf 83' lang='grc' dir='ltr'>δὲ,</span> <span class='ocrx_word' id='word_1_149' title='bbox 1339 2013 1492 2084; x_wconf 86' lang='grc' dir='ltr'>φησὶ,</span> <span class='ocrx_word' id='word_1_150' title='bbox 1524 2011 1649 2079; x_wconf 86' lang='grc' dir='ltr'>τοῖς</span> <span class='ocrx_word' id='word_1_151' title='bbox 1676 2011 2006 2081; x_wconf 75' lang='grc' dir='ltr'>ὀφθαλμοῖς</span> 
     </span>
    </p>
   </div>
   <div class='ocr_carea' id='block_1_21' title="bbox 335 2097 2006 2169">
    <p class='ocr_par' dir='ltr' id='par_1_21' title="bbox 335 2097 2006 2169">
     <span class='ocr_line' id='line_1_21' title="bbox 335 2097 2006 2169; baseline -0.001 -15"><span class='ocrx_word' id='word_1_152' title='bbox 335 2097 479 2166; x_wconf 80' lang='grc' dir='ltr'>εἶδε,</span> <span class='ocrx_word' id='word_1_153' title='bbox 516 2100 614 2154; x_wconf 76' lang='grc' dir='ltr'>καὶ</span> <span class='ocrx_word' id='word_1_154' title='bbox 647 2099 776 2155; x_wconf 83' lang='grc' dir='ltr'>ιδοὺ</span> <span class='ocrx_word' id='word_1_155' title='bbox 813 2099 968 2169; x_wconf 83' lang='grc' dir='ltr'>τρεῖς</span> <span class='ocrx_word' id='word_1_156' title='bbox 1000 2099 1216 2168; x_wconf 83' lang='grc' dir='ltr'>ἄνδρες</span> <span class='ocrx_word' id='word_1_157' title='bbox 1253 2099 1424 2166; x_wconf 82' lang='grc' dir='ltr'>εἱστή</span> <span class='ocrx_word' id='word_1_158' title='bbox 1434 2114 1640 2154; x_wconf 70' lang='grc' dir='ltr'>κεισαν</span> <span class='ocrx_word' id='word_1_159' title='bbox 1665 2097 1866 2153; x_wconf 77' lang='grc' dir='ltr'>ἐπάνω</span> <span class='ocrx_word' id='word_1_160' title='bbox 1901 2099 2006 2154; x_wconf 87' lang='grc' dir='ltr'>αὑ-</span> 
     </span>
    </p>
   </div>
   <div class='ocr_carea' id='block_1_22' title="bbox 337 2184 2008 2256">
    <p class='ocr_par' dir='ltr' id='par_1_22' title="bbox 337 2184 2008 2256">
     <span class='ocr_line' id='line_1_22' title="bbox 337 2184 2008 2256; baseline -0.001 -16"><span class='ocrx_word' id='word_1_161' title='bbox 337 2189 464 2250; x_wconf 80' lang='grc' dir='ltr'>τοῦ,</span> <span class='ocrx_word' id='word_1_162' title='bbox 494 2187 594 2242; x_wconf 79' lang='grc' dir='ltr'>καί</span> <span class='ocrx_word' id='word_1_163' title='bbox 637 2187 778 2242; x_wconf 82' lang='grc' dir='ltr'>ίδὼν</span> <span class='ocrx_word' id='word_1_164' title='bbox 817 2185 1231 2256; x_wconf 80' lang='grc' dir='ltr'>προσέδραμεν</span> <span class='ocrx_word' id='word_1_165' title='bbox 1263 2187 1349 2254; x_wconf 81' lang='grc' dir='ltr'>εὶς</span> <span class='ocrx_word' id='word_1_166' title='bbox 1391 2185 1773 2254; x_wconf 81' lang='grc' dir='ltr'>συνάντησιν</span> <span class='ocrx_word' id='word_1_167' title='bbox 1803 2184 2008 2252; x_wconf 84' lang='grc' dir='ltr'>αὐτοῖς</span> 
     </span>
    </p>
   </div>
   <div class='ocr_carea' id='block_1_23' title="bbox 335 2273 2006 2346">
    <p class='ocr_par' dir='ltr' id='par_1_23' title="bbox 335 2273 2006 2346">
     <span class='ocr_line' id='line_1_23' title="bbox 335 2273 2006 2346; baseline -0.003 -15"><span class='ocrx_word' id='word_1_168' title='bbox 335 2275 456 2332; x_wconf 78' lang='grc' dir='ltr'>ἀπὸ</span> <span class='ocrx_word' id='word_1_169' title='bbox 491 2275 602 2345; x_wconf 81' lang='grc' dir='ltr'>τῆς</span> <span class='ocrx_word' id='word_1_170' title='bbox 636 2276 819 2344; x_wconf 84' lang='grc' dir='ltr'>θύρας</span> <span class='ocrx_word' id='word_1_171' title='bbox 848 2273 958 2342; x_wconf 82' lang='grc' dir='ltr'>τῆς</span> <span class='ocrx_word' id='word_1_172' title='bbox 985 2273 1225 2343; x_wconf 80' lang='grc' dir='ltr'>σκηνῆς</span> <span class='ocrx_word' id='word_1_173' title='bbox 1253 2273 1460 2329; x_wconf 87' lang='grc' dir='ltr'>αὐτοῦ.</span> <span class='ocrx_word' id='word_1_174' title='bbox 1492 2273 1687 2346; x_wconf 83' lang='grc' dir='ltr'>Τρέχει</span> <span class='ocrx_word' id='word_1_175' title='bbox 1727 2273 1822 2328; x_wconf 90' lang='grc' dir='ltr'>καὶ</span> <span class='ocrx_word' id='word_1_176' title='bbox 1851 2274 2006 2327; x_wconf 82' lang='grc' dir='ltr'>ἵπτα-</span> 
     </span>
    </p>
   </div>
   <div class='ocr_carea' id='block_1_24' title="bbox 335 2359 2008 2435">
    <p class='ocr_par' dir='ltr' id='par_1_24' title="bbox 335 2359 2008 2435">
     <span class='ocr_line' id='line_1_24' title="bbox 335 2359 2008 2435; baseline -0.003 -17"><span class='ocrx_word' id='word_1_177' title='bbox 335 2381 426 2418; x_wconf 87' lang='grc' dir='ltr'>ται</span> <span class='ocrx_word' id='word_1_178' title='bbox 451 2365 480 2418; x_wconf 94' lang='lat'>0</span> <span class='ocrx_word' id='word_1_179' title='bbox 507 2364 685 2434; x_wconf 84' lang='grc' dir='ltr'>γέρων</span> <span class='ocrx_word' id='word_1_180' title='bbox 703 2379 717 2394; x_wconf 91' lang='grc'><strong>·</strong></span> <span class='ocrx_word' id='word_1_181' title='bbox 752 2359 860 2416; x_wconf 80' lang='grc' dir='ltr'>είδε</span> <span class='ocrx_word' id='word_1_182' title='bbox 893 2362 1002 2435; x_wconf 83' lang='grc' dir='ltr'>γὰρ</span> <span class='ocrx_word' id='word_1_183' title='bbox 1027 2362 1125 2434; x_wconf 84' lang='grc' dir='ltr'>τὴν</span> <span class='ocrx_word' id='word_1_184' title='bbox 1156 2361 1350 2434; x_wconf 81' lang='grc' dir='ltr'>θήραν,</span> <span class='ocrx_word' id='word_1_185' title='bbox 1385 2361 1480 2416; x_wconf 90' lang='grc' dir='ltr'>καὶ</span> <span class='ocrx_word' id='word_1_186' title='bbox 1504 2361 1692 2416; x_wconf 82' lang='grc' dir='ltr'>οὐδένα</span> <span class='ocrx_word' id='word_1_187' title='bbox 1720 2361 1817 2432; x_wconf 82' lang='grc' dir='ltr'>τῆς</span> <span class='ocrx_word' id='word_1_188' title='bbox 1849 2359 2008 2414; x_wconf 83' lang='grc' dir='ltr'>ἀσθε-</span> 
     </span>
    </p>
   </div>
   <div class='ocr_carea' id='block_1_25' title="bbox 337 2449 2008 2522">
    <p class='ocr_par' dir='ltr' id='par_1_25' title="bbox 337 2449 2008 2522">
     <span class='ocr_line' id='line_1_25' title="bbox 337 2449 2008 2522; baseline -0.002 -17"><span class='ocrx_word' id='word_1_189' title='bbox 337 2451 483 2516; x_wconf 88' lang='grc' dir='ltr'>νείας</span> <span class='ocrx_word' id='word_1_190' title='bbox 517 2451 674 2520; x_wconf 82' lang='grc' dir='ltr'>λόγον</span> <span class='ocrx_word' id='word_1_191' title='bbox 719 2451 1104 2522; x_wconf 82' lang='grc' dir='ltr'>ποιησάμενος,</span> <span class='ocrx_word' id='word_1_192' title='bbox 1151 2451 1242 2504; x_wconf 87' lang='grc' dir='ltr'>ἐπὶ</span> <span class='ocrx_word' id='word_1_193' title='bbox 1271 2449 1368 2522; x_wconf 86' lang='grc' dir='ltr'>τὴν</span> <span class='ocrx_word' id='word_1_194' title='bbox 1417 2449 1594 2521; x_wconf 81' lang='grc' dir='ltr'>ἄγραν</span> <span class='ocrx_word' id='word_1_195' title='bbox 1641 2449 1865 2518; x_wconf 80' lang='grc' dir='ltr'>έδραμε,</span> <span class='ocrx_word' id='word_1_196' title='bbox 1910 2449 2008 2502; x_wconf 90' lang='grc' dir='ltr'>καὶ</span> 
     </span>
    </p>
   </div>
   <div class='ocr_carea' id='block_1_26' title="bbox 335 2535 2006 2607">
    <p class='ocr_par' dir='ltr' id='par_1_26' title="bbox 335 2535 2006 2607">
     <span class='ocr_line' id='line_1_26' title="bbox 335 2535 2006 2607; baseline -0.004 -13"><span class='ocrx_word' id='word_1_197' title='bbox 335 2541 435 2594; x_wconf 89' lang='grc' dir='ltr'>οὐκ</span> <span class='ocrx_word' id='word_1_198' title='bbox 462 2540 718 2594; x_wconf 75' lang='grc' dir='ltr'>ἐκάλεσεν</span> <span class='ocrx_word' id='word_1_199' title='bbox 754 2538 988 2605; x_wconf 77' lang='grc' dir='ltr'>οἰκέτας,</span> <span class='ocrx_word' id='word_1_200' title='bbox 1028 2540 1130 2592; x_wconf 81' lang='grc' dir='ltr'>οὐκ</span> <span class='ocrx_word' id='word_1_201' title='bbox 1172 2537 1403 2605; x_wconf 77' lang='grc' dir='ltr'>ἐπέταξε</span> <span class='ocrx_word' id='word_1_202' title='bbox 1435 2537 1608 2601; x_wconf 89' lang='grc' dir='ltr'>παιδὶ,</span> <span class='ocrx_word' id='word_1_203' title='bbox 1643 2537 1795 2590; x_wconf 81' lang='grc' dir='ltr'>οὐδὲν</span> <span class='ocrx_word' id='word_1_204' title='bbox 1840 2535 2006 2607; x_wconf 79' lang='grc' dir='ltr'>ῥᾴθυ-</span> 
     </span>
    </p>
   </div>
   <div class='ocr_carea' id='block_1_27' title="bbox 339 2623 2008 2698">
    <p class='ocr_par' dir='ltr' id='par_1_27' title="bbox 339 2623 2008 2698">
     <span class='ocr_line' id='line_1_27' title="bbox 339 2623 2008 2698; baseline -0.002 -18"><span class='ocrx_word' id='word_1_205' title='bbox 339 2644 437 2698; x_wconf 90' lang='grc' dir='ltr'>μον</span> <span class='ocrx_word' id='word_1_206' title='bbox 468 2627 798 2695; x_wconf 78' lang='grc' dir='ltr'>ἐπεδείξατο,</span> <span class='ocrx_word' id='word_1_207' title='bbox 830 2626 966 2680; x_wconf 85' lang='grc' dir='ltr'>ἀλλά</span> <span class='ocrx_word' id='word_1_208' title='bbox 993 2627 1060 2680; x_wconf 89' lang='grc' dir='ltr'>δι’</span> <span class='ocrx_word' id='word_1_209' title='bbox 1097 2625 1291 2679; x_wconf 76' lang='grc' dir='ltr'>ἑαυτοῦ</span> <span class='ocrx_word' id='word_1_210' title='bbox 1322 2625 1546 2696; x_wconf 76' lang='grc' dir='ltr'>έδραμε,</span> <span class='ocrx_word' id='word_1_211' title='bbox 1594 2624 1878 2694; x_wconf 78' lang='grc' dir='ltr'>μονονουχὶ</span> <span class='ocrx_word' id='word_1_212' title='bbox 1921 2623 2008 2676; x_wconf 86' lang='grc' dir='ltr'>λέ-</span> 
     </span>
    </p>
   </div>
   <div class='ocr_carea' id='block_1_28' title="bbox 334 2710 2006 2786">
    <p class='ocr_par' dir='ltr' id='par_1_28' title="bbox 334 2710 2006 2786">
     <span class='ocr_line' id='line_1_28' title="bbox 334 2710 2006 2786; baseline -0.002 -20"><span class='ocrx_word' id='word_1_213' title='bbox 334 2731 474 2783; x_wconf 87' lang='grc' dir='ltr'>γων·</span> <span class='ocrx_word' id='word_1_214' title='bbox 513 2715 685 2786; x_wconf 83' lang='grc' dir='ltr'>μέγας</span> <span class='ocrx_word' id='word_1_215' title='bbox 723 2713 1012 2784; x_wconf 82' lang='grc' dir='ltr'>θησαυρὸς,</span> <span class='ocrx_word' id='word_1_216' title='bbox 1048 2713 1259 2784; x_wconf 84' lang='grc' dir='ltr'>μεγάλη</span> <span class='ocrx_word' id='word_1_217' title='bbox 1295 2711 1675 2784; x_wconf 74' lang='grc' dir='ltr'>πραγματείαο</span> <span class='ocrx_word' id='word_1_218' title='bbox 1715 2710 1781 2764; x_wconf 84' lang='grc' dir='ltr'>δι’</span> <span class='ocrx_word' id='word_1_219' title='bbox 1811 2710 2006 2764; x_wconf 79' lang='grc' dir='ltr'>ἑαυτοῦ</span> 
     </span>
    </p>
   </div>
   <div class='ocr_carea' id='block_1_29' title="bbox 334 2797 2004 2874">
    <p class='ocr_par' dir='ltr' id='par_1_29' title="bbox 334 2797 2004 2874">
     <span class='ocr_line' id='line_1_29' title="bbox 334 2797 2004 2874; baseline -0.003 -18"><span class='ocrx_word' id='word_1_220' title='bbox 334 2802 538 2874; x_wconf 79' lang='grc' dir='ltr'>ταύτην</span> <span class='ocrx_word' id='word_1_221' title='bbox 579 2801 776 2871; x_wconf 85' lang='grc' dir='ltr'>ὀφείλω</span> <span class='ocrx_word' id='word_1_222' title='bbox 832 2799 1294 2871; x_wconf 88' lang='grc' dir='ltr'>έμπορεύσασθαι,</span> <span class='ocrx_word' id='word_1_223' title='bbox 1345 2799 1419 2870; x_wconf 85' lang='grc' dir='ltr'>μὴ</span> <span class='ocrx_word' id='word_1_224' title='bbox 1460 2797 1793 2870; x_wconf 81' lang='grc' dir='ltr'>παραδράμῃ</span> <span class='ocrx_word' id='word_1_225' title='bbox 1843 2814 1911 2868; x_wconf 90' lang='grc' dir='ltr'>με</span> <span class='ocrx_word' id='word_1_226' title='bbox 1943 2797 2004 2851; x_wconf 79' lang='grc' dir='ltr'>τὸ</span> 
     </span>
    </p>
   </div>
   <div class='ocr_carea' id='block_1_30' title="bbox 334 2884 2005 2962">
    <p class='ocr_par' dir='ltr' id='par_1_30' title="bbox 334 2884 2005 2962">
     <span class='ocr_line' id='line_1_30' title="bbox 334 2884 2005 2962; baseline -0.005 -18"><span class='ocrx_word' id='word_1_227' title='bbox 334 2891 557 2944; x_wconf 72' lang='grc' dir='ltr'>τοσοῦτο</span> <span class='ocrx_word' id='word_1_228' title='bbox 599 2890 807 2962; x_wconf 88' lang='grc' dir='ltr'>κέρδος.</span> <span class='ocrx_word' id='word_1_229' title='bbox 838 2889 948 2942; x_wconf 84' lang='grc' dir='ltr'>Καὶ</span> <span class='ocrx_word' id='word_1_230' title='bbox 975 2887 1144 2941; x_wconf 83' lang='grc' dir='ltr'>ταῦτα</span> <span class='ocrx_word' id='word_1_231' title='bbox 1174 2886 1343 2940; x_wconf 88' lang='grc' dir='ltr'>ἐποίει</span> <span class='ocrx_word' id='word_1_232' title='bbox 1374 2888 1402 2939; x_wconf 93' lang='lat'>0</span> <span class='ocrx_word' id='word_1_233' title='bbox 1429 2885 1656 2951; x_wconf 87' lang='grc' dir='ltr'>δίκαιος,</span> <span class='ocrx_word' id='word_1_234' title='bbox 1683 2884 2005 2956; x_wconf 81' lang='grc' dir='ltr'>ἀνθρώπους</span> 
     </span>
    </p>
   </div>
   <div class='ocr_carea' id='block_1_31' title="bbox 333 2972 1465 3048">
    <p class='ocr_par' dir='ltr' id='par_1_31' title="bbox 333 2972 1465 3048">
     <span class='ocr_line' id='line_1_31' title="bbox 333 2972 1465 3048; baseline -0.007 -14"><span class='ocrx_word' id='word_1_235' title='bbox 333 2979 589 3048; x_wconf 85' lang='grc' dir='ltr'>ἀγνῶτας</span> <span class='ocrx_word' id='word_1_236' title='bbox 616 2977 794 3040; x_wconf 79' lang='grc' dir='ltr'>ὁδίτας</span> <span class='ocrx_word' id='word_1_237' title='bbox 829 2975 1064 3048; x_wconf 76' lang='grc' dir='ltr'>νομίζων</span> <span class='ocrx_word' id='word_1_238' title='bbox 1090 2972 1465 3045; x_wconf 84' lang='grc' dir='ltr'>ὑποδέχεσθαι.</span> 
     </span>
    </p>
   </div>
   <div class='ocr_carea' id='block_1_32' title="bbox 407 3059 2000 3135">
    <p class='ocr_par' dir='ltr' id='par_1_32' title="bbox 407 3059 2000 3135">
     <span class='ocr_line' id='line_1_32' title="bbox 407 3059 2000 3135; baseline -0.004 -18"><span class='ocrx_word' id='word_1_239' title='bbox 407 3067 466 3117; x_wconf 79' lang='grc' dir='ltr'>δ’.</span> <span class='ocrx_word' id='word_1_240' title='bbox 488 3065 787 3134; x_wconf 82' lang='grc' dir='ltr'>Μάθωμεν,</span> <span class='ocrx_word' id='word_1_241' title='bbox 818 3063 911 3118; x_wconf 83' lang='grc' dir='ltr'>καὶ</span> <span class='ocrx_word' id='word_1_242' title='bbox 943 3061 1272 3135; x_wconf 86' lang='grc' dir='ltr'>ζηλώσωμεν</span> <span class='ocrx_word' id='word_1_243' title='bbox 1306 3060 1399 3115; x_wconf 88' lang='lat'>106</span> <span class='ocrx_word' id='word_1_244' title='bbox 1426 3059 1636 3114; x_wconf 87' lang='grc' dir='ltr'>δικαίου</span> <span class='ocrx_word' id='word_1_245' title='bbox 1658 3059 1753 3131; x_wconf 80' lang='grc' dir='ltr'>τὴν</span> <span class='ocrx_word' id='word_1_246' title='bbox 1778 3059 2000 3131; x_wconf 87' lang='grc' dir='ltr'>ἀρετήν.</span> 
     </span>
    </p>
   </div>
   <div class='ocr_carea' id='block_1_33' title="bbox 347 3149 2004 3224">
    <p class='ocr_par' dir='ltr' id='par_1_33' title="bbox 347 3149 2004 3224">
     <span class='ocr_line' id='line_1_33' title="bbox 347 3149 2004 3224; baseline -0.003 -20"><span class='ocrx_word' id='word_1_247' title='bbox 347 3152 472 3206; x_wconf 71' lang='grc' dir='ltr'>Ἐὰν</span> <span class='ocrx_word' id='word_1_248' title='bbox 500 3152 607 3224; x_wconf 90' lang='lat'>7&amp;9</span> <span class='ocrx_word' id='word_1_249' title='bbox 637 3149 780 3204; x_wconf 83' lang='grc' dir='ltr'>οὐτω</span> <span class='ocrx_word' id='word_1_250' title='bbox 817 3151 1082 3222; x_wconf 89' lang='grc' dir='ltr'>ποιῶμεν,</span> <span class='ocrx_word' id='word_1_251' title='bbox 1114 3150 1262 3214; x_wconf 79' lang='grc' dir='ltr'>είκδς</span> <span class='ocrx_word' id='word_1_252' title='bbox 1304 3149 1398 3204; x_wconf 89' lang='grc' dir='ltr'>καὶ</span> <span class='ocrx_word' id='word_1_253' title='bbox 1444 3150 1590 3220; x_wconf 80' lang='grc' dir='ltr'>ἡμᾶς</span> <span class='ocrx_word' id='word_1_254' title='bbox 1636 3165 1766 3202; x_wconf 89' lang='grc' dir='ltr'>ποτε</span> <span class='ocrx_word' id='word_1_255' title='bbox 1814 3149 2004 3200; x_wconf 80' lang='grc' dir='ltr'>ἐπιτυο</span> 
     </span>
    </p>
   </div>
   <div class='ocr_carea' id='block_1_34' title="bbox 335 3235 2002 3313">
    <p class='ocr_par' dir='ltr' id='par_1_34' title="bbox 335 3235 2002 3313">
     <span class='ocr_line' id='line_1_34' title="bbox 335 3235 2002 3313; baseline -0.004 -20"><span class='ocrx_word' id='word_1_256' title='bbox 335 3245 451 3313; x_wconf 85' lang='grc' dir='ltr'>χείν</span> <span class='ocrx_word' id='word_1_257' title='bbox 476 3239 734 3310; x_wconf 77' lang='grc' dir='ltr'>τοιαύτης</span> <span class='ocrx_word' id='word_1_258' title='bbox 763 3240 936 3311; x_wconf 78' lang='grc' dir='ltr'>θήρας</span> <span class='ocrx_word' id='word_1_259' title='bbox 955 3255 969 3270; x_wconf 88' lang='grc'><strong>·</strong></span> <span class='ocrx_word' id='word_1_260' title='bbox 1006 3239 1204 3311; x_wconf 83' lang='grc' dir='ltr'>μᾶλλον</span> <span class='ocrx_word' id='word_1_261' title='bbox 1231 3238 1287 3291; x_wconf 78' lang='grc' dir='ltr'>δὲ</span> <span class='ocrx_word' id='word_1_262' title='bbox 1313 3239 1406 3292; x_wconf 80' lang='grc' dir='ltr'>καὶ</span> <span class='ocrx_word' id='word_1_263' title='bbox 1433 3238 1519 3291; x_wconf 88' lang='grc' dir='ltr'>ἀεὶ</span> <span class='ocrx_word' id='word_1_264' title='bbox 1551 3235 2002 3306; x_wconf 88' lang='grc' dir='ltr'>ἐπιτυγχάνομεν,</span> 
     </span>
    </p>
   </div>
   <div class='ocr_carea' id='block_1_35' title="bbox 335 3324 2004 3400">
    <p class='ocr_par' dir='ltr' id='par_1_35' title="bbox 335 3324 2004 3400">
     <span class='ocr_line' id='line_1_35' title="bbox 335 3324 2004 3400; baseline -0.002 -20"><span class='ocrx_word' id='word_1_265' title='bbox 335 3331 384 3382; x_wconf 84' lang='grc' dir='ltr'>εί</span> <span class='ocrx_word' id='word_1_266' title='bbox 426 3327 764 3400; x_wconf 79' lang='grc' dir='ltr'>βουλοίμεθα.</span> <span class='ocrx_word' id='word_1_267' title='bbox 789 3327 887 3380; x_wconf 73' lang='grc' dir='ltr'>Διὰ</span> <span class='ocrx_word' id='word_1_268' title='bbox 930 3327 1039 3398; x_wconf 91' lang='lat'>7&amp;9</span> <span class='ocrx_word' id='word_1_269' title='bbox 1068 3325 1225 3379; x_wconf 86' lang='lat'><strong>10610</strong></span> <span class='ocrx_word' id='word_1_270' title='bbox 1246 3326 1274 3378; x_wconf 89' lang='lat'>0</span> <span class='ocrx_word' id='word_1_271' title='bbox 1302 3324 1680 3396; x_wconf 88' lang='grc' dir='ltr'>φιλάνθρωπος</span> <span class='ocrx_word' id='word_1_272' title='bbox 1707 3324 2004 3393; x_wconf 85' lang='grc' dir='ltr'>Δεσπότης,</span> 
     </span>
    </p>
   </div>
   <div class='ocr_carea' id='block_1_36' title="bbox 334 3411 2003 3486">
    <p class='ocr_par' dir='ltr' id='par_1_36' title="bbox 334 3411 2003 3486">
     <span class='ocr_line' id='line_1_36' title="bbox 334 3411 2003 3486; baseline -0.002 -18"><span class='ocrx_word' id='word_1_273' title='bbox 334 3421 422 3474; x_wconf 76' lang='grc' dir='ltr'>ἵνα</span> <span class='ocrx_word' id='word_1_274' title='bbox 460 3412 536 3486; x_wconf 80' lang='grc' dir='ltr'>μὴ</span> <span class='ocrx_word' id='word_1_275' title='bbox 559 3413 804 3484; x_wconf 84' lang='grc' dir='ltr'>ὀκνῶμεν</span> <span class='ocrx_word' id='word_1_276' title='bbox 829 3413 965 3484; x_wconf 81' lang='grc' dir='ltr'>πρὸς</span> <span class='ocrx_word' id='word_1_277' title='bbox 997 3412 1098 3483; x_wconf 84' lang='grc' dir='ltr'>τὴν</span> <span class='ocrx_word' id='word_1_278' title='bbox 1126 3411 1384 3481; x_wconf 86' lang='grc' dir='ltr'>τοιαύτην</span> <span class='ocrx_word' id='word_1_279' title='bbox 1415 3411 1838 3482; x_wconf 75' lang='grc' dir='ltr'>φιλοφροσύνην,</span> <span class='ocrx_word' id='word_1_280' title='bbox 1868 3412 2003 3483; x_wconf 82' lang='grc' dir='ltr'>μηδὲ</span> 
     </span>
    </p>
   </div>
   <div class='ocr_carea' id='block_1_37' title="bbox 336 3497 2008 3572">
    <p class='ocr_par' dir='ltr' id='par_1_37' title="bbox 336 3497 2008 3572">
     <span class='ocr_line' id='line_1_37' title="bbox 336 3497 2008 3572; baseline -0.001 -18"><span class='ocrx_word' id='word_1_281' title='bbox 336 3499 836 3572; x_wconf 85' lang='grc' dir='ltr'>περιεργαζώμεθα</span> <span class='ocrx_word' id='word_1_282' title='bbox 883 3500 1009 3563; x_wconf 79' lang='grc' dir='ltr'>τοὺς</span> <span class='ocrx_word' id='word_1_283' title='bbox 1060 3499 1384 3569; x_wconf 86' lang='grc' dir='ltr'>παριόντας,</span> <span class='ocrx_word' id='word_1_284' title='bbox 1433 3499 1630 3569; x_wconf 75' lang='grc' dir='ltr'>φησίν⁸</span> <span class='ocrx_word' id='word_1_285' title='bbox 1676 3500 1775 3565; x_wconf 88' lang='grc' dir='ltr'>Ὃς</span> <span class='ocrx_word' id='word_1_286' title='bbox 1807 3499 1884 3552; x_wconf 84' lang='grc' dir='ltr'>ἂν</span> <span class='ocrx_word' id='word_1_287' title='bbox 1915 3497 2008 3552; x_wconf 84' lang='grc' dir='ltr'>δέ-</span> 
     </span>
    </p>
   </div>
   <div class='ocr_carea' id='block_1_38' title="bbox 335 3584 2009 3655">
    <p class='ocr_par' dir='ltr' id='par_1_38' title="bbox 335 3584 2009 3655">
     <span class='ocr_line' id='line_1_38' title="bbox 335 3584 2009 3655; baseline -0.001 -15"><span class='ocrx_word' id='word_1_288' title='bbox 335 3585 509 3652; x_wconf 76' lang='grc' dir='ltr'>ξηται</span> <span class='ocrx_word' id='word_1_289' title='bbox 549 3587 658 3642; x_wconf 79' lang='grc' dir='ltr'>ἕνα</span> <span class='ocrx_word' id='word_1_290' title='bbox 694 3586 814 3640; x_wconf 78' lang='grc' dir='ltr'>τῶν</span> <span class='ocrx_word' id='word_1_291' title='bbox 853 3586 1196 3654; x_wconf 72' lang='grc' dir='ltr'>ἐλαχίστων</span> <span class='ocrx_word' id='word_1_292' title='bbox 1234 3587 1458 3640; x_wconf 87' lang='grc' dir='ltr'>τούτων</span> <span class='ocrx_word' id='word_1_293' title='bbox 1489 3586 1560 3639; x_wconf 83' lang='grc' dir='ltr'>ἐν</span> <span class='ocrx_word' id='word_1_294' title='bbox 1590 3585 1670 3650; x_wconf 85' lang='grc' dir='ltr'>τῷ</span> <span class='ocrx_word' id='word_1_295' title='bbox 1712 3584 1832 3655; x_wconf 83' lang='grc' dir='ltr'>ἐμῷ</span> <span class='ocrx_word' id='word_1_296' title='bbox 1876 3586 2009 3638; x_wconf 88' lang='grc' dir='ltr'>ὀνό-</span> 
     </span>
    </p>
   </div>
   <div class='ocr_carea' id='block_1_39' title="bbox 331 3673 2007 3746">
    <p class='ocr_par' dir='ltr' id='par_1_39' title="bbox 331 3673 2007 3746">
     <span class='ocr_line' id='line_1_39' title="bbox 331 3673 2007 3746; baseline -0.001 -19"><span class='ocrx_word' id='word_1_297' title='bbox 331 3689 492 3743; x_wconf 80' lang='grc' dir='ltr'>ματι,</span> <span class='ocrx_word' id='word_1_298' title='bbox 531 3674 636 3743; x_wconf 73' lang='grc' dir='ltr'>ἐμὲ</span> <span class='ocrx_word' id='word_1_299' title='bbox 667 3673 922 3744; x_wconf 81' lang='grc' dir='ltr'>δέχεται.</span> <span class='ocrx_word' id='word_1_300' title='bbox 953 3673 1046 3744; x_wconf 82' lang='grc' dir='ltr'>Μὴ</span> <span class='ocrx_word' id='word_1_301' title='bbox 1082 3673 1262 3727; x_wconf 86' lang='grc' dir='ltr'>τοίνυν</span> <span class='ocrx_word' id='word_1_302' title='bbox 1305 3675 1442 3746; x_wconf 65' lang='grc' dir='ltr'>πρὸς</span> <span class='ocrx_word' id='word_1_303' title='bbox 1486 3673 1584 3744; x_wconf 81' lang='grc' dir='ltr'>τὴν</span> <span class='ocrx_word' id='word_1_304' title='bbox 1612 3673 1886 3728; x_wconf 88' lang='grc' dir='ltr'>εὐτέλειαν</span> <span class='ocrx_word' id='word_1_305' title='bbox 1913 3673 2007 3727; x_wconf 88' lang='lat'>106</span> 
     </span>
    </p>
   </div>
   <div class='ocr_carea' id='block_1_40' title="bbox 337 3759 2009 3833">
    <p class='ocr_par' dir='ltr' id='par_1_40' title="bbox 337 3759 2009 3833">
     <span class='ocr_line' id='line_1_40' title="bbox 337 3759 2009 3833; baseline -0.001 -18"><span class='ocrx_word' id='word_1_306' title='bbox 337 3761 624 3833; x_wconf 85' lang='grc' dir='ltr'>παριόντος</span> <span class='ocrx_word' id='word_1_307' title='bbox 653 3762 778 3832; x_wconf 82' lang='grc' dir='ltr'>δρα,</span> <span class='ocrx_word' id='word_1_308' title='bbox 818 3760 953 3832; x_wconf 78' lang='grc' dir='ltr'>μηδὲ</span> <span class='ocrx_word' id='word_1_309' title='bbox 983 3760 1325 3831; x_wconf 78' lang='grc' dir='ltr'>ἐξευτελίσῃς</span> <span class='ocrx_word' id='word_1_310' title='bbox 1357 3759 1520 3813; x_wconf 80' lang='grc' dir='ltr'>αὐτὸν</span> <span class='ocrx_word' id='word_1_311' title='bbox 1550 3761 1614 3814; x_wconf 90' lang='grc' dir='ltr'>ἐκ</span> <span class='ocrx_word' id='word_1_312' title='bbox 1651 3760 1760 3814; x_wconf 89' lang='grc' dir='ltr'>τῶν</span> <span class='ocrx_word' id='word_1_313' title='bbox 1803 3759 2009 3831; x_wconf 87' lang='grc' dir='ltr'>ὁρωμέ-</span> 
     </span>
    </p>
   </div>
   <div class='ocr_carea' id='block_1_41' title="bbox 336 3847 2007 3918">
    <p class='ocr_par' dir='ltr' id='par_1_41' title="bbox 336 3847 2007 3918">
     <span class='ocr_line' id='line_1_41' title="bbox 336 3847 2007 3918; baseline -0.001 -18"><span class='ocrx_word' id='word_1_314' title='bbox 336 3864 462 3911; x_wconf 92' lang='grc' dir='ltr'>νων,</span> <span class='ocrx_word' id='word_1_315' title='bbox 489 3848 602 3902; x_wconf 79' lang='grc' dir='ltr'>άλλ’</span> <span class='ocrx_word' id='word_1_316' title='bbox 633 3848 884 3917; x_wconf 75' lang='grc' dir='ltr'>ἐννόησον</span> <span class='ocrx_word' id='word_1_317' title='bbox 911 3849 994 3902; x_wconf 81' lang='grc' dir='ltr'>ὅτι</span> <span class='ocrx_word' id='word_1_318' title='bbox 1025 3847 1116 3900; x_wconf 84' lang='grc' dir='ltr'>τὸν</span> <span class='ocrx_word' id='word_1_319' title='bbox 1133 3847 1409 3916; x_wconf 87' lang='grc' dir='ltr'>Δεσπότην</span> <span class='ocrx_word' id='word_1_320' title='bbox 1433 3847 1668 3918; x_wconf 78' lang='grc' dir='ltr'>ὑποδέχῃ</span> <span class='ocrx_word' id='word_1_321' title='bbox 1686 3847 1777 3901; x_wconf 81' lang='grc' dir='ltr'>τὸν</span> <span class='ocrx_word' id='word_1_322' title='bbox 1805 3847 1896 3900; x_wconf 85' lang='grc' dir='ltr'>σὸν</span> <span class='ocrx_word' id='word_1_323' title='bbox 1919 3847 2007 3899; x_wconf 67' lang='grc' dir='ltr'>διὰ</span> 
     </span>
    </p>
   </div>
   <div class='ocr_carea' id='block_1_42' title="bbox 333 3932 2008 4005">
    <p class='ocr_par' dir='ltr' id='par_1_42' title="bbox 333 3932 2008 4005">
     <span class='ocr_line' id='line_1_42' title="bbox 333 3932 2008 4005; baseline -0.002 -16"><span class='ocrx_word' id='word_1_324' title='bbox 333 3933 546 3989; x_wconf 84' lang='grc' dir='ltr'>τούτου.</span> <span class='ocrx_word' id='word_1_325' title='bbox 575 3935 742 3988; x_wconf 87' lang='grc' dir='ltr'>Ὅταν</span> <span class='ocrx_word' id='word_1_326' title='bbox 779 3933 888 4005; x_wconf 80' lang='grc' dir='ltr'>γὰρ</span> <span class='ocrx_word' id='word_1_327' title='bbox 915 3933 1004 3988; x_wconf 86' lang='grc' dir='ltr'>διά</span> <span class='ocrx_word' id='word_1_328' title='bbox 1040 3933 1102 3987; x_wconf 85' lang='grc' dir='ltr'>τδ</span> <span class='ocrx_word' id='word_1_329' title='bbox 1146 3932 1310 3987; x_wconf 81' lang='grc' dir='ltr'>αὐτοῦ</span> <span class='ocrx_word' id='word_1_330' title='bbox 1345 3933 1518 4003; x_wconf 77' lang='grc' dir='ltr'>δνομα</span> <span class='ocrx_word' id='word_1_331' title='bbox 1545 3934 1644 4003; x_wconf 87' lang='grc' dir='ltr'>τὴν</span> <span class='ocrx_word' id='word_1_332' title='bbox 1678 3935 1759 3998; x_wconf 85' lang='grc' dir='ltr'>είς</span> <span class='ocrx_word' id='word_1_333' title='bbox 1801 3935 2008 3987; x_wconf 88' lang='grc' dir='ltr'>ἐκεῖνον</span> 
     </span>
    </p>
   </div>
   <div class='ocr_carea' id='block_1_43' title="bbox 333 4020 2008 4096">
    <p class='ocr_par' dir='ltr' id='par_1_43' title="bbox 333 4020 2008 4096">
     <span class='ocr_line' id='line_1_43' title="bbox 333 4020 2008 4096; baseline -0.001 -20"><span class='ocrx_word' id='word_1_334' title='bbox 333 4022 632 4094; x_wconf 79' lang='grc' dir='ltr'>θεραπείαν</span> <span class='ocrx_word' id='word_1_335' title='bbox 661 4021 934 4096; x_wconf 77' lang='grc' dir='ltr'>ἐπιδείξῃο</span> <span class='ocrx_word' id='word_1_336' title='bbox 956 4021 1156 4075; x_wconf 82' lang='grc' dir='ltr'>ὡσανεὶ</span> <span class='ocrx_word' id='word_1_337' title='bbox 1183 4022 1387 4074; x_wconf 81' lang='grc' dir='ltr'>ἐκεῖνον</span> <span class='ocrx_word' id='word_1_338' title='bbox 1416 4020 1837 4091; x_wconf 80' lang='grc' dir='ltr'>ὑποδεξάμενος,</span> <span class='ocrx_word' id='word_1_339' title='bbox 1865 4020 2008 4074; x_wconf 78' lang='grc' dir='ltr'>οὕτω</span> 
     </span>
    </p>
   </div>
   <div class='ocr_carea' id='block_1_44' title="bbox 332 4103 2009 4182">
    <p class='ocr_par' dir='ltr' id='par_1_44' title="bbox 332 4103 2009 4182">
     <span class='ocr_line' id='line_1_44' title="bbox 332 4103 2009 4182; baseline -0.002 -20"><span class='ocrx_word' id='word_1_340' title='bbox 332 4110 482 4182; x_wconf 75' lang='grc' dir='ltr'>λήψῃ</span> <span class='ocrx_word' id='word_1_341' title='bbox 530 4110 622 4164; x_wconf 76' lang='grc' dir='ltr'>τὸν</span> <span class='ocrx_word' id='word_1_342' title='bbox 678 4109 887 4180; x_wconf 86' lang='grc' dir='ltr'>μισθόν.</span> <span class='ocrx_word' id='word_1_343' title='bbox 933 4107 1048 4163; x_wconf 83' lang='grc' dir='ltr'>Κᾶν</span> <span class='ocrx_word' id='word_1_344' title='bbox 1079 4108 1320 4180; x_wconf 75' lang='grc' dir='ltr'>ῥᾴθυμος</span> <span class='ocrx_word' id='word_1_345' title='bbox 1365 4107 1546 4161; x_wconf 87' lang='grc' dir='ltr'>τοίνυν</span> <span class='ocrx_word' id='word_1_346' title='bbox 1664 4106 1759 4160; x_wconf 85' lang='grc' dir='ltr'>καὶ</span> <span class='ocrx_word' id='word_1_347' title='bbox 1802 4107 2009 4179; x_wconf 76' lang='grc' dir='ltr'>ὴμεληο</span> 
     </span>
    </p>
   </div>
   <div class='ocr_carea' id='block_1_45' title="bbox 336 4193 2008 4270">
    <p class='ocr_par' dir='ltr' id='par_1_45' title="bbox 336 4193 2008 4270">
     <span class='ocr_line' id='line_1_45' title="bbox 336 4193 2008 4270; baseline -0.001 -20"><span class='ocrx_word' id='word_1_348' title='bbox 336 4198 499 4270; x_wconf 85' lang='grc' dir='ltr'>μένος</span> <span class='ocrx_word' id='word_1_349' title='bbox 526 4199 554 4251; x_wconf 94' lang='lat'>0</span> <span class='ocrx_word' id='word_1_350' title='bbox 582 4197 680 4266; x_wconf 85' lang='grc' dir='ltr'>τῆς</span> <span class='ocrx_word' id='word_1_351' title='bbox 725 4195 875 4268; x_wconf 74' lang='grc' dir='ltr'>παρὰ</span> <span class='ocrx_word' id='word_1_352' title='bbox 905 4196 1000 4249; x_wconf 82' lang='grc' dir='ltr'>σοῦ</span> <span class='ocrx_word' id='word_1_353' title='bbox 1035 4194 1432 4267; x_wconf 78' lang='grc' dir='ltr'>φιλοφροσύνης</span> <span class='ocrx_word' id='word_1_354' title='bbox 1475 4193 1784 4260; x_wconf 90' lang='grc' dir='ltr'>ἀπολαύων,</span> <span class='ocrx_word' id='word_1_355' title='bbox 1820 4194 2008 4265; x_wconf 88' lang='grc' dir='ltr'>μηδείς</span> 
     </span>
    </p>
   </div>
   <div class='ocr_carea' id='block_1_46' title="bbox 336 4279 2008 4353">
    <p class='ocr_par' dir='ltr' id='par_1_46' title="bbox 336 4279 2008 4353">
     <span class='ocr_line' id='line_1_46' title="bbox 336 4279 2008 4353; baseline -0.003 -16"><span class='ocrx_word' id='word_1_356' title='bbox 336 4301 420 4338; x_wconf 91' lang='grc' dir='ltr'>σοι</span> <span class='ocrx_word' id='word_1_357' title='bbox 449 4284 606 4352; x_wconf 86' lang='grc' dir='ltr'>λόγος</span> <span class='ocrx_word' id='word_1_358' title='bbox 636 4283 825 4336; x_wconf 87' lang='grc' dir='ltr'>τούτου</span> <span class='ocrx_word' id='word_1_359' title='bbox 867 4283 1037 4336; x_wconf 83' lang='grc' dir='ltr'>έστω·</span> <span class='ocrx_word' id='word_1_360' title='bbox 1076 4281 1479 4353; x_wconf 82' lang='grc' dir='ltr'>ἀπηρτισμένος</span> <span class='ocrx_word' id='word_1_361' title='bbox 1512 4281 1621 4352; x_wconf 89' lang='grc' dir='ltr'>γάρ</span> <span class='ocrx_word' id='word_1_362' title='bbox 1651 4297 1733 4334; x_wconf 92' lang='grc' dir='ltr'>σοι</span> <span class='ocrx_word' id='word_1_363' title='bbox 1760 4283 1788 4334; x_wconf 92' lang='lat'>0</span> <span class='ocrx_word' id='word_1_364' title='bbox 1819 4279 2008 4350; x_wconf 85' lang='grc' dir='ltr'>μισθὸς</span> 
     </span>
    </p>
   </div>
   <div class='ocr_carea' id='block_1_47' title="bbox 331 4366 2006 4442">
    <p class='ocr_par' dir='ltr' id='par_1_47' title="bbox 331 4366 2006 4442">
     <span class='ocr_line' id='line_1_47' title="bbox 331 4366 2006 4442; baseline -0.004 -17"><span class='ocrx_word' id='word_1_365' title='bbox 331 4371 618 4442; x_wconf 78' lang='grc' dir='ltr'>δοθήσεται</span> <span class='ocrx_word' id='word_1_366' title='bbox 643 4371 730 4425; x_wconf 76' lang='grc' dir='ltr'>διὰ</span> <span class='ocrx_word' id='word_1_367' title='bbox 751 4370 849 4442; x_wconf 87' lang='grc' dir='ltr'>τὴν</span> <span class='ocrx_word' id='word_1_368' title='bbox 870 4371 948 4433; x_wconf 85' lang='grc' dir='ltr'>είς</span> <span class='ocrx_word' id='word_1_369' title='bbox 973 4369 1066 4423; x_wconf 86' lang='grc' dir='ltr'>τὸν</span> <span class='ocrx_word' id='word_1_370' title='bbox 1077 4369 1353 4439; x_wconf 85' lang='grc' dir='ltr'>Δεσπότην</span> <span class='ocrx_word' id='word_1_371' title='bbox 1375 4368 1537 4439; x_wconf 82' lang='grc' dir='ltr'>τιμὴν</span> <span class='ocrx_word' id='word_1_372' title='bbox 1559 4368 1717 4421; x_wconf 87' lang='lat'><strong>10610</strong></span> <span class='ocrx_word' id='word_1_373' title='bbox 1746 4366 2006 4433; x_wconf 81' lang='grc' dir='ltr'>ποιοῦντι,</span> 
     </span>
    </p>
   </div>
   <div class='ocr_carea' id='block_1_48' title="bbox 330 4455 2007 4529">
    <p class='ocr_par' dir='ltr' id='par_1_48' title="bbox 330 4455 2007 4529">
     <span class='ocr_line' id='line_1_48' title="bbox 330 4455 2007 4529; baseline -0.003 -17"><span class='ocrx_word' id='word_1_374' title='bbox 330 4457 431 4512; x_wconf 86' lang='grc' dir='ltr'>καὶ</span> <span class='ocrx_word' id='word_1_375' title='bbox 468 4456 717 4529; x_wconf 83' lang='grc' dir='ltr'>ζηλοῦντι</span> <span class='ocrx_word' id='word_1_376' title='bbox 755 4458 850 4511; x_wconf 86' lang='lat'>106</span> <span class='ocrx_word' id='word_1_377' title='bbox 873 4457 1230 4528; x_wconf 88' lang='grc' dir='ltr'>’πατριάρχου</span> <span class='ocrx_word' id='word_1_378' title='bbox 1275 4455 1461 4509; x_wconf 89' lang='grc' dir='ltr'>τούτου</span> <span class='ocrx_word' id='word_1_379' title='bbox 1503 4455 1602 4526; x_wconf 83' lang='grc' dir='ltr'>τὴν</span> <span class='ocrx_word' id='word_1_380' title='bbox 1641 4456 1860 4527; x_wconf 81' lang='grc' dir='ltr'>ἀρετήν.</span> <span class='ocrx_word' id='word_1_381' title='bbox 1897 4455 2007 4509; x_wconf 75' lang='grc' dir='ltr'>Καὶ</span> 
     </span>
    </p>
   </div>
   <div class='ocr_carea' id='block_1_49' title="bbox 333 4541 2007 4615">
    <p class='ocr_par' dir='ltr' id='par_1_49' title="bbox 333 4541 2007 4615">
     <span class='ocr_line' id='line_1_49' title="bbox 333 4541 2007 4615; baseline -0.002 -16"><span class='ocrx_word' id='word_1_382' title='bbox 333 4543 499 4609; x_wconf 80' lang='grc' dir='ltr'>ιδὼν,</span> <span class='ocrx_word' id='word_1_383' title='bbox 523 4545 677 4615; x_wconf 90' lang='grc' dir='ltr'>φησὶ,</span> <span class='ocrx_word' id='word_1_384' title='bbox 707 4543 1120 4613; x_wconf 78' lang='grc' dir='ltr'>προσέδραμεν</span> <span class='ocrx_word' id='word_1_385' title='bbox 1143 4545 1231 4610; x_wconf 82' lang='grc' dir='ltr'>εις</span> <span class='ocrx_word' id='word_1_386' title='bbox 1257 4541 1637 4610; x_wconf 80' lang='grc' dir='ltr'>συνάντησιν</span> <span class='ocrx_word' id='word_1_387' title='bbox 1662 4541 1866 4609; x_wconf 83' lang='grc' dir='ltr'>αὐτοῖς</span> <span class='ocrx_word' id='word_1_388' title='bbox 1887 4543 2007 4596; x_wconf 81' lang='grc' dir='ltr'>ἀπὸ</span> 
     </span>
    </p>
   </div>
   <div class='ocr_carea' id='block_1_50' title="bbox 331 4629 2006 4700">
    <p class='ocr_par' dir='ltr' id='par_1_50' title="bbox 331 4629 2006 4700">
     <span class='ocr_line' id='line_1_50' title="bbox 331 4629 2006 4700; baseline -0.001 -15"><span class='ocrx_word' id='word_1_389' title='bbox 331 4630 447 4698; x_wconf 82' lang='grc' dir='ltr'>τῆς</span> <span class='ocrx_word' id='word_1_390' title='bbox 489 4631 672 4698; x_wconf 82' lang='grc' dir='ltr'>θύρας</span> <span class='ocrx_word' id='word_1_391' title='bbox 715 4629 823 4699; x_wconf 83' lang='grc' dir='ltr'>τῆς</span> <span class='ocrx_word' id='word_1_392' title='bbox 863 4629 1125 4700; x_wconf 83' lang='grc' dir='ltr'>σκηνῆς.</span> <span class='ocrx_word' id='word_1_393' title='bbox 1159 4629 1354 4692; x_wconf 85' lang='grc' dir='ltr'>Καλῶς</span> <span class='ocrx_word' id='word_1_394' title='bbox 1393 4629 1485 4683; x_wconf 85' lang='grc' dir='ltr'>καὶ</span> <span class='ocrx_word' id='word_1_395' title='bbox 1522 4630 1582 4682; x_wconf 83' lang='grc' dir='ltr'>τδ</span> <span class='ocrx_word' id='word_1_396' title='bbox 1615 4629 2006 4699; x_wconf 85' lang='grc' dir='ltr'>Προσέδραμε</span> 
     </span>
    </p>
   </div>
   <div class='ocr_carea' id='block_1_51' title="bbox 333 4717 2006 4790">
    <p class='ocr_par' dir='ltr' id='par_1_51' title="bbox 333 4717 2006 4790">
     <span class='ocr_line' id='line_1_51' title="bbox 333 4717 2006 4790; baseline 0.001 -22"><span class='ocrx_word' id='word_1_397' title='bbox 333 4718 686 4787; x_wconf 87' lang='grc' dir='ltr'>πρόσκειται,</span> <span class='ocrx_word' id='word_1_398' title='bbox 724 4718 811 4771; x_wconf 84' lang='grc' dir='ltr'>ἴνα</span> <span class='ocrx_word' id='word_1_399' title='bbox 857 4718 1033 4790; x_wconf 80' lang='grc' dir='ltr'>μάθῃς</span> <span class='ocrx_word' id='word_1_400' title='bbox 1072 4719 1153 4771; x_wconf 86' lang='grc' dir='ltr'>ὅτι</span> <span class='ocrx_word' id='word_1_401' title='bbox 1185 4717 1260 4780; x_wconf 88' lang='grc' dir='ltr'>ὠς</span> <span class='ocrx_word' id='word_1_402' title='bbox 1292 4717 1535 4787; x_wconf 88' lang='grc' dir='ltr'>ἀγνῶτες</span> <span class='ocrx_word' id='word_1_403' title='bbox 1571 4717 1878 4788; x_wconf 79' lang='grc' dir='ltr'>παρῄεσαν,</span> <span class='ocrx_word' id='word_1_404' title='bbox 1913 4717 2006 4770; x_wconf 87' lang='grc' dir='ltr'>καὶ</span> 
     </span>
    </p>
   </div>
   <div class='ocr_carea' id='block_1_52' title="bbox 331 4801 2008 4877">
    <p class='ocr_par' dir='ltr' id='par_1_52' title="bbox 331 4801 2008 4877">
     <span class='ocr_line' id='line_1_52' title="bbox 331 4801 2008 4877; baseline 0.001 -20"><span class='ocrx_word' id='word_1_405' title='bbox 331 4805 435 4857; x_wconf 87' lang='grc' dir='ltr'>οὐκ</span> <span class='ocrx_word' id='word_1_406' title='bbox 464 4803 530 4858; x_wconf 80' lang='grc' dir='ltr'>ἂν</span> <span class='ocrx_word' id='word_1_407' title='bbox 554 4803 847 4875; x_wconf 82' lang='grc' dir='ltr'>αὐτόματοι</span> <span class='ocrx_word' id='word_1_408' title='bbox 876 4801 1037 4875; x_wconf 82' lang='grc' dir='ltr'>ἦλθον</span> <span class='ocrx_word' id='word_1_409' title='bbox 1067 4806 1160 4858; x_wconf 85' lang='grc' dir='ltr'>ἐπὶ</span> <span class='ocrx_word' id='word_1_410' title='bbox 1193 4805 1290 4877; x_wconf 83' lang='grc' dir='ltr'>τὴν</span> <span class='ocrx_word' id='word_1_411' title='bbox 1321 4805 1546 4876; x_wconf 84' lang='grc' dir='ltr'>σκηνήν.</span> <span class='ocrx_word' id='word_1_412' title='bbox 1585 4803 1684 4857; x_wconf 87' lang='grc' dir='ltr'>Διά</span> <span class='ocrx_word' id='word_1_413' title='bbox 1709 4804 1889 4869; x_wconf 86' lang='lat'><strong>10610,</strong></span> <span class='ocrx_word' id='word_1_414' title='bbox 1918 4805 2008 4859; x_wconf 83' lang='grc' dir='ltr'>ἵνα</span> 
     </span>
    </p>
   </div>
   <div class='ocr_carea' id='block_1_53' title="bbox 335 4891 2006 4966">
    <p class='ocr_par' dir='ltr' id='par_1_53' title="bbox 335 4891 2006 4966">
     <span class='ocr_line' id='line_1_53' title="bbox 335 4891 2006 4966; baseline 0.001 -22"><span class='ocrx_word' id='word_1_415' title='bbox 335 4892 414 4964; x_wconf 85' lang='grc' dir='ltr'>μὴ</span> <span class='ocrx_word' id='word_1_416' title='bbox 451 4892 691 4966; x_wconf 84' lang='grc' dir='ltr'>διαφύγῃ</span> <span class='ocrx_word' id='word_1_417' title='bbox 723 4892 886 4947; x_wconf 73' lang='grc' dir='ltr'>αὐτὸν</span> <span class='ocrx_word' id='word_1_418' title='bbox 919 4895 980 4946; x_wconf 86' lang='grc' dir='ltr'>τὸ</span> <span class='ocrx_word' id='word_1_419' title='bbox 1010 4893 1378 4964; x_wconf 83' lang='grc' dir='ltr'>πνευματικὸν</span> <span class='ocrx_word' id='word_1_420' title='bbox 1419 4892 1578 4946; x_wconf 90' lang='lat'><strong>10610</strong></span> <span class='ocrx_word' id='word_1_421' title='bbox 1610 4891 1822 4964; x_wconf 86' lang='grc' dir='ltr'>κέρδος,</span> <span class='ocrx_word' id='word_1_422' title='bbox 1853 4894 1881 4946; x_wconf 98' lang='lat'>0</span> <span class='ocrx_word' id='word_1_423' title='bbox 1913 4910 2006 4962; x_wconf 90' lang='grc' dir='ltr'>γε-</span> 
     </span>
    </p>
   </div>
   <div class='ocr_carea' id='block_1_54' title="bbox 331 4979 2006 5050">
    <p class='ocr_par' dir='ltr' id='par_1_54' title="bbox 331 4979 2006 5050">
     <span class='ocr_line' id='line_1_54' title="bbox 331 4979 2006 5050; baseline 0.001 -18"><span class='ocrx_word' id='word_1_424' title='bbox 331 4979 626 5050; x_wconf 87' lang='grc' dir='ltr'>γηρακὼς,</span> <span class='ocrx_word' id='word_1_425' title='bbox 667 4982 695 5033; x_wconf 90' lang='lat'>0</span> <span class='ocrx_word' id='word_1_426' title='bbox 742 4979 1186 5050; x_wconf 89' lang='grc' dir='ltr'>πεπολιωμένος,</span> <span class='ocrx_word' id='word_1_427' title='bbox 1225 4981 1254 5032; x_wconf 93' lang='lat'>0</span> <span class='ocrx_word' id='word_1_428' title='bbox 1300 4981 1692 5050; x_wconf 82' lang='grc' dir='ltr'>ἑκατονταέτης</span> <span class='ocrx_word' id='word_1_429' title='bbox 1737 4981 2006 5050; x_wconf 91' lang='grc' dir='ltr'>προστρέ-</span> 
     </span>
    </p>
   </div>
   <div class='ocr_carea' id='block_1_55' title="bbox 330 5066 1996 5140">
    <p class='ocr_par' dir='ltr' id='par_1_55' title="bbox 330 5066 1996 5140">
     <span class='ocr_line' id='line_1_55' title="bbox 330 5066 1996 5140; baseline 0.002 -21"><span class='ocrx_word' id='word_1_430' title='bbox 330 5084 446 5137; x_wconf 89' lang='grc' dir='ltr'>χει,</span> <span class='ocrx_word' id='word_1_431' title='bbox 479 5067 572 5120; x_wconf 89' lang='grc' dir='ltr'>καὶ</span> <span class='ocrx_word' id='word_1_432' title='bbox 603 5066 689 5120; x_wconf 70' lang='grc' dir='ltr'>διὰ</span> <span class='ocrx_word' id='word_1_433' title='bbox 721 5067 815 5120; x_wconf 88' lang='lat'>106</span> <span class='ocrx_word' id='word_1_434' title='bbox 863 5067 1061 5138; x_wconf 88' lang='grc' dir='ltr'>δρόμου</span> <span class='ocrx_word' id='word_1_435' title='bbox 1107 5067 1203 5138; x_wconf 79' lang='grc' dir='ltr'>τὴν</span> <span class='ocrx_word' id='word_1_436' title='bbox 1250 5068 1559 5140; x_wconf 88' lang='grc' dir='ltr'>προθυμίαν</span> <span class='ocrx_word' id='word_1_437' title='bbox 1603 5069 1996 5122; x_wconf 81' lang='grc' dir='ltr'>ἐπιδείκνυται.</span> 
     </span>
    </p>
   </div>
   <div class='ocr_carea' id='block_1_56' title="bbox 335 5155 2007 5226">
    <p class='ocr_par' dir='ltr' id='par_1_56' title="bbox 335 5155 2007 5226">
     <span class='ocr_line' id='line_1_56' title="bbox 335 5155 2007 5226; baseline 0.001 -16"><span class='ocrx_word' id='word_1_438' title='bbox 335 5155 448 5210; x_wconf 78' lang='grc' dir='ltr'>Καὶ</span> <span class='ocrx_word' id='word_1_439' title='bbox 498 5156 868 5225; x_wconf 79' lang='grc' dir='ltr'>θεασάμενος</span> <span class='ocrx_word' id='word_1_440' title='bbox 908 5157 1370 5226; x_wconf 81' lang='grc' dir='ltr'>προσεκύνησεν</span> <span class='ocrx_word' id='word_1_441' title='bbox 1409 5157 1506 5210; x_wconf 77' lang='grc' dir='ltr'>ἐπὶ</span> <span class='ocrx_word' id='word_1_442' title='bbox 1549 5157 1665 5224; x_wconf 79' lang='grc' dir='ltr'>τὴν</span> <span class='ocrx_word' id='word_1_443' title='bbox 1712 5155 1863 5226; x_wconf 70' lang='grc' dir='ltr'>γῆν,</span> <span class='ocrx_word' id='word_1_444' title='bbox 1907 5159 2007 5212; x_wconf 79' lang='grc' dir='ltr'>καὶ</span> 
     </span>
    </p>
   </div>
   <div class='ocr_carea' id='block_1_57' title="bbox 331 5238 2006 5314">
    <p class='ocr_par' dir='ltr' id='par_1_57' title="bbox 331 5238 2006 5314">
     <span class='ocr_line' id='line_1_57' title="bbox 331 5238 2006 5314; baseline 0.003 -19"><span class='ocrx_word' id='word_1_445' title='bbox 331 5238 466 5296; x_wconf 79' lang='grc' dir='ltr'>εἷπε</span> <span class='ocrx_word' id='word_1_446' title='bbox 491 5259 504 5272; x_wconf 91' lang='grc'><strong>·</strong></span> <span class='ocrx_word' id='word_1_447' title='bbox 545 5244 723 5311; x_wconf 81' lang='grc' dir='ltr'>Κύριε</span> <span class='ocrx_word' id='word_1_448' title='bbox 747 5285 762 5307; x_wconf 90' lang='grc'>,</span> <span class='ocrx_word' id='word_1_449' title='bbox 791 5246 842 5297; x_wconf 81' lang='grc' dir='ltr'>εί</span> <span class='ocrx_word' id='word_1_450' title='bbox 872 5243 987 5312; x_wconf 79' lang='grc' dir='ltr'>ἄρα</span> <span class='ocrx_word' id='word_1_451' title='bbox 1028 5239 1210 5312; x_wconf 78' lang='grc' dir='ltr'>εὖρον</span> <span class='ocrx_word' id='word_1_452' title='bbox 1242 5243 1419 5313; x_wconf 83' lang='grc' dir='ltr'>χάριν</span> <span class='ocrx_word' id='word_1_453' title='bbox 1445 5244 1722 5297; x_wconf 83' lang='grc' dir='ltr'>ἐναντίον</span> <span class='ocrx_word' id='word_1_454' title='bbox 1751 5258 1890 5309; x_wconf 82' lang='grc' dir='ltr'>σου,</span> <span class='ocrx_word' id='word_1_455' title='bbox 1919 5244 2006 5314; x_wconf 76' lang='grc' dir='ltr'>μὴ</span> 
     </span>
    </p>
   </div>
   <div class='ocr_carea' id='block_1_58' title="bbox 336 5327 2003 5399">
    <p class='ocr_par' dir='ltr' id='par_1_58' title="bbox 336 5327 2003 5399">
     <span class='ocr_line' id='line_1_58' title="bbox 336 5327 2003 5399; baseline 0.001 -17"><span class='ocrx_word' id='word_1_456' title='bbox 336 5327 640 5398; x_wconf 75' lang='grc' dir='ltr'>παρέλθῃς</span> <span class='ocrx_word' id='word_1_457' title='bbox 671 5330 779 5383; x_wconf 85' lang='grc' dir='ltr'>τὸν</span> <span class='ocrx_word' id='word_1_458' title='bbox 817 5330 1001 5384; x_wconf 83' lang='grc' dir='ltr'>παῖδά</span> <span class='ocrx_word' id='word_1_459' title='bbox 1044 5344 1183 5384; x_wconf 90' lang='grc' dir='ltr'>σου.</span> <span class='ocrx_word' id='word_1_460' title='bbox 1216 5329 1510 5399; x_wconf 69' lang='grc' dir='ltr'>Ληςρθήτω</span> <span class='ocrx_word' id='word_1_461' title='bbox 1554 5329 1632 5399; x_wconf 75' lang='grc' dir='ltr'>δὴ</span> <span class='ocrx_word' id='word_1_462' title='bbox 1667 5330 1822 5398; x_wconf 80' lang='grc' dir='ltr'>ὓδωρ</span> <span class='ocrx_word' id='word_1_463' title='bbox 1843 5370 1858 5395; x_wconf 92' lang='grc'>,</span> <span class='ocrx_word' id='word_1_464' title='bbox 1905 5331 2003 5384; x_wconf 82' lang='grc' dir='ltr'>καὶ</span> 
     </span>
    </p>
   </div>
   <div class='ocr_carea' id='block_1_59' title="bbox 332 5417 2004 5489">
    <p class='ocr_par' dir='ltr' id='par_1_59' title="bbox 332 5417 2004 5489">
     <span class='ocr_line' id='line_1_59' title="bbox 332 5417 2004 5489; baseline 0.001 -18"><span class='ocrx_word' id='word_1_465' title='bbox 332 5418 690 5485; x_wconf 79' lang='grc' dir='ltr'>νιψάτωσαν</span> <span class='ocrx_word' id='word_1_466' title='bbox 719 5419 861 5484; x_wconf 84' lang='grc' dir='ltr'>τοὺς</span> <span class='ocrx_word' id='word_1_467' title='bbox 889 5419 1080 5484; x_wconf 85' lang='grc' dir='ltr'>πόδας</span> <span class='ocrx_word' id='word_1_468' title='bbox 1105 5417 1293 5489; x_wconf 83' lang='grc' dir='ltr'>ὑμῶν,</span> <span class='ocrx_word' id='word_1_469' title='bbox 1329 5417 1430 5472; x_wconf 73' lang='grc' dir='ltr'>καί</span> <span class='ocrx_word' id='word_1_470' title='bbox 1463 5417 1848 5486; x_wconf 71' lang='grc' dir='ltr'>καταψύξατε</span> <span class='ocrx_word' id='word_1_471' title='bbox 1885 5419 2004 5472; x_wconf 87' lang='grc' dir='ltr'>ὑπὸ</span> 
     </span>
    </p>
   </div>
   <div class='ocr_carea' id='block_1_60' title="bbox 332 5502 2006 5577">
    <p class='ocr_par' dir='ltr' id='par_1_60' title="bbox 332 5502 2006 5577">
     <span class='ocr_line' id='line_1_60' title="bbox 332 5502 2006 5577; baseline 0.001 -20"><span class='ocrx_word' id='word_1_472' title='bbox 332 5505 401 5557; x_wconf 80' lang='grc' dir='ltr'>τὸ</span> <span class='ocrx_word' id='word_1_473' title='bbox 428 5502 709 5573; x_wconf 85' lang='grc' dir='ltr'>δένδρον,</span> <span class='ocrx_word' id='word_1_474' title='bbox 753 5506 854 5560; x_wconf 75' lang='grc' dir='ltr'>καὶ</span> <span class='ocrx_word' id='word_1_475' title='bbox 890 5508 1160 5577; x_wconf 73' lang='grc' dir='ltr'>λήψομαι</span> <span class='ocrx_word' id='word_1_476' title='bbox 1198 5507 1399 5575; x_wconf 80' lang='grc' dir='ltr'>ἄρτον,</span> <span class='ocrx_word' id='word_1_477' title='bbox 1435 5506 1535 5558; x_wconf 81' lang='grc' dir='ltr'>καὶ</span> <span class='ocrx_word' id='word_1_478' title='bbox 1575 5505 1868 5575; x_wconf 80' lang='grc' dir='ltr'>φάγεσθε,</span> <span class='ocrx_word' id='word_1_479' title='bbox 1908 5507 2006 5558; x_wconf 79' lang='grc' dir='ltr'>καί</span> 
     </span>
    </p>
   </div>
   <div class='ocr_carea' id='block_1_61' title="bbox 332 5589 2004 5662">
    <p class='ocr_par' dir='ltr' id='par_1_61' title="bbox 332 5589 2004 5662">
     <span class='ocr_line' id='line_1_61' title="bbox 332 5589 2004 5662; baseline 0.001 -18"><span class='ocrx_word' id='word_1_480' title='bbox 332 5591 480 5660; x_wconf 86' lang='grc' dir='ltr'>μετὰ</span> <span class='ocrx_word' id='word_1_481' title='bbox 521 5592 698 5646; x_wconf 87' lang='grc' dir='ltr'>τοῦτο</span> <span class='ocrx_word' id='word_1_482' title='bbox 742 5597 1226 5662; x_wconf 76' lang='grc' dir='ltr'>παρελεύσεσθε,</span> <span class='ocrx_word' id='word_1_483' title='bbox 1268 5589 1341 5649; x_wconf 80' lang='grc' dir='ltr'>οὗ</span> <span class='ocrx_word' id='word_1_484' title='bbox 1384 5595 1615 5648; x_wconf 79' lang='grc' dir='ltr'>εἵνεκεν</span> <span class='ocrx_word' id='word_1_485' title='bbox 1657 5593 2004 5658; x_wconf 76' lang='grc' dir='ltr'>ἐξεκλίνατε</span> 
     </span>
    </p>
   </div>
   <div class='ocr_carea' id='block_1_62' title="bbox 341 5682 2006 5757">
    <p class='ocr_par' dir='ltr' id='par_1_62' title="bbox 341 5682 2006 5757">
     <span class='ocr_line' id='line_1_62' title="bbox 341 5682 2006 5757; baseline 0 -22"><span class='ocrx_word' id='word_1_486' title='bbox 341 5683 489 5750; x_wconf 78' lang='grc' dir='ltr'>πρὸς</span> <span class='ocrx_word' id='word_1_487' title='bbox 520 5682 629 5738; x_wconf 88' lang='grc' dir='ltr'>τὸν</span> <span class='ocrx_word' id='word_1_488' title='bbox 658 5684 842 5738; x_wconf 87' lang='grc' dir='ltr'>παῖδα</span> <span class='ocrx_word' id='word_1_489' title='bbox 871 5684 1062 5753; x_wconf 79' lang='grc' dir='ltr'>ὑμῶν.</span> <span class='ocrx_word' id='word_1_490' title='bbox 1097 5685 1273 5757; x_wconf 82' lang='grc' dir='ltr'>Πολλὴ</span> <span class='ocrx_word' id='word_1_491' title='bbox 1301 5685 1410 5738; x_wconf 89' lang='grc' dir='ltr'>τῶν</span> <span class='ocrx_word' id='word_1_492' title='bbox 1453 5684 1545 5737; x_wconf 89' lang='lat'>106</span> <span class='ocrx_word' id='word_1_493' title='bbox 1592 5683 1799 5736; x_wconf 86' lang='grc' dir='ltr'>δικαίου</span> <span class='ocrx_word' id='word_1_494' title='bbox 1830 5683 2006 5753; x_wconf 78' lang='grc' dir='ltr'>ῥημά-</span> 
     </span>
    </p>
   </div>
   <div class='ocr_carea' id='block_1_63' title="bbox 399 5787 2044 5868">
    <p class='ocr_par' dir='ltr' id='par_1_63' title="bbox 399 5787 2044 5868">
     <span class='ocr_line' id='line_1_63' title="bbox 399 5787 2044 5868; baseline 0.001 -14"><span class='ocrx_word' id='word_1_495' title='bbox 399 5805 416 5826; x_wconf 84' lang='grc'><strong><em>⁸</em></strong></span> <span class='ocrx_word' id='word_1_496' title='bbox 453 5797 603 5854; x_wconf 78' lang='lat' dir='ltr'><strong>Savﬂ.</strong></span> <span class='ocrx_word' id='word_1_497' title='bbox 651 5813 706 5854; x_wconf 78' lang='grc' dir='ltr'>ει</span> <span class='ocrx_word' id='word_1_498' title='bbox 746 5815 957 5868; x_wconf 78' lang='lat' dir='ltr'><strong>quatuor</strong></span> <span class='ocrx_word' id='word_1_499' title='bbox 999 5821 1111 5856; x_wconf 81' lang='lat' dir='ltr'>mss.</span> <span class='ocrx_word' id='word_1_500' title='bbox 1147 5808 1414 5868; x_wconf 86' lang='grc' dir='ltr'>ἀκούωμεν,</span> <span class='ocrx_word' id='word_1_501' title='bbox 1449 5807 1702 5868; x_wconf 76' lang='grc' dir='ltr'>ἀγαπητοὶ,</span> <span class='ocrx_word' id='word_1_502' title='bbox 1735 5805 1815 5852; x_wconf 81' lang='grc' dir='ltr'>καὶ</span> <span class='ocrx_word' id='word_1_503' title='bbox 1863 5787 2044 5865; x_wconf 39' lang='lat'>97,0351&quot;?-</span> 
     </span>
    </p>
   </div>
   <div class='ocr_carea' id='block_1_64' title="bbox 299 5867 2007 5988">
    <p class='ocr_par' dir='ltr' id='par_1_64' title="bbox 299 5867 2007 5988">
     <span class='ocr_line' id='line_1_64' title="bbox 299 5867 2007 5988; baseline 0 -75"><span class='ocrx_word' id='word_1_504' title='bbox 299 5903 310 5913; x_wconf 86' lang='lat'><strong><em>.</em></strong></span> <span class='ocrx_word' id='word_1_505' title='bbox 337 5870 904 5988; x_wconf 55' lang='grc' dir='ltr'>ῒἷτεριεργοιζώμεθα</span> <span class='ocrx_word' id='word_1_506' title='bbox 928 5905 940 5929; x_wconf 93' lang='grc'>,</span> <span class='ocrx_word' id='word_1_507' title='bbox 974 5871 1170 5918; x_wconf 76' lang='lat' dir='ltr'>omissis</span> <span class='ocrx_word' id='word_1_508' title='bbox 1209 5867 1516 5930; x_wconf 64' lang='lat' dir='ltr'>inlcfposilis</span> <span class='ocrx_word' id='word_1_509' title='bbox 1619 5867 1647 5907; x_wconf 68' lang='grc' dir='ltr'>δ</span> <span class='ocrx_word' id='word_1_510' title='bbox 1692 5868 1890 5919; x_wconf 76' lang='lat' dir='ltr'>CoIslin.</span> <span class='ocrx_word' id='word_1_511' title='bbox 1931 5868 2007 5914; x_wconf 81' lang='grc' dir='ltr'>ἵνα</span> 
     </span>
    </p>
   </div>
   <div class='ocr_carea' id='block_1_65' title="bbox 585 6033 1215 6098">
    <p class='ocr_par' dir='ltr' id='par_1_65' title="bbox 585 6033 1215 6098">
     <span class='ocr_line' id='line_1_65' title="bbox 585 6033 1215 6098; baseline 0 -6"><span class='ocrx_word' id='word_1_512' title='bbox 585 6037 851 6096; x_wconf 72' lang='grc' dir='ltr'>ΡΔΤΒΟΙ.</span> <span class='ocrx_word' id='word_1_513' title='bbox 889 6035 1005 6093; x_wconf 80' lang='lat' dir='ltr'>Gn.</span> <span class='ocrx_word' id='word_1_514' title='bbox 1059 6033 1215 6098; x_wconf 86' lang='lat' dir='ltr'>LIII.</span> 
     </span>
    </p>
   </div>
   <div class='ocr_carea' id='block_1_66' title="bbox 3654 340 3761 397">
    <p class='ocr_par' dir='ltr' id='par_1_66' title="bbox 3654 340 3761 397">
     <span class='ocr_line' id='line_1_66' title="bbox 3654 340 3761 397; baseline 0.056 -6"><span class='ocrx_word' id='word_1_515' title='bbox 3654 340 3761 397; x_wconf 72' lang='lat'>330</span> 
     </span>
    </p>
   </div>
   <div class='ocr_carea' id='block_1_67' title="bbox 2108 446 3761 523">
    <p class='ocr_par' dir='ltr' id='par_1_67' title="bbox 2108 446 3761 523">
     <span class='ocr_line' id='line_1_67' title="bbox 2108 446 3761 523; baseline 0.01 -31"><span class='ocrx_word' id='word_1_516' title='bbox 2108 457 2214 494; x_wconf 83' lang='grc' dir='ltr'>των</span> <span class='ocrx_word' id='word_1_517' title='bbox 2243 446 2276 514; x_wconf 79' lang='grc' dir='ltr'>ὴ</span> <span class='ocrx_word' id='word_1_518' title='bbox 2309 446 2605 519; x_wconf 80' lang='grc' dir='ltr'>ὑπερϐολή.</span> <span class='ocrx_word' id='word_1_519' title='bbox 2640 451 2714 504; x_wconf 91' lang='grc' dir='ltr'>Οὐ</span> <span class='ocrx_word' id='word_1_520' title='bbox 2745 450 2874 522; x_wconf 88' lang='lat'><strong>7&amp;9,</strong></span> <span class='ocrx_word' id='word_1_521' title='bbox 2923 451 3006 505; x_wconf 83' lang='grc' dir='ltr'>ὅτι</span> <span class='ocrx_word' id='word_1_522' title='bbox 3041 451 3353 518; x_wconf 77' lang='grc' dir='ltr'>ὑπεδέξατο,</span> <span class='ocrx_word' id='word_1_523' title='bbox 3406 452 3594 523; x_wconf 81' lang='grc' dir='ltr'>θαῦμα</span> <span class='ocrx_word' id='word_1_524' title='bbox 3632 471 3761 508; x_wconf 87' lang='grc' dir='ltr'>τοσ-</span> 
     </span>
    </p>
   </div>
   <div class='ocr_carea' id='block_1_68' title="bbox 2105 529 3769 612">
    <p class='ocr_par' dir='ltr' id='par_1_68' title="bbox 2105 529 3769 612">
     <span class='ocr_line' id='line_1_68' title="bbox 2105 529 3769 612; baseline 0.01 -31"><span class='ocrx_word' id='word_1_525' title='bbox 2105 529 2260 587; x_wconf 87' lang='grc' dir='ltr'>οῦτον</span> <span class='ocrx_word' id='word_1_526' title='bbox 2283 533 2382 603; x_wconf 82' lang='grc' dir='ltr'>τῆς</span> <span class='ocrx_word' id='word_1_527' title='bbox 2410 536 2748 607; x_wconf 88' lang='grc' dir='ltr'>προθυμίας,</span> <span class='ocrx_word' id='word_1_528' title='bbox 2773 538 2888 592; x_wconf 85' lang='grc' dir='ltr'>ἀλλ’</span> <span class='ocrx_word' id='word_1_529' title='bbox 2921 540 3004 592; x_wconf 87' lang='grc' dir='ltr'>ὄτι</span> <span class='ocrx_word' id='word_1_530' title='bbox 3045 542 3184 609; x_wconf 86' lang='grc' dir='ltr'>μετά</span> <span class='ocrx_word' id='word_1_531' title='bbox 3212 540 3478 612; x_wconf 83' lang='grc' dir='ltr'>τοσαύτης</span> <span class='ocrx_word' id='word_1_532' title='bbox 3509 540 3769 612; x_wconf 77' lang='grc' dir='ltr'>σπουδῆς,</span> 
     </span>
    </p>
   </div>
   <div class='ocr_carea' id='block_1_69' title="bbox 2106 621 3772 700">
    <p class='ocr_par' dir='ltr' id='par_1_69' title="bbox 2106 621 3772 700">
     <span class='ocr_line' id='line_1_69' title="bbox 2106 621 3772 700; baseline 0.006 -28"><span class='ocrx_word' id='word_1_533' title='bbox 2106 621 2200 673; x_wconf 83' lang='grc' dir='ltr'>καὶ</span> <span class='ocrx_word' id='word_1_534' title='bbox 2238 621 2360 675; x_wconf 76' lang='grc' dir='ltr'>οὔτε</span> <span class='ocrx_word' id='word_1_535' title='bbox 2406 623 2544 695; x_wconf 75' lang='grc' dir='ltr'>πρὸς</span> <span class='ocrx_word' id='word_1_536' title='bbox 2586 623 2686 696; x_wconf 85' lang='grc' dir='ltr'>τὴν</span> <span class='ocrx_word' id='word_1_537' title='bbox 2735 626 2929 680; x_wconf 81' lang='grc' dir='ltr'>ἑαυτοῦ</span> <span class='ocrx_word' id='word_1_538' title='bbox 2963 627 3178 698; x_wconf 80' lang='grc' dir='ltr'>ἠλικίαν</span> <span class='ocrx_word' id='word_1_539' title='bbox 3203 627 3441 692; x_wconf 86' lang='grc' dir='ltr'>ἀπιδὼν,</span> <span class='ocrx_word' id='word_1_540' title='bbox 3477 627 3600 682; x_wconf 80' lang='grc' dir='ltr'>οὔτε</span> <span class='ocrx_word' id='word_1_541' title='bbox 3641 631 3772 700; x_wconf 73' lang='lat'><strong>1:90;</strong></span> 
     </span>
    </p>
   </div>
   <div class='ocr_carea' id='block_1_70' title="bbox 2103 709 3777 787">
    <p class='ocr_par' dir='ltr' id='par_1_70' title="bbox 2103 709 3777 787">
     <span class='ocr_line' id='line_1_70' title="bbox 2103 709 3777 787; baseline 0.007 -28"><span class='ocrx_word' id='word_1_542' title='bbox 2103 709 2231 772; x_wconf 84' lang='grc' dir='ltr'>τοὺς</span> <span class='ocrx_word' id='word_1_543' title='bbox 2260 710 2554 780; x_wconf 87' lang='grc' dir='ltr'>παριόντας</span> <span class='ocrx_word' id='word_1_544' title='bbox 2585 712 2604 780; x_wconf 85' lang='grc'>(</span> <span class='ocrx_word' id='word_1_545' title='bbox 2621 713 2750 776; x_wconf 87' lang='grc' dir='ltr'>ίσως</span> <span class='ocrx_word' id='word_1_546' title='bbox 2773 713 2882 786; x_wconf 84' lang='lat'>7&amp;9</span> <span class='ocrx_word' id='word_1_547' title='bbox 2906 714 3015 769; x_wconf 84' lang='grc' dir='ltr'>νέοι</span> <span class='ocrx_word' id='word_1_548' title='bbox 3040 715 3188 780; x_wconf 83' lang='grc' dir='ltr'>τινὲς</span> <span class='ocrx_word' id='word_1_549' title='bbox 3224 715 3376 787; x_wconf 84' lang='grc' dir='ltr'>αὐτῷ</span> <span class='ocrx_word' id='word_1_550' title='bbox 3424 717 3777 785; x_wconf 87' lang='grc' dir='ltr'>κατεφαίνον-</span> 
     </span>
    </p>
   </div>
   <div class='ocr_carea' id='block_1_71' title="bbox 2105 795 3778 878">
    <p class='ocr_par' dir='ltr' id='par_1_71' title="bbox 2105 795 3778 878">
     <span class='ocr_line' id='line_1_71' title="bbox 2105 795 3778 878; baseline 0.005 -31"><span class='ocrx_word' id='word_1_551' title='bbox 2105 795 2208 865; x_wconf 87' lang='lat'><strong>10).</strong></span> <span class='ocrx_word' id='word_1_552' title='bbox 2243 797 2362 850; x_wconf 87' lang='grc' dir='ltr'>οὐδὲ</span> <span class='ocrx_word' id='word_1_553' title='bbox 2390 798 2615 868; x_wconf 81' lang='grc' dir='ltr'>νομίσας</span> <span class='ocrx_word' id='word_1_554' title='bbox 2648 801 2838 872; x_wconf 87' lang='grc' dir='ltr'>ἀρκεῖν</span> <span class='ocrx_word' id='word_1_555' title='bbox 2866 801 2962 872; x_wconf 82' lang='grc' dir='ltr'>τὴν</span> <span class='ocrx_word' id='word_1_556' title='bbox 2991 801 3077 856; x_wconf 83' lang='grc' dir='ltr'>διὰ</span> <span class='ocrx_word' id='word_1_557' title='bbox 3113 801 3424 878; x_wconf 15' lang='grc' dir='ltr'>τῶννλόγων</span> <span class='ocrx_word' id='word_1_558' title='bbox 3453 802 3614 873; x_wconf 86' lang='grc' dir='ltr'>μόνον</span> <span class='ocrx_word' id='word_1_559' title='bbox 3644 820 3778 874; x_wconf 84' lang='grc' dir='ltr'>προ-</span> 
     </span>
    </p>
   </div>
   <div class='ocr_carea' id='block_1_72' title="bbox 2103 882 3778 961">
    <p class='ocr_par' dir='ltr' id='par_1_72' title="bbox 2103 882 3778 961">
     <span class='ocr_line' id='line_1_72' title="bbox 2103 882 3778 961; baseline 0.006 -28"><span class='ocrx_word' id='word_1_560' title='bbox 2103 882 2331 955; x_wconf 79' lang='grc' dir='ltr'>τροπὴν,</span> <span class='ocrx_word' id='word_1_561' title='bbox 2367 888 2817 956; x_wconf 80' lang='grc' dir='ltr'>Προσεκύνησε,</span> <span class='ocrx_word' id='word_1_562' title='bbox 2845 889 3034 960; x_wconf 84' lang='grc' dir='ltr'>φησὶν,</span> <span class='ocrx_word' id='word_1_563' title='bbox 3063 888 3164 943; x_wconf 75' lang='grc' dir='ltr'>ἐπὶ</span> <span class='ocrx_word' id='word_1_564' title='bbox 3191 889 3307 957; x_wconf 80' lang='grc' dir='ltr'>τὴν</span> <span class='ocrx_word' id='word_1_565' title='bbox 3330 889 3464 960; x_wconf 74' lang='grc' dir='ltr'>γῆν,</span> <span class='ocrx_word' id='word_1_566' title='bbox 3493 891 3778 961; x_wconf 83' lang='grc' dir='ltr'>μονονουχὶ</span> 
     </span>
    </p>
   </div>
   <div class='ocr_carea' id='block_1_73' title="bbox 2107 969 3773 1047">
    <p class='ocr_par' dir='ltr' id='par_1_73' title="bbox 2107 969 3773 1047">
     <span class='ocr_line' id='line_1_73' title="bbox 2107 969 3773 1047; baseline 0.005 -25"><span class='ocrx_word' id='word_1_567' title='bbox 2107 969 2503 1038; x_wconf 86' lang='grc' dir='ltr'>καθικετεύων,</span> <span class='ocrx_word' id='word_1_568' title='bbox 2538 974 2633 1029; x_wconf 87' lang='grc' dir='ltr'>καὶ</span> <span class='ocrx_word' id='word_1_569' title='bbox 2666 975 2906 1046; x_wconf 77' lang='grc' dir='ltr'>σφοδράν</span> <span class='ocrx_word' id='word_1_570' title='bbox 2937 975 3036 1047; x_wconf 85' lang='grc' dir='ltr'>τὴν</span> <span class='ocrx_word' id='word_1_571' title='bbox 3077 976 3421 1047; x_wconf 88' lang='grc' dir='ltr'>παράκλησιν</span> <span class='ocrx_word' id='word_1_572' title='bbox 3460 976 3773 1046; x_wconf 89' lang='grc' dir='ltr'>προσάγων,</span> 
     </span>
    </p>
   </div>
   <div class='ocr_carea' id='block_1_74' title="bbox 2106 1055 3775 1133">
    <p class='ocr_par' dir='ltr' id='par_1_74' title="bbox 2106 1055 3775 1133">
     <span class='ocr_line' id='line_1_74' title="bbox 2106 1055 3775 1133; baseline 0.005 -26"><span class='ocrx_word' id='word_1_573' title='bbox 2106 1055 2194 1110; x_wconf 88' lang='grc' dir='ltr'>ῖνα</span> <span class='ocrx_word' id='word_1_574' title='bbox 2221 1055 2373 1130; x_wconf 71' lang='grc'>[417]</span> <span class='ocrx_word' id='word_1_575' title='bbox 2398 1058 2474 1130; x_wconf 87' lang='grc' dir='ltr'>μὴ</span> <span class='ocrx_word' id='word_1_576' title='bbox 2508 1061 2735 1132; x_wconf 86' lang='grc' dir='ltr'>νομισθῇ</span> <span class='ocrx_word' id='word_1_577' title='bbox 2764 1061 2949 1126; x_wconf 85' lang='grc' dir='ltr'>ἁπλῶς</span> <span class='ocrx_word' id='word_1_578' title='bbox 2981 1060 3275 1132; x_wconf 84' lang='grc' dir='ltr'>ἀφοσιώσει</span> <span class='ocrx_word' id='word_1_579' title='bbox 3300 1071 3321 1100; x_wconf 77' lang='grc' dir='ltr'><strong>ο</strong></span> <span class='ocrx_word' id='word_1_580' title='bbox 3351 1061 3775 1133; x_wconf 88' lang='grc' dir='ltr'>προτρέπεσθαι.</span> 
     </span>
    </p>
   </div>
   <div class='ocr_carea' id='block_1_75' title="bbox 2105 1137 3777 1216">
    <p class='ocr_par' dir='ltr' id='par_1_75' title="bbox 2105 1137 3777 1216">
     <span class='ocr_line' id='line_1_75' title="bbox 2105 1137 3777 1216; baseline 0.004 -26"><span class='ocrx_word' id='word_1_581' title='bbox 2105 1137 2203 1191; x_wconf 90' lang='grc' dir='ltr'>Διά</span> <span class='ocrx_word' id='word_1_582' title='bbox 2233 1138 2296 1209; x_wconf 81' lang='grc' dir='ltr'>δὴ</span> <span class='ocrx_word' id='word_1_583' title='bbox 2332 1139 2491 1194; x_wconf 84' lang='grc' dir='ltr'>τοῦτο</span> <span class='ocrx_word' id='word_1_584' title='bbox 2542 1143 2637 1197; x_wconf 87' lang='grc' dir='ltr'>καὶ</span> <span class='ocrx_word' id='word_1_585' title='bbox 2669 1143 2702 1214; x_wconf 79' lang='grc' dir='ltr'><strong>ἡ</strong></span> <span class='ocrx_word' id='word_1_586' title='bbox 2733 1143 2853 1198; x_wconf 86' lang='grc' dir='ltr'>θεία</span> <span class='ocrx_word' id='word_1_587' title='bbox 2883 1143 3076 1216; x_wconf 86' lang='grc' dir='ltr'>Γραφὴ</span> <span class='ocrx_word' id='word_1_588' title='bbox 3107 1142 3424 1197; x_wconf 85' lang='grc' dir='ltr'>δεικνύουσα</span> <span class='ocrx_word' id='word_1_589' title='bbox 3453 1143 3546 1196; x_wconf 84' lang='grc' dir='ltr'>τοῦ</span> <span class='ocrx_word' id='word_1_590' title='bbox 3571 1142 3777 1196; x_wconf 89' lang='grc' dir='ltr'>δικαίου</span> 
     </span>
    </p>
   </div>
   <div class='ocr_carea' id='block_1_76' title="bbox 2103 1221 3780 1298">
    <p class='ocr_par' dir='ltr' id='par_1_76' title="bbox 2103 1221 3780 1298">
     <span class='ocr_line' id='line_1_76' title="bbox 2103 1221 3780 1298; baseline 0.002 -24"><span class='ocrx_word' id='word_1_591' title='bbox 2103 1221 2203 1293; x_wconf 83' lang='grc' dir='ltr'>τὴν</span> <span class='ocrx_word' id='word_1_592' title='bbox 2235 1221 2436 1293; x_wconf 88' lang='grc' dir='ltr'>πολλὴν</span> <span class='ocrx_word' id='word_1_593' title='bbox 2489 1225 2584 1279; x_wconf 86' lang='grc' dir='ltr'>καὶ</span> <span class='ocrx_word' id='word_1_594' title='bbox 2615 1226 2818 1293; x_wconf 80' lang='grc' dir='ltr'>ἄφατον</span> <span class='ocrx_word' id='word_1_595' title='bbox 2852 1225 3072 1297; x_wconf 81' lang='grc' dir='ltr'>ἀρετὴν,</span> <span class='ocrx_word' id='word_1_596' title='bbox 3117 1227 3281 1298; x_wconf 86' lang='grc' dir='ltr'>φησί·</span> <span class='ocrx_word' id='word_1_597' title='bbox 3315 1227 3780 1294; x_wconf 85' lang='grc' dir='ltr'>Προσεκύνησεν</span> 
     </span>
    </p>
   </div>
   <div class='ocr_carea' id='block_1_77' title="bbox 2104 1304 3780 1380">
    <p class='ocr_par' dir='ltr' id='par_1_77' title="bbox 2104 1304 3780 1380">
     <span class='ocr_line' id='line_1_77' title="bbox 2104 1304 3780 1380; baseline 0.003 -23"><span class='ocrx_word' id='word_1_598' title='bbox 2104 1304 2203 1358; x_wconf 82' lang='grc' dir='ltr'>ἐπὶ</span> <span class='ocrx_word' id='word_1_599' title='bbox 2231 1304 2346 1374; x_wconf 79' lang='grc' dir='ltr'>τὴν</span> <span class='ocrx_word' id='word_1_600' title='bbox 2382 1305 2520 1375; x_wconf 80' lang='grc' dir='ltr'>τῆν,</span> <span class='ocrx_word' id='word_1_601' title='bbox 2545 1307 2641 1362; x_wconf 83' lang='grc' dir='ltr'>καὶ</span> <span class='ocrx_word' id='word_1_602' title='bbox 2664 1307 2754 1361; x_wconf 82' lang='grc' dir='ltr'>διὰ</span> <span class='ocrx_word' id='word_1_603' title='bbox 2779 1306 2871 1362; x_wconf 81' lang='lat'>106</span> <span class='ocrx_word' id='word_1_604' title='bbox 2898 1311 3197 1380; x_wconf 86' lang='grc' dir='ltr'>σχήματος,</span> <span class='ocrx_word' id='word_1_605' title='bbox 3228 1309 3321 1363; x_wconf 89' lang='grc' dir='ltr'>καὶ</span> <span class='ocrx_word' id='word_1_606' title='bbox 3347 1309 3435 1363; x_wconf 85' lang='grc' dir='ltr'>διά</span> <span class='ocrx_word' id='word_1_607' title='bbox 3461 1308 3570 1361; x_wconf 88' lang='grc' dir='ltr'>τῶν</span> <span class='ocrx_word' id='word_1_608' title='bbox 3596 1307 3780 1379; x_wconf 79' lang='grc' dir='ltr'>ῥημά-</span> 
     </span>
    </p>
   </div>
   <div class='ocr_carea' id='block_1_78' title="bbox 2104 1387 3782 1461">
    <p class='ocr_par' dir='ltr' id='par_1_78' title="bbox 2104 1387 3782 1461">
     <span class='ocr_line' id='line_1_78' title="bbox 2104 1387 3782 1461; baseline 0.002 -23"><span class='ocrx_word' id='word_1_609' title='bbox 2104 1403 2212 1440; x_wconf 88' lang='grc' dir='ltr'>των</span> <span class='ocrx_word' id='word_1_610' title='bbox 2247 1387 2449 1459; x_wconf 80' lang='grc' dir='ltr'>πολλὴν</span> <span class='ocrx_word' id='word_1_611' title='bbox 2477 1387 2578 1460; x_wconf 84' lang='grc' dir='ltr'>τὴν</span> <span class='ocrx_word' id='word_1_612' title='bbox 2622 1388 2935 1461; x_wconf 85' lang='grc' dir='ltr'>θερμότητα</span> <span class='ocrx_word' id='word_1_613' title='bbox 2963 1391 3426 1461; x_wconf 80' lang='grc' dir='ltr'>ἐπιδεικνύμενος,</span> <span class='ocrx_word' id='word_1_614' title='bbox 3450 1388 3651 1460; x_wconf 78' lang='grc' dir='ltr'>πολλὴν</span> <span class='ocrx_word' id='word_1_615' title='bbox 3682 1387 3782 1460; x_wconf 78' lang='grc' dir='ltr'>τὴν</span> 
     </span>
    </p>
   </div>
   <div class='ocr_carea' id='block_1_79' title="bbox 2103 1469 3782 1544">
    <p class='ocr_par' dir='ltr' id='par_1_79' title="bbox 2103 1469 3782 1544">
     <span class='ocr_line' id='line_1_79' title="bbox 2103 1469 3782 1544; baseline 0 -22"><span class='ocrx_word' id='word_1_616' title='bbox 2103 1470 2622 1543; x_wconf 84' lang='grc' dir='ltr'>ταπεινοφροσύνην,</span> <span class='ocrx_word' id='word_1_617' title='bbox 2655 1472 2920 1543; x_wconf 92' lang='grc' dir='ltr'>μεγίστην</span> <span class='ocrx_word' id='word_1_618' title='bbox 2954 1474 3055 1544; x_wconf 87' lang='grc' dir='ltr'>τὴν</span> <span class='ocrx_word' id='word_1_619' title='bbox 3088 1473 3423 1542; x_wconf 77' lang='grc' dir='ltr'>φιλοξενίαν,</span> <span class='ocrx_word' id='word_1_620' title='bbox 3454 1473 3658 1540; x_wconf 87' lang='grc' dir='ltr'>ἄφατον</span> <span class='ocrx_word' id='word_1_621' title='bbox 3682 1469 3782 1540; x_wconf 86' lang='grc' dir='ltr'>τὴν</span> 
     </span>
    </p>
   </div>
   <div class='ocr_carea' id='block_1_80' title="bbox 2106 1551 3779 1627">
    <p class='ocr_par' dir='ltr' id='par_1_80' title="bbox 2106 1551 3779 1627">
     <span class='ocr_line' id='line_1_80' title="bbox 2106 1551 3779 1627; baseline 0.005 -22"><span class='ocrx_word' id='word_1_622' title='bbox 2106 1552 2456 1624; x_wconf 86' lang='grc' dir='ltr'>κηδεμονίαν.</span> <span class='ocrx_word' id='word_1_623' title='bbox 2509 1555 2619 1609; x_wconf 80' lang='grc' dir='ltr'>Καὶ</span> <span class='ocrx_word' id='word_1_624' title='bbox 2655 1555 3130 1623; x_wconf 83' lang='grc' dir='ltr'>προσκυνήσας,</span> <span class='ocrx_word' id='word_1_625' title='bbox 3165 1556 3350 1627; x_wconf 83' lang='grc' dir='ltr'>φησὶν,</span> <span class='ocrx_word' id='word_1_626' title='bbox 3386 1551 3546 1609; x_wconf 75' lang='grc' dir='ltr'>εἴπεο</span> <span class='ocrx_word' id='word_1_627' title='bbox 3583 1553 3779 1620; x_wconf 71' lang='grc' dir='ltr'>Κύριε,</span> 
     </span>
    </p>
   </div>
   <div class='ocr_carea' id='block_1_81' title="bbox 2104 1631 3784 1708">
    <p class='ocr_par' dir='ltr' id='par_1_81' title="bbox 2104 1631 3784 1708">
     <span class='ocr_line' id='line_1_81' title="bbox 2104 1631 3784 1708; baseline -0.001 -21"><span class='ocrx_word' id='word_1_628' title='bbox 2104 1637 2157 1688; x_wconf 84' lang='grc' dir='ltr'>ει</span> <span class='ocrx_word' id='word_1_629' title='bbox 2179 1635 2294 1702; x_wconf 79' lang='grc' dir='ltr'>ἄρα</span> <span class='ocrx_word' id='word_1_630' title='bbox 2319 1631 2503 1704; x_wconf 82' lang='grc' dir='ltr'>εὗρον</span> <span class='ocrx_word' id='word_1_631' title='bbox 2539 1636 2715 1706; x_wconf 85' lang='grc' dir='ltr'>χάριν</span> <span class='ocrx_word' id='word_1_632' title='bbox 2741 1638 3017 1692; x_wconf 80' lang='grc' dir='ltr'>ἐναντίον</span> <span class='ocrx_word' id='word_1_633' title='bbox 3051 1655 3187 1708; x_wconf 74' lang='grc' dir='ltr'>σου,</span> <span class='ocrx_word' id='word_1_634' title='bbox 3215 1638 3300 1708; x_wconf 81' lang='grc' dir='ltr'>μὴ</span> <span class='ocrx_word' id='word_1_635' title='bbox 3331 1637 3640 1705; x_wconf 65' lang='grc' dir='ltr'>παρέλθῃς</span> <span class='ocrx_word' id='word_1_636' title='bbox 3675 1633 3784 1687; x_wconf 86' lang='grc' dir='ltr'>τὸν</span> 
     </span>
    </p>
   </div>
   <div class='ocr_carea' id='block_1_82' title="bbox 2105 1715 3781 1785">
    <p class='ocr_par' dir='ltr' id='par_1_82' title="bbox 2105 1715 3781 1785">
     <span class='ocr_line' id='line_1_82' title="bbox 2105 1715 3781 1785; baseline 0 -17"><span class='ocrx_word' id='word_1_637' title='bbox 2105 1716 2288 1772; x_wconf 80' lang='grc' dir='ltr'>παῖδά</span> <span class='ocrx_word' id='word_1_638' title='bbox 2314 1732 2453 1774; x_wconf 87' lang='grc' dir='ltr'>σου.</span> <span class='ocrx_word' id='word_1_639' title='bbox 2496 1719 2562 1772; x_wconf 90' lang='grc' dir='ltr'>Τί</span> <span class='ocrx_word' id='word_1_640' title='bbox 2590 1720 2656 1774; x_wconf 83' lang='grc' dir='ltr'>ἄν</span> <span class='ocrx_word' id='word_1_641' title='bbox 2684 1737 2768 1783; x_wconf 89' lang='grc' dir='ltr'>τις</span> <span class='ocrx_word' id='word_1_642' title='bbox 2796 1719 2919 1773; x_wconf 83' lang='grc' dir='ltr'>κατ’</span> <span class='ocrx_word' id='word_1_643' title='bbox 2943 1720 3100 1785; x_wconf 81' lang='grc' dir='ltr'>ἀξίαν</span> <span class='ocrx_word' id='word_1_644' title='bbox 3125 1719 3272 1774; x_wconf 77' lang='grc' dir='ltr'>εἴποι</span> <span class='ocrx_word' id='word_1_645' title='bbox 3299 1721 3393 1774; x_wconf 87' lang='lat'>106</span> <span class='ocrx_word' id='word_1_646' title='bbox 3422 1718 3632 1773; x_wconf 89' lang='grc' dir='ltr'>δικαίου</span> <span class='ocrx_word' id='word_1_647' title='bbox 3655 1715 3781 1770; x_wconf 84' lang='grc' dir='ltr'>τού-</span> 
     </span>
    </p>
   </div>
   <div class='ocr_carea' id='block_1_83' title="bbox 2106 1800 3779 1876">
    <p class='ocr_par' dir='ltr' id='par_1_83' title="bbox 2106 1800 3779 1876">
     <span class='ocr_line' id='line_1_83' title="bbox 2106 1800 3779 1876; baseline -0.001 -25"><span class='ocrx_word' id='word_1_648' title='bbox 2106 1816 2230 1866; x_wconf 89' lang='grc' dir='ltr'>του;</span> <span class='ocrx_word' id='word_1_649' title='bbox 2257 1800 2289 1872; x_wconf 77' lang='grc' dir='ltr'>ἢ</span> <span class='ocrx_word' id='word_1_650' title='bbox 2322 1803 2441 1864; x_wconf 87' lang='grc' dir='ltr'>πῶς</span> <span class='ocrx_word' id='word_1_651' title='bbox 2463 1802 2530 1857; x_wconf 91' lang='grc' dir='ltr'>ἄν</span> <span class='ocrx_word' id='word_1_652' title='bbox 2562 1819 2645 1866; x_wconf 89' lang='grc' dir='ltr'>τις</span> <span class='ocrx_word' id='word_1_653' title='bbox 2665 1802 2826 1857; x_wconf 83' lang='grc' dir='ltr'>αὐτὸν</span> <span class='ocrx_word' id='word_1_654' title='bbox 2857 1804 3071 1876; x_wconf 92' lang='grc' dir='ltr'>μυρίοις</span> <span class='ocrx_word' id='word_1_655' title='bbox 3099 1803 3359 1874; x_wconf 86' lang='grc' dir='ltr'>στόμασιν</span> <span class='ocrx_word' id='word_1_656' title='bbox 3381 1800 3779 1872; x_wconf 86' lang='grc' dir='ltr'>ἐγκωμιάσειε;</span> 
     </span>
    </p>
   </div>
   <div class='ocr_carea' id='block_1_84' title="bbox 2106 1877 3784 1956">
    <p class='ocr_par' dir='ltr' id='par_1_84' title="bbox 2106 1877 3784 1956">
     <span class='ocr_line' id='line_1_84' title="bbox 2106 1877 3784 1956; baseline -0.001 -23"><span class='ocrx_word' id='word_1_657' title='bbox 2106 1881 2180 1934; x_wconf 83' lang='grc' dir='ltr'>Τὸ</span> <span class='ocrx_word' id='word_1_658' title='bbox 2213 1881 2312 1952; x_wconf 88' lang='grc' dir='ltr'>μέν</span> <span class='ocrx_word' id='word_1_659' title='bbox 2350 1882 2458 1956; x_wconf 86' lang='grc' dir='ltr'>γὰρ</span> <span class='ocrx_word' id='word_1_660' title='bbox 2490 1885 2687 1949; x_wconf 76' lang='grc' dir='ltr'>εἰπεῖν,</span> <span class='ocrx_word' id='word_1_661' title='bbox 2728 1885 2939 1952; x_wconf 81' lang='grc' dir='ltr'>Κύριε,</span> <span class='ocrx_word' id='word_1_662' title='bbox 2975 1883 3087 1937; x_wconf 87' lang='grc' dir='ltr'>τῶν</span> <span class='ocrx_word' id='word_1_663' title='bbox 3115 1883 3505 1954; x_wconf 85' lang='grc' dir='ltr'>ἐγχωρούντων</span> <span class='ocrx_word' id='word_1_664' title='bbox 3541 1881 3689 1935; x_wconf 85' lang='grc' dir='ltr'>ἐστί·</span> <span class='ocrx_word' id='word_1_665' title='bbox 3720 1877 3784 1932; x_wconf 79' lang='grc' dir='ltr'>τὸ</span> 
     </span>
    </p>
   </div>
   <div class='ocr_carea' id='block_1_85' title="bbox 2104 1961 3783 2038">
    <p class='ocr_par' dir='ltr' id='par_1_85' title="bbox 2104 1961 3783 2038">
     <span class='ocr_line' id='line_1_85' title="bbox 2104 1961 3783 2038; baseline -0.001 -22"><span class='ocrx_word' id='word_1_666' title='bbox 2104 1962 2162 2016; x_wconf 85' lang='grc' dir='ltr'>δὲ</span> <span class='ocrx_word' id='word_1_667' title='bbox 2208 1965 2407 2034; x_wconf 90' lang='grc' dir='ltr'>λέγειν,</span> <span class='ocrx_word' id='word_1_668' title='bbox 2455 1969 2529 2022; x_wconf 70' lang='grc' dir='ltr'>Εἰ</span> <span class='ocrx_word' id='word_1_669' title='bbox 2567 1967 2680 2036; x_wconf 79' lang='grc' dir='ltr'>ἄρα</span> <span class='ocrx_word' id='word_1_670' title='bbox 2709 1963 2891 2036; x_wconf 82' lang='grc' dir='ltr'>εὗρον</span> <span class='ocrx_word' id='word_1_671' title='bbox 2928 1967 3106 2038; x_wconf 81' lang='grc' dir='ltr'>χάριν</span> <span class='ocrx_word' id='word_1_672' title='bbox 3133 1967 3416 2022; x_wconf 77' lang='grc' dir='ltr'>ἐναντίον</span> <span class='ocrx_word' id='word_1_673' title='bbox 3442 1980 3582 2029; x_wconf 88' lang='grc' dir='ltr'>σου,</span> <span class='ocrx_word' id='word_1_674' title='bbox 3621 1961 3783 2017; x_wconf 82' lang='grc' dir='ltr'>τοῦτό</span> 
     </span>
    </p>
   </div>
   <div class='ocr_carea' id='block_1_86' title="bbox 2105 2046 3778 2122">
    <p class='ocr_par' dir='ltr' id='par_1_86' title="bbox 2105 2046 3778 2122">
     <span class='ocr_line' id='line_1_86' title="bbox 2105 2046 3778 2122; baseline -0.001 -24"><span class='ocrx_word' id='word_1_675' title='bbox 2105 2047 2224 2100; x_wconf 90' lang='grc' dir='ltr'>ἐστι</span> <span class='ocrx_word' id='word_1_676' title='bbox 2249 2048 2311 2101; x_wconf 87' lang='grc' dir='ltr'>τδ</span> <span class='ocrx_word' id='word_1_677' title='bbox 2357 2049 2678 2122; x_wconf 81' lang='grc' dir='ltr'>παράδοξον.</span> <span class='ocrx_word' id='word_1_678' title='bbox 2719 2051 2916 2122; x_wconf 85' lang='grc' dir='ltr'>Χάριν,</span> <span class='ocrx_word' id='word_1_679' title='bbox 2945 2052 3097 2120; x_wconf 87' lang='grc' dir='ltr'>φησὶ,</span> <span class='ocrx_word' id='word_1_680' title='bbox 3144 2050 3321 2114; x_wconf 86' lang='grc' dir='ltr'>δίδως,</span> <span class='ocrx_word' id='word_1_681' title='bbox 3356 2049 3419 2103; x_wconf 93' lang='grc' dir='ltr'>οὐ</span> <span class='ocrx_word' id='word_1_682' title='bbox 3464 2046 3778 2118; x_wconf 86' lang='grc' dir='ltr'>λαμϐάνεις.</span> 
     </span>
    </p>
   </div>
   <div class='ocr_carea' id='block_1_87' title="bbox 2106 2127 3780 2204">
    <p class='ocr_par' dir='ltr' id='par_1_87' title="bbox 2106 2127 3780 2204">
     <span class='ocr_line' id='line_1_87' title="bbox 2106 2127 3780 2204; baseline 0 -24"><span class='ocrx_word' id='word_1_683' title='bbox 2106 2128 2360 2183; x_wconf 83' lang='grc' dir='ltr'>Τοιοῦτον</span> <span class='ocrx_word' id='word_1_684' title='bbox 2388 2133 2496 2203; x_wconf 84' lang='lat'>7&amp;9</span> <span class='ocrx_word' id='word_1_685' title='bbox 2531 2131 2750 2203; x_wconf 88' lang='grc' dir='ltr'>άληθῶς</span> <span class='ocrx_word' id='word_1_686' title='bbox 2785 2134 2819 2204; x_wconf 80' lang='grc' dir='ltr'>ὴ</span> <span class='ocrx_word' id='word_1_687' title='bbox 2867 2132 3163 2202; x_wconf 77' lang='grc' dir='ltr'>φιλοξενία⁸</span> <span class='ocrx_word' id='word_1_688' title='bbox 3197 2133 3396 2202; x_wconf 79' lang='grc' dir='ltr'>μᾶλλον</span> <span class='ocrx_word' id='word_1_689' title='bbox 3428 2129 3716 2200; x_wconf 88' lang='grc' dir='ltr'>λαμϐάνει,</span> <span class='ocrx_word' id='word_1_690' title='bbox 3746 2127 3780 2196; x_wconf 79' lang='grc' dir='ltr'>ἢ</span> 
     </span>
    </p>
   </div>
   <div class='ocr_carea' id='block_1_88' title="bbox 2104 2207 3784 2286">
    <p class='ocr_par' dir='ltr' id='par_1_88' title="bbox 2104 2207 3784 2286">
     <span class='ocr_line' id='line_1_88' title="bbox 2104 2207 3784 2286; baseline -0.002 -20"><span class='ocrx_word' id='word_1_691' title='bbox 2104 2211 2321 2267; x_wconf 85' lang='grc' dir='ltr'>δίδωσιν</span> <span class='ocrx_word' id='word_1_692' title='bbox 2354 2214 2384 2268; x_wconf 90' lang='lat'>0</span> <span class='ocrx_word' id='word_1_693' title='bbox 2411 2213 2552 2284; x_wconf 85' lang='grc' dir='ltr'>μετά</span> <span class='ocrx_word' id='word_1_694' title='bbox 2584 2214 2891 2286; x_wconf 88' lang='grc' dir='ltr'>προθυμίας</span> <span class='ocrx_word' id='word_1_695' title='bbox 2923 2215 3092 2285; x_wconf 87' lang='grc' dir='ltr'>αὐτὴν</span> <span class='ocrx_word' id='word_1_696' title='bbox 3117 2213 3578 2284; x_wconf 85' lang='grc' dir='ltr'>ἐπιδεικνύμενος.</span> <span class='ocrx_word' id='word_1_697' title='bbox 3620 2207 3784 2263; x_wconf 78' lang='grc' dir='ltr'>Ἀλλά</span> 
     </span>
    </p>
   </div>
   <div class='ocr_carea' id='block_1_89' title="bbox 2107 2292 3782 2368">
    <p class='ocr_par' dir='ltr' id='par_1_89' title="bbox 2107 2292 3782 2368">
     <span class='ocr_line' id='line_1_89' title="bbox 2107 2292 3782 2368; baseline -0.005 -16"><span class='ocrx_word' id='word_1_698' title='bbox 2107 2295 2297 2367; x_wconf 84' lang='grc' dir='ltr'>μηδεὶς</span> <span class='ocrx_word' id='word_1_699' title='bbox 2337 2297 2446 2353; x_wconf 88' lang='grc' dir='ltr'>τῶν</span> <span class='ocrx_word' id='word_1_700' title='bbox 2473 2298 2644 2353; x_wconf 82' lang='grc' dir='ltr'>ταῦτα</span> <span class='ocrx_word' id='word_1_701' title='bbox 2681 2299 2984 2353; x_wconf 85' lang='grc' dir='ltr'>ἀκουόντων</span> <span class='ocrx_word' id='word_1_702' title='bbox 3015 2296 3403 2368; x_wconf 89' lang='grc' dir='ltr'>ὐποτεμνέσθω</span> <span class='ocrx_word' id='word_1_703' title='bbox 3449 2294 3544 2349; x_wconf 85' lang='lat'>106</span> <span class='ocrx_word' id='word_1_704' title='bbox 3570 2292 3782 2348; x_wconf 89' lang='grc' dir='ltr'>δικαίου</span> 
     </span>
    </p>
   </div>
   <div class='ocr_carea' id='block_1_90' title="bbox 2103 2376 3782 2452">
    <p class='ocr_par' dir='ltr' id='par_1_90' title="bbox 2103 2376 3782 2452">
     <span class='ocr_line' id='line_1_90' title="bbox 2103 2376 3782 2452; baseline -0.001 -22"><span class='ocrx_word' id='word_1_705' title='bbox 2103 2376 2203 2449; x_wconf 81' lang='grc' dir='ltr'>τὴν</span> <span class='ocrx_word' id='word_1_706' title='bbox 2231 2378 2452 2451; x_wconf 84' lang='grc' dir='ltr'>ἀρετὴν,</span> <span class='ocrx_word' id='word_1_707' title='bbox 2481 2380 2577 2435; x_wconf 87' lang='grc' dir='ltr'>καὶ</span> <span class='ocrx_word' id='word_1_708' title='bbox 2597 2379 2888 2452; x_wconf 81' lang='grc' dir='ltr'>νομιζέτω,</span> <span class='ocrx_word' id='word_1_709' title='bbox 2919 2381 2998 2434; x_wconf 81' lang='grc' dir='ltr'>ὅτι</span> <span class='ocrx_word' id='word_1_710' title='bbox 3028 2380 3184 2444; x_wconf 82' lang='grc' dir='ltr'>εἰδὼς</span> <span class='ocrx_word' id='word_1_711' title='bbox 3203 2379 3347 2442; x_wconf 85' lang='grc' dir='ltr'>τίνες</span> <span class='ocrx_word' id='word_1_712' title='bbox 3391 2379 3439 2432; x_wconf 86' lang='grc' dir='ltr'>οί</span> <span class='ocrx_word' id='word_1_713' title='bbox 3470 2390 3782 2448; x_wconf 78' lang='grc' dir='ltr'>παραγεγοο</span> 
     </span>
    </p>
   </div>
   <div class='ocr_carea' id='block_1_91' title="bbox 2106 2457 3784 2532">
    <p class='ocr_par' dir='ltr' id='par_1_91' title="bbox 2106 2457 3784 2532">
     <span class='ocr_line' id='line_1_91' title="bbox 2106 2457 3784 2532; baseline -0.001 -20"><span class='ocrx_word' id='word_1_714' title='bbox 2106 2459 2280 2527; x_wconf 89' lang='grc' dir='ltr'>νότες,</span> <span class='ocrx_word' id='word_1_715' title='bbox 2294 2461 2469 2515; x_wconf 81' lang='grc' dir='ltr'>ταῦτα</span> <span class='ocrx_word' id='word_1_716' title='bbox 2483 2463 2802 2532; x_wconf 83' lang='grc' dir='ltr'>ἐφθέγγετο.</span> <span class='ocrx_word' id='word_1_717' title='bbox 2819 2463 2955 2516; x_wconf 81' lang='grc' dir='ltr'>Οὐδὲ</span> <span class='ocrx_word' id='word_1_718' title='bbox 2976 2462 3084 2532; x_wconf 84' lang='grc' dir='ltr'>γὰρ</span> <span class='ocrx_word' id='word_1_719' title='bbox 3101 2464 3186 2526; x_wconf 83' lang='grc' dir='ltr'>ἂν,</span> <span class='ocrx_word' id='word_1_720' title='bbox 3205 2461 3386 2525; x_wconf 84' lang='grc' dir='ltr'>καθὼς</span> <span class='ocrx_word' id='word_1_721' title='bbox 3410 2460 3506 2514; x_wconf 88' lang='grc' dir='ltr'>καὶ</span> <span class='ocrx_word' id='word_1_722' title='bbox 3522 2457 3784 2519; x_wconf 90' lang='grc' dir='ltr'>πολλάκις</span> 
     </span>
    </p>
   </div>
   <div class='ocr_carea' id='block_1_92' title="bbox 2107 2539 3784 2617">
    <p class='ocr_par' dir='ltr' id='par_1_92' title="bbox 2107 2539 3784 2617">
     <span class='ocr_line' id='line_1_92' title="bbox 2107 2539 3784 2617; baseline -0.002 -21"><span class='ocrx_word' id='word_1_723' title='bbox 2107 2544 2340 2616; x_wconf 75' lang='grc' dir='ltr'>εἴρηται,</span> <span class='ocrx_word' id='word_1_724' title='bbox 2363 2545 2508 2617; x_wconf 86' lang='grc' dir='ltr'>μέγα</span> <span class='ocrx_word' id='word_1_725' title='bbox 2520 2563 2574 2599; x_wconf 92' lang='grc' dir='ltr'>τι</span> <span class='ocrx_word' id='word_1_726' title='bbox 2589 2545 2746 2598; x_wconf 80' lang='grc' dir='ltr'>τοῦτο</span> <span class='ocrx_word' id='word_1_727' title='bbox 2769 2541 2859 2616; x_wconf 86' lang='grc' dir='ltr'>ἦν,</span> <span class='ocrx_word' id='word_1_728' title='bbox 2880 2547 2928 2598; x_wconf 87' lang='grc' dir='ltr'>εί</span> <span class='ocrx_word' id='word_1_729' title='bbox 2963 2544 3118 2608; x_wconf 74' lang='grc' dir='ltr'>εἰδὼς</span> <span class='ocrx_word' id='word_1_730' title='bbox 3134 2543 3306 2599; x_wconf 81' lang='grc' dir='ltr'>ταῦτα</span> <span class='ocrx_word' id='word_1_731' title='bbox 3348 2543 3549 2611; x_wconf 82' lang='grc' dir='ltr'>έλεγεν⁶</span> <span class='ocrx_word' id='word_1_732' title='bbox 3566 2540 3704 2596; x_wconf 81' lang='grc' dir='ltr'>ἀλλὰ</span> <span class='ocrx_word' id='word_1_733' title='bbox 3723 2539 3784 2593; x_wconf 81' lang='lat'>10</span> 
     </span>
    </p>
   </div>
   <div class='ocr_carea' id='block_1_93' title="bbox 2107 2621 3784 2701">
    <p class='ocr_par' dir='ltr' id='par_1_93' title="bbox 2107 2621 3784 2701">
     <span class='ocr_line' id='line_1_93' title="bbox 2107 2621 3784 2701; baseline -0.004 -21"><span class='ocrx_word' id='word_1_734' title='bbox 2107 2627 2419 2698; x_wconf 83' lang='grc' dir='ltr'>θαυμαστὸν</span> <span class='ocrx_word' id='word_1_735' title='bbox 2442 2627 2536 2681; x_wconf 87' lang='grc' dir='ltr'>καὶ</span> <span class='ocrx_word' id='word_1_736' title='bbox 2552 2628 2858 2701; x_wconf 81' lang='grc' dir='ltr'>παράδοξον</span> <span class='ocrx_word' id='word_1_737' title='bbox 2873 2628 3035 2682; x_wconf 80' lang='grc' dir='ltr'>τοῦτό</span> <span class='ocrx_word' id='word_1_738' title='bbox 3069 2630 3238 2691; x_wconf 86' lang='grc' dir='ltr'>ἐστιν,</span> <span class='ocrx_word' id='word_1_739' title='bbox 3269 2627 3350 2680; x_wconf 84' lang='grc' dir='ltr'>δτι</span> <span class='ocrx_word' id='word_1_740' title='bbox 3380 2625 3454 2689; x_wconf 85' lang='grc' dir='ltr'>ὡς</span> <span class='ocrx_word' id='word_1_741' title='bbox 3475 2621 3784 2695; x_wconf 75' lang='grc' dir='ltr'>ἀνθρώποις</span> 
     </span>
    </p>
   </div>
   <div class='ocr_carea' id='block_1_94' title="bbox 2107 2705 3786 2781">
    <p class='ocr_par' dir='ltr' id='par_1_94' title="bbox 2107 2705 3786 2781">
     <span class='ocr_line' id='line_1_94' title="bbox 2107 2705 3786 2781; baseline -0.003 -19"><span class='ocrx_word' id='word_1_742' title='bbox 2107 2710 2586 2781; x_wconf 84' lang='grc' dir='ltr'>προσφερόμενος,</span> <span class='ocrx_word' id='word_1_743' title='bbox 2622 2711 2847 2764; x_wconf 82' lang='grc' dir='ltr'>τοιαῦτα</span> <span class='ocrx_word' id='word_1_744' title='bbox 2890 2709 3186 2780; x_wconf 83' lang='grc' dir='ltr'>ἐφθέγγετο</span> <span class='ocrx_word' id='word_1_745' title='bbox 3237 2709 3478 2779; x_wconf 74' lang='grc' dir='ltr'>ῥήματα.</span> <span class='ocrx_word' id='word_1_746' title='bbox 3524 2705 3617 2777; x_wconf 82' lang='grc' dir='ltr'>Μὴ</span> <span class='ocrx_word' id='word_1_747' title='bbox 3661 2705 3786 2759; x_wconf 75' lang='grc' dir='ltr'>θαυο</span> 
     </span>
    </p>
   </div>
   <div class='ocr_carea' id='block_1_95' title="bbox 2108 2787 3787 2864">
    <p class='ocr_par' dir='ltr' id='par_1_95' title="bbox 2108 2787 3787 2864">
     <span class='ocr_line' id='line_1_95' title="bbox 2108 2787 3787 2864; baseline -0.004 -18"><span class='ocrx_word' id='word_1_748' title='bbox 2108 2793 2287 2863; x_wconf 82' lang='grc' dir='ltr'>μάσῃς</span> <span class='ocrx_word' id='word_1_749' title='bbox 2315 2793 2371 2846; x_wconf 84' lang='grc' dir='ltr'>δὲ</span> <span class='ocrx_word' id='word_1_750' title='bbox 2403 2795 2451 2846; x_wconf 85' lang='grc' dir='ltr'>εί</span> <span class='ocrx_word' id='word_1_751' title='bbox 2496 2792 2665 2864; x_wconf 84' lang='grc' dir='ltr'>τριῶν</span> <span class='ocrx_word' id='word_1_752' title='bbox 2708 2793 2876 2846; x_wconf 77' lang='grc' dir='ltr'>όντων</span> <span class='ocrx_word' id='word_1_753' title='bbox 2918 2792 3027 2845; x_wconf 90' lang='grc' dir='ltr'>τῶν</span> <span class='ocrx_word' id='word_1_754' title='bbox 3073 2791 3482 2861; x_wconf 86' lang='grc' dir='ltr'>ὑποδεχομένων</span> <span class='ocrx_word' id='word_1_755' title='bbox 3528 2790 3604 2852; x_wconf 85' lang='grc' dir='ltr'>ὡς</span> <span class='ocrx_word' id='word_1_756' title='bbox 3649 2787 3787 2860; x_wconf 82' lang='grc' dir='ltr'>πρὸς</span> 
     </span>
    </p>
   </div>
   <div class='ocr_carea' id='block_1_96' title="bbox 2103 2870 3786 2945">
    <p class='ocr_par' dir='ltr' id='par_1_96' title="bbox 2103 2870 3786 2945">
     <span class='ocr_line' id='line_1_96' title="bbox 2103 2870 3786 2945; baseline -0.004 -17"><span class='ocrx_word' id='word_1_757' title='bbox 2103 2875 2200 2928; x_wconf 73' lang='grc' dir='ltr'>ἕνα</span> <span class='ocrx_word' id='word_1_758' title='bbox 2234 2874 2650 2945; x_wconf 87' lang='grc' dir='ltr'>προτεινόμενος</span> <span class='ocrx_word' id='word_1_759' title='bbox 2697 2877 2726 2928; x_wconf 94' lang='lat'>0</span> <span class='ocrx_word' id='word_1_760' title='bbox 2773 2876 2981 2939; x_wconf 89' lang='grc' dir='ltr'>δίκαιος</span> <span class='ocrx_word' id='word_1_761' title='bbox 3025 2873 3195 2943; x_wconf 89' lang='grc' dir='ltr'>λέγει,</span> <span class='ocrx_word' id='word_1_762' title='bbox 3235 2873 3429 2944; x_wconf 79' lang='grc' dir='ltr'>Κύριε.</span> <span class='ocrx_word' id='word_1_763' title='bbox 3470 2873 3631 2934; x_wconf 85' lang='grc' dir='ltr'>Ἴσως</span> <span class='ocrx_word' id='word_1_764' title='bbox 3675 2870 3786 2942; x_wconf 90' lang='lat'>7&amp;9</span> 
     </span>
    </p>
   </div>
   <div class='ocr_carea' id='block_1_97' title="bbox 2104 2953 3785 3028">
    <p class='ocr_par' dir='ltr' id='par_1_97' title="bbox 2104 2953 3785 3028">
     <span class='ocr_line' id='line_1_97' title="bbox 2104 2953 3785 3028; baseline -0.003 -20"><span class='ocrx_word' id='word_1_765' title='bbox 2104 2955 2478 3028; x_wconf 80' lang='grc' dir='ltr'>ἐπιδοξότερός</span> <span class='ocrx_word' id='word_1_766' title='bbox 2499 2974 2584 3021; x_wconf 86' lang='grc' dir='ltr'>τις</span> <span class='ocrx_word' id='word_1_767' title='bbox 2605 2957 2714 3010; x_wconf 90' lang='grc' dir='ltr'>τῶν</span> <span class='ocrx_word' id='word_1_768' title='bbox 2743 2956 3013 3010; x_wconf 78' lang='grc' dir='ltr'>ἐλθόντων</span> <span class='ocrx_word' id='word_1_769' title='bbox 3050 2956 3242 3026; x_wconf 83' lang='grc' dir='ltr'>ἐφάνη,</span> <span class='ocrx_word' id='word_1_770' title='bbox 3280 2955 3416 3025; x_wconf 81' lang='grc' dir='ltr'>πρὸς</span> <span class='ocrx_word' id='word_1_771' title='bbox 3447 2953 3506 3006; x_wconf 84' lang='grc' dir='ltr'>ὃν</span> <span class='ocrx_word' id='word_1_772' title='bbox 3545 2954 3785 3005; x_wconf 86' lang='grc' dir='ltr'>ποιεῖται</span> 
     </span>
    </p>
   </div>
   <div class='ocr_carea' id='block_1_98' title="bbox 2105 3035 3782 3112">
    <p class='ocr_par' dir='ltr' id='par_1_98' title="bbox 2105 3035 3782 3112">
     <span class='ocr_line' id='line_1_98' title="bbox 2105 3035 3782 3112; baseline -0.003 -21"><span class='ocrx_word' id='word_1_773' title='bbox 2105 3039 2200 3091; x_wconf 82' lang='grc' dir='ltr'>καὶ</span> <span class='ocrx_word' id='word_1_774' title='bbox 2232 3039 2330 3110; x_wconf 82' lang='grc' dir='ltr'>τὴν</span> <span class='ocrx_word' id='word_1_775' title='bbox 2364 3039 2732 3112; x_wconf 87' lang='grc' dir='ltr'>παράκλησιν.</span> <span class='ocrx_word' id='word_1_776' title='bbox 2763 3035 2896 3092; x_wconf 78' lang='grc' dir='ltr'>Εἶτα</span> <span class='ocrx_word' id='word_1_777' title='bbox 2924 3036 3130 3109; x_wconf 87' lang='grc' dir='ltr'>προῖὼν</span> <span class='ocrx_word' id='word_1_778' title='bbox 3153 3039 3446 3091; x_wconf 81' lang='grc' dir='ltr'>κοινοποιεῖ</span> <span class='ocrx_word' id='word_1_779' title='bbox 3483 3035 3574 3088; x_wconf 82' lang='grc' dir='ltr'>τὸν</span> <span class='ocrx_word' id='word_1_780' title='bbox 3603 3035 3782 3102; x_wconf 85' lang='grc' dir='ltr'>λόγον,</span> 
     </span>
    </p>
   </div>
   <div class='ocr_carea' id='block_1_99' title="bbox 2105 3118 3787 3193">
    <p class='ocr_par' dir='ltr' id='par_1_99' title="bbox 2105 3118 3787 3193">
     <span class='ocr_line' id='line_1_99' title="bbox 2105 3118 3787 3193; baseline -0.001 -19"><span class='ocrx_word' id='word_1_781' title='bbox 2105 3123 2198 3176; x_wconf 91' lang='grc' dir='ltr'>καί</span> <span class='ocrx_word' id='word_1_782' title='bbox 2228 3139 2395 3193; x_wconf 89' lang='grc' dir='ltr'>φησι·</span> <span class='ocrx_word' id='word_1_783' title='bbox 2426 3122 2719 3192; x_wconf 79' lang='grc' dir='ltr'>Ληςρθήτω</span> <span class='ocrx_word' id='word_1_784' title='bbox 2766 3121 2843 3191; x_wconf 80' lang='grc' dir='ltr'>δὴ</span> <span class='ocrx_word' id='word_1_785' title='bbox 2873 3121 3051 3190; x_wconf 83' lang='grc' dir='ltr'>ὕδωρ,</span> <span class='ocrx_word' id='word_1_786' title='bbox 3109 3120 3208 3174; x_wconf 76' lang='grc' dir='ltr'>καὶ</span> <span class='ocrx_word' id='word_1_787' title='bbox 3261 3118 3615 3188; x_wconf 72' lang='grc' dir='ltr'>νιψάτωσαν</span> <span class='ocrx_word' id='word_1_788' title='bbox 3642 3118 3787 3185; x_wconf 84' lang='grc' dir='ltr'>τοὺς</span> 
     </span>
    </p>
   </div>
   <div class='ocr_carea' id='block_1_100' title="bbox 2106 3199 3784 3274">
    <p class='ocr_par' dir='ltr' id='par_1_100' title="bbox 2106 3199 3784 3274">
     <span class='ocr_line' id='line_1_100' title="bbox 2106 3199 3784 3274; baseline -0.002 -19"><span class='ocrx_word' id='word_1_789' title='bbox 2106 3204 2297 3268; x_wconf 86' lang='grc' dir='ltr'>πόδας</span> <span class='ocrx_word' id='word_1_790' title='bbox 2328 3203 2527 3274; x_wconf 81' lang='grc' dir='ltr'>ὑμῶν·</span> <span class='ocrx_word' id='word_1_791' title='bbox 2563 3203 2658 3258; x_wconf 85' lang='grc' dir='ltr'>καὶ</span> <span class='ocrx_word' id='word_1_792' title='bbox 2703 3203 2884 3268; x_wconf 91' lang='grc' dir='ltr'>πάλιν,</span> <span class='ocrx_word' id='word_1_793' title='bbox 2936 3201 3333 3270; x_wconf 66' lang='grc' dir='ltr'>Καταψύξατε</span> <span class='ocrx_word' id='word_1_794' title='bbox 3371 3199 3491 3254; x_wconf 81' lang='grc' dir='ltr'>ὐπὸ</span> <span class='ocrx_word' id='word_1_795' title='bbox 3523 3199 3590 3253; x_wconf 86' lang='grc' dir='ltr'>τὸ</span> <span class='ocrx_word' id='word_1_796' title='bbox 3649 3199 3784 3253; x_wconf 81' lang='grc' dir='ltr'>δέν-</span> 
     </span>
    </p>
   </div>
   <div class='ocr_carea' id='block_1_101' title="bbox 2105 3281 3784 3356">
    <p class='ocr_par' dir='ltr' id='par_1_101' title="bbox 2105 3281 3784 3356">
     <span class='ocr_line' id='line_1_101' title="bbox 2105 3281 3784 3356; baseline -0.003 -17"><span class='ocrx_word' id='word_1_797' title='bbox 2105 3285 2270 3354; x_wconf 88' lang='grc' dir='ltr'>δρον,</span> <span class='ocrx_word' id='word_1_798' title='bbox 2301 3286 2398 3340; x_wconf 78' lang='grc' dir='ltr'>καὶ</span> <span class='ocrx_word' id='word_1_799' title='bbox 2423 3285 2687 3356; x_wconf 70' lang='grc' dir='ltr'>φάγεσθε</span> <span class='ocrx_word' id='word_1_800' title='bbox 2719 3285 2919 3353; x_wconf 77' lang='grc' dir='ltr'>ἄρτον,</span> <span class='ocrx_word' id='word_1_801' title='bbox 2946 3284 3044 3338; x_wconf 75' lang='grc' dir='ltr'>καὶ</span> <span class='ocrx_word' id='word_1_802' title='bbox 3071 3282 3224 3352; x_wconf 84' lang='grc' dir='ltr'>μετὰ</span> <span class='ocrx_word' id='word_1_803' title='bbox 3269 3281 3444 3336; x_wconf 78' lang='grc' dir='ltr'>τοῦτο</span> <span class='ocrx_word' id='word_1_804' title='bbox 3490 3281 3784 3350; x_wconf 72' lang='grc' dir='ltr'>παρελεύ-</span> 
     </span>
    </p>
   </div>
   <div class='ocr_carea' id='block_1_102' title="bbox 2105 3363 3782 3435">
    <p class='ocr_par' dir='ltr' id='par_1_102' title="bbox 2105 3363 3782 3435">
     <span class='ocr_line' id='line_1_102' title="bbox 2105 3363 3782 3435; baseline -0.002 -13"><span class='ocrx_word' id='word_1_805' title='bbox 2105 3372 2310 3435; x_wconf 86' lang='grc' dir='ltr'>σεσθε,</span> <span class='ocrx_word' id='word_1_806' title='bbox 2343 3365 2414 3425; x_wconf 87' lang='grc' dir='ltr'>οὗ</span> <span class='ocrx_word' id='word_1_807' title='bbox 2445 3369 2677 3424; x_wconf 81' lang='grc' dir='ltr'>εἵνεκεν</span> <span class='ocrx_word' id='word_1_808' title='bbox 2705 3368 3054 3433; x_wconf 78' lang='grc' dir='ltr'>ὲξεκλίνατε</span> <span class='ocrx_word' id='word_1_809' title='bbox 3075 3364 3225 3434; x_wconf 78' lang='grc' dir='ltr'>πρὸς</span> <span class='ocrx_word' id='word_1_810' title='bbox 3261 3363 3368 3418; x_wconf 86' lang='grc' dir='ltr'>τὸν</span> <span class='ocrx_word' id='word_1_811' title='bbox 3389 3363 3571 3417; x_wconf 83' lang='grc' dir='ltr'>παῖδα</span> <span class='ocrx_word' id='word_1_812' title='bbox 3596 3363 3782 3434; x_wconf 82' lang='grc' dir='ltr'>ὑμῶν.</span> 
     </span>
    </p>
   </div>
   <div class='ocr_carea' id='block_1_103' title="bbox 2119 3447 3784 3522">
    <p class='ocr_par' dir='ltr' id='par_1_103' title="bbox 2119 3447 3784 3522">
     <span class='ocr_line' id='line_1_103' title="bbox 2119 3447 3784 3522; baseline -0.003 -19"><span class='ocrx_word' id='word_1_813' title='bbox 2119 3450 2280 3522; x_wconf 85' lang='grc' dir='ltr'>Ὁρᾷς</span> <span class='ocrx_word' id='word_1_814' title='bbox 2340 3452 2456 3516; x_wconf 87' lang='grc' dir='ltr'>πῶς</span> <span class='ocrx_word' id='word_1_815' title='bbox 2488 3451 2589 3506; x_wconf 87' lang='grc' dir='ltr'>οὐκ</span> <span class='ocrx_word' id='word_1_816' title='bbox 2638 3449 2791 3514; x_wconf 87' lang='grc' dir='ltr'>είδὼς</span> <span class='ocrx_word' id='word_1_817' title='bbox 2827 3450 2970 3512; x_wconf 89' lang='grc' dir='ltr'>τίνες</span> <span class='ocrx_word' id='word_1_818' title='bbox 3008 3450 3133 3514; x_wconf 88' lang='grc' dir='ltr'>είσὶ,</span> <span class='ocrx_word' id='word_1_819' title='bbox 3169 3447 3421 3518; x_wconf 89' lang='grc' dir='ltr'>καθάπερ</span> <span class='ocrx_word' id='word_1_820' title='bbox 3477 3447 3784 3518; x_wconf 79' lang='grc' dir='ltr'>ἀνθρώποις</span> 
     </span>
    </p>
   </div>
   <div class='ocr_carea' id='block_1_104' title="bbox 2105 3529 3784 3605">
    <p class='ocr_par' dir='ltr' id='par_1_104' title="bbox 2105 3529 3784 3605">
     <span class='ocr_line' id='line_1_104' title="bbox 2105 3529 3784 3605; baseline -0.002 -19"><span class='ocrx_word' id='word_1_821' title='bbox 2105 3533 2483 3604; x_wconf 88' lang='grc' dir='ltr'>διαλεγόμενος</span> <span class='ocrx_word' id='word_1_822' title='bbox 2512 3534 2824 3605; x_wconf 82' lang='grc' dir='ltr'>παριοῦσιν,</span> <span class='ocrx_word' id='word_1_823' title='bbox 2843 3531 2986 3586; x_wconf 75' lang='grc' dir='ltr'>οὕτω</span> <span class='ocrx_word' id='word_1_824' title='bbox 3011 3530 3195 3601; x_wconf 87' lang='grc' dir='ltr'>κοινὴν</span> <span class='ocrx_word' id='word_1_825' title='bbox 3217 3529 3353 3602; x_wconf 78' lang='grc' dir='ltr'>πρὸς</span> <span class='ocrx_word' id='word_1_826' title='bbox 3382 3530 3580 3592; x_wconf 80' lang='grc' dir='ltr'>αὐτοὺς</span> <span class='ocrx_word' id='word_1_827' title='bbox 3611 3531 3784 3582; x_wconf 84' lang='grc' dir='ltr'>ποιεῖ-</span> 
     </span>
    </p>
   </div>
   <div class='ocr_carea' id='block_1_105' title="bbox 2105 3613 3780 3689">
    <p class='ocr_par' dir='ltr' id='par_1_105' title="bbox 2105 3613 3780 3689">
     <span class='ocr_line' id='line_1_105' title="bbox 2105 3613 3780 3689; baseline -0.002 -19"><span class='ocrx_word' id='word_1_828' title='bbox 2105 3634 2195 3670; x_wconf 91' lang='grc' dir='ltr'>ται</span> <span class='ocrx_word' id='word_1_829' title='bbox 2236 3616 2337 3689; x_wconf 87' lang='grc' dir='ltr'>τὴν</span> <span class='ocrx_word' id='word_1_830' title='bbox 2367 3616 2702 3688; x_wconf 83' lang='grc' dir='ltr'>προτροπὴν,</span> <span class='ocrx_word' id='word_1_831' title='bbox 2746 3614 2843 3668; x_wconf 89' lang='grc' dir='ltr'>καὶ</span> <span class='ocrx_word' id='word_1_832' title='bbox 2875 3613 3024 3678; x_wconf 73' lang='grc' dir='ltr'>ἅπαξ</span> <span class='ocrx_word' id='word_1_833' title='bbox 3053 3614 3148 3668; x_wconf 85' lang='grc' dir='ltr'>καὶ</span> <span class='ocrx_word' id='word_1_834' title='bbox 3172 3613 3422 3684; x_wconf 88' lang='grc' dir='ltr'>δεύτερον</span> <span class='ocrx_word' id='word_1_835' title='bbox 3453 3613 3619 3666; x_wconf 77' lang='grc' dir='ltr'>παῖδα</span> <span class='ocrx_word' id='word_1_836' title='bbox 3652 3614 3780 3666; x_wconf 78' lang='grc' dir='ltr'>ἑαυ-</span> 
     </span>
    </p>
   </div>
   <div class='ocr_carea' id='block_1_106' title="bbox 2106 3693 3801 3769">
    <p class='ocr_par' dir='ltr' id='par_1_106' title="bbox 2106 3693 3801 3769">
     <span class='ocr_line' id='line_1_106' title="bbox 2106 3693 3801 3769; baseline -0.003 -18"><span class='ocrx_word' id='word_1_837' title='bbox 2106 3698 2197 3751; x_wconf 74' lang='grc' dir='ltr'>τὸν</span> <span class='ocrx_word' id='word_1_838' title='bbox 2219 3698 2438 3766; x_wconf 86' lang='grc' dir='ltr'>καλῶν;</span> <span class='ocrx_word' id='word_1_839' title='bbox 2470 3699 2580 3752; x_wconf 84' lang='grc' dir='ltr'>Καὶ</span> <span class='ocrx_word' id='word_1_840' title='bbox 2603 3699 2704 3769; x_wconf 81' lang='grc' dir='ltr'>δρα</span> <span class='ocrx_word' id='word_1_841' title='bbox 2734 3698 2852 3761; x_wconf 90' lang='grc' dir='ltr'>πῶς</span> <span class='ocrx_word' id='word_1_842' title='bbox 2883 3696 3139 3768; x_wconf 85' lang='grc' dir='ltr'>προλέγει</span> <span class='ocrx_word' id='word_1_843' title='bbox 3175 3695 3274 3766; x_wconf 82' lang='grc' dir='ltr'>τῆς</span> <span class='ocrx_word' id='word_1_844' title='bbox 3304 3693 3582 3764; x_wconf 79' lang='grc' dir='ltr'>τραπέζης</span> <span class='ocrx_word' id='word_1_845' title='bbox 3617 3693 3801 3747; x_wconf 81' lang='grc' dir='ltr'>αὐτοῦ·</span> 
     </span>
    </p>
   </div>
   <div class='ocr_carea' id='block_1_107' title="bbox 2106 3776 3784 3852">
    <p class='ocr_par' dir='ltr' id='par_1_107' title="bbox 2106 3776 3784 3852">
     <span class='ocr_line' id='line_1_107' title="bbox 2106 3776 3784 3852; baseline -0.001 -20"><span class='ocrx_word' id='word_1_846' title='bbox 2106 3782 2206 3851; x_wconf 81' lang='grc' dir='ltr'>τὴν</span> <span class='ocrx_word' id='word_1_847' title='bbox 2232 3781 2527 3847; x_wconf 88' lang='grc' dir='ltr'>εὐτέλειαν,</span> <span class='ocrx_word' id='word_1_848' title='bbox 2565 3779 2763 3852; x_wconf 84' lang='grc' dir='ltr'>μᾶλλον</span> <span class='ocrx_word' id='word_1_849' title='bbox 2784 3780 2842 3833; x_wconf 74' lang='grc' dir='ltr'>δὲ</span> <span class='ocrx_word' id='word_1_850' title='bbox 2863 3778 2962 3851; x_wconf 83' lang='grc' dir='ltr'>τὴν</span> <span class='ocrx_word' id='word_1_851' title='bbox 2988 3777 3358 3833; x_wconf 88' lang='grc' dir='ltr'>πολυτέλειαν.</span> <span class='ocrx_word' id='word_1_852' title='bbox 3390 3776 3682 3845; x_wconf 65' lang='grc' dir='ltr'>Ληφθιξτω</span> <span class='ocrx_word' id='word_1_853' title='bbox 3707 3777 3784 3845; x_wconf 76' lang='grc' dir='ltr'>δὴ</span> 
     </span>
    </p>
   </div>
   <div class='ocr_carea' id='block_1_108' title="bbox 2106 3857 3786 3933">
    <p class='ocr_par' dir='ltr' id='par_1_108' title="bbox 2106 3857 3786 3933">
     <span class='ocr_line' id='line_1_108' title="bbox 2106 3857 3786 3933; baseline -0.002 -18"><span class='ocrx_word' id='word_1_854' title='bbox 2106 3862 2284 3931; x_wconf 82' lang='grc' dir='ltr'>ὕδωρ,</span> <span class='ocrx_word' id='word_1_855' title='bbox 2325 3865 2480 3933; x_wconf 86' lang='grc' dir='ltr'>φησὶ,</span> <span class='ocrx_word' id='word_1_856' title='bbox 2527 3863 2624 3918; x_wconf 81' lang='grc' dir='ltr'>καὶ</span> <span class='ocrx_word' id='word_1_857' title='bbox 2659 3861 3016 3930; x_wconf 74' lang='grc' dir='ltr'>νιψὰτωσαν</span> <span class='ocrx_word' id='word_1_858' title='bbox 3045 3861 3184 3926; x_wconf 85' lang='grc' dir='ltr'>τοὺς</span> <span class='ocrx_word' id='word_1_859' title='bbox 3218 3859 3408 3922; x_wconf 88' lang='grc' dir='ltr'>πόδας</span> <span class='ocrx_word' id='word_1_860' title='bbox 3444 3857 3633 3928; x_wconf 80' lang='grc' dir='ltr'>ὑμῶν,</span> <span class='ocrx_word' id='word_1_861' title='bbox 3685 3859 3786 3913; x_wconf 73' lang='grc' dir='ltr'>καὶ</span> 
     </span>
    </p>
   </div>
   <div class='ocr_carea' id='block_1_109' title="bbox 2107 3940 3783 4012">
    <p class='ocr_par' dir='ltr' id='par_1_109' title="bbox 2107 3940 3783 4012">
     <span class='ocr_line' id='line_1_109' title="bbox 2107 3940 3783 4012; baseline -0.002 -14"><span class='ocrx_word' id='word_1_862' title='bbox 2107 3944 2493 4012; x_wconf 63' lang='grc' dir='ltr'>καταψύξατε</span> <span class='ocrx_word' id='word_1_863' title='bbox 2518 3943 2638 3999; x_wconf 84' lang='grc' dir='ltr'>ὑπὸ</span> <span class='ocrx_word' id='word_1_864' title='bbox 2662 3944 2728 3996; x_wconf 84' lang='grc' dir='ltr'>τὸ</span> <span class='ocrx_word' id='word_1_865' title='bbox 2759 3941 3030 4010; x_wconf 77' lang='grc' dir='ltr'>δένδρον.</span> <span class='ocrx_word' id='word_1_866' title='bbox 3075 3940 3294 4010; x_wconf 85' lang='grc' dir='ltr'>Ἐπειδὴ</span> <span class='ocrx_word' id='word_1_867' title='bbox 3328 3940 3457 4008; x_wconf 88' lang='lat'><strong>7&amp;9,</strong></span> <span class='ocrx_word' id='word_1_868' title='bbox 3502 3942 3654 4010; x_wconf 83' lang='grc' dir='ltr'>φησὶ,</span> <span class='ocrx_word' id='word_1_869' title='bbox 3691 3957 3783 3994; x_wconf 84' lang='grc' dir='ltr'>κε-</span> 
     </span>
    </p>
   </div>
   <div class='ocr_carea' id='block_1_110' title="bbox 2107 4020 3786 4096">
    <p class='ocr_par' dir='ltr' id='par_1_110' title="bbox 2107 4020 3786 4096">
     <span class='ocr_line' id='line_1_110' title="bbox 2107 4020 3786 4096; baseline -0.002 -17"><span class='ocrx_word' id='word_1_870' title='bbox 2107 4027 2380 4096; x_wconf 82' lang='grc' dir='ltr'>κμήκατε,</span> <span class='ocrx_word' id='word_1_871' title='bbox 2416 4025 2512 4078; x_wconf 86' lang='grc' dir='ltr'>καὶ</span> <span class='ocrx_word' id='word_1_872' title='bbox 2531 4024 2700 4078; x_wconf 82' lang='grc' dir='ltr'>πολὺν</span> <span class='ocrx_word' id='word_1_873' title='bbox 2725 4023 2815 4076; x_wconf 78' lang='grc' dir='ltr'>τὸν</span> <span class='ocrx_word' id='word_1_874' title='bbox 2837 4022 3097 4076; x_wconf 83' lang='grc' dir='ltr'>καύσωνα</span> <span class='ocrx_word' id='word_1_875' title='bbox 3136 4020 3488 4090; x_wconf 80' lang='grc' dir='ltr'>ὑπεμείνατε,</span> <span class='ocrx_word' id='word_1_876' title='bbox 3518 4021 3604 4075; x_wconf 81' lang='grc' dir='ltr'>διὰ</span> <span class='ocrx_word' id='word_1_877' title='bbox 3629 4022 3786 4076; x_wconf 81' lang='grc' dir='ltr'>τοῦτο</span> 
     </span>
    </p>
   </div>
   <div class='ocr_carea' id='block_1_111' title="bbox 2107 4101 3785 4179">
    <p class='ocr_par' dir='ltr' id='par_1_111' title="bbox 2107 4101 3785 4179">
     <span class='ocr_line' id='line_1_111' title="bbox 2107 4101 3785 4179; baseline -0.002 -18"><span class='ocrx_word' id='word_1_878' title='bbox 2107 4107 2244 4172; x_wconf 84' lang='grc' dir='ltr'>ἀξιῶ</span> <span class='ocrx_word' id='word_1_879' title='bbox 2276 4107 2351 4179; x_wconf 83' lang='grc' dir='ltr'>μὴ</span> <span class='ocrx_word' id='word_1_880' title='bbox 2399 4105 2690 4178; x_wconf 86' lang='grc' dir='ltr'>παρελθεῖν</span> <span class='ocrx_word' id='word_1_881' title='bbox 2733 4106 2825 4160; x_wconf 84' lang='grc' dir='ltr'>τὸν</span> <span class='ocrx_word' id='word_1_882' title='bbox 2871 4104 3036 4158; x_wconf 86' lang='grc' dir='ltr'>παῖδα</span> <span class='ocrx_word' id='word_1_883' title='bbox 3083 4102 3257 4173; x_wconf 82' lang='grc' dir='ltr'>ὑμῶν.</span> <span class='ocrx_word' id='word_1_884' title='bbox 3290 4102 3383 4173; x_wconf 82' lang='grc' dir='ltr'>Μὴ</span> <span class='ocrx_word' id='word_1_885' title='bbox 3411 4101 3520 4172; x_wconf 84' lang='grc' dir='ltr'>γὰρ</span> <span class='ocrx_word' id='word_1_886' title='bbox 3553 4103 3699 4172; x_wconf 91' lang='grc' dir='ltr'>μέγα</span> <span class='ocrx_word' id='word_1_887' title='bbox 3731 4107 3785 4157; x_wconf 73' lang='grc' dir='ltr'>τί</span> 
     </span>
    </p>
   </div>
   <div class='ocr_carea' id='block_1_112' title="bbox 2107 4184 3786 4260">
    <p class='ocr_par' dir='ltr' id='par_1_112' title="bbox 2107 4184 3786 4260">
     <span class='ocr_line' id='line_1_112' title="bbox 2107 4184 3786 4260; baseline -0.004 -17"><span class='ocrx_word' id='word_1_888' title='bbox 2107 4191 2224 4244; x_wconf 77' lang='grc' dir='ltr'>ἐστι</span> <span class='ocrx_word' id='word_1_889' title='bbox 2270 4189 2331 4243; x_wconf 81' lang='grc' dir='ltr'>τὸ</span> <span class='ocrx_word' id='word_1_890' title='bbox 2364 4191 2494 4260; x_wconf 89' lang='grc' dir='ltr'>παρ’</span> <span class='ocrx_word' id='word_1_891' title='bbox 2528 4188 2664 4260; x_wconf 81' lang='grc' dir='ltr'>ἐμοῦ</span> <span class='ocrx_word' id='word_1_892' title='bbox 2703 4189 2987 4258; x_wconf 90' lang='grc' dir='ltr'>γινόμενον</span> <span class='ocrx_word' id='word_1_893' title='bbox 3021 4202 3036 4252; x_wconf 92' lang='lat'><strong>;</strong></span> <span class='ocrx_word' id='word_1_894' title='bbox 3098 4186 3284 4256; x_wconf 84' lang='grc' dir='ltr'>’Ύὸωρ</span> <span class='ocrx_word' id='word_1_895' title='bbox 3321 4184 3428 4256; x_wconf 81' lang='grc' dir='ltr'>ἔχω</span> <span class='ocrx_word' id='word_1_896' title='bbox 3485 4189 3786 4257; x_wconf 74' lang='grc' dir='ltr'>παρασχεῖν</span> 
     </span>
    </p>
   </div>
   <div class='ocr_carea' id='block_1_113' title="bbox 2111 4267 3782 4345">
    <p class='ocr_par' dir='ltr' id='par_1_113' title="bbox 2111 4267 3782 4345">
     <span class='ocr_line' id='line_1_113' title="bbox 2111 4267 3782 4345; baseline -0.003 -18"><span class='ocrx_word' id='word_1_897' title='bbox 2111 4274 2291 4345; x_wconf 91' lang='grc' dir='ltr'>μόνον,</span> <span class='ocrx_word' id='word_1_898' title='bbox 2331 4271 2472 4344; x_wconf 81' lang='grc' dir='ltr'>ὑπὲρ</span> <span class='ocrx_word' id='word_1_899' title='bbox 2522 4271 2616 4326; x_wconf 89' lang='lat'>106</span> <span class='ocrx_word' id='word_1_900' title='bbox 2650 4272 2976 4342; x_wconf 75' lang='grc' dir='ltr'>νιψαμένους</span> <span class='ocrx_word' id='word_1_901' title='bbox 3006 4268 3110 4322; x_wconf 79' lang='grc' dir='ltr'>ὐπδ</span> <span class='ocrx_word' id='word_1_902' title='bbox 3138 4268 3198 4321; x_wconf 82' lang='grc' dir='ltr'>τὸ</span> <span class='ocrx_word' id='word_1_903' title='bbox 3232 4267 3444 4337; x_wconf 90' lang='grc' dir='ltr'>δένδρον</span> <span class='ocrx_word' id='word_1_904' title='bbox 3488 4268 3578 4321; x_wconf 76' lang='grc' dir='ltr'>τὸν</span> <span class='ocrx_word' id='word_1_905' title='bbox 3617 4268 3782 4323; x_wconf 72' lang='grc' dir='ltr'>πολὺν</span> 
     </span>
    </p>
   </div>
   <div class='ocr_carea' id='block_1_114' title="bbox 2108 4350 3786 4428">
    <p class='ocr_par' dir='ltr' id='par_1_114' title="bbox 2108 4350 3786 4428">
     <span class='ocr_line' id='line_1_114' title="bbox 2108 4350 3786 4428; baseline -0.002 -17"><span class='ocrx_word' id='word_1_906' title='bbox 2108 4359 2252 4428; x_wconf 78' lang='grc' dir='ltr'>ὑμᾶς</span> <span class='ocrx_word' id='word_1_907' title='bbox 2277 4358 2522 4428; x_wconf 89' lang='grc' dir='ltr'>κάματον</span> <span class='ocrx_word' id='word_1_908' title='bbox 2553 4356 2872 4410; x_wconf 85' lang='grc' dir='ltr'>ἀποθέσθαι.</span> <span class='ocrx_word' id='word_1_909' title='bbox 2901 4350 3031 4408; x_wconf 76' lang='grc' dir='ltr'>Εἶτα</span> <span class='ocrx_word' id='word_1_910' title='bbox 3057 4353 3153 4407; x_wconf 87' lang='grc' dir='ltr'>καὶ</span> <span class='ocrx_word' id='word_1_911' title='bbox 3185 4352 3284 4423; x_wconf 80' lang='grc' dir='ltr'>τῆς</span> <span class='ocrx_word' id='word_1_912' title='bbox 3324 4351 3606 4423; x_wconf 78' lang='grc' dir='ltr'>τραπέζης</span> <span class='ocrx_word' id='word_1_913' title='bbox 3635 4351 3786 4420; x_wconf 76' lang='grc' dir='ltr'>λέγει</span> 
     </span>
    </p>
   </div>
   <div class='ocr_carea' id='block_1_115' title="bbox 2107 4435 3781 4513">
    <p class='ocr_par' dir='ltr' id='par_1_115' title="bbox 2107 4435 3781 4513">
     <span class='ocr_line' id='line_1_115' title="bbox 2107 4435 3781 4513; baseline -0.004 -19"><span class='ocrx_word' id='word_1_914' title='bbox 2107 4440 2205 4513; x_wconf 84' lang='grc' dir='ltr'>τὴν</span> <span class='ocrx_word' id='word_1_915' title='bbox 2229 4439 2388 4495; x_wconf 86' lang='grc' dir='ltr'>ἰδέαν.</span> <span class='ocrx_word' id='word_1_916' title='bbox 2419 4441 2512 4512; x_wconf 88' lang='grc' dir='ltr'>Μὴ</span> <span class='ocrx_word' id='word_1_917' title='bbox 2540 4439 2795 4511; x_wconf 88' lang='grc' dir='ltr'>νομίσητε</span> <span class='ocrx_word' id='word_1_918' title='bbox 2824 4437 3112 4500; x_wconf 84' lang='grc' dir='ltr'>πολυτελές</span> <span class='ocrx_word' id='word_1_919' title='bbox 3163 4453 3216 4489; x_wconf 91' lang='grc' dir='ltr'>τι</span> <span class='ocrx_word' id='word_1_920' title='bbox 3252 4435 3592 4506; x_wconf 79' lang='grc' dir='ltr'>παραθήσειν</span> <span class='ocrx_word' id='word_1_921' title='bbox 3631 4435 3781 4506; x_wconf 80' lang='grc' dir='ltr'>ὑμῖν,</span> 
     </span>
    </p>
   </div>
   <div class='ocr_carea' id='block_1_116' title="bbox 2108 4517 3784 4596">
    <p class='ocr_par' dir='ltr' id='par_1_116' title="bbox 2108 4517 3784 4596">
     <span class='ocr_line' id='line_1_116' title="bbox 2108 4517 3784 4596; baseline -0.005 -18"><span class='ocrx_word' id='word_1_922' title='bbox 2108 4522 2609 4596; x_wconf 84' lang='grc' dir='ltr'>ἢκαρυκευμάτων</span> <span class='ocrx_word' id='word_1_923' title='bbox 2659 4521 2956 4585; x_wconf 86' lang='grc' dir='ltr'>ποικιλίαν,</span> <span class='ocrx_word' id='word_1_924' title='bbox 3009 4519 3044 4591; x_wconf 73' lang='grc' dir='ltr'><strong>ἦ</strong></span> <span class='ocrx_word' id='word_1_925' title='bbox 3083 4518 3569 4596; x_wconf 12' lang='grc' dir='ltr'>δψωνῃδιαφοράν·</span> <span class='ocrx_word' id='word_1_926' title='bbox 3621 4517 3784 4588; x_wconf 81' lang='grc' dir='ltr'>ἄρτον</span> 
     </span>
    </p>
   </div>
   <div class='ocr_carea' id='block_1_117' title="bbox 2111 4595 3784 4674">
    <p class='ocr_par' dir='ltr' id='par_1_117' title="bbox 2111 4595 3784 4674">
     <span class='ocr_line' id='line_1_117' title="bbox 2111 4595 3784 4674; baseline -0.005 -14"><span class='ocrx_word' id='word_1_927' title='bbox 2111 4595 2368 4674; x_wconf 83' lang='grc' dir='ltr'>φάγεσθε,</span> <span class='ocrx_word' id='word_1_928' title='bbox 2393 4605 2488 4659; x_wconf 88' lang='grc' dir='ltr'>καὶ</span> <span class='ocrx_word' id='word_1_929' title='bbox 2518 4603 2661 4658; x_wconf 76' lang='grc' dir='ltr'>οὕτω</span> <span class='ocrx_word' id='word_1_930' title='bbox 2691 4603 3166 4672; x_wconf 75' lang='grc' dir='ltr'>Παρελεύσεσθε,</span> <span class='ocrx_word' id='word_1_931' title='bbox 3201 4595 3272 4655; x_wconf 84' lang='grc' dir='ltr'>οὗ</span> <span class='ocrx_word' id='word_1_932' title='bbox 3293 4600 3528 4654; x_wconf 83' lang='grc' dir='ltr'>εἵνεκεν</span> <span class='ocrx_word' id='word_1_933' title='bbox 3552 4599 3784 4664; x_wconf 75' lang='grc' dir='ltr'>ἐξεκλί-</span> 
     </span>
    </p>
   </div>
   <div class='ocr_carea' id='block_1_118' title="bbox 2107 4685 3202 4760">
    <p class='ocr_par' dir='ltr' id='par_1_118' title="bbox 2107 4685 3202 4760">
     <span class='ocr_line' id='line_1_118' title="bbox 2107 4685 3202 4760; baseline -0.001 -17"><span class='ocrx_word' id='word_1_934' title='bbox 2107 4706 2250 4744; x_wconf 84' lang='grc' dir='ltr'>νατε</span> <span class='ocrx_word' id='word_1_935' title='bbox 2286 4688 2436 4756; x_wconf 83' lang='grc' dir='ltr'>πρὸς</span> <span class='ocrx_word' id='word_1_936' title='bbox 2465 4688 2573 4742; x_wconf 87' lang='grc' dir='ltr'>τὸν</span> <span class='ocrx_word' id='word_1_937' title='bbox 2590 4687 2772 4741; x_wconf 82' lang='grc' dir='ltr'>παῖδα</span> <span class='ocrx_word' id='word_1_938' title='bbox 2796 4685 2982 4755; x_wconf 81' lang='grc' dir='ltr'>ὑμῶν.</span> <span class='ocrx_word' id='word_1_939' title='bbox 3170 4753 3202 4760; x_wconf 86' lang='lat'>_</span> 
     </span>
    </p>
   </div>
   <div class='ocr_carea' id='block_1_119' title="bbox 2179 4763 3784 4839">
    <p class='ocr_par' dir='ltr' id='par_1_119' title="bbox 2179 4763 3784 4839">
     <span class='ocr_line' id='line_1_119' title="bbox 2179 4763 3784 4839; baseline -0.005 -14"><span class='ocrx_word' id='word_1_940' title='bbox 2179 4781 2240 4826; x_wconf 83' lang='grc' dir='ltr'>ε’.</span> <span class='ocrx_word' id='word_1_941' title='bbox 2273 4773 2429 4836; x_wconf 78' lang='grc' dir='ltr'>Εἶδες</span> <span class='ocrx_word' id='word_1_942' title='bbox 2466 4772 2582 4835; x_wconf 88' lang='grc' dir='ltr'>πῶς</span> <span class='ocrx_word' id='word_1_943' title='bbox 2601 4770 2875 4839; x_wconf 89' lang='grc' dir='ltr'>διαφόροις</span> <span class='ocrx_word' id='word_1_944' title='bbox 2900 4767 3162 4837; x_wconf 89' lang='grc' dir='ltr'>κέχρηται</span> <span class='ocrx_word' id='word_1_945' title='bbox 3187 4765 3431 4835; x_wconf 88' lang='grc' dir='ltr'>τρόποις,</span> <span class='ocrx_word' id='word_1_946' title='bbox 3464 4763 3784 4835; x_wconf 85' lang='grc' dir='ltr'>βουλόμενος</span> 
     </span>
    </p>
   </div>
   <div class='ocr_carea' id='block_1_120' title="bbox 2107 4845 3784 4927">
    <p class='ocr_par' dir='ltr' id='par_1_120' title="bbox 2107 4845 3784 4927">
     <span class='ocr_line' id='line_1_120' title="bbox 2107 4845 3784 4927; baseline -0.007 -17"><span class='ocrx_word' id='word_1_947' title='bbox 2107 4858 2426 4927; x_wconf 77' lang='grc' dir='ltr'>δυσωπῆσαι</span> <span class='ocrx_word' id='word_1_948' title='bbox 2458 4855 2585 4918; x_wconf 78' lang='grc' dir='ltr'>τοὺς</span> <span class='ocrx_word' id='word_1_949' title='bbox 2615 4851 2911 4922; x_wconf 82' lang='grc' dir='ltr'>παριόντας</span> <span class='ocrx_word' id='word_1_950' title='bbox 2934 4848 2985 4913; x_wconf 74' lang='grc' dir='ltr'>ά,</span> <span class='ocrx_word' id='word_1_951' title='bbox 3019 4850 3115 4902; x_wconf 91' lang='grc' dir='ltr'>καὶ</span> <span class='ocrx_word' id='word_1_952' title='bbox 3133 4847 3220 4902; x_wconf 78' lang='grc' dir='ltr'>διὰ</span> <span class='ocrx_word' id='word_1_953' title='bbox 3251 4845 3344 4900; x_wconf 81' lang='grc' dir='ltr'>τοῦ</span> <span class='ocrx_word' id='word_1_954' title='bbox 3371 4848 3666 4916; x_wconf 89' lang='grc' dir='ltr'>σχήματος,</span> <span class='ocrx_word' id='word_1_955' title='bbox 3689 4848 3784 4900; x_wconf 85' lang='grc' dir='ltr'>καὶ</span> 
     </span>
    </p>
   </div>
   <div class='ocr_carea' id='block_1_121' title="bbox 2108 4928 3782 5011">
    <p class='ocr_par' dir='ltr' id='par_1_121' title="bbox 2108 4928 3782 5011">
     <span class='ocr_line' id='line_1_121' title="bbox 2108 4928 3782 5011; baseline -0.008 -18"><span class='ocrx_word' id='word_1_956' title='bbox 2108 4941 2194 4993; x_wconf 84' lang='grc' dir='ltr'>διὰ</span> <span class='ocrx_word' id='word_1_957' title='bbox 2226 4940 2336 4994; x_wconf 90' lang='grc' dir='ltr'>τῶν</span> <span class='ocrx_word' id='word_1_958' title='bbox 2375 4938 2653 5011; x_wconf 74' lang='grc' dir='ltr'>ῥημάτων,</span> <span class='ocrx_word' id='word_1_959' title='bbox 2674 4935 2769 4988; x_wconf 87' lang='grc' dir='ltr'>καὶ</span> <span class='ocrx_word' id='word_1_960' title='bbox 2800 4933 2887 4987; x_wconf 88' lang='grc' dir='ltr'>διά</span> <span class='ocrx_word' id='word_1_961' title='bbox 2910 4932 3127 4986; x_wconf 89' lang='grc' dir='ltr'>πάντων</span> <span class='ocrx_word' id='word_1_962' title='bbox 3157 4928 3782 5011; x_wconf 31' lang='grc' dir='ltr'>ἐπισπάσασθαιῌαύτοὺς</span> 
     </span>
    </p>
   </div>
   <div class='ocr_carea' id='block_1_122' title="bbox 2110 5007 3782 5092">
    <p class='ocr_par' dir='ltr' id='par_1_122' title="bbox 2110 5007 3782 5092">
     <span class='ocr_line' id='line_1_122' title="bbox 2110 5007 3782 5092; baseline -0.008 -15"><span class='ocrx_word' id='word_1_963' title='bbox 2110 5023 2314 5089; x_wconf 90' lang='grc' dir='ltr'>θέλων;</span> <span class='ocrx_word' id='word_1_964' title='bbox 2348 5007 2570 5092; x_wconf 77' lang='grc' dir='ltr'>ιΪρῶτον</span> <span class='ocrx_word' id='word_1_965' title='bbox 2599 5018 2699 5089; x_wconf 77' lang='grc' dir='ltr'>μὲν</span> <span class='ocrx_word' id='word_1_966' title='bbox 2725 5017 2856 5090; x_wconf 85' lang='grc' dir='ltr'>γάρ,</span> <span class='ocrx_word' id='word_1_967' title='bbox 2892 5015 3047 5086; x_wconf 88' lang='grc' dir='ltr'>φησὶ,</span> <span class='ocrx_word' id='word_1_968' title='bbox 3084 5013 3511 5086; x_wconf 83' lang='grc' dir='ltr'>προσεκύνησεν,</span> <span class='ocrx_word' id='word_1_969' title='bbox 3542 5007 3660 5066; x_wconf 73' lang='grc' dir='ltr'>εἶτα</span> <span class='ocrx_word' id='word_1_970' title='bbox 3687 5029 3782 5064; x_wconf 85' lang='grc' dir='ltr'>κυ-</span> 
     </span>
    </p>
   </div>
   <div class='ocr_carea' id='block_1_123' title="bbox 2111 5092 3781 5171">
    <p class='ocr_par' dir='ltr' id='par_1_123' title="bbox 2111 5092 3781 5171">
     <span class='ocr_line' id='line_1_123' title="bbox 2111 5092 3781 5171; baseline -0.008 -13"><span class='ocrx_word' id='word_1_971' title='bbox 2111 5105 2262 5171; x_wconf 86' lang='grc' dir='ltr'>ρίους</span> <span class='ocrx_word' id='word_1_972' title='bbox 2283 5104 2456 5169; x_wconf 82' lang='grc' dir='ltr'>καλεῖ,</span> <span class='ocrx_word' id='word_1_973' title='bbox 2482 5101 2577 5156; x_wconf 86' lang='grc' dir='ltr'>καὶ</span> <span class='ocrx_word' id='word_1_974' title='bbox 2606 5100 2798 5154; x_wconf 80' lang='grc' dir='ltr'>ἐαυτὸν</span> <span class='ocrx_word' id='word_1_975' title='bbox 2829 5099 2993 5152; x_wconf 82' lang='grc' dir='ltr'>παῖδα</span> <span class='ocrx_word' id='word_1_976' title='bbox 3011 5115 3024 5128; x_wconf 90' lang='grc'><strong>·</strong></span> <span class='ocrx_word' id='word_1_977' title='bbox 3063 5094 3180 5150; x_wconf 76' lang='grc' dir='ltr'>εἶτα</span> <span class='ocrx_word' id='word_1_978' title='bbox 3209 5095 3356 5164; x_wconf 82' lang='grc' dir='ltr'>λέγει</span> <span class='ocrx_word' id='word_1_979' title='bbox 3387 5094 3448 5148; x_wconf 77' lang='grc' dir='ltr'>τὸ</span> <span class='ocrx_word' id='word_1_980' title='bbox 3477 5092 3666 5164; x_wconf 89' lang='grc' dir='ltr'>μέλλον</span> <span class='ocrx_word' id='word_1_981' title='bbox 3689 5094 3781 5146; x_wconf 80' lang='grc' dir='ltr'>ὐπ’</span> 
     </span>
    </p>
   </div>
   <div class='ocr_carea' id='block_1_124' title="bbox 2114 5175 3782 5252">
    <p class='ocr_par' dir='ltr' id='par_1_124' title="bbox 2114 5175 3782 5252">
     <span class='ocr_line' id='line_1_124' title="bbox 2114 5175 3782 5252; baseline -0.008 -13"><span class='ocrx_word' id='word_1_982' title='bbox 2114 5185 2275 5240; x_wconf 82' lang='grc' dir='ltr'>αὐτοῦ</span> <span class='ocrx_word' id='word_1_983' title='bbox 2316 5183 2570 5252; x_wconf 87' lang='grc' dir='ltr'>γενέσθαι</span> <span class='ocrx_word' id='word_1_984' title='bbox 2629 5184 2707 5247; x_wconf 86' lang='grc' dir='ltr'>είς</span> <span class='ocrx_word' id='word_1_985' title='bbox 2750 5182 2968 5246; x_wconf 82' lang='grc' dir='ltr'>αὐτοὺς,</span> <span class='ocrx_word' id='word_1_986' title='bbox 3022 5177 3370 5246; x_wconf 76' lang='grc' dir='ltr'>ἐξευτελίζων</span> <span class='ocrx_word' id='word_1_987' title='bbox 3425 5175 3519 5230; x_wconf 82' lang='grc' dir='ltr'>καὶ</span> <span class='ocrx_word' id='word_1_988' title='bbox 3568 5175 3782 5237; x_wconf 81' lang='grc' dir='ltr'>δεικνὺς</span> 
     </span>
    </p>
   </div>
   <div class='ocr_carea' id='block_1_125' title="bbox 2108 5255 3781 5339">
    <p class='ocr_par' dir='ltr' id='par_1_125' title="bbox 2108 5255 3781 5339">
     <span class='ocr_line' id='line_1_125' title="bbox 2108 5255 3781 5339; baseline -0.01 -17"><span class='ocrx_word' id='word_1_989' title='bbox 2108 5269 2258 5322; x_wconf 80' lang='grc' dir='ltr'>οὐδὲν</span> <span class='ocrx_word' id='word_1_990' title='bbox 2291 5268 2432 5339; x_wconf 90' lang='grc' dir='ltr'>μέγα</span> <span class='ocrx_word' id='word_1_991' title='bbox 2465 5265 2545 5319; x_wconf 79' lang='grc' dir='ltr'>ὃν.</span> <span class='ocrx_word' id='word_1_992' title='bbox 2579 5265 2764 5334; x_wconf 85' lang='grc' dir='ltr'>’Ύδωρ</span> <span class='ocrx_word' id='word_1_993' title='bbox 2801 5263 2929 5333; x_wconf 82' lang='grc' dir='ltr'>γὰρ,</span> <span class='ocrx_word' id='word_1_994' title='bbox 2961 5262 3115 5332; x_wconf 88' lang='grc' dir='ltr'>φησὶ,</span> <span class='ocrx_word' id='word_1_995' title='bbox 3173 5259 3232 5314; x_wconf 84' lang='grc' dir='ltr'>τὸ</span> <span class='ocrx_word' id='word_1_996' title='bbox 3280 5260 3444 5312; x_wconf 79' lang='grc' dir='ltr'>πᾶσιν</span> <span class='ocrx_word' id='word_1_997' title='bbox 3500 5255 3781 5339; x_wconf 84' lang='grc' dir='ltr'>ἀνειμένον</span> 
     </span>
    </p>
   </div>
   <div class='ocr_carea' id='block_1_126' title="bbox 2109 5335 3782 5421">
    <p class='ocr_par' dir='ltr' id='par_1_126' title="bbox 2109 5335 3782 5421">
     <span class='ocr_line' id='line_1_126' title="bbox 2109 5335 3782 5421; baseline -0.01 -17"><span class='ocrx_word' id='word_1_998' title='bbox 2109 5351 2217 5421; x_wconf 77' lang='grc' dir='ltr'>ἔχω</span> <span class='ocrx_word' id='word_1_999' title='bbox 2243 5335 2542 5420; x_wconf 83' lang='grc' dir='ltr'>παρασχεῖν</span> <span class='ocrx_word' id='word_1_1000' title='bbox 2575 5349 2653 5410; x_wconf 83' lang='grc' dir='ltr'>είς</span> <span class='ocrx_word' id='word_1_1001' title='bbox 2681 5347 2806 5409; x_wconf 83' lang='grc' dir='ltr'>τοὺς</span> <span class='ocrx_word' id='word_1_1002' title='bbox 2838 5344 3003 5408; x_wconf 85' lang='grc' dir='ltr'>πόδας</span> <span class='ocrx_word' id='word_1_1003' title='bbox 3030 5342 3206 5413; x_wconf 80' lang='grc' dir='ltr'>ὑμῶν,</span> <span class='ocrx_word' id='word_1_1004' title='bbox 3232 5341 3327 5394; x_wconf 90' lang='grc' dir='ltr'>καὶ</span> <span class='ocrx_word' id='word_1_1005' title='bbox 3355 5339 3539 5421; x_wconf 84' lang='grc' dir='ltr'>ἄρτον,</span> <span class='ocrx_word' id='word_1_1006' title='bbox 3565 5338 3661 5421; x_wconf 78' lang='grc' dir='ltr'>καὶ</span> <span class='ocrx_word' id='word_1_1007' title='bbox 3683 5335 3782 5407; x_wconf 82' lang='grc' dir='ltr'>τὴν</span> 
     </span>
    </p>
   </div>
   <div class='ocr_carea' id='block_1_127' title="bbox 2108 5419 3780 5501">
    <p class='ocr_par' dir='ltr' id='par_1_127' title="bbox 2108 5419 3780 5501">
     <span class='ocr_line' id='line_1_127' title="bbox 2108 5419 3780 5501; baseline -0.009 -17"><span class='ocrx_word' id='word_1_1008' title='bbox 2108 5419 2216 5485; x_wconf 74' lang='grc' dir='ltr'>ἀπὸ</span> <span class='ocrx_word' id='word_1_1009' title='bbox 2236 5419 2334 5500; x_wconf 79' lang='grc' dir='ltr'>τῆς</span> <span class='ocrx_word' id='word_1_1010' title='bbox 2352 5429 2512 5501; x_wconf 83' lang='grc' dir='ltr'>δρυὸς</span> <span class='ocrx_word' id='word_1_1011' title='bbox 2542 5429 2772 5500; x_wconf 89' lang='grc' dir='ltr'>σκέπην.</span> <span class='ocrx_word' id='word_1_1012' title='bbox 2801 5425 2892 5498; x_wconf 84' lang='grc' dir='ltr'>Μὴ</span> <span class='ocrx_word' id='word_1_1013' title='bbox 2915 5424 2980 5497; x_wconf 88' lang='grc' dir='ltr'>δὴ</span> <span class='ocrx_word' id='word_1_1014' title='bbox 3008 5420 3375 5492; x_wconf 86' lang='grc' dir='ltr'>ἐξευτελίσητέ</span> <span class='ocrx_word' id='word_1_1015' title='bbox 3401 5439 3503 5491; x_wconf 88' lang='grc' dir='ltr'>μου</span> <span class='ocrx_word' id='word_1_1016' title='bbox 3528 5419 3625 5489; x_wconf 81' lang='grc' dir='ltr'>τὴν</span> <span class='ocrx_word' id='word_1_1017' title='bbox 3647 5433 3780 5487; x_wconf 88' lang='grc' dir='ltr'>σκη-</span> 
     </span>
    </p>
   </div>
   <div class='ocr_carea' id='block_1_128' title="bbox 2171 5537 3780 5612">
    <p class='ocr_par' dir='ltr' id='par_1_128' title="bbox 2171 5537 3780 5612">
     <span class='ocr_line' id='line_1_128' title="bbox 2171 5537 3780 5612; baseline -0.011 -9"><span class='ocrx_word' id='word_1_1018' title='bbox 2171 5557 2194 5586; x_wconf 86' lang='grc' dir='ltr'><strong><em>ο</em></strong></span> <span class='ocrx_word' id='word_1_1019' title='bbox 2251 5553 2558 5612; x_wconf 83' lang='grc' dir='ltr'>Ἀφοσιώσει,</span> <span class='ocrx_word' id='word_1_1020' title='bbox 2601 5545 2938 5612; x_wconf 74' lang='lat' dir='ltr'>perfunctorie.</span> <span class='ocrx_word' id='word_1_1021' title='bbox 2977 5545 3083 5612; x_wconf 57' lang='lat' dir='ltr'>Ha}:</span> <span class='ocrx_word' id='word_1_1022' title='bbox 3107 5556 3230 5594; x_wconf 72' lang='lat' dir='ltr'>voce</span> <span class='ocrx_word' id='word_1_1023' title='bbox 3256 5543 3432 5612; x_wconf 60' lang='lat' dir='ltr'>copem</span> <span class='ocrx_word' id='word_1_1024' title='bbox 3457 5553 3602 5589; x_wconf 86' lang='lat' dir='ltr'>sensu</span> <span class='ocrx_word' id='word_1_1025' title='bbox 3661 5537 3780 5612; x_wconf 73' lang='lat' dir='ltr'>iner</span> 
     </span>
    </p>
   </div>
   <div class='ocr_carea' id='block_1_129' title="bbox 2111 5601 3782 5674">
    <p class='ocr_par' dir='ltr' id='par_1_129' title="bbox 2111 5601 3782 5674">
     <span class='ocr_line' id='line_1_129' title="bbox 2111 5601 3782 5674; baseline -0.011 -10"><span class='ocrx_word' id='word_1_1026' title='bbox 2111 5601 2279 5664; x_wconf 13' lang='lat' dir='ltr'><strong>uliturﬁ</strong></span> <span class='ocrx_word' id='word_1_1027' title='bbox 2303 5601 2725 5674; x_wconf 65' lang='lat' dir='ltr'>Chrysostbnius&#39;:</span> <span class='ocrx_word' id='word_1_1028' title='bbox 2762 5621 2952 5674; x_wconf 85' lang='lat' dir='ltr'>_neque_</span> <span class='ocrx_word' id='word_1_1029' title='bbox 2981 5606 3266 5674; x_wconf 74' lang='lat' dir='ltr'>ipfrequens</span> <span class='ocrx_word' id='word_1_1030' title='bbox 3300 5604 3464 5674; x_wconf 13' lang='lat' dir='ltr'>rhujus</span> <span class='ocrx_word' id='word_1_1031' title='bbox 3503 5601 3782 5674; x_wconf 22' lang='lat' dir='ltr'><strong>ususﬁapuu</strong></span> 
     </span>
    </p>
   </div>
   <div class='ocr_carea' id='block_1_130' title="bbox 2109 5663 3783 5735">
    <p class='ocr_par' dir='ltr' id='par_1_130' title="bbox 2109 5663 3783 5735">
     <span class='ocr_line' id='line_1_130' title="bbox 2109 5663 3783 5735; baseline -0.01 -10"><span class='ocrx_word' id='word_1_1032' title='bbox 2109 5663 2360 5726; x_wconf 59' lang='grc' dir='ltr'>(ἴσοισι-ειη</span> <span class='ocrx_word' id='word_1_1033' title='bbox 2388 5663 2417 5722; x_wconf 75' lang='grc' dir='ltr'>ε’</span> <span class='ocrx_word' id='word_1_1034' title='bbox 2439 5675 2522 5735; x_wconf 89' lang='lat' dir='ltr'>qui</span> <span class='ocrx_word' id='word_1_1035' title='bbox 2559 5674 2722 5735; x_wconf 55' lang='lat' dir='ltr'>elianl</span> <span class='ocrx_word' id='word_1_1036' title='bbox 2753 5663 3068 5735; x_wconf 65' lang='grc' dir='ltr'>ἀφοριοῦσθαι</span> <span class='ocrx_word' id='word_1_1037' title='bbox 3113 5663 3316 5735; x_wconf 58' lang='grc' dir='ltr'>ύευτριιι</span> <span class='ocrx_word' id='word_1_1038' title='bbox 3343 5663 3783 5735; x_wconf 30' lang='grc' dir='ltr'>’ςιιιιιηάριιυοηρτο</span> 
     </span>
    </p>
   </div>
   <div class='ocr_carea' id='block_1_131' title="bbox 2035 5728 3784 5799">
    <p class='ocr_par' dir='ltr' id='par_1_131' title="bbox 2035 5728 3784 5799">
     <span class='ocr_line' id='line_1_131' title="bbox 2035 5728 3784 5799; baseline -0.014 -10"><span class='ocrx_word' id='word_1_1039' title='bbox 2035 5777 2040 5799; x_wconf 55' lang='grc' dir='ltr'><em>ς</em></span> <span class='ocrx_word' id='word_1_1040' title='bbox 2114 5728 2636 5799; x_wconf 65' lang='grc' dir='ltr'>νει-[ιιθιειοι-ίθάῃειζε.</span> <span class='ocrx_word' id='word_1_1041' title='bbox 2682 5728 3126 5799; x_wconf 54' lang='grc' dir='ltr'>Ηεξρητιιὶιιειοηεθ</span> <span class='ocrx_word' id='word_1_1042' title='bbox 3173 5728 3354 5799; x_wconf 61' lang='grc' dir='ltr'>οἰκετεὶ</span> <span class='ocrx_word' id='word_1_1043' title='bbox 3380 5738 3496 5799; x_wconf 53' lang='lat' dir='ltr'><strong>rufus</strong></span> <span class='ocrx_word' id='word_1_1044' title='bbox 3536 5728 3784 5799; x_wconf 57' lang='grc' dir='ltr'>ἰηιετρςο-</span> 
     </span>
    </p>
   </div>
   <div class='ocr_carea' id='block_1_132' title="bbox 2115 5787 3783 5854">
    <p class='ocr_par' dir='ltr' id='par_1_132' title="bbox 2115 5787 3783 5854">
     <span class='ocr_line' id='line_1_132' title="bbox 2115 5787 3783 5854; baseline -0.015 -5"><span class='ocrx_word' id='word_1_1045' title='bbox 2115 5787 2351 5849; x_wconf 60' lang='grc' dir='ltr'>ἱειὶἶηιθηι</span> <span class='ocrx_word' id='word_1_1046' title='bbox 2376 5787 2548 5846; x_wconf 64' lang='lat' dir='ltr'>aﬂtrrf:</span> <span class='ocrx_word' id='word_1_1047' title='bbox 2575 5787 2927 5854; x_wconf 63' lang='grc' dir='ltr'>ἀφοσιούμενοι,</span> <span class='ocrx_word' id='word_1_1048' title='bbox 3016 5787 3585 5854; x_wconf 64' lang='grc' dir='ltr'>ὐποκρίσειθωπεύοντες,</span> <span class='ocrx_word' id='word_1_1049' title='bbox 3609 5787 3783 5854; x_wconf 73' lang='grc' dir='ltr'>τιμῶν-</span> 
     </span>
    </p>
   </div>
   <div class='ocr_carea' id='block_1_133' title="bbox 2112 5843 3778 5916">
    <p class='ocr_par' dir='ltr' id='par_1_133' title="bbox 2112 5843 3778 5916">
     <span class='ocr_line' id='line_1_133' title="bbox 2112 5843 3778 5916; baseline -0.013 -8"><span class='ocrx_word' id='word_1_1050' title='bbox 2112 5843 2351 5916; x_wconf 56' lang='lat' dir='ltr'>EE-‘iié?’</span> <span class='ocrx_word' id='word_1_1051' title='bbox 2369 5843 2719 5906; x_wconf 58' lang='grc' dir='ltr'>ἓὶυᾷιιίιιιὶοὶιεηι</span> <span class='ocrx_word' id='word_1_1052' title='bbox 2763 5843 2806 5905; x_wconf 71' lang='grc' dir='ltr'>ἐι</span> <span class='ocrx_word' id='word_1_1053' title='bbox 2847 5843 3170 5902; x_wconf 72' lang='grc' dir='ltr'>αι’ἔυΙιιιὶοηειὶι</span> <span class='ocrx_word' id='word_1_1054' title='bbox 3213 5851 3432 5906; x_wconf 68' lang='lat' dir='ltr'>rotantes,</span> <span class='ocrx_word' id='word_1_1055' title='bbox 3481 5843 3778 5893; x_wconf 63' lang='grc' dir='ltr'>Ισοηονςπιινε.</span> 
     </span>
    </p>
   </div>
   <div class='ocr_carea' id='block_1_134' title="bbox 2176 5916 3491 6031">
    <p class='ocr_par' dir='ltr' id='par_1_134' title="bbox 2176 5916 3491 6031">
     <span class='ocr_line' id='line_1_134' title="bbox 2176 5916 3474 5998; baseline -0.009 -26"><span class='ocrx_word' id='word_1_1056' title='bbox 2176 5922 2201 5962; x_wconf 75' lang='grc' dir='ltr'>ἀ</span> <span class='ocrx_word' id='word_1_1057' title='bbox 2231 5916 2332 5972; x_wconf 57' lang='lat' dir='ltr'>Alii</span> <span class='ocrx_word' id='word_1_1058' title='bbox 2355 5919 2462 5974; x_wconf 80' lang='grc' dir='ltr'>τοὺς</span> <span class='ocrx_word' id='word_1_1059' title='bbox 2484 5916 2732 5980; x_wconf 78' lang='grc' dir='ltr'>παρόντας.</span> <span class='ocrx_word' id='word_1_1060' title='bbox 3415 5967 3474 5998; x_wconf 61' lang='lat' dir='ltr'>m</span> 
     </span>
     <span class='ocr_line' id='line_1_135' title="bbox 3416 5991 3491 6031; baseline 0.067 -5"><span class='ocrx_word' id='word_1_1061' title='bbox 3416 5991 3491 6031; x_wconf 55' lang='grc' dir='ltr'>ιι)</span> 
     </span>
    </p>
   </div>
  </div>
