4060 6470
314 421 414 478 35‘!
1181 424 1186 429 ’
1340 412 1405 469 ΙΝ
1443 413 1596 468 CAP.
1639 410 1822 468 XVIII.
1863 410 2101 469 GENI'JS.
2152 411 2380 468 I-lOMlL.
2423 411 2558 468 XLI.

313 531 742 589 exhortationem
759 543 954 586 meam.
979 525 1103 584 Scio
1123 535 1378 598 quantum
1399 527 1622 582 tuleritis
1643 526 1901 591 laborem,

305 625 561 696 conjecto
589 632 818 696 quantus
858 621 927 677 sit
952 620 1147 677 caloris
1173 627 1336 675 aestus
1365 636 1379 673 :
1405 627 1687 690 propterea
1716 619 1906 687 paulu-

317 722 430 775 lum
455 733 553 774 vos
600 731 847 772 recreare
874 715 1015 770 volo.
1051 713 1182 781 Quis
1209 721 1359 782 pater
1387 712 1522 766 filios
1565 725 1694 767 suos
1723 719 1909 766 tenere

316 809 566 880 diligens,
593 815 797 862 tantam
823 805 947 860 ﬁliis
972 803 1190 859 exhibet
1218 802 1624 872 benignitatem,
1656 807 1912 870 quantam

317 902 406 957 ille
438 900 634 970 ignotis
659 909 715 954 et
747 897 1060 969 peregrinis,
1091 904 1146 951 et
1190 909 1481 965 numquam
1507 893 1608 948 sibi
1651 891 1913 963 cognitis?

319 993 520 1048 Verum
549 989 673 1062 quia
730 1003 922 1060 magna
969 987 1243 1043 alacritate
1296 986 1556 1056 processit
1591 999 1654 1040 ac
1693 993 1915 1040 conten-

319 1084 486 1150 tione,
532 1089 852 1151 assequutns
882 1088 966 1136 est
1007 1080 1366 1144 venationem,
1407 1087 1461 1133 et
1499 1076 1734 1147 praedam
1774 1077 1913 1132 intra

315 1176 452 1230 retia
493 1174 816 1231 concludere
857 1176 1050 1244 potuit.
1084 1172 1149 1227 Et
1189 1172 1445 1238 dixerunt,
1476 1172 1683 1242 inquit:
1717 1171 1806 1227 Sic
1835 1174 1915 1244 fa-

315 1267 522 1333 ciemus,
552 1274 607 1320 ut
645 1265 840 1320 dixisti.
871 1263 1028 1320 Senis
1069 1263 1330 1320 excitatus
1359 1272 1444 1319 est
1462 1261 1715 1332 juvenilis
1739 1262 1910 1332 vigor.

317 1356 374 1411 In
414 1357 683 1422 manibus,
717 1355 916 1427 inquit,
938 1354 1112 1411 habeo
1139 1355 1468 1418 thesaurum,
1517 1353 1730 1408 divitias
1759 1369 1914 1409 asse-

315 1457 518 1518 quutus
548 1463 689 1514 sum,
733 1447 1025 1502 senectutis
1063 1445 1368 1501 obliviscar.
1401 1445 1467 1499 Et
1506 1443 1625 1499 vide
1663 1459 1788 1498 eum
1817 1459 1915 1498 ex-

316 1537 608 1594 sultantem
631 1538 685 1592 in
726 1553 912 1609 opere,
957 1546 1011 1593 et
1049 1536 1200 1607 quasi
1229 1551 1340 1607 prae
1379 1535 1574 1607 gaudio
1603 1535 1911 1600 saltantem,

316 1629 540 1698 perinde
568 1638 729 1701 atque
754 1631 922 1685 multa
951 1629 1088 1684 bona
1121 1629 1174 1684 in
1200 1628 1454 1684 manibus
1483 1627 1720 1695 afferret,
1755 1628 1826 1682 ita
1857 1642 1917 1683 se

314 1719 700 1775 oblectantem.
725 1719 781 1775 6.
811 1720 876 1775 Et
914 1721 1187 1790 festinavit,
1223 1720 1414 1789 inquit,
1445 1719 1701 1773 Abraham
1739 1720 1792 1773 in
1835 1728 1917 1774 ta-

315 1808 665 1864 bernaculum.
699 1809 869 1872 Sicut,
906 1808 1122 1879 quando
1159 1809 1225 1864 ad
1251 1810 1590 1865 venationem
1619 1809 1915 1865 contende-

316 1899 432 1967 bat,
469 1899 789 1970 signiﬁcavit
838 1899 956 1970 ejus
999 1899 1331 1956 alacritatem
1373 1910 1428 1957 et
1457 1900 1693 1956 laborem
1734 1901 1913 1956 divina

315 1989 619 2058 Scriptura,
643 1988 826 2045 dicens
857 2007 872 2044 :
904 1989 1138 2043 Accurrit
1156 1999 1324 2044 autem
1347 1991 1401 2044 in
1423 2006 1685 2044 occursant
1706 2007 1878 2045 eorum
1897 2007 1916 2045 :

317 2080 392 2134 ita
425 2089 481 2136 et
501 2095 642 2135 nunc
668 2079 791 2151 quia
819 2080 950 2136 vidit
977 2081 1141 2146 viros,
1170 2089 1225 2137 et
1251 2081 1301 2136 id
1328 2081 1470 2152 quod
1497 2081 1715 2151 optabat
1734 2082 1914 2152 perfe-

313 2173 408 2237 cit,
446 2185 622 2242 neque
661 2171 740 2226 sic
779 2171 848 2226 ab
883 2171 1157 2227 alacritate
1198 2171 1443 2238 desistit;
1477 2171 1571 2227 sed
1606 2173 1776 2242 magis
1807 2171 1917 2227 fer-

312 2271 537 2317 ventem
563 2260 798 2316 declarat
839 2275 1100 2327 amorem,
1146 2277 1320 2331 neque
1353 2262 1477 2332 quia
1508 2276 1727 2318 securus
1775 2271 1910 2329 erat,

313 2353 442 2408 ideo
473 2352 921 2424 fitnegligentior.
949 2351 1006 2407 Id
1032 2352 1174 2422 quod
1204 2353 1358 2408 nobis
1381 2351 1690 2424 frequenter
1713 2355 1912 2420 evenit,

316 2453 377 2500 et
405 2443 674 2514 principio
703 2442 860 2498 valde
899 2443 1122 2498 studiosi
1165 2458 1389 2498 sumus:
1417 2444 1630 2514 quando
1654 2452 1834 2500 autem
1863 2445 1916 2499 in

312 2533 596 2605 negotium
634 2542 853 2590 ventum
897 2543 1001 2601 est,
1052 2548 1160 2589 non
1203 2550 1298 2606 par
1343 2535 1578 2590 studium
1622 2535 1915 2592 afferimus.

313 2628 525 2684 Verum
552 2627 729 2697 justus
772 2641 880 2682 non
910 2627 1009 2694 sic,
1061 2627 1155 2682 sed
1181 2627 1351 2697 quid?
1383 2626 1580 2683 Iterum
1610 2628 1825 2683 festinat
1865 2638 1919 2684 et

312 2725 596 2788 properat,
625 2723 681 2770 et
703 2717 868 2772 currit
883 2717 1034 2771 senio
1055 2717 1328 2773 confectus
1348 2718 1400 2772 in
1427 2718 1826 2774 tabernaculum
1851 2720 1917 2774 ad

307 2809 558 2874 Serrani,
591 2804 658 2860 Et
688 2805 818 2860 dixit
855 2807 902 2861 ei
929 2822 948 2860 :
975 2805 1235 2874 Accelera,
1265 2817 1312 2861 et
1346 2809 1501 2863 misce
1523 2817 1622 2864 tres
1655 2826 1918 2864 mensuras

304 2900 524 2955 simila.
549 2898 842 2955 Considera
864 2898 1134 2968 quomodo
1171 2908 1227 2954 et
1258 2899 1475 2954 Sarram
1499 2901 1796 2955 venationis
1825 2916 1916 2956 so-

301 2990 449 3046 ciam
489 2988 736 3055 assumit,
761 2997 816 3044 et
837 2987 1106 3058 quomodo
1131 3003 1252 3044 eam
1275 2988 1470 3056 erudit,
1495 2997 1554 3045 ut
1579 3005 1731 3045 suam
1749 2991 1914 3046 imite-

303 3090 393 3135 tur
420 3077 709 3133 virtutem.
742 3077 954 3132 Etenim
1001 3086 1055 3134 et
1085 3078 1230 3132 illam
1261 3077 1447 3133 incitat
1481 3093 1549 3134 ne
1592 3079 1771 3134 ofﬁcio
1817 3094 1916 3136 suo

303 3172 658 3243 negligenter
696 3167 967 3239 fungatur,
1011 3168 1128 3236 sed,
1163 3168 1421 3236 Accelera,
1453 3169 1643 3238 inquit.
1675 3169 1916 3240 Magnam

307 3260 739 3333 negotiationem
781 3260 1056 3330 assequuti
1104 3275 1311 3327 sumus,
1360 3275 1428 3316 ne
1472 3259 1760 3330 perdamus
1800 3260 1918 3318 the-

307 3366 562 3417 saurum,
603 3349 696 3405 sed
720 3348 976 3416 Accelera,
1008 3359 1055 3404 et
1095 3350 1248 3404 misce
1271 3358 1371 3404 tres
1399 3366 1659 3405 mensuras
1709 3351 1911 3407 similae.

309 3441 591 3510 Quoniam
619 3440 825 3495 sciebat
852 3438 979 3495 boni
1017 3439 1194 3509 operis
1234 3440 1674 3510 magnitudinem,
1709 3441 1919 3498 volebat

306 3538 439 3592 vita:
477 3549 595 3590 suae
636 3533 836 3591 sociam
878 3534 1041 3590 etiam
1090 3533 1449 3589 retribuendae
1495 3535 1760 3590 mercedis
1798 3551 1920 3592 esse

305 3627 658 3699 participem.
689 3626 866 3694 Quare
907 3625 1071 3692 enim,
1111 3625 1198 3681 dic
1247 3625 1398 3692 mihi,
1431 3626 1560 3680 nulli
1602 3627 1916 3683 ancillarum

307 3723 421 3776 hoc
461 3718 741 3790 praecepit,
774 3717 868 3774 sed
895 3719 1049 3774 uxori
1075 3727 1180 3772 tam
1209 3726 1474 3787 provecta:
1513 3719 1723 3774 aetatis?
1752 3735 1920 3774 nona-

302 3816 463 3886 ginta
502 3812 651 3869 enim
703 3825 965 3866 annorum
1014 3817 1152 3864 erat.
1202 3808 1319 3864 Non
1363 3818 1622 3880 repugnat
1667 3810 1920 3867 mandato

301 3907 504 3971 Sarra,
541 3903 639 3959 sed
677 3917 863 3973 parem
884 3903 1044 3957 etiam
1080 3901 1195 3970 ipsa
1233 3901 1564 3956 alacritatem
1603 3901 1777 3957 affert.
1806 3904 1917 3957 An-

301 4000 467 4053 diant
494 3995 616 4060 viri,
644 3993 862 4048 audiant
887 3991 1141 4047 mulieres
1165 4011 1180 4046 :
1208 3990 1307 4045 viri
1333 3990 1570 4061 quidem,
1600 4000 1659 4045 ut
1682 3993 1762 4046 sic
1792 4008 1916 4049 suas

299 4087 736 4146 contubernales
783 4083 1053 4152 erudiant,
1097 4094 1152 4138 ut
1188 4083 1233 4137 si
1272 4082 1490 4153 quando
1532 4083 1808 4152 spirituale
1835 4085 1917 4138 lu-

297 4195 467 4238 crum
497 4177 719 4243 incidat,
766 4191 835 4231 ne
864 4190 961 4246 per
986 4175 1210 4231 famulos
1237 4174 1340 4230 hoc
1369 4175 1668 4244 perﬁciant,
1696 4176 1790 4230 sed
1822 4191 1919 4246 per

297 4271 532 4341 seipsos
560 4267 756 4322 faciant
782 4266 962 4322 omnia
988 4282 1001 4331 ;
1029 4265 1277 4321 mulieres
1319 4276 1520 4336 autem,
1565 4273 1624 4322 ut
1661 4265 1915 4321 festinent

291 4364 503 4433 juvare
545 4357 690 4412 viros
723 4357 778 4412 in
808 4364 916 4412 tam
959 4354 1113 4411 bonis
1158 4357 1431 4426 operibus,
1479 4365 1534 4413 et
1575 4371 1683 4412 non
1719 4357 1916 4413 erube-

297 4460 469 4509 scant
491 4448 911 4518 hospitalitatem
943 4447 996 4502 in
1022 4446 1228 4516 aliquos
1252 4461 1526 4513 exercere,
1550 4448 1759 4520 illisque
1787 4465 1918 4504 con-

293 4558 511 4616 gruum
545 4540 787 4611 praebere
821 4539 1175 4596 ministerium
1203 4556 1217 4593 :
1245 4539 1341 4594 sed
1371 4538 1647 4596 imitentur
1692 4539 1912 4596 Sarram

294 4634 579 4698 vetulam,
611 4631 664 4686 in
691 4640 834 4686 tanta
863 4640 1080 4688 senecta
1101 4631 1336 4686 laborem
1365 4631 1592 4688 libenter
1623 4633 1914 4704 suscipien-

295 4738 442 4791 tem,
467 4732 530 4780 et
555 4722 872 4777 famularum
892 4736 1052 4791 opera
1081 4721 1470 4792 perﬁcientem.

376 4816 668 4874 Invenitur
691 4817 746 4870 in
769 4824 1004 4870 ornatum
1032 4817 1321 4871 mulierum.
1349 4847 1418 4858 —-
1448 4817 1642 4872 Verum
1669 4820 1781 4875 scio
1805 4821 1918 4877 fore

293 4924 360 4970 ut
391 4912 591 4969 nullus
621 4907 757 4964 ferat
783 4922 846 4964 ea
875 4923 994 4978 quas
1033 4922 1063 4962 a
1099 4909 1256 4965 nobis
1279 4909 1550 4965 dicuntur.
1582 4910 1735 4967 Nunc
1775 4914 1918 4968 enim

294 5020 508 5064 omnes
539 5002 697 5072 plane
725 5001 995 5057 contraria
1019 5002 1102 5056 via
1133 5002 1405 5070 incedunt,
1434 5013 1488 5058 et
1533 5004 1697 5058 multa
1727 5005 1916 5060 mulie-

289 5115 428 5157 rum
467 5103 564 5152 est
607 5092 881 5159 mollities,
931 5107 1197 5162 omneque
1255 5095 1490 5150 studium
1533 5095 1586 5149 in
1634 5095 1780 5150 cultu
1829 5112 1919 5151 ve-

290 5192 500 5255 stium,
532 5187 593 5241 in
631 5185 810 5241 aureis
849 5185 1186 5240 ornamentis
1230 5195 1286 5242 et
1329 5186 1616 5242 monilibus
1644 5195 1804 5257 atque
1829 5202 1922 5242 ex-

289 5295 468 5340 terno
489 5285 717 5343 ornatu,
744 5275 937 5332 anima:
963 5290 1093 5331 vero
1118 5276 1263 5332 nulla
1292 5286 1376 5332 est
1398 5291 1547 5332 cura.
1575 5275 1759 5347 Neque
1786 5277 1921 5332 Pau-

289 5377 384 5432 lus
415 5384 520 5428 eas
547 5377 874 5434 commovet,
915 5366 1138 5423 dicens:
1169 5365 1292 5421 Non
1319 5369 1374 5422 in
1397 5368 1617 5422 crinibus
1646 5369 1810 5434 tortis,
1843 5370 1920 5425 est

281 5478 456 5525 utero.
491 5459 582 5515 uel
604 5458 912 5527 margaritis,
935 5457 1013 5512 vel
1034 5467 1330 5528 sumptuosa
1356 5466 1486 5513 veste
1510 5457 1588 5529 (l.
1610 5457 1741 5512 Tim.
1762 5458 1818 5513 2.
1837 5461 1918 5529 9).

290 5558 442 5613 Vide
474 5551 726 5608 animam
764 5549 900 5604 hanc
931 5551 1109 5621 ipsum
1153 5550 1345 5605 caelum
1384 5551 1751 5623 attingentem,
1783 5569 1920 5624 quo-

287 5649 471 5706 modo
501 5657 619 5700 non
641 5642 846 5712 putavit
865 5641 1141 5713 indignum
1165 5656 1226 5698 se
1250 5651 1304 5699 et
1323 5642 1448 5708 vile,
1474 5633 1635 5699 etiain
1657 5644 1725 5701 de
1749 5647 1920 5716 capil-

286 5745 488 5796 lorum
518 5735 860 5812 ornamentis
900 5733 1213 5790 admonere.
1245 5733 1433 5789 Merito
1459 5752 1470 5788 :
1494 5750 1656 5790 omne
1697 5737 1840 5793 enim
1869 5738 1917 5791 ei

288 5828 559 5891 studium
586 5832 706 5880 erat
733 5824 785 5879 iu
819 5823 1110 5882 excolenda
1135 5825 1330 5883 anima.
1360 5825 1493 5894 Quia
1529 5825 1688 5897 igitur
1717 5828 1917 5885 sciebat

3531 414 3654 471 δη

2022 525 2137 582 haec
2161 527 2390 582 maxime
2413 527 2606 581 animae
2630 525 2917 597 perniciem
2949 542 3224 599 generare,
3251 528 3372 584 ideo
3398 545 3505 584 non
3543 547 3630 586 νο·-

2019 617 2150 688 fugit
2176 617 2262 671 illa
2295 616 2487 673 afferre
2515 633 2635 688 quae
2663 619 3053 674 conveniebant
3088 619 3157 675 ad
3187 619 3489 676 docendum
3517 636 3610 677 eas

1967 776 1978 785 κ
2017 723 2136 779 quae
2163 708 2254 762 illo
2275 709 2462 764 morbo
2482 707 2828 775 laborabant;
2859 709 2954 766 sed
2979 710 3148 781 inquit
3183 729 3196 767 :
3225 711 3281 768 Si
3305 713 3385 766 vis
3405 712 3615 777 ornari;

2019 813 2147 853 vero
2174 807 2226 854 te
2255 809 2447 854 ornatu
2471 799 2608 866 cole,
2631 816 2788 871 quem
2813 800 2968 857 decet
2994 803 3246 858 mulieres
3273 803 3388 874 pias
3417 822 3430 858 :
3462 805 3617 859 bonis

2021 900 2072 947 te
2093 892 2345 962 cperibus
2373 907 2528 947 orna.
2559 892 2657 948 llic
2693 893 2888 949 anima:
2931 895 3106 951 cultus
3145 906 3249 963 est,
3281 896 3369 952 hic
3395 911 3427 951 a
3456 898 3617 952 nullis

2020 985 2257 1039 externis
2287 984 2695 1049 condemnatur,
2723 985 2866 1042 hunc
2907 988 3083 1044 nullus
3111 989 3413 1060 depraedari
3458 1000 3610 1060 pote-

2021 1077 2113 1144 rit,
2147 1075 2234 1132 hic
2259 1085 2519 1148 perpetuo
2547 1087 2728 1133 manet
2759 1087 2904 1134 tutus
2933 1089 2988 1135 et
3015 1081 3239 1151 integer.
3273 1083 3315 1136 A
3344 1083 3490 1137 cultu
3516 1099 3612 1136 an»

2023 1177 2131 1224 tem
2171 1179 2394 1225 externo
2432 1169 2710 1226 innumera
2741 1171 2987 1227 oriuntur
3024 1173 3162 1227 mala
3195 1174 3469 1229 :nondum
3499 1175 3620 1230 dico

2021 1260 2214 1315 anima:
2244 1270 2583 1327 nocumenta,
2628 1264 2988 1335 arrogantiam
3020 1281 3140 1334 quas
3187 1266 3313 1322 inde
3352 1268 3612 1337 nascitur,

2023 1349 2332 1420 despectum
2373 1352 2624 1420 proximi,
2671 1352 2864 1408 fastum
2908 1353 3150 1424 spiritus,
3201 1357 3394 1411 animae
3431 1372 3618 1413 comr-

2024 1440 2284 1509 ptionem,
2311 1441 2648 1513 voluptatum
2677 1443 2979 1498 illicitarum
3030 1460 3291 1514 examen;
3334 1447 3428 1503 sed
3469 1448 3622 1505 facile

2023 1529 2273 1600 diripitur
2304 1531 2395 1585 ille
2429 1531 2602 1587 cultus
2639 1543 2694 1588 et
2726 1533 3047 1590 famulorum
3079 1536 3412 1606 malignitate
3446 1538 3614 1593 latro-

2026 1635 2262 1690 numque
2291 1621 2516 1688 insidiis,
2549 1637 2758 1679 necnon
2799 1625 3252 1696 sycophantarum
3295 1628 3612 1696 calumniis;

2024 1721 2080 1768 et
2121 1712 2327 1768 inﬁnita
2367 1715 2504 1769 mala
2556 1715 2800 1772 invenire
2850 1717 2903 1771 in
2949 1732 3017 1774 eo
3048 1718 3192 1786 licet,
3235 1736 3299 1776 ac
3335 1731 3622 1792 perpetuas-

2023 1804 2426 1860 amaritudines.
2454 1806 2617 1875 Atqui
2647 1805 2806 1862 Sarra
2831 1808 2951 1864 talis
2982 1824 3087 1864 non
3127 1823 3279 1878 erat;
3311 1813 3404 1868 sed
3434 1830 3618 1869 verum

2024 1895 2334 1964 possidebat
2363 1904 2610 1951 ornatum
2634 1915 2650 1952 :
2672 1897 2794 1953 ideo
2817 1907 2871 1953 et
2897 1899 3052 1969 digna
3077 1899 3176 1954 fuit
3197 1903 3498 1971 patriarcha
3524 1923 3537 1958 :
3564 1915 3621 1960 et

2023 1984 2162 2039 sicut
2200 1985 2290 2039 ille
2325 1975 2618 2052 festinavit,
2647 1996 2703 2042 et
2738 1987 2794 2042 in
2835 1988 3232 2045 tabernaculum
3264 1994 3517 2059 cucurrit,
3546 1994 3623 2048 ita

2023 2084 2078 2131 et
2121 2075 2233 2145 ipsa
2275 2091 2469 2146 magno
2507 2076 2685 2133 studio
2731 2077 2856 2133 fecit
2897 2094 3016 2150 quia
3047 2079 3304 2150 imperata
3349 2093 3520 2150 erant,
3566 2095 3622 2139 et

2027 2166 2241 2222 miscuit
2273 2175 2380 2222 tres
2429 2183 2709 2224 mensuras
2748 2168 2958 2224 similae.
2999 2171 3129 2225 Nam
3160 2174 3281 2242 quia
3321 2182 3430 2228 tres
3459 2186 3618 2229 erant

2024 2258 2116 2327 qui
2149 2258 2497 2331 advenerant,
2530 2269 2638 2314 tres
2669 2274 2946 2316 mensuras
2969 2261 3132 2331 jussit
3173 2265 3408 2330 misceri,
3456 2274 3514 2320 ut
3540 2266 3613 2319 ci-

2026 2349 2130 2404 tius
2155 2330 2320 2419 panes
2355 2357 2691 2420 pararentur.
2722 2351 2790 2405 Et
2817 2361 2874 2406 ut
2904 2330 3004 2407 hoc
3033 2355 3310 2423 prmcepit,
3351 2355 3416 2409 ad
3449 2356 3612 2411 boves

2025 2441 2140 2509 ipse
2187 2441 2378 2496 iterum
2419 2444 2652 2496 cucurrit
2690 2441 2759 2515 (υ.
2805 2442 2884 2514 7).
2913 2444 2958 2498 0
3008 2447 3153 2501 senis
3177 2447 3547 2516 juventutem!
3589 2467 3623 2503 ο

2024 2530 2218 2585 anima:
2252 2530 2524 2600 vigorem!
2558 2532 2728 2586 currit
2771 2532 2837 2586 ad
2884 2533 3067 2600 boves,
3102 2544 3156 2588 et
3207 2552 3312 2589 non
3356 2538 3618 2606 permittit

2024 2623 2254 2692 aliquem
2284 2622 2694 2702 famulorumeo
2717 2638 2969 2694 pergere:
2992 2641 3088 2695 per
3110 2627 3287 2680 omnia
3313 2637 3624 2685 monstrans

2025 2715 2090 2768 iis
2120 2714 2210 2784 qui
2250 2713 2596 2781 advenerant,
2627 2725 2825 2785 quanta
2871 2714 3139 2786 voluptate
3180 2718 3426 2786 perfusus
3455 2730 3622 2787 esset,

2025 2813 2078 2858 et
2105 2805 2288 2874 quanti
2323 2804 2525 2859 faceret
2553 2820 2740 2859 eorum
2773 2807 3134 2875 praesentiam,
3164 2822 3328 2876 seque
3359 2808 3502 2864 hunc
3526 2827 3622 2879 pro

2027 2895 2278 2949 thesauro
2302 2895 2498 2950 habere
2525 2894 2806 2949 honorem.
2840 2895 2904 2949 Et
2932 2898 3149 2967 accepit,
3178 2899 3367 2968 inquit,
3402 2900 3630 2953 vitulum.

2029 2983 2266 3041 (anellum
2295 2995 2341 3040 et
2398 2986 2602 3041 bonum.
2661 2986 2775 3056 Ipse
2821 3002 2914 3058 per
2955 2989 3300 3058 semetipsum
3353 2990 3619 3046 delectum

2027 3076 2172 3143 fecit,
2204 3087 2261 3132 et
2285 3077 2543 3147 optimum
2581 3078 2669 3147 qui
2703 3077 2889 3132 aderat
2912 3087 3188 3148 acceptum
3239 3095 3406 3150 puero
3432 3080 3616 3146 dedit,

2029 3180 2084 3225 et
2131 3171 2277 3226 illum
2327 3186 2538 3241 quoque
2565 3181 2740 3242 urget,
2773 3179 2833 3226 ut
2880 3172 2997 3226 sine
3047 3187 3195 3226 mora
3218 3183 3472 3242 quantum
3507 3174 3622 3228 fieri

2029 3271 2204 3331 potest
2227 3270 2568 3331 approperet.

2099 3353 2153 3408 6.
2194 3353 2574 3409 Animadverte
2613 3354 2882 3424 quomodo
2925 3355 3102 3408 omnia
3147 3370 3268 3409 eum
3318 3354 3629 3421 velocitate,

2027 3460 2149 3499 cum
2173 3445 2400 3502 ferventi
2429 3446 2725 3514 alacritate,
2759 3461 2880 3501 eum
2919 3447 3207 3513 hilaritate,
3251 3462 3372 3502 cum
3403 3448 3634 3518 gandio,-

2025 3551 2147 3590 cum
2196 3550 2387 3606 magna
2409 3535 2741 3605 jucunditate
2783 3536 2931 3591 ﬁant.
2987 3535 3050 3590 Et
3083 3539 3335 3608 festinavit
3371 3554 3496 3606 puer
3530 3540 3625 3591 hoc

2029 3629 2217 3695 facere.
2257 3624 2439 3695 Neque
2465 3624 2552 3679 hic
2573 3640 2735 3680 senex
2763 3625 3009 3694 quiescit,
3043 3626 3137 3680 sed
3164 3627 3355 3682 iterum
3381 3627 3432 3681 in
3462 3628 3624 3682 mini-

2026 3719 2123 3771 stri
2149 3716 2392 3772 ordinem
2417 3717 2625 3771 transit.
2657 3717 2710 3772 8.
2745 3715 2811 3770 Et
2832 3727 2886 3771 ut
2907 3719 3100 3788 accepit
3130 3719 3367 3788 butyrum
3397 3729 3443 3772 et
3469 3719 3548 3772 lac
3577 3729 3629 3773 et

2026 3809 2258 3877 vitulum,
2291 3825 2439 3878 quem
2480 3817 2810 3876 mactaverat,
2842 3810 3081 3880 apposuit
3123 3811 3244 3863 illis.
3277 3810 3368 3865 Sic
3399 3826 3494 3880 per
3535 3827 3625 3866 se-

2027 3901 2314 3970 metipsum
2355 3901 2534 3955 omnia
2565 3899 2692 3954 facit
2735 3910 2788 3954 et
2830 3902 3068 3968 apponit.
3100 3900 3169 3954 Et
3197 3916 3372 3971 neque
3401 3902 3620 3972 dignum

2026 3993 2376 4061 semetipsum
2403 3992 2614 4045 censuit
2643 3991 2733 4061 qui
2765 3991 3071 4046 consideret
3100 4006 3220 4046 cum
3249 3994 3349 4059 eis,
3388 3993 3482 4049 sed
3516 3995 3624 4051 illis

2026 4081 2431 4138 comedentibus
2467 4080 2717 4136 adstabat
2743 4081 2859 4150 ipse
2889 4081 2990 4135 sub
3018 4082 3232 4136 arbore.
3275 4081 3321 4138 Ο
3351 4085 3622 4154 magnitu-

2025 4173 2204 4227 dinem
2249 4170 2659 4240 hospitalitatis!
2703 4186 2736 4226 ο
2775 4171 3090 4226 humilitatis
3135 4173 3543 4232 excellentiam!
3588 4197 3621 4233 o

2027 4274 2262 4318 mentem
2289 4262 2577 4318 admodum
2623 4263 2956 4334 religiosam!
2990 4264 3237 4320 adstabat
3277 4269 3619 4323 centenarins

2027 4360 2188 4415 homo
2214 4358 2616 4416 comedentibus
2648 4359 2774 4414 illis.
2802 4359 2928 4413 Mihi
2957 4359 3167 4414 videtur
3193 4369 3318 4415 tunc
3347 4377 3458 4433 pra:
3487 4379 3620 4433 gau-

2026 4453 2116 4508 dio
2130 4453 2512 4520 alacritateque
2543 4451 2729 4515 multa,
2761 4450 3126 4507 imbecillitate
3149 4467 3243 4506 sua
3268 4451 3435 4507 factus
3462 4467 3621 4524 supe-

2028 4546 2157 4609 rior,
2206 4553 2261 4598 et
2300 4543 2466 4598 robur
2491 4542 2760 4614 quoddam
2801 4545 3095 4613 accepisse.
3128 4544 3284 4614 Saepe
3313 4547 3454 4601 enim
3487 4562 3620 4602 con-

2027 4637 2206 4692 suevit
2247 4637 2496 4691 alacritas
2543 4635 2757 4702 animze,
2806 4636 2850 4690 si
2889 4637 3102 4706 quando
3148 4638 3396 4692 roborata
3443 4639 3620 4704 fuerit,

2028 4729 2240 4782 vincere
2263 4726 2506 4796 corporis
2534 4727 2978 4782 imbecillitatem.
3009 4725 3194 4782 Stabat
3217 4728 3374 4797 igitur
3397 4731 3619 4800 patriar-

2027 4817 2126 4873 eha
2154 4817 2305 4886 quasi
2334 4817 2587 4887 famulus,
2621 4817 2722 4872 hoc
2749 4831 2960 4872 summo
3001 4817 3190 4872 honori
3224 4817 3448 4882 habens,
3479 4822 3622 4890 quod

2030 4909 2385 4977 praesentibus
2408 4907 2758 4977 ministraret,
2797 4919 2851 4964 et
2895 4908 3162 4964 solaretur
3188 4904 3632 4968 itineris'eorum.

2029 5001 2286 5056 laborem.
2335 5001 2527 5056 Vidisti
2579 5012 2777 5073 quanta
2823 5002 2955 5072 justi
3005 5001 3390 5072 hospitalitas?
3438 5003 3626 5074 Neque

2027 5094 2168 5147 enim
2199 5094 2300 5148 hoc
2322 5092 2494 5148 solum
2517 5094 2823 5161 considera,
2851 5093 2994 5165 quod
3014 5108 3180 5165 panes
3208 5097 3629 5164 proposueritet

2029 5184 2295 5238 vitulum:
2326 5183 2420 5239 sed
2472 5183 2600 5238 illud
2645 5185 2854 5255 cogita,
2901 5199 3021 5238 cum
3075 5192 3276 5254 quanto
3321 5183 3526 5240 honore
3570 5196 3625 5239 et

2027 5283 2228 5345 quanta
2253 5274 2514 5330 modestia
2556 5274 2792 5329 exhibita
2838 5275 2906 5329 sit
2938 5274 3291 5344 hospitalitas.
3335 5276 3450 5331 Non
3488 5277 3639 5335 sicut

2028 5365 2206 5433 multi,
2229 5366 2320 5437 qui
2351 5364 2542 5436 siquid
2588 5365 2696 5421 tale
2731 5363 2978 5431 fecerint,
3011 5366 3327 5435 superbiunt
3362 5375 3416 5420 et
3441 5367 3625 5436 chpi-

2028 5458 2176 5512 ciunt
2220 5467 2496 5527 susceptos
2537 5456 2800 5527 hospites,
2833 5471 2900 5512 eo
2930 5457 3076 5527 quod
3120 5457 3474 5513 ministerium
3520 5459 3638 5519 illis

2028 5549 2334 5606 exhibeant.
2367 5549 2480 5605 Iloc
2510 5558 2689 5605 autem
2719 5547 2944 5618 perinde
2972 5556 3076 5614 est,
3111 5563 3174 5602 ac
3201 5549 3246 5603 si
3274 5547 3394 5619 quis
3415 5549 3628 5604 divitias

2027 5649 2317 5712 congregat
2352 5649 2407 5696 et
2453 5639 2834 5696 circumferat:
2864 5647 2919 5694 et
2960 5654 3082 5693 cum
3120 5639 3416 5711 collegerit,
3447 5642 3625 5695 omnia

2028 5733 2187 5788 simul
2221 5749 2251 5790 e
2275 5733 2521 5789 manibus
2546 5732 2812 5802 projiciat.
2847 5733 3102 5802 Quisquis
3134 5732 3281 5789 enim
3325 5750 3445 5789 cum
3475 5747 3626 5788 arro-

2033 5828 2213 5898 gantia
2260 5838 2510 5899 operatur
2555 5826 2846 5898 quidpiam,
2905 5837 2959 5883 et
3007 5827 3085 5882 sic
3139 5825 3265 5882 facit
3315 5827 3463 5897 quasi
3508 5824 3623 5893 plus
