4060 6340
416 318 539 373 ,5δὸ

432 433 695 503 prmbercl
726 445 880 501 quam
904 429 1188 499 acciperet,
1220 430 1392 485 nescit
1417 429 1541 500 quid
1569 427 1726 483 faciat
1755 444 1767 480 :
1796 425 2017 497 proinde

432 535 484 577 et
511 522 835 588 mercedem,
861 538 979 591 qua:
1008 521 1131 576 hinc
1161 523 1491 592 proveniret,
1515 520 1794 591 disperdil.
1828 519 2022 574 Verum

434 616 603 687 justus
637 616 726 670 ille
762 616 940 670 sciens
984 613 1112 684 quid
1167 623 1496 683 operaretur,
1552 628 1646 683 per
1686 611 1862 666 omnia
1906 625 2025 681 quae

435 708 677 774 faciebat,
708 705 1022 760 ostendebat
1051 707 1380 760 alacritatem
1409 705 1620 759 mentis.
1657 703 1724 758 Et
1747 713 2025 772 postquam

433 798 649 866 largiter
677 807 730 852 et
758 811 946 867 magna
977 796 1247 850 hilaritate
1276 795 1556 851 seminavit
1584 794 2020 863 hospitalitatem,

431 888 611 943 statim
659 895 712 942 et
742 886 1048 956 manipulos
1087 886 1388 940 uberrimos
1415 885 1656 941 messuit.
1687 883 1820 938 Nam
1849 883 1936 938 ubi
1961 898 2021 938 ea

431 993 550 1048 qua:
579 993 645 1032 ex
696 993 754 1032 se
803 985 960 1032 erant
1007 976 1264 1046 implevit,
1297 985 1351 1031 et
1388 976 1522 1030 nihil
1553 975 1922 1046 prmtermisit,
1963 988 2027 1029 ac

433 1072 592 1125 tinent
620 1077 962 1140 acceperunt,
987 1085 1104 1140 qua:
1126 1068 1192 1123 ad
1220 1068 1634 1140 h05pitalitatcm
1664 1067 2022 1139 pertinebant,

433 1161 812 1231 dcclarataque
839 1160 1080 1230 fuitjusti
1107 1160 1272 1214 virtus
1302 1177 1315 1213 :
1352 1169 1478 1215 tunc
1513 1159 1730 1215 demum
1764 1168 1820 1214 ut
1851 1159 2026 1214 disce-

434 1263 519 1308 ret
565 1253 740 1323 justus
793 1263 1112 1322 quautorum
1157 1262 1212 1307 et
1260 1253 1495 1322 qualium
1554 1252 1813 1307 bonorum
1865 1267 2022 1306 causa

434 1346 592 1400 fuerit
635 1344 988 1414 hospitalitas,
1027 1343 1337 1401 manifestat
1380 1357 1441 1400 se
1477 1345 1522 1400 is
1568 1344 1660 1416 qui
1704 1343 2022 1408 advenerat,

434 1449 593 1507 atque
631 1437 882 1506 paulatim
917 1437 1120 1508 justum
1158 1452 1272 1493 sua:
1308 1435 1728 1508 magnitudinem
1775 1437 2026 1507 potentia:

433 1528 616 1583 docet.
643 1527 774 1583 Nam
807 1528 897 1583 ubi
924 1528 1051 1583 vidit
1080 1543 1202 1584 eum
1234 1536 1466 1584 stantem
1497 1527 1636 1597 apud
1664 1542 1940 1597 quercum,
1971 1536 2026 1582 et

438 1618 630 1673 stando
672 1635 922 1690 magnum
981 1619 1242 1675 honorem
1297 1628 1352 1674 ct
1405 1619 1759 1674 ministerium
1808 1618 2022 1685 afferre,

434 1710 571 1764 dixit
611 1710 659 1765 ei
689 1729 700 1764 :
732 1711 788 1766 9.
826 1709 925 1766 Ubi
968 1720 1039 1765 est
1087 1710 1250 1766 Sarra
1290 1727 1420 1764 uxor
1464 1710 1588 1762 tua?
1617 1709 1808 1765 Statim
1847 1719 2025 1765 autem

435 1817 532 1870 per
559 1802 1030 1872 interrogationem
1071 1801 1428 1857 subindicavit
1472 1801 1521 1855 ci
1566 1815 1626 1856 se
1673 1816 1777 1856 non
1810 1817 1932 1857 esse
1959 1817 2025 1856 ex

434 1892 742 1961 vulgaribus
764 1891 1017 1961 aliquem,
1053 1900 1238 1961 utpote
1266 1892 1354 1961 qui
1376 1901 1429 1946 et
1457 1893 1636 1946 uxoris
1665 1893 1805 1946 illius
1831 1907 2024 1948 nomen

439 1985 624 2040 sciret.
677 1985 771 2040 Ille
826 1991 1006 2039 autem
1053 1984 1260 2053 inquit:
1292 1983 1425 2038 Ecce
1467 1984 1521 2038 in
1566 1984 1909 2039 tabernaculo.
1957 1983 2026 2039 Et

434 2076 556 2143 quia
599 2075 802 2140 statim,
836 2082 1106 2144 tamquam
1135 2073 1299 2143 Deus,
1331 2074 1661 2146 polliciturus
1690 2084 1805 2130 erat
1834 2077 1881 2130 ci
1909 2091 2029 2146 qua:

435 2181 595 2236 supra
637 2176 879 2222 naturam
909 2175 1086 2234 erant,
1117 2176 1334 2237 propter
1366 2166 1467 2222 hoc
1493 2176 1548 2222 ct
1572 2167 1802 2223 dicendo
1829 2182 2026 2223 nomen

435 2257 612 2312 Sarra:
651 2257 969 2327 signiticavit
1007 2273 1165 2328 supra
1211 2257 1483 2313 hominem
1527 2272 1647 2314 esse
1685 2273 1806 2314 eum
1837 2260 1925 2329 qui
1975 2259 2028 2314 in

439 2347 838 2403 tabernaculum
867 2348 984 2418 ejus
1014 2347 1325 2402 diverterat.
1357 2348 1444 2402 I0.
1473 2347 1743 2402 Revertens
1769 2348 1920 2413 enim,
1950 2350 2030 2403 in-

438 2437 573 2505 quit,
604 2438 798 2490 veniam
838 2437 904 2490 ad
937 2445 986 2490 te
1009 2437 1284 2490 secundum
1328 2447 1524 2507 tempus
1563 2437 1657 2490 hoc
1692 2437 1745 2490 in
1782 2437 1952 2503 horas,
1984 2448 2032 2492 et

441 2524 637 2580 habebit
663 2527 830 2595 ﬁlium
860 2524 1024 2580 Sarra
1046 2541 1175 2579 uxor
1195 2535 1300 2579 tua.
1333 2525 1472 2580 Ecce
1506 2525 1887 2596 hospitalitatis
1919 2529 2030 2583 fru-

441 2625 583 2681 ctus,
614 2629 740 2670 ecce
769 2615 1064 2670 alacritatis
1098 2615 1239 2670 illius
1267 2616 1418 2671 mira:
1449 2619 1677 2683 merces,
1721 2632 1847 2672 ecce
1885 2617 2032 2672 labo-

447 2721 564 2762 rum
592 2705 765 2760 Sarra:
805 2707 1206 2762 retributiones.
1241 2706 1345 2761 Illa
1383 2717 1572 2769 autem.
1617 2708 1807 2778 inquit,
1840 2709 2032 2762 audivit

433 2799 586 2866 juxta
617 2799 798 2852 ostium
821 2797 1150 2865 tabernaculi,
1173 2807 1312 2852 stans
1342 2807 1452 2867 post
1473 2798 1620 2852 illud.
1656 2799 1740 2853 12.
1765 2797 1834 2852 Et
1860 2809 1914 2853 ut
1938 2800 2034 2852 hoc

441 2891 651 2956 atulivit,
681 2891 790 2945 risit
813 2907 1004 2956 secum,
1046 2889 1217 2944 dicens
1239 2908 1258 2946 :
1290 2888 1532 2944 Nondum
1561 2891 1762 2962 quidem
1788 2891 1909 2945 mihi
1935 2891 2031 2960 fuit

441 2997 596 3050 usque
619 2997 791 3047 nunc;
821 2981 1055 3034 deniinus
1081 2988 1248 3034 autem
1276 2995 1413 3034 meus
1432 2995 1604 3034 senes.
1635 2979 1702 3034 Et
1731 2987 1787 3034 ut
1813 2989 2036 3036 excuSet

447 3073 622 3129 divina
652 3073 926 3144 Scriptura
954 3073 1194 3140 Sarram,
1219 3073 1365 3141 prius
1393 3071 1736 3141 significavit:
1757 3072 1839 3127 11.
1872 3071 2036 3125 Abra-

447 3165 566 3218 ham
594 3172 760 3217 autem
800 3173 845 3218 et
891 3163 1054 3218 Sarra
1079 3163 1330 3234 progressi
1357 3171 1498 3216 erant
1531 3162 1583 3216 in
1612 3162 1784 3216 diebus
1818 3164 1943 3218 suis.
1973 3163 2039 3218 Et

447 3269 621 3324 neque
660 3254 762 3308 hoc
795 3262 1044 3308 contenta
1083 3253 1266 3322 adjicit
1293 3269 1305 3306 :
1335 3251 1402 3305 Et
1442 3252 1693 3307 desierant
1724 3252 1901 3307 Sarra:
1927 3254 2038 3322 ﬁeri

444 3340 729 3400 muliebria.
778 3345 1058 3401 Arefactus
1106 3352 1243 3411 erat,
1291 3345 1481 3414 inquit,
1537 3343 1688 3411 fons,
1739 3355 2039 3401 excaecatus

445 3437 652 3502 oculus,
687 3435 898 3491 officina
948 3436 1060 3506 ipsa
1102 3444 1217 3492 erat
1263 3435 1464 3490 inutilis
1503 3434 1660 3490 facta.
1690 3434 1772 3490 Ad
1799 3451 1916 3506 qua:
1955 3453 2037 3492 re-

446 3530 678 3599 spiciens
723 3529 905 3595 Sarra,
951 3528 1218 3599 cogitabat
1257 3527 1398 3598 apud
1435 3528 1778 3598 semetipsam
1825 3537 2038 3584 aetatem

452 3633 606 3672 suam
651 3629 703 3673 et
733 3627 1063 3674 senectutem
1101 3617 1418 3688 patriarcha:
1445 3616 1514 3690 (υ.
1546 3617 1660 3687 12).
1685 3616 1882 3680 Verum
1912 3619 2038 3673 dum

452 3709 542 3762 illa
571 3710 708 3762 intra
742 3708 1140 3763 tabernaculum
1165 3710 1235 3760 ita
1275 3709 1490 3778 cogitat,
1520 3707 1564 3762 is
1595 3709 1684 3778 qui
1721 3710 1823 3763 scit
1848 3725 2040 3764 arcana

446 3799 666 3870 mentis,
689 3799 1060 3857 demonstrare
1089 3797 1271 3856 volens
1299 3807 1352 3856 et
1378 3799 1589 3860 virtutis
1631 3813 1742 3857 suta
1768 3800 2042 3859 excellen-

449 3894 598 3958 tiam,
646 3902 702 3948 et
750 3893 882 3946 nihil
931 3892 1198 3947 occultum
1245 3906 1303 3948 se
1344 3891 1531 3956 latere,
1589 3891 1718 3948 dicit
1766 3892 2039 3948 Abrahaa:

447 3985 536 4039 15.
573 3983 676 4038 Cur
720 3984 832 4038 risit
877 3982 1043 4037 Sarra
1068 3983 1208 4053 apud
1254 3984 1494 4052 seipsant,
1528 3982 1699 4038 dicens
1727 3999 1747 4037 :
1775 3982 2044 4056 Numquid

447 4093 558 4130 vere
578 4077 774 4147 pariam
792 4077 818 4130 7
843 4091 934 4146 ego
961 4085 1129 4130 autent
1157 4075 1318 4129 senui.
1349 4073 1476 4129 Haec
1499 4074 1642 4129 enim
1672 4075 1758 4130 illa
1785 4074 1924 4146 apud
1953 4090 2043 4130 se-

449 4166 731 4235 metipsum
785 4155 1074 4235 cogitabat.
1132 4165 1222 4219 14.
1278 4163 1422 4218 Num
1463 4164 1793 4234 impossibile,
1851 4165 2041 4236 inquit,

449 4256 590 4325 apud
627 4255 788 4310 Deum
817 4255 1058 4309 verbum?
1087 4254 1230 4310 Ecce
1256 4255 1537 4310 manifeste
1560 4255 1793 4325 seipsum
1820 4254 2040 4326 detegit.

451 4348 565 4402 Non
613 4349 780 4413 scitis,
823 4346 1014 4416 inquit,
1060 4361 1166 4414 mc,
1207 4356 1412 4401 natura:
1455 4345 1714 4402 Dominus
1751 4361 1873 4402 cum
1914 4347 2037 4414 sim,

454 4419 652 4493 omniii'
677 4451 836 4506 posse
877 4437 1092 4504 quando
1137 4437 1380 4504 voluero,
1427 4444 1482 4492 et
1528 4447 1792 4492 mortuam
1836 4453 2046 4508 quoque

454 4527 666 4581 vulvam
719 4525 1000 4581 fecundam
1045 4534 1099 4580 et
1144 4528 1316 4597 partui
1357 4526 1601 4582 idoneam
1653 4527 1866 4584 facere?
1903 4528 2046 4584 Nunt

453 4617 796 4688 impossibite,
862 4616 1069 4688 inquit,
1136 4617 1278 4686 apud
1336 4616 1502 4672 Deum
1565 4618 1800 4690 aliquid?
1859 4619 2047 4676 Nonne

459 4709 638 4764 omnia
689 4707 824 4763 facio
870 4716 927 4763 et
968 4707 1325 4763 transformo‘?
1373 4723 1554 4763 nonne
1595 4711 1719 4763 vitae
1759 4718 1812 4764 et
1859 4711 2048 4765 mortis

455 4808 778 4870 potestatem
824 4799 1033 4854 habeo?
1062 4797 1207 4852 Nunt
1233 4801 1540 4870 impossibile
1581 4811 1652 4855 est
1687 4801 1882 4869 aliquid
1907 4803 2048 4872 apud

457 4890 666 4946 Deum?
695 4890 883 4946 Nonne
919 4891 1066 4960 prius
1105 4890 1205 4946 hoc
1253 4892 1519 4960 pollicitus
1557 4892 1716 4948 sum?
1758 4892 1894 4947 Num
1953 4908 2048 4963 po-

458 4990 563 5035 test
596 4981 866 5051 quidpiam
896 4996 923 5033 a
953 4996 1039 5036 me
1072 4980 1271 5036 dictum
1299 4997 1404 5036 non
1443 4983 1496 5037 in
1535 4997 1668 5052 opus
1691 4984 1878 5039 exire?
1906 4985 2044 5039 Audi

458 5071 638 5141 igitur,
672 5071 811 5140 quod
841 5069 905 5124 In
937 5074 1276 5141 temporehoc
1303 5084 1526 5127 revertar
1545 5075 1612 5128 ad
1639 5085 1685 5128 te
1715 5075 1768 5128 in
1794 5076 1967 5144 horas,
2002 5088 2048 5130 et

458 5165 551 5218 erit
591 5164 767 5219 Same
796 5164 956 5234 filius.
1005 5165 1290 5235 Postquam
1336 5176 1627 5233 revertere,
1679 5168 1868 5238 inquit,
1916 5177 2049 5222 tem-

457 5271 588 5324 pore
617 5256 738 5321 hoc,
773 5265 898 5312 tunc
925 5257 1058 5311 sciet
1081 5273 1140 5311 re
1171 5258 1282 5326 ipsa
1319 5257 1482 5312 Sarra
1509 5257 1653 5328 quod
1683 5273 1855 5328 neque
1885 5273 2047 5314 sene-

457 5356 575 5402 ctus
597 5346 645 5401 ei
667 5346 942 5401 obstaculo
973 5346 1154 5414 fuerit,
1181 5363 1355 5418 neque
1385 5349 1637 5404 sterilitas
1666 5366 1679 5404 :
1710 5350 1803 5405 sed
1825 5349 2049 5406 verbum

459 5448 638 5489 meum
670 5452 776 5490 non
803 5438 998 5506 poterit
1019 5437 1225 5494 irritum
1249 5439 1421 5504 reddi,
1454 5449 1504 5495 et
1533 5450 1715 5510 partus
1737 5456 1854 5497 eam
1885 5442 2046 5500 doce-

457 5523 537 5579 bit
564 5538 746 5581 eorum
778 5543 895 5598 quze
924 5545 954 5583 a
983 5543 1068 5584 me
1093 5529 1234 5585 dicta
1277 5540 1401 5585 sunt
1437 5534 1751 5601 potentiam.
1780 5533 2048 5591 CmterUm

461 5625 518 5669 ut
546 5615 633 5670 illa
667 5618 886 5684 audivit,
918 5635 1090 5690 neque
1111 5620 1201 5676 illa
1224 5637 1344 5692 qua:
1369 5625 1626 5694 cogitaret
1653 5641 1774 5683 esse
1801 5629 2048 5697 praesenti

461 5708 690 5776 occulta,
732 5707 818 5762 15.
869 5709 1084 5781 Negavit
1124 5713 1332 5768 dicens:
1366 5713 1486 5770 Non
1531 5718 1637 5772 risi.
1680 5717 1862 5774 Timor
1907 5721 2050 5776 enim

1150 317 1204 372 S.
1247 316 1522 373 JO.\NNIS
1561 311 2035 372 CIIRYSOSTOSII
2077 311 2392 369 ARCIIIEP.
2436 313 2968 374 CONSTANTINOP.

3621 325 3726 382 δδι

2135 439 2480 485 concusserat
2519 431 2635 502 ejus
2678 441 2930 488 mentem.
2979 433 3270 506 Propterea
3311 435 3584 510 Scriptura
3627 441 3731 499 hoc

2135 527 2304 573 totum
2346 519 2640 577 infirmitati
2681 523 2799 594 ejus
2839 524 3075 582 tribuens
3114 524 3306 598 inquit,
3350 527 3553 587 Timore
3592 535 3730 588 enim

2133 611 2399 679 perterrita
2435 612 2554 684 fuit.
2597 613 2792 669 Verum
2834 617 3131 686 patriarcha
3163 619 3294 676 dicit
3329 621 3378 676 ei
3403 638 3421 678 :
3445 621 3587 691 Non,
3639 631 3730 682 sed

2131 703 2308 757 risisti.
2336 702 2414 758 Ne
2441 712 2616 774 putes,
2651 705 2841 776 inquit,
2872 707 2996 763 licet
3022 708 3075 764 in
3102 709 3284 768 animo
3311 710 3426 768 hac
3453 721 3719 772 tractave-

2132 792 2226 858 ris,
2258 801 2312 849 et
2340 794 2392 848 in
2423 797 2632 850 occulto
2671 796 2876 863 riseris,
2910 798 3025 854 haec
3046 813 3208 870 posse
3231 801 3485 858 abscondi
3521 804 3588 859 ab
3610 807 3732 876 ejus

2131 886 2220 955 qui
2252 885 2472 941 advenit
2493 888 2692 944 virtute
2715 895 2770 942 et
2802 889 3049 945 scientia.
3084 890 3266 962 Itaque
3291 907 3490 965 negare
3528 894 3727 952 factum

2132 980 2260 1044 noli,
2291 994 2358 1035 ne
2401 979 2566 1034 addas
2605 979 2672 1035 ad
2715 990 3021 1052 peccatum.
3053 982 3239 1053 Magna
3283 987 3428 1042 enim
3461 986 3620 1044 hodie
3659 990 3728 1045 ab

2136 1066 2236 1124 hac
2260 1069 2622 1139 hOSpitalitate
2651 1071 2805 1127 nobis
2835 1073 3153 1142 proveniant
3176 1073 3337 1130 bona.

2203 1161 2255 1214 7.
2301 1159 2517 1216 Morafis
2563 1163 2866 1218 exhortatio.
2900 1192 2972 1204 —-
2998 1163 3149 1220 Hunc
3195 1165 3465 1222 imitemur
3511 1182 3733 1238 omnes,

2131 1261 2186 1307 et
2209 1267 2452 1323 magnam
2485 1268 2736 1324 geramus
2761 1253 3138 1325 hospitalitatis
3163 1271 3346 1313 curam
3372 1275 3386 1312 :
3417 1273 3522 1314 non
3549 1269 3609 1316 ut
3637 1261 3732 1318 llu-

2131 1357 2318 1397 xorum
2342 1351 2398 1398 et
2419 1343 2840 1414 corruptibilium
2881 1344 3288 1404 retributionem
3312 1348 3485 1404 solum
3507 1351 3739 1420 accipia-

2131 1448 2250 1488 mus
2271 1474 2284 1498 ,
2308 1433 2403 1488 sed
2431 1442 2488 1488 ut
2511 1449 2832 1504 reponamus
2861 1436 3014 1492 nobis
3039 1436 3200 1492 etiam
3230 1438 3609 1496 immortalium
3641 1442 3736 1497 bo-

2131 1537 2320 1577 norum
2347 1523 2670 1579 fruitionem.
2712 1525 2843 1580 Nam
2867 1529 2910 1580 si
2934 1527 3036 1583 hoc
3072 1527 3294 1584 facimus
3315 1572 3330 1596 ,
3351 1545 3449 1586 nos
3468 1531 3626 1586 etiam
3649 1532 3739 1588 hic

2129 1613 2398 1668 Christum
2424 1615 2776 1685 suscipiemus
2799 1657 2816 1684 ,
2847 1625 2903 1673 et
2929 1619 3183 1689 suscipiet
3207 1620 3370 1675 etiam
3413 1622 3530 1690 ipse
3556 1638 3653 1678 nos
3681 1624 3734 1678 iu

2131 1706 2494 1762 mansionibus
2532 1707 2634 1764 illis
2659 1723 2777 1778 qua:
2802 1708 2871 1764 ab
2889 1716 3093 1765 aeterno
3121 1719 3430 1780 purpurata:
3457 1723 3581 1768 sunt
3610 1713 3742 1769 dili-

2129 1795 2371 1865 gentibus
2399 1795 2570 1866 ipsum
2592 1844 2608 1864 ,
2647 1796 3029 1868 audiemusque
3057 1797 3126 1853 ab
3149 1813 3217 1854 eo
3255 1817 3269 1854 :
3309 1799 3512 1866 Venite,
3541 1803 3743 1857 bent-di-

2131 1888 2199 1940 cti
2215 1885 2398 1944 Patris
2422 1890 2545 1954 mei,
2573 1889 2626 1942 in
2648 1889 2974 1944 hereditatem
2999 1891 3211 1962 accipite
3244 1901 3584 1962 prlzparntum
3606 1895 3744 1950 vobis

2132 1992 2340 2046 regnum
2365 1978 2426 2030 ab
2451 1978 2644 2048 origine
2668 1980 2845 2034 mundi
2863 1978 3078 2050 (Matth.
3101 1981 3190 2036 25.
3216 1982 3424 2052 34.56).
3440 1983 3603 2053 (iuius
3619 1999 3744 2054 gra-

2135 2067 2204 2121 tia
2246 2077 2300 2123 et
2353 2077 2571 2138 propter
2621 2070 2792 2139 quid?
2819 2069 3028 2124 Esurivi
3078 2070 3245 2140 enim,
3276 2079 3322 2126 et
3360 2072 3568 2128 dedistis
3619 2074 3744 2128 ntihi

2134 2158 2480 2213 manducare:
2514 2159 2648 2213 sitivi
2669 2201 2686 2226 ,
2715 2167 2762 2213 et
2801 2161 3012 2228 potestis
3041 2176 3120 2214 me
3142 2175 3161 2214 :
3212 2161 3507 2232 peregrinus
3549 2164 3650 2233 fui,
3695 2174 3745 2217 et

2134 2249 2406 2318 collegistis
2424 2267 2501 2305 me
2516 2252 2598 2305 :in
2614 2268 2811 2307 carcere
2834 2253 2932 2324 fui,
2953 2263 2996 2307 et
3023 2253 3260 2308 invisistis
3288 2271 3384 2308 me.
3405 2255 3541 2322 Quid
3568 2257 3745 2312 minus

2135 2339 2418 2395 molestum
2465 2357 2622 2411 quam
2676 2341 2828 2398 haec?
2872 2342 3008 2398 Num
3055 2343 3295 2413 praecipit
3335 2344 3488 2400 nobis
3532 2347 3746 2402 curiose

2133 2429 2362 2483 scrutari
2390 2438 2446 2484 et
2495 2430 2786 2500 inquirere,
2828 2431 3142 2502 quibusnam
3193 2431 3510 2488 deberemus
3553 2448 3739 2489 curam

2135 2519 2428 2575 exhibere?
2464 2519 2542 2574 Tu
2589 2521 2733 2590 quod
2770 2531 2914 2577 tuum
2947 2529 3061 2590 est,
3095 2522 3292 2591 inquit,
3328 2523 3574 2594 ostende,
3621 2526 3747 2583 licet

2137 2609 2377 2680 abiectus
2421 2621 2476 2668 et
2502 2613 2622 2668 vilis
2645 2613 2735 2680 sit,
2791 2625 2849 2669 ut
2879 2625 3131 2685 apparet,
3164 2630 3321 2684 quem
3377 2613 3524 2672 foves
3555 2637 3569 2673 :
3626 2635 3748 2690 qua:

2136 2702 2280 2756 enim
2302 2702 2354 2756 in
2382 2702 2500 2759 illos
2521 2704 2655 2758 facta
2676 2713 2819 2774 sunt,
2845 2719 2948 2775 ego
2966 2714 3024 2760 ut
3049 2707 3178 2762 mihi
3204 2709 3302 2779 ipsi
3325 2708 3461 2764 facta
3491 2724 3746 2779 agnoseo.

2139 2793 2426 2864 Propterea
2447 2793 2652 2850 addidit
2673 2813 2686 2849 :
2709 2794 2774 2850 In
2793 2807 3040 2865 quantum
3063 2799 3253 2868 fecistis
3273 2800 3360 2854 uni
3378 2803 3593 2870 fratrum
3616 2817 3749 2855 meo-

2139 2899 2256 2936 rum
2285 2885 2638 2953 minintorum,
2668 2885 2793 2938 mihi
2820 2886 3005 2955 fecistis
3035 2885 3194 2957 (Ibid.
3219 2903 3269 2942 ν.
3291 2890 3406 2958 40).
3439 2889 3603 2958 Igitur
3626 2904 3750 2944 cum

2142 2982 2286 3028 tanta
2315 2989 2380 3029 ex
2413 2974 2771 3046 hospitalitate
2806 2978 2914 3030 sint
2946 2976 3089 3031 lucra
3111 3019 3126 3044 ,
3156 2994 3261 3033 non
3309 2988 3750 3046 contemnamus,

2141 3065 2238 3124 sed
2266 3060 2504 3135 quotidie
2550 3066 2708 3136 hujus
2741 3067 2894 3122 bonae
2922 3067 3294 3138 negotiationis
3324 3084 3530 3125 merces
3553 3069 3754 3126 inferre

2142 3157 2472 3227 Studeamus,
2525 3159 2756 3215 scientes
2805 3160 3086 3216 Dominum
3132 3169 3374 3217 nostrum
3425 3161 3754 3218 alacritatem

2143 3262 2410 3318 magnam,
2458 3263 2564 3302 non
2608 3248 2849 3304 ciborum
2897 3249 3105 3319 pondus
3133 3252 3747 3322 requirere.nonmeu-

2143 3352 2256 3397 sam
2283 3347 2671 3408 sumptuosam,
2701 3338 2796 3394 sed
2841 3348 3075 3395 mentem
3102 3338 3329 3398 hilarem
3349 3383 3364 3408 ,
3393 3356 3500 3396 non
3549 3350 3754 3398 tantum

2145 3428 2502 3484 ministerium
2535 3445 2564 3483 a
2593 3429 2750 3484 nudis
2779 3430 2977 3496 verbis,
3007 3431 3103 3487 sed
3123 3432 3398 3488 caritatem
3427 3447 3460 3487 a
3487 3447 3619 3502 puro
3639 3434 3750 3488 sin-

2145 3533 2378 3589 ceroque
2426 3520 2608 3576 corde.
2639 3520 2842 3578 Idcirco
2893 3531 2948 3577 et
3001 3523 3212 3592 sapiens
3250 3523 3466 3593 quidam
3510 3524 3755 3582 dicebat:

2148 3609 2334 3664 Melior
2370 3627 2534 3665 sermo
2555 3627 2706 3681 quam
2728 3628 2910 3667 munus
2943 3613 3128 3685 (Eccti.
3160 3615 3246 3670 I8.
3274 3615 3388 3688 16).
3433 3616 3589 3686 Saepe
3613 3617 3756 3672 enim

2147 3703 2411 3760 sermonis
2434 3703 2749 3776 obsequium
2777 3703 2947 3775 magis
2969 3715 3178 3762 recreat
3202 3705 3528 3779 indigentem
3551 3747 3567 3775 ,
3595 3723 3754 3779 quam

2149 3797 2351 3852 donum
2376 3798 2569 3867 ipsum.
2601 3797 2726 3852 Haec
2761 3813 2884 3853 cum
2909 3800 3178 3866 Sciamus,
3210 3815 3278 3856 ne
3302 3801 3470 3856 simus
3514 3800 3759 3857 difﬁciles

2149 3905 2273 3961 erga
2303 3905 2396 3945 eos
2436 3891 2526 3961 qui
2555 3889 2622 3944 ad
2652 3905 2751 3945 nos
2777 3889 3038 3945 accedunt
3063 3909 3076 3946 :
3103 3891 3198 3946 sed
3229 3891 3274 3948 si
3314 3892 3643 3961 potuerimus
3667 3906 3761 3947 eo-

2150 3998 2269 4038 rum
2298 3983 2531 4054 inOpiam
2553 3983 2832 4038 sublevare
2854 4024 2868 4049 ,
2895 3982 2998 4039 hoc
3022 3982 3276 4039 faciamus
3303 3997 3426 4038 cum
3440 3982 3634 4054 gaudio
3661 3984 3755 4037 lae-

2153 4075 2372 4146 titiaque
2409 4091 2600 4147 magna
2629 4093 2642 4129 :
2675 4090 2782 4132 non
2805 4084 2861 4130 ut
2902 4076 3200 4146 praebentes
3229 4076 3428 4148 aliquid
3447 4118 3464 4143 ,
3494 4076 3589 4132 sed
3615 4085 3672 4132 ut
3693 4077 3762 4130 ab

2151 4166 2228 4222 eis
2254 4167 2483 4222 maxima
2509 4167 2834 4238 accipientes
2865 4185 2877 4220 :
2906 4167 3048 4237 quod
3096 4168 3140 4224 si
3187 4183 3292 4224 non
3341 4182 3624 4239 possumus
3644 4208 3663 4237 ,
3694 4183 3762 4224 ne

2151 4260 2318 4316 simus
2346 4261 2522 4331 asperi
2552 4261 2605 4315 in
2659 4275 2752 4316 eos
2783 4279 2796 4315 :
2828 4259 2923 4316 sed
2953 4261 3129 4317 verbis
3153 4261 3344 4317 saltem
3371 4274 3560 4316 eorum
3579 4275 3763 4326 curam

2153 4367 2406 4423 agamus,
2469 4361 2524 4408 et
2571 4366 2692 4407 cum
2744 4351 3150 4408 mansuetudine
3193 4351 3612 4422 respondeamus
3660 4353 3759 4408 eis.

2152 4441 2330 4510 Quare
2366 4443 2508 4498 enim
2534 4441 2666 4498 dure
2689 4442 2981 4512 compellas
3021 4442 3170 4497 eum?
3216 4442 3352 4498 Num
3398 4443 3585 4514 cogit?
3638 4457 3766 4497 num

2154 4533 2262 4588 vim
2292 4532 2459 4588 facit?
2488 4533 2656 4599 Orat,
2685 4533 2968 4604 supplicat,
2999 4532 3244 4592 obsecrat
3268 4552 3280 4588 :
3307 4534 3398 4603 qui
3439 4541 3621 4588 autem
3647 4531 3764 4588 hate

2156 4622 2318 4690 facit,
2347 4623 2670 4679 contumelia
2697 4623 2887 4694 dignus
2917 4637 3022 4677 non
3051 4631 3152 4678 est.
3185 4622 3324 4689 Quid
3363 4621 3518 4687 dico,
3555 4631 3672 4678 orat
3709 4629 3765 4675 et

2154 4711 2441 4783 supplicat?
2473 4713 2748 4767 lnnumcra
2796 4713 2932 4768 bene
2960 4721 3277 4784 apprecatur
3296 4753 3312 4780 ,
3341 4721 3396 4767 et
3441 4711 3558 4766 hinc
3583 4712 3758 4765 omnia

2159 4803 2286 4859 facit
2315 4818 2413 4874 pro
2435 4819 2540 4858 uno
2572 4803 2730 4859 obolo
2749 4844 2766 4870 ,
2797 4817 2969 4874 neque
2996 4812 3173 4858 tamen
3200 4803 3349 4857 illum
3374 4816 3675 4872 erogamus.
3703 4801 3770 4856 Et

2155 4913 2316 4967 quam
2360 4912 2710 4968 assequemur
2740 4897 2992 4952 veniam?
3021 4910 3180 4966 quam
3222 4895 3534 4950 habebimus
3579 4893 3767 4949 defen-

2156 4989 2398 5046 sionem?
2429 4990 2533 5061 lpsi
2576 4989 2792 5060 quidem
2821 4989 3058 5060 quotidie
3100 4989 3298 5044 lautam
3325 5002 3566 5043 mensam
3616 4987 3771 5043 nobis

2157 5084 2348 5153 apponi
2381 5097 2664 5149 curamus,
2709 5092 2764 5137 et
2815 5096 2959 5152 saepe
2989 5082 3109 5152 plus
3138 5095 3303 5152 quam
3328 5093 3456 5135 usus
3505 5079 3769 5149 requirit,

2161 5175 2518 5230 insumimus:
2553 5176 2657 5231 illis
2697 5191 2824 5230 vero
2864 5191 3040 5248 neque
3066 5189 3290 5245 parvum
3309 5173 3435 5245 quid
3477 5174 3771 5230 communi-

2159 5283 2364 5333 camus,
2389 5267 2545 5339 idque
2561 5282 2680 5322 cum
2700 5267 2977 5322 innumera
3001 5266 3138 5322 bona
3155 5281 3249 5337 per
3265 5265 3363 5321 hos
3386 5280 3484 5320 nos
3499 5263 3772 5320 habituros

2159 5368 2555 5430 exspectemus.
2618 5357 2724 5414 Sed
2769 5373 2803 5414 ο
2856 5372 3102 5428 magnam
3167 5355 3462 5413 desidiam!
3509 5355 3770 5424 Quantam

2160 5449 2300 5504 enim
2359 5449 2482 5504 hinc
2517 5449 2781 5518 iacturam
2830 5447 3092 5504 facimus?
3133 5455 3390 5518 quantum
3419 5447 3552 5501 lucri
3580 5461 3612 5501 e
3654 5460 3766 5499 ma-

2161 5541 2316 5595 nibus
2371 5541 2571 5596 nostris
2646 5541 2909 5597 excedere
2978 5539 3372 5609 permittimus?
3425 5538 3770 5594 Occasionem

2160 5641 2358 5686 nosme
2387 5632 2576 5686 salutis
2614 5647 2643 5686 a
2666 5631 2773 5688 Deo
2803 5630 2959 5687 nobis
2983 5631 3159 5685 datam
3190 5629 3575 5699 amandamus,
3605 5643 3774 5698 neque

2160 5723 2480 5792 cogitamus,
2511 5725 2590 5780 vel
2632 5724 2684 5779 in
2734 5734 2913 5780 mente
2972 5735 3250 5779 versamus
3295 5721 3415 5778 hinc
3461 5721 3770 5792 parvitatem
