4060 6418
458 423 601 478 Ἀλλ’
624 425 652 478 6
683 423 739 478 δὲ
768 422 975 487 δίκαιος
1008 414 1164 486 οὗτος
1193 418 1348 484 εἰδὼς
1400 422 1542 492 ὅπερ
1577 417 1900 489 εἰργάζετο,
1940 415 2034 470 διὰ

446 508 553 561 τῶν
580 506 880 577 γινομένων
915 506 1170 559 ἀπάντων
1198 504 1404 557 ἐδείκνυ
1427 504 1526 572 τῆς
1557 502 1737 572 ψυχῆς
1762 500 1862 571 τὴν
1893 516 2033 570 προο

446 586 666 657 θυμίαν.
704 587 812 640 Καὶ
849 587 1037 658 ἐπειδὴ
1065 587 1201 656 μετά
1233 585 1510 655 δαψιλείας
1546 585 1640 637 καὶ
1689 582 1890 653 πολλῆς
1932 582 2037 649 τῆς

455 669 769 740 ἱλαρότητος
797 668 1017 738 εσπειρε
1048 667 1147 736 τὴν
1175 665 1511 736 φιλοξενίαν,
1560 663 1901 738 παραχρῆμα
1937 663 2035 717 δα-

445 752 594 819 ψιλεί
644 753 707 820 τῇ
747 751 893 822 χειρὶ
944 751 1015 804 τὰ
1064 749 1354 821 δράγματα
1388 750 1619 821 ἐδέχετο.
1661 748 1879 821 Ἐπειδὴ
1930 747 2037 818 γὰρ

448 835 662 890 ἅπαντα
681 832 752 886 τά
776 834 906 904 παρ’
934 834 1128 887 ἐαυτοῦ
1154 834 1466 905 ἐπλήρωσε,
1522 834 1620 886 ειιαλ⁵
1652 832 1805 886 οὐδὲν
1833 834 2035 899 ἐγκατ-

446 918 657 980 έλιπεν,
692 916 827 970 ἀλλά
853 917 1006 982 τέλος
1040 917 1198 971 ἔλαϐε
1224 918 1289 972 τὰ
1314 918 1408 989 τῆς
1431 916 1754 986 φιλοξενίας,
1784 915 1876 968 καὶ
1895 912 2034 967 ἐδεί-

446 999 550 1071 χθη
583 998 677 1053 τοῦ
705 999 916 1054 δικαίου
944 1001 978 1070 ή
1013 1001 1183 1072 ἀρετή
1209 1016 1223 1031 ·
1281 1000 1407 1053 τότε
1434 997 1621 1054 λοιπὸν
1647 1039 1662 1063 ,
1698 997 1784 1053 ἵνα
1833 998 1976 1069 μάθῃ
2006 997 2035 1050 6

445 1082 653 1146 δίκαιος
700 1082 829 1136 οἴων
862 1081 1114 1153 ἐπέτυχε,
1166 1082 1262 1136 καὶ
1298 1083 1421 1136 ὅσον
1468 1081 1619 1152 αὐτῷ
1651 1082 1761 1136 τῶν
1816 1079 2035 1150 ἀγαθῶν

447 1164 595 1217 αἰτία
627 1163 921 1234 γεγένηται
949 1166 984 1234 ή
1012 1165 1112 1235 τῆς
1147 1163 1451 1234 φιλοξενίας
1487 1164 1743 1227 ὑπόθεσις
1761 1205 1777 1230 ,
1804 1160 2037 1216 ἐκκαλύ-

448 1236 571 1299 πτεί
600 1246 794 1299 ἑαυτὸν
810 1248 839 1298 6
860 1246 1273 1317 παραγεγονὼς,
1305 1246 1401 1300 καὶ
1427 1247 1572 1300 κατά
1603 1246 1795 1318 μικρὸν
1819 1246 2032 1298 611061!-

448 1344 603 1382 κνυσι
637 1327 717 1399 τῷ
737 1329 930 1399 δικαίῳ
966 1332 1066 1400 τῆς
1123 1330 1329 1394 οἰκείας
1357 1329 1639 1400 δυνάμεως
1682 1327 1744 1381 16
1783 1328 2030 1399 μέγεθος.

458 1409 604 1464 Ἰδὼν
628 1412 738 1483 γὰρ
775 1411 939 1466 αὑτὸν
969 1412 1297 1483 παρεστῶτα
1328 1413 1481 1485 παρά
1506 1412 1603 1484 τὴν
1636 1411 1768 1483 δρῦν
1790 1453 1803 1473 ,
1831 1412 1923 1464 καὶ
1946 1410 2033 1465 διά

443 1493 544 1564 τῆς
600 1494 845 1558 στάσεως
876 1492 974 1565 τὴν
1007 1495 1210 1567 πολλὴν
1238 1497 1408 1567 τιμὴν
1458 1495 1554 1549 καὶ
1587 1496 1688 1565 τὴν
1735 1494 2033 1565 θεραπείαν

443 1574 906 1646 ἐπιδεικνύμενον,
925 1577 1060 1646 φησὶ
1074 1578 1212 1648 πρὸς
1234 1578 1398 1631 αὐτόν
1416 1593 1432 1608 ⁸
1461 1576 1587 1633 Ποῦ
1602 1577 1799 1646 itif-pa
1818 1578 1856 1644 ἡ
1877 1575 2030 1647 γυνή

443 1673 593 1721 σου;
651 1658 866 1721 Εὐθέως
907 1658 996 1712 διὰ
1038 1659 1137 1729 τῆς
1186 1661 1511 1731 ἐρωτήσεως
1534 1658 1831 1731 παρῄνιξεν
1859 1657 2027 1728 αὐτῷ,

442 1740 657 1803 δεικνὺς
680 1739 756 1804 ώς
785 1740 884 1809 οὺχ
917 1742 946 1793 6
968 1741 1147 1810 τυχών
1175 1742 1322 1795 ἐστιν
1352 1744 1382 1796 6
1426 1740 1849 1812 παραγεγονὼς,
1882 1742 1935 1793 εί
1964 1757 2029 1808 γε

444 1824 538 1875 καὶ
569 1822 670 1892 τῆς
697 1823 958 1891 γυναικὸς
991 1823 1156 1877 αὐτοῦ
1200 1824 1299 1895 τὴν
1339 1824 1709 1895 προσηγορίαν
1738 1824 2025 1893 ἠπίστατο.

455 1906 513 1958 '0
545 1906 602 1958 δέ
654 1922 819 1976 φησιν
843 1919 854 1931 ·
896 1906 1041 1960 Ἰδοὺ
1066 1907 1135 1960 ἐν
1159 1905 1235 1975 τῇ
1262 1905 1488 1975 σκηνῇ.
1541 1907 1653 1960 Καὶ
1681 1907 1805 1959 ἐπεὶ
1836 1905 2029 1976 ἔμελλε

441 1988 645 2051 λοιπὸν,
670 1988 745 2051 ὼς
777 1988 929 2051 Θεὸς,
976 1988 1352 2059 ὑπισχνεῖσθαι
1386 1988 1535 2061 αύτῷ
1571 1988 1642 2045 τὰ
1671 1990 1812 2056 ὑπὲρ
1846 1990 2027 2058 φύσιν,

440 2070 530 2124 διὰ
554 2069 712 2125 τοῦτο
743 2070 835 2124 καί
864 2070 942 2142 τῷ
965 2072 1139 2124 εἰπεῖν
1164 2072 1261 2143 τὴν
1294 2072 1664 2143 προσηγορίαν
1688 2074 1785 2145 τῆς
1815 2073 2029 2145 Σάρρας

348 2156 357 2161 ”
439 2153 738 2223 ἐσήμανεν,
761 2153 842 2206 ὅτι
872 2153 1013 2224 ὑπὲρ
1039 2152 1324 2223 ἄνθρωπόν
1354 2157 1503 2211 ἐστιν
1536 2156 1565 2208 6
1590 2156 1669 2219 είς
1693 2156 1791 2226 τὴν
1825 2155 2029 2226 σκηνὴν

439 2234 603 2287 αὑτοῦ
627 2235 939 2305 καταχθείς.
977 2235 1482 2305 Ἐπαναστρέφων
1505 2236 1613 2307 γὰρ
1635 2276 1652 2303 ,
1692 2237 1878 2308 φησὶν,
1906 2237 2031 2304 ἥξω

438 2316 589 2384 πρὸς
625 2317 701 2370 σὲ
737 2317 887 2371 κατὰ
925 2316 1031 2370 τὸν
1067 2317 1279 2385 καιρὸν
1317 2316 1535 2372 τοῦτον
1570 2322 1658 2385 είς
1692 2319 1871 2385 ὥρας,
1925 2319 2026 2373 καὶ

435 2400 560 2465 ἔξει
613 2400 749 2455 υἱὸν
803 2401 1005 2469 Σάρρα
1040 2403 1080 2470 ἡ
1126 2400 1281 2470 γυνή
1319 2416 1473 2455 σου·
1545 2402 1677 2456 Ἰδοὺ
1724 2404 1822 2472 τῆς
1880 2402 2031 2471 φιλο-

438 2481 617 2547 ξενίας
651 2483 702 2535 οί
739 2483 946 2554 καρποὶ
967 2523 983 2549 ,
1028 2483 1137 2537 ἰδοὺ
1169 2483 1270 2554 τῆς
1300 2482 1609 2553 προθυμίας
1644 2484 1743 2555 τῆς
1775 2486 2026 2537 ἐπιτετα-

438 2565 611 2635 μένης
647 2567 676 2618 6
718 2565 940 2635 μισθὸς,
987 2564 1095 2619 ίδοὺ
1136 2566 1246 2619 τῶν
1284 2567 1548 2635 καμάτων
1584 2566 1687 2636 τῆς
1727 2567 1942 2638 Σάρρας
1972 2569 2027 2620 αί

433 2646 680 2716 ἀμοιϐαί.
733 2647 970 2714 Ἐκείνη
1019 2645 1109 2713 δὲ,
1161 2648 1365 2717 φησὶν,
1413 2647 1647 2715 ἤκουσε
1693 2652 1855 2718 παρὰ
1912 2649 2030 2718 τὴν

434 2731 626 2798 θύραν
660 2728 772 2798 τῆς
808 2728 1073 2798 σκηνῆς,
1112 2728 1356 2783 ἑστῶσα
1392 2729 1666 2785 ὄπισθεν.
1703 2733 1814 2787 Καὶ
1848 2732 2026 2786 τοῦτο

432 2813 777 2877 ἀκούσασα,
804 2813 1061 2883 ἐγέλασε
1084 2815 1215 2868 καθ’
1241 2813 1489 2882 ἑαυτὴν,
1508 2814 1781 2884 λέγουσα
1798 2833 1812 2846 ·
1851 2817 2026 2870 Οὔπω

428 2894 548 2964 μέν
580 2913 681 2963 μτι
716 2895 966 2965 γέγονεν
1001 2895 1116 2962 ἕως
1148 2896 1255 2951 τοῦ
1292 2896 1444 2951 νῦν·
1485 2900 1519 2952 ό
1556 2897 1628 2951 δὲ
1666 2899 1872 2966 κύριός
1903 2916 2026 2968 μου

429 2978 855 3046 πρεσϐύτερος.
894 2978 1007 3032 Καὶ
1045 2978 1134 3033 ἵνα
1159 2979 1569 3053 ἀπολογήσηται
1604 2982 1638 3052 ή
1677 2981 1798 3036 θεία
1832 2982 2024 3055 Γραφὴ

431 3059 574 3131 ὑπὲρ
619 3060 719 3130 τῆς
767 3061 1023 3132 Σάρρας,
1071 3061 1421 3131 προλαϐοῦσα
1468 3065 1886 3135 ἐπεσημήνατο,
1942 3066 2025 3119 δτι

442 3143 691 3213 Ἀϐραὰμ
743 3143 812 3197 δὲ
848 3144 944 3198 καὶ
976 3143 1176 3214 Σάρρα
1194 3186 1208 3209 ,
1261 3148 1696 3215 προϐεϐηκότες
1738 3143 1902 3218 ἦσαν
1953 3149 2025 3203 ἐν

413 3218 562 3295 ’ταῖς
599 3228 843 3298 ἡμέραις
867 3229 1085 3288 αὐτῶν.
1112 3232 1222 3283 Καὶ
1246 3232 1368 3284 ούδέ
1398 3244 1425 3273 ι
1462 3232 1627 3304 μέχρι
1646 3232 1835 3286 τούτου
1865 3232 2019 3305 ἔστη,

428 3311 568 3364 ἀλλά
585 3309 737 3382 [421]
770 3327 959 3382 φησιν·
1005 3311 1283 3377 Ἐξέλιπε
1317 3312 1385 3366 δὲ
1415 3313 1615 3381 Σάρῤᾳ
1655 3316 1924 3385 γίνεσθαι
1951 3319 2023 3373 τὰ

426 3391 758 3463 γυναικεῖα.
810 3393 1199 3465 Ἐξηραμμένη
1256 3391 1347 3465 ἦν,
1398 3396 1585 3466 φησὶν,
1636 3399 1670 3468 ή
1708 3398 1901 3471 πηγὴ,
1936 3418 2024 3454 τε-

426 3477 679 3545 τύφλωτο
706 3477 736 3529 6
761 3475 1059 3546 ὀφθαλμὸς,
1097 3477 1233 3530 αὐτὸ
1263 3477 1324 3530 16
1352 3479 1712 3550 ἐργαστήριον
1743 3476 1812 3552 ἦν
1842 3499 2021 3554 πεπη-

429 3559 696 3630 ρωμένον.
733 3559 813 3611 Δι’
839 3558 869 3610 δ
900 3557 1163 3629 άφορῶσα
1201 3559 1338 3630 πρὸς
1376 3560 1549 3615 ταῦτα
1578 3564 1611 3632 ή
1655 3563 1863 3634 Σάρρα,
1898 3566 2020 3619 καθ’

426 3642 628 3712 ἑαυτὴν
652 3640 925 3709 ἐλογίζετο
949 3642 1048 3710 τήν
1077 3657 1140 3693 τε
1177 3642 1379 3712 ἑαυτῆς
1405 3643 1641 3714 ήλικίαν,
1674 3647 1737 3699 τό
1764 3664 1822 3700 τε
1845 3648 2019 3718 γῆρας

424 3722 523 3777 τοῦ
550 3722 912 3794 πατριάρχου.
931 3722 1072 3776 Ἀλλ’
1100 3723 1317 3795 ἐκείνης
1338 3724 1479 3779 κατά
1498 3726 1597 3795 τήν
1622 3730 1827 3800 σκηνὴν
1848 3730 2020 3786 ταῦτα

425 3806 804 3876 λογιζομένης,
834 3807 863 3857 6
899 3803 969 3857 τὰ
996 3805 1285 3879 ἀπόρρητα
1313 3808 1413 3878 τῆς
1440 3808 1677 3875 διανοίας
1715 3812 2016 3885 ἐπιστάμε-

424 3905 537 3951 νος,
567 3887 735 3952 δείξαι
766 3886 1089 3957 βουλόμενος
1117 3890 1212 3941 καὶ
1244 3889 1343 3959 τῆς
1370 3890 1576 3956 οἰκείας
1602 3893 1885 3964 δυνάμεως
1918 3896 2016 3967 τήν

425 3971 757 4041 ὑπερϐολὴν,
792 3971 889 4023 καὶ
917 3970 1001 4053 δτι
1029 3970 1185 4053 οὐδὲν
1213 3971 1378 4026 αὑτὸν
1421 3972 1676 4031 λανθάνει
1713 3977 1822 4032 τῶν
1845 3980 2017 4053 ἀπορ-

427 4054 631 4123 ρήτων,
667 4053 801 4122 φησὶ
854 4051 993 4122 πρὸς
1053 4052 1148 4105 τὸν
1199 4053 1467 4126 Ἀϐραάμ·
1507 4057 1574 4110 Τί
1623 4059 1714 4113 ὅτι
1757 4051 2016 4130 ἐγέλασε

424 4137 474 4189 Σ
475 4133 625 4202 άρῤα
642 4134 712 4187 ἐν
732 4133 919 4202 ἑαυτῇ
929 4132 1219 4204 λέγουσα·
1237 4131 1391 4205 *Αρά
1406 4154 1473 4206 γε
1490 4139 1727 4208 ἀληθῶς
1739 4141 1981 4213 τέξομαι
1993 4186 2010 4209 ,

422 4215 541 4285 ἐγὼ
568 4216 639 4269 δὲ
672 4215 993 4285 γεγήρακα.
1029 4216 1215 4271 Ταῦτα
1256 4219 1366 4297 γὰρ
1403 4221 1585 4292 ἐκείνη
1617 4223 1675 4277 ἐν
1704 4225 1870 4297 ἑαυτῇ
1897 4228 2014 4282 ἐλο-

423 4298 626 4365 γίζετο.
662 4298 760 4366 Μὴ
793 4297 1099 4362 ἀδυνατεῖ,
1136 4300 1288 4371 φησὶ,
1320 4293 1487 4370 παρὰ
1523 4301 1603 4369 τῷ
1654 4306 1776 4371 Θεῷ
1805 4293 1973 4378 ρ’ἧμα
1993 4326 2013 4375 ;

437 4378 570 4433 Ἰδοὺ
601 4381 850 4452 φανερῶς
887 4382 1078 4435 ἑαυτὸν
1100 4382 1452 4454 ἐξεκάλυψεν.
1485 4385 1600 4439 Οὐκ
1634 4387 1777 4454 ἴστε,
1807 4393 1972 4462 φησὶν
1994 4432 2012 4460 ,

420 4463 506 4546 δτι
534 4462 640 4546 τῆς
669 4463 884 4546 φύσεως
908 4462 984 4517 ὢν
1014 4465 1293 4536 Δεσπότης
1337 4466 1515 4522 πάντα
1557 4467 1822 4542 δύναμαι,
1868 4475 2011 4546 άπερ

422 4544 492 4598 ἂν
525 4543 794 4615 βουληθῶ,
830 4547 925 4599 κα)⁵
968 4546 1067 4616 τήν
1092 4548 1463 4618 νεκρωθεῖσαν
1492 4552 1708 4622 μήτραν
1738 4543 2011 4628 ζωογονῆ.

422 4644 537 4692 σαι,
570 4628 663 4682 καὶ
694 4629 1005 4697 ἐπιτηδείαν
1054 4633 1494 4700 κατασκευάσαι;
1539 4636 1637 4704 Μὴ
1681 4636 2007 4705 ἀδυνατεῖ,

418 4712 606 4781 φησὶν,
643 4710 947 4766 ἀδύνατόν
986 4729 1040 4766 τι
1066 4712 1146 4779 τῷ
1179 4714 1302 4779 Θεῷ
1326 4715 1392 4783 ιι;
1447 4716 1584 4788 Οὐχὶ
1624 4719 1799 4774 πάντα
1835 4721 2005 4789 ποιῶ,

418 4793 516 4845 καὶ
553 4793 974 4863 μετασκευάξω;
1017 4795 1137 4865 οὐχὶ
1180 4798 1325 4868 ζωῆς
1356 4798 1450 4851 καὶ
1484 4799 1717 4854 θανάτου
1758 4803 2008 4869 ἐξουσίαν

417 4874 559 4944 Exn);
592 4876 688 4942 Μὴ
729 4875 1019 4930 ἀδυνατεῖ
1054 4878 1216 4945 παρὰ
1263 4876 1343 4945 τῷ
1389 4879 1510 4945 Θεῷ
1555 4883 1679 4938 πᾶν
1703 4883 1906 4955 ῥῆμα;
1929 4889 2005 4943 Οὐ
2058 4908 2072 4917 ·

417 4957 633 5045 φθάσας
665 4957 1083 5045 ύῌπεσχόμην-ζδὴ
1114 4958 1313 5045 τοῦτος
1344 4963 1436 5033 Μὴ
1490 4965 1729 5037 ἐγχωρεῖ
1767 4969 1829 5021 16
1874 4976 2005 5045 παρ’

414 5040 555 5111 ἐμοῦ
585 5039 750 5111 ῥηθὲν
784 5041 859 5110 μὴ
886 5041 966 5102 είς
993 5040 1152 5110 ἔργον
1180 5041 1393 5111 ἐλθεῖν;
1434 5047 1635 5101 ’Λκουε
1666 5050 1868 5119 τοίνυν,
1920 5039 2004 5110 δτι

411 5124 517 5207 ιξις
551 5123 658 5175 τὸν
696 5123 905 5207 καιρὸν
944 5123 1161 5207 τοῦτον
1206 5125 1568 5197 ἀναστρέψω
1608 5132 1759 5199 πρὸς
1799 5136 1876 5190 σὲ
1915 5141 2004 5207 εις

412 5204 594 5290 ᾂψας,
629 5206 729 5290 καὶ
760 5205 935 5290 ἔσται
962 5204 1039 5290 τῇ
1073 5205 1274 5276 Σάρρα
1304 5211 1452 5277 υἱός.
1499 5212 1775 5281 Ἐπειδὰν,
1814 5204 2000 5290 φησὶν,

412 5286 739 5356 ἀναστρέψω
772 5286 915 5340 κατά
941 5287 1033 5341 τὸν
1077 5290 1265 5361 καιρὸν
1293 5291 1513 5358 τοῦτον,
1565 5296 1688 5350 τότε
1733 5286 2000 5368 γνώσεται

410 5369 503 5457 διά
520 5368 643 5457 ’τῶν
671 5370 1033 5457 ’πραγμάτων
1073 5375 1107 5443 ή
1163 5374 1379 5457 Σάρρα,
1421 5377 1504 5431 ὅτι
1548 5378 1673 5434 οὔτε
1721 5383 1783 5437 τὸ
1820 5385 2000 5457 γῆρας

410 5452 584 5523 αὐτῆς
613 5453 839 5523 κώλυμα
868 5455 1176 5525 γενήσεται,
1206 5456 1331 5511 οὔτε
1364 5460 1399 5531 ή
1433 5461 1739 5533 στείρωσις·
1773 5452 1913 5523 ἀλλᾶ
1937 5472 1998 5526 τὸ

413 5535 569 5625 ρήμα
596 5534 656 5587 τὸ
676 5534 816 5625 ἐμὸν
845 5536 1204 5625 ἀιπιιιράϐατονΔ
1230 5539 1421 5625 ἐσται,
1453 5542 1549 5597 καὶ
1577 5547 1608 5598 6
1638 5547 1799 5613 τόκος
1827 5552 1996 5625 αὐτὴν

407 5615 609 5700 διδάξει
636 5616 909 5700 τῶνπαρ⁹
939 5618 1073 5688 ἐμοῦ
1109 5620 1386 5692 ῥηθέντων
1429 5625 1529 5697 τὴν
1565 5627 1815 5700 δύναμιν.
1862 5615 1993 5690 Εἴτά

633 5699 939 5789 ἀκούσασα,
972 5703 1053 5755 ὅτι
1073 5786 1084 5789 _
1105 5703 1231 5759 οὔτε
1280 5707 1347 5761 τὰ
1377 5707 1436 5762 ἐν
1474 5712 1542 5781 τῇ
1576 5699 1784 5786 διανοίᾳ
1818 5718 1990 5789 αὐτῆς

475 5781 521 5864 ἶ,
540 5780 687 5864 vagi.»
712 5782 987 5864 53‘}!!_-_.,-?‘.,
1000 5786 1220 5864 εἱυέξιεξυθ
1260 5804 1375 5864 [πρεξε-
1392 5780 1986 5864 ,τεροδέεῃκάτεςξήμερῶῦῖ

430 5842 677 5960 ἒίῦιΐαοςόδέ.
741 5843 768 5883 b
792 5844 936 5895 Coisl.
961 5842 1038 5898 me
1060 5842 1218 5900 inréa:
1258 5854 1339 5910 Μὴ
1384 5842 1610 5904 ἀδῖλνατεί
1638 5842 1766 5922 ma
1788 5842 1989 5929 ἓξζὸζὶῖᾷ

431 5932 489 5961 ,η
570 5938 584 5961 ,
1007 5931 1019 5953 .

1434 305 1692 361 ΙΝἚΑΡ.
1732 301 1898 358 XVIII
1939 301 2190 357 GENES.
2239 300 2469 358 IIOMIL.
2518 302 2659 360 XLI.
3625 305 3731 360 284

2144 415 2436 486 κινηθέντα
2454 416 2612 470 ἔλαθε
2641 416 2730 471 τὸν
2765 416 3029 489 παρόντα,
3061 414 3411 486 Ἠρνήσατο,
3435 415 3726 486 λέγουσα·

2143 499 2265 552 Οὐκ
2292 498 2576 568 ἐγέλασα.
2629 497 2688 552 ’0
2721 500 2830 570 γὰρ
2872 499 3035 569 φόϐος
3063 500 3377 553 κατέσεισεν
3415 498 3587 571 αὐτῆς
3631 499 3731 571 τήν

2138 578 2395 652 διάνοιαν.
2437 581 2535 635 Διά
2564 580 2725 635 τοῦτο
2753 584 2818 653 τῇ
2867 581 3120 653 ἀσθενείᾳ
3163 581 3336 654 αὐτῆς
3367 582 3401 654 ή
3440 582 3632 656 Γραφὴ
3668 583 3731 638 16

2139 664 2248 716 πᾶν
2279 662 2604 735 λογιζομένη
2636 664 2822 736 φησὶν,
2867 665 3163 735 Ἐςοοϐήθη
3207 665 3338 737 γάρ.
3391 666 3532 719 Ἀλλ’
3569 667 3599 720 6
3625 683 3731 721 πα-

2137 746 2405 818 τριάρχης
2439 748 2574 819 φησὶ
2603 748 2741 819 πρὸς
2768 747 2957 821 αὐτὴν,
2996 745 3142 820 Οὐχί
3164 790 3178 814 ,
3214 748 3378 805 ἀλλὰ
3407 749 3725 820 ἐγέλασας.

2137 829 2228 901 Μὴ
2251 827 2500 900 νομίσῃς,
2528 832 2717 900 φησὶν,
2756 827 2806 884 εί
2848 831 2946 884 καὶ
3000 834 3058 885 ἐν
3103 831 3312 904 διανοίᾳ
3348 830 3525 887 ταῦτα
3572 832 3729 887 ἐϐουο

2136 908 2335 978 λεύσω,
2374 912 2470 966 καὶ
2520 912 2663 966 κατά
2713 910 2776 967 16
2820 912 3044 983 λεληθὸς
3075 915 3289 983 γέλωτα
3320 916 3599 985 ἐποιήσαο,
3645 916 3728 969 ὅτι

2134 992 2232 1047 τοῦ
2278 994 2725 1067 παραγενομένου
2776 997 2876 1067 τὴν
2920 994 3163 1068 δύναμιν·
3187 996 3372 1051 λαθεῖν
3421 992 3586 1069 εἶχες.
3633 998 3726 1068 Μὴ

2135 1076 2313 1131 τοίνυν
2343 1077 2509 1148 ἀρνοῦ
2530 1078 2591 1133 16
2616 1077 2859 1147 γεγονὸς,
2881 1079 3016 1150 μηδὲ
3050 1078 3368 1151 προσθήκην
3397 1080 3633 1152 ἐργάζου
3649 1079 3729 1151 τῷ

2137 1160 2527 1232 ἁμαρτήματι.
2558 1162 2790 1231 Μεγάλα
2823 1162 2933 1233 γὰρ
2967 1164 3117 1233 ἡμᾶς
3166 1164 3405 1235 σήμερον
3428 1161 3728 1227 διαδέξεται

2136 1243 2346 1311 ἀγαθὰ,
2391 1245 2492 1315 τῆς
2527 1245 3002 1316 φιλοξενίαςήμίν
3045 1244 3253 1300 τούτων
3288 1244 3508 1299 πάντων
3549 1244 3728 1308 αἰτίας

2142 1326 2457 1397 γινομένης.

2205 1408 2270 1473 ζ’.
2289 1408 2489 1462 Τοῦτον
2508 1407 2745 1475 ἅπαντες
2763 1428 2818 1480 μι
2830 1408 3150 1482 μησώμεθα,
3170 1409 3265 1463 καὶ
3277 1408 3477 1482 πολλήν
3489 1425 3556 1463 πε
3565 1410 3618 1483 ρὶ
3629 1409 3729 1485 τὴν

2134 1489 2439 1558 φιλοξενίαν
2473 1502 2496 1530 ο
2532 1492 2631 1563 τὴν
2680 1490 2918 1563 σπουδὴν
2954 1490 3273 1562 ποιώμεθα,
3332 1490 3432 1564 ούχ
3482 1492 3571 1547 ίνα
3617 1492 3727 1546 τῶν

2134 1572 2417 1645 ἐπικήρων
2442 1574 2645 1628 τούτων
2689 1576 2781 1629 καὶ
2814 1574 3186 1646 φθειρομένων
3218 1574 3473 1646 λάϐωμεν
3503 1575 3602 1648 τὴν
3630 1576 3727 1630 ἀν-

2132 1653 2334 1708 τίδοσιν
2369 1655 2549 1725 μόνον,
2605 1656 2721 1710 ἀλλ’
2754 1656 2842 1712 ἵνα
2882 1659 2985 1710 καὶ·
3022 1657 3129 1711 τῶν
3180 1656 3464 1711 ἀθανάτων
3504 1657 3727 1726 ἀγαθῶν

2134 1735 2232 1807 τὴν
2270 1738 2569 1791 ἀπόλαυσιν
2607 1739 2824 1802 ἑαυτοῖς
2870 1737 3224 1809 ἀποθώμεθα.
3262 1738 3390 1794 Ἐἀν
3419 1739 3529 1811 γὰρ
3565 1739 3727 1793 τοῦτο

2134 1818 2399 1889 ποιῶμεν,
2425 1820 2802 1892 ύποδεξόμεθα
2816 1822 2912 1876 καὶ
2928 1823 3089 1892 ἡμεῖς
3105 1820 3342 1876 ἐνταῦθα
3360 1822 3452 1876 τὸν
3466 1824 3510 1875 Χ
3521 1821 3723 1893 ριστὸν,

2133 1902 2227 1955 καὶ
2256 1903 2573 1967 ὑποδέξεται
2607 1905 2754 1975 ἡμᾶς
2795 1906 2887 1959 καὶ
2916 1903 3078 1968 αὐτὸς
3110 1907 3168 1959 ἐν
3204 1908 3320 1968 ταῖς
3359 1908 3547 1975 μοναῖς
3579 1904 3727 1959 ἐκεί-

2131 2001 2251 2048 ναις
2271 1987 2391 2049 ταῖς
2437 1987 2872 2057 ἡτοιμασμέναις
2921 1990 3032 2050 τοῖς
3079 1986 3366 2055 ἀγαπῶσιν
3405 1987 3589 2052 αὑτὸν,
3633 1988 3727 2042 καὶ

2132 2068 2477 2138 ἀκουσόμεθα
2506 2070 2635 2140 παρ’
2663 2070 2849 2122 αὑτοῦ·
2887 2069 3093 2134 Δεῦτε,
3117 2073 3173 2124 οί
3197 2071 3589 2141 εὐλογημένοι
3620 2072 3727 2127 τοῦ

2131 2148 2363 2213 Πατρός
2396 2164 2537 2216 μου,
2572 2146 3069 2227 κληρονομήσατε
3106 2147 3222 2217 τὴν
3268 2150 3726 2221 ἡτοιμασμένην

2134 2230 2273 2299 ύμῖν
2317 2232 2645 2296 βασιλείαν
2688 2234 2807 2289 ἀπὸ
2859 2234 3201 2308 καταϐολῆς
3251 2237 3507 2306 κόσμου.
3565 2236 3724 2300 Τίνος

2130 2313 2316 2367 ἐνεκεν
2341 2316 2436 2368 καὶ
2461 2315 2550 2369 διὰ
2569 2316 2657 2383 τίς
2694 2316 3017 2371 Ἐπείνασα
3043 2316 3175 2387 γὰρ,
3214 2319 3315 2372 καί
3338 2317 3598 2373 ἐδώκατέ
3619 2336 3724 2387 μοι

2131 2400 2361 2471 φαγεῖν·
2394 2401 2684 2470 ἐδίψησα,
2716 2402 2815 2456 καὶ
2836 2403 3159 2458 ἐποτίσατέ
3189 2420 3287 2474 με·
3325 2403 3503 2472 ξένος
3535 2404 3722 2474 ἤμην,

2128 2484 2231 2537 καὶ
2261 2483 2638 2553 συνηγάγετέ
2663 2501 2755 2550 με·
2787 2485 2859 2538 ἐν
2881 2485 3151 2555 φυλακῇ,
3179 2487 3271 2540 καὶ
3295 2487 3726 2556 ἐπεσκέψασθέ

2126 2582 2221 2633 με.
2250 2566 2314 2617 Τί
2341 2566 2549 2619 τούτων
2596 2566 3108 2638 ἀνεπαχθέστερον;
3157 2569 3250 2640 Μή
3302 2568 3412 2638 γὰρ
3464 2570 3726 2636 ἐπέταξεν

2129 2650 2261 2720 ήμῖν
2293 2647 2755 2719 περιεργάζεσθαι
2791 2648 2946 2721 [429.]
2972 2650 3066 2703 καὶ
3092 2650 3568 2723 πολυπραγμονεῖν
3597 2654 3723 2717 τοὺς

2130 2733 2257 2801 παρ’
2285 2730 2441 2802 ήμιῖιν
2479 2731 2774 2802 μέλλοντας
2806 2732 3249 2800 θεραπεύεσθαι;
3292 2733 3364 2787 Σὺ
3395 2734 3457 2787 τὸ
3485 2733 3683 2788 σαυτοῦ
3704 2774 3721 2799 ,

2128 2815 2313 2885 φησὶν,
2344 2814 2638 2881 ἐπίδειξαι,
2678 2815 2780 2867 κᾶν
2809 2811 3035 2882 εὐτεῖὴς
3073 2810 3129 2887 ᾖ,
3176 2813 3279 2867 κᾶν
3312 2816 3723 2887 ἀπερῤιμμένος

2128 2896 2271 2950 κατά
2301 2896 2362 2950 16
2400 2898 2765 2965 φαινόμενον·
2813 2896 2883 2949 τά
2924 2897 3030 2965 γὰρ
3079 2898 3159 2960 είς
3192 2897 3414 2963 τούτους
3462 2901 3721 2969 γινόμενα

2125 2975 2238 3044 ἐγὼ
2279 2976 2607 3046 οἱκειοῦμαι.
2642 2976 2741 3030 Διά
2786 2975 2943 3028 τοῦτο
2994 2977 3356 3048 προσέθηκεν·
3414 2979 3539 3048 Ἐφ’
3569 2979 3722 3033 ὅσον

2124 3057 2449 3125 ἐποιήσατε
2477 3058 2568 3112 ἐνί
2597 3057 2716 3112 τῶν
2741 3057 3026 3127 ἀδελφῶν
3048 3074 3171 3128 μου
3202 3059 3325 3113 τῶν
3353 3060 3718 3131 ἐλαχίστων,

2124 3140 2251 3209 ἐμοὶ
2274 3141 2617 3209 ἐποιήσατε.
2656 3143 2748 3212 Μὴ
2775 3141 2956 3196 τοίνυν
2993 3140 3089 3194 τοῦ
3123 3142 3233 3196 ἀπὸ
3268 3143 3368 3213 τῆς
3414 3144 3719 3213 φιλοξενίας

2124 3223 2381 3277 τοσούτου
2433 3223 2659 3295 κέρδους
2709 3223 3104 3295 ἐπιγενομένου
3168 3226 3714 3300 καταφρονήσωμεν,

2123 3305 2261 3360 ἀλλά
2287 3306 2410 3359 καθ’
2439 3307 2679 3376 ἑκάστην
2719 3307 2934 3377 ἡμέραν
2969 3305 3375 3378 ἐμπορεύεσθαι
3414 3309 3515 3380 τὴν
3543 3309 3716 3382 καλήν

2112 3388 2325 3459 ταύτην
2351 3388 2623 3460 ἐμπορίαν
2659 3389 3072 3460 σπουδάζωμεν,
3104 3390 3305 3455 ειδότες
3343 3391 3424 3444 ὃτι
3449 3392 3479 3444 6
3511 3393 3714 3447 Δεσπό-

2122 3490 2223 3544 της
2266 3476 2294 3528 ὁ
2322 3473 2591 3545 ἡμέτερος
2640 3473 2950 3544 προθυμίας
2983 3472 3281 3543 δαψίλειαν,
3303 3473 3365 3528 οὐ
3408 3474 3712 3548 βρωμάτων

2121 3557 2284 3626 ὄγκον
2300 3558 2544 3621 ἀπαιτεῖ,
2573 3556 2634 3609 ού
2664 3556 2944 3629 τράπεζαν
2978 3556 3267 3627 πολυτελῆ,
3309 3557 3446 3612 ἀλλά
3480 3558 3711 3632 γνώμην

2125 3639 2336 3711 ἱλαρὰν,
2388 3641 2451 3692 ού
2486 3639 2785 3711 θεραπείαν
2820 3640 3006 3702 ἁπλῶς
3031 3639 3131 3711 τὴν
3168 3640 3259 3695 διὰ
3298 3640 3408 3696 τῶν
3448 3643 3711 3714 ῥημάτων

2125 3721 2305 3793 μόνον,
2339 3720 2477 3774 ἀλλά
2521 3722 2617 3775 καὶ
2660 3721 2758 3794 τήν
2808 3722 2918 3776 ἀπὸ
2962 3722 3191 3794 καρδίας
3243 3724 3337 3778 καὶ
3386 3725 3712 3797 εἰλικρινοῦς

2121 3804 2359 3867 διανοίας
2386 3804 2627 3876 ἀγάπην.
2678 3804 2779 3860 Διά
2830 3804 2991 3861 τοῦτο
3034 3805 3131 3861 καί
3178 3824 3264 3872 τις
3307 3808 3468 3878 σοφὸς
3515 3809 3708 3881 ἔλεγε·

2119 3886 2422 3954 Κρεῖσσον
2471 3887 2675 3955 λόγος,
2730 3888 2769 3950 ἢ
2822 3886 3016 3953 δόσις.
3071 3888 3339 3954 Πολλάκις
3387 3892 3497 3964 γάρ
3549 3893 3708 3963 λόγου

2119 3967 2569 4047 θεραπείαῖπλέον
2600 3969 2698 4037 τῆς
2720 3968 2920 4032 δόσεως
2947 3969 3286 4042 ἀνεκτήσατο
3311 3972 3403 4027 τὸν
3425 3975 3702 4047 δεόμενον.

2120 4047 2306 4103 Ταῦτα
2358 4046 2453 4102 οὖν
2506 4049 2707 4113 εἰδότες
2766 4050 3035 4121 μηδέποτε
3082 4046 3529 4128 δυσχεραίνωμεν
3569 4059 3708 4131 πρὸς

2116 4135 2244 4198 τοὺς
2271 4132 2613 4215 προσιόντας·
2662 4132 2777 4187 ἀλλ’
2825 4134 2893 4189 ἀν
2945 4135 3044 4206 μὲν
3084 4135 3405 4215 δυνηθῶμεν
3436 4157 3704 4213 παραμυ-

2119 4216 2329 4271 θεῖσθαι
2358 4214 2537 4268 αὐτῶν
2556 4214 2657 4287 τὴν
2679 4215 2891 4281 πενίαν,
2912 4217 3073 4272 τοῦτο
3096 4214 3343 4291 ποιῶμεν
3372 4224 3509 4293 μετὰ
3530 4227 3707 4297 χαρᾶς

2118 4303 2232 4377 καὶΔ
2249 4300 2451 4370 πολλῆς
2501 4301 2602 4371 τῆς
2648 4298 3031 4372 εὐφροσύνης,
3073 4303 3171 4372 οὐχ
3207 4303 3283 4369 ὡς
3330 4306 3700 4377 παρέχοντες,

2112 4371 2233 4438 ἀλλ’
2259 4384 2336 4449 ὡς
2357 4384 2425 4439 τὰ
2452 4383 2683 4454 μέγιστα
2714 4371 3114 4453 κερδαίνοντες·
3148 4371 3198 4439 εί
3222 4386 3279 4440 δὲ
3302 4389 3377 4459 μὴ
3399 4371 3700 4461 δυνάμεθα,

2116 4465 2190 4537 μὴ
2240 4465 2638 4537 τραχυνώμεθα
2683 4465 2819 4537 πρὸς
2868 4466 3087 4532 αὐτούς·
3119 4468 3256 4525 ἀλλά
3306 4470 3409 4525 κᾶν
3463 4473 3562 4545 τὴν
3614 4475 3702 4530 διὰ

2113 4547 2205 4602 τοῦ
2234 4548 2393 4619 λόγου
2416 4548 2709 4620 θεραπείαν
2739 4550 3092 4623 παρέχωμεν,
3117 4555 3211 4609 καὶ
3229 4556 3367 4625 μετά
3402 4558 3699 4625 ἐπιεικείας

2112 4632 2295 4697 αὐτοῖς
2344 4631 2791 4704 ἀποκρινώμεθα.
2845 4635 3003 4699 Τίνος
3056 4636 3165 4707 γὰρ
3219 4637 3406 4692 ἕνεκεν
3453 4645 3699 4713 τραχέως

2110 4713 2259 4785 αὐτῷ
2286 4716 2607 4787 προσφέρῃς
2651 4716 2743 4785 Μὴ
2778 4714 2887 4787 γὰρ
2924 4717 3260 4785 ἀναγκάζεις
3314 4720 3389 4791 μὴ
3423 4723 3532 4793 γὰρ
3574 4725 3695 4794 βιά-

2109 4794 2290 4862 ζεταις
2324 4797 2511 4863 ’Δξιοί,
2541 4796 2794 4863 ἱκετεύει,
2829 4799 3157 4869 παρακαλεῖ·
3175 4803 3205 4854 6
3225 4802 3281 4855 δὲ
3301 4801 3476 4858 ταῦτα
3501 4806 3694 4873 ποιῶν,

2108 4880 2210 4950 οὐχ
2240 4879 2453 4949 ὕϐρεως
2484 4881 2652 4945 ἀξιος.
2708 4880 2773 4933 Τί
2815 4880 2978 4951 λέγω,
3028 4882 3169 4949 ἀξιοῖ
3216 4887 3309 4939 καὶ
3341 4890 3691 4959 παρακαλεῖς

2106 4963 2293 5046 Μυρία
2315 4962 2629 5035 ἐπεύχεται,
2657 4965 2754 5019 καὶ
2786 4966 2963 5020 πάντα
2988 4967 3164 5021 ταῦτα
3211 4973 3359 5025 ποιεῖ
3399 4973 3541 5046 ὑπὲρ
3570 4975 3691 5041 ἐνὸς

2105 5045 2316 5109 ὀϐολοῦ,
2363 5047 2459 5101 καὶ
2499 5047 2623 5100 ούδέ
2667 5045 2855 5103 τοῦτον
2898 5050 3227 5122 προϊέμεθα.
3264 5053 3374 5108 Καὶ
3427 5045 3586 5120 ποίας
3622 5058 3693 5113 ἀν

2110 5126 2373 5199 τύχοιμεν
2397 5128 2752 5201 συγγνώμηςς
2785 5130 2944 5187 ποίαν
2971 5131 3029 5186 δέ
3067 5134 3330 5205 σχοίημεν
3368 5137 3688 5208 ἀπολογίαν,

2102 5209 2258 5295 αὐτοὶ
2287 5210 2386 5281 μὲν
2428 5210 2571 5295 οὕτω
2625 5213 2749 5267 καθ’
2790 5214 3029 5285 ἑκάστην
3063 5217 3279 5289 ἡμέραν
3314 5219 3512 5291 δαψιλῆ
3553 5224 3687 5295 τρά-

2102 5292 2275 5378 πεζαν
2296 5294 2866 5378 παρατιθέμενοι,κώ
2892 5296 3151 5363 πολλάκις
3174 5301 3271 5373 τήν
3299 5304 3487 5373 χρείαν
3517 5292 3685 5378 ὑπερ.

2100 5374 2393 5458 ϐαίνοντες.
2432 5376 2661 5458 ἐκείνοις
2714 5376 2772 5431 δὲ
2821 5378 2957 5449 μηδὲ
3007 5380 3103 5435 τοῦ
3152 5384 3407 5452 τυχόντος
3466 5374 3684 5458 μεταδι-

2097 5456 2296 5542 δόντες,
2342 5457 2656 5542 καὶᾷταῦτα
2702 5461 2877 5530 μυρία
2926 5462 3104 5531 ἀγαθά
3152 5465 3241 5517 διὰ
3286 5456 3477 5521 τούτου
3525 5487 3684 5542 κομι-

2097 5538 2310 5625 ζόμενοι
2334 5557 2349 5606 ;
2391 5540 2530 5625 Ἀλλ’
2635 5542 2732 5614 τῆς
2758 5542 2959 5625 πολλῆς
2988 5544 3293 5615 ῥᾳθυμίαςί
3323 5543 3428 5603 Οἷα
3453 5552 3561 5625 γὰρ
3584 5538 3681 5608 ἀπ’

2095 5622 2266 5710 αὐτῆς
2286 5622 2631 5710 ζημιούμεθα
2649 5640 2667 5692 ;
2687 5624 2925 5710 iul-560V
2948 5625 3142 5710 κέρδος
3167 5627 3233 5680 ἐκ
3259 5628 3369 5684 τῶν
3393 5622 3676 5710 ἡμετέρων

2096 5704 2297 5789 χειρῶν
2322 5705 2648 5789 προϊέμεθα;
2668 5706 2804 5789 ΔΚαὶ.
2842 5708 2941 5789 τὴν
2972 5707 3228 5765 ὑπόθεσιν
3255 5712 3354 5782 τῆς
3397 5704 3669 5789 σωτηρίας

2102 5784 2257 5858 ήμῶν
2287 5787 2384 5859 τὴν
2414 5788 2565 5857 παρά
2597 5787 2693 5843 τοῦ
2731 5788 2863 5843 Θεοῦ
2899 5791 3030 5860 ήμίν
3066 5797 3503 5865 παρασχεθεῖσαν
3529 5784 3677 5855 ἀπο-

2163 5932 2184 5963 τ
2213 5930 2361 5982 Savil.
2379 5934 2430 5981 el
2456 5937 2649 5998 septem
2678 5947 2792 5985 mss.
2808 5933 2886 5983 καὶ
2910 5934 3144 5995 τοσαύτην
3169 5937 3273 6003 περὶ
3290 5942 3373 6000 τήν
3396 5941 3488 6003 φιλ.
