4060 6334
467 273 575 330 385

470 387 826 459 πεμπόμιθα,
848 386 971 442 οὔτε
1021 388 1329 460 ἐννοοῦμεν,
1379 389 1504 444 οὔτε
1550 391 1658 463 μὴν
1716 390 2042 462 λογιζόμεθα

467 479 591 534 οὗτε
615 479 725 532 τῶν
770 478 1061 550 διδομένων
1095 480 1154 534 τὸ
1193 481 1412 544 εὐτελὲς
1431 524 1446 546 ,
1473 481 1598 535 οὔτε
1627 481 1728 553 τὴν
1763 482 1904 553 ὑπὲρ
1936 483 2043 534 τῶν

469 570 726 624 τοιούτων
777 569 1023 640 ἀμοιὸὦν
1061 570 1390 643 ὑπερϐολὴν,
1423 572 1559 626 ἀλλὰ
1615 573 1794 626 πάντα
1820 572 1935 636 τοῖς
1952 588 2042 625 κιο

471 660 687 724 ϐωτίοις
719 660 1163 732 ὲναποκλείομεν,
1193 662 1287 716 καὶ
1317 663 1380 716 τὸ
1415 663 1518 734 μὲν
1547 663 1770 733 χρυσίον
1808 662 1915 716 ὑπὸ
1948 659 2042 715 τοῦ

473 751 555 806 ἰοῦ
587 752 928 807 δαπανᾶσθαι
985 753 1380 825 συγχωροῦμεν
1401 769 1417 786 ο
1460 751 1660 824 μᾶλλον
1702 753 1761 806 δὲ
1791 754 1913 817 ταῖς
1935 751 2045 805 τῶν

473 843 722 897 κλεπτῶν
752 843 908 916 χερσὶ
935 843 1264 914 προτίθεμεν
1283 861 1296 874 ·
1331 843 1399 896 τὰ
1418 843 1475 896 δὲ
1502 843 1695 914 ἱμάτια
1727 842 1797 897 τὰ
1823 841 2046 896 ποικίλα

474 934 580 988 ὑπὸ
625 934 720 988 τοῦ
765 935 928 1006 σητδς
955 935 1336 989 ἀναλίσκεσθαι
1372 933 1636 1006 ἀφίεμεν,
1672 934 1768 990 καὶ
1809 934 1912 988 οὐκ
1949 933 2045 987 ἁν-

475 1025 713 1095 εχδμεθα
736 1025 807 1080 τὰ
835 1026 1021 1090 ἁπλῶς
1051 1027 1276 1096 κείμενα
1303 1026 1531 1092 δεόντως
1561 1027 1963 1098 οἰκονομεῖσθαι
1994 1039 2044 1092 ι,

479 1117 566 1170 ἴνα
615 1116 779 1172 πάλιν
811 1120 943 1189 ἡμῖν
987 1117 1431 1188 διαφυλάττηται,
1462 1117 1558 1172 καὶ
1579 1117 1672 1174 διὰ
1705 1117 1911 1172 τούτων
1937 1116 2049 1172 τῶν

476 1207 807 1278 ἀπορρήτων
823 1207 1040 1276 ἀγαθῶν
1051 1208 1347 1279 ἀξιωθῆναι
1363 1208 1682 1280 δυνηθῶμεν
1707 1225 1722 1238 ·
1750 1203 1825 1264 ὧν
1840 1209 2050 1280 γένοιτο

477 1297 686 1360 πάντας
723 1298 870 1367 ἡμᾶς
895 1301 1192 1369 ἐπιτυχεῖν,
1218 1300 1400 1372 χάριτι
1433 1300 1528 1354 καὶ
1555 1299 1935 1370 φιλανθρωπία
1954 1297 2048 1352 τοῦ

477 1387 683 1458 Κυρίου
730 1387 886 1457 ἡμῶν
943 1388 1122 1458 Ἰησοῦ
1185 1389 1448 1458 Χριστοῦ,
1485 1390 1603 1460 μεθ’
1640 1384 1701 1444 οὗ
1731 1389 1812 1461 τῷ
1853 1391 2048 1462 Πατρὶ,

479 1477 596 1548 ἄμα
620 1477 698 1548 τῷ
723 1479 866 1550 ἁγίῳ
888 1478 1170 1549 Πνεύματι
1202 1479 1349 1546 δόξα,
1384 1481 1606 1552 κράτος,
1636 1481 1796 1553 τιμὴ,
1834 1480 1931 1537 νῦν
1957 1481 2053 1534 καὶ

479 1571 588 1640 ἀεὶ,
617 1572 696 1638 εἰς
723 1572 846 1638 τοὺς
871 1572 1074 1638 αἰῶνας
1103 1573 1213 1630 τῶν
1237 1573 1468 1629 αἰώνων.
1515 1575 1707 1646 Ἀμήν.

1154 272 1212 328 S.
1251 271 1540 330 JOANNIS
1581 273 2075 330 CIIRYSOSTOMI
2123 269 2192 327 IN
2218 266 2377 327 CEN.
2410 263 2593 322 XVIII.
2625 263 2794 322 IIOM.
2829 267 2961 327 XLI.

3603 279 3709 335 586

2141 407 2336 447 eorum
2366 407 2486 460 quae
2511 390 2726 455 damus,
2759 392 2885 447 inde
2912 390 3336 447 immcnsitatem
3365 407 3560 447 eorum
3587 411 3710 464 qua:

2142 497 2242 551 pro
2266 482 2352 537 his
2377 482 2678 551 accipimus
2707 500 2721 536 :
2747 482 2866 547 sed,
2894 483 3076 536 omnia
3111 482 3316 537 arculis
3345 481 3707 546 includentes,

2142 587 2336 627 aurum
2363 572 2586 642 quidem
2611 589 2641 627 a
2661 573 2912 643 rubigine
2937 572 3151 627 absumi
3173 572 3572 642 permittimus,
3599 573 3709 627 imo

2143 665 2327 719 furum
2358 664 2607 719 manibus
2641 664 3032 735 proponimus;
3089 673 3271 718 vestes
3293 676 3511 732 quoque
3533 663 3713 717 varias

2145 769 2176 808 a
2203 754 2367 809 tineis
2399 753 2587 809 arrodi
2613 752 2878 818 sinimus,
2913 754 3169 808 nolumus
3191 761 3378 808 autem
3414 759 3472 805 ut
3494 767 3559 805 ea
3591 767 3714 820 quae

2145 846 2353 916 absque
2378 862 2479 900 usu
2497 846 2684 916 jacent
2710 844 2850 900 bene
2873 844 3282 914 dispensentur,
3312 850 3373 898 ut
3396 841 3594 896 iterum
3616 857 3716 895 no-

2145 937 2231 994 bis
2263 935 2643 991 custodiantur
2668 972 2688 1001 ,
2740 951 2805 990 ac
2834 950 2932 1006 per
2953 949 3017 990 ea
3057 934 3221 989 etiam
3246 932 3546 987 ineﬂ‘abilia
3569 930 3714 985 bona

2149 1041 2459 1081 mereamur
2503 1025 2720 1094 assequi
2770 1042 2784 1077 :
2824 1039 2947 1094 qua:
2979 1023 3137 1078 nobis
3165 1022 3424 1078 omnibus
3450 1019 3721 1076 concedat

2148 1117 2320 1188 gratia
2346 1126 2404 1171 et
2423 1115 2761 1186 benignitate
2780 1129 2878 1170 sua
2903 1113 3168 1168 Dominus
3189 1121 3377 1167 noster
3390 1109 3691 1167 JesusChri

2149 1221 2289 1272 stus,
2307 1209 2397 1264 cui
2418 1223 2541 1263 cum
2557 1207 2720 1262 Patre
2738 1214 2794 1261 et
2809 1213 2998 1261 sancto
3015 1203 3225 1273 Spiritu
3248 1202 3320 1257 sit
3335 1202 3529 1274 gloria,
3548 1199 3725 1268 impe-

2150 1301 2316 1365 rium,
2333 1299 2533 1362 honor,
2551 1311 2700 1353 nunc
2713 1304 2770 1353 et
2781 1310 2996 1367 semper
3010 1300 3066 1350 et
3083 1293 3139 1348 in
3155 1291 3354 1349 saecula
3369 1289 3724 1346 szeculorum.

2149 1389 2346 1444 Amen.

1487 2722 1666 2786 FINIS
1702 2725 1866 2784 ΤΟΜΙ
1906 2724 2447 2795 QUINQUAGESIMI
2486 2719 2732 2781 TERTII.

3013 5454 3228 5464 .__....._——-

2651 5458 3012 5468 Μ

2215 5464 2452 5479 '——-—
2466 5462 2650 5472 -—--—--

2485 5462 2734 5556 ὗῖξξίίς.
2768 5525 2831 5537 --
2869 5496 2944 5550 Ex
2975 5456 3604 5570 τῖιῖἷΕὗξῇῐοᾶέη

3279 5456 3286 5459 -
3301 5453 3453 5460 -------
3462 5451 3586 5458 μου-
3603 5451 3757 5463 ..α-.-
