4006 6182
329 313 370 331 '_-
397 326 416 330 _
447 320 754 329 ___,,,___,___,-._..
911 317 1083 323 ~-~—-—»-
1105 316 1125 321 ι-
1157 315 1282 321 ίνσι-
1335 316 1352 320 -
2009 316 2012 318 -
2083 315 2088 318 -
2217 311 2306 316 ’”’”
2329 311 2352 316 “⁴
2401 310 2444 314 ’ἡ
2483 311 2485 314 ¹
2693 305 2702 311 ⁸
3045 317 3052 325 κ
3173 329 3206 334 ⁷,
3249 329 3260 332 _
3331 329 3356 333 _
3467 328 3470 330 γ

482 352 510 357 ”
571 351 596 356 _
687 341 1382 354 -ο--ρ--υο--ν--ο
1401 343 1478 348 ——~-
1501 344 1601 349 -ν-
1637 345 1682 349 ---
1713 345 1746 348 νγ
1815 345 1884 348 αἱ,
1903 343 1986 347 ———
2029 342 2104 347 -—-
2123 339 2290 345 <”“’“-
2397 337 2410 343 ⁸
2449 337 2490 343 φ

1473 855 1517 904 ιι
1529 854 1903 905 ASSILIENSIS
1946 850 2332 903 PRESBYTER.

1292 1097 2443 1210 PROLEGOMENA
2471 1164 2505 1202 .

1707 1334 2131 1353 —I——

1061 1425 1495 1496 GALLANDII
1537 1429 2187 1493 PROLEGOMENON
2232 1432 2334 1492 DE
2378 1432 2799 1494 SALVIANO.

1456 1552 1614 1617 (Vett.
1650 1552 1848 1603 Patrum
1866 1549 2237 1609 Biblioth..tom.
2259 1538 2346 1601 Χο)

346 1661 387 1714 1.
429 1658 709 1715 Salvianus
737 1657 952 1712 natione
978 1656 1160 1711 Gallus
1178 1701 1193 1719 ,
1228 1663 1289 1710 ut
1308 1655 1423 1725 ipse
1463 1653 1711 1725 perhibet
1752 1652 1851 1726 (a),
1884 1660 1939 1719 Α
1964 1671 2086 1711 rum
2116 1664 2353 1721 servato,
2371 1656 2601 1727 primum
2631 1656 2804 1709 locum
2827 1661 3089 1723 occupant
3117 1651 3234 1705 libri
3256 1650 3283 1705 1
3298 1651 3337 1704 ν
3367 1651 3551 1706 adver-

279 1749 515 1804 Colonite
530 1748 833 1817 Agrippinae
853 1755 1029 1801 ortum
1057 1745 1307 1800 habuisse
1317 1744 1527 1800 videtur
1550 1744 1645 1815 (b),
1671 1752 1727 1799 et
1751 1745 1870 1815 qui-

280 1841 403 1895 dem
416 1840 609 1895 szecnlo
624 1855 676 1892 IV
698 1837 995 1901 desinente,
1012 1837 1057 1890 si
1074 1828 1471 1891 Tillemontium
1486 1835 1762 1889 audiamus
1776 1834 1867 1905 (ο).

281 1929 572 1984 Palladiam
612 1930 844 1999 primum
882 1928 1096 2000 Hypatii
1125 1935 1179 1983 et
1216 1927 1420 1993 Quiete
1448 1926 1611 1981 ﬁliam
1648 1940 1871 1980 uxorem

283 2021 466 2084 duxit,
509 2035 576 2075 ex
610 2035 715 2089 qua
754 2019 966 2073 unicam
1009 2017 1189 2082 tiliam,
1224 2017 1586 2087 Auspiciolam
1634 2016 1869 2081 nomine,

283 2113 579 2183 suscepisse
600 2111 940 2178 intelligimus
956 2110 1054 2181 (ά).
1074 2108 1272 2164 Verum
1294 2108 1547 2179 deinceps
1566 2114 1871 2163 sanctorum

292 2202 555 2270 exemplis
575 2208 869 2271 permotus,
893 2207 952 2253 ut
979 2214 1076 2268 par
1096 2207 1178 2253 est
1199 2198 1437 2262 credere,
1460 2198 1551 2266 qui
1571 2212 1635 2252 ea
1666 2205 1875 2267 tempe-

282 2301 430 2348 state
447 2292 729 2356 ﬂorebant,
745 2288 968 2356 Paulini,
996 2291 1234 2359 inquam,
1263 2304 1331 2345 ac
1347 2289 1635 2354 Therasiae,
1648 2304 1746 2344 nec
1766 2303 1873 2343 non

284 2382 539 2438 Eucherii
567 2388 621 2435 et
640 2378 830 2445 Gallze;
861 2395 1023 2449 quam
1062 2386 1220 2434 antea
1244 2394 1466 2434 uxorem
1494 2378 1699 2444 habuit,
1732 2376 1876 2432 velut

282 2489 514 2529 sororem
541 2479 728 2542 postea
750 2471 935 2525 dilexit
957 2470 1026 2542 (ε)
1052 2489 1064 2524 :
1097 2473 1295 2541 quippe
1328 2471 1420 2540 qui
1449 2470 1655 2526 scilicet
1684 2484 1873 2525 mona-

284 2560 471 2615 sticam
494 2560 811 2625 institutum,
836 2567 891 2615 et
908 2560 959 2613 in
983 2561 1227 2616 coenobio
1255 2560 1470 2630 quidem
1494 2559 1790 2626 Lerinensi,
1815 2567 1875 2614 ut

285 2648 480 2702 eruditi
511 2649 607 2702 viri
629 2649 751 2717 jnre
778 2651 1069 2719 conjiciunt
1098 2650 1185 2722 (f),
1208 2651 1485 2720 amplexus
1513 2651 1776 2705 videatur.
1800 2650 1871 2704 Il-

287 2738 394 2793 linc
421 2750 545 2793 vero
566 2740 833 2808 digressus
853 2739 1193 2795 Massiliensis
1212 2739 1461 2795 Ecclesiae
1481 2742 1760 2812 presbyter
1777 2738 1875 2794 fuit

291 2829 591 2895 ordinatus,
638 2826 917 2884 Gennadio
956 2837 1097 2884 teste
1146 2829 1221 2901 (g)
1258 2848 1269 2881 :
1317 2845 1423 2899 quo
1453 2830 1615 2884 etiam
1660 2830 1876 2884 nomine

289 2919 436 2973 illum
459 2919 693 2973 celebrat
712 2919 946 2973 llilarius
968 2919 1293 2974 Arelatensis
1315 2920 1366 2973 in
1396 2918 1601 2973 funebri
1630 2920 1875 2974 oratione

1973 1764 2059 1801 sus
2089 1747 2379 1811 avaritiam,
2410 1760 2549 1813 quos
2576 1754 2635 1799 ut
2663 1744 2893 1799 maxime
2920 1743 3240 1811 conscripsit
3282 1741 3421 1796 circa
3452 1757 3551 1795 an-

1974 1851 2100 1889 num
2128 1834 2232 1888 440
2264 1834 2380 1906 (ιη).
2416 1833 2610 1888 Eorum
2643 1848 2805 1902 porro
2833 1831 3075 1886 meminit
3104 1838 3291 1885 auctor
3329 1831 3381 1885 in
3403 1830 3553 1884 libris

1974 1924 2425 1979 deGubernatione
2447 1924 2541 1978 Dei
2560 1926 2660 1995 (η),
2684 1925 2910 1994 illosque
2938 1924 3037 1980 sub
3062 1922 3276 1977 nomine
3300 1920 3552 1975 Timothei

1974 2017 2041 2071 ad
2052 2015 2343 2073 Ecclesiam
2362 2017 2680 2072 catholicam
2706 2024 2820 2070 toto
2836 2015 2966 2070 orbe
2984 2013 3227 2069 diffusam
3245 2012 3549 2083 direxit(o).

1973 2108 2089 2175 Qua
2137 2108 2204 2163 de
2232 2124 2289 2163 re
2338 2109 2453 2179 ipse
2506 2108 2721 2163 disserit
2756 2107 2811 2162 in
2848 2106 3075 2177 epistola
3103 2106 3155 2171 9,
3187 2104 3407 2160 Salonio
3459 2105 3545 2159 in-

1972 2200 2173 2270 scripta
2203 2198 2300 2270 (p).

2044 2291 2284 2345 Alterum
2309 2305 2442 2360 opus
2455 2289 2604 2344 libris
2617 2289 2730 2344 VIII
2750 2289 3056 2344 distinctum
3079 2289 3235 2358 vulgo
3263 2290 3404 2344 hunc
3425 2304 3554 2359 prte-

1974 2380 2136 2437 sefert
2191 2381 2434 2446 titulum,
2482 2379 2546 2434 de
2592 2378 2976 2435 Cuberuatione
3022 2379 3154 2444 Dei;
3203 2379 3343 2450 quod
3372 2387 3555 2434 tamen

1973 2471 2251 2527 Gennadio
2270 2472 2463 2527 dicitur
2490 2471 2553 2525 de
2580 2471 2821 2543 pra-senti
2841 2470 3047 2525 Iudicio
3070 2472 3145 2542 (q)
3183 2488 3195 2523 :
3227 2470 3312 2525 cui
3339 2470 3556 2539 quidem

1976 2562 2307 2632 inscriptioni
2334 2561 2477 2617 favet
2496 2562 2722 2631 ipsemet
2741 2570 2930 2617 auctor
2958 2562 3051 2634 (r).
3084 2561 3334 2617 Nonnulli
3364 2576 3557 2616 exara-

1975 2660 2061 2707 tos
2082 2652 2376 2721 conjiciunt
2401 2651 2502 2706 hos
2522 2651 2686 2706 libros
2715 2659 2841 2706 ante
2861 2667 3057 2706 annum
3082 2651 3177 2704 451
3213 2652 3304 2723 (s).
3337 2651 3441 2706 Sed
3464 2652 3555 2706 alii

1975 2743 2193 2809 rectius,
2226 2751 2286 2796 ut
2330 2741 2560 2807 videtur,
2592 2757 2789 2796 annum
2843 2739 2948 2794 ‘55
2990 2749 3231 2797 statuunt
3271 2743 3358 2812 (t).
3391 2741 3449 2796 In
3491 2742 3558 2796 iis

1976 2835 2119 2890 enim
2165 2834 2390 2889 Romam
2430 2849 2461 2887 a
2490 2833 2743 2888 Vandalis
2783 2833 3056 2888 obsessam
3104 2841 3158 2887 et
3203 2840 3561 2902 expugnatam

1975 2925 2138 2980 tradit
2190 2924 2471 2978 Salvianus
2518 2922 2635 2996 (u):
2675 2923 2820 2994 quod
2876 2938 3043 2988 sane,
3085 2932 3143 2977 nt
3187 2938 3254 2977 ex
3310 2921 3559 2994 Prosperi

288 3010 357 3064 de
381 3010 486 3063 vita
512 3010 568 3064 S.
601 3009 887 3076 Honorati,
919 3026 1077 3081 quam
1105 3012 1289 3066 habuit
1318 3027 1459 3066 anno
1494 3010 1597 3063 429
1626 3019 1718 3066 aut
1738 3010 1862 3065 150-
1900 3027 1943 3086 B
1973 3017 2242 3071 Chronico
2271 3015 2439 3085 liquet
2462 3014 2554 3085 (υ),
2586 3013 2775 3069 eodem
2802 3029 2943 3069 anno
2969 3014 3256 3082 contigisse
3284 3015 3557 3084 comperi-

288 3101 379 3156 Sic
406 3104 547 3158 enim
578 3103 667 3157 ille
701 3103 778 3174 (It)
814 3121 827 3155 :
882 3101 1129 3175 Egregius
1156 3106 1281 3157 etin
1318 3103 1521 3158 Christo
1551 3103 1875 3158 beatissimus

293 3196 374 3247 vir
398 3193 676 3249 Salvianus
705 3193 983 3265 presbyter,
1017 3202 1121 3250 etc.
1151 3194 1508 3250 Familiariter
1528 3211 1681 3251 usum
1718 3195 1878 3251 fuisse

290 3286 615 3355 scriptorem
662 3294 905 3340 nostrum
951 3286 1316 3341 celeberrimis
1362 3287 1502 3341 illius
1529 3287 1703 3341 aetatis
1727 3288 1874 3350 viris,

288 3390 409 3430 cum
434 3376 653 3431 Baluzio
679 3375 907 3429 libenter
927 3377 1262 3444 agnoscimus
1285 3377 1345 3448 (i)
1376 3396 1387 3429 :
1417 3376 1692 3433 IIonorato
1721 3378 1878 3433 nimi-

288 3483 409 3522 rum
430 3469 688 3537 episcopo
714 3467 1029 3530 Arelatensi,
1045 3467 1307 3523 Eucherio
1322 3468 1680 3537 Lugdunensi,
1696 3468 1878 3537 Agrae-

297 3559 383 3612 cio
412 3558 812 3628 Antipolitano,
844 3556 1062 3613 Salonio
1090 3567 1146 3612 et
1172 3558 1404 3623 Verane,
1445 3559 1716 3628 quondam
1763 3560 1879 3630 ejus

289 3649 563 3719 discipulis
601 3648 703 3721 (j);
744 3663 972 3717 quorum
1009 3649 1171 3703 etiam
1204 3650 1371 3721 priori
1402 3649 1566 3704 libros
1592 3649 1655 3703 de
1681 3647 1878 3705 Guber—

290 3742 501 3793 natione
520 3738 619 3793 Dei
640 3739 984 3809 nuncupavit.
1003 3738 1210 3797 Floruit
1229 3749 1407 3797 autem
1427 3741 1706 3796 Salvianus
1732 3742 1876 3797 circa

290 3832 524 3885 medium
551 3830 731 3885 saeculi
759 3846 812 3894 v,
844 3844 1256 3901 supremumque
1293 3832 1434 3887 diem
1460 3833 1656 3888 obiisse
1681 3833 1875 3888 szeculo

293 3920 483 3976 eodem
528 3927 761 3975 exeunte
807 3928 1037 3976 constat.
1086 3920 1219 3976 Nam
1247 3919 1555 3978 Gennadius
1581 3924 1673 3993 qui
1717 3938 1873 3979 suum

291 4012 483 4068 librum
499 4010 562 4067 de
592 4012 730 4066 Viris
751 4013 1031 4069 illustribus
1069 4015 1338 4069 scribebat
1365 4030 1507 4070 anno
1532 4014 1657 4082 196,
1674 4015 1874 4085 quippe

290 4102 383 4171 qui
412 4116 477 4157 eo
496 4102 613 4171 ipso
635 4116 777 4157 anno
804 4101 914 4158 fato
939 4101 1176 4159 functum
1196 4112 1459 4160 memoret
1484 4103 1752 4160 Gelasium
1773 4120 1871 4175 pa-

290 4207 417 4261 pam
445 4193 544 4264 (lt),
572 4192 639 4246 de
658 4191 908 4247 Salviano
936 4194 1097 4248 verba
1130 4194 1327 4249 faciens
1358 4194 1420 4266 (ι)
1445 4212 1457 4247 :
1490 4194 1646 4259 Vivit,
1678 4195 1870 4264 inquit,

289 4299 445 4354 usque
470 4284 620 4338 hodie
644 4286 698 4337 in
718 4294 971 4339 senectute
992 4284 1147 4339 bona.

1977 3123 2114 3162 mus.

2050 3197 2284 3254 Tertium
2306 3190 2537 3266 denique
2566 3196 2800 3252 Salviani
2831 3197 3125 3252 litterarum
3154 3206 3557 3253 monumentum

1976 3286 2253 3343 Gennadio
2282 3286 2554 3341 laudatum
2601 3296 2701 3349 est,
2732 3287 3085 3358 Epistolarum
3128 3289 3257 3343 liber
3283 3306 3451 3343 unus:
3492 3306 3557 3343 ex

1976 3377 2168 3446 quibus
2195 3384 2372 3430 tamen
2419 3392 2611 3431 novem
2661 3378 3028 3431 tantummodo
3067 3389 3350 3447 supersunt
3384 3397 3395 3433 :
3437 3396 3558 3449 pars

1975 3467 2225 3524 videlicet
2253 3482 2437 3523 earum
2460 3467 2683 3522 minima
2722 3482 2855 3537 quas
2893 3467 2958 3522 ad
2989 3469 3230 3524 diversos
3267 3466 3557 3539 sc'ripscrit,

1975 3563 2022 3618 si
2051 3561 2357 3616 attendatur
2384 3561 2436 3614 in
2467 3560 2653 3631 primis
2682 3561 2916 3615 auctoris
2934 3570 3064 3615 :etas
3084 3561 3342 3629 longaeva.
3378 3563 3451 3617 Dc
3473 3579 3558 3617 re-

1976 3653 2133 3722 liquis
2152 3667 2281 3707 vero
2307 3650 2423 3719 ejus
2441 3650 2654 3720 scriptis
2680 3650 2971 3721 deperditis
2994 3651 3131 3705 haud
3160 3652 3381 3705 interest
3408 3653 3556 3723 plura

1975 3749 2291 3804 contexere,
2339 3756 2461 3797 cum
2500 3740 2569 3796 de
2597 3740 2663 3796 iis
2689 3739 2950 3796 duntaxat
2980 3742 3116 3797 ratio
3148 3742 3556 3799 nobisrcddcn-

1975 3833 2042 3888 da
2074 3831 2316 3886 videatur
2353 3846 2471 3902 quae
2514 3830 2688 3887 adhuc
2740 3839 3013 3902 superant,
3055 3846 3281 3903 qumque
3331 3834 3557 3903 proinde

1973 3922 2148 3978 studio
2168 3928 2354 3977 nostro
2382 3922 2718 3990 evulgantur.

2045 4012 2129 4068 Ill.
2169 4011 2486 4083 Complures
2532 4010 2980 4067 circumferuntur
3043 4010 3277 4067 Salviani
3334 4030 3555 4085 operum

1974 4103 2256 4167 editiones,
2287 4117 2423 4171 quas
2468 4100 2537 4156 ad
2580 4117 2742 4157 unam
2787 4117 2976 4157 omnes
3022 4118 3302 4159 recensere
3332 4120 3438 4159 non
3476 4116 3556 4160 est

1974 4193 2131 4262 hujus
2159 4192 2282 4247 loci.
2312 4191 2457 4246 Inter
2484 4206 2576 4245 eas
2595 4205 2714 4260 quae
2736 4190 2944 4246 duobus
2964 4192 3328 4262 superioribus
3350 4196 3557 4250 saeculis

1972 4283 2239 4354 prodiere,
2269 4281 2387 4336 dum
2413 4281 2747 4351 potissimum
2777 4280 2828 4335 in
2855 4282 3028 4351 pretio
3049 4281 3343 4338 habentur:
3364 4284 3551 4349 altera,

359 4374 422 4427 Il.
464 4374 709 4429 Humana
735 4386 785 4430 et
812 4377 986 4430 divina
1028 4378 1320 4432 litteratura
1366 4379 1645 4433 instructus
1684 4386 1871 4434 auctor
1896 4384 1943 4447 ο
1973 4374 2117 4429 Petri
2147 4373 2359 4437 Pilhmi.
2408 4388 2551 4427 anno
2598 4370 2736 4427 1580
2784 4371 3005 4429 Parisiis
3053 4374 3324 4443 evulgata;
3357 4378 3546 4439 altera.

288 4470 494 4528 noster,
544 4465 618 4518 ait
673 4465 814 4520 idem
866 4464 1190 4530 Gennadius,
1238 4468 1445 4538 scripsit
1483 4468 1791 4522 scholastica
1819 4478 1869 4521 et
1971 4465 2205 4521 Conradi
2232 4464 2591 4530 Rittershusii,
2622 4480 2764 4520 anno
2801 4465 2929 4519 1611
2980 4467 3121 4537 typis
3150 4467 3420 4525 Altortlnis
3454 4486 3551 4525 ex-

290 4562 468 4623 aperta
496 4571 727 4609 sermone
772 4556 951 4610 multa.
984 4555 1063 4611 Ex
1102 4558 1293 4627 quibus
1320 4566 1496 4613 tamen
1535 4560 1637 4614 tria
1660 4567 1865 4613 tantum

287 4660 454 4715 opera
493 4662 772 4717 superesse
810 4656 1119 4703 noscuntur.
1152 4647 1227 4701 Ea
1256 4649 1413 4714 inter,
1445 4650 1633 4705 ordine
1657 4658 1865 4720 tempo-

363 4857 440 4939 ςᾳ)
474 4855 621 4939 _S_alv.
637 4858 709 4939 de
730 4856 961 4939 G_ubern.
991 4856 1051 4910 D.
1085 4856 1177 4909 lib.
1209 4871 1280 4921 vr,
1316 4856 1343 4927 §
1376 4856 1462 4920 13,
1492 4855 1645 4910 infra.

361 4926 436 4992 (ὁ)
471 4926 544 4979 Id.
579 4928 735 4997 epist.
767 4927 820 4979 I.
1326 4926 1334 4927 7

361 4984 440 5117 fy)
900 4994 1032 5049 eoel.
1058 5002 1188 5049 tom.
1213 4992 1349 5060 XVI,
1375 5008 1495 5064 pag.
1529 4993 1650 5049 I82.

422 5063 440 5133 )
476 5063 622 5134 Salv.
646 5065 799 5134 epist.
832 5065 883 5118 4.

362 5130 432 5203 (ε)
470 5133 546 5188 Id.
579 5130 707 5188 ibid.
736 5134 851 5199 Qua
876 5135 943 5203 de
986 5148 1046 5187 re
1072 5132 1193 5189 vide
1231 5132 1573 5189 Sirmondum
1609 5132 1678 5187 ad
1706 5130 1861 5188 Sido.

286 5202 544 5273 niumiib.
573 5220 625 5266 v,
658 5204 813 5273 epist.
844 5202 927 5256 I6.

383 5273 427 5343 ο
466 5272 600 5343 IIist.
634 5270 793 5329 littér.
819 5273 885 5343 de
911 5270 1215 5343 lalf‘rance,
1249 5280 1377 5343 tom.
1402 5272 1464 5337 II,
1488 5286 1607 5343 pag.
1639 5270 1761 5328 519.

359 5340 435 5463 (ἶ)
474 5340 713 5421 Gennad.
743 5343 810 5396 de
836 5342 943 5396 Vir.
974 5342 1162 5396 illustr.
1194 5357 1312 5411 cap.
1345 5341 1432 5395 67.

359 5413 378 5481 (
420 5410 644 5481 )“Hllal'.
675 5412 817 5481 Are].
850 5411 988 5481 apud
1015 5411 1256 5466 Bolland.
1282 5410 1399 5467 Act.

420 5410 644 5482 )“IIilar.
675 5412 817 5482 Are].
850 5411 988 5482 apud
1015 5410 1399 5467 Bolland.’Act.
1443 5410 1535 5467 SS.
1567 5410 1687 5466 Jan.
1720 5420 1759 5465 t.
1793 5410 1855 5477 II,

394 5478 522 5543 {'20,
558 5495 700 5532 num.
733 5479 815 5533 19.

283 5496 354 5551 pa
394 5519 409 5531 .
434 5494 522 5543 zu,
558 5495 700 5532 num.
733 5494 815 5533 iu.

355 5494 420 5621 ᾗ)
459 5548 643 5621 Ealuz.
669 5549 732 5621 ad
761 5547 993 5621 Salvian.
1020 5564 1143 5621 pag.
1176 5551 1297 5603 376.

394 5588 426 5687 ὕ
459 5588 871 5687 ’έέῑξῗεὶἷεῖἑῖ

394 5622 426 5687 3
465 5622 610 5672 Salv.
641 5637 671 5672 ε
710 5622 795 5672 ist.
820 5622 871 5673 8.

358 5622 435 5759 ει)
472 5635 717 5744 ϐθηιιθὲ.
749 5688 782 5740 1.
808 5704 855 5742 c.
888 5705 1003 5758 cap.
1029 5688 1115 5749 9-1.

566 5781 832 5865 Ρέτιιοι.
872 5782 1027 5842 LIlI.

131 5897 385 6081 ίρδνίδ

1972 4572 2116 4612 cusa.
2150 4556 2345 4611 Verum
2372 4555 2674 4625 Stephanus
2699 4555 2946 4611 Baluzius
2981 4556 3139 4611 modo
3174 4557 3441 4614 laudatam
3464 4561 3551 4614 Pi-

1972 4648 2243 4702 thmanam
2281 4645 2571 4701 editionem
2619 4653 2824 4711 nactus,
2873 4661 2995 4699 cum
3040 4648 3398 4705 vetustissimo
3444 4667 3545 4708 ms.

2069 4852 2109 4921 l)
2146 4850 2221 4922 Id.
2251 4851 2290 4905 l.
2322 4866 2373 4907 c.
2400 4849 2628 4922 φιλίη.
2723 4917 2807 4922 ___
2899 4918 2955 4922 ___
3075 4920 3103 4922 υ
3660 4852 3667 4871 ‘

2041 4855 2109 4992 ξι)
2146 4855 2290 4934 1(1.,1.
2322 4866 2373 4907 c.
2400 4865 2517 4922 cap.
2540 4855 2628 4903 67.
2836 4937 2849 4949 .
2946 4920 2956 4933 ι
3095 4921 3107 4933 .

2041 4920 2385 5044 093.
2416 4920 2454 4974 1.
2485 4934 2536 4975 c.
2561 4932 2682 4989 pag.
2715 4917 2851 4987 191,
2895 4918 3031 4974 Hist.
3072 4920 3176 4975 litt.
3216 4921 3284 4977 de
3312 4924 3360 4979 la
3384 4926 3473 4985 Fr.
3501 4929 3539 4985 Ι.
3623 4998 3641 5023 ι

2061 5125 2115 5185 ol
2154 5130 2229 5185 Id.
2255 5130 2376 5185 adv.
2403 5129 2565 5185 Avar.
2598 5125 2690 5183 lib.
2718 5145 2753 5184 ι.

2151 5200 2228 5270 ld.
2252 5200 2405 5270 epist.
2428 5194 2484 5270 9.

2063 5268 2116 5415 εξ
2148 5268 2841 5415 sset-tamn
2871 5359 2909 5410 ι,
2937 5343 2964 5415 ς
2994 5344 3045 5400 ι.

1966 5006 2015 5045 θ’
2035 5006 2397 5270 ﬁsi?“
2415 5056 2650 5139 Gubern.
2678 5056 2742 5113 υ.
2773 5058 2867 5115 lib.
2888 5077 2958 5125 ιν,
2986 5060 3012 5133 5
3037 5060 3088 5115 1.

2061 5147 2091 5185 ο
2154 5130 2229 5185 Id.
2255 5130 2376 5185 adv.
2403 5129 2565 5185 Avar.
2598 5125 2690 5183 ltb.
2718 5145 2753 5184 ι.

2059 5219 2093 5270 ρ
2151 5200 2228 5270 ω-
2252 5200 2405 5270 θρὶξῑο
2428 5194 2484 5270 9ο

2058 5546 2116 5623 si)
2151 5548 2298 5623 Salv.
2322 5547 2389 5603 de
2396 5546 2645 5623 _G_ubern.
2676 5550 2736 5604 Ι).
2771 5546 2868 5623 lib;
2888 5546 2957 5614 vi,
2985 5553 3012 5623 §
3044 5553 3127 5605 12.

2059 5615 2107 5700 sl
2148 5615 2354 5700 Ρτοειξε,
2388 5617 2587 5700 2'1"!"-
2619 5633 2747 5700 Pass
2775 5619 2906 5700 ⁷⁵1)
2934 5615 3263 5700 “.3an.-
3288 5623 3360 5700 3d
3397 5621 3539 5700 οη.

2117 5702 2229 5758 esp.
2255 5686 2379 5741 edit.
2409 5686 2576 5741 Paris.
2612 5686 2827 5759 (nostri:
2851 5693 3047 5745 l’atrol.
3071 5686 3197 5745 tom.
3234 5690 3349 5764 LI).

2058 5406 2106 5464 sl
2147 5407 2356 5464 Tillem.
2388 5406 2425 5463 l.
2458 5423 2506 5463 c.
2530 5422 2652 5464 natt.
2688 5408 2808 5464 191.

2058 5411 2106 5477 s)
2147 5411 2356 5464 Tillem.
2388 5411 2425 5463 l.
2458 5423 2506 5463 c.
2639 5449 2652 5462 .
2688 5411 2808 5464 191.
2940 5411 2956 5415 ⁷

2058 5479 2100 5548 t)
2139 5478 2275 5535 Hist.
2304 5479 2405 5533 litt.
2438 5477 2504 5533 de
2530 5422 2689 5533 hair.
2714 5481 2749 5533 I.
2775 5497 2823 5535 c.
2848 5496 2967 5552 pag.
2997 5482 3117 5537 525.

2058 5549 2116 5621 ts)
2155 5548 2298 5603 Salv.
2322 5547 2389 5603 de
2409 5546 2645 5604 Gubern.
2676 5550 2736 5604 Ι).
2771 5551 2862 5605 lib.
2888 5569 2957 5614 vs,
2985 5553 3012 5623 §
3044 5553 3117 5605 12.

2059 5620 2107 5686 υ)
2148 5615 2333 5689 Prosp.
2388 5617 2587 5673 Chron.
2658 5633 2740 5687 ag.
2775 5619 2906 5685 754,
2934 5623 2985 5675 in
3035 5638 3117 5691 ap]

2117 5702 2229 5741 osn.
2255 5688 2379 5741 edit.
2409 5686 2576 5741 Paris.
2612 5634 2827 5741 gloslra'
2851 5693 3047 5741 I’ntrol.
3076 5703 3117 5741 to

1963 5687 2020 5751 S.
