4006 6182
284 318 293 325 .
349 284 366 335 ι
402 254 411 269 ³
722 264 729 271 ’
1235 282 1290 337 s.
1318 276 1694 337 SALVIANUS
1734 278 2193 335 Missumxsrs
2233 279 2654 336 russevrsn.
3516 281 3588 342 ta

299 395 593 463 exemplari
642 397 951 449 monasterii
1003 394 1343 453 Corbciensis
1393 395 1608 463 optinm
1657 404 1797 448 naue
1828 412 1889 448 ac
1924 410 1959 459 Α
1996 395 2351 464 iueznlumquc
2374 395 2640 448 sublatum
2673 395 2846 463 palam
2874 394 2999 459 fuit;
3032 396 3215 450 mirari
3245 397 3583 484 subiteuim-

299 486 507 540 duobus
534 486 810 541 codicibus
831 486 1157 561 Colbertinis
1173 486 1418 549 contulit,
1444 494 1604 554 atque
1633 487 1686 539 in
1716 487 1890 540 lucem

299 575 478 629 emisit
509 573 723 629 Parisiis
748 592 889 645 anno
918 574 1077 645 1663..
1094 574 1267 641 Quam
1292 584 1553 644 pucterea
1596 576 1787 631 iterum
1812 584 1894 635 at-

298 680 405 734 que
449 664 642 719 iterum
686 661 1007 735 expolitam,
1041 676 1391 733 exactamque
1435 665 1613 719 denuo
1662 665 1725 719 ad
1758 666 1892 720 alios

296 756 433 810 duos
463 772 589 809 mss.
622 757 836 812 codices
864 758 1058 827 quibus
1080 773 1204 812 usus
1234 756 1406 812 fuerat
1427 756 1686 823 Pithmus,
1730 758 1889 812 tertio

295 849 349 901 in
379 848 566 917 vulgus
593 849 779 903 eduxit
808 850 1026 904 Parisiis
1055 865 1198 903 anno
1230 848 1386 903 1684.
1418 848 1485 903 Ει
1514 850 1651 903 hanc
1671 848 1887 918 quidem

294 948 623 1008 postremam
670 940 964 995 editionem
1035 940 1379 994 Baluzianam
1444 940 1667 1009 reliquis
1720 940 1889 995 multo

292 1029 721 1097 praestantiorem
746 1031 899 1100 prelo
921 1030 1339 1098 consignandam
1369 1030 1637 1086 duximus.

364 1116 453 1170 lV.
492 1116 667 1173 Porro
716 1136 823 1173 non
872 1128 954 1174 est
1000 1120 1087 1174 hic
1116 1119 1487 1182 omittendum,
1522 1136 1664 1175 anno
1711 1121 1891 1175 saeculi

279 1208 449 1275 .hujus
482 1207 636 1270 1729,
692 1210 880 1265 eadem
908 1210 1145 1264 Salviaui
1192 1225 1356 1279 opera
1390 1212 1651 1280 prodiisse
1682 1209 1890 1265 Pisauri

291 1299 472 1353 studio
519 1315 581 1353 ac
624 1300 807 1355 labore
846 1300 1103 1354 Demetrii
1144 1301 1415 1366 Barbulii,
1448 1301 1621 1370 quiet
1649 1300 1891 1356 Concor-

292 1390 506 1445 dantias
551 1389 865 1446 Salvianeas
913 1392 1251 1460 alphabetice
1297 1392 1584 1461 dispositas
1624 1392 1885 1448 adtexuit.

290 1484 596 1538 Dolendum
626 1501 755 1541 vero
782 1486 851 1540 cl.
878 1486 1140 1540 editorem
1176 1485 1334 1540 nobis
1356 1486 1653 1541 obtrusisse
1681 1484 1889 1541 Salvia-

289 1589 417 1627 uum
454 1573 838 1629 Massiliensem
890 1577 1187 1646 episcOpum
1227 1574 1324 1644 (α),
1358 1590 1518 1644 quem
1549 1584 1728 1629 tamen
1760 1583 1886 1645 post

289 1664 623 1721 Genuadium
638 1667 739 1720 viri
754 1667 1099 1722 eruditissimi
1112 1667 1463 1738 presbyterum
1487 1675 1694 1720 tantum
1728 1681 1890 1735 agno-

1996 502 2125 543 vero
2166 487 2470 540 Barbulium
2498 486 2719 555 ejusque
2748 487 2997 542 comitem
3039 490 3306 544 Amatium
3354 492 3406 545 iu
3440 502 3588 549 tanta

1995 577 2112 631 luce
2135 576 2311 630 adhuc
2337 576 2583 631 caecutire
2613 576 2874 645 potuisse.

2064 664 2127 718 V.
2161 665 2266 719 Sed
2300 666 2535 719 nondum
2559 662 2908 719 dimittendus
2932 666 3180 720 laudatus
3203 667 3463 723 Amatius.
3484 670 3591 723 No-

1995 766 2106 811 stra
2138 759 2279 839 enim
2313 757 2535 812 interest
2558 758 2609 811 in
2640 773 2706 812 eo
2729 757 2873 826 quod
2904 761 3181 813 contexuit
3208 760 3443 816 Salviani
3465 763 3590 816 Elo-

1991 850 2101 917 gio,
2131 849 2273 903 aliud
2304 864 2477 917 neque
2505 863 2636 903 sane
2669 850 2787 903 leve
2840 848 3007 917 ipsius
3035 846 3288 918 detegere
3326 860 3585 909 erratum.

1993 941 2272 1007 Nimirum,
2297 939 2507 997 Gallum
2536 939 2752 1009 quidem
2783 938 2946 995 fuisse
2969 939 3276 995 Salviauum
3299 944 3591 998 assentitur

1992 1032 2083 1087 ille
2110 1031 2184 1103 (θ)
2214 1049 2225 1083 :
2252 1047 2356 1101 qua
2398 1046 2526 1089 vero
2551 1045 2617 1086 ex
2642 1029 2934 1084 Galliarum
2982 1031 3115 1086 urbe
3153 1041 3330 1087 ortum
3366 1035 3588 1088 traxerit

1992 1120 2136 1175 haud
2162 1120 2295 1176 satis
2332 1122 2537 1190 liquere
2579 1121 2890 1175 arbitratur.
2923 1119 3062 1187 Quin
3092 1129 3148 1175 et
3176 1122 3448 1178 Baluzium
3479 1139 3586 1178 non

1992 1211 2094 1265 sibi
2122 1210 2408 1265 admodum
2435 1218 2687 1266 constare
2714 1211 2937 1275 asserit,
2971 1211 3097 1265 dum
3126 1212 3228 1266 sub
3249 1212 3460 1267 initium
3496 1229 3585 1269 vo-

1992 1302 2209 1358 luminis
2229 1303 2539 1358 Salvianum
2560 1303 2807 1356 audacter
2831 1300 3042 1356 Gallum
3063 1304 3422 1372 proclamans,
3444 1317 3585 1374 post-

1991 1396 2211 1455 modum
2241 1397 2295 1452 in
2326 1397 2468 1457 notis
2499 1396 2674 1466 patria
2701 1395 2865 1451 fuisse
2894 1395 3340 1465 Agrippinensem
3376 1397 3584 1453 astruit.

1993 1486 2147 1555 Quod
2179 1487 2426 1559 equidem
2457 1502 2486 1540 a
2517 1486 2630 1540 viro
2661 1486 2875 1540 erudito
2907 1486 3103 1541 nollem
3124 1486 3346 1541 dictum.
3374 1484 3585 1558 Optime

1988 1593 2224 1647 namque
2245 1578 2346 1631 sibi
2366 1585 2579 1633 constat
2599 1577 2870 1643 Baluzius,
2902 1585 2957 1631 et
2976 1574 3185 1631 Gallum
3211 1578 3430 1633 natione
3449 1580 3585 1633 scri-

1989 1666 2200 1742 ptorem
2230 1679 2472 1726 nostrum
2515 1677 2790 1736 statuens,
2836 1677 2889 1724 et
2926 1670 3099 1740 patria
3144 1668 3307 1724 fuisse
3334 1669 3583 1740 Agrippi-

288 1756 749 1813 seuut.Fictitium
770 1772 985 1827 quoque
1009 1756 1632 1826 SalvianiepiscOpatum
1658 1758 1887 1811 asseruit
1918 1788 1963 1845 Β
1990 1778 2211 1818 nensem
2260 1762 2552 1831 eonjiciens
2595 1779 2609 1814 :
2650 1761 2797 1831 quod
2836 1776 2937 1817 nos
2976 1776 3194 1830 quoque
3233 1761 3332 1815 sub
3372 1762 3581 1817 initium

288 1847 513 1903 Larinus
540 1848 802 1914 Arantius,
842 1849 895 1902 in
921 1848 1043 1903 Vita
1079 1863 1175 1902 seu
1204 1848 1380 1917 potius
1409 1847 1596 1918 Elogio
1638 1846 1876 1917 ejusdem

287 1940 543 2008 Salviaui,
573 1941 716 2010 quod
739 1957 807 1997 ex
826 1942 999 1996 nostri
1020 1941 1296 2011 scriptoris
1326 1941 1569 2010 epistolis
1595 1943 1880 1997 concinna-

288 2040 402 2086 tum
424 2034 524 2087 sub
548 2034 756 2089 initium
786 2033 1020 2103 praefatae
1043 2033 1380 2088 Barbulian’ae
1410 2034 1662 2089 editionis
1690 2050 1880 2089 occur-

288 2122 358 2177 rit
382 2121 477 2194 (b).
502 2122 684 2191 Neque
706 2138 835 2178 vero
863 2130 1148 2178 excusatur
1169 2130 1397 2191 uterque
1425 2124 1745 2178 auctoritate
1767 2141 1880 2178 ina-

284 2216 375 2286 gni
400 2215 631 2271 Baronii.
659 2214 753 2270 Ille
774 2214 991 2285 quidem
1011 2215 1210 2284 aliique
1235 2215 1414 2285 plures
1434 2230 1557 2269 cum
1583 2230 1649 2271 eo
1670 2214 1879 2270 Salvia-

288 2323 415 2365 num
435 2307 817 2367 Massiliensem
843 2308 1161 2378 episcopum
1178 2308 1519 2379 appellarunt
1544 2307 1653 2378 (0),.
1669 2307 1881 2378 decepti

286 2399 545 2454 nimirum
567 2399 838 2455 mendosis
866 2400 1191 2455 editiouibus
1228 2398 1564 2459 Gennadiani
1612 2401 1790 2469 operis
1819 2401 1882 2455 de

295 2487 435 2543 Viris
462 2489 764 2558 illustribus,
795 2505 926 2559 quas
951 2489 1204 2544 Erasmus
1231 2498 1283 2544 et
1313 2488 1585 2547 Marianos
1612 2490 1881 2546 Victorius

280 2581 423 2634 inter
465 2579 883 2651 Hieronymiana
935 2580 1276 2648 evulgarunt,
1332 2581 1424 2635 ubi
1470 2595 1757 2651 perperam
1810 2596 1880 2636 ex

286 2683 449 2741 prava
478 2669 707 2725 lectione
752 2670 905 2726 titulo
934 2670 1200 2739 ejusmodi
1239 2671 1559 2726 bonestatur
1596 2671 1876 2743 presbyter

287 2757 644 2815 Massiliensis.
668 2760 867 2816 Verum
886 2768 1170 2831 postquam
1191 2778 1223 2816 a
1240 2762 1372 2817 viris
1390 2762 1562 2818 doctis
1584 2762 1748 2833 Pagio
1772 2764 1871 2838 (ά),

287 2846 627 2905 Tillemontio
658 2851 729 2921 (ε)
759 2859 919 2921 atque
947 2851 1196 2908 Historia:
1211 2852 1482 2908 litterariae
1500 2844 1717 2910 Gallica:
1742 2854 1875 2909 scri-

286 2944 529 3014 ptoribus
570 2945 675 3016 (f),
705 2953 766 3000 ut
802 2953 1029 3002 cteteros
1056 2945 1394 3012 omittamus,
1441 2961 1595 3002 error
1633 2946 1876 3003 detectus

355 3103 431 3170 (α)
473 3102 684 3157 Barbul.
722 3102 776 3155 in
799 3101 1040 3171 inscript.
1072 3100 1201 3156 edit.
1238 3100 1445 3157 Pisaur.

359 3172 432 3243 (ιι)
474 3171 652 3226 Larin.
678 3172 851 3225 Amat.
879 3170 1153 3243 Vit._Szilv.
1188 3184 1308 3243 pag.
1336 3186 1412 3243 is.

357 3240 427 3311 (ε)
469 3243 664 3313 Bai-on.
689 3243 756 3295 ad
782 3240 1210 3313 ann._t_i28,§§i
1242 3250 1297 3295 et
1327 3241 1410 3294 Η.

352 3315 433 3385 (d)
464 3311 622 3385 fagi.
649 3313 871 3385 ad‘aun.
904 3310 1025 3385 499,
1055 3310 1201 3383 μί),

352 3378 423 3452 (θ)
463 3378 670 3437 Τὶιιύιη.
696 3381 852 3436 Mém.
873 3381 1004 3437 ecel.
1040 3378 1170 3436 tom.
1200 3378 1337 3446 XVI,
1363 3395 1516 3452 pagg.
1549 3378 1651 3434 194
1671 3390 1725 3438 et
1748 3382 1867 3449 747,

358 3462 394 3505 ι.
424 3450 472 3507 5.
504 3469 597 3507 sur
621 3452 856 3507 Salvieu.

383 3494 394 3505 .
424 3468 472 3515 ἑ),
504 3469 597 3507 sur
621 3468 856 3507 bamen.

285 3468 394 3508 nor.
424 3468 472 3515 ε),
504 3469 597 3507 sur
621 3468 856 3507 eamea.

351 3525 435 3594 (Ῑ)
474 3522 869 3594 llist.littér.d_e
896 3522 945 3576 Ia
961 3519 1188 3591 France,
1222 3531 1351 3577 tom.
1376 3520 1582 3593 ll,pag.
1603 3521 1722 3576 521.

375 3592 428 3665 g)
469 3593 590 3648 Lar.
625 3594 801 3648 Amat.
834 3592 871 3647 l.
902 3607 949 3647 c.
1587 3603 1592 3607 ’

1989 1844 2147 1921 hujus
2167 1852 2357 1922 capitis
2377 1850 2778 1916 allirmavimus,
2797 1866 2918 1907 cum
2946 1851 3118 1921 ipsum
3146 1849 3443 1915 Baluzium,
3466 1860 3580 1906 tum

1979 1948 2118 2002 alios
2156 1947 2459 2003 eruditione
2492 1953 2810 2017 prmstantcs
2842 1943 2986 2000 viros
3023 1944 3272 1999 assectati
3313 1943 3412 2014 (h).
3461 1942 3577 2000 Non

1981 2037 2356 2094 animadvertit
2370 2037 2633 2104 Amatius,
2645 2034 2926 2091 Coloniam
2937 2035 3303 2106 Agrippinam,
3318 2049 3421 2104 qua
3436 2043 3576 2089 tern-

1982 2140 2190 2201 pestate
2212 2131 2437 2187 ﬂorebat
2457 2130 2758 2193 Salvianus,
2778 2128 2833 2181 in
2848 2128 2964 2183 solo
2978 2127 3182 2182 Gallico
3203 2126 3359 2181 sitam
3388 2126 3575 2181 fuisse:

1982 2237 2145 2291 quam
2180 2223 2412 2288 scilicet,
2452 2220 2665 2290 imperii
2718 2219 2926 2273 viribus
2954 2217 3247 2273 debilitatis
3287 2226 3342 2271 et
3370 2218 3575 2280 accisis,

1986 2313 2241 2369 Romanis
2261 2313 2459 2368 ademit
2474 2310 2864 2381 occupavitque
2887 2306 3221 2363 Childericus
3250 2305 3576 2361 Francorum

1984 2420 2113 2470 rex;
2146 2419 2375 2474 eamque
2411 2403 2561 2470 regni
2609 2401 2689 2455 sui
2739 2398 2923 2453 sedem
2961 2396 3241 2453 constituit
3281 2395 3576 2463 Sigibertus

1984 2495 2167 2550 senior
2193 2496 2556 2562 cognomento
2579 2489 2812 2544 Claudus
2839 2506 2851 2541 :
2896 2502 3004 2557 quo
3033 2487 3247 2540 sublato
3276 2484 3574 2542 Clodoveus

1983 2597 2209 2651 magnus
2244 2581 2461 2650 reliquis
2502 2579 2793 2635 ditionibus
2821 2577 2931 2631 suis
2972 2575 3231 2644 adjumit,
3273 2576 3347 2630 uti
3394 2582 3573 2630 narrat

1981 2672 2272 2744 Gregorius
2292 2670 2616 2726 Turonensis
2645 2667 2747 2741 (ί).
2788 2667 2988 2732 Verbo,
3028 2663 3250 2719 Colonia
3282 2665 3572 2735 Agrippina

1980 2765 2311 2837 principibus
2326 2762 2546 2818 Francis
2560 2759 2934 2828 Merovingica:
2959 2757 3139 2828 stirpis
3165 2757 3402 2827 paruisse
3422 2773 3570 2811 com-

1981 2857 2206 2927 peritur.
2239 2855 2354 2922 Qua
2383 2854 2450 2909 de
2477 2868 2538 2908 re
2585 2852 2754 2906 fusius
2801 2849 3102 2904 Hadrianus
3139 2848 3386 2904 Valesius
3416 2849 3494 2919 (j)
3519 2856 3569 2905 et

1981 2948 2268 3021 Dionysius
2289 2945 2731 3003 Sammarthanus
2760 2942 2856 3014 (k).

2052 3101 2130 3172 (h)
2172 3101 2379 3172 Tillem.
2412 3101 2447 3156 l.
2477 3116 2525 3155 c.
2556 3112 2676 3169 pag.
2704 3094 2833 3162 182;
2866 3094 2999 3149 Hist.
3035 3093 3195 3149 littér.
3227 3093 3297 3149 de
3331 3094 3381 3149 la
3411 3095 3499 3151 Fr.
3529 3098 3563 3155 Ι.

1977 3188 2028 3228 c.
2053 3186 2175 3242 pag.
2221 3171 2341 3224 5H.

2049 3244 2129 3315 (ἐκ)
2167 3241 2328 3315 Greg.
2362 3240 2489 3315 Iur.
2513 3239 2659 3315 Hist.
2680 3237 2873 3315 Fratre.
2906 3235 3081 3315 [ἰῆς-ιι,
3115 3249 3235 3315 cap.
3266 3234 3351 3315 tl_.

2047 3303 2327 3435 gjjgpga}.
2362 3311 2538 3366 Vales.
2572 3310 2697 3363 Re'r.
2726 3306 2917 3363 Franc.
2961 3305 3050 3359 lib.
3084 3320 3138 3369 v,
3166 3312 3296 3359 tom.
3320 3303 3362 3370 Ι,
3400 3320 3558 3376 pagg.

1975 3382 2318 3577 ἓόῧίέἓῖὀη.
2371 3449 2696 3507 Sammarth.
2729 3443 2867 3502 Gali.
2899 3443 3097 3501 Christ.
3135 3459 3259 3500 nov.
3296 3453 3427 3499 tom.
3477 3444 3561 3512 Ill,

1975 3538 2094 3577 nae.
2244 3563 2259 3577 .

1974 3538 2094 3593 pag.
2138 3538 2259 3577 ozu.

285 3732 3524 3763 WWW

574 3860 1191 3926 SCHOENEMANNI
1231 3856 1563 3923 NOTITIA
1606 3831 2572 3924 HlSTORICO-LITTERARIA
2615 3852 2694 3913 1N
2740 3847 3230 3912 SALVIANUM.

1325 3983 1579 4048 (Biblioth.
1616 3982 1865 4035 hist.slitt.
1900 3983 2116 4034 Palmm.
2152 3982 2259 4041 Lat.
2293 3988 2407 4031 tom.
2442 3978 2498 4041 Ι.)

1720 4108 2126 4123 ﬂ

926 4233 954 4303 ς
994 4232 1033 4286 ι.
1078 4231 1214 4284 Vita.

1965 4218 2115 4274 nulla
2135 4219 2302 4288 magis
2331 4227 2457 4274 tunc
2480 4224 2737 4291 temporis
2768 4223 2818 4275 in
2838 4219 3008 4277 Gallia
3033 4221 3331 4276 litterarum
3365 4222 3559 4283 studiis

349 4326 658 4387 Gravissimi
690 4323 848 4392 hujus
868 4331 1031 4391 atque
1055 4317 1439 4388 elegantissimi
1460 4314 1738 4385 scriptoris
1765 4329 1862 4382 pa-
1963 4312 2162 4379 ﬂoruit,
2194 4313 2367 4383 egisse
2407 4322 2724 4369 statuamus.
2761 4316 2896 4370 Num
2925 4315 2991 4369 ab
3021 4315 3174 4369 initio
3212 4314 3552 4370 Christianus

281 4424 382 4478 tria
407 4418 583 4475 Gallia
627 4414 744 4480 fuit,
788 4413 989 4482 quique
1032 4410 1273 4467 Coloniae
1319 4407 1627 4476 Agrippina:
1674 4412 1859 4459 natum

280 4512 625 4571 existimant,
677 4502 1005 4573 argumentis
1049 4514 1180 4556 sane
1227 4498 1370 4554 haud
1415 4494 1862 4566 improbabilibus

1963 4400 2125 4457 fuerit
2160 4401 2441 4459 Salvianus
2489 4404 2631 4458 haud
2672 4404 2859 4473 liquet.
2899 4403 3087 4460 Fuisse
3115 4403 3332 4473 quidem
3372 4404 3557 4459 volunt

1966 4499 2097 4557 tum,
2133 4507 2252 4546 cum
2283 4508 2351 4548 ex
2382 4492 2567 4548 eadem
2597 4494 2895 4563 provincia,
2921 4494 3072 4563 cujus
3100 4493 3415 4563 metropolis
3440 4504 3555 4549 erat

281 4608 543 4662 nituntur.
573 4597 736 4654 Certe
763 4592 1096 4650 Trevirensis
1125 4606 1232 4692 non
1261 4586 1522 4692 eratlsed
1544 4586 1863 4692 prqpiuqua:
1897 4634 1949 4692 υ
1968 4582 2195 4686 Colonia
2219 4584 2539 4692 agrippina,
2556 4600 2782 4639 umorem
2809 4582 3352 4692 ducereﬂlialladiaun
3375 4583 3555 4685 Hypa-

279 4693 533 4756 civitatis,
576 4702 696 4758 qua:
744 4700 853 4740 non
899 4692 960 4738 ut
992 4681 1198 4737 Treviri
1245 4678 1511 4734 excidium
1556 4692 1586 4730 a
1618 4674 1870 4730 Barbaris
1897 4672 1947 4692 "
1972 4674 2033 4728 tii
2060 4674 2338 4744 cujusdam
2358 4690 2421 4729 ac
2441 4672 2647 4741 Quietae
2676 4688 3005 4743 paganorum
3038 4672 3220 4739 ﬁliam,
3253 4689 3411 4743 quam
3440 4674 3553 4742 ipse

285 4800 444 4858 passa
481 4786 618 4844 erat,
660 4776 753 4831 sed
785 4783 990 4830 tantum
1028 4771 1306 4839 vectigalis
1332 4768 1537 4855 reddita
1567 4766 1758 4858 fuerat.
1786 4766 1870 4858 _Ae

283 4854 506 4949 prapius
531 4864 929 4941 quodammodo
957 4862 1026 4917 ad
1050 4876 1170 4918 eam
1190 4854 1513 4927 sententiam
1532 4872 1654 4949 qua:
1674 4854 1867 4949 Agrip-

285 4948 568 5038 pinensem
587 4973 708 5014 eum
733 4954 938 5019 statuit,
957 4952 1134 5007 facere
1163 4951 1410 5006 videntur
1430 4949 1597 5004 verba
1626 4948 1794 5017 ipsius
1815 4948 1868 5000 in

285 5036 521 5127 epistola
540 5049 730 5120 prima,
755 5042 859 5114 qua
886 5042 1283 5099 adolescentem
1313 5036 1603 5112 quemdam
1621 5037 1869 5107 Agrippi-

288 5163 369 5204 ηπ
398 5152 574 5201 ortum
594 5146 649 5195 et
669 5136 1025 5207 propinquum
1054 5148 1209 5187 suum
1238 5129 1602 5187 commendat.
1628 5128 1864 5183 Tametsi

283 5252 414 5293 vero
452 5229 688 5288 Treviris
731 5242 836 5281 non
878 5230 1057 5278 ortum
1079 5220 1346 5283 debuerit.
1389 5219 1619 5276 furuisse
1657 5227 1857 5283 tamen,

284 5327 431 5401 quod
456 5324 626 5394 magis
653 5327 754 5382 est,
785 5316 983 5387 ingenii
1010 5314 1211 5370 cultum
1240 5319 1294 5367 et
1325 5313 1651 5382 optimarum
1678 5325 1859 5401 rerum

285 5399 645 5488 cognitionem
684 5413 753 5467 ab
779 5425 845 5465 ea
872 5408 1007 5464 urbe
1038 5405 1334 5475 repetebat.
1375 5400 1523 5458 Adeo
1552 5403 1695 5456 enim
1730 5399 1862 5459 Tre-

285 5512 433 5566 viros
469 5506 639 5569 novit,
668 5512 954 5569 moresque
981 5497 1177 5552 civium
1211 5488 1502 5563 omniaque
1529 5508 1716 5547 eorum
1746 5500 1862 5547 stu-

287 5601 375 5655 dia
391 5605 561 5661 tenet,
590 5602 650 5649 ut
676 5591 1087 5660 haudquaquam
1107 5602 1137 5641 a
1157 5586 1384 5639 veritate
1414 5587 1672 5639 absonum
1694 5586 1788 5648 sit,
1818 5585 1861 5637 si

291 5686 671 5763 aliquantisper
724 5682 1021 5740 studiorum
1061 5693 1219 5733 causa
1266 5678 1318 5731 in
1365 5684 1439 5730 ea‘
1471 5677 1707 5742 civitate,
1757 5693 1862 5745 qua

1971 4774 2156 4837 postea
2196 4782 2306 4821 non
2334 4767 2507 4827 solum
2536 4766 2603 4820 ad
2633 4764 2791 4821 ﬁdem
2823 4766 3184 4822 Christianam
3222 4765 3555 4833 amplecten-

1969 4858 2091 4913 dam
2126 4858 2363 4927 pellexit,
2395 4856 2488 4912 sed
2517 4860 2679 4912 etiam
2712 4858 2865 4912 unica
2895 4864 3105 4910 tantum
3134 4864 3384 4924 suscepta
3421 4853 3547 4920 tilia,

1972 4948 2278 5018 Auspiciola
2318 4948 2565 5012 nomine,
2612 4947 2835 5003 adduxit
2865 4953 2926 5001 ut
2956 4944 3301 5002 continentia:
3338 4951 3462 4997 vota
3491 4957 3551 4997 se

1972 5056 2092 5095 cum
2116 5041 2235 5117 ipso
2262 5042 2602 5109 astringeret,
2633 5049 2689 5094 et
2722 5040 2883 5095 vitam
2911 5039 3158 5095 emlibem
3186 5038 3239 5092 in
3268 5036 3549 5091 matrimo-

1974 5132 2063 5186 nio
2091 5141 2293 5202 ageret.
2339 5130 2586 5187 Graviter
2623 5134 2724 5187 hoc
2769 5133 2891 5187 tulit
2928 5146 3083 5188 socer
3110 5130 3226 5201 ejus
3265 5129 3545 5201 Hypatius,

1971 5223 2062 5290 qui
2102 5223 2391 5279 masculam
2443 5223 2543 5278 sibi
2594 5238 2662 5278 ex
2702 5238 2766 5277 ea
2810 5221 2917 5277 ﬁlia
2964 5222 3171 5291 prolem
3212 5230 3544 5291 speraverat,

1967 5312 2209 5381 adeoque
2236 5311 2488 5389 Salviano
2516 5321 2570 5366 et
2612 5311 2731 5367 ﬁlia:
2759 5313 3079 5376 succensuit,
3112 5320 3173 5365 ut
3200 5326 3297 5382 per
3336 5320 3545 5381 septem

1966 5404 2202 5473 integros
2228 5420 2417 5467 annos,
2444 5420 2512 5459 ex
2539 5419 2647 5473 quo
2667 5404 2734 5459 ab
2755 5420 2821 5460 eo
2843 5405 2931 5459 ille
2957 5404 3308 5467 discessisset,
3343 5418 3441 5459 nec
3461 5404 3541 5457 vi-

1965 5497 2118 5551 deret
2139 5513 2250 5560 eos,
2278 5514 2375 5553 nec
2404 5498 2610 5553 litteras
2635 5497 2701 5552 ad
2731 5513 2826 5554 eos
2856 5498 3135 5553 scriberet.
3169 5496 3375 5563 Quibus
3403 5495 3552 5564 elap-

1964 5586 2036 5639 sis
2060 5602 2179 5640 cum
2203 5587 2315 5656 ipse
2346 5602 2559 5656 quoque
2587 5583 2803 5641 Christo
2831 5602 3027 5641 nomen
3056 5587 3311 5649 dedisset,
3335 5585 3546 5639 Salvia-

1967 5694 2083 5743 nus,
2113 5679 2202 5746 qui
2236 5678 2346 5746 jam
2373 5692 2561 5731 causas
2596 5676 2702 5731 odii
2738 5678 2876 5748 apul
2907 5694 3152 5733 socerum
3183 5690 3422 5731 cessasse
3455 5676 3537 5730 vi-

3476 5870 3617 5998 θλ
3698 5987 3717 5999 .
