4006 6182
412 339 474 391 15
1782 324 2302 384 PROLEGOMENA.
3589 313 3652 375 1ιῦ

408 450 574 510 derct,
617 445 792 499 denuo
829 459 924 514 per
951 445 1156 498 litteras
1201 458 1304 497 non
1334 439 1657 497 conscientia
1688 441 1855 510 culpae
1884 438 1977 493 sed
2006 444 2050 501 Α
2081 436 2337 490 stolarum
2367 432 2503 486 libro
2524 432 2900 502 opusculorum
2925 430 3161 486 Salviani
3185 442 3463 483 numerum
3485 429 3651 488 auxit,

408 541 613 594 ratione
648 549 703 591 et
747 537 924 591 ol‘licio
953 536 1314 596 charitatis,ct
1343 543 1400 588 ut
1434 534 1635 588 nullum
1666 533 1875 604 penitus
1897 532 1978 584 of-

411 631 568 683 fensa:
602 631 778 683 locum
810 627 1153 693 relinqueret,
1179 625 1388 678 veniam
1427 624 1601 678 oravit
1629 631 1682 676 et
1714 623 1854 676 haud
1881 621 1975 676 du-

410 724 494 776 bie
539 719 862 789 impetravit.
909 717 1195 769 llabitabat
1239 722 1418 768 autem
1456 729 1577 768 cum
1619 713 1746 767 istas
1776 713 1982 765 litteras

409 811 683 873 scriberet,
711 807 896 878 procul
926 822 955 859 a
985 819 1192 866 socero,
1225 813 1281 857 ct
1305 805 1401 857 nisi
1430 802 1567 857 forte
1601 803 1653 856 in
1685 802 1851 858 insula
1880 800 1980 854 Lc-

413 901 545 964 rino,
577 907 723 954 certe
744 899 796 950 in
825 896 1098 966 provincia
1129 894 1440 955 Viennensi,
1470 895 1522 946 in
1553 907 1656 961 qua
1680 889 1983 962 presbyteri

410 989 567 1042 etiam
609 987 956 1055 dignitatem,
1019 999 1212 1053 nempe
1264 985 1320 1037 in
1374 982 1608 1037 Ecclesia
1670 980 1984 1036 Massiliensi

410 1077 678 1146 suscepit,
713 1075 1211 1145 probatissimorum
1252 1074 1405 1128 istius
1449 1073 1686 1141 regionis
1724 1073 1980 1137 virorum,

409 1168 572 1221 veluti
596 1167 872 1230 llonorati,
892 1167 980 1240 qui
1005 1174 1190 1234 postea
1215 1164 1543 1220 Arelatensis
1564 1166 1845 1234 cpiscopus
1867 1162 1981 1240 fuit,

410 1256 687 1319 Eucherii,
731 1237 959 1323 Agroecii
1009 1255 1377 1324 Antipolitani,
1430 1253 1634 1308 Salonii
1690 1262 1744 1309 et
1790 1237 1984 1307 Verani

412 1347 639 1404 ﬁliorum
672 1345 941 1408 Eucherii,
973 1359 1108 1413 quos
1132 1345 1360 1412 juvenes
1392 1344 1444 1396 in
1471 1344 1750 1412 disciplina
1781 1343 1982 1410 habuit,

411 1437 643 1490 amicitia
707 1443 763 1489 et
825 1434 994 1503 gratia
1041 1433 1368 1487 sublevatus.
1422 1431 1801 1502 Episcopatum
1848 1447 1984 1485 nun-

411 1539 570 1593 quam
597 1523 820 1593 adcptus
855 1530 956 1577 est.
991 1522 1066 1576 De
1091 1522 1238 1580 obitu
1265 1521 1383 1590 ejus
1410 1538 1519 1582 non
1541 1531 1753 1578 constat
1777 1539 1790 1585 ;
1831 1522 1984 1576 novi-

2080 526 2174 580 scd
2202 540 2389 579 omnes
2426 523 2580 576 simul
2609 522 2724 591 ejus
2752 522 3150 576 lucubrationes
3179 534 3248 574 ex
3279 518 3380 571 lide
3403 531 3530 570 mss.
3561 531 3656 570 ex-

2082 633 2293 688 pressas
2323 616 2486 678 dedit,
2525 623 2579 668 et
2606 615 2846 682 quamvis
2872 629 2981 667 non
3004 613 3202 668 multos
3229 616 3526 665 sectatores
3559 621 3656 660 na-

2081 715 2198 759 ctus
2226 713 2327 768 est,
2351 703 2544 757 meruit
2572 711 2770 766 tamen,
2792 710 2849 756 ut
2879 701 3141 765 Baluzius,
3172 699 3264 768 qui
3295 703 3511 757 centum
3539 694 3658 747 aliis

2083 795 2262 864 potior
2284 793 2385 855 est,
2423 809 2544 847 eum
2572 793 2845 863 probaret,
2871 799 2942 855 et,
2976 793 3029 845 ni
3053 790 3212 858 justre
3240 789 3474 850 rationes
3502 799 3662 854 supe—

2084 895 2286 946 rarent,
2317 893 2647 953 sequeretur.
2682 884 3009 938 Rittershusii
3041 897 3224 952 opera,
3262 881 3417 935 docta
3446 878 3660 946 quidem

2083 985 2138 1030 et
2159 977 2331 1040 utilis,
2366 975 2507 1028 haud
2539 975 2628 1028 diu
2660 974 2856 1041 viguit,
2886 989 2986 1028 nec
3007 970 3293 1030 Germania
3322 982 3533 1037 egressa
3556 973 3656 1020 est.

2086 1067 2218 1123 Post
2250 1067 2517 1120 Baluzium
2548 1066 2779 1135 denique
2809 1072 2900 1119 aut
2923 1065 3052 1119 nihil
3084 1063 3312 1133 amplius
3334 1062 3384 1118 in
3409 1060 3660 1116 Salviano

2085 1159 2442 1214 desideratum
2467 1157 2583 1219 fuit,
2611 1166 2701 1210 aut
2726 1172 2882 1212 nemo
2912 1157 3100 1211 saltem
3132 1171 3252 1210 cum
3281 1169 3346 1209 eo
3367 1153 3660 1216 doctrinam

2084 1266 2234 1304 suam
2266 1251 2606 1318 ingeniumvc
2644 1263 2973 1318 componere
3003 1262 3164 1301 ausus
3193 1255 3291 1300 est.
3337 1245 3470 1305 Tres
3503 1245 3662 1312 igitur

2086 1343 2368 1398 commode
2391 1343 2681 1396 editionum
2703 1341 2934 1396 Salviani
2961 1347 3147 1394 aetates
3165 1337 3392 1396 describi
3418 1342 3661 1407 possunt,

2087 1433 2257 1504 prima
2280 1431 2346 1484 ab
2367 1446 2507 1486 anno
2535 1429 2670 1483 1528
2693 1429 2758 1483 ad
2783 1444 2979 1482 annum
3007 1442 3175 1496 usque
3202 1425 3355 1489 1580,
3379 1439 3475 1494 per
3500 1438 3661 1492 quam

2088 1521 2209 1574 libri
2236 1521 2302 1574 de
2331 1520 2564 1574 Avaritia
2592 1535 2713 1574 cum
2736 1520 2883 1573 libris
2910 1518 2977 1572 de
2999 1517 3396 1576 thberuatione
3420 1516 3513 1570 Dei
3533 1529 3664 1570 con.-

411 1629 530 1667 mus
569 1623 747 1667 autem
791 1613 1027 1668 vivendo
1071 1626 1196 1668 eum
1241 1613 1478 1680 attigisse
1517 1611 1712 1668 Gelasii
1761 1613 1987 1667 Romani
2082 1611 2254 1681 juncti
2285 1619 2491 1674 sunt,et
2521 1613 2717 1681 ubique
2739 1611 3034 1665 Brassicani
3061 1619 3200 1664 notae
3227 1609 3347 1663 addi
3371 1623 3664 1663 consueve-

413 1713 674 1775 tempora.

1016 1775 1043 1845 §
1068 1773 1130 1829 II.
1157 1773 1382 1844 Scripta.

481 1881 777 1952 Supersunt
813 1882 974 1938 hodie
1015 1897 1082 1937 ex
1122 1883 1366 1952 pluribus
1404 1897 1524 1952 qua:
1568 1881 1877 1939 Gennadius
1905 1898 1990 1938 re-

412 1983 594 2030 censet
632 1972 867 2028 Salviani
896 1974 1137 2042 scriptis,

480 2066 520 2124 l.
547 2066 800 2119 Adversus
837 2067 1125 2118 Avaritiam
1170 2064 1289 2118 libri
1333 2075 1554 2136 quatuor
1590 2065 1659 2118 ad
1699 2064 1990 2122 Ecclesiam

414 2149 739 2221 caiholicam,
765 2171 900 2224 quos
928 2157 1024 2210 sub
1055 2155 1322 2210 Timothei
1349 2157 1566 2210 nomine
1592 2156 1867 2225 evulgavit
1886 2157 1992 2210 cir-

413 2262 476 2306 ca
508 2260 704 2299 annum
731 2244 854 2313 410.

486 2338 547 2390 ll.
577 2337 652 2390 De
681 2335 1064 2392 Gubernatione
1091 2336 1189 2391 Dei
1209 2346 1258 2390 et
1279 2337 1343 2390 de
1353 2338 1500 2408 justo
1529 2335 1627 2391 Dei
1649 2338 1994 2408 prarsentique

405 2425 611 2496 iudicio
648 2426 784 2492 libri,
831 2428 922 2496 qui
950 2427 1111 2484 etiam
1149 2428 1508 2482 inscribuntur
1545 2427 1608 2481 de
1635 2427 1989 2481 Providentia.

415 2517 564 2587 Opus
590 2517 923 2587 primarium,
959 2533 1062 2571 scr.
1095 2524 1337 2586 tempore
1374 2515 1697 2571 incursionis
1726 2515 1995 2570 Barbaro-

419 2623 543 2661 rum
573 2608 625 2660 in
653 2607 930 2676 imperium
963 2606 1285 2675 Romanum,
1315 2623 1364 2664 a.
1399 2605 1521 2672 451,
1541 2605 1775 2673 ³111452,
1799 2613 1911 2672 aut,
1936 2614 1996 2660 ut

417 2696 747 2754 Benedictini
774 2696 996 2762 malunt,
1027 2711 1076 2754 a,
1107 2694 1228 2749 455.

488 2784 576 2844 Ill.
598 2784 846 2855 Epistola
867 2801 1059 2841 novem
1085 2785 1372 2842 familiares
1388 2827 1402 2841 .

493 2874 770 2945 Deperdita
798 2883 922 2932 sunt
953 2892 965 2926 :
991 2873 1070 2928 De
1098 2874 1420 2946 Virginitatis
1444 2875 1575 2930 bono
1595 2876 1664 2929 ad
1685 2874 1997 2931 Marcellum

421 2966 545 3025 libri
573 2965 666 3031 Ill;
696 2965 776 3018 De
799 2981 975 3020 eorum
993 2966 1204 3035 praemio
1224 2966 1352 3018 satis
1375 2964 1611 3035 faciendo
1643 2965 1717 3035 (α)
1745 2965 1814 3018 ad
1835 2964 1995 3021 Salo-

421 3058 570 3109 nium
597 3056 889 3125 episcopum
922 3053 1056 3107 liber
1082 3051 1132 3118 l;
1183 3051 1534 3122 Expositionis
1562 3062 1804 3108 extrema:
1835 3055 1996 3124 partis

2089 1711 2232 1756 runt.
2264 1701 2444 1770 Neque
2471 1716 2597 1755 vero
2627 1709 2747 1769 post
2776 1699 3109 1755 Pithmanam
3142 1699 3515 1758 rccensionem
3551 1699 3664 1767 pri-

2019 1799 2068 1858 B
2092 1808 2211 1846 scus
2232 1800 2409 1846 textus
2448 1791 2674 1846 describi
2702 1791 2947 1846 cessavit.
2984 1791 3161 1846 Altera
3186 1799 3314 1844 actas
3344 1790 3412 1844 ab
3433 1789 3666 1844 editione

2093 1882 2286 1936 ΡΠ,ὴωὶ
2315 1882 2452 1936 facta
2482 1881 2655 1936 Paris.
2696 1883 2834 1952 apud
2873 1881 2992 1936 Seb.
3021 1881 3072 1934 Ν
3078 1883 3300 1941 ivellium
3331 1881 3467 1935 1580
3493 1882 3666 1952 porri-

2090 1973 2234 2041 gitur
2260 1987 2433 2045 usque
2469 1972 2625 2034 1663,
2663 1989 2888 2043 eamque
2927 1974 3079 2041 quasi
3113 1987 3177 2027 ex
3208 1989 3362 2044 mque
3391 1972 3666 2043 possideat

2093 2063 2334 2120 Pithmus
2356 2072 2410 2118 et
2439 2063 2841 2122 Rittershusius.
2867 2063 2973 2117 Sed
3003 2062 3296 2119 Pithmanaa
3319 2064 3666 2132 repetitiones

2091 2155 2248 2222 longe
2273 2155 2563 2224 archetypo
2584 2169 2682 2208 suo
2707 2154 3004 2208 deteriores
3029 2152 3181 2208 facte
3207 2161 3350 2207 sunt.
3378 2153 3666 2206 Rittershu-

2091 2244 2156 2296 sii
2185 2243 2347 2298 editio
2375 2243 2574 2312 prodiit
2599 2244 2829 2312 primum
2857 2257 2908 2299 a.
2937 2242 3063 2295 1611
3093 2258 3213 2297 eum
3235 2243 3494 2297 immenso
3517 2257 3666 2297 com-

2091 2334 2358 2390 mentario
2387 2342 2441 2388 et
2463 2341 2612 2388 textu
2639 2335 2693 2387 in
2721 2333 3036 2405 quibusdam
3064 2333 3196 2391 locis
3219 2348 3286 2387 ex
3314 2333 3527 2402 ingenio
3550 2332 3666 2387 feli-

2091 2426 2227 2480 citer
2254 2424 2557 2490 emendato,
2590 2433 2645 2480 et
2673 2440 2866 2479 recusa
2899 2431 2983 2478 est
3021 2440 3072 2478 a.
3116 2423 3257 2478 1623
3300 2439 3421 2479 cum
3456 2423 3667 2495 prolixa

2094 2516 2422 2571 accessione.
2465 2515 2524 2570 In
2571 2517 2720 2570 tertia
2747 2516 2895 2571 solus
2927 2523 3114 2584 regnat
3145 2515 3408 2581 Baluzius,
3440 2516 3531 2584 qui
3559 2531 3667 2570 non

2093 2608 2262 2664 semel
2289 2593 2534 2678 quidem,
2575 2607 2669 2663 sed
2694 2609 2870 2678 primo
2909 2623 2959 2664 a.
3002 2607 3156 2674 1665,
3205 2617 3260 2664 et
3292 2609 3487 2664 iterum
3534 2607 3670 2661 1669

2096 2699 2363 2768 tertioque
2383 2713 2432 2756 a.
2460 2698 2616 2763 1684,
2637 2707 2842 2763 textum
2869 2699 3065 2755 Pithoei
3093 2714 3215 2756 cum
3239 2700 3479 2770 pluribus
3501 2699 3670 2768 iisque

2097 2788 2314 2857 optimis
2360 2805 2488 2846 mss.
2537 2790 2932 2859 exemplaribus
2974 2791 3203 2846 contulit
3250 2805 3552 2859 novumque
3594 2791 3668 2850 ita

2097 2879 2394 2944 constituit,
2419 2886 2479 2934 ut
2510 2880 2626 2934 sola
2659 2879 2883 2948 jubente
2911 2897 3039 2936 mss.
3069 2883 3390 2940 auctoritate
3418 2882 3669 2936 immuta.-

2097 2977 2201 3034 ret,
2243 2969 2752 3039 emendationesque
2797 2986 2922 3026 suas
2967 2973 3110 3028 notis
3153 2972 3382 3042 egregiis
3423 2971 3666 3034 munivit.

2098 3060 2224 3117 Hmc
2252 3061 2538 3116 Baluziana
2568 3062 2812 3117 recensio
2840 3063 3053 3138 quoties
3072 3065 3139 3120 ab
3160 3079 3226 3120 eo
3247 3072 3490 3135 tempore
3517 3077 3669 3133 repel-

421 3149 546 3202 libri
605 3147 934 3200 Ecclesiastis
984 3145 1054 3206 ad
1101 3145 1442 3204 Claudianum
1490 3139 1788 3216 episcopum.
1839 3145 1995 3201 Vien-
2024 3151 2070 3214 C
2103 3155 2198 3216 rita
2228 3154 2405 3217 fuerit,
2434 3153 2704 3212 docebunt
2727 3162 3014 3223 sequentes
3041 3154 3282 3212 Annales.

421 3255 634 3293 nensem
663 3237 799 3292 liber
829 3236 879 3301 l;
911 3235 988 3294 De
1017 3238 1267 3307 principio
1307 3235 1516 3290 Genesi:
1542 3253 1698 3311 usque
1725 3237 1793 3295 ad
1819 3236 1997 3292 condi,-

424 3333 616 3386 tionem
662 3328 883 3384 hominis
929 3328 1065 3381 liber
1102 3326 1142 3390 l,
1194 3327 1436 3383 versibus
1481 3327 1810 3396 compositus
1847 3328 1999 3396 quasi

424 3421 788 3475 Hexaemeron
834 3416 1138 3480 Grecorum
1175 3432 1359 3483 more;
1402 3416 1646 3471 Homilia'
1672 3417 1882 3486 plures;
1919 3416 1999 3471 De

423 3510 781 3571 Sacramentis
811 3509 945 3562 liber
972 3507 991 3560 1
1016 3507 1113 3577 (b).

498 3601 682 3655 Sixtus
699 3599 947 3655 Senensis
973 3615 1071 3670 per
1099 3599 1357 3654 incuriam
1379 3597 1629 3659 Salviano
1652 3598 1835 3656 tribuit
1867 3613 2000 3668 opus

427 3692 801 3750 Anticimeimn
831 3690 1020 3744 incerti
1048 3689 1280 3743 auctoris
1307 3689 1451 3759 quod
1471 3703 1591 3743 cum
1619 3687 1867 3742 Salviano
1887 3689 2000 3758 pri-

425 3795 550 3839 mus
579 3781 741 3834 edidit
765 3779 848 3838 Jo.
882 3779 963 3836 Al.
996 3779 1343 3838 Brassicanus
1374 3779 1595 3834 Basilea:
1632 3777 1785 3834 1550.

999 3916 1026 3988 §
1054 3915 1140 3975 Ill.
1169 3913 1456 3972 Editiones.

503 4047 783 4102 Libromm
829 4047 1062 4102 Salviani
1099 4061 1236 4116 quos
1274 4046 1436 4101 modo
1482 4047 1931 4112 enumeravimus,
1973 4062 2003 4101 a

428 4141 634 4198 renatis
679 4139 869 4193 litteris
905 4147 960 4192 et
999 4139 1213 4194 inventa
1257 4147 1371 4192 arte
1413 4139 1796 4208 typographica
1846 4139 2004 4194 alteri

428 4231 584 4298 quasi
610 4237 859 4299 parentes
878 4230 1196 4287 exstiterunt
1215 4243 1412 4296 eosque
1439 4229 1488 4287 in
1514 4229 1685 4283 lucem
1707 4229 1864 4298 primi
1891 4230 2006 4283 viu-

430 4323 678 4376 dicarunt
703 4320 788 4379 Jo.
819 4319 1121 4384 Sic/tardus,
1148 4319 1233 4374 Jo.
1267 4321 1418 4374 Alex.
1453 4319 1796 4375 Brassicanus
1827 4327 1882 4374 et
1904 4319 2007 4374 Pev

429 4420 542 4467 (rus
575 4409 820 4464 Pithoeus.
855 4408 1009 4469 Prior
1053 4409 1252 4465 scilicet
1303 4410 1466 4463 libros
1493 4409 1557 4464 IV
1588 4410 1649 4466 de
1699 4409 1924 4462 Avaritia
1955 4409 2006 4466 in

2699 3302 2912 3343 SECULO
2964 3304 3069 3350 XVI.

2168 3417 2323 3472 15%.
2370 3418 2608 3481 Basilear,
2641 3419 2780 3489 apud
2826 3419 3220 3486 Henric-Petri;
3262 3421 3436 3492 ὅτι-[οι.
3489 3420 3672 3490 Timo-

2095 3511 2207 3566 thei
2233 3511 2466 3580 episcopi
2498 3511 2564 3564 ad
2589 3510 2886 3570 Ecclesiam
2915 3512 3235 3566 catholicam
3265 3519 3380 3566 toto
3410 3512 3542 3567 orbe
3567 3511 3672 3567 dif-

2099 3603 2268 3662 fusam
2298 3609 2352 3657 et
2379 3602 2614 3656 Salviani
2643 3601 2880 3672 episcopi
2908 3601 3250 3656 Massiliensis
3279 3603 3330 3656 in
3361 3603 3552 3662 librum
3583 3602 3674 3657 Ti-

2096 3693 2301 3748 mothei
2328 3692 2394 3746 ad
2414 3692 2688 3748 Salonium
2716 3694 3027 3763 episcopum
3055 3691 3325 3762 praefatio;
3358 3693 3410 3756 in
3431 3693 3676 3751 Antidota

2101 3793 2279 3838 contra
2308 3783 2530 3840 diversas
2561 3783 2781 3838 htereses
2807 3783 2895 3838 Jo.
2929 3782 3192 3848 Sichardi,
3219 3773 3492 3849 181,202.

2174 3869 2327 3924 1550.
2364 3869 2600 3936 Basilere,
2641 3873 2695 3926 in
2722 3873 2923 3944 ofﬁcina
2963 3871 3326 3937 Frobeniana;
3373 3873 3550 3944 in—fol.
3603 3873 3666 3928 D.

2102 3959 2335 4014 Salviani
2359 3959 2698 4015 Massiliensis
2719 3961 2975 4031 episcopi,
3000 3961 3067 4016 de
3094 3976 3220 4016 vero
3239 3961 3447 4024 iudicio
3471 3971 3527 4018 et
3547 3961 3677 4017 Pro~

2102 4049 2336 4104 videntia
2359 4050 2472 4115 Dei,
2497 4050 2565 4104 ad
2593 4051 2648 4107 S.
2680 4050 2955 4106 Salonium
2985 4052 3296 4122 episcopum
3324 4052 3679 4109 Viennensem

2105 4139 2224 4193 libri
2245 4138 2377 4203 VIII,
2407 4155 2533 4200 cura
2561 4138 2643 4194 Jo.
2679 4140 2965 4199 Alexandri
3002 4141 3300 4196 Brassicani
3329 4141 3679 4210 jureconsulti

2106 4231 2236 4286 editi
2268 4245 2332 4285 ac
2359 4231 2581 4286 eruditis
2609 4239 2806 4287 etcum
2837 4233 3023 4301 primis
3051 4233 3272 4294 utilibus
3309 4234 3526 4290 scholiis
3558 4235 3680 4290 illu-

2107 4323 2278 4376 strati.
2313 4321 2687 4379 Anticimenon
2732 4323 2855 4376 libri
2899 4321 2987 4388 Ill,
3029 4323 3083 4378 in
3128 4324 3321 4395 quibus
3355 4325 3680 4394 quaestiones

2109 4413 2304 4467 veteris
2350 4427 2414 4468 ac
2441 4412 2566 4466 novi
2593 4410 2940 4478 Testamenti,
2977 4411 3045 4467 de
3083 4413 3215 4470 locis
3242 4413 3294 4466 in
3324 4412 3557 4484 speciem
3583 4428 3680 4483 pu-

430 4503 610 4556 lucem
653 4503 840 4556 extulit
878 4501 1095 4556 Basileae
1132 4515 1183 4554 a.
1231 4499 1384 4552 1528.
1433 4500 1584 4558 Alter
1621 4501 1829 4560 duobus
1855 4501 2008 4560 annis
2039 4505 2084 4562 ι)
2110 4504 2412 4571 guantibus,
2436 4503 2642 4557 incerto
2663 4509 2872 4557 autore.
2892 4501 2960 4561 In
2977 4503 3098 4574 ﬁne.
3124 4501 3363 4568 Basilece,
3393 4503 3446 4561 in
3471 4501 3682 4563 ofﬁcina

430 4599 560 4662 post
585 4591 747 4644 libros
770 4589 876 4650 V'lll
901 4591 962 4643 de
991 4588 1366 4645 Cubernalione
1388 4589 1487 4644 Dei
1508 4589 1691 4648 ibidem
1716 4608 1778 4644 ea:
1807 4593 2008 4662 officina

431 4681 767 4735 Frobeniana
797 4683 989 4746 emisit,
1036 4682 1231 4752 quibus
1274 4690 1398 4751 post
1433 4682 1642 4750 longius
1668 4683 2007 4741 intervallum

431 4774 654 4827 tertium
694 4772 922 4841 denique
958 4771 1158 4826 addidit
1197 4773 1507 4841 opusculum
1554 4772 1906 4843 Epistolarum
1946 4775 2009 4828 li-

430 4864 616 4925 hrum,
659 4859 910 4916 Pithceus.
950 4861 1309 4930 Quaacumque
1355 4861 1547 4923 exinde
1589 4862 1870 4918 Salvianus
1910 4864 2008 4918 do-

431 4963 654 5005 ctorum
700 4952 934 5005 virorum
981 4951 1208 5019 ingeniis
1252 4951 1468 5017 debuit,
1511 4966 1697 5006 eorum
1725 4954 1894 5021 gratia
1945 4953 2012 5008 ad

432 5043 698 5096 I’itlueum
713 5042 960 5104 eumdem,
981 5041 1272 5100 Conradum
1294 5041 1692 5096 Rittershusium
1713 5052 1768 5098 et
1787 5043 2011 5114 Stepha-

431 5149 565 5184 num
597 5131 861 5185 Baluzium
887 5131 1043 5185 redit.
1075 5129 1313 5190 Pithmus
1335 5132 1534 5201 quippe
1562 5147 1669 5188 non
1699 5133 1872 5192 solum
1897 5134 2013 5203 epi-

515 5307 595 5375 (a)
640 5305 774 5360 Sunt
801 5306 913 5361 haec
941 5321 1005 5378 ex
1035 5305 1325 5378 Gennadiog
1349 5323 1396 5363 c.
1439 5307 1526 5372 67,
1561 5309 1702 5378 quod
1736 5317 1908 5364 totum
1937 5318 2021 5366 est

434 5377 927 5457 corruptissimum.
954 5376 1054 5430 Alii
1079 5377 1260 5499 legunt
1293 5376 1371 5430 De
1393 5376 1774 5434 eorum—merito
1802 5381 2013 5503 satisﬁa-

437 5457 656 5503 cnoms.
684 5455 816 5501 vmo
837 5447 1098 5501 obsoleto.
1169 5447 1446 5502 rithemius
1474 5463 1521 5501 c.
1549 5447 1670 5503 175.
1698 5449 1838 5502 haud
1860 5450 1932 5503 du
1970 5450 2013 5503 ie

437 5447 656 5510 dionis,
684 5447 816 5501 vitio
837 5447 1098 5501 obsoleto.
1124 5447 1446 5502 Trithemius
1474 5463 1521 5501 c.
1549 5447 1670 5512 175,
1698 5449 1838 5502 haud
1860 5447 2020 5504 dubie

439 5515 579 5584 quia
610 5531 714 5569 non
740 5517 1074 5587 intelligeret,
1109 5517 1290 5570 laudat
1316 5517 1625 5587 simpliciter
1653 5519 1722 5569 ad
1746 5517 2016 5573 Salonium

440 5587 744 5656 episcopum
775 5586 955 5657 librum
981 5603 1164 5649 unum;
1196 5602 1319 5657 mox
1350 5588 1401 5640 in
1423 5586 1830 5657 'duosdistraxit
1855 5605 2013 5657 expo-

434 5657 687 5708 sitionem
720 5657 772 5707 in
801 5655 1141 5709 Ecclesiasten
1167 5664 1220 5708 et
1249 5656 1431 5708 librum
1459 5657 1525 5709 ad
1548 5656 1905 5710 Claudianum.

522 5725 597 5792 (b)
629 5727 714 5779 Sic
739 5725 1074 5782 Trithemius.
1099 5725 1402 5780 Gennadius
1423 5727 1626 5790 recitat,
1645 5727 1880 5789 homilia;
1905 5729 2010 5800 epi-

2116 4593 2467 4659 Frobeniana,
2513 4608 2611 4663 per
2636 4591 2896 4648 Joannem
2927 4593 3268 4663 Hervagium,
3301 4593 3683 4666 Hieronymum

2117 4684 2437 4740 Frobenium
2466 4692 2522 4738 et
2546 4683 2818 4739 Nicolaum
2839 4683 3197 4754 Episcopium,
3222 4698 3406 4744 mense
3428 4683 3684 4753 Augusto,

2119 4790 2260 4829 anno
2285 4772 2554 4828 MDXXX.

2186 4863 2416 4920 Joannes
2464 4863 2754 4918 Alexander
2807 4862 3142 4925 Brassicanus
3191 4863 3587 4934 iureconsultus
3633 4875 3687 4922 et

2119 4954 2416 5022 linguarum
2451 4951 2726 5021 professor
2751 4952 2981 5021 primum
3011 4951 3375 5021 Tubengensis
3401 4963 3523 5023 post
3555 4953 3687 5009 Vin-
3754 4973 3799 5023 ις.

2112 5042 2462 5104 .dobonensis,
2493 5042 2573 5095 vir
2598 5041 2666 5096 de
2696 5041 2854 5096 bonis
2880 5042 3072 5099 litteris
3097 5057 3194 5104 sua
3225 5051 3386 5099 actate
3411 5045 3689 5104 meritissi-

2120 5149 2257 5200 mus,
2289 5140 2482 5202 praeter
2513 5133 2647 5188 alios
2675 5133 2872 5194 multos
2901 5142 3057 5189 antea
3087 5149 3194 5189 non
3222 5149 3450 5198 excuses
3478 5135 3690 5193 Graecos

2124 5312 2304 5382 scopis
2321 5312 2489 5382 facta:
2515 5310 2723 5378 multas,
2754 5320 3188 5382 sacramentorum
3210 5330 3324 5368 vero
3350 5323 3569 5382 quantae
3599 5329 3690 5367 nec

2124 5379 2396 5446 recordor;
2419 5395 2646 5450 quorum
2669 5387 2788 5450 loco
2810 5381 2989 5450 laudat
3006 5379 3328 5440 Tritbemius
3343 5379 3396 5438 Η
3399 5383 3602 5438 οηιὶιὶω
3623 5382 3688 5442 ad

2121 5452 2386 5522 episcOpos
2418 5449 2582 5522 factas
2617 5450 2706 5522 lib.
2739 5449 2895 5522 I;De
2927 5449 3278 5522 Sacramenta
3303 5453 3392 5505 lib.
3416 5451 3470 5518 l;
3504 5450 3692 5507 Homi-

2120 5519 2217 5601 lia:
2242 5519 2507 5601 plures'atl
2534 5520 2897 5601 populum’lib.
2930 5519 3504 5601 l.__Caeterum_qt_1_:e_de
3527 5524 3692 5601 versi-

2120 5595 2219 5643 bus
2240 5586 2292 5643 in
2316 5586 2565 5662 Genesim
2589 5586 2750 5644 refert
2776 5586 3098 5656 Gennadius,
3124 5591 3202 5646 sic
3224 5586 3448 5662 intelligi
3473 5591 3689 5661 debent,

2120 5669 2175 5711 ut
2204 5675 2302 5714 nos
2334 5659 2693 5730 exposuimus.
