4006 6182
262 272 344 337 Ὡς
1184 282 1243 337 s.
1275 280 1653 340 SALVIANUS
1681 280 2137 342 nassxuexsxs
2175 276 2597 344 PRESBYTER.
3451 282 3518 353 te

252 396 593 471 Latinosque
613 403 878 461 auctores,
904 396 1064 451 etiam
1094 395 1197 452 hoc
1218 395 1454 452 Salviani
1476 413 1611 467 opus
1639 399 1843 467 primus
1873 406 1915 462 Α
1946 417 2095 455 mone
2142 400 2594 470 Halberstattensi,
2642 402 2903 473 adjunetis
2949 404 3003 459 in
3032 411 3141 461 tres
3190 407 3516 477 posteriores

273 491 325 545 in
366 489 631 559 publicum
660 489 850 543 extulit
881 497 934 543 ct
977 486 1366 557 Christophoro
1406 503 1438 542 a
1476 487 1699 543 Stadion
1731 488 1842 543 Au-

262 577 505 648 e'gustensi
541 578 794 648 episcopo
834 578 1161 647 nuncupavit
1201 576 1299 648 (a).
1346 576 1521 632 Triste
1566 585 1680 631 tum
1725 579 1843 634 orbi

269 666 540 737 praebebat
567 665 927 736 spectaculum
956 665 1225 735 liungaria
1265 682 1297 720 a
1328 665 1516 746 Turcis
1541 666 1838 722 devastata.

248 755 412 812 'lnter
439 757 715 812 innumera
756 771 885 811 vero
924 755 1133 826 publica
1172 755 1482 826 privataque
1522 756 1681 821 bona,
1723 771 1844 826 qua:

269 846 416 902 furor
444 861 632 902 eorum
654 854 1040 915 assumpserat,
1080 842 1179 901 fuit
1214 846 1379 901 etiam
1410 846 1639 901 celebris
1666 848 1755 901 illa
1786 854 1843 902 et

269 937 419 992 libris
456 952 524 992 ex
564 937 711 991 omni
739 937 1061 1006 scriptorum
1098 950 1296 1005 genere
1338 934 1727 991 confertissima
1756 936 1840 991 bi-

267 1027 534 1084 bliotheea
569 1025 847 1091 Budensis,
890 1041 921 1080 a
953 1025 1174 1080 Mattbia
1217 1040 1343 1095 rege
1391 1026 1689 1096 sumptibus
1734 1040 1843 1080 non

268 1116 594 1172 mstimandis
622 1117 898 1172 instructa.
938 1115 1046 1172 Sed
1085 1133 1206 1172 cum
1235 1133 1395 1173 nemo
1424 1134 1532 1172 non
1560 1117 1720 1187 paulo
1752 1117 1843 1172 do-

267 1207 406 1262 ctior
425 1206 570 1274 gravi
597 1207 695 1262 hac
717 1205 925 1276 jactura
954 1208 1410 1273 commovebatur,
1435 1206 1841 1261 acerbissimum

268 1304 448 1351 tamen
477 1312 544 1351 eo
583 1294 824 1351 dolorem
852 1295 1196 1351 Brassicanus
1225 1297 1408 1352 sensit.
1446 1295 1659 1351 Viderat
1698 1298 1841 1350 enim

268 1388 399 1443 istos
457 1388 734 1442 thesauros
775 1402 1011 1457 praesens
1062 1387 1223 1443 Budze
1278 1388 1332 1442 in
1374 1389 1633 1444 comitatu
1682 1386 1841 1456 legati

265 1478 519 1540 Cmsarei,
536 1486 590 1533 et
630 1493 740 1532 non
776 1485 983 1532 tantum
1022 1477 1248 1543 viderat,
1292 1478 1384 1532 sed
1414 1485 1586 1531 totum
1626 1491 1745 1532 sese
1784 1476 1840 1530 in

265 1583 360 1624 eos
387 1567 683 1623 abdiderat.
706 1567 825 1637 Ipse
851 1582 1065 1637 quoque
1087 1567 1229 1636 regis
1251 1566 1504 1622 Ludovici
1524 1566 1839 1621 munilicen-

266 1659 337 1714 tia
359 1666 607 1714 auctores
628 1658 885 1727 quosdam
908 1656 1123 1712 Gnaeos
1140 1665 1462 1712 consecutus
1481 1665 1597 1711 erat
1623 1664 1678 1711 et
1707 1656 1839 1711 alio-

1948 490 2089 545 Pelri
2119 490 2368 561 Galesinii
2396 495 2783 550 notationibus.

2016 581 2183 650 Hujus
2210 581 2459 638 editionis
2481 583 2594 653 jam
2631 584 2915 654 aliquoties
2940 586 3125 642 incidit
3152 589 3372 643 mentio.
3399 588 3516 644 Sal-

1944 672 2086 725 viani
2127 672 2246 727 libri
2272 674 2579 743 pertingunt
2603 674 2670 729 ad
2695 677 2940 747 paginam
2968 691 3135 746 usque
3160 677 3248 732 81.
3278 679 3515 749 Appictte

1944 770 2070 816 sunt
2098 763 2151 817 in
2173 764 2501 832 marginibus
2531 765 2793 819 variantes
2827 766 3030 834 aliquot
3058 767 3334 823 lectiones.

2015 852 2170 907 1575.
2198 853 2441 920 Parisiis,
2489 856 2627 927 apud
2671 856 2832 909 Hich.
2865 856 3150 927 Sannium;
3197 859 3378 930 in-[oL
3406 859 3519 914 Sal-

1943 946 2152 1000 viani...
2176 946 2244 1001 de
2271 961 2398 1001 vero
2417 945 2646 1012 Judicio,
2672 945 3011 1001 Providentia
3040 957 3093 1003 et
3114 947 3515 1004 Gubernatione

1944 1035 2039 1091 Dei
2083 1035 2362 1091 libri'Vlll.
2389 1036 2461 1091 It.
2493 1037 2613 1091 libri
2639 1035 2707 1091 Ν
2743 1036 2811 1091 ad
2859 1036 3152 1093 Ecclesiam
3195 1041 3513 1095 catholicam

1944 1125 2210 1181 Timothei
2240 1127 2483 1194 nomine;
2516 1127 2568 1182 in
2592 1126 2726 1181 Bibl.
2760 1125 2876 1181 PP.
2912 1126 3175 1199 Bigneana
3203 1170 3218 1194 ,
3250 1137 3290 1183 t.
3330 1129 3423 1196 lll,
3455 1146 3509 1200 p.

1941 1214 2046 1269 240
2067 1230 2221 1285 seqq.

2013 1304 2253 1371 Parisiis,
2307 1306 2446 1377 apud
2486 1306 2706 1361 Hieron.
2758 1305 2974 1378 Μαι-πεί
2993 1316 3046 1360 et
3087 1306 3225 1363 Cuil.
3265 1309 3512 1375 (laudat;

1939 1397 2102 1452 iri-12.
2134 1396 2436 1452 Salviani...
2465 1397 2532 1453 de
2572 1413 2701 1453 vero
2725 1396 2934 1454 Judicio
2964 1406 3019 1452 et
3046 1392 3385 1454 Providentia
3417 1401 3513 1456 Dei

1940 1487 2063 1543 libri
2089 1486 2316 1560 Vlll[1t.
2350 1487 2469 1542 libri
2489 1486 2556 1541 IV
2584 1486 2652 1541 ad
2676 1486 2972 1543 Ecclesiam
2999 1486 3360 1558 catholicam],
3391 1505 3514 1543 cum

1940 1576 2089 1647 prtef.
2117 1585 2173 1632 et
2196 1577 2413 1633 scholiis
2433 1576 2753 1632 Brassicani.
2785 1575 2899 1631 Cat.
2932 1576 3065 1631 Bibl.
3091 1576 3291 1633 Bodlei.
3322 1579 3513 1634 Nescio

1940 1665 2189 1735 equidem
2233 1666 2421 1721 solane
2466 1665 2765 1721 Brassicani
2791 1667 2955 1722 editio
3001 1669 3071 1723 sit
3114 1683 3320 1733 recusa,
3349 1685 3415 1723 an
3459 1678 3516 1726 et

263 1765 381 1806 rum
408 1749 634 1805 fortasse
663 1764 782 1804 cum
803 1746 1109 1805 Graecorum
1139 1757 1249 1804 tum
1270 1748 1584 1804 Latinorum
1611 1762 1838 1818 aposra-
1869 1774 1916 1832 Β
1942 1757 2062 1812 libri
2099 1757 2169 1812 Ν
2194 1765 2374 1811 contra
2411 1758 2697 1811 Avaritiam
2731 1756 2896 1812 additi
2935 1758 3063 1813 sint.
3113 1756 3302 1813 Utrum
3331 1775 3513 1817 verum

263 1842 368 1912 pha
396 1849 714 1912 sumpserat.
746 1840 891 1896 inter
908 1840 1008 1895 hos
1028 1841 1210 1896 nescio
1249 1855 1317 1894 an
1345 1838 1628 1896 Salvianus
1656 1839 1836 1895 fuerit.

262 1933 422 1989 Certe
465 1935 518 1989 in
560 1932 869 2003 prmfatione
906 1930 974 1986 ad
1001 1932 1311 2002 episcopum
1349 1930 1715 2000 Augustanum
1744 1931 1839 2002 (si-

261 2036 419 2095 gnata
450 2025 659 2081 Vienna:
697 2025 938 2091 Austriw,
963 2021 1145 2078 Martii
1184 2023 1266 2077 die
1297 2022 1349 2088 1,
1378 2039 1513 2078 anno
1542 2021 1700 2092 1550)
1729 2038 1838 2079 non

263 2125 369 2173 tam
416 2117 484 2173 de
519 2118 789 2182 Salviano,
837 2114 1020 2186 ejusve
1067 2129 1168 2169 ms.
1219 2112 1400 2182 aliquo
1454 2111 1596 2168 unde
1650 2114 1839 2168 ederet

262 2207 574 2277 exemplari,
604 2214 697 2261 aut
722 2205 790 2261 de
827 2220 923 2260 sua
954 2204 1118 2274 ipsius
1156 2202 1208 2256 in
1237 2201 1448 2257 edendo
1473 2216 1641 2272 opera
1661 2202 1837 2258 disse-

252 2297 389 2362 ruit,
419 2312 581 2367 quam
603 2298 900 2352 litterarum
920 2310 988 2350 ex
1008 2294 1204 2350 amissa
1226 2293 1315 2348 illa
1345 2292 1670 2350 bibliotheca
1690 2295 1836 2350 cala-

264 2386 508 2445 unitatem
536 2387 815 2458 deplorat;
847 2395 902 2442 et
928 2392 987 2440 ut
1024 2387 1220 2443 sensim
1243 2384 1311 2438 ad
1338 2382 1442 2438 hoc
1468 2394 1839 2456 argumentum

254 2478 496 2534 lectores
523 2479 675 2547 quasi
702 2483 1045 2547 prarpararet,
1076 2490 1109 2531 e
1136 2475 1430 2546 longinquo
1458 2475 1526 2530 de
1552 2476 1841 2546 bibliophi-

264 2566 337 2621 lia
364 2579 420 2623 et
447 2576 557 2622 tam
590 2566 839 2621 litteratis
865 2579 1026 2634 quam
1062 2563 1394 2634 principibus
1421 2566 1549 2620 viris
1577 2566 1837 2620 librorum

251 2658 682 2729 colligendorum
720 2657 897 2713 studio
925 2658 1220 2729 insignibus
1257 2672 1560 2714 sermonem
1588 2657 1834 2721 instituit,

260 2753 358 2809 sub
383 2751 540 2807 linem
567 2764 695 2806 vero
717 2750 1038 2820 complures,
1066 2750 1155 2820 qui
1186 2750 1288 2805 sibi
1317 2751 1370 2804 in
1389 2748 1717 2804 bibliotheca
1738 2763 1837 2803 sua

259 2849 527 2898 restarent
553 2848 607 2896 et
637 2855 773 2911 quos
801 2839 1087 2909 aliquando
1120 2839 1360 2895 editurus
1384 2846 1527 2894 esset
1560 2836 1725 2892 libros
1744 2852 1838 2892 ve-

259 2942 420 2998 teres,
451 2931 682 2987 maxime
706 2929 940 2995 Graecos,
974 2929 1304 2996 denominat,
1328 2944 1397 2985 ex
1423 2928 1615 2999 quibus
1635 2927 1831 2998 aliqua,

260 3021 423 3079 veluti
444 3021 607 3077 libros
633 3017 1063 3091 Geoponicorum
1091 3021 1268 3076 lucem
1290 3027 1480 3091 postea
1507 3018 1705 3075 vidisse
1733 3034 1834 3073 no-

1937 1851 2026 1917 sit,
2057 1865 2339 1921 perperam
2386 1858 2567 1905 tamen
2616 1865 2649 1905 a
2697 1848 3057 1906 Benedictinis
3106 1849 3246 1905 inter
3283 1848 3513 1920 Operum

1937 1941 2201 1997 editiones
2226 1950 2558 1997 recensetur.
3148 1996 3156 2005 ,

2009 2030 2165 2085 1580.
2198 2030 2438 2098 Parisiis,
2488 2031 2628 2102 apud
2673 2032 2879 2088 Sebast.
2908 2031 3202 2097 Nirellium,
3244 2031 3336 2087 sub
3359 2031 3511 2086 Cico-

1937 2123 2057 2188 niis,
2089 2123 2170 2176 uia
2190 2121 2466 2188 Jacobtea;
2495 2121 2633 2176 iit-8.
2662 2121 2896 2178 Salviani
2922 2122 3264 2179 Massiliensis
3291 2124 3514 2194 presby-

1936 2212 2038 2266 teri
2061 2212 2128 2266 de
2149 2209 2549 2266 Gubernatione
2570 2211 2667 2267 Dei
2692 2220 2748 2268 et
2770 2212 2838 2267 de
2856 2212 3005 2282 justo
3024 2213 3379 2283 praesentique
3397 2213 3515 2281 ejus

1934 2299 2145 2357 Judicio
2174 2300 2296 2357 libri
2319 2300 2453 2367 VIII,
2481 2300 2548 2357 ad
2589 2300 2647 2357 S.
2689 2300 2962 2357 Salonium
2990 2298 3318 2372 episcopum.
3351 2300 3514 2373 Ejus-

1937 2394 2051 2448 dem
2070 2392 2425 2465 Epistolarum
2444 2393 2533 2449 lib.
2560 2392 2610 2460 Ι,
2642 2410 2777 2448 nunc
2797 2396 3015 2464 primum
3038 2396 3220 2447 editus.
3245 2393 3512 2448 Timothei

1938 2484 2153 2540 nomine
2180 2484 2247 2538 ad
2273 2483 2568 2538 Ecclesiam
2592 2483 2911 2539 catholicam
2949 2483 3040 2537 lib.
3073 2482 3178 2536 1111.
3213 2481 3296 2537 Ex
3325 2482 3511 2537 Biblio-

1937 2574 2082 2628 theca
2109 2573 2177 2627 P.
2203 2572 2389 2628 Pithwi
2416 2572 2471 2626 Ι.
2502 2570 2583 2628 C-
3246 2637 3261 2653 ο

2008 2664 2162 2719 Barac
2188 2665 2241 2718 in
2289 2663 2616 2732 marginibus
2658 2670 2972 2733 comparent
3016 2661 3272 2717 lectiones
3299 2676 3329 2715 a
3360 2669 3510 2717 textu

1934 2754 2194 2824 impresso
2214 2754 2512 2820 variantes;
2535 2753 2601 2808 ad
2626 2754 2828 2809 calcem
2853 2767 2984 2808 vero
3002 2752 3254 2821 subjectae
3278 2763 3402 2807 sunt
3420 2770 3508 2807 va-

1934 2846 2028 2900 riis
2052 2844 2294 2899 lectiones
2314 2846 2503 2915 partim
2529 2861 2596 2899 ex
2621 2845 2774 2899 ueteri
2799 2844 2990 2909 codice,
3036 2859 3151 2915 quae
3172 2854 3340 2897 tamen
3369 2853 3507 2898 certe

1925 2934 2126 3004 judicio
2145 2936 2200 2988 in
2223 2943 2413 2988 textum
2432 2942 2770 3005 receptarum:
2790 2942 2927 2999 sunt,
2950 2932 3184 3005 quedam
3207 2934 3363 2986 etiam
3387 2949 3507 3002 ope-

1933 3041 2109 3082 rarum
2155 3024 2467 3095 negligentia
2513 3025 2736 3090 omissae,
2767 3024 2957 3094 partim
2984 3039 3050 3077 ea:
3076 3023 3293 3095 vulgatis
3320 3023 3505 3077 editio-

258 3113 453 3168 vimus.
476 3110 782 3167 Prmfationi
817 3110 1157 3182 subjungitur
1182 3125 1400 3168 carmen
1428 3108 1835 3180 hendecasylla-
1858 3128 1904 3192 ρ
1934 3113 2103 3178 nibus,
2132 3129 2245 3185 qua:
2273 3123 2321 3166 et
2341 3114 2468 3183 ipsis
2492 3114 2618 3185 ferri
2645 3121 2877 3184 possunt.
2907 3111 3123 3167 Summa
3170 3121 3403 3181 quatuor
3427 3111 3507 3167 fo-

252 3206 388 3261 bum
416 3220 523 3260 non
551 3204 725 3259 minus
752 3219 815 3259 ac
833 3204 922 3258 illa
950 3203 1215 3274 prolixum
1243 3217 1344 3258 nec
1363 3201 1716 3257 cultissimum
1745 3216 1833 3254 sa-

254 3311 349 3364 ne,
371 3311 480 3367 quo
511 3296 684 3353 eidem
703 3296 818 3351 viro
845 3295 1155 3351 Salvianum
1185 3294 1478 3350 inscribere
1505 3307 1563 3349 se
1590 3307 1654 3348 ac
1677 3292 1830 3347 dedi-

254 3402 386 3443 ‘care
407 3386 704 3457 profitetur.
729 3386 1117 3442 Annotationes
1145 3385 1279 3455 ejus,
1302 3399 1421 3454 qua:
1441 3383 1685 3454 proxime
1710 3388 1833 3452 post

260 3476 494 3532 Salviani
516 3476 683 3532 libros
709 3475 1080 3545 subjiciuntur,
1111 3475 1274 3531 verba
1297 3476 1530 3530 maxime
1556 3482 1612 3529 et
1638 3473 1836 3529 formu-

260 3567 341 3621 las
354 3566 632 3636 ioquendi.
654 3566 912 3638 imprimis
931 3581 1049 3638 qum
1069 3582 1210 3622 nove
1248 3565 1391 3621 dicta
1418 3574 1542 3621 sunt
1568 3566 1834 3619 illustrant

259 3670 324 3711 ac
349 3655 627 3726 multiplici
654 3664 709 3711 et
737 3655 949 3724 egregia
982 3656 1036 3709 in
1065 3655 1341 3724 utriusque
1371 3654 1564 3723 lingua:
1592 3652 1830 3708 auctori-

258 3744 358 3800 bus
385 3744 615 3799 lectione
653 3743 1115 3799 commendantur.

325 3832 591 3889 Caeterum
612 3849 719 3888 non
747 3834 920 3888 omitti
948 3832 1128 3898 debet,
1160 3836 1525 3906 ’Δνταιιμᾶνων
1555 3832 1722 3888 libros
1751 3833 1831 3888 in-

259 3925 391 3980 certi
411 3923 661 3988 auctoris,
688 3937 827 3992 quos
855 3938 957 3978 una
980 3939 1100 3979 cum
1128 3924 1363 3979 Salviani
1384 3939 1549 3994 opere
1573 3924 1661 3979 hic
1685 3924 1833 3978 evul-

260 4014 465 4086 gandos
489 4014 635 4070 dedit
662 4014 1024 4079 Brassicanus,
1066 4016 1352 4071 nonnullos
1378 4031 1569 4085 parum
1598 4023 1833 4072 attentos

259 4104 527 4169 fefellisse,
553 4112 613 4160 ut
645 4104 811 4176 ipsius
837 4104 1068 4160 Salviani
1096 4106 1395 4162 crederent.

329 4192 487 4249 1556.
519 4192 759 4260 Basilea',
798 4194 937 4266 apud
986 4193 1389 4259 Remis-Petri;
1428 4194 1609 4265 iit-fol.
1653 4193 1832 4248 Timo-

258 4284 366 4340 thei
393 4283 627 4355 episcopi
655 4283 722 4338 ad
750 4283 1042 4339 Ecclesiam
1071 4285 1388 4340 catholicam
1431 4292 1545 4340 toto
1574 4284 1704 4341 orbe
1730 4283 1832 4339 dif-

257 4375 429 4431 fusam
480 4374 540 4429 L.
589 4373 676 4440 IV,
731 4382 784 4430 et
812 4373 1046 4429 Salviani
1095 4373 1335 4445 pnefatio
1380 4375 1433 4429 in
1462 4373 1739 4440 eumdem;
1772 4374 1828 4429 in

258 4466 477 4522 Joannis
502 4464 720 4521 Heroldi
751 4464 1143 4536 Haresiologia,
1172 4480 1328 4534 pagg.
1362 4463 1464 4519 579
1486 4496 1513 4506 -
1539 4464 1661 4519 615.

330 4554 484 4611 1564.
518 4554 698 4611 Roma:
734 4554 872 4625 apud
899 4553 1122 4608 Paulum
1167 4553 1458 4608 Munatium
1500 4554 1621 4608 Aldi
1650 4553 1717 4608 ια’.
1767 4556 1822 4608 in

256 4646 407 4700 ardib.
440 4645 572 4717 Pop.
604 4646 786 4712 Rom;
815 4646 983 4717 iri-fol.
1011 4644 1245 4700 Salviani
1267 4646 1504 4716 episcopi
1532 4646 1825 4702 Massilien-

253 4737 327 4790 sis
355 4734 421 4789 de
448 4749 576 4790 vero
603 4734 811 4790 iudicio
838 4744 893 4790 et
918 4733 1259 4790 Providentia
1284 4736 1376 4790 Dei
1405 4736 1523 4790 libri
1549 4736 1676 4802 Vlll,
1709 4754 1824 4792 cum

254 4824 506 4889 Maximo,
540 4823 791 4889 Paciano,
836 4824 1084 4892 Sulpicio,
1109 4823 1367 4880 Dorotheo
1409 4823 1561 4896 Tyrio
1589 4836 1637 4880 et
1677 4825 1825 4897 Hag-

324 5051 402 5125 (a)
427 5048 737 5105 Accuratius
753 5062 913 5118 quam
931 5047 1244 5125 plerumque
1269 5048 1425 5125 solet,
1446 5048 1517 5125 de
1535 5047 1638 5125 hoc
1653 5047 1815 5125 13ης-

251 5115 437 5177 sicario
464 5115 856 5175 commentaius
898 5115 981 5172 est
1010 5115 1303 5171 Hendreich
1342 5119 1398 5171 in
1436 5116 1610 5172 Pand.
1648 5117 1814 5171 Bran-

252 5190 401 5246 slenb.
429 5190 695 5251 Diversus,
719 5196 777 5242 ut
797 5186 990 5242 ibidem
1010 5186 1280 5250 discimus,
1304 5188 1371 5241 ab
1392 5202 1459 5242 eo
1479 5187 1577 5242 fuit
1600 5187 1685 5241 Jo.
1711 5185 1817 5240 Lu-

251 5262 457 5315 dovicus
482 5258 837 5320 Brassicanus,
862 5273 969 5311 non
996 5263 1156 5326 aetate
1182 5256 1403 5326 quidem
1424 5265 1479 5310 et
1506 5258 1697 5326 patria,
1720 5256 1817 5326 sed

252 5330 445 5386 studiis
471 5327 868 5399 quatiammqlo
892 5335 959 5399 et
1006 5324 1328 5399 conditione.
1362 5324 1577 5399 Nam].
1618 5325 1696 5399 U._
1710 5325 1817 5399 Do:

250 5410 442 5455 ctorem
458 5394 689 5468 appellat
704 5404 765 5468 et»
775 5395 1137 5467 Tubingensem
1158 5394 1316 5468 fuisse
1330 5396 1644 5468 suspicatur.
1662 5395 1815 5468 Quod

251 5470 298 5523 si
325 5463 508 5523 verum
530 5463 645 5531 'est,
684 5466 805 5520 vide
833 5481 899 5519 an
927 5463 1208 5535 germanus
1237 5463 1524 5535 alexandri
1564 5463 1721 5520 fuerit
1761 5474 1817 5520 et

253 5538 411 5592 ambo
440 5545 646 5607 patrem
667 5532 949 5607 habuerint
966 5532 1633 5607 JoannemBrassicanum,
1656 5550 1817 5607 quem

255 5602 557 5661 Alexander
584 5607 636 5659 in
673 5604 781 5667 line
808 5605 1133 5675 prml‘ationis
1173 5602 1239 5657 ad
1277 5602 1819 5675 Salvianunrscribit

254 5677 444 5733 iisdem
501 5675 770 5753 quondam
811 5672 1111 5731 studiorum
1175 5674 1337 5729 sacris
1400 5687 1522 5728 cum
1580 5672 1822 5728 Christo~

1936 3203 2130 3258 liorum
2150 3211 2252 3267 est,
2284 3203 2338 3258 in
2364 3204 2448 3259 his
2473 3203 2806 3273 paucissimae
2832 3202 3118 3274 Epistolas,
3160 3203 3399 3273 plurimae
3423 3202 3506 3257 ul-

1936 3292 2122 3347 timum
2150 3309 2286 3365 opus
2312 3293 2625 3363 respiciunt.
2665 3293 2725 3347 In
2754 3293 2945 3349 iisdem
2968 3293 3129 3348 etiam
3155 3292 3403 3359 aﬂirmat,
3433 3294 3507 3347 ni-

1934 3384 2010 3440 hil
2035 3385 2089 3439 in
2118 3385 2202 3441 his
2229 3385 2377 3440 libris
2413 3384 2737 3455 conjecturis
2763 3385 2965 3449 datum,
3000 3393 3168 3441 totum
3197 3400 3263 3440 ex
3292 3384 3396 3440 fide
3414 3401 3507 3441 ve-

1934 3474 2210 3530 tustissimi
2270 3482 2327 3530 et
2377 3474 2792 3531 emendatissimi
2854 3474 3056 3529 codicis
3116 3482 3507 3544 transumptum

1933 3579 2072 3619 esse.
2095 3564 2314 3620 Accedit
2353 3566 2512 3620 index
2539 3581 2717 3621 rerum
2746 3574 2802 3621 et
2826 3566 3111 3620 verborum
3154 3566 3289 3621 scitu
3327 3565 3507 3634 digno-

1933 3669 2069 3709 rum.
2101 3652 2159 3707 ln
2176 3653 2487 3724 praefatione
2513 3652 2703 3710 Pitbmi
2723 3654 2789 3709 ad
2810 3651 3088 3708 Nicolaum
3111 3652 3341 3707 Fabrum
3365 3655 3506 3723 regis

1932 3744 2294 3798 consiliarium
2324 3743 2467 3813 (data
2494 3742 2613 3797 Lut.
2645 3742 2821 3797 Paris.
2856 3760 2980 3798 non.
3014 3741 3191 3798 Octob.
3224 3743 3369 3797 feriis
3396 3745 3506 3797 vin-

1934 3834 2188 3889 demialib.
2214 3851 2264 3888 a.
2294 3850 2397 3890 cm.
2427 3850 2496 3890 ιε).
2523 3832 2707 3905 uxrx)
2730 3834 2797 3888 de
2822 3842 3033 3888 maturo
3058 3828 3329 3902 religionis
3350 3832 3505 3888 Chri-

1932 3926 2121 3981 stianae
2148 3926 2201 3980 in
2228 3923 2413 3979 Galliis
2439 3924 2586 3980 cultu
2621 3932 2782 3993 atque
2810 3916 2975 3979 ubere
3000 3923 3319 3993 scriptorum
3345 3922 3504 3979 Chri-

1932 4016 2229 4072 stianorum
2257 4017 2311 4069 in
2341 4014 2529 4069 iisdem
2556 4022 2820 4085 proventu
2858 4013 3113 4083 disputat.

2004 4104 2343 4174 Privilegium
2389 4106 2592 4174 regium
2640 4106 2905 4174 signatum
2934 4113 3018 4160 est
3057 4103 3111 4159 d.
3141 4102 3229 4157 24.
3262 4103 3417 4159 Mart.
3447 4120 3500 4159 a.

1934 4194 2089 4250 1579.
2117 4193 2398 4251 Observari
2426 4203 2605 4250 autem
2644 4202 2898 4259 meretur,
2941 4192 3084 4263 quod
3111 4193 3178 4248 de
3205 4195 3373 4263 prima
3403 4194 3504 4249 hac

1934 4285 2124 4341 Pithmi
2152 4286 2387 4341 editione
2420 4285 2532 4354 jam
2573 4284 2821 4338 Baluzius
2847 4291 3256 4349 commemorat,
3285 4298 3406 4337 eam
3432 4282 3503 4336 ob

1932 4379 2206 4433 raritatem
2231 4393 2382 4433 suam
2424 4376 2786 4445 manuscripto
2812 4374 2997 4431 codice
3022 4375 3323 4445 comparari
3343 4387 3503 4444 posse

1854 4493 1907 4553 υ
1932 4482 1998 4522 ac
2024 4467 2266 4536 nuspiam
2301 4475 2546 4536 prostare
2582 4466 2845 4520 venalem.

2000 4555 2156 4611 1589.
2190 4556 2443 4621 Parisiis;
2482 4557 2657 4627 in-fol.
2706 4555 2942 4610 Salviani
2994 4555 3338 4611 Massiliensis
3384 4555 3502 4625 epi-

1929 4649 2078 4718 scopi
2104 4648 2173 4704 de
2200 4662 2325 4702 vero
2364 4645 2571 4702 Judicio
2609 4655 2666 4701 et
2693 4646 3034 4701 Providentia
3075 4647 3171 4701 Dei
3222 4647 3342 4701 libri
3366 4646 3499 4700 Vill.

1930 4737 2115 4807 Ejusd.
2127 4738 2195 4791 ad
2210 4736 2503 4792 Ecelesiam
2517 4735 2834 4790 catholicam
2847 4743 2961 4791 toto
2980 4736 3112 4790 orbe
3123 4735 3367 4790 dill'usam
3382 4735 3503 4790 libri

1930 4827 2019 4882 IV.
2037 4826 2093 4881 In
2109 4827 2332 4882 secunda
2343 4824 2478 4880 Bibl.
2501 4824 2616 4878 PP.
2640 4823 2792 4897 Bign.
2807 4824 2888 4878 ed.
2909 4834 3053 4880 tome
3067 4823 3131 4891 V,
3149 4840 3202 4894 p.
3230 4823 3327 4881 161
3346 4838 3500 4893 seqq.

1921 5049 2091 5117 phoro
2110 5046 2369 5102 Stadione
2390 5046 2657 5101 initiatum
2677 5046 2823 5102 etab
2852 5062 2920 5102 eo
2948 5046 3231 5103 sinceriter
3256 5053 3496 5117 amatum

1921 5114 1978 5172 et
2021 5118 2348 5185 benignitate
2386 5125 2644 5185 perpetua
2682 5118 3018 5172 sublevatum
3059 5116 3241 5171 fuisse.
3273 5114 3499 5171 Joannis

1920 5194 2100 5241 autem
2148 5186 2445 5257 Brassicani
2493 5185 2734 5257 ejusdem
2781 5187 3109 5257 pmdotribe
3140 5186 3498 5257 Tubingensis

1919 5257 2161 5311 meminit
2179 5255 2415 5324 Morhoﬁ'
2434 5256 2487 5308 in
2510 5253 2765 5324 Polyhist.
2876 5255 2999 5321 247,
3023 5256 3115 5327 qui
3135 5255 3364 5309 fortasse
3388 5271 3496 5308 non

1919 5326 2056 5378 alius
2092 5325 2191 5378 fuit
2226 5326 2293 5378 ab
2321 5340 2406 5378 eo.
2435 5339 2593 5378 auem
2639 5324 2778 5378 inter
2854 5326 3159 5378 ubintrcnsis
3204 5324 3495 5378 academia:

1919 5326 2056 5395 alius
2092 5325 2191 5380 fuit
2226 5326 2293 5379 ab
2321 5340 2406 5389 eo,
2435 5339 2598 5395 quem
2639 5324 2778 5395 inter
2794 5324 3159 5395 Tubingensis
3204 5324 3495 5395 academia:

1916 5394 2167 5465 doctores
2195 5404 2438 5449 recenset
2458 5392 2611 5447 Βοεᾶ
2637 5393 2689 5465 in
2720 5394 2857 5465 Hist.
2889 5392 3053 5449 Acad.
3093 5396 3233 5450 illius
3263 5395 3303 5465 ᾗ
3326 5392 3413 5454 8?),
3438 5410 3491 5462 p.

1917 5463 2005 5529 45,
2037 5479 2302 5533 quemque
2332 5479 2437 5533 non
2470 5471 2633 5533 recte;
2653 5458 2774 5517 cum
2813 5463 2899 5518 Jo.
2940 5466 3244 5519 Alexandro
3264 5458 3497 5533 'Bmss'i-

1924 5530 2070 5587 cano
2090 5530 2366 5587 confundit
2394 5531 2560 5586 Celeb.
2597 5530 2789 5586 Samius
2823 5534 2875 5587 in
2911 5533 3095 5589 Onam.
3126 5534 3253 5588 Litt.
3282 5533 3368 5596 lll,
3402 5530 3491 5583 δὲ.

1924 5602 2159 5657 Observa
2184 5612 2381 5675 tamen,
2413 5602 2555 5673 quod
2583 5610 2637 5655 et
2666 5612 2847 5658 noster
2872 5620 2929 5659 se
2957 5606 3128 5674 ipsum
3147 5603 3495 5675 jurist-cnsul-

1931 5685 2034 5728 tum
2054 5673 2323 5743 appellet.
