4006 6182
534 336 604 391 Π
1890 326 2157 384 PROLEG
2164 326 2418 385 OMENA.
3731 332 3747 382 l
3760 328 3809 382 8:

606 450 764 506 1594.
797 448 1037 515 Parisiis,
1079 448 1220 519 apud
1262 447 1634 519 Hieronymum
1690 444 1754 500 de
1799 444 2028 517 Harnef,
2071 454 2121 499 et
2146 452 2192 509 Α
2223 448 2419 517 scripta
2451 446 2777 518 exemplaria
2808 463 2912 501 non
2938 445 3144 509 habuit,
3177 444 3269 501 sed
3301 444 3495 514 ingenii
3524 445 3799 513 felicitate,

539 544 768 599 Viduam
804 540 1064 594 Guilielmi
1090 539 1337 605 Cavetlat,
1385 538 1478 592 sub
1507 537 1774 600 Pelicano,
1824 535 2004 591 Monte
2047 535 2118 590 ι).

533 635 767 699 Hilarii;
809 630 981 686 ἔνι-12.
1012 631 1073 685 D.
1107 629 1345 686 Salviani
1391 629 1749 700 Massyliensis
1776 628 2011 699 episcopi
2054 628 2122 683 de

532 740 667 782 vero
702 722 915 779 Judicio
941 730 999 778 et
1027 720 1370 777 Providentia
1399 721 1493 776 Dei
1523 721 1589 775 ad
1617 719 1674 774 S.
1705 720 1980 776 Salonium
2008 720 2122 790 epi—

532 829 759 886 scopum
780 812 1142 868 Vienbensem
1188 811 1311 867 libri
1352 810 1486 866 VIII.
1533 809 1675 865 Cura
1703 808 1788 864 Jo.
1835 809 2124 865 Alexandri

536 902 839 960 Brassicani
885 900 934 955 J.
966 901 1028 956 C.
1059 900 1188 955 editi
1229 914 1294 956 ac
1319 898 1545 955 eruditis
1591 899 1809 955 scholiis
1851 899 2119 954 illustratl.

536 997 781 1052 Accessit
825 980 1066 1063 ejusdem
1114 992 1474 1064 Epistolarum
1524 991 1620 1047 lib.
1650 990 1692 1057 I,
1722 1007 1866 1046 nunc
1892 991 2125 1061 primum

537 1090 732 1146 editus.
767 1086 1135 1157 Ejusdemque
1155 1083 1223 1138 ad
1251 1083 1547 1140 Eeclesiam
1575 1082 1894 1138 catholicam
1916 1082 2014 1136 sub
2035 1080 2125 1134 Ti-

537 1178 743 1234 mothei
767 1176 986 1233 nomine
1014 1175 1107 1230 lib.
1137 1174 1245 1230 Illi.
1287 1172 1421 1229 Cum
1447 1173 1622 1229 indice
1644 1187 1824 1227 rerum
1847 1187 1909 1226 ac
1932 1171 2126 1226 verbo-

539 1285 658 1324 rum
693 1267 1136 1338 locupletissimo.

613 1359 915 1419 Bressicani
937 1358 1102 1414 editio
1130 1364 1244 1412 tota
1271 1363 1353 1412 est
1391 1369 1600 1422 recusa,
1625 1353 1783 1423 eique
1810 1352 2021 1409 additus
2042 1353 2127 1408 in-

541 1450 646 1508 dex
672 1464 868 1506 recens
894 1446 1195 1512 confectus,
1220 1446 1426 1519 reliqua
1453 1444 1678 1500 alterum
1698 1444 1851 1514 quasi
1874 1444 2129 1499 volumen

544 1541 896 1605 constituunt,
928 1555 1038 1596 non
1064 1539 1224 1594 titulo
1248 1538 1466 1608 quidem
1495 1552 1656 1601 novo,
1688 1536 1782 1592 sed
1822 1552 1960 1592 nova
1987 1536 2134 1607 pagi—

546 1648 737 1687 narum
756 1633 898 1687 serie
914 1647 945 1686 a
965 1631 1379 1703 priorisecreta.
1406 1629 1709 1698 Atquebtec
1729 1628 1903 1684 indice
1923 1637 2127 1686 carent.

546 1723 720 1779 Verba
746 1740 885 1777 nunc
912 1725 1132 1795 primum
1169 1722 1335 1776 editus
1372 1721 1441 1777 ad
1468 1718 1828 1791 Epistolarum
1855 1721 2050 1776 librum
2078 1722 2132 1777 in

2222 538 2595 607 sermonisque
2638 536 2836 604 Latini,
2868 537 3042 607 qualis
3070 537 3265 592 sarculo
3310 553 3343 591 ν
3380 536 3498 601 fuit,
3528 537 3717 615 peritia
3746 548 3803 597 et

2221 629 2467 685 lectionis
2494 630 2648 702 copia
2693 645 2799 685 non
2835 645 2959 684 raro
3000 628 3138 683 hanc
3177 630 3455 700 penuriam
3496 646 3804 701 compensa-

2222 720 2318 776 vit.
2347 720 2509 777 Certe
2530 721 2719 796 Steph.
2745 721 2992 783 Baluzius
3015 722 3070 786 in_
3082 721 3394 792 prmlationc
3422 704 3672 789 editionis
3695 738 3804 781 sua:

2223 811 2471 877 aﬂlrmat,
2519 812 2933 876 Rittershusinm
2987 811 3191 880 aliquot
3234 811 3288 867 in
3318 812 3449 868 locis
3492 813 3801 873 Salvianum

2224 903 2355 958 satis
2377 901 2607 957 tbiiciter
2629 900 2961 967 emendasse,
3010 908 3066 957 et
3102 901 3155 957 in
3201 903 3344 957 notis
3380 903 3573 973 smpius
3616 903 3802 973 conje-

2224 1000 2404 1057 cturas
2441 993 2559 1063 ejus
2600 994 2847 1057 codicum
2888 1001 3221 1049 vetustorum
3258 996 3575 1063 auctoritate
3605 994 3803 1051 ﬁrmari

2226 1093 2430 1152 monet,
2464 1085 2688 1156 ejusque
2734 1086 3205 1157 interpretationes
3225 1087 3370 1153 haud
3410 1103 3535 1155 raro
3564 1087 3802 1160 adoptat.

2225 1175 2515 1237 Videamus
2542 1190 2700 1248 ergo,
2730 1177 2824 1249 qui
2851 1176 3103 1233 editionis
3130 1177 3299 1249 ipsius
3335 1178 3470 1235 ordo
3508 1180 3580 1235 sit
3605 1195 3670 1235 ac
3694 1180 3807 1235 dis-

2229 1268 2474 1323 tributio.
3265 1331 3275 1341 κ

2298 1358 2480 1415 Primo
2506 1368 2652 1416 torno
2682 1360 2863 1418 Insunt
2889 1360 2952 1418 de
2972 1358 3304 1425 Providentia
3324 1359 3445 1416 libri
3463 1368 3520 1416 et
3539 1358 3806 1432 Epistolar,

2228 1450 2423 1520 quibus
2460 1451 2708 1521 proximo
2735 1452 2858 1508 loco
2884 1450 3163 1519 subjicitur
3185 1450 3341 1506 index
3372 1467 3540 1505 rerum
3560 1458 3609 1504 et
3636 1449 3815 1506 uerbo-

2232 1556 2364 1606 rum,
2396 1556 2522 1595 mox
2556 1540 2778 1597 Joannis
2819 1539 3085 1602 Trithemii
3129 1547 3376 1593 tractatus
3397 1539 3460 1592 de
3480 1538 3814 1594 Proridentia

2232 1629 2328 1685 Dei
2351 1631 2423 1689 ad
2448 1630 2633 1685 Divum
2656 1631 3077 1695 Maximilianum
3093 1629 3123 1683 1
3142 1631 3516 1701 imperatorem,
3540 1638 3814 1701 postremo

2232 1724 2529 1779 Admonitio
2572 1721 2736 1779 Conr.
2779 1721 3122 1780 Rittershusii
3175 1721 3238 1776 de
3276 1723 3576 1794 confusione
3604 1721 3739 1793 feda
3765 1728 3816 1787 et

548 1816 706 1872 titulo
733 1816 963 1885 adjecta,
1002 1815 1206 1886 absque
1243 1814 1369 1872 dolo
1412 1829 1444 1870 a
1484 1813 1947 1872 Pithon-editione
1988 1823 2136 1873 tran-
2166 1809 2212 1871 B
2238 1815 2619 1886 perturbatione
2675 1814 2871 1884 aliquot
2916 1813 3145 1867 locorum
3190 1811 3424 1867 Salviani
3467 1810 3558 1865 lib.
3613 1810 3726 1865 VII
3768 1821 3819 1873 et

549 1907 749 1979 scripta
775 1906 1043 1969 videntur.

1144 2013 1362 2054 δεδυιο
1401 2014 1527 2054 XVII.

623 2090 780 2145 1608.
813 2090 1071 2156 Parisiis;
1098 2089 1266 2145 ἴθι-12.
1295 2089 1535 2146 Salviani
1563 2091 1802 2163 episcopi
1841 2092 2137 2150 Massilien-

550 2182 627 2237 sis
654 2182 722 2236 de
747 2180 1150 2237 Gubernatione
1179 2181 1275 2237 Dei
1318 2182 1411 2237 lib.
1444 2180 1576 2248 VIII,
1607 2190 1663 2237 et
1688 2182 1966 2253 Epistolas;
2014 2198 2137 2238 cum

552 2270 994 2333 annotationibus
1019 2269 1244 2326 Joannis
1268 2270 1568 2326 Brassicani
1597 2286 1667 2326 ex
1694 2270 2025 2328 Bibliotheca
2052 2273 2140 2328 Pis-

553 2362 706 2418 thoii.
740 2360 873 2416 Bibl.
908 2359 1201 2427 Barberin.,
1230 2370 1271 2416 t.
1305 2360 1371 2427 ll,
1402 2377 1456 2432 p.
1488 2360 1610 2416 559.
1642 2362 1699 2416 Si
1729 2360 2005 2417 Pithmana
2021 2362 2139 2417 edi-

556 2452 633 2506 tio
659 2452 747 2508 hic
768 2457 1200 2521 reprazsentatur,
1223 2466 1331 2507 non
1354 2451 1543 2507 deesse
1568 2459 1757 2523 potest
1766 2467 1902 2524 opus
1924 2454 2138 2517 tertium

556 2551 743 2598 contra
770 2542 1083 2597 Avaritiam.

632 2629 782 2684 1609.
819 2630 1074 2697 Treviris;
1117 2630 1253 2686 ἔτι-4.
1302 2630 1604 2687 Salviani...
1656 2630 1986 2702 Epistolares
2017 2631 2140 2687 libri

558 2720 648 2787 IV,
696 2721 761 2775 ad
800 2720 1092 2777 Eeclesiam
1123 2721 1462 2788 catholicam,
1520 2720 1778 2777 adversus
1825 2721 2138 2788 Avaritiam,

559 2831 679 2869 Olim
709 2815 905 2868 Annot.
932 2812 988 2868 .1.
1021 2813 1382 2877 Hacherentii,
1413 2813 1537 2870 Soc.
1569 2813 1618 2869 J.

629 2906 868 2961 contulit
915 2905 1162 2960 Baluzius
1188 2904 1257 2959 ad
1294 2906 1586 2962 editionem
1631 2904 1861 2968 tertiam,
1893 2904 1987 2959 sed
2034 2918 2141 2958 non

560 2996 847 3053 admodum
876 3011 1130 3065 magnum
1154 2995 1351 3051 exinde
1376 2995 1608 3051 lruotum
1637 2995 1943 3065 percepisse
1970 3010 2030 3049 se
2056 3002 2142 3050 te-

560 3097 752 3149 stamr.
801 3086 1015 3142 Nullum
1050 3086 1194 3140 enim
1222 3092 1490 3141 vetustum
1520 3084 1757 3140 codicem
1783 3084 1989 3150 habuit,
2020 3100 2143 3140 cum

2244 1904 2412 1971 r111,
2431 1923 2463 1958 a
2478 1903 2707 1960 librariis
2721 1906 2995 1959 commissa
3009 1919 3130 1959 cum
3152 1901 3399 1976 Catalogo
3419 1902 3705 1975 aliquorum
3724 1920 3817 1957 au-

2237 2005 2455 2063 ctorum,
2486 1995 2666 2067 quide
2700 1994 3036 2049 Providentia
3064 1994 3399 2064 scripserunt.
3424 1992 3816 2057 Pra’ceditdis-

2236 2087 2463 2143 sertatio
2484 2087 2547 2140 de
2568 2085 2689 2141 Vita
2706 2085 2966 2152 Salviani,
2988 2085 3239 2158 simulque
3265 2084 3493 2157 generali
3509 2094 3839 2157 argumento,

2239 2177 2488 2231 librorum
2525 2174 2708 2241 VIII;
2749 2175 2811 2230 de
2837 2174 3193 2240 Providentia,
3226 2173 3843 2243 GubernationeacJu-.

2241 2271 2373 2326 dicio
2420 2269 2549 2335 Dei;
2599 2276 2656 2323 et
2686 2267 3095 2334 Demonstratio,
3134 2266 3276 2336 quod
3314 2265 3433 2322 libri
3472 2265 3499 2321 Ι
3519 2265 3699 2332 V,__sub
3728 2284 3822 2322 no—

2238 2362 2377 2415 mine
2415 2358 2668 2414 Timothei
2715 2357 2869 2422 editi,
2904 2359 3066 2430 ipsius
3102 2356 3489 2421 sintSalriaui.
3530 2355 3635 2411 Per
3661 2372 3823 2411 occa-

2238 2450 2446 2506 sionem
2468 2450 2631 2504 eliam
2657 2448 2724 2503 de
2762 2447 3127 2518 superioribus
3147 2446 3442 2509 editoribus
3470 2443 3527 2500 lit
3543 2446 3819 2516 judicium.

2241 2540 2552 2610 Sequuntur
2580 2538 2894 2595 Testimonia
2913 2548 2963 2594 et
2990 2537 3177 2611 Elegia
3199 2538 3261 2592 de
3281 2538 3551 2605 Salviano,
3575 2538 3823 2594 nimirum

2243 2632 2502 2688 Gennadii
2532 2633 2684 2704 (cum
2729 2630 3079 2686 annotatione
3119 2628 3514 2702 Rittershusii),
3544 2626 3834 2687 Chronolos

2245 2726 2346 2797 gite
2365 2722 2861 2787 Autissiodurensis,
2885 2721 3118 2775 Addonis
3148 2720 3468 2785 Viennensis,
3495 2719 3690 2774 Hilarii
3709 2720 3825 2774 Arc-

2244 2817 2476 2876 latensis.
2517 2814 2606 2870 Jo.
2662 2813 2777 2869 Jer.
2826 2812 3074 2879 Pontani,
3116 2812 3337 2868 Joannis
3386 2812 3683 2878 Tritltemii,
3734 2812 3823 2868 Jo.

2244 2907 2392 2961 Alex.
2429 2905 2746 2969 Brassicani,
2769 2904 2885 2959 los.
2921 2903 3195 2976 Scaligeri,
3218 2902 3364 2958 Petri
3385 2902 3575 2959 Pithtei
3592 2942 3607 2966 ,
3636 2903 3826 2973 quibus

2245 2996 2549 3052 Brassicani
2582 3010 2772 3050 versus
2812 3004 2867 3050 et
2912 2992 3178 3065 praefatio,
3208 2993 3333 3047 item
3362 2992 3603 3064 praefatio
3633 2992 3826 3056 Pithmi

2246 3091 2656 3145 interseruntur.
2700 3086 3005 3142 Succedunt
3050 3085 3433 3156 gratulationes
3469 3085 3523 3149 in
3580 3100 3737 3156 prosa
3765 3100 3829 3141 ao

560 3176 861 3246 quo.libros
893 3176 1027 3232 istos
1055 3174 1324 3231 conferret
1364 3174 1778 3239 Macherentius,
1808 3183 1864 3230 et
1890 3174 2149 3245 pleraque
2176 3175 2222 3239 C
2253 3181 2515 3246 versibuS,
2560 3194 2660 3250 pro
2705 3193 2858 3233 more
2893 3176 3105 3232 illorum
3143 3183 3441 3246 temporum
3471 3174 3538 3231 ad
3566 3174 3828 3230 editorem

564 3267 797 3327 cerrein
818 3268 1035 3338 propria
1057 3267 1393 3322 auctoritate.

639 3357 1082 3423 16l0.vParisiis;
1117 3358 1299 3429 ενι-[οι.
1333 3357 1568 3412 Salviani
1597 3356 1838 3427 episcopi
1890 3356 2049 3411 Mass.
2079 3356 2148 3412 de

565 3465 694 3506 vero
714 3449 944 3516 Iudicio,
976 3460 1081 3509 etc.
1111 3451 1169 3505 In
1201 3449 1335 3504 Bibl.
1364 3449 1483 3504 PP.
1517 3450 1667 3522 Bign.
1702 3450 1929 3520 repetita:
1971 3448 2149 3503 editio-

567 3542 671 3603 nis.
694 3540 863 3594 Tomo
890 3540 954 3606 ν,
981 3555 1104 3611 pag.
1138 3539 1242 3594 I25
1266 3555 1381 3609 seq.

638 3628 793 3683 l6“.
823 3631 1053 3700 Altor/ii,
1099 3632 1164 3684 in.
1190 3630 1469 3684 Academia
1508 3628 1657 3699 Reip.
1701 3626 2147 3698 Norimbergensis

566 3719 711 3788 αριιά
724 3719 1021 3781 Cunradum
1049 3718 1560 3791 Agricolam;in-8°.
1591 3718 1828 3773 Salviani
1852 3717 2150 3772 Massilien-

567 3810 642 3869 sis
693 3825 858 3880 opera
908 3829 928 3863 ετ
954 3810 1021 3865 ad
1064 3809 1396 3864 Ludovicum
1450 3807 1583 3874 XIII,
1612 3808 1805 3863 Franc.
1838 3817 1894 3863 et
1922 3807 2143 3862 Navarr.

567 3914 751 3968 regem
774 3900 1294 3959 christianissimum.
1321 3899 1557 3954 Curante
1578 3898 1821 3954 Cunrado
1860 3898 2150 3954 Rittershu-

565 3990 647 4043 sio
672 3987 725 4041 J.
751 3987 811 4042 C.
852 3990 943 4058 qui
973 3997 1029 4044 et
1055 3988 1276 4043 Librum
1298 3987 1756 4043 Commentarium
1785 3988 2001 4058 adjecit.

638 4078 875 4135 Salviani
924 4079 1160 4150 Operam
1210 4087 1390 4136 tomus
1427 4081 1596 4147 alter,
1613 4081 1665 4135 in
1712 4096 1822 4150 quo
1849 4088 1975 4137 sunt
2028 4081 2150 4137 libri

571 4180 804 4237 quatuor
828 4171 1084 4226 adversus
1110 4169 1423 4225 Avaritiam.
1456 4170 1536 4225 Ad
1558 4171 1827 4227 illustriss.
1853 4174 2149 4243 principem

575 4261 877 4332 Philippum
899 4262 964 4326 Il,
994 4262 1188 4319 Stetini
1214 4261 1544 4318 Pomeranite
1569 4262 1780 4328 ducem,
1806 4272 1910 4319 etc.
1944 4263 2156 4320 Recen-

570 4361 732 4416 scnte
779 4361 834 4410 et
874 4353 1276 4424 impressionem
1323 4360 1649 4422 procurante
1673 4352 1914 4409 ϐακταάο
1959 4354 2154 4409 Ritter-

567 4444 775 4504 suasio,

2248 3273 2475 3342 scriptae.
2510 3269 2660 3324 Alter
2688 3277 2865 3324 tomus
2894 3267 3265 3338 complectitur
3277 3274 3399 3337 post
3426 3276 3643 3340 quatuor
3674 3266 3830 3320 libros

2248 3363 2312 3416 de
2339 3362 2590 3427 Avaritia,
2614 3359 2897 3413 Elencltum
2929 3359 3172 3428 capitum,
3209 3356 3263 3410 in
3290 3371 3404 3428 qua
3433 3355 3587 3410 hosce
3612 3363 3830 3427 quatuor

2249 3453 2406 3508 libros
2448 3453 2577 3506 satis
2617 3449 2879 3512 commode
2922 3447 3161 3505 distinxit
3192 3456 3372 3502 auctor
3390 3446 3630 3501 editionis
3653 3445 3830 3499 Treui-

2248 3544 2433 3608 rensis,
2465 3541 2551 3597 cui
2581 3539 2912 3609 complenda:
2948 3538 3155 3607 pagina:
3196 3552 3356 3592 causa
3385 3535 3601 3591 Pltwdri
3636 3535 3831 3607 aliquot

2248 3635 2482 3690 uersiculi
2520 3634 2583 3687 de
2608 3633 2793 3693 Araris
2832 3629 3055 3700 subjecti
3084 3636 3211 3683 sunt
3230 3669 3245 3695 ,
3289 3628 3513 3682 indicem
3538 3642 3700 3696 porro
3723 3642 3831 3694 non

2248 3728 2427 3783 minus
2456 3742 2520 3783 ac
2548 3723 2796 3797 inpriori
2827 3730 2976 3778 tomo
3006 3721 3315 3792 copiosum,
3343 3736 3444 3776 nec
3463 3736 3573 3776 non
3617 3717 3839 3775 Catala-.

2249 3838 2372 3897 gum
2388 3821 2698 3891 scriptorum
2721 3818 2805 3889 qui
2833 3814 2911 3870 rel
2949 3814 3011 3868 de
3041 3797 3288 3869 'Araritia
3316 3811 3393 3867 vel
3421 3810 3742 3883 elemosyna
3757 3811 3835 3890 uel

2250 3910 2442 3974 diuitiis
2462 3917 2511 3962 et
2525 3915 2827 3979 paupertate
2837 3903 3295 3959 commentatisunt
3315 3919 3438 3962 cum
3450 3900 3833 3972 epigrammati-

2250 4003 2345 4058 bus
2361 4003 2474 4073 ejus
2496 4000 2782 4072 argumenti
2802 3997 3188 4069 exAnthologia
3207 3994 3409 4062 erca,
3428 3994 3615 4055 itidem
3625 3992 3840 4064 pagina}

2249 4091 2582 4164 complenda:
2607 4105 2768 4145 causa
2798 4087 3062 4159 ascriptis.
3103 4086 3342 4156 Denique
3389 4082 3835 4149 commentarian

2251 4183 2412 4238 tertio
2442 4190 2589 4236 tomo
2624 4179 3013 4248 comprehenso
3041 4177 3235 4235 addita:
3279 4184 3404 4243 sunt
3441 4176 3600 4229 uariae
3628 4173 3834 4244 aliquot

2251 4271 2522 4327 Lectiones
2548 4279 2604 4326 et
2624 4268 3029 4323 Emendationes
3051 4283 3115 4320 ea:
3134 4265 3323 4320 Pithaei
3350 4265 3525 4319 codice
3551 4274 3600 4318 et
3628 4261 3836 4331 lii-assis

2250 4364 2371 4417 cani
2391 4362 2616 4417 editione
2660 4374 2781 4414 cum
2830 4356 3014 4428 paucis
3052 4354 3394 4421 Rittershusii
3417 4353 3743 4433 coniecturis
3782 4361 3841 4408 et

2250 4455 2408 4508 index
2436 4453 2488 4507 in
2513 4450 2760 4507 eumdem
2784 4434 3161 4519 amplissimqs.
3194 4446 3369 4508 Taceo
3397 4447 3644 4519 epistolas
3692 4445 3837 4502 άεόες

641 4530 874 4586 Cunradi
905 4532 1235 4588 Rittershusii
1261 4532 1313 4587 1.
1341 4532 1400 4589 C.
1432 4532 1598 4592 Liber
1624 4533 2055 4592 Gommentarius
2094 4536 2147 4591 in
2177 4537 2227 4598 1)
2253 4546 2501 4608 carm-ias,
2526 4557 2661 4611 quas
2683 4541 2790 4595 vix.
2808 4554 3048 4595 summus
3079 4539 3341 4609 quispiam
3372 4535 3711 4591 Rittershusii
3737 4535 3837 4591 ad-

570 4622 881 4678 Salvianum
924 4623 1311 4681 Massiliensem
1363 4624 1494 4680 :-Ad
1560 4624 1944 4682 Universitates
1992 4635 2154 4697 attpte

573 4714 887 4777 Academias
913 4713 1235 4773 Germania.

642 4805 860 4866 Clarum
905 4821 1067 4874 quam
1123 4805 1452 4861 maximeab
1480 4805 1780 4862 eruditione
1823 4809 2019 4865 sarculo
2066 4826 2154 4864 xw

571 4894 670 4949 fuit
698 4910 894 4957 nomen
923 4894 1287 4958 Bittershusii,
1318 4903 1479 4964 atque
1507 4878 1834 4951 nuncetiam
1860 4899 2035 4968 pretio
2056 4915 2154 4954 suo

571 5006 680 5043 non
707 4996 898 5044 carent
930 4987 1102 5044 docta:
1128 4987 1266 5057 ejus,
1297 5004 1432 5059 quas
1476 4990 1529 5043 in
1560 4990 1737 5045 varios
1778 4999 1888 5045 tam
1935 4990 2153 5049 Grtecos

569 5095 732 5149 quam
781 5079 1003 5137 Latinos
1046 5088 1296 5135 auctores
1331 5080 1572 5149 scripsit,
1613 5083 2005 5139 annotationes.
2046 5083 2153 5139 Sed

570 5171 809 5240 aptiores
861 5170 951 5225 vis
1004 5171 1160 5235 ullas,
1215 5185 1377 5240 quam
1424 5171 1478 5225 in
1533 5171 1841 5227 Salvianum
1891 5173 2151 5241 condidit,

565 5262 772 5330 quippe
817 5260 909 5330 qui
938 5259 1186 5329 scriptor,
1235 5260 1364 5315 dum
1392 5277 1572 5316 mores
1615 5271 1671 5316 et
1695 5264 1906 5333 ingenia
1934 5280 2151 5320 suorum

572 5362 872 5420 temporum
897 5352 1170 5417 describit,
1214 5366 1283 5410 ex
1319 5352 1384 5408 iis
1408 5354 1641 5409 maxime
1685 5357 2008 5422 auctoribus,
2036 5359 2158 5426 quia

570 5446 671 5499 bus
693 5444 933 5513 legendis
956 5461 1014 5500 se
1041 5460 1163 5499 cum
1186 5444 1306 5499 aliis
1333 5446 1510 5500 εωεωί
1541 5446 1623 5500 sui
1650 5446 1823 5502 doctis
1848 5447 2153 5504 hominibus

570 5551 671 5605 per
708 5535 887 5604 legum
926 5533 1159 5589 studium
1206 5535 1440 5605 penitius
1479 5535 1702 5591 dederat
1745 5537 2151 5603 Rittershusius,

569 5636 733 5697 atque
757 5643 823 5681 cx
858 5627 987 5695 ipsis
1015 5627 1149 5682 adeo
1178 5628 1383 5696 legibus
1409 5644 1507 5698 per
1533 5628 1674 5682 illaut
1702 5637 1913 5684 aetatem
1939 5631 2153 5698 scriptis

573 5717 880 5787 lrcquenter
909 5717 1080 5772 lucem
1121 5718 1299 5772 haurit
1346 5727 1398 5774 et
1444 5719 1631 5774 eodem
1675 5717 1923 5774 refundit.
1968 5720 2147 5775 Manu-

2254 4637 2481 4692 mirator
2509 4632 2929 4713 legerit,nedum
2949 4631 3220 4703 principes
3248 4637 3339 4684 aut
3358 4629 3517 4684 amici
3535 4629 3836 4699 principum
3897 4664 3901 4695 ρ

2256 4726 2490 4790 illorum,
2520 4724 2585 4779 ad
2608 4739 2746 4792 quos
2773 4729 3035 4793 spectant.
3068 4720 3248 4776 Tertia
3278 4736 3345 4776 ex
3367 4721 3451 4775 his
3497 4728 3579 4775 est
3614 4718 3686 4773 ad
3720 4736 3835 4774 om-

2255 4832 2344 4870 nes
2365 4814 2759 4877 Academiarum
2783 4813 3073 4875 Germania:
3090 4809 3440 4880 professores,
3459 4810 3614 4878 eique
3643 4809 3835 4877 adjtm-e

2253 4907 2399 4976 gitur
2443 4906 2720 4972 catalogus
2748 4903 3056 4968 earumdem
3098 4900 3504 4958 Academiarum
3545 4901 3841 4967 secundum
3894 4914 3899 4919 λ

2254 4995 2584 5050 lundationis
2611 5003 2667 5051 et
2694 4994 2952 5066 temporis
2986 4994 3229 5055 ordinem
3268 4993 3557 5057 institutus.
3596 4993 3844 5063 Denique,

2255 5086 2323 5141 ad
2349 5084 2565 5142 Calcem
2590 5086 2756 5144 totius
2783 5086 2963 5156 operis
2991 5084 3311 5156 (extremum
3341 5091 3530 5150 tamen
3544 5083 3722 5141 locum
3749 5100 3837 5137 oc-

2254 5183 2417 5247 cupat
2446 5173 2700 5229 Odarium
2723 5174 2794 5228 ad
2819 5172 3078 5237 Christum
3100 5173 3166 5227 0.
3195 5171 3299 5246 ιι.)
3333 5172 3613 5241 signiﬁcat
3630 5173 3843 5239 editor,

2256 5267 2311 5322 in
2338 5266 2641 5331 animosibi
2671 5264 2835 5331 fuisse
2862 5264 3126 5334 subjicere
3150 5264 3373 5329 Joannis
3395 5264 3622 5329 Weitzii,
3656 5263 3837 5329 Tobiae

2257 5356 2451 5412 Adami
2473 5364 2529 5411 et
2577 5355 2849 5412 Theodori
2904 5355 3201 5419 Sitzmanni
3256 5356 3310 5410 in
3352 5353 3653 5421 Salrianum
3684 5362 3848 5422 notas.

2258 5446 2360 5517 ipsi
2385 5446 2673 5516 inscriptas
2701 5446 3065 5515 donatasque,
3096 5460 3197 5500 nec
3236 5461 3342 5505 non
3369 5442 3666 5498 Brassicani
3704 5443 3837 5496 alio—

2257 5552 2486 5607 rumque
2507 5537 2905 5593 annotationes.
2951 5536 3054 5592 Sed
3085 5537 3208 5607 quia
3244 5535 3449 5606 prelum
3474 5534 3838 5604 imprimemlis

2256 5644 2449 5684 vacare
2490 5644 2600 5683 non
2645 5628 2927 5699 potuisset,
2961 5643 3058 5698 per
3097 5627 3255 5681 aliam
3284 5625 3633 5683 occasionem
3653 5619 3753 5675 ista
3770 5630 3830 5682 se

2255 5720 2503 5775 daturum
2534 5719 2819 5791 promittit.
