4006 6182
208 208 275 275 19
1119 220 1175 275 S.
1216 220 1595 276 SALVIANUS
1630 220 2091 281 MASSILIENSIS
2128 225 2549 282 PRESBYTER.
3408 228 3472 284 20

277 334 432 391 Circa
468 337 610 397 idem
672 343 904 407 tempus.
936 334 1298 409 Francofurti,
1339 337 1476 407 apud
1525 335 1647 391 Nic.
1694 335 1793 390 Ro-
1818 348 1867 404 Α
1897 340 2051 394 theca
2076 338 2403 405 Coloniensi,
2430 348 2635 412 septem
2653 342 2736 412 pia
2754 342 3008 411 epnscula
3023 358 3088 397 ex
3101 342 3157 397 S.
3175 342 3466 409 Bernardo,

208 427 398 491 thiam;
437 425 601 480 ενι-8⁸.
656 420 858 481 Eadem
899 425 1065 482 editio
1113 442 1321 481 recusa.
1384 426 1699 481 Benedictini
1734 428 1787 480 in

209 516 348 572 Hist.
375 516 565 574 Calliw
592 516 718 574 Litt.
769 534 1031 589 sponsore
1085 517 1338 573 Boldiano
1378 521 1431 573 in
1470 518 1602 573 Bibl.
1629 519 1785 591 Hisp.

206 629 259 682 ρ.
286 608 373 679 52,
407 612 561 681 cujus
587 620 765 666 tamen
796 611 1162 667 testimonium
1193 627 1380 681 parum
1412 609 1572 665 tidum
1612 613 1789 679 arguit

204 699 591 762 Fabricius,et
627 700 855 772 proinde
904 701 1044 756 inter
1089 698 1297 755 fabulas
1321 700 1459 755 hanc
1497 700 1787 754 editionem

208 790 444 861 reponit.
475 788 581 845 Sed
610 789 838 846 fortasse
867 806 974 845 non
998 798 1107 844 tam
1139 788 1565 844 Rittershnsiana
1588 830 1603 855 ,
1628 804 1788 858 quam

202 883 485 940 Pithtnana
515 884 679 940 editio
700 885 787 939 hic
805 900 992 941 recusa
1021 893 1121 940 est.

276 974 434 1030 1618.
491 974 721 1031 Colonia:
760 976 999 1048 Agripp.,
1044 975 1185 1048 apud
1215 976 1336 1030 Ant.
1374 975 1592 1042 Hicrat;
1615 976 1786 1047 iit-fol.

204 1062 443 1124 Salviani
482 1066 801 1137 presbyteri,
858 1074 914 1121 et
967 1075 1156 1136 postea
1186 1066 1423 1137 episcopi
1447 1064 1790 1123 Massiliensis

200 1154 326 1210 libri
351 1154 490 1222 Vili;
512 1157 580 1212 de
600 1155 999 1213 Gubernatione
1020 1158 1145 1223 Dei;
1177 1156 1309 1213 Item
1331 1156 1584 1229 Epistulae
1608 1159 1675 1213 ad
1703 1158 1787 1213 dio

205 1262 421 1312 versos;
455 1247 522 1302 Et
568 1248 884 1303 Timotheus
916 1249 1029 1304 sive
1078 1248 1200 1303 libri
1247 1248 1314 1303 ιν
1356 1249 1423 1303 ad
1467 1248 1784 1304 Eeclesiam.

205 1336 283 1392 In.
310 1337 443 1394 Bibl.
476 1339 588 1394 PP.
623 1341 754 1395 tomi
776 1338 819 1395 γ
842 1348 978 1410 part.
1012 1358 1087 1406 ιιι,
1121 1356 1246 1411 pag.
1275 1340 1377 1395 39.3
1396 1358 1546 1411 seqq.

278 1430 435 1486 1625.
479 1430 859 1505 Norimberga',
900 1434 1039 1505 apud
1065 1433 1329 1489 Simonem
1366 1434 1785 1505 llalbmeyerum,

204 1520 379 1588 in—8';
421 1520 656 1577 Salviani
677 1523 1021 1579 Massiliensis
1050 1538 1215 1594 opera
1237 1541 1303 1579 ex
1326 1526 1562 1581 editione
1587 1535 1642 1581 et
1667 1539 1789 1581 cum

96 1693 108 1697 ἰ
202 1613 605 1671 Commentario
636 1614 861 1670 Conradi
902 1610 1261 1683 Ritterslmsii;
1303 1618 1469 1673 editio
1518 1619 1785 1683 secunda,

1889 430 2150 499 Gregorio
2188 435 2258 489 Μ.
2282 466 2298 495 ,
2344 431 2761 503 Chrysostomo,
2796 431 3061 502 Prospero
3084 466 3099 496 ,
3149 431 3310 487 Petro
3367 433 3469 486 Dao

1889 525 2083 590 miaui,
2125 524 2365 581 Blesensi
2390 563 2404 588 ,
2433 524 2715 590 Salviano,
2744 526 2897 581 novis
2916 525 3259 588 sectionibus,
3293 536 3470 595 prce:-

1887 612 2009 671 miis
2054 618 2111 671 et
2162 617 2599 671 annotationibus
2636 616 2930 680 illustrata,
2992 630 3113 670 cum
3175 614 3470 686 appendice

1888 707 2242 777 quaestionum
2297 706 2590 762 variarum.
2636 706 2910 774 Fabricius
2958 706 3113 775 quasi
3151 714 3322 758 totum
3353 705 3469 759 Sal~

1888 800 2103 854 sianum
2149 799 2203 852 in
2245 813 2313 853 eo
2351 813 2600 853 recusum
2647 797 2928 866 significat.
2961 796 3067 851 Sed
3092 797 3145 849 in
3177 795 3291 850 Cat.
3334 794 3466 850 Bibl.

1893 889 2158 945 Barberin.
2183 888 2221 943 Ι.
2251 887 2296 957 ι,
2323 896 2531 943 tantum
2552 888 2671 943 libri
2694 887 2806 942 Ylll
2834 887 2898 942 de
2920 885 3298 941 Gubematione
3316 903 3382 942 ex
3403 901 3471 941 eo

1887 981 2193 1038 laudantur.

1960 1072 2114 1127 1644.
2148 1073 2399 1139 Parisiis;
2454 1070 2631 1147 iit-fol.
2673 1068 2922 1130 Salviani
2967 1072 3310 1129 Massiliensis
3352 1075 3468 1143 epi-

1897 1165 2049 1234 scopi
2073 1165 2142 1219 de
2168 1163 2569 1220 Gubernatione
2599 1165 2695 1219 Dei
2716 1165 2834 1219 libri
2849 1165 2982 1219 Vill.
3004 1164 3256 1234 Ejusdem
3284 1164 3348 1219 ad
3372 1164 3470 1220 Ec-

1892 1257 2110 1313 clesiam
2163 1257 2480 1312 catholicam
2537 1264 2652 1311 toto
2689 1257 2821 1312 orbe
2865 1256 3111 1311 diffusam
3154 1257 3273 1311 libri
3299 1256 3387 1310 IV.
3415 1256 3469 1311 ln

1887 1346 2023 1401 Bibl.
2062 1346 2173 1401 PP.
2204 1354 2354 1403 tome
2378 1347 2441 1412 ν,
2464 1363 2583 1416 qua:
2603 1348 2768 1402 editio
2793 1356 2917 1418 post
2936 1364 3078 1403 novo
3099 1348 3257 1402 titulo
3279 1356 3469 1403 ornata

1888 1448 1970 1495 est
1995 1456 2046 1494 a.
2072 1438 2226 1504 l65t,
2252 1440 2391 1511 apud
2419 1449 2520 1494 tres
2541 1438 2867 1510 bibliopolas.
3345 1434 3353 1444 ’

1959 1530 2113 1586 1645.
2156 1533 2399 1596 Parisiis,
2442 1532 2582 1603 apud
2629 1531 2894 1586 Edmund.
2939 1526 3238 1603 Pepingue;
3286 1526 3467 1586 iit-8°.

1888 1620 2123 1678 Salviani
2147 1616 2493 1678 Massiliensis
2513 1622 2811 1694 presbyteri
2832 1622 2900 1677 de
2923 1621 3260 1676 Providentia
3290 1631 3345 1677 et
3364 1622 3471 1675 Gu-

206 1704 293 1758 cui
346 1705 560 1773 prmltxa
606 1713 687 1760 est
715 1706 953 1775 ejusdem
978 1704 1318 1762 Rittershusii
1350 1710 1490 1771 vita,
1523 1709 1789 1779 descripta
1820 1703 1865 1763 Β
1892 1715 2210 1771 bernatioue
2239 1714 2356 1780 Dei,
2387 1721 2442 1769 et
2469 1714 2535 1769 de
2559 1714 2705 1783 justo
2733 1712 3091 1784 pnesentique
3117 1711 3234 1782 ejus
3268 1712 3475 1780 judicio

204 1806 304 1865 per
324 1790 597 1869 Georgium
630 1795 690 1851 Ρ.
737 1794 800 1852 C.
834 1796 897 1850 ἢ.
943 1795 1311 1864 Rittershusii,
1337 1797 1450 1853 Cat.
1480 1798 1615 1853 Bibl.
1654 1799 1784 1871 Reg.

206 1884 385 1940 Paris.

278 1979 338 2035 ln
360 1979 477 2035 Cat.
504 1979 639 2036 Bibl.
665 1978 868 2051 Bodlei,
918 1983 1075 2039 sicuti
1115 1984 1170 2039 in
1220 1980 1358 2039 Bibl.
1416 1983 1790 2040 Barberiniana

206 2064 455 2125 laudatur
489 2070 650 2141 hujus
695 2073 800 2127 loci
838 2081 893 2128 et
919 2074 1045 2128 anni
1072 2075 1237 2130 editio
1261 2091 1385 2130 eum
1412 2072 1792 2131 Commentario

210 2160 541 2218 Rittershusii
561 2173 612 2218 et
639 2165 882 2219 aliorum.
911 2160 1063 2221 Unde
1078 2166 1297 2235 colligo,
1320 2166 1534 2223 duobus
1562 2167 1790 2222 volumi-

209 2253 367 2309 nibus
407 2263 657 2311 constare
699 2254 841 2313 hanc
880 2254 1194 2323 editionem,
1232 2274 1461 2329 quorum
1499 2260 1644 2330 prius
1674 2259 1793 2315 Sal-

209 2344 357 2399 viani
378 2353 583 2401 textum
626 2362 748 2402 cum
800 2346 1144 2403 Rittershusii
1173 2351 1582 2415 commentario,
1606 2358 1792 2420 poste-

210 2435 324 2491 rius
351 2434 664 2502 Varioram,
697 2444 830 2506 puto
863 2436 1078 2491 Weitzii
1103 2476 1117 2500 ,
1162 2437 1378 2501 Adami,
1422 2438 1714 2493 Sitzmanni
1740 2447 1796 2495 et

211 2518 513 2581 Brassicani
552 2530 711 2583 notas
732 2566 748 2595 ,
794 2527 874 2582 uti
915 2527 969 2581 in
1020 2522 1296 2582 Bremensi
1335 2544 1462 2583 mox
1513 2528 1794 2584 indicanda

219 2625 695 2689 repraesentantur,
708 2619 982 2674 exhibent.
1006 2617 1471 2688 lndequeenatnm
1488 2628 1671 2691 putem
1692 2619 1796 2675 Fa-

214 2700 369 2764 bricii
389 2724 649 2776 errorem,
680 2709 1015 2766 conﬁdenter
1043 2709 1377 2775 allirmautis,
1400 2708 1800 2783 Narimbergets»

1891 1807 2012 1862 libri
2039 1806 2173 1861 Vlll.
2206 1805 2337 1861 ltem
2388 1797 2750 1875 Epistolarum
2800 1804 2938 1858 liber
2964 1818 3099 1858 unus
3123 1810 3180 1857 et
3206 1800 3474 1858 Timothei

1892 1890 1961 1950 ad
1986 1893 2283 1951 Ecclesiam
2304 1894 2623 1950 catholicam
2672 1894 2794 1948 libri
2820 1886 2909 1959 1V,
2940 1908 3061 1950 cum
3086 1892 3224 1948 notis
3251 1891 3473 1948 Joannis

1893 1986 2207 2044 Alexandri.
2228 1986 2318 2043 Sic
2337 1983 2453 2041 Cat.
2480 1982 2614 2040 Bibl.
2639 1983 2794 2056 'Cln'g.

1965 2079 2167 2134 Textus
2194 2092 2263 2133 ex
2284 2076 2523 2133 editione
2543 2070 2822 2132 Pithteana
2843 2083 2926 2130 est
2947 2090 3186 2139 recusas,
3214 2075 3307 2130 sed
3337 2075 3476 2130 adeo

1893 2170 2092 2228 infelici
2119 2179 2334 2233 eventu,
2367 2168 2583 2224 Baluzio
2607 2166 2806 2237 judice,
2838 2176 2899 2222 ut
2944 2166 3237 2221 innumeris
3277 2180 3473 2236 prope-

1896 2261 2116 2317 modum
2146 2260 2356 2316 mendis
2380 2260 2494 2315 htec
2522 2259 2688 2314 editio
2711 2259 2936 2314 scateat.

1972 2352 2128 2407 164⁸7.
2154 2351 2425 2423 Lugduni;
2446 2349 2614 2405 εη-ισ.
2633 2347 2980 2404 Salviani.....
2997 2346 3065 2402 de
3076 2340 3473 2401 Gubernatione

1896 2443 1992 2498 Dei
2017 2443 2138 2496 libri
2158 2441 2291 2506 Vill,
2313 2441 2412 2496 sub
2432 2441 2538 2495 hoc
2556 2440 2712 2494 titulo
2738 2457 2751 2491 :
2782 2438 3027 2493 Censoria
3056 2439 3118 2492 de
3140 2436 3472 2509 praesentibus

1895 2524 2122 2600 Europa:
2141 2530 2540 2593 calamitatibus,
2565 2544 2839 2600 eorumque
2869 2530 3041 2583 causis
3066 2527 3368 2599 Prwloquia
3407 2522 3475 2580 ab

1900 2620 2163 2679 Osiandro
2184 2621 2384 2678 Stuano
2398 2623 2453 2676 in
2481 2622 2646 2676 lucem
2667 2621 2827 2699 edita.

1974 2712 2136 2768 Certe
2171 2713 2403 2767 refertur
2446 2712 2534 2768 hie
2573 2712 2759 2768 titulus
2800 2714 2942 2767 inter
2968 2711 3205 2767 Salviani
3229 2725 3393 2783 opera
3422 2712 3474 2767 in

215 2814 323 2855 sem
350 2800 586 2856 Salviani
626 2799 836 2856 a.1625
875 2801 1164 2858 editionem
1190 2817 1306 2858 esse
1336 2803 1553 2857 nullam.
1584 2802 1800 2859 Scilicet
1904 2795 2021 2860 Cat.
2056 2802 2190 2858 Bibl.
2231 2798 2502 2856 Barberin.
2532 2808 2575 2856 t.
2602 2800 2667 2869 ll,
2695 2818 2749 2871 p.
2792 2801 2920 2869 340;
2964 2803 3193 2873 indeque
3231 2789 3477 2858 eumdem

219 2886 447 2948 searsim
473 2891 551 2947 illi
579 2891 842 2963 (fortasse
878 2893 1041 2947 etiam
1091 2892 1489 2965 Bremensibus)
1534 2894 1799 2962 obtigerat
1899 2895 2129 2951 recitant
2157 2892 2343 2948 Gallia:
2368 2892 2635 2948 litterariae
2660 2894 2925 2948 Auctores.
2972 2891 3230 2948 Sedmihi
3268 2909 3335 2946 ex
3364 2893 3479 2962 ipsa

220 2981 469 3038 Volumen
495 2982 781 3052 posterius,
806 2982 963 3041 sicuti
992 2983 1046 3038 in
1077 2982 1210 3038 Bibl.
1242 2983 1369 3055 Reg.
1392 2983 1677 3039 Parisiensi
1688 3001 1794 3040 non
1904 2986 2145 3055 Catalogi
2166 2984 2316 3040 istius
2344 2984 2675 3055 inspectione
2704 2999 2809 3038 non
2839 2985 3010 3053 magis
3054 2985 3258 3054 liquere
3286 2983 3479 3050 fateor,

219 3071 321 3126 nisi
346 3072 496 3142 prius
523 3072 778 3127 occurrit.
805 3070 1070 3128 Caeterum
1100 3073 1248 3144 piget
1274 3088 1363 3128 me
1389 3086 1567 3144 Operae
1593 3074 1802 3145 impen-s
1824 3070 1870 3131 C
1903 3085 2079 3131 utrum
2120 3074 2285 3130 libros
2327 3073 2391 3127 de
2434 3072 2814 3128 Gubematisne
2857 3072 2978 3136 Dei,
3029 3089 3097 3127 an
3145 3074 3266 3128 illos
3298 3083 3478 3127 contra

220 3171 293 3217 sa:
340 3162 409 3217 ad
460 3162 886 3232 investigandam
920 3164 1245 3235 peculiarem
1282 3173 1528 3219 notarum
1567 3165 1797 3231 illarum,
1899 3167 2204 3230 Avaritiam,
2236 3174 2465 3234 quorum
2493 3164 2657 3219 editio
2680 3164 2924 3234 proximo
2944 3164 3065 3219 loco
3087 3171 3217 3218 ante
3231 3163 3478 3234 proponi

220 3264 381 3324 quam
401 3252 827 3325 sibiinscriptam
846 3255 1204 3325 donatamque
1220 3254 1388 3310 fassus
1406 3264 1486 3309 est
1502 3254 1800 3311 Rittershu-

221 3347 329 3401 sius
348 3345 637 3401 editionem
672 3365 684 3399 :
717 3347 1014 3417 praesertim
1043 3362 1164 3402 cum
1192 3360 1291 3417 per
1329 3361 1389 3402 se
1433 3346 1649 3401 levioris
1686 3362 1803 3400 mod

225 3435 392 3491 menti
443 3435 550 3491 sint
595 3445 651 3491 et
704 3452 733 3490 a
783 3437 997 3491 nemine
1030 3436 1184 3491 facile
1227 3436 1615 3491 desiderentur.
1643 3436 1803 3491 Certe

225 3526 437 3584 Weitzii
465 3526 662 3585 uetula:
686 3540 890 3584 meram
917 3529 1160 3586 locorum
1184 3529 1544 3597 similiumque
1570 3528 1803 3597 undique

220 3614 600 3690 decerptorum
630 3618 949 3689 farraginem
978 3621 1239 3689 praebent.

296 3708 452 3763 1624.
501 3704 953 3779 Pttrisiis;in-fol.
1011 3707 1248 3762 Salviani
1301 3706 1368 3761 de
1408 3704 1802 3761 Gubernatione

227 3798 324 3856 Dei
353 3800 391 3856 l.
420 3799 554 3864 Vill,
580 3808 686 3855 etc.
714 3798 772 3853 In
794 3796 930 3853 Bibl.
954 3797 1070 3851 PP.
1118 3806 1265 3852 torno
1289 3794 1353 3852 Υ.

299 3891 457 3947 16ἓ7.
508 3890 817 3963 Rotltomagi
863 3890 1001 3961 apud
1044 3888 1302 3943 Joannem
1341 3891 1586 3953 Usmont;
1631 3887 1805 3942 its—l2.

226 3983 460 4038 Salviani
484 3982 719 4053 episc0pi
744 3979 1089 4035 Massiliensis
1117 3978 1184 4033 de
1213 3994 1340 4034 vero
1366 3976 1573 4033 Judicio
1594 3986 1648 4032 et
1668 3976 1803 4033 Pro-

229 4074 460 4130 videntia
492 4072 588 4128 Dei
616 4071 683 4127 ad
712 4071 986 4127 Salonium
1026 4070 1333 4141 episcopum
1381 4069 1501 4123 libri
1535 4068 1660 4132 Vlll,
1684 4083 1807 4123 cum

230 4165 448 4220 scholiis
475 4160 806 4231 Brassieani;
837 4161 1086 4233 Epistolis
1110 4170 1166 4216 et
1187 4161 1305 4216 libri
1322 4160 1385 4215 ιν
1417 4161 1485 4216 ad
1512 4159 1810 4216 Ecclesiam

229 4255 572 4311 catholicam.

300 4345 545 4401 Laudant
594 4345 735 4401 hanc
789 4345 1081 4400 editionem
1125 4344 1369 4399 Auctores
1411 4343 1660 4399 Historia:
1680 4342 1803 4397 Litt.

1900 3265 2015 3323 tur,
2040 3258 2094 3311 in
2122 3272 2189 3312 eo
2217 3256 2483 3312 contineri
2502 3254 2803 3323 signiﬁcare
2824 3255 3070 3311 voluerit.

1974 3346 2132 3400 “M8.
2174 3345 2416 3411 Parisiis,
2445 3346 2584 3417 apud
2611 3344 2767 3400 Etim.
2792 3344 3090 3417 Pepingue;
3120 3344 3286 3401 iit-8°.
3311 3344 3479 3400 ltera-

1902 3439 1978 3494 tio
2002 3436 2310 3493 Pithteanae.
2345 3436 2571 3491 Benedd.
2597 3438 2653 3491 in
2676 3437 2815 3492 Hist.
2847 3438 2946 3492 litt.
2972 3437 3178 3493 Gallice.

1975 3528 2133 3581 1665.
2182 3526 2423 3591 Parisiis,
2473 3526 2614 3596 apud
2664 3526 3005 3580 Franciscum
3032 3526 3276 3597 Mnguet;
3311 3526 3476 3579 in-S“.

1905 3616 2226 3671 Sanctorum
2271 3616 2706 3685 presbyterorum
2760 3614 2994 3668 Salviani
3049 3613 3390 3668 Massiliensis
3428 3621 3478 3667 et

1905 3707 2170 3764 Vincentii
2195 3709 2481 3764 Lirinensis
2500 3707 2693 3777 Opera.
2716 3707 3030 3762 Srsrnanns
3050 3706 3308 3760 BALUZIUS
3331 3705 3477 3759 Tum

1905 3802 2061 3857 tensis
2109 3800 2176 3855 ad
2218 3798 2373 3854 fidem
2414 3798 2655 3854 codicum
2696 3813 2823 3852 mss.
2862 3796 3186 3860 emendavit,
3237 3797 3483 3865 notisque

1904 3891 2204 3948 illustravit.
3231 3898 3239 3906 ‘
3307 3874 3314 3880 ’

1977 3980 2311 4035 Pithoeanam
2340 3978 2649 4043 editionem,
2677 3991 2982 4048 quanquam
3010 3977 3064 4031 in
3090 3975 3269 4031 multis
3297 3976 3386 4030 illa
3409 3976 3483 4030 las

1907 4075 2146 4136 boraret,
2161 4073 2421 4142 optimam
2442 4080 2620 4125 tamen
2643 4087 2710 4125 ex
2730 4070 3095 4141 superioribus
3114 4084 3333 4124 censere
3355 4069 3484 4124 sole

1908 4166 2002 4220 bat
2030 4163 2273 4217 Balutius
2294 4176 2519 4230 eamque
2547 4176 2700 4216 nov:e
2742 4160 2900 4229 hujus
2926 4160 3254 4214 recensionis
3299 4158 3485 4213 funda-

1909 4262 2150 4308 mentum
2194 4268 2314 4308 esse
2361 4251 2554 4316 voluit,
2598 4251 2673 4305 ita
2700 4258 2760 4304 ut
2789 4251 3108 4318 ubicumque
3159 4251 3274 4304 haec
3301 4250 3367 4304 ab
3398 4250 3484 4302 illa

1910 4346 2196 4416 discrepet,
2243 4345 2295 4400 id
2329 4353 2500 4399 totum
2550 4343 2691 4412 quod
2727 4350 2988 4397 mutatum
3013 4342 3102 4407 sit,
3133 4358 3199 4396 cx
3221 4342 3322 4395 lide
3343 4341 3485 4396 codi-

233 4436 438 4492 σαιιῑω.
467 4436 692 4493 Videtur
717 4436 784 4490 ad
812 4434 895 4490 ed.
928 4433 1280 4489 Parisiensem
1312 4451 1362 4488 a.
1394 4433 1529 4486 1594
1556 4450 1675 4489 esse
1715 4434 1809 4489 de-
1836 4436 1884 4494 D
1911 4452 2031 4492 cum
2076 4436 2579 4505 manuscriptorum,
2611 4448 2837 4504 quorum
2867 4433 3071 4501 aliquot
3097 4433 3486 4487 vetustissimos

230 4528 445 4598 scripta.

305 4617 461 4672 1655.
495 4617 746 4683 Oxonic;
768 4616 940 4671 iis-8".
972 4614 1318 4672 Salviani.....
1353 4616 1419 4671 de
1448 4630 1576 4670 vero
1602 4614 1811 4670 Judicio

234 4717 289 4765 et
325 4707 665 4765 Providentia
694 4709 788 4762 Dei
814 4708 932 4763 libri
964 4702 1105 4772 Vill;
1137 4705 1388 4778 Epistula)
1422 4714 1475 4761 et
1501 4706 1620 4759 libri
1649 4705 1713 4758 lV
1743 4704 1812 4759 ad

235 4799 528 4855 Ecclesium
557 4796 893 4853 catholicam.
928 4796 1039 4851 Cat.
1064 4796 1197 4851 Bibl.
1224 4797 1422 4851 Bodlei.

308 4887 463 4944 1655.
496 4886 725 4944 Colonia
752 4888 1001 4959 Agripp.;
1033 4888 1198 4941 ἔπι-4⁵.
1231 4888 1464 4942 Salviani
1495 4886 1562 4942 de
1602 4885 1801 4941 Guber-

236 4985 456 5039 natione
474 4980 570 5035 Dei
594 4979 630 5033 1.
663 4976 888 5032 νιιι.....
917 4977 973 5031 in
1011 4976 1191 5031 Jacobi
1232 4978 1477 5032 Merlonis
1517 4977 1716 5033 llorstii
1748 4977 1807 5047 (i.

235 5090 286 5129 e.
318 5090 386 5130 ex
414 5070 868 5141 Horstioriundi)
908 5081 1096 5141 septem
1145 5069 1299 5124 Tubis
1345 5070 1478 5125 orbis
1531 5070 1813 5125 Christiani

235 5166 358 5221 loco
378 5163 624 5234 septimo.

306 5255 516 5323 Integer
542 5252 663 5307 libri
693 5252 877 5307 titulus
896 5260 978 5307 est
1003 5270 1015 5305 :
1050 5250 1255 5319 Septem
1284 5249 1435 5304 Tuba:
1474 5249 1627 5306 Orbis
1658 5249 1810 5306 Chri-

232 5347 391 5401 stiani
420 5345 489 5400 ad
517 5345 932 5416 reformationem
961 5342 1339 5397 Ecclesiastij
1380 5342 1666 5412 disciplima
1705 5353 1812 5398 toto

231 5438 355 5492 Orbe
379 5440 661 5509 praesertim
686 5438 739 5491 in
770 5434 1047 5491 Germania
1073 5435 1142 5488 ad
1168 5436 1493 5504 pra’sentium
1520 5444 1569 5489 et
1606 5438 1809 5505 gravie—

233 5544 349 5583 rum
369 5529 619 5584 malorum
667 5529 944 5583 remedium
975 5526 1263 5582 necessario
1284 5524 1647 5578 instituendam
1667 5527 1807 5580 exci-

242 5630 420 5676 tantes.
454 5616 703 5675 Continet
732 5630 928 5688 autem,
971 5628 1107 5674 teste
1146 5616 1461 5672 Harzhemio
1508 5616 1561 5671 in
1612 5616 1810 5671 Biblio-

1911 4529 2168 4585 librorum
2217 4528 2280 4582 de
2316 4525 2655 4580 Providentia
2681 4531 2736 4577 et
2763 4524 2832 4577 ad
2853 4523 3138 4578 Ecclesium
3181 4524 3484 4577 catholicam

1911 4628 2210 4688 acceperat,
2235 4617 2432 4671 factum
2452 4626 2571 4671 esse
2590 4614 2883 4669 existimari
2900 4614 3101 4682 jubcat.
3131 4613 3337 4683 Quippe
3360 4614 3486 4667 nihil

1910 4707 2233 4778 conjecturis
2260 4707 2442 4761 datum
2470 4720 2589 4761 esse
2617 4703 2983 4770 atlirmat,nisi
3015 4706 3066 4759 in
3094 4705 3335 4773 epistolis
3377 4721 3484 4759 uno

1911 4806 1967 4853 et
1987 4799 2158 4853 altero
2181 4797 2320 4852 loco.
2353 4795 2559 4851 Nullius
2579 4796 2721 4850 enim
2745 4795 2987 4865 epistola:
3013 4803 3278 4849 vetustum
3301 4810 3485 4848 exem-

1910 4893 2030 4962 plar
2056 4899 2246 4947 nactus
2269 4896 2405 4951 erat.
2434 4896 2790 4959 praeterquam
2818 4889 3044 4942 duarum
3074 4896 3483 4956 postremarum,

1912 4983 1967 5036 in
2017 4982 2212 5051 quibus
2260 4979 2609 5034 emendandis
2645 4977 2865 5032 omnino
2918 4985 3130 5032 secutus
3170 4984 3252 5031 est
3278 4976 3489 5030 codices

1912 5070 2321 5139 manuscriptos.
2365 5065 2625 5122 Natarum
2676 5081 2892 5121 suarum
2922 5066 3243 5135 praecipuum
3269 5081 3488 5133 scepnm

1911 5179 2029 5219 esse
2058 5160 2354 5232 profitetur,
2384 5158 2624 5214 indicare
2644 5156 2912 5212 variantes
2934 5155 3208 5209 lectiones.
3241 5154 3419 5220 «Quod
3442 5154 3487 5209 si

1911 5254 2146 5323 quando,
2179 5252 2371 5321 inquit,
2400 5250 2503 5307 hos
2542 5250 2740 5304 limites
2778 5248 3043 5317 egredior,
3072 5246 3337 5300 affirmare
3364 5261 3490 5316 pos-

1915 5361 2054 5410 sum,
2085 5345 2138 5400 id
2168 5359 2275 5399 non
2297 5342 2517 5398 omnino
2546 5342 2741 5396 frustm
2770 5339 3075 5407 contigisse.
3099 5339 3408 5407 Quanquam
3436 5338 3487 5391 id

1913 5452 2038 5490 raro
2066 5435 2274 5490 accidit.
2308 5432 2417 5488 Has
2445 5434 2588 5487 enim
2616 5430 2800 5495 Notas,
2830 5439 2890 5485 ut
2919 5430 3020 5485 hoc
3046 5445 3258 5499 quoque
3291 5430 3485 5490 dicam.

1913 5525 2229 5581 festinanter
2274 5522 2482 5591 scripsi,
2545 5531 2599 5577 et
2625 5522 2776 5590 quasi
2799 5519 2937 5575 aliud
2968 5535 3148 5589 agens.
3191 5519 3340 5586 Quod
3366 5519 3487 5573 ideo

1914 5618 2086 5672 visam
2133 5625 2213 5672 est
2261 5615 2569 5678 admonere,
2623 5628 2687 5667 ne
2716 5612 2833 5683 quis
2860 5613 2944 5667 hic
2965 5613 3194 5679 syllabas
3215 5612 3279 5665 ad
3307 5612 3485 5665 vivum
