4036 6180
558 292 616 346 2l
1901 285 2422 344 PROLEGOMENA.

557 403 809 468 excutiat,
832 409 924 456 aut
943 401 1106 456 Notas
1134 400 1250 455 illas
1269 400 1336 454 ad
1359 398 1615 471 Polycleti
1637 414 1874 455 normam
1900 399 2134 454 directas
2161 403 2205 458 A
2235 415 2320 453 me
2346 400 2483 454 hanc
2505 414 2684 455 curam
2707 401 3102 469 elegantissimo
3130 401 3254 458 huic
3279 403 3545 474 scriptori,
3567 413 3627 461 ut
3648 406 3799 461 lucu-

560 510 663 548 non
710 508 830 546 esse
876 491 1202 561 pronuntiet.
1246 511 1264 540 ι
1301 489 1519 544 Accedit
1564 489 1687 544 huic
1734 489 1953 542 editioni
1994 488 2128 542 miro

558 581 927 635 cbaracterum
950 581 1364 646 chartarumque
1392 579 1587 633 nitore
1614 594 1677 632 ac
1703 578 1966 646 elegantia
1988 594 2127 647 pm:-

558 672 717 726 stanti
742 670 995 739 Stephani
1018 668 1218 722 Baluzii
1249 668 1554 723 Dissertatio
1583 668 1646 722 de
1669 670 1962 738 episcopatu
1987 667 2130 737 Egn-

558 763 695 815 rensi
731 760 801 814 ad
839 760 1139 830 Philippum
1190 756 1444 814 Labbeum
1493 760 1548 812 in
1612 758 1835 812 fortnam
1891 759 2129 828 epistolae

558 853 635 923 (ά.
659 849 875 904 Lutetia:
902 865 989 903 xw
1016 849 1121 902 Ital.
1164 848 1377 919 Augusti
1406 865 1423 902 :
1451 848 1523 901 Μ.
1548 847 1651 901 DC.
1682 846 1862 915 LX111)
1905 848 2129 916 seripta.

625 940 781 994 1669.
821 939 1068 1002 Parisiis,
1118 940 1256 1010 apud
1282 937 1479 993 Franc.
1532 937 1955 1010 Muguet;in-8'.
1988 938 2126 993 San-

553 1042 759 1088 ctorum
809 1033 1243 1102 presbyterorum
1271 1029 1507 1086 Salviani
1536 1030 1875 1086 Massiliensis
1903 1038 1958 1084 et
1994 1030 2125 1084 Vin-

556 1122 712 1177 centii
736 1120 1028 1176 Lirinensis
1046 1119 1239 1191 Opera.
1263 1119 1447 1191 Steph.
1470 1120 1719 1174 Baluzins
1741 1119 2040 1175 Tutelensis
2060 1119 2127 1173 ad

555 1211 709 1265 ﬁdem
740 1220 978 1265 veterum
1006 1210 1248 1265 codicum
1290 1224 1418 1264 mss.
1467 1208 2041 1279 cmendavitNotisque
2063 1208 2127 1263 il-

553 1303 821 1358 lustravit.
845 1300 1025 1357 Editio
1048 1300 1298 1356 secunda.

623 1392 738 1448 Non
782 1393 956 1447 solum
997 1400 1177 1446 textus
1230 1391 1386 1460 hujus
1431 1389 1682 1445 editionis
1710 1403 1740 1443 a
1768 1389 2041 1459 superiore
2069 1389 2125 1445 in

555 1485 822 1541 nonnullis
845 1484 1143 1553 discrepat,
1157 1483 1251 1538 sed
1271 1483 1497 1553 accessit
1523 1482 1573 1537 ei
1594 1482 1752 1536 etiam
1776 1498 1881 1536 non
1904 1482 2124 1551 exiguus

553 1583 797 1631 notarum
848 1573 1274 1629 doctissimarum
1312 1572 1577 1629 cumulus.
1605 1571 1733 1626 Nam
1756 1572 1985 1641 primum
2012 1571 2124 1625 edi-

555 1673 639 1718 tor
676 1664 940 1718 variantes
980 1663 1258 1726 lectiones,
1304 1677 1439 1730 quas
1486 1662 1540 1716 in
1588 1661 1828 1729 margine
1872 1660 2122 1716 editionis

2231 491 2503 545 brationes
2525 490 2639 559 ejus
2660 490 2956 546 conferrem
2996 507 3117 547 eum
3146 492 3332 549 iisdem
3360 494 3631 551 codicibus
3658 499 3798 552 anti-

2229 580 2350 648 quis
2381 599 2393 633 :
2418 582 2559 651 quod
2606 589 2737 651 puto
2780 597 2865 637 me
2890 580 3079 638 fecisse
3096 598 3219 639 cum
3239 584 3416 653 aliqua
3443 586 3671 641 utilitate
3701 588 3799 641 ho-

2229 687 2347 724 rum
2391 673 2706 727 studiorum.
2739 691 2758 724 ι
2792 672 2872 727 Ex
2918 674 3053 728 actis
3073 688 3169 742 per
3200 674 3531 744 appendicem
3557 676 3609 730 in
3638 691 3800 745 supe-

2230 760 2373 815 riore
2393 760 2616 830 adjectis
2634 770 2840 819 resecta
2868 770 2992 817 sunt
3020 764 3073 817 in
3101 764 3202 819 hac
3225 764 3379 819 tertia
3409 780 3553 820 num.
3585 765 3607 819 l
3653 774 3706 821 et
3734 766 3795 819 ll.

2228 848 2491 905 Caeterum
2510 853 2753 920 quamvis
2775 860 2830 906 et
2848 852 2963 922 ipsa
2993 852 3123 907 satis
3149 852 3220 906 sit
3245 852 3410 907 nitida
3437 853 3551 910 haec
3578 855 3797 924 impres«

2228 941 2328 1004 sio,
2352 941 2538 1009 prima:
2561 950 2736 997 tamen
2759 942 3021 1009 elegantia
3044 942 3348 1010 longissime
3366 942 3525 998 cedit.
3541 943 3796 1013 Inscripta

2229 1040 2310 1086 est
2355 1031 2557 1087 Jacobo
2603 1032 2822 1087 Nicolao
2849 1030 3103 1086 Colberto
3133 1032 3368 1101 archiep.
3393 1031 3814 1102 Carthaginensi.

2228 1127 2284 1175 et
2310 1121 2605 1190 coadjutori
2637 1120 3051 1190 Rothomagensi
3073 1121 3212 1192 (Lat.
3257 1119 3454 1186 Parim,
3492 1123 3596 1176 kal.
3627 1122 3791 1192 April.

2226 1210 2279 1265 h.
2306 1211 2406 1278 a.).
2430 1212 2596 1267 Abest
2625 1210 2932 1267 dissertatio
2951 1210 3018 1265 de
3039 1211 3349 1282 episcopatu
3377 1210 3653 1280 Egarensi.

2298 1300 2454 1355 1688.
2490 1302 2706 1366 Bremaz,
2732 1300 3013 1371 sumptibus
3041 1300 3332 1355 Hermanni
3356 1299 3599 1366 Brareri;
3624 1298 3793 1355 iit-4’.

2224 1391 2280 1447 S.
2302 1390 2740 1464 Presbyterorum
2756 1391 2990 1448 Salviani
3002 1393 3361 1448 Massiliensis.
3455 1389 3645 1463 Opera.
3662 1388 3795 1446 Cum

2223 1482 2359 1535 libro
2385 1481 2785 1539 Commentario
2812 1480 3043 1537 Conradi
3074 1482 3434 1549 Rittershusii,
3454 1498 3519 1538 ac
3542 1481 3685 1537 notis
3710 1481 3795 1539 in-

2225 1572 2406 1639 tegris,
2454 1570 2679 1627 Joannis
2728 1572 2974 1638 Weitzii,
3034 1572 3216 1628 Tobiae
3267 1572 3473 1638 Adami,
3532 1570 3810 1626 Theodori

2223 1658 2534 1728 Sitzmanni,
2578 1661 2801 1717 Joannis
2848 1661 3133 1717 Alexandri
3172 1660 3489 1724 Brassicani,
3537 1659 3794 1729 Stephani

552 1750 839 1809 Pithmana:
879 1754 1253 1823 descripserat,
1310 1768 1493 1808 rursus
1539 1753 1820 1821 diligenter
1864 1752 2114 1808 excussit.
2148 1756 2197 1816 Β
2226 1749 2444 1816 Baluzii,
2475 1760 2528 1805 et
2556 1751 2825 1807 Vincentii
2870 1751 3163 1806 Lirinensis
3197 1750 3693 1813 Commonitorium
3729 1750 3794 1805 ab

551 1844 684 1899 Tum
736 1845 899 1900 libros
926 1844 993 1900 de
1021 1844 1422 1899 Gubernatione
1450 1843 1547 1898 Dei
1592 1844 1817 1898 contulit
1856 1859 1976 1899 cum
1999 1842 2118 1898 edi-

551 1937 697 1991 tione
726 1935 1021 1993 Brassicani
1051 1951 1101 1990 a.
1128 1934 1263 1990 1530
1283 1945 1341 1990 et
1355 1934 1609 1989 Galesinii
1638 1932 1793 1999 1564,
1825 1943 1880 1989 et
1923 1935 1967 1991 si
1994 1934 2122 2004 quid

550 2028 739 2084 melius
764 2029 815 2082 in
845 2028 948 2083 illis
971 2034 1131 2093 esset,
1150 2042 1313 2097 quam
1342 2027 1395 2082 in
1425 2026 1720 2093 Pithceana,
1753 2035 1842 2082 aut
1862 2028 1915 2081 in
1938 2027 2121 2083 codice

549 2119 885 2184 Corbeiensi,
925 2132 1155 2189 quocum
1201 2116 1536 2182 Pithazanam
1562 2129 1724 2174 antea
1749 2118 2117 2181 contenderat,

548 2210 603 2262 in
628 2218 833 2264 textum
862 2210 1150 2265 transtulit.
1181 2210 1235 2265 Si
1263 2210 1389 2280 quid
1413 2226 1542 2266 vero
1569 2209 1785 2264 dubium
1816 2218 1975 2275 esset,
2030 2216 2123 2264 aut

548 2304 693 2374 quod
713 2305 1075 2361 admonitione
1101 2305 1381 2374 indigeret,
1413 2304 1465 2360 id
1496 2303 1725 2360 aﬂlrmat
1770 2317 1830 2359 se
1870 2303 1921 2356 in
1971 2302 2125 2358 Notis

551 2398 871 2467 reposuisse,
922 2413 1023 2453 nec
1065 2397 1355 2468 quidquam
1384 2395 1766 2459 dissimulasse,
1790 2404 1881 2448 aut
1906 2393 2121 2464 propria

548 2489 870 2544 auctoritate
894 2498 1149 2553 mutasse,
1181 2488 1249 2543 de
1267 2502 1374 2556 quo
1396 2502 1504 2542 non
1528 2485 1884 2541 admonuerit.
1906 2483 2121 2537 Addidit

551 2591 798 2650 praeterea
849 2581 1191 2652 Appendicem
1244 2589 1474 2634 actorum
1527 2587 1765 2641 veterum,
1821 2592 2035 2659 quorum
2067 2577 2120 2628 in

552 2671 706 2726 Notis
747 2675 885 2743 facta
937 2681 1014 2726 est
1042 2673 1251 2733 mentio,
1283 2686 1390 2739 quo
1419 2670 1759 2724 continentur
1786 2687 1797 2720 :
1829 2667 1868 2721 l.
1893 2666 2120 2721 Castoris

549 2763 786 2832 Aptensis
832 2762 1053 2832 episcopi
1080 2760 1299 2830 epistola
1348 2759 1416 2813 ad
1441 2758 1697 2813 Joannem
1728 2757 2027 2813 Cass-ianum
2052 2772 2121 2812 ex

550 2851 717 2906 veteri
744 2850 929 2906 codice
956 2866 1059 2905 ms.
1077 2851 1410 2905 bibliothecae
1440 2849 1639 2919 Regim.
1662 2849 1723 2904 ll.
1749 2850 1876 2902 Acta
1896 2850 2120 2919 impera-

550 2953 717 2996 torum
737 2942 975 2996 adversus
996 2941 1265 3012 Pelagium
1292 2952 1342 2994 et
1369 2939 1650 2997 Cwlestium
1672 2938 1852 2994 itidem
1873 2955 1938 2993 ex
1958 2938 2116 2994 codd.

549 3050 701 3099 mss...
742 3049 933 3106 nempe
985 3036 1043 3090 1°
1098 3034 1419 3106 Ilescriptum
1467 3033 1687 3090 Honorii
1741 3041 1789 3086 et
1849 3031 2119 3086 Theodosii

2222 1843 2411 1897 eodem
2442 1842 2655 1897 Baluzio
2699 1843 2973 1898 Tutelensi
3001 1842 3069 1897 ad
3098 1841 3255 1898 ﬁdem
3285 1850 3525 1897 veterum
3554 1842 3793 1897 codicum

2221 1947 2349 1987 mss.
2382 1932 2723 1987 emendatum
2769 1940 2823 1986 et
2870 1932 3208 1990 illustratum.
3237 1929 3513 1987 Pracmissa
3530 1930 3793 1986 Disserta-

2222 2022 2368 2077 tione
2408 2020 2471 2076 G.
2505 2020 2700 2077 Calixti
2744 2023 2796 2079 in
2826 2022 3074 2078 Vincent.
3105 2022 3212 2078 Lir.
3245 2020 3377 2077 Cum
3412 2022 3675 2079 indicibus
3698 2037 3791 2076 co-

2221 2113 2557 2183 piosissimis,
2588 2122 2696 2168 tam
2725 2114 2791 2169 ad
2813 2125 3085 2181 auctores,
3110 2129 3268 2182 quam
3305 2113 3375 2168 ad
3418 2121 3595 2169 notas.
3636 2110 3793 2167 Juxta

2221 2202 2683 2273 Noribergensium
2710 2206 2904 2275 partim
2932 2221 3057 2261 ann.
3087 2204 3393 2263 MDCXXIH
3437 2213 3492 2261 et
3520 2204 3795 2261 Parisien-

2221 2290 2358 2344 sium
2381 2308 2505 2346 ann.
2531 2291 2836 2347 MDCLXIX
2855 2294 3196 2362 exemplaria.

2291 2381 2419 2448 Quae
2434 2397 2499 2437 ex
2515 2382 2953 2451 Norimhergensi
2962 2385 3196 2441 editione
3218 2386 3271 2440 in
3291 2386 3430 2442 hanc
3458 2393 3795 2456 transumpta
3843 2382 3851 2391 ’

2221 2469 2420 2525 fuerint
2442 2488 2509 2527 ex
2536 2472 2899 2542 superioribus
2920 2474 3248 2543 intelligitur.
3274 2476 3349 2531 De
3374 2476 3655 2531 Vincentio
3680 2475 3787 2531 Lir.

2221 2574 2319 2614 suo
2342 2560 2463 2615 loco
2493 2560 2691 2616 dictum
2720 2570 2820 2618 est.
2847 2561 3023 2618 Series
3043 2564 3279 2619 virorum
3320 2564 3622 2630 ductorum,
3655 2580 3792 2634 quo.-

2219 2669 2338 2708 rum
2363 2660 2505 2707 notae
2526 2653 2612 2708 hic
2640 2654 2979 2718 exhibentur,
3004 2655 3106 2709 alia
3154 2663 3236 2709 est
3264 2656 3317 2712 in
3343 2656 3461 2726 ipso
3501 2658 3788 2722 volumine,

2220 2745 2323 2799 alia
2352 2745 2405 2798 in
2437 2744 2610 2809 titulo,
2642 2752 2829 2799 neutra
2857 2746 3068 2801 curiose
3098 2746 3359 2803 instituta.
3383 2747 3639 2802 Nimirum
3686 2748 3791 2803 Ba-

2219 2834 2425 2888 luziana
2449 2834 2612 2890 editio
2639 2842 2748 2889 tota
2770 2844 2851 2889 est
2872 2851 3081 2898 recusa,
3114 2836 3355 2906 adeoque
3386 2838 3643 2906 proxima:
3670 2847 3792 2907 post

2221 2934 2422 2979 textum
2469 2926 2746 2994 utriusque
2774 2928 3007 2982 auctoris
3040 2936 3179 2982 nota:
3200 2937 3323 2982 sunt
3345 2928 3645 2986 Baluziana:
3668 2946 3791 2986 eum

2218 3014 2389 3070 indice
2411 3014 2649 3084 ejusdem
2674 3015 2942 3071 editionis.
2960 3016 3093 3072 Dein
3121 3018 3430 3086 succedunt,
3461 3020 3791 3077 Rittershusii

550 3124 718 3195 ιιηρρ,
782 3125 851 3179 ad
899 3125 1195 3179 palladium
1232 3124 1399 3196 pref,
1447 3124 1718 3179 prmum,
1783 3121 1845 3175 eo
1876 3121 2114 3176 Εάεειωη
2142 3108 2186 3172 C
2217 3107 2628 3172 commentarius,
2652 3106 2881 3175 Weitzii,
2912 3109 3115 3176 Adami,
3132 3109 3424 3168 Sitzmanni
3440 3122 3494 3169 et
3516 3123 3789 3185 postremo

548 3217 797 3273 Palladii.
829 3218 889 3270 5°
915 3217 1234 3288 Rescriplum
1278 3216 1500 3271 Honorii
1540 3215 1609 3268 ad
1649 3215 1910 3269 Audiam
1955 3215 2109 3284 episc.

548 3307 792 3379 Carthag.
823 3307 883 3361 4⁸
905 3309 1101 3362 Aurelii
1128 3307 1363 3379 Epistola
1380 3308 1448 3361 ad
1465 3308 1726 3378 episcopos
1748 3306 2031 3376 Bgzacena:
2065 3315 2115 3359 et

547 3399 861 3468 Argizitanar
902 3398 1025 3469 (sic)
1071 3400 1364 3469 provinciae.
1407 3397 1461 3450 5⁸
1501 3398 1668 3453 Sacra
1720 3396 1935 3466 epistola
1980 3396 2112 3450 Con-

547 3490 721 3542 stantii
740 3490 1065 3558 imperatoris
1101 3491 1267 3559 patris
1303 3488 1653 3543 Valentiniani
1697 3487 1908 3558 Augusti
1929 3487 2111 3556 junio-

544 3582 638 3646 ris,
688 3581 758 3636 ad
812 3581 1146 3639 Volusianum
1172 3583 1469 3652 praefectum
1502 3579 1649 3643 Urbi,
1679 3579 1921 3633 adversus
1950 3578 2110 3633 C0318-

545 3672 717 3725 stium.
733 3671 794 3724 6°
810 3670 1050 3726 Edictum
1080 3670 1349 3725 Volusiam'
1370 3687 1461 3740 pro
1475 3668 1817 3740 public/itione
1834 3668 2111 3737 superioris

548 3761 818 3833 Rescripti.
843 3762 927 3818 ill.
980 3762 1209 3816 Traditio
1239 3760 1382 3814 Petri
1409 3760 1473 3814 de
1500 3760 1697 3815 Sancto
1728 3759 1841 3831 (qui
1863 3758 2110 3827 traditur)

546 3856 614 3908 ad
631 3853 943 3909 Canonicam
961 3853 1352 3910 Cadurcensem.
1390 3851 1474 3908 IV.
1512 3854 1743 3909 Traditio
1767 3852 2022 3907 Guillelmi
2052 3852 2114 3906 de

547 3944 883 3999 Carbonarias
926 3945 996 3998 ad
1022 3947 1386 4000 monasterium
1431 3944 1714 4000 Tutelense.
1765 3944 1826 3997 γ.
1880 3942 2111 3998 Traditio

548 4031 679 4086 Elite
705 4034 767 4087 de
797 4032 960 4088 Navis
981 4035 1046 4088 ad
1068 4035 1207 4090 idem
1227 4035 1611 4089 monasterium
1650 4050 1715 4089 ex
1760 4034 2112 4091 Chartulariis

548 4124 761 4179 Marum
781 4126 1125 4181 ecclesiarum
1145 4134 1201 4180 et
1219 4127 1684 4182 monasteriorum.

614 4214 767 4270 1677.
810 4214 1064 4286 Lugduni,
1115 4216 1252 4287 apud
1287 4216 1619 4280 Anissonios;
1650 4218 1828 4287 iri-fol.
1876 4216 2110 4271 Salviani

547 4302 884 4359 Massiliensis
913 4305 1032 4359 libri
1063 4305 1171 4359 Vlll
1197 4306 1263 4360 de
1285 4304 1683 4362 Gubernatione
1712 4308 1836 4372 Dei;
1869 4308 2110 4377 ejusdem

548 4396 791 4465 Epistula:
811 4398 877 4451 ad
898 4397 1167 4463 diversos;
1193 4398 1316 4451 item
1340 4398 1669 4461 Timotheus,
1685 4400 1797 4453 sive
1818 4399 1933 4453 libri
1955 4399 2019 4453 IV
2044 4399 2110 4453 ad

544 4486 855 4554 Ecclesiae),
878 4489 1055 4541 omnia
1083 4489 1148 4543 ad
1197 4490 1622 4544 emendationem
1654 4491 1835 4560 Steph.
1884 4491 2105 4545 Baluzii.
2140 4469 2190 4527 D

544 4576 601 4631 In
625 4577 755 4632 Bibl.
785 4578 931 4633 Max.
971 4577 1185 4633 Patrum
1206 4588 1243 4632 t.
1272 4579 1400 4644 Vlll,
1431 4595 1583 4649 pagg.
1620 4582 1874 4636 359-401.

618 4668 769 4723 1685.
810 4670 1050 4731 Parisiis,
1088 4672 1225 4742 apud
1263 4671 1601 4726 Franciscum
1644 4673 1885 4744 Muguet;
1941 4674 2106 4729 iri-8'.

543 4756 856 4815 Sanctorum
883 4760 1322 4831 Presbyterorum
1349 4760 1583 4817 Salviani
1629 4762 1826 4817 Massil.
1878 4771 1932 4818 et
1980 4764 2109 4818 Vin-

539 4850 704 4904 centii
735 4850 839 4904 Lir.
878 4851 1070 4920 Opera.
1103 4850 1405 4921 Stephanus
1429 4854 1673 4907 Balnzins
1698 4853 1998 4910 Tutelensis
2042 4855 2110 4909 ad

544 4937 698 4993 ﬁdem
729 4947 966 4995 veterum
987 4942 1230 4997 codicum
1253 4960 1380 4997 mss.
1414 4945 1715 4998 emendavit
1743 4952 1798 4998 et
1818 4945 1966 4999 Notis
1990 4945 2113 4999 iliu-

542 5029 746 5082 stravit.
782 5029 956 5085 Editio
979 5032 1158 5085 tertia.
1196 5050 1214 5083 ι
1249 5032 1382 5087 Cum
1414 5040 1466 5087 et
1494 5034 1725 5088 secunda
1756 5050 1969 5104 quoque
1994 5036 2110 5090 edi-

539 5116 641 5180 tio,
680 5116 847 5185 inquit
891 5118 1156 5185 Baluzius,
1198 5121 1451 5177 distracta
1502 5124 1706 5189 fuisset,
1750 5131 2111 5196 typographus

542 5215 719 5259 autem
748 5208 958 5262 eosdem
984 5210 1149 5265 libros
1186 5213 1284 5266 sub
1307 5213 1571 5277 incudem,
1605 5222 1663 5267 ut
1684 5215 1757 5268 ita
1786 5216 1978 5280 dicam,
2024 5232 2110 5271 re-

542 5310 734 5349 vocare
773 5298 948 5359 vellet,
972 5308 1026 5354 et
1052 5301 1264 5355 interim
1287 5312 1472 5357 nactus
1500 5318 1671 5357 essem
1701 5307 1971 5375 exemplar
1992 5323 2109 5361 ma—

542 5392 887 5459 nuscriptum,
913 5410 1020 5463 quo
1044 5396 1282 5452 Pithoeus
1303 5415 1428 5453 usus
1456 5411 1537 5454 est
1565 5401 1619 5455 in
1667 5401 2014 5459 emendandis
2048 5406 2111 5458 li-

542 5480 651 5532 bris
674 5479 741 5533 de
760 5480 1155 5541 anernatione
1185 5486 1300 5552 Dei,
1342 5497 1452 5542 tum
1484 5490 1645 5543 etiam
1674 5491 1820 5553 illud,
1853 5508 1972 5546 cum
2002 5511 2109 5564 quo

542 5566 679 5621 idem
696 5571 918 5625 contulit
944 5574 1106 5629 libros
1127 5585 1360 5644 quatuor
1380 5578 1635 5633 adversus
1657 5580 1966 5645 Avaritiam,
1989 5600 2107 5652 quae

541 5674 681 5725 nunc
699 5670 907 5719 exstant
929 5664 978 5718 in
1005 5666 1323 5723 bibliotheca
1348 5670 1674 5735 Ccihcrtina,
1701 5678 1880 5744 putavi
1909 5677 2104 5734 debere

2216 3198 2336 3252 loco
2367 3196 2662 3253 Brassicani
2691 3208 2851 3264 noun,
2876 3217 2996 3256 eum
3027 3202 3198 3259 indice
3228 3204 3282 3259 in
3311 3206 3527 3261 eosdem
3549 3208 3787 3275 peculia-

2214 3287 2344 3343 riter
2363 3288 2705 3343 concinnato.
2727 3288 2918 3344 Mirum
2935 3306 3063 3346 vero
3086 3307 3182 3348 cur
3201 3292 3491 3350 editionem
3512 3297 3789 3350 secundum

2215 3374 2413 3431 Baluzii
2443 3379 2639 3447 potius,
2670 3394 2829 3449 quam
2852 3382 3073 3446 tertiam,
3107 3383 3510 3439 exscribendam
3537 3386 3676 3457 typis
3702 3386 3790 3440 de-

2212 3465 2352 3520 derit
2397 3467 2708 3538 bibliopola,
2757 3470 2849 3539 qui
2902 3471 3119 3525 minime
3158 3472 3325 3529 solius
3362 3482 3595 3543 qumstus
3618 3474 3791 3544 gratia

2212 3555 2349 3611 hanc
2377 3573 2557 3613 curam
2582 3559 2878 3630 suscepisse
2899 3560 3067 3617 videri
3096 3562 3289 3619 voluit.

2805 3685 3015 3726 SECULO
3044 3687 3186 3728 XVIII.

2284 3779 2440 3834 1728.
2488 3780 2935 3845 Venetiis;in-8‘.
2964 3782 3201 3838 Salviani
3244 3783 3587 3841 Massillensis
3633 3801 3784 3856 prcs~

2211 3870 2383 3941 byteri
2420 3870 2591 3941 Opera
2624 3873 2902 3927 emendata
2929 3889 3049 3928 cum
3082 3874 3222 3929 notis
3257 3890 3287 3929 a
3330 3874 3509 3946 Steph.
3552 3876 3779 3933 Baluzio.

2212 3960 2326 4016 Cat.
2362 3961 2496 4016 Bibl.
2523 3961 2689 4017 Firm.
2723 3972 2762 4016 t.
2787 3962 2829 4027 Ι,
2858 3978 2913 4032 p.
2946 3965 3034 4019 55.

2284 4052 2439 4108 1729.
2473 4052 2703 4127 Pisauri,
2725 4072 2754 4108 e
2794 4056 3134 4127 tgpographia
3163 4054 3425 4123 Corellia;
3471 4058 3615 4112 in-i‘
3652 4060 3779 4129 maj.

2211 4143 2445 4199 Salviani
2475 4144 2816 4199 Massiliensis
2835 4147 3059 4217 episcopi
3079 4145 3487 4202 Coneordanlia:
3525 4147 3785 4218 Operibus

2211 4233 2326 4302 ejus
2353 4249 2574 4288 annexa:
2600 4234 2669 4305 [i.
2700 4250 2750 4289 e.
2778 4233 2948 4304 Opera
2970 4234 3206 4289 Salviani
3225 4252 3337 4289 eum
3358 4236 3784 4307 Concordanﬁis]

2212 4326 2549 4395 alphabetice
2575 4325 2849 4394 dispositae
2871 4325 3140 4381 studioac
3167 4327 3350 4384 labore
3372 4328 3554 4384 Patris
3601 4328 3784 4384 Deme—

2216 4419 2299 4471 trii
2347 4415 2577 4471 Barbulii
2626 4416 2750 4473 Sec.
2779 4416 2928 4483 Iesu,
2957 4425 3012 4472 et
3048 4417 3389 4474 Eminentiss.
3418 4436 3483 4476 ac
3514 4421 3784 4477 Reveren-

2212 4509 2341 4563 diss.
2388 4509 2613 4579 principi
2656 4508 2917 4564 cardinali
2946 4508 3112 4564 Fabio
3140 4510 3208 4564 de
3233 4511 3523 4567 Abbatibus
3546 4509 3789 4569 Oliverio

2212 4601 2505 4656 humillime
2550 4601 2760 4659 dicatae.
2818 4599 2972 4670 Opus
3025 4602 3271 4656 omnibus
3317 4618 3588 4659 sacrarum
3624 4604 3782 4661 disci-

2211 4693 2477 4761 plinarum
2525 4693 2796 4757 studiosis,
2829 4693 2925 4749 sed
2952 4693 3286 4763 potissimum
3335 4696 3579 4752 asceticis
3616 4699 3784 4766 magi-

2211 4785 2355 4850 stris,
2414 4793 2573 4855 atque
2622 4784 3091 4841 concionatoribus
3138 4786 3284 4841 verbi
3326 4788 3421 4842 Dei
3449 4804 3785 4859 summopere

2210 4874 2524 4944 prolicuum.

2285 4963 2452 5017 Immo
2482 4979 2618 5033 opus
2646 4964 2883 5034 ineptum
2899 4966 3027 5020 etin
3049 4966 3376 5034 chartarum,
3390 4970 3590 5023 utinam
3612 4970 3786 5025 minus

2209 5051 2517 5118 nitidarum,
2530 5052 2794 5121 jacturam
2816 5054 3147 5125 impressum.
3170 5055 3343 5113 Unum
3368 5058 3505 5114 forte
3526 5069 3628 5124 est,
3645 5062 3785 5129 quod

2213 5142 2266 5197 in
2298 5144 2437 5197 hunc
2456 5158 2674 5198 censum
2704 5160 2813 5199 non
2838 5145 3041 5212 veniat’,
3076 5147 3194 5202 Vita
3221 5166 3307 5203 seu
3351 5152 3517 5219 patius
3548 5151 3785 5224 Elogium

2214 5232 2447 5287 δαιιήηηὶ
2464 5252 2495 5287 a
2523 5234 2717 5291 Larino
2746 5238 2949 5293 Amatio
2969 5240 3240 5294 novissime
3266 5241 3424 5306 edita,
3457 5244 3521 5297 ab
3548 5244 3784 5314 ejusdem

2219 5322 2452 5377 Salviani
2479 5322 2730 5393 Epistolis
2752 5327 3085 5397 potissimum
3114 5329 3408 5385 cnncleata.

2289 5412 2442 5465 1774.
2484 5413 2726 5481 Veneliis,
2750 5435 2815 5470 ea:
2843 5417 3066 5488 Typogr.
3088 5418 3173 5473 Io.
3208 5419 3359 5491 Bapt.
3402 5423 3625 5487 Albritii,
3667 5422 3785 5478 Πίσα

2218 5518 2328 5554 ron.
2351 5502 2427 5570 ﬁt.
2450 5521 2467 5566 ;
2487 5505 2655 5576 iri-fol.
2685 5505 2917 5560 Salviani
2940 5508 3237 5578 presbyteri
3261 5509 3596 5565 Massiliensis
3613 5514 3783 5583 Opera

2215 5607 2334 5659 qnzc
2387 5601 2599 5647 exstant
2654 5596 2850 5647 nuntia.
2904 5596 3141 5651 Accessit
3185 5597 3448 5653 Vincentii
3500 5600 3786 5657 Lirinensis

2214 5683 2711 5761 Commonitorium.
2748 5686 2821 5741 iis
2850 5689 3003 5744 tertia
3031 5688 3264 5744 editione
3296 5692 3547 5757 Strphani
3572 5692 3779 5747 ηαιιωϋ

3728 294 3819 353 ῃ
3878 280 3899 303 κ
