4006 6182
303 236 372 291 25

922 239 980 295 S.
1015 237 1394 294 SALVIANUS
1432 236 1892 302 MASSILIENSIS
1931 236 2347 303 PRESBYTER.
2379 271 2449 292 -.
2480 238 2998 304 PROLEGOMENA,

3500 236 3571 294 ει

298 349 362 406 ν.
395 349 454 405 C.
485 348 545 404 lu
573 348 707 405 Bibl.
736 348 850 404 PP.
881 360 932 404 et
961 352 1067 408 SS.
1105 351 1219 406 Vet.
1244 351 1390 416 Eccl.
1443 352 1674 406 Asnam:
1725 349 1838 406 GM.
1856 381 1871 393 ο
1900 356 1948 410 A
1979 350 2220 408 Trattato
2248 352 2300 407 di
2329 352 2580 408 Salviano
2608 353 2936 409 Marsiliense
2959 353 3096 409 della
3123 351 3477 422 Providenza,
3514 357 3566 410 in

296 457 472 496 LANDII
493 447 640 496 tomo
660 439 730 506 Χ,
753 454 907 511 pagg.
935 440 1161 496 1—102.

365 531 517 587 Nota:
543 531 862 598 Baluzianze,
895 547 1000 586 non
1022 541 1080 586 ut
1109 532 1241 587 alias
1260 532 1399 587 solet
1425 532 1512 588 hic
1537 531 1728 596 editor,
1756 540 1876 585 tex-

294 629 371 682 tui
399 627 600 691 statim,
629 627 724 682 sed
754 627 823 681 ad
849 625 1056 681 calcem
1101 625 1356 695 subjecta:
1397 635 1540 691 sunt,
1571 625 1706 681 adeo
1735 633 1793 679 ut
1821 625 1875 679 in

294 719 544 775 omnibus
589 717 764 772 tertia:
804 716 1056 772 editionis
1083 715 1383 771 Baluziante
1434 715 1603 771 forma
1642 723 1872 778 constet,

291 810 393 865 nisi
422 809 565 879 quod
593 809 661 866 de
688 825 787 865 suo
815 809 935 864 loca
957 808 1153 864 Biblica
1184 809 1237 864 in
1267 808 1506 864 inferiori
1526 809 1767 876 margine
1791 807 1880 862 ad—

289 899 499 968 jecerit.
532 900 608 956 De
637 900 886 958 Salviano
915 899 1128 955 disserit
1168 901 1222 955 in
1250 899 1491 972 Prolegg.
1525 916 1640 970 cap.
1671 897 1721 964 1,
1751 916 1872 971 pag.

289 1005 346 1044 tu
365 1030 380 1056 ,
422 1007 492 1046 iv.

949 1081 1241 1137 Veraiones.

359 1171 551 1228 Omnia
571 1173 817 1252 _Salviani
848 1189 1011 1244 opera
1041 1174 1180 1228 haud
1207 1174 1374 1229 semel
1407 1174 1459 1228 in
1488 1175 1721 1244 linguam
1749 1173 1878 1228 Gal-

289 1265 441 1318 licam
473 1263 715 1320 traducta
737 1272 863 1320 sunt
892 1281 921 1319 a
951 1262 1164 1331 Gorseo,
1187 1265 1416 1320 Bonneto
1439 1271 1492 1320 et
1513 1266 1648 1319 aliis.
1673 1263 1877 1319 Praeter

287 1368 349 1407 ea
380 1353 444 1408 de
472 1353 802 1408 Providentia
835 1353 953 1409 libri
982 1371 1092 1411 non
1127 1356 1302 1410 solum
1330 1371 1360 1410 a
1391 1354 1555 1411 Gallis
1592 1357 1686 1413 sed
1723 1357 1876 1413 Italis

291 1444 456 1498 etiam
483 1445 732 1500 conversi
762 1455 997 1512 exstant,
1027 1454 1088 1502 ut
1113 1448 1392 1516 sequentia
1421 1457 1704 1504 testantur.

357 1534 678 1590 Gallicce.-—
702 1533 857 1589 1575.
890 1536 1036 1608 Lyon
1059 1579 1074 1604 ,
1116 1538 1240 1592 cltez
1261 1537 1401 1595 Guil.
1441 1538 1678 1607 Rouille;
1709 1540 1872 1598 ili-8".

1981 442 2193 507 Latino,
2227 444 2280 498 in
2321 443 2578 510 Italiano.
2611 445 2677 502 ed
2723 445 2776 509 in
2816 444 3098 501 Francese.
3150 446 3380 517 Argelati
3430 446 3469 500 ι.
3527 447 3566 502 l.

1977 532 2165 588 Versio
2193 532 2396 588 Gallica
2425 542 2506 588 est
2534 533 2985 606 Malpertuisiana,
3017 535 3212 594 Italica
3249 545 3441 599 auctor
3468 535 3569 591 fuit

1979 622 2146 679 Guido
2176 622 2462 678 Ronsartus
2483 625 2752 681 sacerdos.

2651 719 2880 774 Codices.

2047 809 2088 863 l.
2130 808 2401 864 Librorum
2430 810 2493 864 de
2517 812 2748 864 Avaritia
2776 827 2792 864 :
2827 811 2886 863 l°
2915 809 3109 874 Codex,
3147 809 3288 865 unde
3327 809 3566 880 primum

1977 899 2107 957 editi
2151 899 2400 968 fuerunt,
2449 901 2535 956 Jo.
2584 900 2858 968 Sic/tardi,
2908 900 2976 956 dc
3020 915 3128 969 quo
3174 915 3280 955 non
3325 907 3564 955 constat.

1976 992 2040 1045 2°
2069 991 2376 1064 Exemplar,
2408 1008 2476 1047 ex
2509 1009 2618 1062 quo
2646 1008 2740 1047 eos
2761 993 3038 1061 castigavit
3081 991 3328 1058 Pithoeus,
3358 992 3567 1060 migra-

1976 1091 2128 1140 verat
2143 1085 2196 1138 in
2217 1084 2594 1144 bibliothecam
2611 1083 2993 1149 Colbertinam,
3015 1084 3102 1139 ubi
3123 1083 3251 1137 illud
3273 1091 3463 1137 nactus
3479 1090 3566 1136 est

1977 1176 2226 1232 Baluzius
2253 1184 2309 1230 et
2337 1177 2390 1230 in
2432 1175 2605 1230 tertiis
2632 1176 2774 1230 curis
2813 1175 3053 1230 adhibuit
3076 1215 3094 1244 ,
3123 1174 3216 1230 sed
3251 1175 3566 1230 describere

1977 1284 2088 1324 non
2117 1268 2390 1333 sustinuit.
2422 1267 2485 1322 5°
2513 1266 2727 1325 Codices
2757 1267 2978 1332 Baluzii,
3009 1281 3146 1345 quos
3174 1267 3227 1320 in
3256 1267 3428 1337 prima
3449 1273 3566 1320 sta-

1978 1359 2074 1413 tim
2101 1357 2338 1413 editione
2367 1358 2606 1413 adhibuit
2641 1367 2695 1413 et
2716 1373 2837 1413 eum
2867 1356 3146 1413 Pithmana
3185 1356 3427 1417 contulit.
3455 1357 3563 1417 duo

1986 1448 2149 1520 Regii,
2175 1464 2205 1503 a
2227 1448 2342 1504 Nic.
2366 1447 2639 1516 Colberto,
2672 1447 2992 1504 Lucionensi
3035 1462 3099 1504 ac
3137 1446 3260 1502 dein
3292 1445 3562 1500 AllliSSiO?

1976 1538 2193 1594 dorensi
2213 1539 2468 1619 episcopo
2489 1554 2553 1593 ac
2571 1538 2908 1602 bibliothecae
2928 1537 3109 1607 Regia:
3127 1534 3401 1607 prmfecto,
3430 1550 3562 1597 ann.

287 1623 342 1681 S.
377 1625 594 1680 Salvian
621 1641 825 1696 eveque
855 1627 923 1683 de
947 1627 1211 1684 Marseille
1245 1629 1321 1684 du
1366 1645 1492 1702 vray
1519 1629 1794 1700 jugement
1821 1639 1877 1686 et
1979 1628 2137 1697 1660,
2160 1630 2261 1699 ipsi
2282 1629 2682 1692 communicati,
2707 1629 2838 1688 alter
2860 1635 3216 1699 pervetustus,
3244 1626 3406 1682 modo
3427 1624 3563 1688 Cor-

288 1715 613 1787 providenco
661 1717 728 1782 de
776 1717 940 1790 Dieu,
989 1719 1186 1774 traduit
1225 1735 1293 1776 en
1337 1720 1568 1790 francois
1594 1739 1692 1794 par
1714 1723 1773 1777 Β.
1808 1723 1868 1779 Β.
1906 1711 1949 1772 Β
1975 1720 2180 1776 beiensi
2210 1720 2468 1775 librorum
2507 1719 2570 1774 de
2599 1717 2978 1774 Gubernatione
3008 1717 3135 1780 Dei.
3181 1732 3341 1787 quem
3377 1717 3564 1781 statim

291 1804 354 1858 ι).
386 1803 442 1858 S.

360 1892 517 1948 1655.
542 1895 718 1962 Paris,
737 1897 861 1952 chez
873 1897 1074 1970 Caspar
1088 1899 1346 1967 Metui-aa;
1365 1899 1534 1966 iit-4°.
1550 1899 1652 1956 Les
1664 1917 1875 1959 (nuvres

288 1986 357 2038 de
383 1983 630 2053 Salvian,
662 1989 866 2058 évéque
892 1989 960 2045 de
986 1989 1270 2058 Marseille,
1302 2000 1593 2048 contenant
1635 1993 1715 2058 les
1759 1995 1876 2060 huit

289 2076 448 2131 livres
492 2077 559 2132 de
599 2079 648 2132 la
695 2077 1057 2150 Providence,
1114 2082 1192 2138 les
1241 2093 1432 2154 quatre
1477 2084 1637 2144 livres
1686 2095 1876 2149 contre

290 2169 551 2224 l’Avarice
581 2185 713 2226 avec
750 2172 1015 2242 plusieurs
1057 2175 1284 2245 epistres
1312 2177 1570 2243 traduites
1612 2195 1744 2236 avec
1781 2179 1876 2235 des

289 2268 444 2315 notes
472 2277 572 2331 par
600 2261 780 2324 Pierre
802 2262 980 2318 Corae.

358 2349 514 2403 i700.
549 2349 725 2416 Paris,
757 2353 879 2406 eltez
909 2351 1067 2409 Guill.
1107 2354 1374 2429 Valleyre;
1405 2358 1576 2412 iit—12.
1607 2359 1672 2414 ΙΙ
1699 2363 1868 2416 tomis.

289 2439 390 2495 Les
417 2455 629 2496 muvres
675 2442 743 2497 dc
789 2441 1004 2498 Salvien
1052 2455 1107 2499 et
1155 2446 1205 2499 le
1253 2448 1409 2503 traité
1455 2448 1523 2503 de
1550 2449 1779 2504 Vincent
1806 2451 1874 2505 de

290 2529 475 2588 Lérins
503 2539 690 2586 centre
718 2533 796 2588 les
817 2534 1082 2598 Hérésies,
1110 2536 1334 2598 traduits
1353 2553 1419 2596 cn
1441 2537 1672 2606 franeois
1698 2556 1796 2611 par
1823 2542 1875 2596 le

291 2619 354 2675 P.
383 2620 595 2687 Bounet,
618 2633 826 2703 prestre
847 2625 913 2680 dc
942 2624 1240 2681 l‘Oratoire.

361 2710 514 2767 1701.
548 2713 723 2779 Paris,
748 2715 872 2768 cher.
895 2715 1052 2770 Louis
1083 2715 1305 2783 Gueriu;
1335 2720 1498 2774 iit-8°.
1534 2720 1768 2789 Salvien,
1804 2723 1872 2783 de

291 2801 338 2856 la
364 2801 711 2878 Providencc,
737 2806 937 2861 traduit
964 2823 1031 2862 en
1061 2807 1294 2876 francois
1315 2826 1413 2880 par
1430 2811 1560 2865 Jean
1592 2811 1787 2866 Drouet
1810 2814 1873 2879 tle

294 2893 349 2947 Μ
353 2913 417 2948 (ιιι
421 2899 633 2966 perluit.

362 2986 518 3042 1754.
549 2987 726 3055 Paris,
752 2990 875 3044 ohe:
893 2989 1212 3066 Jeait-Bapt.
1236 2993 1538 3063 Delespine;
1577 2996 1746 3051 iit-12.
1771 2997 1873 3054 Les

1976 1810 2535 1875 commemorabimus,
2567 1809 2862 1879 posterior;
2893 1809 3028 1862 alter
3047 1807 3564 1879 quadringentorum

1976 1901 2143 1958 ferme
2172 1916 2455 1956 annorum.
2499 1899 2576 1955 Ac
2616 1901 2669 1953 in
2705 1899 2868 1970 priori
2916 1899 3008 1954 illo
3037 1906 3153 1952 erat
3180 1896 3405 1968 epistola
3438 1895 3563 1950 Sal‘

1977 1995 2122 2061 viani
2148 1995 2215 2050 ad
2245 1993 2542 2058 Salonium,
2573 2005 2690 2061 qua:
2717 1988 2920 2061 prazllgi
2953 1989 3093 2044 solet
3125 1989 3276 2043 libris
3303 1987 3565 2042 adversus

1977 2086 2276 2152 avaritiam,
2307 2100 2468 2158 quam
2495 2091 2674 2138 tamen
2698 2083 2752 2136 in
2781 2089 2992 2136 vetusto
3016 2095 3114 2136 suo
3137 2078 3432 2149 exemplari
3458 2077 3565 2131 de-

1976 2177 2169 2232 fecisse
2195 2163 2479 2230 monuerat
2527 2173 2787 2228 Pithteus.
2839 2170 3094 2226 Eamdem
3140 2185 3268 2224 vero
3298 2168 3458 2223 etiam
3507 2167 3563 2221 in

1977 2269 2264 2326 recentiori
2314 2268 2480 2335 Regio
2526 2266 2955 2336 deprehensurus
2999 2261 3182 2316 fuisset
3230 2257 3562 2322 Baluziusmi

1975 2363 2156 2434 priora
2185 2361 2300 2430 ejus
2327 2358 2451 2413 folia
2479 2358 2782 2428 periissent.

2045 2453 2108 2508 Ii.
2136 2452 2404 2506 Librorum
2420 2450 2482 2503 de
2496 2447 2874 2502 Gabematione
2888 2445 3016 2499 Dei:
3035 2444 3094 2496 l°
3116 2441 3287 2498 Codex
3301 2442 3560 2512 princeps,

1976 2545 2028 2600 id
2057 2552 2140 2598 est
2165 2559 2229 2598 ex
2252 2557 2358 2612 quo
2380 2541 2545 2594 libros
2567 2538 2686 2592 illos
2705 2536 2895 2591 extulit
2912 2534 3000 2588 .Io.
3024 2535 3171 2588 Alex.
3199 2533 3560 2597 Brassioamza,

1975 2636 2074 2691 fuit
2102 2635 2228 2690 olim
2258 2631 2596 2687 bibliotheca:
2623 2627 2802 2695 Regia:
2829 2624 3086 2681 Budensis
3115 2624 3168 2676 in
3199 2620 3464 2688 Hungaria
3505 2628 3560 2674 et

1976 2737 2103 2784 ante
2141 2727 2258 2795 ejus
2297 2723 2560 2780 excidium
2609 2719 2866 2774 Ludovici
2908 2717 3045 2785 regis
3090 2711 3450 2768 munificentia
3492 2710 3560 2767 ad

1977 2817 2348 2873 Brassicanum
2387 2811 2652 2883 pervenit.
2693 2809 2837 2864 Satis
2875 2804 3157 2861 emendate
3183 2802 3412 2871 scriptus
3439 2799 3558 2864 fuit,

1978 2917 2036 2966 ut
2063 2923 2126 2964 ex
2168 2905 2455 2961 collatione
2496 2909 2676 2957 textus
2705 2914 2827 2954 cum
2855 2895 3200 2966 sequentibus
3237 2891 3561 2947 editionibus

1975 3007 2272 3070 comparet.
2304 2997 2370 3050 2°
2399 2995 2588 3049 Pitluei
2616 2992 2882 3062 exemplar
2924 2987 3340 3043 vetustissimum
3361 3023 3374 3047 ,
3417 2982 3562 3054 quod

291 3097 502 3138 muvres
523 3083 589 3138 de
610 3082 1064 3154 Salvien,prestre
1091 3086 1157 3142 de
1175 3086 1458 3159 Marseille,
1477 3097 1768 3145 contenant
1789 3105 1875 3144 ses
1899 3083 1946 3146 C
1979 3092 2068 3147 ille
2096 3087 2493 3145 accuratissime
2541 3081 2772 3139 exscribi
2819 3079 3043 3136 curavit.
3093 3077 3237 3132 Idem
3289 3081 3477 3145 postea
3510 3073 3563 3127 in

293 3174 478 3228 lettres
504 3180 560 3229 et
585 3189 672 3229 ses
711 3175 900 3230 traitez
928 3191 1022 3231 sur
1043 3177 1244 3248 l‘esprit
1282 3178 1589 3245 d’intercst,
1624 3191 1678 3234 et
1705 3196 1796 3234 sur
1823 3179 1874 3234 la

292 3263 642 3332 Providence,
667 3269 927 3324 traduites
953 3286 1019 3325 en
1042 3270 1274 3339 franeois
1301 3287 1400 3345 par
1429 3289 1496 3336 un
1520 3271 1578 3326 P.
1613 3273 1832 3328 Jésuitc.

365 3353 583 3410 Italiae.
604 3389 672 3399 —-
696 3355 851 3411 1579.
889 3357 954 3412 In
984 3359 1206 3426 Milone,
1239 3378 1484 3433 oppresso
1511 3361 1702 3416 Micltel
1727 3362 1873 3426 Tmi;

289 3442 463 3496 in-l’i.
524 3443 687 3500 Libro
708 3446 759 3500 di
790 3445 1041 3503 Salviano
1069 3464 1300 3505 vescovo
1328 3450 1381 3504 di
1402 3450 1668 3521 Marsiglia
1696 3461 1876 3511 contra

289 3534 362 3603 gli
402 3533 688 3605 Spettacoli
717 3552 747 3590 e
775 3537 912 3592 altre
938 3538 1117 3592 vanita
1161 3539 1248 3594 del
1277 3541 1474 3596 mondo
1493 3583 1508 3607 ,
1540 3542 1778 3596 tradotto
1807 3544 1874 3596 da

291 3621 352 3675 S.
378 3620 532 3678 Cat-lo
557 3625 853 3694 Borromeo,
886 3644 994 3682 una
1022 3644 1140 3683 cum
1165 3629 1469 3685 Memoriale
1498 3632 1550 3684 di
1579 3635 1877 3703 monaignor
1908 3693 1912 3697 ,

290 3712 641 3770 illustrissimo
669 3732 698 3768 ε
731 3718 1151 3773 γειτονεηάίδδὶοηο
1180 3721 1446 3774 cardinale
1477 3721 1530 3775 di
1560 3721 1618 3776 S.
1646 3722 1878 3776 Prasede

291 3807 629 3872 arcivescora,
653 3808 708 3868 al
745 3825 836 3866 suo
870 3810 1046 3864 diletto
1078 3813 1265 3882 popolo
1289 3813 1425 3866 della
1446 3812 1599 3879 eme,
1630 3831 1658 3867 e
1677 3815 1878 3870 diocese

293 3899 345 3952 di
378 3899 598 3954 Milone.
641 3901 872 3973 Argelati
897 3901 1030 3958 Bibl.
1064 3904 1199 3975 dein
1237 3904 1526 3977 Volgarizz.
1555 3906 1615 3959 T.
1641 3906 1706 3961 ΙΙΙ
1731 3907 1874 3978 (Μὶ-

293 3990 414 4048 lano
449 3990 599 4055 i767,
624 3991 823 4065 iit-40.),
852 4007 972 4062 pag.
1002 3992 1125 4048 529.
1169 3994 1360 4050 Nescio
1381 4005 1580 4063 tamen,
1623 4013 1776 4060 unus,
1810 4013 1878 4052 an

294 4096 487 4136 omnes
515 4083 579 4138 de
606 4082 988 4140 Gubernatione
1024 4084 1124 4140 Dei
1154 4086 1274 4140 libri
1316 4087 1418 4143 hoc
1447 4087 1603 4142 titulo
1631 4103 1878 4159 compre-

297 4173 619 4232 hcudantur.

369 4266 524 4323 1705.
559 4268 626 4326 In
670 4271 954 4343 Avignone,
1002 4290 1246 4344 oppresso
1294 4273 1409 4335 Gio.
1458 4272 1660 4345 Robby;
1709 4273 1876 4329 ἕποιο.

1976 3182 2300 3238 bibliotheca
2327 3177 2635 3233 Colbertina
2678 3172 2880 3244 reperit
2915 3170 3162 3225 Baluzius
3199 3175 3256 3222 et
3295 3165 3360 3220 ad
3407 3180 3564 3220 curas

1977 3274 2168 3328 tertias
2196 3270 2455 3326 adhibuit.
2487 3269 2549 3322 ’5ο
2581 3266 2782 3321 Baluzii
2831 3264 3026 3329 codex,
3079 3257 3390 3316 monasterii
3429 3255 3562 3311 Cor-

1978 3362 2214 3418 beiensis
2255 3360 2386 3424 fuit,
2420 3357 2814 3413 vetustissimus
2841 3361 2896 3408 et
2924 3353 3138 3423 optima:
3167 3358 3326 3404 noue.
3353 3346 3561 3416 Quippe

1979 3470 2010 3509 a
2038 3452 2306 3509 sexcentis
2329 3450 2451 3504 inde
2476 3449 2630 3503 annis
2655 3447 2911 3516 scriptum
2932 3441 3270 3499 existimabat
3293 3446 3347 3493 et
3375 3450 3561 3492 exara-

1983 3553 2094 3598 tum
2125 3543 2252 3597 dicit
2277 3541 2345 3596 ab
2385 3540 2592 3595 erudita
2612 3553 2795 3602 manu,
2827 3550 2945 3606 qua:
2971 3531 3300 3602 diligentiam
3321 3536 3377 3583 et
3404 3527 3555 3582 indu-

1981 3637 2166 3690 striam
2185 3634 2324 3687 inter
2343 3633 2446 3686 alia
2467 3647 2534 3686 eo
2556 3636 2870 3700 argumento
2892 3625 3217 3698 probaverit,
3241 3622 3384 3692 quod
3404 3622 3562 3681 inter-

1981 3725 2297 3796 punctiones
2317 3721 2428 3777 fere
2448 3721 2645 3790 ubique
2664 3735 2885 3789 prorsus
2903 3718 3040 3771 bene
3061 3715 3335 3770 collocatae
3359 3718 3557 3767 essent.

1983 3815 2099 3871 Non
2140 3814 2376 3881 integros
2403 3820 2581 3866 tamen
2619 3818 2742 3864 octo
2787 3809 2954 3864 libros
2994 3805 3319 3862 continebat.
3348 3801 3562 3856 Submi-

1984 3905 2306 3962 nistraverat
2330 3917 2453 3958 eum
2476 3917 2543 3955 ex
2570 3899 2700 3954 bibl.
2731 3897 2788 3953 S.
2819 3897 3072 3954 Germani
3092 3895 3160 3950 de
3187 3892 3360 3948 Pratis
3392 3889 3561 3953 Lucas

1983 3995 2275 4053 Dacherius
2305 3993 2559 4050 Maurina:
2586 3990 3015 4059 congregationis
3042 3988 3241 4044 socius.

1985 4137 1992 4140 _
2051 4087 2138 4142 111.
2170 4085 2562 4157 Epistolarum:
2605 4083 2666 4136 1ο
2689 4083 2755 4138 de
2785 4081 2972 4137 Pithoei
3001 4080 3174 4139 cadiae
3203 4095 3310 4133 non
3331 4082 3560 4133 constat.

1980 4180 2045 4234 2ο
2080 4177 2280 4233 Baluzii
2307 4175 2627 4246 exemplaria
2681 4190 2788 4229 non
2818 4173 2920 4227 nisi
2949 4172 3081 4227 duas
3106 4171 3316 4249 priores
3355 4173 3411 4230 et
3431 4168 3562 4223 duas

1987 4270 2314 4344 poster-ictos
2340 4266 2707 4331 continebant.

1900 5013 1950 5067 ὲ
