4036 6180
316 309 379 366 25
1276 308 1365 364 DE
1401 299 1929 366 GUBERNATIONE
1968 309 2097 365 DEI.
2131 342 2199 352 —
2225 307 2615 393 PREFATIO.
3489 309 3559 366 96

326 459 2856 492 mm

1019 465 3554 494 W—m

1081 576 1748 691 SANGTI
1810 581 1840 620 ³
1889 581 2792 694 SALVIANI

1303 764 1936 828 MASSILIENSIS
1989 766 2562 827 PRESBYTER!

687 902 1020 1069 ’ΒΕ
1114 921 2680 1072 GUBERNATIONE
2772 928 3109 1066 DEI

1577 1155 1894 1239 OCTO
1968 1158 2276 1240 LIBRI

1353 1309 1504 1366 DATI
1537 1311 1626 1364 AD
1659 1312 1710 1363 S.
1732 1312 1760 1352 ι)
1785 1312 2104 1365 SALONIUM
2131 1313 2509 1367 EPISCOPUII.

1695 1561 2178 1669 praefatio.

377 1739 421 1806 ι
442 1733 641 1790 Sancto
683 1732 938 1804 episcopo
977 1730 1202 1788 Salonio
1241 1731 1526 1790 Salvianus
1566 1732 1794 1789 salutem
1825 1733 1880 1788 in
1906 1745 1955 1806 Α
1985 1731 2053 1788 ad
2081 1732 2301 1788 humani
2340 1733 2504 1791 oflicii
2533 1735 2796 1792 culturam
2825 1737 3225 1807 existimanmt,
3264 1750 3324 1796 ut
3349 1743 3562 1815 aliquod

308 1821 550 1881 Domino.
602 1823 799 1878 Omnes
834 1822 1124 1880 admodum
1161 1823 1431 1886 homines,
1479 1824 1570 1893 qui
1603 1823 1880 1893 pertinere

1986 1823 2286 1892 linguarum
2335 1841 2470 1896 opus
2517 1827 2696 1883 studio
2743 1828 3074 1897 ingeniorum
3114 1832 3463 1902 excuderent;
3513 1834 3563 1891 id

1487 1935 1824 1991 STEPHANI
1859 1934 2131 1990 BALUZII
2168 1936 2394 1993 NOTAE.

373 2027 488 2092 Quo
512 2026 736 2096 primum
762 2033 1000 2096 tempore
1018 2025 1117 2096 bos
1144 2025 1308 2096 libros
1327 2040 1357 2079 a
1388 2026 1540 2080 nobis
1569 2026 1879 2081 emendatos

308 2099 577 2152 emisimus
605 2097 657 2153 in
683 2095 969 2165 publicum,
993 2095 1205 2165 titulum
1236 2095 1395 2148 talem
1418 2097 1728 2163 reliquimus
1748 2112 1880 2165 qua-

308 2167 408 2220 lem
439 2163 811 2220 inveneramus
841 2165 890 2216 in
917 2165 1150 2218 editione
1176 2163 1318 2218 Petri
1349 2165 1539 2219 Pithmi
1561 2166 1660 2218 viri
1691 2163 1878 2220 claris-

309 2235 443 2299 simi,
474 2235 837 2290 existimantes
863 2233 1008 2288 illum
1031 2232 1188 2288 fuisse
1210 2249 1361 2286 usum
1383 2235 1548 2288 veteri
1577 2235 1760 2288 codice
1781 2236 1880 2290 bo-

413 2314 555 2377 nota:
576 2305 628 2377 in
657 2319 765 2377 quo
785 2303 1021 2377 episcopi
1048 2318 1249 2377 nomen
1265 2302 1514 2358 Salviano
1538 2304 1877 2377 tribueretur.

309 2375 517 2429 Nullum
537 2367 753 2438 enim-in
784 2367 887 2428 hoc
915 2367 1034 2429 loco
1052 2367 1344 2427 subsidium
1373 2388 1684 2441 coriiparare
1708 2375 1883 2442 potui-

307 2460 424 2499 mus
436 2461 506 2500 ex
520 2444 705 2499 codice
718 2443 1047 2507 Corbeiensl,
1060 2443 1301 2512 quamvis
1320 2443 1688 2512 antiquissimo
1708 2451 1763 2497 et
1783 2459 1882 2512 op-

308 2515 457 2578 timo,
485 2516 611 2582 quia
639 2514 868 2582 primum
897 2512 1012 2582 ejus
1040 2511 1223 2566 lolium
1251 2511 1635 2582 deest.Postea
1647 2527 1775 2567 vero
1790 2511 1885 2566 de-

344 2581 682 2638 rehendimus
706 2583 942 2637 codicem
964 2581 1318 2644 Pithoeanum,
1345 2581 1437 2650 qui
1465 2597 1607 2637 nunc
1627 2591 1799 2636 exstat
1828 2583 1882 2638 in

344 2600 682 2638 renenmmus
706 2600 942 2637 COGlcem
964 2600 1318 2644 runmanum,
1345 2600 1437 2650 (ιυι
1465 2600 1607 2637 nunc
1627 2600 1799 2636 exstat
1828 2600 1882 2638 m

307 2600 632 2708 Bibliotheca
646 2653 971 2714 Colhcrtlna,
989 2667 1092 2705 non
1107 2665 1224 2705 esse
1239 2658 1495 2716 veterem,
1516 2651 1756 2720 adeoque
1777 2668 1884 2707 non

311 2738 430 2802 eam
453 2723 650 2802 habere
669 2722 1046 2802 auctoritatem
1056 2728 1127 2802 .ut
1138 2720 1300 2802 nobis
1322 2721 1596 2802 imponere
1610 2723 1784 2802 possit
1804 2722 1886 2802 ul-

310 2792 416 2845 lam
429 2792 798 2848 necessitatem
809 2789 1068 2859 retinendi
1092 2790 1301 2850 titulum
1321 2789 1412 2859 qui
1434 2789 1642 2844 veritati
1665 2792 1881 2846 resistit.

309 2861 643 2916 Manifestum
665 2861 804 2914 enim
820 2869 901 2913 est
914 2858 1217 2914 Salvianum
1236 2858 1346 2930 non
1371 2859 1532 2916 fuisse
1553 2861 1882 2930 episcopum.

310 2931 465 2996 Quod
494 2932 538 2984 si
559 2932 672 3000 ejus
695 2930 1064 2989 auctoritatem
1087 2929 1248 3001 sequi
1267 2929 1444 3001 lubet,_
1458 2931 1571 3000 ipse
1591 2929 1888 3001 presbyteri

308 3009 522 3053 tantum
548 2998 805 3054 benorem
837 3007 1056 3067 usurpat
1083 2999 1136 3068 la
1166 2998 1391 3068 epistola
1419 2998 1492 3065 8,‘
1510 2998 1628 3068 qua:
1655 2998 1776 3053 data
1807 3007 1890 3054 est

309 3069 389 3150 ad
419 3068 735 3150 Eucherium
764 3067 1733 3150 θρὶεορρυηιηιυεάιξῃθηὲβςηξμῖνος
1765 3070 1889 3150 hinc

309 3147 463 3193 ortus
487 3138 632 3208 quod
654 3139 703 3191 in
730 3135 1042 3208 quibusdam
1063 3135 1323 3192 Gennadii
1346 3139 1665 3194 editionibus
1683 3138 1892 3193 dicatur

307 3207 559 3289 humilias
576 3210 843 3289 episcapus
865 3211 1030 3279 {actus
1054 3208 1246 3289 maltas
1265 3210 1790 3289 composuissentgum
1813 3209 1889 3289 le-

307 3279 542 3346 gendum
571 3277 641 3331 sit
668 3277 1128 3347 ad’epis‘coposvel
1155 3277 1405 3347 episcopis
1435 3280 1620 3346 factas.
1655 3277 1787 3330 Nam
1811 3278 1890 3330 vir

309 3348 570 3417 eloquens
588 3355 644 3401 et
664 3346 851 3401 doctus
877 3346 1126 3417 homilias
1147 3346 1419 3417 scribebat
1438 3361 1556 3415 qua:
1582 3347 1890 3417 abiepisco-

309 3420 394 3486 pis
419 3415 615 3472 deinde
645 3416 1087 3486 recitabantur'in
1118 3416 1361 3471 ecclesia.
1394 3415 1511 3470 Jam
1533 3416 1674 3484 quod
1697 3417 1749 3469 in
1775 3417 1892 3486 ipso

307 3485 490 3542 Statim
520 3485 884 3556 initiodicitur
903 3494 1137 3556 sanctus,
1160 3501 1278 3540 cum
1303 3494 1478 3556 tamen
1503 3487 1584 3556 (ut
1603 3485 1891 3556 Bollandns

315 3566 542 3611 annotat
561 3555 625 3610 ad
654 3555 795 3609 diem
827 3554 891 3607 16
918 3554 1172 3622 Januarii)
1198 3570 1370 3624 neque
1396 3554 1639 3609 MasSilim
1664 3555 1890 3617 colatur,

311 3642 489 3695 neque
517 3626 676 3692 vulgo
702 3633 919 3680 sanctus
947 3625 1225 3695 habeatur,
1253 3623 1506 3695 nOnnulla
1543 3625 1631 3695 hic
1667 3623 1893 3695 dicenda

309 3691 437 3749 sunt
467 3697 518 3749 in
549 3691 770 3762 gratiam
800 3695 1032 3749 lectoris.
1064 3691 1279 3748 Certum
1308 3703 1389 3749 est
1409 3694 1736 3758 Salvianum,
1767 3693 1893 3748 dum

311 3767 538 3828 viveret,
565 3773 808 3819 sanctum
837 3772 892 3818 et
918 3763 1280 3817 beatissimum
1303 3765 1472 3818 virum
1503 3763 1701 3817 dictum
1731 3763 1893 3818 fuisse

310 3836 380 3888 ah
411 3834 617 3888 llilario
637 3834 888 3903 episcopo
918 3833 1214 3888 Arelatensi
1235 3835 1376 3888 etab
1397 3833 1662 3888 Eucherio
1684 3832 1894 3900 Lugdu-

311 3906 504 3969 nensi;
536 3913 751 3974 recepto
770 3903 1019 3974 videlicet
1038 3918 1189 3974 more
1223 3919 1321 3974 per
1347 3918 1439 3974 eas
1462 3910 1808 3974 tempestates
1836 3910 1896 3956 ut

309 3974 555 4043 episcopi
583 3982 638 4028 et
658 3972 954 4043 presbyteri
976 3972 1132 4040 vulgo
1152 3973 1320 4028 sancti
1339 3987 1402 4043 ac
1420 3972 1713 4027 beatissimi
1740 3987 1896 4026 voca-

308 4035 522 4106 réntur',
545 4035 679 4098 sicut
697 4035 974 4113 nos-hodie
988 4035 1298 4113 episcopum
1321 4042 1619 4113 Romanum
1640 4056 1896 4113 vocamus

309 4113 702 4169 sanctissimum
724 4128 787 4167 ac
807 4108 1188 4167 beatissimum:
1205 4108 1586 4170 Perseverabat
1607 4111 1746 4165 idem
1769 4127 1896 4165 usus

310 4184 476 4237 etiam
498 4195 618 4252 post
634 4191 882 4246 mortem,
901 4189 958 4235 ut
977 4189 1123 4251 patet
1139 4196 1204 4236 ex
1226 4180 1572 4252 Hieronymo,
1589 4181 1679 4250 qui
1701 4181 1896 4252 alicubi

311 4251 659 4320 conqueritur
677 4253 956 4320 episcopos
975 4267 1004 4304 a
1025 4251 1422 4309 successoribus
1433 4251 1550 4305 suis
1561 4259 1614 4304 et
1635 4265 1664 4304 a
1688 4251 1897 4319 populis

310 4323 364 4374 in
395 4322 624 4376 ecclesia
653 4322 876 4385 laudari,
908 4328 963 4374 et
987 4328 1109 4390 post
1136 4329 1364 4375 mortem
1399 4321 1504 4390 dici
1527 4321 1736 4390 beatos,
1767 4334 1897 4390 quo-

311 4405 433 4445 rum
451 4392 557 4445 vita
574 4392 813 4446 fortassis
827 4406 856 4444 a
873 4389 1156 4445 sanctitate
1169 4390 1353 4459 procul
1367 4389 1625 4444 abfuerat.
1645 4389 1796 4459 Quod
1816 4389 1898 4442 in-

313 4461 458 4516 dicat
478 4471 679 4530 _morem
702 4461 879 4516 saeculi
901 4456 1318 4530 Hieronymiani,
1336 4474 1444 4528 quo
1466 4459 1674 4512 vivebat
1693 4456 1899 4530 Salvia-

310 4547 436 4585 nus.
463 4525 635 4600 Atque
664 4531 712 4585 id
739 4543 867 4600 eum,
900 4530 1064 4600 aliqui
1100 4525 1207 4600 non
1239 4525 1612 4600 intelligerent,
1643 4541 1782 4600 aagre
1823 4527 1900 4582 fe-

311 4603 510 4678 rebant
557 4599 808 4663 Faustum
838 4598 1112 4678 _Reiorum
1158 4598 1543 4678 Apollinarium
1583 4598 1896 4678 episcopum

1981 2041 2132 2099 more
2160 2025 2243 2099 sui
2260 2027 2466 2099 saeculi,
2501 2036 2676 2099 tamen
2723 2029 2821 2084 etsi
2863 2031 3076 2099 publico
3105 2031 3250 2087 cultu
3280 2048 3386 2087 non
3425 2035 3563 2089 cele-

1979 2094 2164 2149 bretur
2185 2096 2236 2150 ln
2260 2095 2516 2151 Ecclesia.
2550 2097 2681 2151 Nam
2703 2099 2842 2154 haud
2864 2094 3022 2156 dubie
3042 2101 3193 2154 multi
3214 2111 3338 2156 sunt
3357 2102 3410 2156 in
3430 2105 3563 2160 cmlo

1982 2165 2150 2240 sancti
2173 2166 2266 2240 qui
2296 2167 2435 2234 apud
2461 2182 2559 2240 nos
2584 2169 2982 2240 nonhabentur
3003 2171 3055 2224 in
3084 2172 3353 2240 catalogo.

2057 2244 2082 2271 α
2107 2234 2415 2290 Salvianum
2444 2237 2658 2290 natione
2679 2236 2861 2291 Afrum
2889 2239 3049 2294 fuisse
3067 2234 3306 2294 nonnulli
3329 2242 3564 2298 credideo

1983 2304 2652 2380 runt_,-plerique_Gallum,
2666 2307 3024 2380 probabilibus
3051 2310 3262 2378 utrique
3279 2326 3565 2380 argumen-

1984 2374 2074 2451 tis.
2103 2373 2235 2451 Nam
2262 2383 2318 2428 et
2334 2375 2534 2451 Africa:
2564 2373 2716 2429 terrae
2732 2378 3046 2451 vastitatem
3067 2385 3121 2451 et
3141 2373 3562 2451 eicidia'singil-

1984 2442 2132 2514 latim
2175 2443 2446 2514 describit,
2474 2451 2586 2498 tum
2613 2445 2973 2514 prodigiosam
3020 2446 3269 2502 Afrorum
3298 2442 3562 2504 temulén-

1984 2512 2114 2587 tiam
2139 2527 2203 2566 ac
2230 2512 2552 2587 dementiam
2579 2512 3000 2587 indignabundus
3021 2519 3273 2586 exagitat,
3297 2527 3564 2587 tamquam

1985 2583 2067 2656 _sui
2087 2590 2286 2656 essent,
2311 2591 2365 2656 et
2391 2581 2662 2656 Gallorum
2693 2585 2822 2638 item
2844 2581 3391 2656 amentiam'deplorat
3418 2581 3566 2643 accr-

1984 2651 2222 2717 bissime,
2259 2653 2349 2726 qui
2371 2661 2495 2722 post
2519 2653 2732 2726 urbium
2759 2669 2825 2726 ac
2836 2651 3240 2726 provinciarum
3258 2658 3566 2726 populatio-

1985 2737 2129 2786 nem,
2161 2731 2283 2790 post
2305 2722 2724 2777 luctuosissimas
2748 2722 3096 2787 calamitates,
3127 2722 3361 2779 animum
3391 2727 3566 2781 adhuc

1985 2791 2290 2865 retinebant
2313 2807 2630 2865 conversum
2645 2792 2722 2865 ad
2737 2794 3057 2865 voluptates,
3075 2795 3141 2848 ad
3156 2795 3475 2865 voluptates,
3493 2797 3568 2849 in-

1987 2875 2168 2933 quam,
2185 2860 2360 2933 divina
2379 2862 2494 2928 lege
2518 2863 2812 2930 prohibitus
2838 2860 2892 2918 et
2912 2864 3067 2918 bonis
3095 2860 3334 2918 moribus
3354 2860 3567 2933 semper

1988 2929 2581 3002 adversas.Erraverunt
2599 2939 2776 3002 tamen
2793 2933 2884 3002 qui
2898 2947 3020 2986 eum
3035 2940 3358 3002 putaverunt
3373 2935 3423 2986 in
3439 2929 3570 2988 Arrio

1988 3015 2052 3054 ca
2073 3006 2274 3071 natum.
2297 3001 2424 3071 Nam
2441 3001 2625 3071 etipse
2645 3017 2704 3055 se
2721 3000 2904 3055 Gallia:
2916 3018 3022 3056 non
3037 3000 3272 3057 obscure
3299 3004 3569 3071 adjudicat

1989 3069 2170 3138 multis
2183 3068 2233 3121 in
2248 3069 2396 3130 locis,
2417 3069 2507 3124 sed
2520 3070 2783 3138 praecipue
2795 3071 2846 3124 in
2868 3071 3002 3124 libro
3013 3089 3083 3126 vu
3094 3072 3160 3126 de
3171 3068 3570 3128 GubernatiOne

1990 3136 2103 3211 Dei,
2123 3152 2243 3206 pag.
2264 3138 2382 3202 15:2,
2403 3139 2490 3192 ubi
2515 3136 2635 3211 cum
2657 3136 2919 3211 variarum
2933 3139 3159 3211 Europa:
3175 3142 3566 3210 provinciarum

1990 3207 2129 3284 mala
2151 3217 2468 3284 enarrasset,
2498 3208 2713 3284 demum
2746 3210 2861 3284 _hmc
2886 3210 3035 3284 addit
3055 3207 3092 3284 Δε’
3112 3207 3230 3284 διέιίΔ
3257 3229 3363 3284 ego,
3391 3214 3572 3284 loquor

1993 3275 2055 3328 de
2095 3276 2244 3346 longe
2268 3279 2445 3346 positis
2481 3286 2530 3330 et
2557 3279 2703 3348 quasi
2740 3280 2794 3332 in
2842 3280 2946 3332 alio
2986 3279 3105 3333 orbe
3148 3275 3425 3339 submotis.
3454 3275 3570 3334 cum

1995 3347 2156 3420 sciam
2189 3348 2417 3420 etiamin
2439 3348 2548 3401 solo
2572 3347 2742 3420 patrio
2773 3358 2926 3420 alque
2952 3351 3006 3401 in
3035 3349 3320 3420 civitatibus
3342 3351 3571 3420 Gallica-

1997 3416 2078 3486 nis
2124 3431 2298 3469 omnes
2333 3418 2493 3486 ferme
2519 3416 2865 3486 prwgelsiore's
2893 3419 3026 3472 uiros
3066 3418 3439 3474 calamitatibus
3468 3421 3572 3473 suis

1997 3485 2161 3556 factos
2183 3486 2344 3553 fuisse
2371 3485 2896 3556 pejorfsalieliquum
2920 3495 3003 3540 est
3031 3489 3191 3555 igitur
3210 3498 3268 3542 ut
3288 3489 3573 3556 investige-

1997 3551 2115 3608 inus
2145 3551 2195 3606 in
2227 3551 2467 3623 quanam
2495 3551 2784 3623 Galliarum
2832 3564 2986 3623 parte
3031 3551 3180 3610 ortus
3228 3557 3405 3611 fuerit.
3438 3551 3572 3611 cum

1997 3637 2118 3676 eum
2147 3622 2362 3706 quidam
2393 3623 2715 3706 Aquitanum
2734 3622 3132 3706 fuissepatent,
3163 3625 3572 3706 aliia'l‘reyeren:

1996 3707 2130 3762 sem,
2167 3693 2292 3762 mihi
2322 3694 2489 3761 magis
2511 3693 2687 3762 placet
2721 3693 2941 3749 Auberti
2969 3693 3131 3748 Mirmi
3161 3694 3422 3749 sententia
3443 3735 3458 3760 ,
3483 3695 3573 3762 qui

1996 3761 2234 3844 Golonia:
2253 3761 2555 3844 Agrippina:
2583 3763 2764 3844 aut.
2791 3763 2984 3844 vicinia
3014 3772 3194 3844 ngat-um
3224 3778 3343 3844 esse
3370 3761 3572 3819 scribit.

1995 3831 2114 3903 ipse
2134 3832 2280 3903 enim
2295 3830 2575 3886 Salvianus
2603 3834 2654 3886 in
2685 3832 2822 3888 libro
2845 3849 2878 3886 v
2921 3833 2987 3887 de
3015 3830 3430 3898 Gubernationc,
3451 3848 3574 3903 pag.

1997 3899 2122 3966 125,
2150 3901 2218 3955 de
2239 3899 2483 3956 Treveris
2502 3915 2683 3970 agens,
2717 3917 2810 3958 eos
2833 3903 3033 3958 vicinos
3051 3917 3177 3957 suos
3204 3913 3379 3958 vocat.
3410 3899 3484 3958 Ac
3511 3899 3577 3958 uo

1995 3971 2411 4041 quis’iopponere
2432 3972 2601 4041 possit
2624 3973 2710 4027 hic
2739 3988 2844 4026 non
2865 3973 2950 4040 agi
2971 3972 3038 4026 de
3059 3971 3321 4038 Treveris,
3343 3990 3461 4029 cum
3484 3989 3578 4028 eos

1997 4039 2278 4095 Salvianus
2321 4039 2451 4095 non
2477 4041 2719 4096 nominet
2765 4042 2869 4096 hoc
2910 4039 3062 4107 loco,
3093 4044 3451 4099 consulendus
3495 4052 3577 4098 est

1999 4109 2113 4180 ipse
2156 4109 2243 4180 in_
2264 4111 2473 4179 paginis
2527 4109 2630 4164 155
2677 4119 2733 4165 et
2774 4110 2903 4176 156,
2961 4111 3052 4165 ubi
3102 4113 3211 4180 agit
3262 4114 3329 4168 de
3370 4113 3577 4167 excidio

1998 4177 2146 4249 urbis
2201 4177 2584 4242 Treverensis,
2639 4195 2800 4249 quam
2845 4181 3045 4249 apertis
3093 4177 3271 4236 verbis
3336 4191 3577 4236 exustam

1998 4248 2162 4321 fuisse
2183 4249 2700 4321 _scrihit,_simulqu_e
2746 4248 3029 4321 populares
3057 4266 3183 4304 suos
3214 4251 3453 4321 increpat
3489 4251 3580 4305 du-

1999 4319 2249 4384 riuscule,
2282 4319 2426 4386 quod
2454 4334 2575 4374 cum
2597 4319 2853 4373 vidissent
2878 4319 3108 4373 vicinam
3135 4319 3402 4375 civitatem
3425 4321 3580 4375 arde~

1999 4403 2089 4459 re,
2127 4402 2234 4459 non
2285 4389 2564 4459 timebant.
2601 4387 2778 4459 _Miraai
2823 4390 3142 4443 sententiam
3182 4390 3374 4459 probat
3419 4391 3580 4459 etiam

2001 4456 2225 4526 epistola
2253 4458 2426 4526 prima
2469 4457 2725 4522 Salviani,
2757 4456 2810 4512 in
2839 4471 2943 4526 qua
2981 4459 3156 4513 amico
3184 4456 3580 4514 commendans

2002 4527 2398 4582 adolescentem
2416 4526 2701 4595 quemdam
2729 4527 3084 4596 propinquum
3115 4543 3287 4592 suum,
3310 4528 3383 4581 ita
3407 4527 3578 4596 loqui-

2002 4604 2091 4650 tur
2115 4614 2128 4648 :
2161 4596 2469 4652 Adolescens
2490 4613 2636 4668 quem
2658 4597 2726 4648 ad
2755 4613 2838 4651 ros
2862 4599 2998 4660 misi,
3025 4597 3322 4668 Agrippina
3343 4613 3457 4650 cum
3478 4599 3582 4650 suis

313 4669 497 4724 vocari
547 4679 793 4747 sanctum
838 4669 890 4722 in
917 4668 1075 4747 titulo
1105 4665 1343 4747 epistola:
1390 4682 1550 4747 quam
1590 4665 1803 4747 scripsit
1831 4665 1897 4720 ad
1927 4684 1974 4747 α
2007 4675 2186 4747 captus
2215 4677 2310 4729 est,
2334 4665 2592 4747 quondam
2619 4667 2752 4747 iam
2778 4683 2895 4721 suos
2922 4682 3024 4747 nan
3047 4665 3461 4747 _aominia,
3503 4669 3583 4736 fa-

313 4754 665 4810 anonymuin,
696 4739 1056 4810 tacitouetiam
1085 4733 1333 4810 auctoris
1358 4733 1591 4810 nomine.
1626 4733 1901 4810 Et'tamen

312 4809 400 4865 hic
426 4805 542 4878 ipse
574 4805 817 4871 Faustus,
845 4807 934 4862 diu
964 4815 1089 4862 ante
1117 4821 1278 4878 quam
1305 4807 1456 4862 lieret
1477 4807 1775 4878 episcopus,
1792 4805 1901 4878 _di-

312 4874 560 4938 ctus—est
587 4887 803 4932 sanctus
846 4878 900 4931 in
941 4874 1170 4932 concilio
1214 4874 1524 4932 Arelatensi
1557 4893 1631 4939 ιιι,
1663 4874 1762 4930 Sub
1792 4874 1900 4929 Ra-

313 4949 516 5003 vennio
549 4948 732 5002 habito
757 4962 899 5002 anno
926 4944 1032 4999 455
1079 4947 1130 5000 in
1161 4961 1322 5002 causa
1351 4945 1620 5015 Theodori
1663 4945 1901 5015 episcopi

314 5018 706 5084 Forojuliensis
731 5023 786 5070 et
812 5015 992 5070 Fausti
1019 5022 1149 5071 tunc
1177 5016 1383 5070 abbatis
1404 5013 1712 5080 Lirinensis,
1741 5013 1902 5069 idem-

312 5104 422 5156 que
455 5103 484 5140 a
525 5087 769 5156 Dinamio
797 5094 853 5140 et
897 5085 1171 5156 llonorato
1210 5087 1322 5141 sive
1350 5085 1644 5156 Ravennio,
1685 5084 1775 5156 qui
1815 5099 1902 5138 res

312 5153 504 5224 gestas
531 5155 745 5210 Maximi
774 5156 1009 5226 episcopi
1039 5155 1280 5210 Reiensis
1320 5163 1376 5209 ct
1397 5155 1589 5226 ﬂilarii
1619 5153 1899 5226 Arelaten-

315 5222 393 5280 sis
423 5241 525 5296 per
554 5241 616 5279 ea
649 5222 888 5296 tempora
918 5222 1366 5296 conscripserunt.
1397 5223 1464 5296 Et
1490 5224 1581 5278 diu
1613 5231 1734 5292 post
1773 5222 1899 5296 fata,

317 5292 470 5349 anno
510 5292 1213 5364 nimirum—quingentesimo
1255 5294 1523 5364 trigesimo
1551 5292 1903 5364 quarto,7C;:e-

317 5381 375 5417 sa
384 5368 497 5418 rius
517 5359 1156 5433 cpiscopus‘Arelatensis
1179 5365 1257 5418 sic
1277 5359 1550 5432 cujusdam
1568 5359 1798 5433 concilii
1813 5359 1908 5420 Pa-

319 5444 434 5488 tres
465 5431 756 5502 alloquitur
782 5434 832 5487 in
857 5449 1015 5487 causa
1035 5431 1417 5488 Contumeliasi
1442 5431 1675 5502 episcopi
1709 5431 1873 5502 Reien
1893 5461 1906 5472 -

317 5505 397 5558 sis
429 5523 441 5554 :
473 5503 544 5573 Et
572 5500 800 5557 Faustus
827 5505 1090 5573 cpiscopus
1119 5513 1324 5557 sanctus
1353 5505 1408 5556 in
1455 5500 1671 5573 epistola
1701 5500 1905 5573 suadi-

321 5577 417 5626 Jil.
453 5572 632 5638 Quare
662 5570 864 5626 mirum
882 5570 1046 5627 videri
1071 5589 1174 5626 non
1202 5573 1361 5625 debet
1380 5570 1522 5640 quod
1545 5573 1594 5624 in
1627 5570 1782 5624 titulo
1811 5570 1907 5640 lio-

318 5659 447 5696 mm
493 5643 750 5696 librorum
779 5644 1072 5705 Salvianus,
1121 5643 1172 5695 in
1202 5657 1309 5710 quo
1338 5639 1593 5710 printerca
1623 5655 1798 5693 mores
1829 5639 1903 5691 in-

319 5714 576 5784 culpatos
622 5712 783 5765 fuisse
829 5729 984 5765 nemo
1027 5712 1269 5780 ambigit,
1322 5720 1536 5766 sanctus
1575 5710 1765 5765 dicitur
1810 5726 1908 5780 pro

2003 4736 2148 4789 milia
2183 4751 2286 4789 non
2324 4735 2587 4800 obscurus,
2621 4736 2772 4806 domo
2811 4753 2909 4790 non
2938 4735 3281 4804 despicabilis,
3311 4745 3361 4790 et
3389 4736 3450 4790 de
3483 4735 3580 4806 quo

2005 4806 2448 4878 fortassealiquid
2481 4806 2702 4878 amplius
2731 4805 2946 4878 dicerent
2973 4806 3078 4878 nisi
3103 4805 3582 4878 propinquusms

2005 4873 2153 4956 esset.
2176 4873 2623 4956 atremfrgo'is
2654 4876 2717 4929 de
2747 4891 2843 4956 qua
2872 4875 3016 4956 ilico,
3045 4873 3342 4956 Agrippina:
3384 4875 3582 4956 viduam

2005 4945 2229 5026 (elicuit,
2260 4954 2365 5001 etc.
2399 4943 2894 5026 llirieergo’eomici
2920 4943 3584 5026 puto'Salvia‘numpati-ia

2006 5012 2446 5084 Agrippinensem
2478 5015 2658 5070 fuisse.
2685 5012 2937 5074 Fueritne
2957 5015 3024 5070 ab
3053 5015 3206 5070 initio
3232 5012 3585 5076 Christianus,

3477 5099 3587 5136 1101)

2082 5221 2108 5258 ι)
2139 5221 2360 5276 Incertae
2389 5218 2533 5273 sedis
2561 5217 2888 5288 episcopum.
2922 5217 3058 5272 Sunt
3076 5218 3175 5288 qui
3219 5214 3589 5288 Genavenscm

2008 5290 2169 5345 fuisse
2197 5297 2401 5355 putent,
2434 5288 2521 5341 alii
2549 5287 2904 5351 Genuensem,
2941 5288 3029 5341 alii
3056 5287 3285 5355 denique
3317 5287 3586 5341 Viennen-

2009 5376 2144 5418 sem.
2176 5355 2340 5414 Filius
2371 5359 2414 5412 is
2443 5365 2559 5412 erat
2593 5355 3104 5427 Eucherii_episcopi
3135 5355 3526 5427 Lugdunensis,
3557 5370 3588 5407 λ

2011 5446 2122 5500 quo
2141 5428 2371 5500 traditus
2400 5428 2461 5500 in_
2482 5427 2817 5500 disciplinam
2845 5423 3101 5500 Salviano
3123 5423 3296 5500 fuerat
3313 5441 3442 5500 _cum
3484 5423 3588 5500 fra-

2015 5446 2122 5500 quo
2149 5443 2371 5484 traditus
2400 5443 2451 5482 m
2482 5443 2610 5483 (lISCl
2655 5443 2817 5480 unam
2845 5443 3097 5481 eatvtano
3123 5443 3296 5482 luerat
3323 5443 3442 5480 cum
3484 5443 3588 5478 ira-

2015 5509 2097 5552 tre
2141 5498 2372 5553 Verano.
2419 5497 2585 5567 llujus
2612 5443 3058 5567 galoniimexstat
3089 5496 3278 5567 brevis
3312 5494 3588 5567 Espositio

2013 5569 2065 5622 iu
2098 5567 2383 5621 Parabolas
2402 5562 2724 5631 Salomonis,
2748 5574 2802 5619 ct
2824 5565 3098 5635 Expositio
3127 5563 3345 5634 mystica
3372 5564 3421 5617 in
3445 5562 3584 5635 ejus:

2016 5638 2134 5760 ill‘t'tll
2166 5637 2467 5755 Salomonis
2499 5637 2890 5694 Ecclesiasten).
2911 5633 2917 5635 Ἴ
2939 5636 3066 5691 Vide
3110 5633 3241 5691 infra
3271 5635 3322 5689 it!
3355 5634 3495 5690 uotis
3522 5633 3590 5688 ad

2037 5717 2179 5760 ntust.
2217 5743 2230 5759 ι
2251 5744 2264 5760 .

2037 5709 2179 5779 flpi'st.
2215 5708 2264 5761 ἱ).
