4006 6182
410 258 473 312 3|
1068 290 1095 299 η

1369 258 1423 314 S.
1466 258 1775 314 SALVIANI
1815 258 2266 315 MASSTMENSIS
2304 258 2723 316 PRESBYTERI

3593 264 3682 321 32

409 372 588 458 mittiz
630 374 762 461 qui?
807 381 1194 461 necneoorceat
1230 374 1400 461 malos
1427 389 1528 429 nec
1556 382 1769 429 tueatur
1790 378 1984 436 bonos,
2016 383 2067 440 Α
2093 376 2273 442 lugere
2300 376 2570 444 gestiunt:
2614 373 2806 429 inlirmi
2850 382 3005 441 sunt,
3049 374 3355 432 inilrmitate
3396 378 3672 436 lattantur.

400 441 492 545 ,ξε
513 441 746 552 ﬁliai—aii
771 442 1456 552 béegtﬁdoﬁeterﬁe'pi
1480 461 1766 547 {dmodum
1791 474 1986 520 snitum

386 537 544 610 ‘ésié
564 537 912 623 ἦηὶειὶἇηήἷιος·
924 541 1113 612 ᾗόῐῶἱ
1129 544 1353 626 ’ᾁήᾡέ
1368 537 1553 612 icisse-5
1569 558 1621 611 in
1650 564 1985 627 paupertate,

300 697 319 714 ,
360 647 583 722 Δ,ξηίξιρε
603 647 1049 722 .in.a_bund_antia_;
1079 649 1343 722 bonosin
1374 647 1708 715 infirmitate,
1738 649 1909 704 malos
1934 649 1987 703 in

235 807 313 839 ’⁸⁸
357 807 631 893 ’⁶ξςαῖιῖῧοξ
665 807 956 881 ῖδῖῒῆοὲθὶη
1003 807 1238 881 ηἶὶέειῗίετ
1259 807 1694 896 ἓῖἶὼὶἒὶιῶἲιό,
1737 807 1908 882 malos
1936 828 1989 882 in

409 917 769 986 prosperitate
813 925 868 972 et
903 917 1181 985 dignitate.
1232 915 1469 970 Primum
1507 916 1666 984 igitur
1700 917 1769 971 ab
1809 917 1874 971 iis
1899 916 1991 985 qui

408 1009 514 1062 hoc
545 1008 619 1061 ita
649 1023 769 1063 esse
810 1008 890 1062 vel
938 1008 1124 1063 dolent
1162 1007 1246 1061 vel
1287 1014 1568 1072 accusant,
1601 1006 1726 1062 illud
1755 1006 1989 1076 requiro,

408 1100 477 1153 de
506 1101 704 1156 sanctis
731 1099 856 1163 hoc,
890 1100 941 1153 id
969 1106 1080 1163 est,
1110 1099 1177 1153 de
1203 1098 1345 1153 veris
1371 1114 1434 1153 ac
1463 1097 1704 1152 ﬁdelibus
1730 1097 1990 1152 Christia-

409 1191 512 1257 nis,
543 1206 610 1246 an
641 1192 708 1247 de
735 1190 883 1246 falsis
926 1198 982 1245 et
1021 1190 1403 1260 impostoribus
1428 1189 1666 1244 doleant.
1707 1186 1763 1242 Si
1792 1188 1860 1243 de
1886 1186 1990 1242 fal-

408 1282 512 1347 sis;
565 1279 865 1351 superﬂuus
892 1279 1073 1345 dolor,
1115 1280 1208 1348 qui
1246 1279 1419 1333 malos
1452 1277 1633 1333 doleat
1667 1294 1775 1334 non
1803 1278 1993 1333 beatos

409 1386 558 1437 esse;
606 1385 727 1427 cum
773 1371 960 1439 utique
1006 1371 1331 1439 quicumque
1377 1369 1503 1423 mali
1550 1377 1709 1433 sunt,
1740 1385 1989 1428 successu

408 1474 587 1515 rerum
631 1460 927 1515 deteriores
974 1459 1134 1524 liant,
1181 1459 1473 1528 gaudentes
1518 1460 1619 1515 sibi
1657 1462 1713 1531 6
1740 1461 1991 1530 nequitia:

407 1550 645 1604 studium
679 1549 817 1604 bene
845 1549 1070 1616 cedere;
1111 1556 1166 1604 et
1206 1549 1326 1603 ideo
1356 1549 1438 1604 vel
1467 1548 1537 1604 ob
1561 1549 1667 1605 hoc
1694 1549 1866 1620 ipsum
1890 1549 1988 1606 mi-

409 1639 620 1695 serrimi
650 1654 768 1694 esse
793 1638 991 1693 debent
1018 1646 1079 1692 ut
1105 1638 1230 1692 mali
1260 1653 1380 1692 esse
1406 1638 1684 1702 desistant,
1713 1637 1988 1693 vindican-

2088 466 2214 521 Cum
2263 469 2436 533 enim,
2465 466 2636 536 inquit
2666 466 2984 535 Apostolus,
3034 467 3289 538 inﬁt-mor,
3333 477 3451 522 tunc
3485 481 3677 540 potens

2086 572 2200 610 sum
2226 557 2291 627 (ll
2321 556 2440 611 Cor.
2469 573 2560 623 xu,
2591 555 2701 627 10).
2762 556 2871 611 Nec
2917 557 3187 613 immerito
3232 559 3311 615 sic
3351 560 3671 626 arbitratur,

2088 646 2153 702 ad
2180 660 2340 717 quem
2376 646 2519 702 Deus
2554 646 2669 715 ipse
2703 645 2780 701 sic
2808 647 3078 716 loquitur:
3129 647 3332 718 Suﬂicit
3374 650 3462 705 tibi
3495 654 3675 721 gratia

2078 751 2242 790 mea:
2273 752 2395 790 nam
2422 737 2582 790 virtus
2626 737 2682 790 in
2724 736 3032 807 inﬁmitate
3074 738 3342 808 perﬁcitur
3367 738 3550 808 (Ibid.,
3580 740 3669 810 9).

2087 823 2436 894 Nequaquam
2464 838 2592 893 ergo
2615 824 2773 880 nobis
2807 824 3034 880 dolenda
3063 833 3146 880 est
3190 825 3304 882 hate
3333 826 3548 882 afflictio
3575 829 3674 882 in-

2090 912 2394 968 ﬁrmitatum
2410 955 2424 979 ,
2446 930 2606 984 quam
2626 914 2967 982 intelligimus
2989 921 3215 971 matrem
3244 930 3361 970 esse
3388 916 3667 973 virtutum.

2089 1002 2273 1073 Itaque
2317 1003 2570 1072 quidquid
2612 1002 2740 1057 illud
2784 1001 2981 1070 fuerit,
3025 1004 3347 1077 quicumque
3385 1021 3510 1061 vere
3537 1007 3673 1061 reli-

2087 1091 2223 1159 giosi
2248 1099 2391 1155 sunt,
2421 1092 2566 1146 beati
2595 1106 2716 1147 esse
2744 1091 2953 1147 dicendi
2980 1100 3105 1147 sunt
3130 1110 3143 1145 :
3173 1094 3298 1161 quia
3326 1094 3464 1149 inter
3481 1109 3672 1163 quam-

2089 1180 2219 1235 libet
2264 1180 2396 1235 dura
2421 1221 2436 1246 ,
2486 1181 2782 1250 quamlibet
2824 1196 3046 1251 aspera,
3085 1182 3216 1235 nulli
3245 1182 3512 1238 beatiores
3539 1192 3670 1238 sunt

2087 1286 2247 1340 quam
2275 1272 2368 1342 qui
2416 1272 2522 1327 hoc
2561 1279 2686 1326 sunt
2729 1272 2872 1343 quod
2914 1273 3119 1328 volunt.
3170 1271 3393 1328 Soleant
3418 1275 3668 1343 quamvis

2088 1380 2206 1421 esse
2251 1365 2492 1421 nonnulli
2537 1366 2627 1435 qui
2676 1365 2850 1436 turpia
2895 1374 3057 1435 atque
3098 1365 3326 1421 obscena
3370 1374 3664 1430 sectantes,

2087 1458 2189 1513 etsi
2212 1457 2365 1527 juxta
2392 1459 2443 1529 7
2471 1457 2780 1527 opinionem
2807 1472 2959 1512 suam
2985 1456 3131 1513 beati
3166 1448 3318 1525 sunt,
3347 1458 3471 1527 quia
3499 1458 3668 1528 adipi-

2088 1558 2310 1605 scuntur
2335 1548 2480 1618 quod
2515 1548 2731 1615 volunt;
2768 1563 2829 1605 re
2855 1557 3036 1603 tamen
3065 1548 3179 1619 ipsa
3205 1548 3353 1605 beati
3377 1564 3482 1603 non
3510 1555 3663 1614 sunt,

2089 1642 2214 1712 quia
2243 1641 2385 1711 quod
2414 1641 2630 1707 volunt,
2661 1640 2805 1696 nolle
2830 1640 3146 1696 debuerant.
3202 1638 3456 1711 Religiosi
3483 1648 3668 1694 autem

410 1737 493 1786 tes
535 1729 942 1800 improbissimis
971 1738 997 1767 ι
1026 1729 1406 1800 qumstionibus
1456 1744 1651 1784 nomen
1695 1728 1987 1799 religionis,
2019 1721 2064 1781 Β
2091 1731 2196 1786 hoc
2223 1731 2430 1786 cunctis
2454 1731 2724 1785 beatiores
2751 1738 2876 1785 sunt
2896 1767 2912 1794 ,
2962 1729 3088 1800 quia
3115 1736 3173 1790 et
3196 1728 3398 1784 habent
3422 1743 3540 1799 quae
3567 1744 3666 1784 vo-

350 1820 359 1827 ’
409 1828 466 1876 et
490 1819 833 1891 praeferentes
859 1818 926 1873 ad
962 1818 1354 1874 sordidissimas
1381 1818 1772 1887 negotiationes
1798 1818 1825 1857 ιι
1861 1820 1989 1875 titu-

410 1908 523 1966 lum
550 1910 851 1965 sanctitatis
875 1927 888 1962 :
918 1924 1147 1978 quorum
1181 1909 1384 1963 scilicet
1411 1908 1663 1977 nequitiis
1689 1908 1736 1963 si
1764 1908 1991 1964 miseria:

410 2006 810 2068 comparentur,
858 1998 1033 2051 minus
1073 2003 1196 2051 sunt
1242 1995 1423 2051 miseri
1470 2010 1630 2064 quam
1677 1999 1985 2051 tuerentur:

410 2089 537 2158 quia
584 2089 637 2142 in
682 2088 1007 2158 quibuslibet
1040 2087 1270 2142 miseriis
1297 2086 1591 2151 constituti,
1622 2102 1729 2142 non
1757 2095 1883 2142 sunt
1909 2095 1992 2143 ta-

417 2194 541 2233 men
571 2186 676 2233 tam
721 2179 902 2233 miseri
934 2193 1107 2248 quam
1154 2186 1279 2231 sunt
1312 2178 1458 2232 mali.
1497 2178 1840 2249 Nequaquam
1865 2193 1992 2248 ergo

414 2287 516 2343 pro
545 2271 629 2326 his
673 2270 958 2325 dolendum
1007 2269 1150 2341 quod
1195 2285 1301 2324 non
1349 2278 1474 2324 sunt
1501 2270 1693 2325 divites
1721 2286 1785 2325 ac
1811 2271 1990 2336 beati;

413 2360 583 2415 multo
611 2368 787 2415 autem
817 2376 916 2430 pro
956 2360 1155 2415 sanctis
1194 2360 1369 2415 minus
1395 2378 1408 2413 :
1439 2361 1564 2430 quia
1596 2361 1889 2432 quamlibet
1917 2361 1992 2417 vi-

415 2451 646 2505 deantur
672 2450 1047 2518 ignorantibus
1075 2463 1194 2504 esse
1218 2450 1418 2514 miseri,
1442 2466 1549 2504 non
1564 2459 1788 2520 possunt
1815 2460 1993 2507 tamen

417 2556 536 2595 esse
564 2541 707 2594 aliud
745 2556 904 2611 quam
932 2541 1093 2595 beati.
1135 2538 1473 2609 Superiluum
1501 2548 1676 2594 autem
1708 2549 1789 2595 est
1816 2549 1874 2595 ut
1901 2556 1996 2597 eos

416 2631 681 2702 quispiam
702 2632 786 2686 vel
807 2629 1117 2685 inﬁrmitate
1143 2630 1225 2685 vel
1246 2637 1558 2701 paupertate
1579 2631 1662 2685 vel
1683 2631 1799 2686 aliis
1820 2632 1998 2685 istius-

419 2722 565 2775 modi
616 2723 777 2777 rebus
824 2721 1093 2776 existimet
1142 2736 1260 2776 esse
1299 2721 1551 2785 miseros,
1598 2721 1790 2789 quibus
1833 2736 1893 2777 se
1922 2721 1998 2778 illi

420 2811 697 2867 coniidunt
746 2827 865 2867 esse
905 2810 1106 2866 felices.
1161 2809 1329 2865 Nemo
1377 2811 1518 2865 enim
1567 2811 1790 2865 aliorum
1836 2827 1998 2867 sensu

418 2905 586 2959 miser
615 2912 716 2968 est,
750 2904 842 2959 sed
881 2919 1001 2960 suo.
1060 2902 1128 2957 Et
1154 2903 1274 2958 ideo
1302 2918 1410 2958 non
1436 2910 1660 2972 possunt
1686 2902 1999 2973 cujusquam

422 2995 560 3049 falso
582 2993 786 3063 judicio
815 3010 934 3050 esse
962 2994 1160 3060 miseri,
1193 2993 1282 3063 qui
1304 3003 1427 3048 sunt
1449 3009 1576 3049 vere
1601 3009 1697 3049 sua
1722 2995 2000 3050 conscien-

2087 1820 2242 1886 lunt,
2291 1827 2347 1875 et
2385 1819 2607 1875 meliora
2647 1834 2807 1888 quam
2846 1833 2965 1889 quae
2992 1818 3193 1881 habent
3218 1818 3437 1874 omnbio
3464 1819 3668 1874 habere

2088 1926 2197 1966 non
2217 1916 2457 1980 possunt.
2482 1908 2658 1964 Labor
2676 1909 2856 1980 itaque
2872 1948 2892 1973 ι
2911 1917 2965 1963 et
2979 1906 3258 1977 jejunium,
3280 1916 3336 1962 et
3354 1917 3663 1979 paupertas,

2090 2008 2146 2056 et
2163 1999 2436 2055 humilitas
2452 2039 2468 2064 ,
2491 2005 2547 2053 et
2575 1995 2854 2052 inﬁrmitas
2874 2012 2983 2053 non
3010 1997 3258 2053 omnibus
3284 2004 3409 2052 sunt
3434 2012 3666 2054 onerosa

2093 2092 2462 2154 tolerantibus,
2479 2090 2573 2147 sed
2596 2090 2824 2146 tolerare
2844 2089 3167 2154 nolentibus.
3190 2098 3213 2127 ε
3227 2088 3348 2144 Sive
3369 2090 3509 2144 enim
3531 2104 3665 2159 gra-

2092 2186 2179 2239 via
2208 2185 2341 2251 htcc,
2366 2183 2479 2238 sive
2498 2183 2657 2249 levia,
2683 2182 2899 2246 animus.
2915 2181 3190 2236 tolerantis
3205 2180 3347 2244 facit.
3370 2181 3503 2235 Nam
3524 2181 3665 2236 sicut

2090 2276 2222 2330 nihil
2250 2283 2334 2330 est
2379 2283 2488 2329 tam
2523 2274 2640 2329 leve
2675 2273 2817 2344 quod
2853 2273 2904 2328 ei
2930 2266 3039 2326 non
3066 2285 3227 2341 grave
3254 2272 3324 2327 sit
3355 2272 3375 2311 ι
3407 2272 3497 2343 qui
3526 2272 3664 2326 invi-

2080 2376 2180 2424 tus
2208 2368 2360 2433 facit,
2410 2368 2487 2423 sic
2512 2366 2644 2421 nihil
2673 2372 2755 2420 est
2780 2370 2890 2418 tam
2920 2377 3081 2434 grave
3108 2363 3252 2433 quod
3278 2379 3385 2419 non
3415 2363 3464 2417 ei
3492 2364 3582 2432 qui
3612 2362 3664 2419 id

2093 2462 2324 2516 libenter
2372 2459 2700 2526 exsequitur,
2750 2456 2867 2510 leve
2913 2470 3030 2510 esse
3072 2454 3333 2509 videatur.
3390 2452 3500 2509 Nisi
3530 2452 3663 2509 forte

2095 2550 2327 2619 antiquis
2364 2549 2468 2603 illis
2512 2549 2701 2618 prisca:
2738 2547 2952 2600 virtutis
2980 2545 3124 2610 viris,
3156 2544 3353 2607 Fabiis,
3385 2543 3663 2606 Fabriciis.

2098 2639 2428 2696 Cincinnatis
2445 2678 2461 2704 ,
2512 2651 2673 2706 grave
2712 2634 2875 2691 fuisse
2902 2636 3266 2690 existimamus
3291 2634 3432 2704 quod
3461 2649 3663 2704 paupe-

2096 2747 2186 2788 res
2231 2738 2422 2797 erant,
2473 2728 2565 2798 qui
2612 2727 2802 2783 divites
2847 2740 2968 2781 esse
3014 2725 3298 2789 nolebant;
3336 2739 3459 2779 eum
3486 2723 3663 2779 omnia

2097 2822 2302 2879 scilicet
2346 2818 2517 2876 studia
2542 2859 2556 2884 ,
2607 2832 2794 2872 omnes
2839 2823 3061 2877 conatus
3105 2830 3230 2868 suos
3270 2811 3336 2866 ad
3363 2812 3662 2867 communia

2098 2910 2459 2968 emolumenta
2505 2905 2848 2969 conferrent,
2914 2911 2969 2959 et
3014 2912 3316 2959 crescentes
3361 2900 3661 2972 reipublicm

2097 3003 2240 3056 vires
2266 3001 2473 3072 privata
2502 3004 2815 3068 paupertate
2852 2995 3100 3051 ditarent.
3159 2994 3422 3063 Numquid
3448 3009 3660 3064 parcam

422 3086 494 3139 tia
521 3086 682 3140 beati.
722 3085 861 3140 Nulli
881 3086 1043 3150 enim,
1066 3094 1124 3142 ut
1151 3087 1362 3157 opinor,
1391 3082 1659 3142 beatiores
1686 3097 1804 3142 sunt
1835 3105 1993 3159 quam
2024 3074 2068 3135 Ο
2101 3092 2244 3148 illam
2277 3101 2403 3146 tunc
2430 3099 2801 3160 agrestemque
2837 3088 2998 3143 vitam
3025 3102 3146 3142 cum
3173 3087 3372 3156 gemitu
3400 3095 3455 3140 et
3480 3085 3669 3143 dolore

420 3177 511 3246 qui
541 3192 607 3231 ex
653 3178 919 3231 sententia
964 3192 1058 3232 sua
1097 3184 1257 3246 atque
1290 3192 1355 3231 ex
1381 3185 1508 3231 voto
1534 3185 1716 3246 agunt.
1756 3177 1995 3235 Humiles

421 3276 547 3321 sunt
566 3267 825 3334 religiosi,
869 3268 973 3323 hoc
1001 3267 1220 3322 volunt:
1257 3277 1281 3307 ε
1312 3282 1573 3337 pauperes
1609 3276 1763 3330 sunt,
1794 3284 1997 3339 paupe—

420 3357 502 3411 rie
532 3356 863 3412 delectantur
888 3374 901 3409 :
950 3357 1066 3412 sine
1113 3357 1403 3412 ambitione
1430 3364 1589 3420 sunt,
1623 3358 1878 3412 ambitum
1908 3375 1998 3415 re-

421 3456 655 3519 spuunt:
701 3448 947 3505 inhonori
987 3458 1137 3517 sunt,
1168 3445 1196 3486 ἀ
1225 3449 1486 3505 honorem
1517 3447 1723 3516 fugiunt
1749 3467 1761 3501 :
1794 3451 1993 3519 lugent,

2102 3182 2404 3238 tolerabant
2426 3222 2441 3247 ,
2489 3194 2609 3234 cum
2636 3176 2770 3231 viles
2797 3191 2861 3232 ac
2888 3186 2913 3225 ε
2944 3176 3168 3231 rusticos
3196 3174 3344 3229 cibos
3372 3183 3495 3229 ante
3522 3174 3665 3244 ipsos

2099 3273 2291 3343 quibus
2318 3276 2575 3326 coxerant
2602 3267 2752 3322 focos
2773 3274 3062 3333 sumerent,
3095 3280 3292 3334 eosque
3312 3265 3456 3334 ipsos
3474 3279 3670 3334 capere

2099 3363 2201 3419 nisi
2229 3361 2296 3416 ad
2333 3373 2609 3430 vesperam
2645 3372 2752 3412 non
2793 3355 3014 3411 liceret?
3059 3353 3324 3423 Numquid
3361 3366 3501 3421 mgre
3528 3351 3655 3406 fere-

2098 3453 2227 3507 bant
2254 3450 2397 3520 quod
2426 3447 2453 3486 ιι
2483 3461 2643 3502 avara
2689 3460 2753 3500 ac
2779 3442 2940 3499 divite
2968 3442 3294 3500 conscientia
3321 3441 3436 3496 auri
3464 3441 3662 3497 talenta

1587 3536 1924 3593 STEPHANI
1960 3539 2228 3596 BALUZII
2266 3537 2491 3593 NOTAE.

495 3638 522 3665 ⁸
554 3628 940 3686 Rittershusius
987 3646 1056 3686 ex
1110 3631 1324 3701 ingenio
1361 3629 1664 3685 emendavit
1700 3631 1993 3700 qutestibus,

423 3715 681 3770 suamque
722 3702 1082 3770 conjecturam
1120 3701 1352 3770 probare
1392 3708 1616 3770 conatus
1653 3708 1736 3752 est
1762 3703 1996 3755 auctori-

424 3777 543 3838 tate
575 3767 822 3838 Cypriani
867 3769 918 3823 in
957 3769 1094 3838 libro
1122 3767 1207 3824 'de
1244 3768 1453 3837 Lapsis.
1502 3767 1568 3821 Et
1605 3775 1797 3838 tamen,
1823 3770 1994 3826 codex

422 3836 765 3893 Corbcicnsis
792 3846 846 3891 et
869 3838 1031 3893 editio
1061 3837 1254 3894 Pithtni
1283 3836 1481 3893 habent
1509 3836 1889 3894 auwstionibus.

494 3907 519 3944 δ
548 3905 687 3978 infra
732 3915 973 3962 extremo
1020 3908 1155 3963 libro
1198 3925 1286 3971 ιιι,
1330 3923 1453 3978 pag.
1484 3905 1612 3978 759:
1659 3906 1809 3961 Nihil
1854 3911 1991 3966 enim

421 3976 631 4031 omnino
662 3978 870 4045 prodest
917 3993 1097 4031 nomen
1131 3976 1365 4032 sanctum
1404 3977 1587 4032 habere
1613 3979 1726 4031 sine
1744 3979 1985 4044 moribus,

454 4049 538 4100 uia
569 4047 667 4100 vita
685 4063 716 4098 a
741 4048 1057 4118 professione
1075 4047 1377 4102 discordans
1395 4046 1607 4118 obrogat
1626 4048 1838 4118 illustris
1857 4050 1990 4105 tituli

454 4065 538 4100 uta
569 4065 667 4100 vita
685 4065 716 4098 a
741 4065 1057 4117 projesstone
1075 4065 1377 4102 discordans
1395 4065 1607 4118 obrogat
1626 4065 1838 4101 utustrts
1857 4065 1984 4105 ututi

418 4065 664 4188 Zenonem
689 4132 779 4188 per
802 4116 1125 4188 indignorum
1138 4128 1343 4172 actuum
1371 4119 1631 4172 vilitatem.
1674 4117 1781 4188 Sic.
1813 4117 1901 4172 lib.
1932 4136 1984 4187 ν,

420 4201 542 4257 pag.
570 4184 696 4257 i08,
724 4187 777 4240 in
807 4184 926 4242 illos
965 4187 1237 4241 invehitur
1262 4188 1352 4256 qui
1390 4188 1703 4256 religionem
1734 4184 1987 4243 simulaui-

420 4255 793 4327 ies,gadeoque
822 4257 966 4311 titulo
995 4257 1195 4312 sibimet
1220 4255 1511 4312 sanctitatis
1541 4259 1785 4327 inscripto
1807 4298 1822 4320 ,
1855 4273 1984 4327 pro-

418 4325 648 4380 fessione
694 4325 781 4379 illa
825 4342 1019 4382 nomen
1066 4327 1282 4396 quidem
1335 4325 1707 4392 mutaverant,
1732 4325 1984 4383 caeterum

418 4395 673 4465 pristinos
717 4410 895 4452 mores
930 4412 1037 4451 non
1067 4396 1391 4465 abjeeerant.
1432 4397 1511 4451 Ex
1539 4396 1620 4452 his
1645 4398 1824 4465 itaque
1850 4397 1983 4453 locis

2091 3638 2197 3692 que
2217 3624 2416 3692 solent,
2452 3628 2788 3692 peruuestus
2817 3628 2881 3692 et
2897 3618 3325 3692 deplorationem
3345 3618 3661 3692 sortis_su:e.

2095 3688 2467 3761 Sequentibus
2482 3689 2678 3744 deinde
2703 3688 2916 3766 saeculis
2939 3688 3388 3766 expedirevisnm
3413 3697 3497 3742 est
3520 3688 3667 3766 bono

2095 3767 2388 3837 disciplinae
2414 3768 2493 3822 uti
2514 3763 2773 3837 religiosis
2801 3782 2907 3821 non
2934 3766 3121 3837 liceret
3147 3763 3346 3833 aliquid
3364 3765 3661 3837 proprium

2094 3831 2322 3915 habere,
2369 3837 2443 3891 ita
2486 3844 2546 3891 ut
2587 3831 2655 3892 ne
2688 3836 2931 3915 Romano
2971 3833 3185 3904 quidem
3227 3831 3463 3915 pontiﬁci
3494 3831 3661 3915 licere
3736 3864 3752 3881 .

2092 3907 2361 3963 voluerint
2386 3922 2509 3962 cum
2549 3906 2815 3961 monacho
2855 3903 3168 3973 dispensare
3194 3903 3332 3957 circa
3362 3903 3659 3973 proprieta-

2092 3984 2235 4039 tem,
2279 3976 2723 4047 quemadmodum
2754 3989 2926 4047 nuper
2943 3971 3293 4047 observatum
3331 3979 3414 4026 est
3440 3971 3493 4025 in
3518 3971 3657 4027 notis

2095 4048 2163 4102 ad
2192 4039 2428 4103 Con’cilia
2457 4044 2642 4101 Gallia:
2670 4039 3027 4098 Narbonensis
3052 4056 3171 4111 pag.
3190 4039 3292 4111 728.

2167 4115 2195 4155 ἀ
2235 4117 2409 4172 Editio
2437 4114 2628 4170 Pithtei
2653 4122 2911 4181 respuunt.
2943 4109 3239 4181 Quomodo
3260 4110 3428 4181 etiam
3456 4109 3658 4165 editum

2093 4194 2177 4242 est
2222 4203 2253 4241 a
2299 4185 2615 4241 Brassicano
2655 4191 2709 4239 et
2738 4179 3033 4237 'Gaiesinio.
3075 4179 3423 4235 Emendatum
3461 4188 3544 4234 est
3587 4195 3655 4237 ex

2091 4256 2275 4312 codice
2323 4254 2650 4311 Corbeiensi.
2691 4251 2800 4306 Cur
2842 4250 2983 4305 enim
3011 4250 3093 4304 bis
3119 4249 3305 4303 eadem
3341 4264 3471 4303 voce
3516 4249 3655 4303 intra

2090 4342 2253 4380 unam
2291 4326 2487 4380 lineam
2518 4330 2756 4378 uteretur
2795 4319 3076 4375 Salvianus
3113 4335 3221 4374 non
3268 4318 3517 4373 coactus?
3562 4317 3655 4371 Li-

2088 4395 2252 4451 brarii
2279 4395 2422 4451 haud
2450 4393 2610 4449 dubie
2636 4389 2886 4446 mendum
2913 4388 3030 4443 fuit.

418 4454 688 4533 colligitur
713 4480 807 4541 eos
831 4454 1205 4541 quiseveriori
1233 4481 1291 4521 se
1318 4466 1441 4520 vitae
1469 4454 1828 4541 applicabaiit,
1860 4483 1986 4541 san-
2014 4481 2064 4541 D
2162 4475 2187 4503 ο
2226 4465 2440 4541 Tacitus
2468 4463 2558 4541 lib.
2580 4478 2647 4541 vt
2685 4459 2972 4541 Annalium
2998 4476 3011 4511 :
3043 4454 3223 4541 Neque
3259 4456 3399 4541 mala
3426 4456 3654 4539 vel-bona

416 4524 674 4606 ctos'tum
712 4524 874 4590 fuisse
912 4535 1102 4606 dictos:
1134 4534 1268 4606 AHos
1303 4544 1482 4591 autem
1503 4524 1685 4605 'panio
1712 4524 1835 4605 post
1861 4538 1987 4592 reli-
2014 4524 2061 4541 υ
2089 4551 2203 4606 quae
2237 4535 2413 4606 vulgus
2448 4540 2587 4603 putet
2625 4547 2643 4585 :
2670 4530 2855 4606 multos
2886 4530 2972 4600 qui
2999 4524 3285 4596 conﬂictari
3317 4524 3545 4582 adversis
3579 4527 3657 4579 vi-

416 4604 596 4688 giosos
621 4611 808 4688 vocati
835 4614 891 4688 et
917 4620 1039 4688 pag.
1069 4603 1102 4658 8
1132 4604 1235 4659 hoc
1256 4605 1435 4688 ipsum
1472 4603 1859 4688 argumentum
1886 4614 1989 4688 tra:

418 4674 727 4747 ctans,_ait__:
754 4674 1009 4747 Religiosi
1037 4692 1097 4728 ac
1117 4677 1283 4729 sancti
1312 4675 1406 4747 viri
1437 4675 1609 4728 miseri
1638 4690 1741 4747 non
1771 4676 1984 4747 putandi

417 4749 563 4813 sunt.
598 4739 986 4810 Religiosorum
1032 4753 1210 4813 autem
1248 4744 1505 4813 nomine,
1535 4751 1593 4796 ut
1628 4744 1692 4797 ad
1736 4739 1984 4813 paginam

416 4808 486 4862 80
514 4808 738 4877 dicetur,
780 4813 1043 4868 intellexit
1075 4812 1354 4868 Salvianus
1381 4811 1630 4876 clericos,
1673 4808 1981 4879 monachos,

414 4886 473 4933 et
500 4879 720 4948 omnino
747 4895 843 4936 eos
869 4883 959 4948 qui
988 4898 1019 4935 a
1042 4882 1147 4936 vita
1174 4881 1415 4938 saeculari
1442 4882 1890 4938 convertebantur
1917 4883 1986 4939 ad

415 4947 804 5018 professionem
831 4947 952 5004 vitae
974 4950 1275 5018 severioris.

463 5034 488 5064 ο
510 5020 636 5075 Sive
650 5019 719 5074 de
736 5017 1016 5073 monachis
1031 5017 1280 5087 loquatur
1297 5017 1603 5081 Salvianus,
1621 5017 1733 5074 sive
1753 5019 1821 5074 de
1837 5020 1994 5075 cleri-

413 5094 514 5155 cis,
528 5098 736 5146 certum
750 5096 834 5143 est
847 5104 953 5144 non
980 5102 1138 5160 posse
1155 5088 1284 5144 hinc
1299 5090 1474 5160 colligi
1494 5090 1853 5145 necessariam
1877 5098 1990 5146 tum

353 5191 361 5197 ’
415 5164 583 5217 fuisse
621 5160 873 5229 religioso
907 5156 1173 5229 publicam
1210 5156 1542 5229 paupertatis
1575 5159 1986 5229 professionem,

416 5233 531 5286 sive
549 5227 1187 5298 votum—paupertatisut
1209 5228 1367 5283 hodie
1398 5227 1687 5298 loquimur.
1710 5230 1843 5284 Nam
1872 5229 1992 5283 Sal-

416 5302 609 5354 vianus
639 5296 769 5365 ipse
792 5296 1006 5352 docebit
1042 5296 1178 5351 infra
1207 5298 1262 5352 in
1290 5298 1427 5352 libro
1452 5296 1505 5352 in
1534 5300 1795 5356 adversus
1811 5300 1992 5355 avari-

419 5372 544 5424 tiam
565 5386 618 5439 p.
640 5368 765 5429 256,
788 5367 1173 5439 proprietatem
1192 5368 1469 5439 bonorum
1501 5384 1563 5422 ac
1586 5371 1990 5439 possessionum

420 5442 524 5495 illis
546 5437 883 5510 interdictam
919 5437 1157 5491 nondmn
1182 5437 1346 5493 fuisse
1370 5454 1463 5510 per
1485 5437 1601 5493 illas
1622 5449 1986 5510 tempestates.

420 5511 593 5575 llujus
619 5526 745 5580 ergo
779 5508 879 5563 loci
921 5522 1113 5581 sensus
1142 5517 1243 5581 est,
1280 5508 1555 5581 religiosos
1597 5510 1686 5577 qui
1725 5508 1991 5581 pauperes

419 5590 593 5642 erant,
612 5577 724 5635 sive
749 5577 1051 5648 patrimonii
1074 5577 1306 5637 defectu.
1321 5577 1433 5631 sive
1454 5577 1751 5643 voluntate,
1767 5577 1989 5648 panper-

420 5658 581 5705 tatem
600 5665 752 5719 1‘an
771 5650 948 5705 animo
969 5665 1030 5704 ac
1046 5648 1296 5719 gaudenti
1322 5648 1594 5715 tolerasse,
1612 5667 1739 5713 mn,
1758 5662 1813 5705 ut
1836 5652 1990 5722 pleri-

2090 4598 2342 4665 ileantur,’
2358 4598 2547 4664 beatos,
2579 4617 2640 4654 ac
2666 4598 2960 4671 plerosque,
2994 4612 3283 4671 quanquam
3310 4612 3526 4664 magnas
3564 4611 3654 4664 per

2089 4690 2230 4743 Opes,
2260 4673 2605 4743 miserrimos,
2644 4667 2705 4743 si
2729 4668 2806 4723 illi
2833 4667 3035 4743 gravem
3076 4667 3654 4743 fortung'mconstauter

2088 4731 2322 4818 tolerent,
2346 4742 2397 4795 lii
2424 4731 2670 4818 prospera
2687 4731 2971 4818 incwt'st'tlte
2996 4731 3223 4815 utantur.
3251 4732 3380 4788 Vide
3403 4740 3559 4787 notas
3585 4731 3651 4786 ad

2087 4804 2366 4883 epistolam
2391 4804 2674 4865 secundam
2706 4805 2835 4876 Lupi
2858 4804 3230 4861 Ferrariensis.
3504 4869 3516 4882 .
3545 4870 3557 4882 .

2164 4879 2184 4920 ί
2216 4880 2355 4935 infra
2401 4886 2642 4934 extremo
2670 4876 2807 4931 libro
2844 4882 3036 4942 quarto
3082 4872 3335 4937 adversus
3372 4878 3650 4925 avaritiam

2084 4963 2206 5022 pag.
2220 4948 2373 5022 _2_95:
2396 4948 2575 5003 Totum
2597 4946 2780 5000 durum
2798 4952 2874 4997 est
2899 4943 3145 5022 quidquid
3162 4944 3441 5022 imperatur
3453 4942 3647 4995 inritis.

2156 5009 2185 5066 ἔ
2218 5018 2277 5073 id
2303 5025 2404 5083 est,
2428 5033 2577 5083 rapa,
2608 5023 2665 5069 ut
2701 5009 3489 5083 constat'exAAurelio‘Victore
3527 5025 3646 5083 cap:

2090 5088 2160 5158 55
2195 5089 2264 5142 de
2282 5076 2786 5158 Virisilinsgibus.‘
2809 5081 3042 5158 Respicit
3067 5080 3214 5158 enim
3248 5079 3530 5158 Salvianus

2081 5156 2367 5213 Historiam
2393 5154 2539 5211 Curii
2579 5152 2790 5208 Dentati
2817 5148 2949 5207 civis
2992 5150 3238 5212 Romani,
3281 5164 3441 5218 quem
3489 5148 3648 5216 legati

2081 5226 2398 5281 Samnitium
2442 5231 2758 5294 repererunt
2789 5237 2918 5294 rapa
2954 5227 3246 5294 torrentem
3283 5218 3649 5294 atque_ligneo

2080 5297 2263 5353 catillo
2286 5295 2303 5365 (
2327 5303 2385 5365 ut
2402 5288 2648 5365 Valerius
2674 5288 2940 5365 Maximus
2966 5289 3041 5342 ait
3183 5304 3253 5353 ιν,
3285 5288 3470 5365 cap._5
3495 5293 3512 5353 )
3533 5300 3648 5342 cc-

2080 5358 2316 5440 nautem'.
2349 5364 2398 5419 is
2425 5378 2554 5440 ergo
2584 5362 2761 5440 fictilia
2786 5375 2881 5440 sua
2908 5358 3461 5440 Samniticopmtnlit
3488 5372 3642 5440 auro,

2080 5445 2140 5491 ut
2164 5435 2353 5490 Florus
2390 5427 2593 5488 scribit.
2630 5430 2757 5486 Vide
2783 5428 3097 5483 Ciceronem
3127 5428 3178 5483 in
3210 5427 3301 5482 lib.
3334 5428 3401 5481 ole
3429 5427 3645 5481 Senect.

2151 5502 2180 5543 ιι
2208 5502 2419 5572 Optime
2466 5501 2635 5557 codex
2672 5498 3008 5572 Corbciensis
3052 5514 3151 5567 pro
3190 5513 3256 5572 eo
3295 5497 3440 5572 quod
3456 5494 3649 5572 “editio

2081 5565 2271 5630 Pitlimi
2296 5573 2457 5637 habet
2484 5587 2692 5625 ararum
2715 5586 2776 5622 ac
2804 5569 3005 5622 divitem
3042 5565 3421 5623 conscientiam.
3456 5565 3650 5637 Emen-

2079 5635 2349 5699 dationcm
2376 5658 2537 5712 porro
2575 5640 2726 5695 istam
2767 5654 2881 5693 esse
2912 5637 3196 5707 legitimam
3226 5637 3457 5705 probant
3483 5635 3648 5690 etiam
