4006 6182
228 276 296 344 53
1320 273 1408 334 DE
1445 276 1966 336 CUBERNATION‘E
2004 279 2112 335 DEI
2149 278 2274 334 LIB.
2315 279 2354 336 I.

3412 276 3476 329 3i

231 413 336 451 non
380 400 721 465 premerent,
769 407 888 448 cum
937 393 1099 446 etiam
1149 393 1351 460 argenti
1402 409 1551 446 usum
1596 392 1800 460 legibus
1827 399 1869 453 Α
1901 400 2166 446 ctamenta
2218 394 2473 462 capiunt,
2518 401 2572 449 et
2619 395 2963 451 beatitudinis
3018 395 3205 450 futurae
3250 394 3468 466 praemia

228 484 567 543 coercerent?
596 481 858 552 Numquid
879 482 1145 538 illecebrze
1173 489 1226 535 et
1247 482 1552 550 cupiditatis
1581 497 1793 550 paruam

229 578 480 649 putabant
507 573 653 644 quod
680 573 909 627 distenta
938 573 1115 627 aureis
1144 572 1665 649 nummismarsupia
1687 587 1795 625 non

231 670 483 723 haberent
504 707 519 730 ,
568 681 690 719 cum
721 674 748 702 ⁸
777 664 1057 733 patricium
1085 663 1351 717 hominem
1375 703 1389 727 ,
1438 663 1579 730 quod
1628 676 1795 729 usque

229 757 293 810 ad
341 756 520 809 decem
569 755 773 821 argenti
820 753 982 806 libras
1029 751 1179 805 dives
1206 765 1324 806 esse
1352 752 1624 815 voluisset,
1655 750 1794 803 indi-

229 861 387 915 gnum
414 845 560 899 curia
586 842 920 911 judicarent?
947 841 1061 896 Non
1083 839 1443 909 deSpiciebant
1465 848 1608 904 tunc,
1641 847 1790 909 puto,

230 951 487 1007 pauperes
514 935 686 988 cultus
708 975 724 998 ,
766 947 885 986 cum
916 939 1116 986 vestem
1145 931 1341 984 hirtam
1370 945 1434 985 ac
1459 930 1677 984 brevem
1705 945 1794 983 su-

229 1033 470 1088 merent,
521 1038 641 1078 cum
683 1023 750 1076 ab
796 1029 974 1074 aratro
1002 1028 1398 1073 arcesserentur
1425 1019 1491 1072 ad
1520 1018 1708 1082 fasces,
1739 1026 1795 1071 et

228 1115 520 1171 illustrandi
559 1113 743 1168 habitu
785 1111 1080 1176 consulari,
1125 1109 1227 1164 illis
1254 1109 1479 1164 fortasse
1506 1110 1633 1178 ipsis
1660 1124 1792 1178 quas

228 1206 544 1276 assummuri
609 1213 762 1258 erant
811 1202 1174 1272 imperialibus
1223 1201 1358 1269 togis
1403 1201 1672 1255 madidum
1709 1217 1793 1255 su-

227 1297 356 1350 dore
386 1295 657 1364 pulverem
683 1293 1036 1359 detergerent.
1095 1289 1280 1358 Itaque
1319 1298 1445 1342 tunc
1478 1289 1554 1342 illi
1590 1303 1791 1358 paupe-

226 1401 310 1440 res
356 1384 692 1451 magistratus
737 1381 1042 1449 opulentam
1080 1379 1462 1447 rempublicam
1498 1379 1786 1445 habebant;

229 1481 283 1547 8
313 1491 454 1530 nunc
477 1481 653 1528 autem
683 1471 709 1510 ιι
739 1471 886 1525 dives
914 1479 1149 1539 potestas
1194 1484 1481 1539 pauperem
1518 1469 1642 1523 facit
1670 1485 1790 1524 esse

225 1563 621 1633 rempublicam.
682 1558 751 1613 Et
778 1575 896 1630 qua:
917 1599 930 1624 ,
963 1573 1094 1627 rogo
1118 1598 1134 1623 ,
1165 1559 1370 1612 insania
1399 1567 1517 1621 est,
1551 1567 1641 1612 aut
1668 1574 1787 1628 quae

223 1653 456 1716 accitas,
500 1658 559 1704 ut
603 1657 883 1717 egestuosa
911 1664 974 1703 ac
1000 1648 1332 1702 mendicante
1361 1647 1630 1717 republica
1659 1647 1788 1701 divi-

1896 487 2323 553 consequentur?

1964 572 2048 626 III.
2093 574 2232 626 Dixit
2259 575 2470 642 quidam
2501 591 2566 629 ex
2597 576 2710 630 istis
2738 576 2804 631 de
2830 577 3022 645 quibus
3051 573 3324 645 querimur
3350 577 3466 631 eui-

1895 663 2016 716 dam
2064 674 2249 718 sancto
2291 667 2407 720 viro
2453 667 2744 720 secundum
2793 668 3033 722 veritatis
3058 668 3295 735 regulam
3335 684 3463 722 sen-

1897 753 2074 818 tienti,
2125 753 2178 807 id
2224 761 2334 818 est,
2381 755 2525 822 quod
2573 756 2711 810 Deus
2739 757 2917 810 omnia
2957 766 3166 823 regeret
3203 773 3266 811 ac
3308 767 3332 796 ε
3365 774 3462 826 pro

1894 843 2128 898 humano
2181 858 2374 912 genere
2422 846 2774 900 necessariam
2820 855 3000 900 nosset
3044 847 3462 902 moderationem

1893 948 2043 986 suam
2073 942 2128 986 et
2154 935 2569 1000 gubernaculum
2614 945 2955 1006 temperaret,
3005 935 3178 1002 Quare
3199 952 3345 1006 ergo,
3378 940 3461 991 in-

1893 1038 2071 1091 quam,
2098 1032 2151 1076 tu
2176 1025 2289 1093 ipse
2319 1025 2556 1081 inﬁrmus
2577 1029 2667 1081 es?
2697 1028 2799 1082 hoc
2819 1027 3000 1094 utique
3028 1043 3094 1082 eo
3122 1043 3281 1082 sensu
3303 1038 3464 1096 atque

1887 1111 2105 1180 judicio,
2137 1113 2238 1167 hoc
2268 1121 2350 1168 est
2381 1133 2393 1166 :
2425 1115 2481 1168 Si
2523 1115 2682 1180 Deus,
2711 1125 2766 1170 ut
2794 1125 2967 1186 putas,
3002 1117 3053 1171 in
3086 1119 3186 1172 hac
3215 1121 3462 1188 praesenti

1891 1203 2001 1257 vita
2029 1204 2206 1257 omnia
2259 1207 2412 1273 regit,
2454 1207 2500 1260 si
2530 1207 2668 1261 Deus
2691 1217 2881 1262 cuncta
2908 1207 3206 1276 dispensat;
3238 1225 3343 1276 qua
3373 1225 3460 1262 ra-

1892 1292 2036 1347 tione
2063 1293 2216 1347 fortis
2240 1309 2304 1348 ac
2323 1311 2483 1350 sanus
2504 1306 2584 1350 est
2608 1298 2768 1352 homo
2787 1314 2947 1366 quem
2970 1309 3304 1368 peccatorem
3326 1302 3458 1364 seio,

1889 1391 1944 1435 et
1973 1390 2029 1435 tu
2076 1382 2330 1447 inﬁrmus,
2361 1399 2520 1452 quem
2567 1394 2806 1440 sanctum
2836 1403 2953 1442 esse
2983 1404 3088 1443 non
3116 1391 3172 1459 9
3216 1391 3459 1457 ambigo?

1889 1469 2017 1535 Quis
2045 1479 2156 1526 tam
2204 1473 2453 1542 profundi
2480 1476 2657 1530 cordis
2697 1477 2864 1530 virum
2896 1493 3000 1531 non
3028 1477 3340 1541 admiretur,
3368 1481 3459 1547 qui

1889 1562 2077 1615 merita
2100 1564 2469 1630 religiosorum
2499 1575 2659 1634 atque
2684 1569 2905 1623 virtutes
2933 1578 3038 1622 tam
3071 1572 3274 1638 magnis
3302 1573 3460 1625 retri-

1887 1650 2195 1706 butionibus
2216 1654 2401 1723 dignas
2416 1663 2583 1724 putat,
2609 1664 2666 1709 ut
2688 1657 2737 1709 in
2762 1660 3008 1725 prmsenti
3029 1659 3128 1712 hac
3147 1661 3254 1712 vita
3270 1675 3459 1714 carnes

223 1749 316 1798 tias
359 1757 518 1812 posse
565 1741 783 1794 credant
824 1747 967 1794 stare
1006 1739 1274 1818 priva-tas?
1321 1738 1478 1792 Tales
1505 1752 1633 1806 ergo
1663 1745 1788 1793 tunc
1817 1756 1863 1815 Β
1889 1748 2048 1808 atque
2073 1741 2411 1798 fortitudines
2430 1760 2712 1814 corporum
2737 1749 2950 1816 pnemia
2967 1755 3114 1818 putet
3133 1749 3326 1803 debere
3340 1765 3460 1804 esse

221 1841 421 1887 veteres
449 1829 678 1884 Romani
706 1836 889 1892 erant;
921 1836 976 1881 et
1013 1828 1090 1882 sic
1116 1827 1193 1880 illi
1222 1836 1346 1881 tunc
1373 1827 1787 1881 contemnebant

220 1923 422 1977 divitias
447 1959 466 1985 ,
511 1920 809 1974 nescientes
846 1918 1012 1972 Deum
1031 1958 1046 1982 ,
1077 1919 1216 1972 sicut
1243 1933 1383 1972 nunc
1410 1927 1669 1986 spernunt
1697 1933 1784 1972 se—

220 2022 436 2082 quentes
467 2012 770 2066 Dominum.
854 2008 1169 2076 Quanquam
1196 2008 1324 2076 quid
1353 2021 1452 2074 ego
1481 2007 1546 2061 de
1574 2007 1678 2060 illis
1705 2007 1786 2061 lo-

220 2117 344 2171 quor
368 2108 469 2169 qut
496 2116 625 2154 cura
654 2099 859 2168 imperii
892 2097 1238 2167 propagandi,
1269 2103 1635 2165 contemptum
1666 2112 1787 2166 pro-

219 2195 335 2260 prize
364 2191 635 2244 facultatis
664 2189 729 2242 ad
759 2187 998 2258 publicas
1025 2202 1156 2256 opes
1182 2185 1548 2251 conferebant,
1581 2194 1635 2240 et
1663 2187 1786 2240 licet

219 2281 454 2351 privatim
487 2294 748 2349 pauperes
767 2285 968 2342 essent,
996 2277 1194 2330 divitiis
1215 2284 1396 2329 tamen
1415 2275 1785 2329 communibus

220 2369 583 2434 abundabant;
643 2382 760 2422 cum
810 2367 972 2420 etiam
1023 2363 1190 2418 Graeci
1247 2363 1460 2431 quidam
1511 2363 1785 2431 sapientia:

217 2470 506 2516 sectatores
551 2460 664 2513 sine
710 2457 818 2511 ullo
865 2455 1087 2526 publica:
1127 2454 1369 2507 utilitatis
1397 2451 1589 2506 affectu
1618 2465 1785 2521 prope

217 2561 346 2615 onmi
374 2575 435 2614 se
471 2559 549 2612 rei
579 2556 855 2611 familiaris
883 2571 1012 2617 usu,
1045 2553 1388 2622 assequendae
1416 2551 1596 2619 gloria:
1625 2552 1787 2605 avidi-

218 2671 315 2717 tate
338 2703 354 2726 ,
406 2659 765 2723 nudaret-int;
807 2671 906 2710 nec
932 2655 1102 2709 solum
1131 2654 1264 2718 hoc,
1307 2651 1400 2706 sed
1427 2651 1588 2705 etiam
1616 2665 1784 2720 usque

217 2763 271 2817 ad
296 2767 666 2829 contemptum
694 2755 895 2811 doloris
936 2769 998 2809 ac
1027 2752 1216 2807 mortis
1243 2750 1500 2806 doctrina:
1528 2765 1638 2803 sua:
1665 2749 1781 2805 cul-

217 2879 321 2916 men
343 2859 640 2921 erexerint,
664 2857 902 2910 dicentes
921 2853 1122 2907 scilicet
1143 2852 1303 2905 etiam
1323 2851 1375 2905 in
1398 2850 1602 2905 catenis
1623 2858 1784 2918 atque

211 2961 470 3030 suppliciis
513 2959 732 3012 beatum
770 2968 888 3009 esse
925 2952 1258 3021 sapientem?
1311 2949 1536 3003 Tantam
1568 2949 1781 3003 virtutis

215 3060 307 3113 vim
334 3073 451 3113 esse
483 3056 800 3120 voluerunt,
846 3062 904 3107 ut
944 3067 1050 3106 non
1079 3051 1247 3121 possit
1274 3065 1394 3104 esse
1442 3065 1673 3118 unquam
1701 3050 1783 3104 vir

217 3163 370 3216 bonus
413 3176 531 3214 non
586 3160 793 3212 beatus.
852 3155 909 3209 Si
959 3168 1086 3222 ergo
1125 3153 1199 3208 illi
1239 3169 1269 3206 a
1296 3151 1611 3221 quibusdam
1639 3169 1782 3208 nunc

216 3264 357 3317 etiam
385 3259 727 3331 sapientibus
756 3256 882 3310 viris
909 3253 1089 3308 miseri
1117 3268 1222 3307 non
1245 3259 1514 3321 putantur,
1546 3249 1635 3320 qui
1666 3250 1784 3303 nul-

220 3363 285 3416 los
311 3361 510 3416 laboris
543 3358 628 3412 sui
657 3357 858 3411 fructus
887 3354 989 3409 nisi
1016 3368 1084 3408 ex
1113 3351 1360 3422 praesenti
1391 3357 1598 3404 tantum
1626 3351 1783 3406 laude

221 3462 510 3533 capiebant;
557 3465 756 3527 quanto
797 3455 964 3524 magis
991 3453 1224 3522 religiosi
1253 3467 1316 3507 ac
1344 3453 1515 3507 sancti
1546 3453 1646 3506 viri
1676 3452 1779 3506 mi-

220 3563 308 3618 seri
347 3579 455 3618 non
505 3556 739 3632 putandi
763 3563 914 3621 sunt,
963 3554 1054 3624 qui
1083 3562 1137 3609 et
1163 3554 1444 3624 prtesentis
1472 3552 1594 3608 ﬁdei
1623 3554 1780 3608 oble-

1887 1836 2233 1888 sanctorum?
2260 1834 2578 1905 Respondeo
2601 1838 2777 1905 igitur,
2801 1855 2905 1894 non
2927 1841 3080 1894 unius
3112 1849 3314 1894 tantum
3335 1842 3458 1895 reli-

1885 1924 2020 1991 giosi
2051 1927 2283 1991 nomine,
2314 1928 2405 1980 sed
2433 1928 2821 1983 universorum.
2871 1929 3072 1996 Qureris
3101 1932 3276 1998 igitur,
3307 1934 3457 2001 quis-

1883 2013 2003 2080 quis
2031 2014 2120 2068 ille
2167 2030 2243 2079 es,
2287 2031 2391 2083 qua
2421 2017 2627 2071 ratione
2656 2016 2848 2071 inﬁrmi
2876 2020 2983 2072 sint
3009 2021 3179 2075 sancti
3206 2021 3321 2076 viri.
3349 2022 3457 2076 Re-

1885 2103 2124 2169 spondeo
2151 2105 2402 2169 breviter,
2435 2107 2558 2174 quia
2582 2107 2702 2161 ideo
2731 2109 2901 2162 sancti
2931 2111 3028 2163 viri
3052 2110 3370 2167 inﬁrmiores
3397 2129 3456 2168 se

1884 2206 2000 2246 esse
2031 2192 2260 2259 faciunt;
2311 2197 2434 2264 quia
2477 2197 2521 2250 si
2563 2197 2731 2252 fortes
2780 2200 2995 2264 fuerint,
3027 2203 3196 2256 sancti
3219 2219 3338 2258 esse
3365 2205 3455 2260 vix

1886 2291 2128 2350 possunt.
2171 2281 2373 2352 Opinor
2411 2287 2552 2340 enim
2603 2303 2788 2342 omnes
2815 2291 3030 2345 omnino
3057 2290 3299 2346 homines
3324 2293 3454 2350 cibis

1884 2385 1949 2425 ac
1977 2373 2178 2439 poculis
2228 2373 2395 2430 fortes
2440 2392 2589 2442 esse;
2642 2377 2880 2432 inﬁrmos
2915 2388 3092 2434 autem
3113 2383 3451 2447 abstinentia,

1884 2462 2148 2528 ariditate,
2175 2464 2412 2533 jejuniis.
2455 2467 2571 2522 Non
2612 2482 2739 2536 ergo
2767 2470 2956 2523 mirum
2979 2481 3061 2525 est
3087 2474 3229 2540 quod
3259 2473 3452 2530 infirmi

1881 2560 2005 2604 sunt
2031 2554 2120 2620 qui
2151 2569 2301 2607 usum
2341 2571 2522 2609 earum
2553 2573 2727 2610 rerum
2768 2567 3027 2627 respuunt
3068 2576 3166 2629 per
3191 2576 3325 2630 quas
3363 2564 3454 2620 alii

1882 2637 2048 2696 fortes
2076 2642 2226 2696 ﬁunt.
2252 2643 2318 2696 Et
2339 2655 2420 2698 est
2447 2646 2582 2700 ratio
2612 2663 2707 2700 cur
2728 2657 3001 2717 respuant,
3053 2651 3261 2705 dicente
3287 2651 3452 2708 Paulo

1883 2735 2127 2802 apostolo
2148 2735 2214 2790 de
2235 2749 2292 2790 se
2322 2736 2439 2804 ipso
2464 2754 2476 2790 :
2509 2721 2716 2808 Castigo
2737 2755 2919 2809 corpus
2949 2758 3130 2806 meum,
3155 2751 3203 2794 et
3225 2747 3452 2799 servituti

1881 2824 2129 2894 subjicio;
2173 2844 2237 2880 ne
2279 2829 2410 2896 forte
2429 2843 2542 2880 cum
2565 2830 2682 2881 aliis
2704 2830 3106 2898 prtedicaverim,
3139 2834 3246 2904 ipse
3274 2851 3452 2903 repro-

1884 2915 1974 2970 bus
2019 2917 2212 2985 efﬁciar
2259 2917 2300 2988 (I
2318 2917 2434 2972 Cor.
2488 2935 2560 2983 ιχ,
2605 2919 2716 2989 9.7).
2745 2919 2800 2974 Si
2825 2921 3182 2977 inﬁrmitatem
3213 2926 3450 2993 corporis

1884 3009 2237 3075 appetendam
2264 3011 2365 3065 sibi
2393 3011 2552 3064 etiam
2584 3011 2868 3081 Apostolus
2896 3021 3064 3082 putat,
3091 3015 3209 3082 quis
3236 3016 3449 3084 sapien-

1807 3113 1851 3172 ο
1887 3106 1968 3153 ter
1994 3100 2192 3153 evitat?
2211 3099 2265 3155 Si
2296 3100 2660 3157 fortitudinem
2693 3104 2868 3157 carnis
2899 3104 3185 3173 Apostolus
3231 3106 3446 3170 metuit,

1884 3189 2002 3258 quis
2051 3190 2438 3246 rationabiliter
2467 3192 2615 3247 fortis
2662 3209 2781 3248 esse
2825 3195 3132 3263 praesumit?
3171 3194 3294 3250 Ilico
3321 3209 3449 3263 ergo

1882 3279 2020 3332 ratio
2047 3289 2148 3344 est,
2179 3295 2283 3348 qua
2304 3281 2548 3336 homines
2577 3281 2790 3336 Christo
2818 3283 2982 3337 dediti
3003 3291 3059 3337 et
3097 3282 3289 3338 inﬁrmi
3325 3294 3448 3339 sunt

1881 3374 1936 3421 et
1963 3369 2148 3422 volunt
2174 3385 2310 3424 esse.
2353 3370 2505 3425 Absit
2558 3379 2735 3426 autem
2766 3381 2818 3426 ut
2859 3373 2961 3426 hoc
2987 3382 3299 3441 argumento
3328 3374 3456 3428 reli-

1880 3459 2060 3527 giosos
2086 3469 2332 3528 putemus
2353 3476 2383 3514 a
2415 3463 2525 3516 Deo
2567 3464 2778 3530 negligi,
2825 3480 2921 3532 per
2947 3465 3090 3533 quod
3136 3464 3448 3520 conﬁdian

1881 3553 2001 3621 plus
2027 3552 2214 3606 amari.
2245 3551 2492 3622 Legimus
2520 3550 2548 3592 ἀ
2578 3552 2914 3609 Timotheum
2954 3557 3250 3624 apostolum
3290 3570 3448 3610 carne

1365 3663 1701 3720 STEPHANI
1736 3663 2005 3720 BALUZII
2042 3662 2269 3719 NOTIE.

219 3765 461 3820 editiones
489 3759 798 3817 Brassicani
837 3765 891 3812 et
925 3754 1196 3819 Galesinii,
1221 3755 1310 3823 qui
1337 3755 1512 3810 locum
1542 3757 1681 3810 hunc
1703 3757 1781 3811 sic

218 3830 477 3890 ediderunt
504 3852 520 3886 :
563 3827 826 3901 Numquid
846 3843 978 3901 wgre
997 3825 1227 3897 ferebant
1253 3825 1389 3895 quod
1416 3842 1572 3901 avara
1600 3826 1716 3880 illos
1746 3842 1780 3880 α

216 3907 352 3959 divite
370 3903 695 3958 conscientia
715 3897 828 3952 auri
852 3897 1042 3951 talenta
1068 3910 1171 3949 non
1193 3903 1476 3963 premerent
1496 3897 1522 3950 .’

277 3984 299 4012 ι
335 3972 651 4028 Cornelium
679 3966 948 4030 Ruﬁnum,
980 3972 1037 4018 ut
1064 3962 1220 4018 docet
1254 3963 1492 4018 Valerius
1519 3962 1780 4018 Maximus

216 4044 294 4097 lib.
321 4061 374 4107 ιι,
399 4059 520 4112 cap.
570 4039 631 4112 Δὶ
649 4037 886 4112 Meminit
907 4042 961 4089 et
980 4033 1335 4112 Tertullianus
1358 4034 1417 4112 in_
1433 4032 1778 4112 Apologctico

217 4128 318 4183 cap.
347 4102 417 4165 ὃς
447 4102 574 4183 qua:
592 4109 890 4183 Patritiunt,
919 4103 1055 4183 quod
1081 4102 1250 4183 decem
1279 4102 1447 4183 pondo
1463 4104 1658 4183 argenti
1682 4103 1778 4183 Ita-

214 4171 502 4252 hissetmro
516 4193 712 4252 magno
725 4176 870 4252 titulo
882 4171 1171 4252 ambitionis
1185 4182 1364 4252 senatu
1371 4171 1771 4252 summovebant.

275 4253 298 4292 δ
326 4241 1013 4322 Αέέθηῑἰοέῐίὶῑιετειῃιβξοε
1044 4241 1431 4322 quipotestatis
1461 4242 1775 4322 vocabulum

216 4321 338 4390 apud
376 4321 690 4376 Salvianum
736 4323 792 4369 et
834 4313 959 4367 alibi
1002 4311 1221 4390 intelligi
1266 4311 1462 4390 debere
1508 4311 1776 4390 egistimat

216 4379 370 4460 ipsum
412 4390 762 4457 magistratus
783 4379 1136 4460 nomen..Quo
1164 4396 1320 4460 sensu
1360 4381 1774 4460 fortassis-acci-

247 4461 389 4514 ienda
412 4450 644 4514 est'lnec
656 4471 759 4508 vox
787 4455 838 4507 in
862 4451 1026 4506 veteri
1047 4450 1388 4518 inscriptione
1408 4465 1525 4520 quae
1547 4451 1772 4519 primum

247 4476 389 4514 renda
412 4476 496 4514 est
525 4476 644 4510 "(BC
656 4476 759 4508 vox
788 4476 838 4507 III
862 4476 1026 4506 veteri
1047 4476 1388 4518 utaunpuuuc
1408 4476 1525 4520 quas:
1548 4476 1772 4519 prmium

215 4476 305 4584 Iino
330 4530 447 4584 loco
477 4528 624 4582 edita
647 4531 727 4578 est
753 4538 817 4577 ex
848 4521 1020 4589 lapide
1048 4521 1267 4589 antiquo
1294 4521 1382 4588 qui
1414 4519 1659 4574 Narbone
1679 4535 1776 4574 ex--

1953 3754 2216 3810 Cmterum
2255 3755 2409 3812 Sevir
2447 3757 2535 3812 ille
2585 3755 2891 3824 augustalis,
2941 3754 3090 3824 cujus
3138 3771 3327 3809 nomen
3367 3755 3450 3809 di-

1882 3827 2043 3879 midia
2071 3827 2151 3879 sui
2178 3836 2330 3896 parte
2359 3828 2534 3896 periit,
2569 3826 2790 3896 fortasse
2828 3833 2908 3879 est
2951 3824 3205 3896 Servilius
3234 3825 3448 3880 Marcia-

1882 3911 1981 3967 nus
2006 3895 2254 3967 sacerdos
2274 3897 2339 3950 ad
2363 3895 2614 3967 templum
2647 3895 2826 3951 Romae
2853 3903 2907 3967 et
2936 3895 3287 3967 Augustorum
3314 3897 3447 3967 _Are~

1881 3965 2008 4027 late,
2037 3964 2188 4032 cujus
2215 3969 2416 4020 mentio
2445 3964 2620 4022 exstat
2649 3967 2701 4019 in
2730 3965 2898 4018 veteri
2938 3965 3280 4034 inscriptione
3311 3965 3447 4033 Lug—

1878 4035 2108 4105 dunensi
2130 4035 2268 4102 apud
2289 4035 2493 4090 Sixtum
2515 4037 2567 4090 in
2597 4035 2868 4105 pontiﬁcio
2893 4033 3186 4089 Arelatensi
3213 4050 3329 4103 pag.
3357 4035 3444 4089 55.

1879 4101 2010 4175 Quae
2023 4103 2152 4175 _dein
2165 4101 2240 4158 ex
2267 4101 2612 4175 inscriptione
2637 4105 2846 4167 desunt,
2880 4105 2952 4158 ita
2981 4105 3121 4175 haud
3149 4101 3308 4158 dubie
3322 4121 3447 4173 snp-

1880 4172 2074 4246 pleuda
2102 4180 2226 4246 sunt
2249 4191 2269 4246 7:
2311 4174 2374 4229 de
2396 4172 2489 4230 sua
2534 4175 2882 4229 mediocritate
2909 4191 2941 4226 a
2967 4174 3295 4246 fundamento
3330 4172 3445 4244 ﬁeri

1881 4244 2099 4365 ponicgte
2121 4242 2299 4313 jussit.

1954 4321 1977 4350 ο
2063 4326 2132 4365 οη
2162 4313 2298 4365 male

1954 4321 1977 4350 ο
2016 4311 2133 4366 Non
2162 4313 2298 4368 male
2328 4313 2562 4368 fortassis
2581 4311 3081 4380 Rittershusius,qui
3113 4319 3281 4365 totum
3303 4313 3444 4369 hunc

1878 4380 2055 4436 locum
2093 4382 2170 4436 sic
2223 4383 2500 4450 legendum
2555 4390 2610 4436 et
2657 4383 3130 4451 iuterpuugendum
3178 4385 3445 4450 putatuic

1877 4464 2027 4520 prout
2056 4453 2276 4506 humano
2297 4455 2470 4523 generi
2515 4454 2854 4506 necessarium
2884 4461 3081 4516 nosset,
3129 4454 3440 4523 moderatio-

1878 4536 1993 4573 nem
2045 4539 2186 4574 suam
2225 4532 2274 4576 et
2300 4521 2713 4593 gubernaculum
2761 4531 3078 4593 temperaret.
3119 4521 3439 4593 Quanquam

211 4578 304 4652 sitat
331 4578 763 4670 invidewl’rioﬂs
791 4592 848 4645 Β.
879 4578 1056 4670 Maria;
1080 4578 1327 4656 Maj'oris:
1346 4589 1503 4670 Lapis
1527 4598 1612 4670 est
1633 4605 1772 4658 prte-
1797 4578 1848 4638 D
1874 4601 2171 4670 repugnant
2222 4578 2426 4670 omnes
2448 4591 2708 4670 editiones
2728 4601 2803 4670 et
2838 4578 2983 4670 libri;
3029 4578 3317 4670 nisiwquod:
3345 4607 3440 4670 pro
3491 4596 3514 4669 ἦ

213 4670 410 4733 grandis
430 4709 446 4731 ,
481 4668 537 4720 in
559 4678 770 4733 summo
810 4669 986 4733 sectus
1038 4659 1090 4712 in
1113 4674 1313 4733 arcum,
1345 4659 1395 4711 in
1426 4659 1532 4733 imo
1562 4661 1770 4733 planus,

213 4727 354 4806 quem
381 4727 442 4791 in
462 4735 654 4790 limine
668 4731 946 4806 cujusdam
969 4727 1398 4806 templi_posi_tum
1423 4727 1580 4784 fuisse
1599 4731 1773 4798 gravis

213 4798 280 4861 Est
306 4808 638 4876 conjectura.
667 4801 726 4856 In
740 4798 954 4856 cantica
980 4806 1131 4868 parte
1151 4798 1264 4852 haec
1284 4798 1558 4866 leguntur:

873 4900 1110 4979 1MP.

553 4999 867 5056 CAESARI.
898 4998 1050 5054 DIVI.
1083 4996 1355 5054 NERVAE
1394 4998 1454 5052 F.

215 5069 491 5128 NERVAE.
536 5067 1106 5193 ΤΙἏΙΑΧῗξόΤΟΙὲΙόἒῙ.
1140 5065 1341 5189 l1:0NT.
1383 5067 1548 5122 MAX.
1591 5066 1765 5121 TRIB.

402 5219 468 5286 Q.
511 5203 1553 5286 8....ιιιυδηηη..ΑΝυνδτίιῆιριὶιγεῃ

370 5283 759 5343 AUGUSTAL.
802 5287 907 5341 DE.
946 5285 1098 5341 SUA.
1139 5283 1571 5338 MEDIOCRITA.

219 5350 1666 5420 ................,MENTOFIERI.

688 5425 996 5492 PONIQUE.
1041 5423 1276 5478 IUSSIT.

216 5509 265 5566 In
284 5516 485 5584 postica
516 5531 650 5570 vero
674 5525 846 5586 parte,
882 5515 1170 5584 majoribus
1206 5511 1634 5576 characteribus,
1666 5511 1762 5565 sic.

259 5615 432 5696 AD.
477 5618 933 5699 UIINAM.
985 5612 1706 5697 POTESTATIS.

1876 4663 2236 4726 necessariam,
2267 4677 2385 4730 qua:
2414 4662 2571 4730 lectio
2600 4672 2682 4716 est
2721 4669 2830 4714 tum
2869 4659 3157 4718 Pithmanac
3192 4659 3442 4713 editionis
3513 4659 3530 4714 Ξ

1877 4737 1988 4784 tum
2019 4732 2260 4795 aliarum,
2284 4729 2474 4786 codex
2518 4729 2856 4785 Corbeiensis
2892 4730 3050 4782 habet
3078 4731 3437 4794 necessarium,

1874 4800 2016 4869 quod
2048 4801 2262 4868 adjuvat
2309 4801 2667 4869 conjecturam
2709 4798 3065 4852 Rittershusii.
3100 4799 3441 4853 Brassicanus

1875 4879 1930 4922 et
1949 4868 2263 4934 Galesinius,
2307 4868 2542 4924 detracta
2573 4883 2702 4923 voce
2750 4877 2919 4922 nosset
2958 4876 3014 4920 ut
3049 4869 3330 4937 superflua,
3363 4869 3439 4924 sic

1875 4937 2118 5007 legerunt
2143 4941 2281 4993 hunc
2308 4941 2481 4994 locum
2507 4957 2518 4990 :
2544 4941 2616 4990 Ac
2644 4955 2737 5007 pro
2759 4937 2980 5008 humano
3009 4955 3188 5008 genere
3215 4954 3438 4990 necessa-

1875 5005 2008 5077 riam
2029 5010 2427 5062 moderationem
2455 5005 2674 5077 suamth
2696 5005 3087 5077 gubernaculum
3119 5017 3436 5077 temperaret.

1945 5076 1971 5114 ά
2001 5077 2140 5131 Infra
2169 5079 2320 5147 epist.
2348 5077 2397 5141 9,
2431 5091 2555 5146 pag.
2585 5075 2732 5147 209—:
2768 5075 3013 5131 Timothei
3043 5075 3278 5147 apostoli.
3310 5076 3437 5147 IIie-r

1873 5163 2127 5218 ronymus
2168 5144 2220 5200 in
2268 5144 2533 5200 Chronico
2584 5163 2597 5198 :
2639 5144 2885 5218 Ijeliquite
2930 5144 3161 5218 ap_ostoli
3189 5146 3439 5198 Timothei

1874 5214 2362 5286 ConstantinOpolim
2380 5218 2608 5269 innocue.
2637 5214 2852 5270 Certum
2873 5224 2954 5270 est
2974 5215 3308 5269 Timotheum
3331 5229 3437 5268 non

1869 5286 2029 5342 fuisse
2055 5302 2120 5339 ex
2151 5301 2373 5339 numero
2395 5299 2582 5339 eorum
2609 5301 2742 5354 quos
2763 5285 3437 5354 vulgoivocamusiaposto;

1866 5357 1968 5410 los.
1995 5356 2060 5408 Et
2082 5355 2369 5409 Primasius
2391 5355 2443 5408 in
2473 5351 2641 5423 caput
2661 5351 2886 5423 primum
2916 5353 3165 5423 Epistolze
3196 5351 3343 5406 Pauli
3367 5351 3433 5404 ad

1869 5425 2257 5495 Philippenses,
2308 5440 2426 5492 qua:
2468 5422 2554 5495 sic
2593 5422 2776 5495 incipit
2823 5422 3018 5495 Paulus
3059 5433 3107 5476 et
3131 5422 3434 5495 Iimothws

1866 5489 2164 5548 servi-Iesu
2210 5489 2432 5559 Christi;
2473 5489 2841 5562 Apostolatum
2868 5494 3094 5560 denegat
3130 5489 3430 5562 Timotheo,

1866 5579 1984 5618 cum
2032 5564 2161 5618 dicit
2186 5583 2197 5616 :
2232 5564 2412 5618 Omnis
2434 5559 2692 5624 apostolus
2720 5579 2908 5624 servus,
2941 5559 3042 5614 non
3069 5559 3231 5614 omnis
3261 5574 3433 5611 servus

1866 5635 2147 5702 apostolus.
2178 5632 2282 5687 Sed
2305 5625 2573 5690 sciendum
2601 5641 2680 5687 est
2709 5631 2935 5701 apostoli
2964 5644 3155 5685 nomen
3186 5625 3436 5696 generale
