4036 6180
436 272 507 326 55
1366 267 1422 322 S.
1464 266 1775 321 SALYIANI
1818 264 2276 321 iiASSlLlENSlS
2320 259 2738 319 PBESBYTERI
3612 259 3682 313 36

438 382 852 439 inﬁrmissimum
872 381 1050 437 fuisse.
1064 379 1326 448 Numquid
1342 380 1706 448 negligebatur
1724 378 2013 441 aDomino,
2044 384 2090 439 Α
2120 393 2226 431 non
2256 385 2508 445 agnoscat
2534 391 2597 431 ac
2623 375 2801 429 videat
2828 371 3242 444 pulcherrimum
3270 368 3452 427 mundi
3480 386 3614 441 opus
3632 381 3687 425 et

438 482 532 529 aut
557 474 625 529 ob
642 472 1007 527 inﬁrmitatem
1032 469 1244 523 Christo
1273 485 1379 523 non
1408 469 1627 537 placuit,
1653 467 1745 536 qui
1789 466 1858 520 ad
1903 468 2007 521 hoc

439 567 680 622 inﬁrmus
706 564 824 619 esse
852 562 1021 617 voluit
1040 570 1098 615 ut
1120 562 1392 630 placeret?
1412 575 1676 628 quemque
1701 561 1861 613 etiam
1898 559 2010 626 ipse

428 659 715 729 apostolus
740 655 938 711 Paulus
966 653 1010 724 (Ι
1034 653 1165 707 Tim.
1196 668 1247 717 v,
1271 652 1383 723 25),
1418 652 1541 706 licet
1562 650 1740 707 nimiis
1770 650 1882 717 jam
1929 650 2011 702 in—

440 748 778 803 ﬁrmitatibus
806 747 1157 807 laborantem,
1190 758 1297 803 non
1325 749 1506 796 tamen
1533 741 1635 796 nisi
1659 739 2010 810 pauxillulum

439 841 547 894 vini
583 853 795 895 sumere
843 852 908 891 ac
950 836 1187 890 delibare
1227 833 1501 904 permisit;
1530 833 1635 887 hoc
1661 840 1761 893 est,
1788 831 1859 885 ita
1888 845 2011 884 eum

437 929 608 984 voluit
637 926 928 981 inﬁrmitati
955 940 1063 980 sum
1083 925 1363 980 consulere
1381 922 1525 991 quod
1551 920 1721 976 noluit
1745 928 1921 974 tamen
1944 919 2013 974 ad

437 1018 801 1075 fortitudinem
829 1016 1147 1087 pervenire?
1174 1014 1242 1067 Et
1286 1014 1391 1068 hoc
1432 1028 1529 1077 cur
1556 1012 1665 1066 ita?
1686 1010 1793 1065 Cur
1811 1011 2013 1080 absque

438 1114 619 1175 dubio,
666 1111 767 1166 nisi
813 1108 956 1180 quia,
989 1116 1048 1163 ut
1077 1109 1190 1177 ipse
1214 1106 1342 1161 dicit
1376 1122 1389 1158 :
1423 1105 1555 1158 Caro
1582 1102 1898 1172 concupiscit
1924 1100 2014 1153 adp

438 1221 607 1261 versus
652 1189 905 1274 spiritum,
936 1203 1146 1271 spiritus
1176 1208 1346 1252 autem
1374 1197 1613 1250 adversus
1643 1210 1871 1248 carnem.
1912 1193 2014 1262 ιο

441 1295 572 1349 Hau:
623 1296 778 1358 enim,
838 1293 1025 1361 inquit,
1066 1293 1276 1344 invicem
1314 1287 1411 1342 sibi
1440 1287 1792 1350 adversantur,
1823 1293 1881 1337 ut
1906 1299 2013 1336 non

439 1403 760 1459 qumcumque
797 1384 967 1447 vultis,
1008 1384 1103 1440 illa
1133 1384 1335 1454 faciatis
1365 1379 1506 1449 (Gal.
1541 1395 1589 1443 v,
1623 1377 1733 1446 l7).
1765 1376 1881 1430 Non
1909 1376 2012 1428 im-

440 1478 730 1548 prudenter
760 1486 784 1511 ⁸
814 1474 1029 1543 quidam
1072 1474 1175 1527 hoc
1219 1472 1340 1526 loco
1385 1470 1521 1524 dixit
1566 1467 1710 1536 quod
1759 1467 1804 1521 si
1850 1480 2012 1535 repu.

440 1576 636 1636 gnante
665 1565 908 1634 corporis
931 1562 1258 1626 fortitudine,
1290 1574 1411 1629 qua:
1438 1565 1684 1628 optamus
1714 1555 1887 1610 facere
1908 1569 2014 1609 non

439 1672 745 1728 possumus:
779 1653 1151 1709 inﬁrmandum
1179 1653 1333 1707 nobis
1355 1666 1517 1707 carne
1543 1650 1613 1704 sit
1642 1658 1700 1703 ut
1728 1656 1906 1717 optata
1937 1645 2017 1699 fau-

2111 467 2534 521 imcstimabilem
2597 479 2948 535 supernarum
3011 460 3447 530 internarumque
3507 476 3686 516 rerum

2108 559 2556 627 magniﬁcentiam
2586 558 2654 612 ab
2674 556 2861 611 eodem
2884 555 2993 624 regi
3023 569 3177 624 aquo
3196 562 3378 610 creata
3392 555 3485 617 sit,
3506 569 3688 623 quem-

2109 664 2216 718 que
2258 650 2645 704 elementorum
2690 647 3084 711 fabricatorem,
3118 646 3367 701 eumdem
3394 647 3557 702 etiam
3576 659 3683 715 gu-

2109 740 2451 795 bernatorem
2482 740 2634 795 fore?
2663 739 2754 808 qui
2782 746 2975 793 cuncta
3027 738 3230 793 scilicet
3266 753 3373 807 qua
3419 745 3688 808 potestate

2111 848 2176 888 ac
2204 832 2482 901 majestate
2510 831 2829 893 condiderit,
2861 830 3050 887 eadem
3072 831 3233 884 etiam
3260 830 3597 900 providentia
3625 845 3688 886 ac

2110 924 2322 977 ratione
2352 921 2684 986 moderetur;
2717 920 3011 989 praesertim
3039 935 3162 981 cum
3189 921 3351 975 etiam
3380 921 3432 975 in
3462 922 3545 976 his
3569 937 3689 998 quze

2112 1014 2348 1070 humano
2402 1021 2525 1068 actu
2570 1013 3026 1077 administrantur,
3069 1011 3200 1065 nihil
3229 1012 3441 1080 penitus
3467 1013 3583 1068 sine
3608 1029 3686 1068 rao

2111 1105 2261 1159 tione
2306 1105 2580 1167 consistat,
2631 1104 2915 1171 omniaque
2942 1103 3016 1156 ita
3065 1117 3095 1157 a
3123 1102 3457 1172 providentia
3485 1104 3686 1159 incolu—

2112 1199 2372 1261 mitatem,
2397 1198 2551 1264 quasi
2601 1210 2795 1265 corpus
2848 1196 2917 1249 ab
2969 1195 3145 1250 anima
3200 1195 3384 1258 vitam,
3442 1196 3685 1261 trahant;

2115 1290 2343 1359 ideoque
2372 1291 2424 1343 in
2449 1290 2553 1344 hoc
2582 1288 2779 1343 mundo
2800 1304 2906 1342 non
2934 1288 3107 1343 solum
3135 1288 3357 1358 imperia
3388 1295 3443 1342 et
3471 1289 3687 1357 provin-

2114 1381 2244 1445 cias,
2276 1389 2436 1448 atque
2464 1394 2583 1434 rem
2607 1380 2818 1433 civilem
2848 1393 2915 1433 ac
2938 1379 3242 1443 militarem,
3273 1378 3367 1433 sed
3397 1379 3556 1432 etiam
3585 1377 3687 1431 mi.

2114 1488 2249 1529 nora
2270 1471 2442 1527 ofﬁcia
2464 1479 2519 1526 et
2536 1471 2773 1541 privatas
2788 1471 2997 1535 domos,
3021 1470 3253 1540 pecudes
3278 1469 3508 1538 denique
3527 1469 3687 1538 ipsas.

2116 1568 2172 1616 et
2199 1561 2553 1619 minutissima
2599 1574 2827 1630 qureque
2872 1559 3287 1615 domesticorum
3342 1559 3689 1619 animantium

2117 1666 2334 1721 genera,
2361 1666 2470 1705 non
2499 1650 2600 1704 nisi
2628 1651 2862 1706 humana
2891 1650 3230 1707 ordinatione
3258 1657 3419 1719 atque
3444 1651 3687 1712 consilio.

441 1748 663 1801 ciamus.
705 1765 723 1795 α
760 1744 1040 1799 inﬁrmitas
1066 1743 1208 1797 enim
1235 1742 1427 1805 carnis,
1462 1740 1631 1808 inquit
1662 1738 1829 1805 (Salv.
1859 1737 2008 1804 epist.
2044 1736 2090 1796 B
2115 1744 2266 1812 quasi
2293 1742 2522 1811 quadam
2561 1757 2723 1796 manu
2762 1749 2829 1806 ει
2866 1743 3245 1811 gubernaculo,
3287 1743 3567 1797 οοιιιίηθιιὶ,
3624 1742 3690 1805 Et

443 1835 527 1906 5),
584 1828 821 1904 vigol‘cm
863 1835 1057 1887 mentis
1095 1832 1325 1901 exacuit,
1373 1830 1401 1870 ι’
1431 1838 1485 1884 et
1537 1829 1742 1883 allectis
1769 1829 2008 1893 artubus,

439 1930 584 1983 vires
610 1939 893 1995 corporum
935 1924 989 1977 in
1015 1924 1240 1978 virtutes
1268 1920 1655 1976 transferuntur
1683 1919 2013 1982 animorum;

446 2033 550 2071 non
609 2015 848 2084 turpibus
900 2012 1127 2066 flammis
1177 2012 1421 2066 medullae
1467 2018 1713 2074 mstuant,
1744 2024 1852 2063 non
1879 2008 2018 2062 male

443 2124 630 2163 sanam
686 2115 919 2161 mentem
972 2105 1192 2158 latentia
1231 2103 1498 2158 incentiva
1527 2100 1875 2162 succendunt,
1908 2113 2017 2152 non

446 2197 564 2263 vagi
617 2210 805 2250 sensus
855 2209 955 2263 per
982 2193 1129 2248 varia
1159 2192 1548 2247 oblectamenta
1574 2189 1891 2253 lasciviunt;
1923 2187 2017 2242 sed

444 2286 560 2341 sola
589 2285 822 2340 exsultat
846 2284 1040 2349 anima,
1074 2284 1192 2337 laeta
1220 2297 1447 2351 corpore
1476 2280 1687 2344 aﬁ'ecto,
1717 2280 1870 2348 quasi
1925 2276 2018 2332 ad-

444 2375 685 2430 versario
737 2373 1040 2443 subjugato.
1080 2392 1098 2425 ι
1135 2372 1261 2427 Haec
1312 2385 1459 2440 ergo,
1504 2378 1564 2424 ut
1598 2370 1727 2437 dixi,
1758 2369 2019 2439 religiosis

442 2466 574 2520 viris
600 2480 761 2520 causa
791 2462 1115 2519 inﬁrmitatis
1140 2470 1255 2527 est;
1287 2476 1513 2530 eamque
1541 2476 1658 2516 esse
1699 2476 1801 2517 nec
1841 2468 1916 2525 tu,
1959 2467 2019 2512 ut

445 2560 693 2621 arbitror,
721 2557 832 2626 jam
860 2569 1041 2623 negas.

513 2649 602 2704 IV.
632 2648 740 2704 Sed
766 2655 890 2702 sunt
917 2646 1161 2710 fortasse,
1194 2645 1388 2714 inquis,
1420 2643 1522 2699 alia
1551 2643 1757 2713 majora
1782 2661 1795 2696 :
1828 2643 1882 2698 id
1911 2649 2015 2707 est,

446 2741 589 2813 quod
617 2742 783 2795 multa
813 2740 868 2794 in
897 2740 1006 2792 vita
1035 2738 1134 2792 ista
1164 2751 1354 2807 aspera
1383 2744 1542 2804 atque
1570 2735 1763 2790 acerba
1807 2733 2021 2803 patiun-

446 2842 553 2894 tur,
610 2830 754 2900 quod
806 2829 1107 2899 capiuntur,
1148 2825 1291 2895 quod
1320 2831 1656 2897 torquentur,
1686 2824 1831 2893 quod
1860 2824 2023 2880 truci,-

445 2924 659 2980 dantur.
716 2921 917 2976 Verum
972 2927 1072 2974 est.
1103 2917 1209 2973 Sed
1237 2917 1362 2988 quid
1394 2917 1616 2972 facimus
1642 2916 1786 2985 quod
1813 2923 1870 2971 et
1895 2930 2024 2985 pro-

444 3020 621 3090 phetae
650 3018 702 3071 in
732 3013 1098 3086 captivitatem
1127 3009 1340 3065 abducti
1368 3016 1493 3064 sunt
1519 3014 1574 3064 et
1601 3008 1832 3078 apostoli
1858 3007 2020 3062 etiam

2120 1830 2235 1886 inec
2263 1831 2441 1885 omnia
2465 1831 2582 1886 sine
2621 1830 2784 1887 dubio
2824 1832 3099 1887 voluntate
3146 1848 3211 1887 ac
3243 1831 3446 1901 judicio
3497 1834 3690 1889 summi

2120 1921 2252 1976 Dei:
2284 1922 2488 1978 scilicet
2516 1931 2574 1977 ut
2601 1939 2668 1979 eo
2708 1925 2956 1994 exemplo
3002 1939 3162 1979 omne
3201 1938 3370 1993 genus
3401 1925 3691 1979 humanum

2121 2011 2412 2080 particulas
2438 2028 2617 2068 rerum
2647 2020 2703 2068 et
2730 2014 2967 2068 membra
2996 2024 3224 2082 regeret,
3254 2030 3362 2084 quo
3410 2016 3523 2084 ipse
3548 2031 3693 2070 sum.

2118 2115 2264 2154 mam
2311 2101 2476 2155 totius
2521 2103 2777 2157 mundani
2823 2103 3065 2172 corporis
3110 2103 3449 2173 gubernaret.
3493 2103 3597 2160 Sed
3638 2105 3691 2159 in

2118 2196 2404 2266 principio,
2446 2197 2640 2266 inquis,
2688 2205 3054 2254 creaturarum
3092 2197 3206 2252 haec
3236 2205 3359 2251 sunt
3386 2213 3415 2251 a
3446 2198 3557 2251 Deo
3585 2205 3693 2251 sta,

2122 2293 2237 2340 tuta
2288 2294 2449 2356 atque
2494 2287 2782 2357 disposita;
2831 2296 3081 2343 czeterum
3111 2294 3319 2357 patrata
3348 2288 3695 2344 universitate

2121 2394 2300 2434 rerum
2342 2387 2503 2449 atque
2531 2378 2783 2450 perfecta,
2815 2379 3042 2435 removit
3082 2394 3113 2432 a
3142 2393 3201 2434 se
3241 2387 3487 2433 cunctam
3527 2388 3694 2434 terre»

2120 2467 2309 2521 strium
2333 2483 2511 2523 rerum
2530 2484 2713 2524 curam
2742 2480 2763 2507 ο
2789 2477 2845 2523 et
2864 2467 3156 2535 ablegavit;
3190 2468 3427 2523 laborem
3449 2469 3694 2525 videlicet

2017 2601 2033 2616 ,
2121 2555 2260 2612 forte
2300 2556 2526 2625 fugiens,
2578 2574 2609 2612 a
2637 2574 2736 2613 suo
2783 2559 2902 2614 loco
2948 2558 3268 2624 amandavit,
3300 2567 3356 2617 et
3395 2561 3692 2615 molestiam

2120 2645 2446 2715 fatigationis
2491 2648 2699 2702 evitans
2721 2688 2736 2713 ,
2784 2657 2877 2703 aut
2920 2657 3213 2718 occupatus
3270 2651 3497 2718 negotiis
3551 2651 3689 2713 aliis.

2122 2745 2330 2809 partem
2355 2753 2536 2793 rerum
2573 2738 2807 2808 reliquit,
2838 2739 2964 2815 quia
3003 2747 3170 2802 totum
3196 2739 3350 2799 obire
3375 2755 3481 2795 non
3504 2741 3714 2810 possit“

2194 2826 2258 2882 ν.
2289 2827 2552 2884 Removet
2579 2829 2741 2896 igitur
2767 2844 2797 2883 a
2824 2843 2902 2894 se,
2944 2829 3134 2898 inquit,
3177 2845 3359 2886 curam
3391 2831 3696 2886 mortalium

2123 2918 2286 2977 Deus.
2318 2917 2385 2972 Et
2404 2932 2523 2987 qua:
2551 2904 2682 2988 ei-go
2707 2918 2865 2982 nobis
2890 2917 3082 2976 divinae
3106 2918 3380 2988 religionis
3406 2927 3490 2973 est
3521 2920 3697 2973 ratio?

2123 3023 2243 3079 qua:
2268 3009 2355 3067 vel
2374 3024 2533 3071 causa
2553 3007 2821 3072 Christum
2841 3009 3069 3076 colendi,
3091 3009 3178 3069 vel
3198 3025 3320 3081 spes
3338 3010 3696 3080 propitiandi?

448 3114 713 3162 tormenta
765 3102 1097 3159 tolerarunt?
1149 3099 1218 3156 Et
1244 3106 1392 3157 certe
1419 3098 1662 3155 dubitare
1692 3113 1797 3154 non
1825 3111 2016 3168 possue
2040 3094 2088 3159 C
2125 3104 2225 3177 12
2249 3100 2307 3157 Si
2328 3100 2472 3161 enim
2501 3101 2675 3170 neglig
2687 3101 2728 3155 it
2746 3101 2886 3159 Deus
2906 3101 2960 3163 in
2987 3102 3092 3157 hoc
3117 3102 3313 3157 smculo
3340 3116 3506 3171 genus
3528 3102 3697 3157 homi.

445 3212 580 3260 mus,
638 3196 781 3265 quod
835 3201 963 3249 tunc
1004 3193 1114 3248 Deo
1141 3191 1373 3246 maxime
1399 3205 1542 3246 curae
1567 3197 1741 3254 erant,
1772 3203 1893 3243 cum
1920 3203 2020 3258 pro

446 3288 559 3342 Deo
589 3287 688 3341 ista
716 3292 1047 3356 paterentur.
1080 3283 1151 3338 At
1181 3282 1401 3338 forsitan
1430 3282 1536 3339 hoc
1563 3282 1679 3352 ipso
1707 3282 1876 3349 magis
1902 3295 2023 3349 pro,

445 3378 576 3432 bare
606 3385 658 3431 te
685 3377 819 3431 dicis
844 3375 985 3444 quod
1015 3375 1156 3429 Deus
1184 3373 1237 3428 in
1265 3373 1463 3428 s'eculo
1488 3373 1594 3427 isto
1620 3371 1802 3426 omnia
1850 3369 2021 3438 negli—

412 3508 417 3513 .
446 3476 556 3532 gat,
587 3475 641 3522 et
667 3465 845 3522 futuro
873 3474 1043 3521 totum
1067 3465 1270 3535 judicio
1298 3469 1555 3528 reservet,
1586 3463 1710 3532 quia
1738 3476 1951 3532 semper
1968 3468 2026 3516 et

448 3558 576 3612 lieni
631 3558 811 3611 omnia
865 3557 1004 3611 mala
1032 3556 1176 3626 passi
1205 3563 1346 3620 sunt,
1378 3561 1433 3609 et
1459 3552 1701 3609 fecerunt
1727 3552 1874 3607 mali.
1906 3550 2023 3606 Non

449 3644 677 3701 inﬁdelis
704 3645 918 3714 quidem
949 3646 1156 3700 videtur
1182 3644 1425 3709 assertio,
1457 3642 1690 3701 maxiine
1728 3641 1854 3709 quia
1880 3630 2024 3695 ὤεα-

448 3753 567 3792 rum
619 3737 714 3792 Dei
761 3736 1019 3804 judicium
1071 3734 1374 3790 conﬁtetur.
1414 3733 1520 3794 Sed
1556 3749 1655 3788 nos
1682 3733 1756 3787 ita
1780 3731 2025 3802 judicans»

449 3830 575 3882 dum
621 3827 912 3881 humanum
964 3839 1133 3894 genus
1172 3839 1203 3879 a
1241 3823 1456 3880 Christo
1483 3824 1726 3888 dicimus,
1756 3832 1819 3878 ut
1844 3834 2023 3880 tamen

450 3916 613 3970 etiam
667 3929 810 3969 nunc
862 3913 1042 3969 omnia
1096 3912 1283 3978 Deum,
1313 3920 1476 3984 prout
1500 3913 1822 3968 rationabile
1848 3920 2020 3983 putat,

452 4023 637 4077 regere
664 4022 728 4062 ac
754 4007 1063 4076 dispensare
1081 4005 1391 4070 credamus;
1421 4012 1476 4060 et
1502 4005 1578 4060 ita
1606 4005 1661 4059 in
1687 4003 1868 4060 futuro
1889 4004 2028 4073 judi-

449 4098 535 4153 cio
571 4097 930 4166 judicaturum
959 4095 1301 4162 afﬁrmamus,
1332 4104 1391 4151 ut
1418 4104 1595 4151 tamen
1623 4111 1836 4166 semper
1861 4100 2027 4151 etiam

451 4190 504 4244 in
535 4191 638 4244 hoc
666 4189 860 4244 smculo
882 4187 1148 4258 judicasse
1169 4188 1475 4244 doceamus.
1498 4188 1634 4243 Dum
1654 4189 1796 4243 enim
1814 4201 2030 4258 semper

451 4280 711 4347 gubernat
763 4279 922 4345 Deus,
979 4294 1192 4349 semper
1237 4278 1485 4348 iudicat:
1529 4279 1655 4347 quia
1709 4279 2027 4348 gubernatio

453 4371 565 4439 ipsa
589 4369 847 4439 judicium
875 4364 974 4424 est.
1014 4375 1111 4440 ιι
1141 4369 1285 4436 Quot
1322 4369 1496 4425 modis
1541 4369 1646 4425 hoc
1695 4370 1777 4424 vis
1829 4369 2028 4439 probe-

2122 3210 2271 3257 num,
2321 3210 2418 3250 cur
2465 3193 2533 3248 ad
2575 3194 2769 3249 malum
2810 3193 3052 3263 quotidie
3083 3209 3272 3250 manus
3299 3193 3580 3257 tendimus,
3604 3209 3696 3249 cur

2122 3284 2453 3341 orationibus
2473 3285 2675 3340 crebris
2698 3285 3121 3341 misericordiam
3156 3285 3252 3341 Dei
3272 3287 3576 3356 qumrimus,
3605 3301 3698 3342 cur

2122 3374 2191 3431 ad
2237 3374 2627 3431 ecclesiasticas
2671 3374 2860 3431 domos
2903 3376 3183 3436 currimus.
3230 3391 3327 3432 cur
3360 3385 3484 3431 ante
3511 3376 3697 3433 altaria

2122 3465 2511 3535 supplicamus?
2531 3463 2682 3519 Nulla
2705 3472 2785 3519 est
2811 3465 2953 3519 enim
3002 3466 3159 3521 nobis
3185 3468 3325 3522 ratio
3352 3467 3624 3536 precandi,
3653 3466 3697 3527 si

2123 3569 2246 3625 spes
2263 3555 2467 3609 tollitur
2485 3553 2823 3624 impetrandi.
2843 3553 3003 3610 Vides
3021 3569 3151 3624 ergo
3169 3570 3329 3626 quam
3350 3556 3515 3611 stulta
3532 3563 3695 3626 atque

2123 3645 2297 3703 luat-is
2321 3645 2391 3700 sit
2416 3644 2573 3713 hujus
2594 3644 2957 3714 persuasionis
2984 3645 3210 3701 assertio
3243 3663 3255 3698 :
3288 3660 3405 3714 qua:
3434 3646 3615 3714 utique
3644 3647 3693 3703 si

2123 3735 2396 3805 recipitur,
2421 3734 2551 3790 nihil
2576 3735 2788 3804 penitus
2806 3734 2874 3789 de
2905 3734 3164 3804 religione
3191 3743 3451 3790 servatur.
3494 3735 3600 3791 Sed
3630 3736 3697 3790 ad

2125 3824 2254 3879 illud
2282 3823 2419 3880 forte
2447 3823 2722 3893 confugies
2749 3831 2808 3882 ut
2827 3824 2973 3879 dicas
2998 3840 3098 3881 nos
3119 3831 3264 3879 metu
3305 3824 3468 3879 futuri
3511 3825 3699 3894 judicii

2125 3910 2296 3971 Deum
2320 3914 2518 3981 colere,
2550 3923 2605 3970 et
2626 3914 2679 3973 id
2701 3914 2845 3969 omni
2864 3915 3206 3985 praesentium
3237 3913 3533 3971 ofﬁciorum
3553 3916 3700 3975 cultu

2124 4004 2426 4074 elaborare,
2456 4014 2516 4065 ut
2559 4005 2611 4066 in
2637 4004 2725 4060 die
2752 4005 2911 4060 luturi
2940 4006 3119 4062 satculi
3149 4021 3448 4063 mereamur
3474 4008 3696 4071 absolvi,

2125 4093 2261 4164 Quid
2287 4107 2415 4163 ergo
2442 4095 2543 4149 sibi
2569 4095 2684 4150 vult
2704 4095 2982 4165 apostolus
3009 4094 3208 4155 Paulus
3230 4098 3542 4168 praecipiens
3567 4113 3701 4167 quo-

2127 4184 2254 4240 tidie
2299 4186 2352 4240 in
2381 4183 2617 4240 Ecclesia
2664 4199 2729 4240 ac
2750 4184 2946 4254 jubens
2974 4193 3034 4241 ut
3060 4185 3345 4243 offeramus
3373 4187 3571 4259 jugiter
3589 4187 3700 4247 Deo

2126 4291 2312 4339 nostro
2340 4283 2631 4345 orationes,
2662 4282 3084 4346 obsecrationes,
3124 4282 3529 4351 postulationes,
3580 4295 3702 4351 gra.

2130 4375 2321 4429 tiarum
2360 4373 2601 4427 actiones
2629 4370 2672 4444 (l
2706 4370 2839 4426 Tim.
2870 4386 2927 4436 u,
2960 4370 3054 4440 υτ
3078 4370 3149 4426 Et
3175 4371 3289 4426 haec
3315 4371 3495 4427 omnia
3541 4386 3702 4441 quam

453 4464 603 4518 mus?
652 4462 878 4527 ratione,
936 4476 1005 4516 an
1059 4462 1334 4531 exemplis,
1366 4476 1433 4515 an
1467 4461 1820 4516 testimoniis?
1847 4460 1904 4516 Si
1932 4476 2021 4516 ra-
2050 4449 2098 4507 Π
2125 4464 2194 4519 ob
2222 4465 2470 4518 causam?
2496 4477 2655 4531 quam
2685 4462 2885 4531 utique,
2922 4461 3045 4528 nisi,
3085 4470 3144 4517 ut
3170 4463 3284 4533 ipse
3312 4461 3459 4527 dicit,
3494 4472 3552 4516 ut
3569 4464 3705 4535 quia.

452 4557 635 4619 tione;
682 4553 801 4623 quis
846 4560 953 4607 tam
994 4567 1187 4623 expers
1213 4554 1456 4607 humana:
1476 4552 1839 4621 intelligentia:
1863 4563 1945 4611 est
1969 4563 2028 4611 et

452 4646 608 4714 hujus
636 4645 802 4714 ipsius
827 4642 894 4710 de
933 4656 1038 4712 qua
1067 4642 1354 4711 loquimur,
1383 4642 1622 4699 veritatis
1648 4642 1872 4708 alienus,
1927 4646 2020 4714 qui

2125 4565 2230 4609 tam
2276 4563 2325 4608 et
2375 4552 2701 4625 tranquillam
2748 4554 2907 4607 vitam
2950 4569 3165 4625 agamus
3204 4553 3260 4606 in
3299 4554 3440 4606 omni
3465 4554 3705 4607 castitate

2130 4645 2181 4717 (1
2187 4645 2314 4706 bid.,
2342 4643 2421 4711 2),.
2446 4642 2550 4699 Pro
2571 4644 2941 4714 pmsentibus,
2972 4652 3034 4703 ut
3055 4643 3316 4711 videmus,
3338 4642 3563 4702 Domino
3586 4660 3705 4714 sup.-

1617 4730 1954 4788 STEPHANI
1991 4733 2264 4790 BALUZII
2299 4731 2526 4789 ΝΟΤιΕ.

450 4838 566 4878 esse
597 4829 652 4894 et
670 4819 737 4894 ad
771 4835 958 4894 omnes
1001 4820 1272 4894 pertinere
1296 4820 1386 4894 qui
1415 4819 1482 4894 ad
1527 4831 1740 4891 gentem
1787 4824 2021 4894 aliquam

451 4894 553 4947 ﬁde
589 4890 888 4945 Christiana
931 4890 1268 4945 imbuendam
1308 4892 1469 4961 missi
1484 4900 1637 4955 sunt;
1668 4890 2018 4961 quemadmo-

450 4964 576 5016 dum
618 4961 817 5015 dictum
850 4967 932 5013 est
956 4961 1083 5014 olim
1111 4961 1165 5014 in
1192 4961 1420 5016 concilio
1448 4959 1835 5021 Lemovicensi,
1858 4973 1913 5019 et
1940 4966 2019 5020 le-

451 5037 590 5098 gitur
639 5031 691 5083 in
720 5030 945 5098 epistola
977 5027 1197 5084 Joannis
1242 5030 1339 5083 XX
1384 5031 1450 5085 de
1490 5032 1804 5097 Apostolatu
1849 5034 2019 5089 sancti

452 5100 727 5155 Martialis.
755 5099 844 5154 Sic
872 5098 1263 5169 Epaphroditus
1289 5115 1320 5153 a
1341 5098 1506 5155 Paulo
1533 5100 1726 5156 dicitur
1748 5105 2023 5171 apostolus

454 5169 890 5223 l’hilionensium.

512 5184 890 5223 uttunensmm.

525 5185 890 5292 nugpensmm.

525 5249 551 5275 ι
641 5240 766 5293 erba
788 5245 910 5291 sunt
936 5237 1170 5292 Salviani
1199 5251 1266 5292 ex
1293 5238 1519 5306 epistola
1557 5240 1761 5308 quinta,
1792 5248 1850 5294 ut
1876 5249 2029 5296 notat

457 5308 616 5362 etiam
645 5308 1049 5379 Rittershusius,
1079 5308 1171 5377 qui
1191 5308 1368 5379 locum
1397 5309 1535 5363 hunc
1562 5311 1695 5365 mire
1724 5309 1898 5366 facere
1929 5326 2025 5379 pu-

457 5386 534 5431 tat
561 5379 814 5448 adversus
838 5374 1029 5448 Pithtni
1058 5374 1388 5448 suspiciones
1415 5379 1481 5432 de
1518 5387 1735 5434 auctore
1766 5374 2022 5437 librorum

458 5449 706 5504 adversus
732 5446 1040 5501 Avaritiam.

526 5516 553 5554 ι’
592 5517 853 5586 Frigidior
879 5525 995 5571 erat
1041 5516 1303 5572 sententia
1332 5515 1505 5586 hujus
1542 5516 1645 5571 loci
1681 5518 1734 5571 in
1765 5518 1883 5573 aliis
1909 5518 2025 5573 edi-

459 5585 855 5654 tionibus,'qu:e
882 5588 955 5641 ita
976 5586 1244 5641 habebant
1276 5604 1287 5639 :
1325 5585 1392 5640 Ut
1418 5586 1615 5654 aﬂ'ectis
1646 5588 1872 5651 artubus,
1898 5590 2027 5641 vires

457 5670 724 5724 Corporum
752 5660 805 5710 in
833 5659 1039 5710 virtutes
1074 5659 1452 5726 transferantur
1473 5657 1777 5709 animorum.
1806 5656 1908 5712 Sed
1937 5672 2029 5711 cx-

1558 5827 1589 5859 \

2124 4827 2268 4883 celsa
2296 4831 2378 4885 est
2398 4839 2462 4880 ac
2481 4824 2733 4881 Salviano
2751 4826 2909 4896 digna
2931 4826 2983 4880 in
2998 4823 3181 4896 codice
3197 4821 3528 4896 Qorbeiensi,
3542 4841 3700 4895 quem

2126 4897 2270 4951 bona
2302 4895 2406 4951 tide
2431 4893 2831 4965 espressimusf
2847 4893 2986 4962 Quin
3013 4902 3067 4965 et
3096 4893 3374 4965 Salvianus
3400 4895 3523 4965 ipse
3561 4893 3701 4950 hanc

2125 4962 2555 5020 emendationem
2582 4964 2860 5023 continuat
2879 4967 2933 5025 in
2960 4962 3186 5033 epistola
3204 4963 3407 5039 quinta,
3422 4962 3563 5020 unde
3587 4965 3699 5025 haec

2126 5042 2339 5090 sumpta
2376 5042 2519 5088 sunt.

2211 5051 2351 5158 Βριιέ
2376 5051 2587 5157 ῗνῗιῗὲίυι·
2604 5103 2711 5173 legi
2737 5110 2794 5157 et
2814 5100 3114 5173 interpungi
3137 5099 3336 5173 debere
3361 5101 3450 5159 hic
3468 5101 3618 5157 locus
3644 5112 3705 5159 ut

2125 5173 2214 5229 hic
2241 5173 2415 5231 editus
2441 5182 2541 5227 est.
2572 5170 2704 5227 Nam
2730 5180 2784 5226 et
2810 5170 3072 5227 editiones
3099 5171 3173 5224 ita
3202 5170 3421 5236 habent,
3433 5180 3490 5225 et
3514 5188 3704 5228 sensus

2129 5242 2372 5314 postulat
2386 5243 2461 5314 uti
2487 5242 2630 5314 hanc
2645 5243 2944 5314 lectionem
2947 5241 3291 5314 retineamus.
3313 5241 3585 5314 _A_ttamen
3610 5258 3699 5314 co-

2130 5308 2232 5366 dex
2252 5310 2589 5366 Corbeiensis
2620 5311 2849 5366 habebat
2873 5328 2887 5363 :
2917 5308 2987 5363 Et
3021 5308 3271 5376 ablegavit
3305 5310 3551 5376 laborem,
3572 5311 3705 5364 vide-

2130 5382 2265 5443 licet,
2297 5389 2398 5435 etc.
2416 5380 2692 5450 Caeterum
2718 5389 3004 5450 antequam
3035 5379 3105 5450 ab
3128 5379 3229 5450 hoc
3260 5379 3393 5450 loco
3414 5380 3698 5450 discedam,

2132 5449 2522 5519 admonendum
2566 5449 2748 5519 putavi
2795 5448 3049 5503 lectorem
3089 5448 3175 5501 hic
3216 5448 3267 5519 in
3297 5448 3486 5519 eodem
3514 5448 3701 5519 codice

2131 5517 2552 5589 prnomen/lavit
2569 5516 2825 5588 scriptum
2846 5532 2965 5571 esse
2992 5517 3379 5589 commendarit.
3405 5516 3700 5589 Quo‘etiam

2133 5585 2293 5711 ἰέρὶιο
2336 5590 2457 5641 alini
2502 5590 2601 5656 legi
2632 5585 2944 5641 adnotatum
2984 5595 3066 5640 est
3095 5588 3145 5640 in
3176 5587 3413 5656 margine
3450 5585 3700 5640 editionis

2180 5666 2218 5711 tt
2240 5672 2444 5711 imae-.0.

2180 5659 2444 5712 ithmame.
