4006 6182
285 302 358 357 57
1416 293 1502 347 DE
1539 288 2068 348 GUBERNATiONE
2109 287 2217 342 DEI
2258 287 2385 342 LIB.
2430 288 2471 343 Ι.
3506 290 3573 346 ⁸53

278 412 483 484 plicari
508 410 664 480 jubet
693 418 751 465 et
779 423 932 465 orare
958 426 968 460 :
1001 406 1145 476 quod
1176 406 1357 473 utique
1387 419 1492 459 non
1512 405 1747 472 juberet,
1778 400 1878 454 nisi
1910 409 1952 463 Α
1984 400 2125 469 Ergo
2154 401 2256 454 hoc
2283 400 2350 455 de
2377 399 2554 470 primo
2576 400 2813 465 homine,
2841 400 2891 454 id
2921 408 3024 467 est,
3055 401 3122 455 de
3150 374 3324 471 patre.
3344 401 3480 469 οεάη
3508 406 3573 459 de

287 518 523 558 exorare
553 516 716 571 posse
743 498 1055 555 conﬁderet.
1088 494 1368 563 Quomodo
1398 509 1526 562 ergo
1555 493 1747 562 aliquis
1787 507 1885 562 pro

288 592 603 648 obtinendis
632 589 801 644 futuri
832 588 1088 663 temporis
1112 587 1270 641 bonis
1298 593 1511 655 apertas
1556 583 1655 637 Dei
1703 598 1882 650 aures,

287 701 394 755 pro
442 683 799 754 prresentihus
828 690 1006 735 autem
1034 680 1245 734 clausas
1273 685 1434 748 atque
1461 675 1760 731 obstructas
1786 690 1885 745 pu-

292 777 411 829 tat?
440 776 545 828 Aut
571 773 847 844 quomodo
872 788 969 826 nos
998 773 1051 825 in
1080 770 1308 824 ecclesia
1349 768 1711 837 supplicantes
1740 782 1882 837 pra:-

290 876 506 919 se..tem
529 864 687 919 nobis
706 864 935 918 salutem
966 878 995 915 a
1021 861 1129 915 Deo
1152 860 1441 930 poscimus,
1501 858 1547 912 si
1591 857 1885 911 audiendos

296 970 395 1008 nos
420 955 638 1024 penitus
685 968 792 1006 non
834 952 1125 1021 putamus?
1154 949 1307 1003 Nulla
1337 962 1464 1016 ergo
1494 947 1648 1001 nobis
1676 962 1774 1016 pro
1804 947 1886 1000 in-

292 1043 700 1099 columitatibus
721 1058 785 1096 ac
807 1039 1251 1111 prosperitatibus
1272 1039 1469 1094 nostris
1490 1046 1613 1092 vota
1645 1036 1884 1092 facienda

292 1141 444 1185 sunt.
491 1130 630 1196 Quin
673 1130 854 1200 potius
883 1136 941 1183 ut
988 1128 1245 1182 modestia
1272 1126 1673 1197 supplicationis
1697 1141 1883 1180 vocent

292 1224 552 1278 conciliet
598 1220 940 1291 postulantis,
989 1220 1271 1273 dicendum
1301 1216 1528 1272 fortasse
1571 1217 1726 1272 nobis
1753 1226 1835 1271 est
1868 1236 1881 1268 :

296 1315 547 1377 Domine,
579 1328 684 1367 non
714 1312 1126 1382 prosperitatem
1174 1312 1293 1364 vitae
1323 1310 1474 1366 istius
1503 1310 1754 1379 petimus,
1786 1324 1886 1363 nec

294 1420 398 1475 pro
456 1403 612 1457 bonis
654 1403 1003 1472 praesentibus
1057 1403 1454 1471 supplicamus;
1496 1404 1694 1457 scimus
1741 1403 1883 1457 enim

293 1510 465 1548 aures
487 1503 602 1547 tuas
623 1493 706 1547 his
726 1492 1185 1547 obsecrationibus
1206 1492 1413 1547 clausas
1434 1505 1552 1545 esse
1574 1501 1629 1545 et
1648 1492 1884 1545 auditum

294 1593 351 1637 te
371 1584 440 1637 ad
467 1598 654 1654 preces
683 1583 980 1637 istiusmodi
1004 1598 1110 1635 non
1139 1582 1359 1644 habere,
1391 1583 1485 1635 sed
1525 1596 1624 1651 pro
1654 1582 1736 1635 his
1768 1589 1885 1635 tan-

295 1676 580 1729 tummodo
598 1676 827 1744 petimus
848 1689 965 1745 qure
986 1683 1110 1728 sunt
1130 1673 1312 1730 futura
1343 1683 1463 1743 post
1483 1681 1734 1730 mortem.
1750 1673 1882 1733 Esto

292 1766 479 1832 igitur,
513 1765 802 1835 postulatio
832 1766 953 1818 talis
974 1765 1205 1819 utilitate
1231 1781 1336 1819 non
1367 1773 1580 1831 careat;
1619 1766 1717 1835 13
1747 1782 1882 1834 quo-

292 1854 461 1909 modo
481 1856 691 1911 ratione
713 1854 990 1909 subsistit?
1014 1855 1069 1909 Si
1087 1855 1229 1909 enim
1254 1854 1391 1909 Deus
1420 1871 1448 1908 a
1467 1865 1710 1924 reSpectu
1730 1856 1885 1924 hujus

291 1946 476 2002 δεσυιί
524 1962 707 2001 curam
736 1947 986 2014 removit,
1017 1955 1073 2001 et
1097 1948 1483 2016 postulantium
1513 1950 1761 2017 precibus
1790 1965 1885 2003 au-

293 2053 379 2091 res
408 2053 536 2091 suas
566 2037 783 2102 clausit;
816 2038 1016 2105 absque
1044 2037 1206 2092 dubio
1235 2039 1327 2109 qui
1358 2055 1463 2092 non
1486 2040 1631 2091 audit
1659 2055 1758 2094 nos
1787 2055 1884 2109 pro

292 2128 684 2198 praesentibus,
735 2143 842 2181 non
876 2127 1022 2181 audit
1050 2128 1209 2182 etiam
1241 2144 1337 2198 pro
1358 2128 1584 2183 futuris:
1620 2131 1718 2183 nisi
1748 2129 1884 2184 forte

293 2218 567 2273 credimus
594 2234 690 2287 pro
719 2233 940 2287 precum
962 2218 1271 2273 diversitate
1297 2235 1453 2274 aures
1473 2236 1597 2275 suas
1616 2220 1885 2277 Christum

294 2308 379 2362 vel
411 2308 653 2362 tribuere
680 2307 764 2361 vel
792 2321 1006 2375 negare,
1040 2308 1091 2361 id
1118 2317 1220 2374 est,
1249 2318 1306 2362 ut
1360 2310 1576 2364 claudat
1621 2326 1714 2365 eas
1760 2327 1882 2368 cum

294 2407 562 2465 rogantur
606 2398 908 2469 prmsentia,
961 2399 1168 2467 aperiat
1195 2414 1317 2453 cum
1346 2398 1542 2454 futura.
1577 2399 1681 2455 Sed
1704 2401 1772 2455 de
1798 2402 1883 2457 his

293 2486 590 2547 dicendum
615 2488 840 2556 amplius
864 2503 970 2543 non
995 2497 1096 2543 est.
1117 2487 1246 2545 Tam
1275 2491 1436 2543 stulta
1471 2490 1613 2544 enim
1655 2499 1775 2547 sunt
1830 2499 1886 2547 et

294 2585 409 2633 tam
460 2575 671 2640 frivola,
723 2585 784 2630 ut
811 2577 1107 2632 cavendum
1153 2579 1311 2633 sitne
1334 2579 1383 2632 id
1412 2579 1585 2647 ipsum
1614 2579 1757 2648 quod
1787 2596 1887 2651 pro

294 2670 512 2727 honore
529 2667 626 2722 Dei
654 2667 866 2734 dicitur,
896 2669 1090 2738 injuria
1123 2668 1218 2724 Dei
1248 2684 1367 2724 esse
1406 2671 1671 2725 videatur.
1712 2671 1885 2728 Tanta

296 2761 505 2829 quippe
558 2768 640 2817 est
684 2760 980 2828 maiestatis
1032 2775 1197 2814 saeue
1226 2769 1281 2813 et
1302 2768 1408 2813 tam
1439 2762 1714 2817 tremenda
1733 2777 1886 2819 revev

294 2858 500 2919 rentia,
563 2861 619 2904 ut
657 2866 765 2904 non
811 2851 985 2905 solum
1011 2866 1074 2905 ea
1103 2865 1222 2921 qua:
1247 2852 1313 2906 ab
1339 2851 1443 2925 illis
1462 2860 1654 2908 contra
1674 2853 1888 2922 religio-

297 2956 427 2992 nem
458 2943 709 2995 dicuntur
735 2942 974 3005 horrere,
1019 2941 1114 2996 sed
1158 2943 1320 2999 etiam
1355 2957 1474 3013 quae
1502 2958 1602 3013 pro
1629 2942 1888 3013 religione

299 3048 403 3085 nos
432 3030 532 3099 ipsi
560 3030 782 3086 dicimus
799 3047 919 3087 cum
947 3032 1132 3101 grandi
1153 3041 1299 3087 metu
1320 3047 1384 3089 ac
1404 3033 1685 3103 disciplina
1709 3035 1888 3090 dicere

1989 490 2243 555 secundo,
2274 490 2327 544 id
2349 498 2451 553 cst,
2477 490 2544 544 de
2568 489 2712 545 filio?
2739 489 2958 545 Factum
2987 502 3085 556 est,
3110 493 3281 560 inquit
3297 493 3572 563 Scriptura

1987 596 2157 643 sacra,
2205 591 2321 652 post
2361 582 2549 635 multos
2605 582 2715 636 dies
2741 592 2798 635 ut
2826 583 3037 651 o/ferret
3074 583 3203 637 Cain
3235 585 3298 638 de
3326 586 3572 656 fructibus

1988 682 2140 726 terrm
2176 689 2395 725 munera
2443 672 2685 726 Domino.
2720 672 2845 726 Abel
2872 690 3067 744 quoque
3093 675 3275 727 obtulit
3303 675 3365 729 de
3391 677 3573 746 primi-

1988 765 2072 818 tiis
2099 766 2269 835 gregis
2296 766 2376 818 sui
2405 775 2455 818 et
2483 765 2545 818 de
2573 764 2809 835 adipibus
2840 766 2970 836 ejus.
3014 764 3082 818 Et
3130 769 3357 837 respexit
3385 766 3572 821 Domi-

1986 871 2084 908 nus
2111 855 2182 908 ad
2208 854 2333 908 Abel
2362 865 2417 908 et
2439 855 2509 908 ad
2555 872 2767 909 munera
2797 859 2910 927 ejus
2941 873 2958 909 :
2988 857 3056 909 ad
3103 855 3233 910 Cain
3264 874 3379 911 vero
3417 869 3466 911 et
3503 859 3572 911 ad

1985 963 2198 1000 munera
2237 947 2348 1017 ejus
2376 963 2479 1000 non
2518 948 2739 1017 respexi!
2769 945 2920 1017 (Gen.
2953 963 3024 1013 tv,
3057 946 3194 1017 3-5).
3251 946 3569 1017 Priusquam

1986 1039 2053 1092 de
2074 1038 2405 1093 evidentiore
2425 1039 2628 1108 judicio
2660 1039 2752 1094 Dei
2783 1040 2977 1104 dicam,
3011 1048 3140 1109 puto
3161 1040 3307 1108 quod
3329 1041 3489 1095 etiam
3514 1043 3566 1097 in

1987 1130 2069 1184 his
2096 1146 2216 1199 qua:
2233 1131 2345 1199 jam
2376 1131 2626 1195 diximus,
2658 1131 2901 1200 qumdam
2927 1146 3148 1185 censura
3174 1131 3361 1200 judieii
3392 1132 3568 1187 est.ln

1987 1220 2090 1274 hoc
2118 1220 2259 1274 enim
2288 1220 2432 1289 quod
2461 1222 2619 1274 unius
2647 1220 2967 1276 sacrificium
3022 1222 3162 1276 Deus
3210 1223 3450 1292 suscipit,
3501 1224 3570 1276 al<

1989 1310 2152 1364 terius
2181 1310 2433 1375 excludit,
2460 1311 2859 1366 evidentissime
2881 1312 3064 1380 utique
3092 1323 3148 1366 et
3186 1311 3255 1366 de
3301 1313 3459 1367 unius
3482 1311 3568 1380 ju-

1986 1402 2130 1457 stitia
2151 1411 2205 1456 et
2232 1405 2300 1458 de
2330 1404 2612 1472 iniquitate
2642 1403 2864 1457 alterius
2880 1402 3156 1471 judicavit.
3183 1401 3290 1457 Sed
3327 1404 3431 1458 hoc
3475 1419 3568 1475 pa-

1986 1508 2105 1547 rum
2162 1501 2263 1547 est.
2307 1492 2439 1547 Cum
2472 1495 2634 1562 igitur
2679 1494 2858 1547 futuro
2902 1493 3122 1547 facinori
3157 1494 3295 1547 viam
3325 1503 3568 1549 sternens

1987 1583 2204 1637 fratrem
2237 1584 2288 1637 in
2312 1584 2655 1639 solitudinem
2677 1585 2858 1649 trahit,
2909 1585 3131 1639 secretis
3178 1585 3567 1653 patrocinanti-

1986 1674 2086 1729 bus
2129 1675 2304 1729 scelus
2341 1675 2567 1744 peragit,
2613 1675 2954 1743 impiissinms
2998 1674 3199 1743 pariter
3236 1683 3289 1728 et
3318 1675 3568 1730 stultissi-

1920 1779 1963 1837 Β
1992 1781 2126 1829 mus.
2158 1766 2250 1833 qui
2279 1766 2343 1817 ad
2366 1765 2785 1843 perpetrandum
2832 1766 3122 1818 maximum
3153 1764 3302 1820 nefas
3327 1765 3569 1821 sufﬁcere

1987 1857 2086 1910 sibi
2102 1857 2329 1911 credidit
2350 1858 2392 1911 si
2418 1866 2665 1927 aspectus
2684 1858 2877 1911 vitaret
2898 1858 3193 1923 hominum,
3220 1858 3568 1913 fratricidium

1988 1948 2099 2007 Deo
2130 1955 2268 2002 teste
2319 1947 2575 2004 facturus.
2602 1947 2755 2002 Unde
2780 1955 2911 2018 puto
2941 1948 3085 2016 quod
3116 1948 3229 2001 lucc
3259 1950 3308 2002 in
3342 1950 3433 2004 illo
3457 1949 3568 2018 jam

1988 2033 2116 2093 tunc
2141 2039 2324 2109 opinio
2345 2038 2505 2093 fuerit
2532 2054 2652 2109 qua:
2675 2041 2886 2095 nuncin
2917 2040 3099 2093 multis
3121 2050 3220 2107 est,
3253 2041 3421 2096 Deum
3467 2044 3571 2097 sci-

1986 2129 2112 2185 licet
2162 2131 2436 2184 terrestria
2479 2146 2585 2184 non
2628 2133 2897 2200 respicere
2926 2138 2981 2185 et
3010 2140 3162 2185 actus
3189 2133 3570 2188 sceleratorum

1986 2220 2262 2275 hominum
2293 2236 2400 2274 non
2429 2220 2629 2275 videre.
2664 2220 2772 2275 Nec
2801 2221 3020 2274 dubium
3043 2230 3145 2285 est,
3179 2238 3299 2275 cum
3329 2230 3452 2292 post
3499 2222 3570 2276 fa-

1986 2310 2140 2366 cinus
2169 2311 2476 2376 admissum,
2513 2310 2607 2364 Dei
2635 2326 2883 2365 sermone
2911 2320 3227 2377 conventas,
3254 2312 3386 2366 nihil
3414 2328 3472 2367 se
3501 2314 3570 2368 de

1987 2402 2131 2458 caule
2177 2400 2355 2456 fratris
2386 2409 2411 2438 ⁸
2460 2404 2597 2456 scire
2623 2401 2979 2471 responderit.
3012 2401 3160 2456 Adeo
3192 2402 3415 2458 inscium
3444 2402 3571 2458 facti

1987 2493 2068 2547 sui
2100 2492 2264 2546 Deum
2295 2493 2658 2547 arbitrabatur
2679 2501 2737 2546 ut
2758 2493 3003 2547 crederet
3026 2493 3399 2548 feralissitnum
3422 2496 3571 2547 nefas

1988 2582 2096 2650 tegi
2143 2593 2300 2652 posse
2339 2583 2639 2637 mendacio.
2695 2583 2763 2636 At
2809 2584 2966 2637 aliter
3014 2591 3266 2652 expertus
3303 2592 3383 2637 est
3410 2599 3572 2653 quam

1986 2673 2228 2743 putabat.
2288 2673 2419 2727 Nam
2477 2675 2665 2739 Deum,
2717 2689 2747 2727 a
2777 2688 2883 2743 quo
2915 2689 3023 2729 non
3044 2675 3371 2728 existimavit
3402 2675 3569 2729 videri

1988 2765 2191 2819 scelera
2213 2780 2332 2819 eum
2363 2765 2652 2831 occideret,
2681 2766 2847 2819 sensit
2869 2766 3049 2819 videre
3065 2782 3184 2821 cum
3199 2766 3565 2821 damnaretur.

1990 2853 2089 2909 Hic
2120 2870 2260 2909 nunc
2280 2855 2553 2923 requirere
2581 2855 2648 2909 ah
2678 2855 2781 2909 illis
2803 2855 2926 2909 volo
2954 2856 3045 2925 qui
3076 2867 3275 2924 negant
3316 2871 3401 2911 res
3430 2873 3572 2914 nunc

1990 2946 2251 2999 humanas
2279 2946 2363 2999 vel
2388 2946 2581 3015 respici
2603 2961 2633 3000 a
2661 2945 2793 3009 Deo,
2829 2946 2911 3000 vel
2938 2948 3065 3014 regi,
3097 2948 3178 3001 vel
3202 2948 3463 3018 judicari;
3499 2967 3566 3004 an

1991 3044 2182 3089 cuncta
2231 3036 2284 3089 in
2333 3034 2417 3089 his
2444 3049 2561 3104 quae
2585 3036 2818 3090 diximus
2846 3051 2876 3090 e
2902 3034 3115 3091 diverso
3137 3038 3263 3091 sint.
3301 3040 3399 3111 15
3431 3038 3569 3094 Puto

298 3126 614 3178 .ieheainus.
642 3122 809 3192 Igitur
835 3124 881 3178 si
900 3124 1062 3181 stulte
1088 3112 1255 3196 atque
1272 3125 1434 3196 impie
1462 3127 1698 3183 creditur
1741 3129 1887 3197 quod
1914 3140 1960 3203 ο
1992 3125 2134 3178 enim
2160 3125 2303 3193 quod
2331 3140 2567 3195 praesens
2588 3134 2670 3180 est
2689 3127 2780 3195 qui
2802 3127 3067 3181 sacrificio
3089 3128 3331 3192 interest,
3358 3137 3412 3184 et
3436 3132 3573 3199 regit

298 3229 488 3267 curam
535 3214 888 3269 humanarum
926 3231 1105 3270 rerum
1153 3218 1327 3286 pietas
1381 3216 1561 3275 divina
1604 3217 1882 3287 despiciat,

301 3321 435 3374 ergo
486 3321 596 3360 noa
638 3306 880 3380 despicit.
910 3308 968 3364 Si
1013 3319 1192 3366 autem
1240 3327 1347 3367 non
1378 3310 1622 3383 despicit,
1646 3314 1802 3381 regit.
1832 3311 1889 3366 Si

304 3407 486 3452 autem
540 3399 699 3466 regit,
749 3400 852 3455 hoc
897 3400 1013 3470 ipso
1042 3402 1186 3471 quod
1214 3404 1352 3473 regit
1391 3403 1631 3473 judicat:
1662 3404 1787 3475 quia
1815 3418 1893 3457 re-

308 3490 489 3557 gimen
544 3504 667 3545 esse
696 3506 803 3546 non
831 3500 1027 3562 potest,
1058 3494 1157 3548 nisi
1186 3493 1344 3549 fuerit
1367 3495 1569 3564 jugiter
1596 3495 1650 3549 in
1679 3503 1890 3549 rectore

304 3583 591 3651 judicium.

377 3673 465 3728 Vl.
496 3674 606 3730 Sed
636 3691 827 3745 parum
857 3692 975 3732 esse
1023 3677 1251 3733 fortasse
1276 3677 1538 3748 quispiam
1570 3685 1721 3749 putet
1746 3679 1889 3747 quod

306 3764 413 3818 hoc
435 3766 577 3818 ratio
604 3766 863 3830 declarat,
887 3767 989 3821 nisi
1016 3768 1274 3837 probetur
1296 3769 1572 3838 exemplis.
1602 3768 1892 3825 Videamus

303 3855 540 3923 qualiter
583 3857 839 3910 mundum
883 3873 914 3911 a
954 3858 1219 3927 principio
1273 3859 1414 3913 Deus
1440 3859 1676 3925 rexerit;
1710 3867 1764 3914 et
1816 3860 1902 3914 ita.

303 3963 431 4001 cum
481 3948 663 4001 omnia
717 3962 930 4018 semper
981 3950 1306 4017 gubernasse
1350 3950 1784 4016 monstrabimus,
1836 3959 1895 4006 ut

304 4037 467 4090 simul
489 4036 651 4090 etiam
661 4036 930 4105 judicasse
949 4038 1259 4094 doceamus.
1287 4039 1426 4105 Quid
1455 4040 1596 4095 enim
1618 4039 1895 4111 Scriptura

304 4126 439 4180 dicit
463 4142 476 4177 :
510 4123 776 4181 Formavit
795 4128 950 4198 igitur
970 4127 1110 4182 Deus
1135 4129 1391 4184 hominem
1418 4129 1479 4183 de
1499 4130 1621 4183 limo
1652 4138 1823 4196 term,
1846 4138 1897 4184 et

304 4216 587 4284 inspiravit
611 4218 667 4271 in
693 4234 807 4271 eum
837 4218 1153 4289 spiraculum
1182 4221 1299 4273 vita:
1328 4217 1479 4290 (Gen.
1506 4236 1561 4284 ιι,
1591 4220 1663 4290 7).
1690 4219 1754 4273 Et
1770 4220 1897 4291 quid

305 4308 541 4383 postea?
586 4305 788 4373 Posuit,
847 4310 1039 4383 inquit,
1069 4326 1184 4371 eum
1219 4312 1275 4365 in
1329 4311 1575 4381 paradiso
1620 4312 1896 4383 voluptatis

307 4398 499 4464 (Ibid.,
527 4397 638 4469 15).
663 4399 799 4468 Quid
827 4400 1114 4472 deinceps?
1139 4403 1294 4458 Dedit
1323 4404 1528 4460 scilicet
1548 4404 1740 4473 legem,
1761 4420 1897 4475 prae-

1992 3216 2082 3284 qui
2112 3213 2245 3268 Cain
2286 3223 2409 3285 post
2435 3212 2693 3271 sacriﬁcia
2721 3218 2966 3285 castigat,
2999 3225 3054 3271 et
3081 3218 3341 3275 sollicitus
3371 3228 3453 3275 est
3480 3222 3572 3292 qui

1992 3306 2060 3360 ab
2090 3305 2430 3362 interfectore
2458 3305 2796 3362 interfectum
2825 3309 3065 3377 requirit,
3117 3317 3171 3364 et
3221 3310 3428 3379 judicat
3480 3313 3574 3381 qui

1991 3412 2361 3468 percussorem
2390 3397 2611 3467 impium
2637 3397 2781 3467 justa
2824 3400 3292 3456 animadversione
3327 3403 3585 3475 condent:

1990 3496 2100 3543 nat.
2133 3488 2189 3541 ln
2218 3503 2327 3557 quo
2357 3489 2572 3558 quidem
2620 3490 2781 3543 etiam
2835 3490 2963 3543 illud
3020 3507 3131 3544 non
3181 3492 3519 3549 incommode
3555 3512 3569 3548 :

1993 3578 2021 3618 ι)
2048 3595 2232 3633 verum
2258 3595 2325 3634 nc
2347 3580 2607 3634 miremur
2636 3595 2778 3634 nunc
2805 3588 3025 3635 sanctos
3053 3580 3301 3637 homines
3329 3585 3573 3654 qumdam

1992 3687 2181 3743 aspera
2210 3672 2340 3742 pati,
2372 3687 2495 3727 cum
2516 3672 2792 3726 videamus
2810 3671 2951 3740 quod
2962 3672 3073 3741 jam
3092 3680 3218 3727 tunc
3246 3673 3386 3728 Deus
3409 3676 3573 3729 etiam

1991 3780 2090 3835 per
2133 3765 2426 3819 maximum
2472 3763 2622 3820 nefas
2656 3775 2676 3803 ε
2708 3764 2941 3835 primum
2992 3773 3304 3821 sanctorum
3331 3767 3455 3822 sivit
3482 3784 3573 3824 oc-

1992 3856 2116 3923 cidi,
2149 3855 2277 3922 Qum
2304 3855 2521 3926 quidem
2549 3870 2657 3924 qua
2683 3855 2896 3909 ratione
2934 3856 3189 3926 patiatur,
3247 3872 3422 3927 neque
3469 3858 3573 3913 bu-

1993 3963 2166 4003 manze
2214 3948 2598 4003 imbecillitatis
2645 3953 2728 4003 est
2756 3946 2915 4018 plena
2945 3947 3196 4017 indagine
3225 3962 3572 4017 cognoscere,

1996 4054 2170 4108 neque
2200 4047 2324 4093 tunc
2355 4039 2614 4108 temporis
2636 4038 2931 4109 disputare.
2957 4037 3175 4094 Interim
3201 4041 3431 4110 probare
3446 4041 3578 4095 satis

1995 4136 2078 4184 est
2106 4128 2284 4183 omnia
2310 4127 2609 4183 istiusmodi
2632 4142 2742 4182 non
2772 4128 3096 4197 negligentia
3126 4137 3218 4182 aut
3246 4127 3451 4183 incuria
3473 4129 3571 4184 Dei

1998 4218 2129 4284 fieri,
2161 4217 2255 4272 sed
2281 4217 2506 4272 consilio
2555 4232 2618 4271 ac
2641 4217 3044 4286 dispensatione
3072 4204 3331 4287 permitti.
3366 4217 3578 4287 Nequa-

1995 4324 2156 4378 quam
2186 4316 2362 4362 autem
2386 4306 2640 4376 injustum
2668 4322 2954 4377 possumus
2984 4306 3180 4371 dicere,
3215 4307 3267 4360 in
3317 4324 3424 4378 quo
3452 4307 3579 4362 divi-

1999 4416 2127 4455 num
2181 4414 2300 4453 esse
2340 4397 2599 4466 judicium
2655 4413 2762 4451 non
2807 4410 3088 4467 possumus
3116 4398 3423 4468 denegare:
3458 4402 3576 4468 quia

306 4490 481 4559 ceptis
510 4490 719 4556 imbuit,
753 4492 1085 4547 institutione
1112 4492 1376 4551 formavit.
1403 4494 1538 4561 Quid
1566 4503 1744 4549 autem
1768 4503 1889 4565 post
1919 4499 1965 4561 ο
1993 4505 2197 4548 summa
2222 4488 2427 4558 jusmia
2458 4496 2560 4554 δεῖν
2587 4487 2836 4543 “Numas
2862 4486 2977 4542 Ποῖ·
3029 4486 3214 4556 Neque
3261 4489 3404 4543 enim
3452 4491 3573 4543 ide"

307 4581 421 4636 hinc
440 4589 685 4636 secutum
712 4585 831 4638 est?
852 4581 1114 4641 Pneteriit
1141 4585 1303 4641 homo
1324 4587 1631 4640 mandatum
1656 4602 1888 4650 sacrum,

303 4673 636 4728 sententiam
664 4674 845 4737 subiit,
874 4676 1178 4745 paradisum
1206 4677 1453 4747 perdidit,
1486 4693 1699 4747 plenam
1741 4678 1893 4730 dam-

306 4763 549 4817 nationis
597 4766 827 4835 excepit.
869 4765 1001 4831 Quis
1027 4780 1135 4820 non
1165 4767 1217 4820 in
1249 4767 1312 4821 iis
1340 4767 1587 4822 omnibus
1614 4774 1669 4821 et
1696 4768 1885 4834 guber-

304 4865 559 4909 natorem
580 4855 748 4910 Deum
767 4857 945 4912 videat
967 4857 1297 4928 etjudicem?
1324 4857 1426 4929 ιδ
1442 4858 1730 4914 Constituit
1749 4859 1891 4913 enim

303 4946 481 5001 Adam
511 4943 567 5000 in
598 4948 846 5017 paradiso
873 4949 1234 5012 innocentem,
1266 4949 1468 5019 expulit
1488 4964 1659 5004 reum.
1685 4950 1740 5004 In
1762 4966 1892 5005 con-

303 5039 593 5094 stitutione
647 5039 911 5097 ordinatio
964 5050 1083 5103 est,
1132 5041 1187 5096 in
1241 5041 1555 5112 expulsione
1608 5040 1885 5110 judicium.

303 5128 541 5196 Quando
567 5130 711 5184 enim
741 5146 864 5186 eum
884 5132 938 5186 in
960 5132 1079 5187 loco
1100 5131 1387 5202 voluptatis
1434 5133 1629 5203 posuit,
1676 5132 1892 5187 ordina-

304 5222 383 5275 vit
408 5240 423 5273 :
453 5221 681 5290 quando
708 5232 889 5279 autem
914 5239 1065 5278 reum
1090 5224 1159 5279 de
1179 5237 1345 5290 regno
1364 5224 1586 5294 expulit.
1611 5222 1888 5293 judicavit.

1997 4599 2105 4639 non
2130 4581 2332 4651 justum
2363 4589 2446 4635 est
2469 4579 2614 4648 quod
2637 4578 2893 4633 divinitas
2919 4579 3047 4647 agit,
3072 4578 3196 4648 quia
3238 4592 3431 4648 capere
3472 4578 3577 4632 vim
3634 4594 3647 4651 χ

1997 4672 2425 4741 diviuzejustitia:
2444 4672 2610 4726 homo
2641 4688 2752 4727 non
2772 4671 2936 4725 valet.
2988 4669 3097 4725 Sed
3141 4669 3208 4724 ad
3242 4672 3579 4741 propositum
3644 4661 3651 4671 ’

1994 4774 2344 4821 revertamur.

2070 4856 2183 4911 V'll.
2218 4856 2474 4912 Videmus
2501 4869 2630 4924 ergo
2662 4856 2714 4909 in
2737 4855 2821 4910 his
2843 4869 2963 4924 qua:
2989 4854 3129 4910 dicta
3171 4863 3294 4909 sunt
3322 4854 3450 4909 nihil
3502 4855 3579 4909 in~

1998 4949 2145 5004 curia
2173 4948 2269 5002 Dei
2294 4956 2490 5012 actum,
2516 4948 2608 5003 sed
2631 4948 2755 5016 quia
2787 4946 3031 5015 quatdam
3074 4961 3146 5001 ex
3171 4945 3254 5000 his
3298 4946 3580 5016 dispositi)

1998 5040 2175 5095 divina
2231 5040 2303 5093 ita
2357 5038 2645 5100 ordinavit,
2707 5037 2952 5107 qutedam
2994 5037 3250 5107 patientia
3305 5037 3581 5100 sustinuit,

1996 5133 2244 5201 quaedam
2271 5132 2536 5186 sententia
2559 5129 2583 5168 ι¹
2612 5131 2893 5195 judicavit.
2926 5129 3032 5185 Sed
3062 5146 3169 5184 non
3200 5129 3332 5185 satis
3365 5130 3583 5199 quidam

1998 5225 2135 5278 forte
2163 5224 2470 5277 existimant
2500 5223 2611 5277 haec
2665 5238 2786 5291 qua:
2812 5222 3039 5278 dicimus
3067 5236 3165 5276 nos
3190 5222 3450 5291 probasse
3490 5236 3589 5289 per

1504 5314 1837 5370 STEPHANI
1875 5314 2142 5371 BALUle
2179 5313 2406 5369 ΝΟΤᾸΞ.

375 5414 405 5443 ⁸
442 5405 809 5478 Dubitandum
838 5422 942 5478 non
970 5414 1053 5478 est
1076 5407 1203 5478 quin
1238 5407 1357 5478 hmc
1379 5408 1536 5463 lectio
1566 5408 1893 5478 praeferenda

301 5478 375 5544 sit
401 5476 453 5529 ei
481 5490 607 5544 qua:
636 5482 811 5530 exstat
838 5476 889 5530 in
918 5474 1151 5530 editione
1174 5474 1382 5541 Pithoai,
1416 5478 1505 5531 ubi
1526 5474 1603 5532 sic
1623 5479 1851 5533 habetur
1878 5496 1889 5528 :

304 5543 462 5599 Nihil
482 5561 541 5617 se
578 5544 643 5598 de
666 5545 803 5600 ccede
829 5548 1005 5617 fratris
1030 5548 1288 5617 conscium
1321 5548 1658 5616 responderit.
1695 5546 1895 5601 Pneter

303 5616 691 5679 auctoritatem
732 5614 893 5685 porro
921 5616 1120 5670 codicis
1158 5614 1318 5670 Corb.
1363 5614 1485 5685 quo,
1518 5617 1597 5671 usi
1628 5633 1809 5671 sumus
1840 5619 1892 5670 in

302 5685 697 5740 erneudatione
727 5684 831 5740 loci
861 5685 1029 5752 istius,
1060 5685 1219 5741 lectio
1240 5686 1327 5739 illa
1357 5684 1703 5741 confirmatur
1731 5688 1894 5742 etiam

2000 5408 2319 5462 auctoritate
2344 5407 2637 5462 editionum
2661 5405 2959 5462 Brassicani
2984 5414 3038 5460 et
3057 5403 3331 5461 Galesinii.

2072 5477 2097 5515 δ
2138 5477 2416 5532 Assentior
2445 5477 2816 5540 Rittershusio,
2849 5476 2940 5544 qui
2970 5477 3190 5530 subesse
3216 5476 3303 5531 hic
3342 5473 3595 5527 tuendum

2001 5547 2287 5600 existimat.
2684 5546 2689 5551 ’

2079 5628 2099 5652 ο
2141 5617 2195 5671 id
2219 5625 2321 5679 est,
2346 5616 2583 5670 Ahelem.

2077 5685 2102 5723 ἀ
2142 5686 2322 5742 Codex
2346 5687 2582 5741 Colliert.
2615 5686 2905 5739 vindicavit.
