4006 6182
444 281 515 336 59
1383 272 1440 328 s.
1482 265 1795 326 saevust
1832 253 2289 321 MASSILIENSIS
2327 247 2750 315 Pnssnvrsni
3636 251 3705 313 to

445 404 666 460 paucos.
700 387 981 443 Videamus
1008 400 1074 438 an
1098 379 1149 438 id
1172 385 1342 453 ipsum
1366 380 1708 435 manifestare
1754 376 2016 447 possimus
2044 391 2089 447 Α
2120 371 2363 443 profecto
2394 373 2796 441 intelligendum
2830 379 2912 426 est
2933 371 2984 425 in
3015 358 3309 425 minoribus
3335 357 3477 439 quod
3508 371 3558 425 in
3591 388 3703 427 nia-

446 482 607 536 etiain
628 496 725 552 per
753 480 1047 533 universos.
1080 476 1248 530 Aucta
1279 475 1437 542 igitur
1463 489 1526 526 ac
1548 471 1898 540 multiplicata
1919 468 2021 521 hu-

445 571 590 624 mani
617 570 830 638 generis
857 567 1196 623 multitudine
1249 564 1406 620 simul
1436 571 1489 617 et
1518 563 1816 630 iniquitate,
1845 560 2022 613 videns

445 661 605 726 Deus,
631 661 802 729 inquit
828 659 1104 728 Scriptura
1135 671 1306 720 sacra,
1329 654 1464 726 quod
1501 655 1659 707 multa
1689 653 1888 706 malitia
1937 650 2027 703 ho-

444 754 638 805 minum
665 760 796 805 esset
821 752 872 804 in
897 760 1052 813 terra,
1075 759 1123 802 et
1143 757 1326 800 cuncta
1355 747 1594 816 cogitatio
1620 745 1788 798 cordis
1825 744 2024 795 intenta

443 850 574 894 esset
594 840 664 893 ad
683 841 873 892 malum
903 839 1040 892 omni
1067 848 1308 907 tempore,
1341 835 1574 904 paenituit
1615 849 1732 885 eum
1758 830 1892 903 quod
1938 830 2025 881 ho-

444 933 632 983 minem
653 931 856 1000 fecisset
878 931 926 981 in
952 938 1122 991 terra;
1145 937 1193 980 et
1219 935 1380 978 tactus
1403 924 1578 978 dolore
1597 923 1768 975 cordis
1788 921 2026 974 intrinse-

443 1036 553 1084 cus,
587 1017 792 1081 Delebo,
816 1020 999 1088 inquit,
1027 1017 1283 1069 hominem
1302 1014 1644 1075 cuemcreavi,
1669 1029 1702 1065 a
1723 1013 1858 1083 {acie
1875 1020 2021 1063 terra:

447 1109 601 1179 (Gen.
637 1125 706 1174 vi,
739 1107 879 1177 5-7).
905 1106 1319 1161 Consideremus
1346 1102 1794 1172 quemadmodum
1833 1100 1886 1153 in
1941 1090 2030 1152 his

445 1200 693 1254 omnibus
720 1207 774 1252 et
801 1199 1102 1253 sollicitudo
1124 1196 1335 1250 Domini
1364 1195 1564 1264 pariter
1589 1200 1644 1246 et
1668 1191 1927 1246 severitas
1950 1190 2026 1242 in-

443 1290 666 1344 dicetur.
701 1287 935 1341 l’rimum
965 1286 1107 1340 enim
1137 1286 1248 1338 ait:
1279 1286 1381 1354 ιδ
1417 1283 1606 1336 Videas
1637 1291 1808 1333 autem
1849 1277 2021 1343 Deus;

442 1378 696 1444 secundo,
727 1377 912 1430 Tactus
942 1375 1118 1430 dolore
1138 1375 1308 1428 cordis
1337 1376 1674 1436 intrinsecus;
1706 1371 1886 1434 tertio,
1923 1369 2024 1423 De-

442 1469 574 1532 lebo,
625 1470 813 1537 inquit,
845 1468 1100 1520 hominem
1126 1482 1271 1538 quem
1321 1465 1508 1518 creari.
1542 1463 1601 1515 In
1628 1462 1733 1515 hoc
1760 1459 2021 1528 siquidem

442 1559 587 1628 quod
608 1557 790 1611 videre
810 1556 987 1610 omnia
1005 1557 1143 1609 Deus
1167 1555 1378 1618 dicitur,
1402 1567 1531 1607 cura
1553 1550 1668 1619 ejus
1693 1547 2019 1613 ostenditur;

444 1650 499 1702 in
529 1649 633 1702 hoc
677 1648 821 1718 quod
866 1647 1034 1711 dolet,
1064 1654 1237 1700 terror
1265 1644 1418 1709 irati;
1450 1643 1504 1697 in
1551 1644 1655 1696 hoc
1681 1641 1821 1710 quod
1847 1640 2019 1711 punit,

2119 464 2328 533 joribus
2352 463 2751 532 comprobatur.

2199 549 2326 604 V'lll.
2361 552 2522 619 lgitur
2562 567 2682 606 cum
2715 557 2836 620 post
2865 550 3116 603 diluvium
3154 550 3487 618 generationi
3531 551 3704 604 licini--

2127 649 2252 695 num
2275 641 2632 695 benedixisset
2655 641 2812 702 Deus,
2837 640 3258 708 immensamque
3277 640 3553 694 hominum
3575 642 3705 694 mul-

2125 732 2405 786 titudiuem
2449 732 2754 786 benedictio
2800 732 2916 801 ipsa
2970 741 3298 798 generasset,
3350 733 3586 801 loquitur
3636 733 3704 786 ad

2123 823 2390 877 Abraham
2440 823 2695 877 Dominus
2743 837 2772 876 e
2813 821 2952 877 ccelo
3003 819 3154 890 (Gen.
3181 839 3272 887 xu,
3299 822 3373 891 i),
3419 823 3615 891 jubens
3646 830 3703 876 ut

2122 915 2336 969 deserat
2359 924 2552 969 terram
2582 896 2754 978 suam,
2788 914 3020 982 inquirat
3043 913 3291 967 alienam.
3333 913 3584 978 Vocatur,
3617 929 3701 969 se-

2126 1007 2326 1074 quitur,
2379 1006 2677 1072 adducitur,
2719 1005 3043 1068 collocatur;
3092 1001 3152 1056 ﬁt
3190 1003 3256 1057 de
3285 1015 3520 1073 paupere
3551 1003 3700 1060 locus

2128 1099 2264 1168 ptes,
2297 1098 2362 1152 de
2404 1098 2584 1164 ignoto
2626 1105 2834 1165 potens,
2868 1093 3080 1148 intimus
3108 1095 3559 1163 peregrinatione,
3603 1112 3699 1150 ex-

2121 1189 2529 1244 cellentissimus
2575 1187 2850 1255 dignitate.
2883 1185 2989 1241 Sed
3019 1202 3084 1240 ne
3113 1181 3228 1240 haec
3274 1195 3452 1240 tamen
3503 1202 3621 1255 qua:
3651 1190 3698 1242 ei

2128 1289 2150 1317 ε
2199 1278 2322 1330 data
2365 1295 2394 1330 a
2436 1277 2546 1330 Deo
2591 1275 2819 1340 fuerant,
2877 1275 3113 1328 muneris
3162 1284 3367 1328 tantum
3395 1275 3700 1330 viderentur

2123 1369 2305 1432 fuisse,
2340 1384 2444 1422 non
2473 1368 2668 1432 meriti,
2699 1367 2790 1435 qui
2823 1367 3101 1420 ltctabatur
3121 1368 3410 1436 prosperis,
3444 1355 3701 1436 probatu}

2123 1458 2377 1512 adversis.
2411 1457 2664 1526 Sequitur
2708 1458 2907 1527 quippe
2948 1457 3117 1523 labor,
3160 1458 3474 1526 periculum,
3519 1458 3696 1511 timor.

2122 1548 2361 1602 Vexatur
2393 1549 2853 1615 conunigratione,
2895 1547 3151 1616 fatigatur
3179 1549 3388 1614 exsilio,
3426 1558 3699 1603 Centumc-

2125 1639 2192 1692 lia
2240 1638 2485 1703 aﬂicitur,
2535 1654 2700 1692 uxore
2754 1639 3036 1708 privatur;
3091 1639 3356 1693 immolari
3411 1641 3512 1694 sibi
3561 1637 3700 1695 Deus

443 1741 702 1795 severitas
743 1738 1047 1807 judicantis.
1079 1736 1331 1790 Paenituit
1375 1751 1515 1804 ergo,
1550 1733 1718 1800 inquit
1745 1731 2017 1800 Scriptura
2053 1743 2096 1800 Β
2126 1729 2285 1781 lilium
2308 1728 2485 1796 jussit,
2528 1736 2680 1796 pater
2708 1729 2926 1794 obtulit;
2967 1738 3022 1782 et
3049 1737 3304 1796 quantum
3344 1729 3411 1782 ad
3451 1728 3477 1766 ά
3506 1729 3694 1783 defun-

443 1847 616 1893 saera,
641 1829 804 1882 Deum
824 1829 956 1899 quod
983 1828 1238 1881 hominem
1265 1827 1464 1897 fecisset
1492 1826 1546 1876 in
1574 1834 1738 1886 terra;
1759 1837 1862 1874 non
1878 1819 2020 1888 quod

445 1923 586 1976 Deus
614 1922 682 1974 sit
707 1920 970 1974 obnoxius
997 1919 1119 1972 huic
1139 1917 1306 1971 motui
1335 1924 1426 1970 aut
1448 1915 1536 1968 ulli
1564 1914 1837 1981 subjaceat
1858 1923 1881 1947 ⁴¹
1901 1927 2023 1980 pas-

444 2014 610 2077 sioni;
641 2012 734 2067 sed
761 2026 936 2066 sermo
961 2009 1170 2063 divinus
1199 2007 1265 2060 ad
1288 2006 1660 2061 insinuandam
1690 2002 1897 2072 plenius
1923 2016 2021 2055 no-

443 2101 526 2156 bis
563 2116 738 2155 rerum
786 2099 1102 2168 scriptarum
1134 2095 1556 2163 intelligentiam,
1588 2093 1740 2160 quasi
1786 2092 2020 2144 humano

450 2190 728 2244 nobiscum
778 2187 971 2240 ail‘ectu
1015 2187 1256 2253 loquens,
1308 2183 1405 2236 sub
1451 2182 1664 2234 nomine
1713 2177 2020 2247 pmnitentis

446 2279 474 2319 ι’
498 2280 590 2333 Dei
611 2279 718 2332 vim
732 2275 1113 2334 demonstravit
1139 2274 1278 2327 irati.
1301 2272 1382 2326 Ira
1405 2279 1486 2325 est
1506 2279 1683 2324 autem
1698 2267 2015 2333 Divinitatis,

446 2388 603 2444 poma
647 2371 933 2441 peccantis.
976 2368 1113 2435 Quid
1153 2381 1280 2435 ergo
1327 2375 1448 2436 post
1486 2366 1598 2419 hinc
1621 2373 1862 2418 secutum
1891 2364 2019 2417 est?

446 2460 592 2524 Cum,
618 2462 802 2528 inquit,
829 2460 1037 2512 vidisset
1057 2457 1194 2511 Deus
1216 2467 1405 2510 terram
1426 2473 1534 2509 esse
1556 2463 1868 2524 corruptam,
1886 2454 2019 2508 dixit

447 2553 518 2604 ad
554 2549 708 2603 Noe:
741 2548 893 2601 Finis
938 2549 1186 2600 universa:
1225 2547 1397 2599 carnis
1425 2547 1556 2599 venit
1577 2561 1752 2597 coram
1778 2560 1901 2597 me:
1933 2560 2016 2597 re-

447 2643 585 2714 pleta
605 2651 680 2695 est
709 2650 845 2692 terra
866 2639 1134 2710 iniquitate
1161 2655 1192 2690 α
1216 2639 1346 2709 facie
1374 2651 1566 2698 eorum,
1619 2644 1666 2686 et
1690 2651 1782 2705 ego
1813 2635 2015 2705 disper-

447 2734 569 2786 dam
597 2749 683 2786 eos
713 2748 824 2784 cum
850 2740 984 2783 terra
1016 2723 1343 2800 (Ib.|l2,15).
1365 2726 1430 2780 Et
1453 2726 1578 2795 quid
1599 2725 1819 2795 postea?
1862 2723 2018 2794 Rupti

447 2833 584 2889 sunt,
620 2823 806 2890 inquit,
831 2836 1003 2874 omnes
1032 2823 1196 2890 fontes
1218 2818 1387 2888 abyssi
1415 2833 1634 2886 magnas,
1665 2826 1714 2869 et
1742 2823 2020 2868 cataracta:

449 2918 561 2969 σατιὶ
608 2922 799 2984 aperta:
849 2922 1005 2965 sunt:
1047 2913 1282 2982 factaque
1335 2919 1411 2963 est
1448 2909 1617 2979 pluria
1649 2924 1799 2976 super
1830 2916 2020 2959 terram

449 3007 794 3080 quadraginta
818 3005 990 3057 diebus
1010 3013 1058 3057 et
1083 3003 1429 3074 quadraginta
1457 2999 1689 3054 noctibus
1726 2997 1877 3069 (Gen.
1925 3015 2014 3063 vn,

2122 1822 2354 1875 ctionem
2383 1820 2559 1874 cordis
2590 1820 2840 1888 pertinet,
2884 1820 3196 1873 immolavit.
3218 1819 3462 1887 Rursum
3493 1820 3697 1886 exsilia,

2122 1927 2332 1965 rursum
2363 1921 2554 1977 metus,
2588 1903 2991 1966 Philistinorum
3024 1911 3242 1975 invidia,
3275 1911 3582 1966 Abimclech
3612 1927 3697 1966 ra-

2120 2005 2247 2072 pina
2281 2022 2292 2056 :
2327 2004 2491 2057 multa
2525 2003 2738 2072 quidem
2769 2003 2929 2066 mala,
2961 2003 3056 2057 sed
3099 2011 3274 2058 tamen
3305 2003 3453 2072 paria
3483 2003 3694 2058 solatia.

2121 2093 2250 2146 Nam
2281 2094 2380 2147 etsi
2411 2109 2440 2146 a
2473 2094 2716 2162 plurimis
2740 2089 2988 2157 afficitur,
3014 2100 3190 2146 tamen
3220 2093 3285 2146 de
3306 2094 3552 2146 omnibus
3583 2095 3694 2146 vin-

2121 2186 2347 2240 dicatur.
2382 2184 2519 2250 Quid
2549 2185 2708 2252 igitur
2736 2185 2788 2238 in
2821 2185 3024 2239 cunctis
3065 2185 3178 2239 istis
3205 2200 3323 2253 qua:
3369 2186 3692 2239 memoravi-

2119 2278 2281 2331 mus?
2311 2293 2436 2330 num
2462 2276 2602 2331 Deus
2625 2293 2732 2330 non
2763 2285 2846 2331 est
2871 2286 2926 2331 et
2955 2277 3246 2346 inspector,
3270 2285 3325 2330 et
3345 2277 3617 2343 invitator,
3641 2285 3692 2332 et

2121 2367 2331 2430 ductor,
2356 2375 2410 2420 et
2433 2367 2715 2432 sollicitus,
2745 2375 2802 2421 et
2827 2383 3072 2436 sponsor,
3106 2375 3162 2421 et
3180 2373 3471 2437 protector,
3506 2376 3560 2422 et
3578 2383 3694 2422 mu-

2125 2467 2366 2525 nerator,
2399 2466 2453 2513 et
2492 2459 2765 2528 probator,
2796 2466 2851 2512 et
2877 2457 3208 2524 sublimator,
3250 2465 3306 2512 et
3333 2457 3494 2523 ultor,
3538 2465 3592 2512 et
3612 2457 3696 2526 ju-

2119 2550 2261 2604 dex?
2287 2549 2565 2617 lnspector
2591 2549 2787 2617 quippe
2828 2556 2928 2612 est,
2974 2548 3098 2603 dum
3139 2562 3207 2602 ex
3245 2549 3492 2603 omnibus
3530 2565 3692 2604 unum

2119 2643 2278 2708 elegit.
2315 2656 2479 2710 quem
2521 2643 2798 2697 meliorem
2828 2643 2984 2706 vidit;
3028 2643 3299 2706 invitator,
3331 2642 3456 2697 dum
3502 2651 3693 2710 vocat;

2117 2732 2325 2798 ductor,
2357 2733 2484 2787 dum
2513 2734 2581 2789 ad
2610 2735 2788 2802 ignota
2818 2735 3089 2804 perducit;
3133 2735 3409 2799 sollicitus,
3451 2735 3576 2790 dum
3624 2737 3692 2790 ad

2120 2823 2296 2878 ilicem
2321 2823 2531 2890 visitat;
2562 2840 2808 2894 sponsor,
2840 2824 2966 2879 dum
2990 2824 3165 2879 futura
3188 2826 3482 2895 promittit;
3507 2834 3694 2896 prote-

2120 2924 2258 2982 ctor,
2284 2917 2411 2984 quia
2442 2917 2580 2970 inter
2624 2925 2812 2984 gentes
2838 2917 3097 2970 barbaras
3125 2918 3398 2985 protexit;
3443 2933 3693 2972 munera~

2121 3013 2225 3072 tor,
2256 3008 2382 3076 quia
2421 3007 2798 3077 locupletavit;
2821 3007 3097 3076 probator,
3121 3009 3246 3077 quia
3275 3009 3468 3063 tentari
3491 3010 3693 3078 asperis

451 3098 536 3161 ii,
571 3097 678 3166 l2).
700 3095 764 3148 Et
793 3096 951 3165 paulo
973 3103 1092 3163 post
1116 3112 1127 3146 :
1153 3093 1463 3163 Consumpta
1478 3100 1552 3145 est
1580 3091 1744 3144 omnis
1768 3107 1888 3144 caro
1910 3105 2022 3161 qua:
2049 3099 2094 3161 C
2121 3097 2317 3161 voluit;
2367 3098 2698 3161 sublimator,
2739 3099 2862 3166 quia
2908 3099 3268 3167 potentiorem
3316 3099 3562 3153 omnibus
3595 3103 3694 3170 ιε

451 3190 744 3243 movebatur
799 3202 949 3255 super
1003 3195 1193 3238 terram
1224 3182 1420 3253 (Ibid.,
1452 3182 1570 3250 21).
1626 3181 1690 3235 Et
1722 3181 1972 3250 deinceps
2003 3198 2016 3232 :

452 3279 716 3332 Rem/insit
745 3286 912 3328 autem
929 3278 1068 3330 solus
1091 3273 1141 3328 Ν
1147 3292 1223 3339 oe,
1247 3283 1294 3328 et
1315 3275 1401 3346 qui
1430 3290 1543 3326 cum
1571 3290 1628 3326 eo
1659 3281 1805 3324 erant
1830 3273 1881 3324 in
1897 3286 2022 3324 arca

453 3367 637 3436 (lbid.,
667 3365 778 3434 9.3).
814 3363 909 3418 Hie
935 3379 1072 3419 tunc
1099 3364 1372 3431 requirere
1393 3364 1460 3417 ab
1488 3363 1590 3416 illis
1617 3362 1742 3416 volo
1762 3361 1854 3429 qui
1879 3361 2024 3414 incu-

452 3457 650 3510 riosum
697 3470 875 3509 rermn
920 3453 1270 3508 humanarum
1317 3453 1589 3522 appellant
1616 3452 1804 3514 Deum,
1832 3467 1899 3504 an
1930 3451 2021 3505 illo

453 3557 693 3616 tempore
717 3547 799 3600 vel
822 3561 1036 3600 curasse
1062 3561 1182 3600 eum
1213 3547 1482 3600 terrestria
1511 3545 1732 3600 credant
1755 3545 1840 3598 vel
1878 3543 2019 3613 judi-

452 3652 622 3692 casse.
676 3635 811 3690 Puto
856 3636 999 3690 enim
1044 3651 1150 3689 non
1199 3635 1459 3704 judicavit
1481 3643 1704 3698 tantum,
1737 3634 1832 3688 sed
1859 3633 2021 3688 etiam

452 3730 736 3799 dupliciter
758 3728 1033 3797 judicavit.
1056 3727 1191 3782 Nam
1235 3727 1364 3781 dum
1401 3737 1583 3783 servat
1613 3729 1788 3784 bonos
1819 3764 1834 3790 ,
1875 3725 2021 3795 pium

452 3839 510 3878 se
530 3822 926 3882 retributorem,
954 3826 1008 3872 et
1028 3817 1152 3872 dum
1172 3817 1494 3872 condemnat
1520 3817 1709 3880 malos,
1739 3831 1797 3870 se
1835 3831 2020 3871 verum

452 3913 680 3985 iudicem
701 3909 1085 3979 comprobavit.
1114 3907 1220 3962 Sed
1250 3908 1362 3962 bzec
1386 3907 1604 3962 forsitan
1639 3907 1778 3976 apud
1803 3906 2015 3969 stultos,

451 4003 574 4073 quia
603 4009 728 4055 ante
752 4000 1024 4063 diluvium,
1058 3998 1109 4052 id
1129 4005 1226 4061 est,
1247 3998 1401 4068 quasi
1429 3998 1533 4052 alio
1561 3998 1791 4066 quodam
1820 3997 2019 4052 sa:culo

450 4100 601 4162 gesta
617 4097 756 4153 sunt,
780 4089 952 4143 minus
966 4088 1300 4143 auctoritatis
1323 4086 1520 4142 habere
1545 4087 1841 4142 videantur.
1858 4085 2020 4153 Quasi

451 4197 583 4236 vero
624 4189 715 4234 aut
743 4187 867 4233 tunc
890 4178 1024 4232 alius
1065 4177 1204 4232 Deus
1243 4177 1418 4243 fuerit,
1443 4186 1535 4232 aut
1563 4186 1746 4248 postea
1775 4177 2019 4232 eamdem

451 4270 633 4325 mundi
652 4285 836 4325 curam
855 4268 1054 4323 habere
1073 4267 1324 4322 noluerit.
1353 4267 1572 4323 Possum
1599 4267 1814 4338 quidem
1837 4267 2018 4322 divino

452 4375 673 4414 munere
700 4375 796 4429 per
822 4358 1054 4426 singulas
1085 4359 1183 4429 17
1214 4365 1339 4428 post
1364 4358 1620 4413 diluvium
1649 4359 2020 4426 generationes

2121 3187 2276 3248 fecit;
2301 3187 2461 3251 ultor,
2485 3187 2607 3256 quia
2629 3203 2750 3242 eum
2773 3188 2840 3242 de
2865 3187 3182 3242 adversariis
3201 3189 3342 3243 ultus
3369 3196 3480 3254 est;
3509 3188 3692 3258 judex,

2120 3278 2244 3345 quia
2271 3277 2396 3330 dum
2419 3279 2708 3344 ulciscitur,
2737 3277 3014 3348 judicavit.
3047 3277 3329 3347 Subjungit
3368 3290 3545 3333 autem
3575 3288 3690 3334 sta-

2123 3368 2217 3420 tim
2245 3368 2369 3423 huic
2399 3368 2634 3422 historim
2661 3369 2801 3423 Deus
2831 3368 3015 3423 dicens
3059 3387 3072 3421 :
3115 3369 3320 3423 Clamor
3350 3368 3691 3423 Sodomorum

2119 3469 2171 3512 et
2218 3458 2517 3513 Gomorrha:
2564 3460 2935 3529 multiplicatus
2983 3469 3078 3523 est,
3133 3470 3182 3513 et
3219 3470 3483 3530 peccatum
3522 3477 3692 3513 eorum

2121 3559 2457 3620 aggravatum
2480 3560 2556 3603 est
2576 3552 2729 3605 nimis
2752 3549 2902 3621 (Gen.
2931 3567 3074 3615 xvm,
3101 3550 3211 3616 20).
3244 3549 3470 3613 Clamor,
3503 3549 3692 3616 inquit,

2122 3641 2466 3696 Sodomorum
2492 3652 2542 3694 et
2571 3641 2872 3698 Gomorrha:
2909 3641 3276 3711 multiplicatus
3323 3650 3416 3694 est.
3469 3640 3693 3697 Pulchre

2121 3733 2414 3787 clamorem
2453 3732 2587 3785 dixit
2616 3733 2667 3785 in
2707 3747 2764 3786 se
2799 3732 2996 3785 habere
3029 3740 3266 3800 peccata.
3294 3730 3522 3785 Grandis
3551 3733 3694 3788 enim

2121 3822 2322 3891 absque
2353 3821 2514 3876 dubio
2542 3821 2874 3890 peccantium
2908 3820 3111 3874 clamor
3132 3828 3233 3885 est,
3264 3821 3355 3888 qui
3386 3835 3415 3873 a
3439 3828 3580 3874 terra
3611 3836 3693 3876 as-

2119 3912 2299 3967 cendit
2337 3910 2404 3965 ad
2449 3911 2663 3966 caelum.
2707 3910 2883 3977 Quare
2930 3919 3106 3964 autem
3153 3918 3373 3980 peccata
3418 3911 3693 3965 hominum

2119 4001 2273 4070 quasi
2302 4001 2533 4056 clamare
2557 4001 2815 4056 testatur?
2844 3998 3060 4055 Scilicet
3079 4001 3202 4069 quia
3233 3999 3366 4054 medi
3394 4014 3552 4053 aures
3572 4015 3692 4054 suas

2122 4092 2266 4147 Deus
2319 4091 2449 4146 dicit
2491 4092 2813 4147 clamoribus
2863 4101 3245 4162 peccatorum,
3294 4107 3362 4146 ne
3419 4090 3693 4146 differatur

2118 4199 2277 4255 pinna
2307 4185 2662 4254 peccantium.
2703 4181 2772 4237 Et
2809 4198 2934 4238 vere
2972 4183 3194 4248 clamor,
3226 4191 3282 4236 et
3327 4181 3542 4250 grandis
3581 4181 3692 4236 cla-

2119 4291 2238 4351 mor
2276 4283 2376 4340 est,
2407 4275 2622 4344 quando
2651 4275 2824 4345 pietas
2871 4273 2964 4328 Dei
2994 4283 3334 4342 peccatorum
3373 4272 3692 4326 clamoribus

2119 4365 2350 4419 vincitur
2375 4372 2434 4417 ut
2460 4373 2744 4433 peccantes
2766 4363 2956 4432 punire
3003 4369 3244 4430 cogatur.
3275 4358 3520 4416 Ostendit
3563 4375 3692 4428 ergo

451 4453 679 4524 probare
697 4465 814 4520 qua:
840 4448 991 4515 dico;
1022 4448 1116 4502 sed
1154 4457 1208 4502 et
1235 4449 1526 4502 enormitas
1547 4458 1710 4515 vetat,
1753 4458 1808 4503 et
1837 4457 2013 4502 tamen
2047 4454 2093 4511 ι)
2117 4453 2372 4511 Dominus
2399 4470 2559 4524 quam
2588 4454 2783 4510 ίηνίιυε
2808 4452 2995 4524 puniat
3017 4453 3178 4508 etiam
3200 4451 3542 4520 gravissimos
3569 4465 3692 4520 pec.

452 4554 596 4598 certa
615 4543 853 4612 quasdam
874 4549 928 4596 et
947 4541 1148 4609 majora
1170 4540 1439 4598 sufﬁciunt
1463 4561 1473 4594 :
1498 4543 1619 4610 quia
1641 4557 1761 4596 cum
1785 4541 1926 4595 idem
1947 4544 2018 4596 sit

452 4635 650 4702 absque
677 4632 840 4686 dubio
866 4629 1129 4699 majorum
1159 4631 1357 4700 pariter
1383 4646 1447 4687 ae
1473 4632 1735 4686 minorum
1760 4633 1920 4696 Deus,
1967 4633 2018 4686 id

2119 4554 2351 4612 catores,
2384 4546 2566 4601 dicens
2593 4545 2736 4614 quod
2764 4545 2968 4600 clamor
3021 4542 3377 4597 Sodomorum
3427 4540 3493 4594 ad
3521 4555 3580 4594 se
3607 4554 3691 4594 as-

2125 4636 2380 4691 cenderit.
2406 4635 2521 4690 lloc
2558 4642 2640 4690 est
2666 4635 2846 4690 dicere
2884 4652 2897 4687 :
2930 4631 3291 4689 Misericordia
3321 4631 3534 4700 quidem
3573 4645 3689 4684 mea

1626 4762 1959 4819 STEPHANI
1995 4763 2264 4821 BALUZII
2299 4765 2525 4821 NOTAE.

521 4891 548 4919 ἰ
586 4880 673 4935 Sic
693 4880 827 4933 infra
855 4879 945 4933 lib.
972 4897 1041 4942 iv,
1068 4894 1188 4950 pag.
1215 4877 1274 4930 7i
1313 4895 1324 4931 :
1359 4876 1580 4950 Cumque
1598 4877 1705 4950 ejus
1727 4885 1928 4950 natura;
1947 4877 2016 4929 sit

450 4969 591 5006 mens
617 4950 712 5003 Dei
738 4959 887 5019 atque
912 4945 1161 5019 majes'tas
1192 4957 1247 5001 ut
1283 4949 1425 5019 nulla
1447 4945 1744 5019 iracundiae
1781 4948 2016 5019 passione

451 5029 725 5075 mereatur.
771 5016 1062 5086 Utrobique
1083 5017 1398 5073 vocabulum
1443 5017 1570 5070 illud
1601 5016 1824 5069 barbare
1865 5016 2012 5086 posig

450 5100 572 5144 tum;
595 5098 676 5143 est
703 5103 800 5157 pro
844 5104 910 5143 eo
937 5085 1079 5157 quod
1127 5087 1298 5140 Latini
1327 5087 1508 5141 dicunt
1556 5087 1810 5157 affectant
1849 5085 2012 5157 animi

450 5159 535 5214 vel
579 5153 1282 5211 all'ectioneinflnvaluerat
1333 5157 1578 5210 nimirum
1622 5170 1736 5208 ξιξνο
1781 5153 2013 5208 Salviani

449 5229 719 5297 corruptio
743 5227 828 5280 illa
861 5228 1051 5297 linguas
1092 5224 1374 5297 Romanae,
1403 5227 1616 5292 quando
1646 5223 1830 5297 eadem
1858 5239 2009 5297 vo_ce,

450 5307 506 5350 ut
535 5293 865 5351 affectionem
895 5295 1057 5348 animi
1097 5293 1411 5362 significent,
1449 5303 1668 5348 utuntur
1707 5294 1864 5348 etiam
1910 5293 2012 5346 Ba-

448 5367 682 5436 chiarius
720 5367 771 5419 in
801 5365 1024 5436 epistola
1071 5364 1137 5417 ad
1173 5364 1500 5436 Ianuarium,
1542 5373 1758 5436 sanctus
1786 5363 2013 5436 Ainbro-

448 5438 577 5501 sius,
607 5431 909 5498 Cassianus,
950 5434 1174 5488 Faustus
1214 5433 1482 5496 Rciensis,
1531 5433 1792 5487 Cmsarius
1829 5431 2012 5484 Arela-

449 5507 634 5627 tenlsis,
660 5504 910 5627 lRuricius
939 5503 1349 5569 Lemoviceasis,
1367 5502 1604 5557 Julianus
1631 5501 1927 5565 Pomerius,
1950 5514 2014 5553 ac

449 5588 536 5627 mu
561 5584 597 5627 tt
625 5592 653 5627 a
681 5575 731 5627 ii.

447 5576 597 5630 multi
625 5575 731 5628 alii.

517 5644 543 5686 δ
579 5643 817 5700 Imitatus
845 5655 924 5700 est
952 5643 1254 5700 Salviauum
1283 5642 1510 5696 Faustus
1539 5641 1778 5696 Reiensis
1820 5641 1870 5694 in
1901 5639 2014 5709 epi-

2115 4877 2250 4947 s_tola
2280 4876 2345 4930 ad
2374 4892 2718 4947 anonymum,
2751 4876 2802 4947 in
2837 4893 2939 4946 qua
2974 4879 3086 4932 htec
3114 4878 3362 4944 leguntur
3393 4893 3404 4927 :
3437 4873 3688 4928 Caeterum

2116 4945 2215 5017 l_)ei
2253 4948 2353 5017 ira,
2381 4945 2578 5017 iustitia
2606 4956 2714 5010 est;
2744 4945 3048 5017 Dei’furor,
3093 4948 3372 5000 severitatis
3412 4947 3551 5017 vigor
3576 4954 3688 5007 est;

2115 5015 2212 5067 Dei
2235 5015 2456 5086 jurasse,
2500 5016 2741 5085 deﬁnisse
2767 5015 3004 5086 esti—Dei
3035 5017 3325 5085 paenituisse
3469 5015 3689 5086 Senten—

2115 5086 2188 5156 tia
2210 5084 2386 5156 tamen
2415 5084 2789 5156 smpe'mutata.
2826 5085 2894 5138 Et
2931 5084 3043 5138 cum
3070 5103 3125 5138 se
3148 5084 3686 5156 persequentemtiqua

2115 5154 2235 5207 lwdi
2266 5155 2407 5219 dicit,
2438 5151 2627 5208 crimen
2651 5154 2885 5208 trudentis
2913 5151 3156 5208 ostendit.
3185 5151 3446 5207 Cmterum
3475 5151 3686 5206 Salvia-

2114 5239 2214 5276 nus
2244 5224 2332 5276 lib.
2363 5240 2418 5289 ιι,
2450 5239 2570 5293 pag.
2602 5222 2688 5287 29,
2715 5224 2790 5276 ait
2818 5233 3088 5292 aspectum
3115 5223 3415 5276 Divinitatis
3441 5222 3688 5291 propitia:

2114 5307 2231 5348 esse
2253 5309 2444 5348 munus
2472 5294 2890 5347 conservationis
2917 5293 3178 5346 humanm.

2185 5375 2209 5400 ε
2248 5360 2506 5422 Colbert.,
2539 5363 2661 5414 data
2689 5379 2720 5414 α
2748 5361 2989 5415 Domino.

2184 5430 2210 5467 (ι
2251 5431 2305 5483 1η
2349 5448 2441 5485 ora
2471 5431 2760 5486 Pithmanae
2804 5430 3050 5485 editionis
3079 5437 3389 5483 annotatum
3429 5435 3510 5481 est
3555 5425 3681 5480 alibi

2111 5500 2604 5620 légi'de/initionem.
2631 5501 2748 5566 Quo
2793 5501 2952 5556 etiam
2981 5499 3138 5554 modo
3177 5499 3369 5569 legitur
3406 5497 3458 5552 in
3495 5494 3683 5552 codice

2158 5585 2436 5620 oractcnsn.

2158 5585 2436 5623 UI'DCNBHSI.
