4006 6182
263 278 321 331 ιι
1362 260 1450 334 ei:
1487 269 2016 336 cuasnxartoss
2054 276 2163 335 DEI
2204 270 2329 337 LIB.
2372 274 2411 335 ι.
3456 271 3522 333 te

263 389 388 445 mihi
418 387 611 443 suadet
642 397 694 443 ut
723 404 954 458 parcam,
990 389 1080 444 sel
1112 402 1290 445 tamen
1337 400 1677 461 peccatomm
1726 393 1839 448 cla-
1867 406 1913 457 Α
1944 393 2236 463 sacrilegus
2264 399 2583 461 torqueatur
2608 388 2920 445 diversitate
2949 386 3216 459 supplicii.
3255 397 3277 425 ⁸
3307 387 3376 444 Et
3395 389 3522 458 quid

262 496 380 534 mor
408 480 554 548 cogit
581 486 639 533 ut
681 481 915 549 puniam.
949 480 1083 534 Cum
1126 495 1255 548 ergo
1301 482 1401 536 ista
1439 483 1680 549 dixisset,
1712 484 1840 552 quid

262 580 610 625 consecutum
654 570 770 623 est?
816 570 1099 625 Mittuntur
1127 573 1301 641 angeli
1347 571 1634 627 Sodomam
1684 572 1837 644 (Ceu.

262 678 369 725 xxx,
395 661 440 726 i,
474 661 658 732 πίῃ),
683 661 1115 730 proﬁciscuntur,
1151 665 1439 725 introeunt,
1472 665 1732 720 bonorum
1760 665 1842 720 io-

262 759 457 806 ventur
487 752 688 813 oﬂicio,
718 753 983 809 malorum
1012 762 1277 809 vexantur
1316 754 1540 824 injuria;
1572 763 1841 811 ctecantur

259 843 509 912 improbi,
540 843 814 897 salvantur
841 845 1015 913 probi.
1065 854 1090 881 ιι
1118 845 1256 901 Loth
1284 862 1407 901 cum
1437 846 1715 902 aﬂ‘ectibus
1738 847 1839 915 piis

258 934 391 987 urbe
417 933 666 988 educitur
708 952 720 984 :
768 934 895 988 urbs
936 949 1054 989 cum
1084 935 1476 990 habitatoribus
1504 937 1679 1007 impiis
1708 952 1839 991 con-

255 1033 547 1079 crematur.
580 1024 857 1092 interrogo
899 1026 986 1080 hic
1015 1033 1320 1080 utrumnam
1359 1027 1502 1082 Deus
1531 1043 1598 1081 ex
1635 1026 1838 1095 judicio

257 1117 449 1181 malos,
474 1132 541 1169 an
581 1116 698 1169 sine
721 1114 922 1184 judicio
949 1118 1346 1171 concremarit?
1374 1119 1477 1184 Qui
1503 1119 1620 1172 sine
1633 1118 1838 1186 judicio

256 1204 561 1262 Sodomitas
582 1207 797 1275 punitos
822 1222 852 1260 a
878 1206 990 1260 Deo
1011 1208 1159 1272 dicit,
1181 1209 1422 1276 iniquum
1445 1210 1612 1263 Deum
1640 1211 1831 1277 arguit.

150 1335 162 1375 ἑ
257 1296 313 1351 Si
346 1306 521 1352 autem
550 1314 669 1352 cum
687 1299 891 1367 judicio
913 1300 1085 1354 malos
1113 1301 1361 1370 perdidit,
1388 1301 1664 1371 judicavit.
1692 1302 1715 1339 ι’
1739 1301 1834 1356 Ju-

154 1380 157 1383 ’
255 1387 456 1441 dicavit
494 1388 707 1456 utique;
734 1397 789 1443 et
826 1390 1039 1459 quidem
1057 1390 1170 1459 jam
1199 1393 1352 1460 quasi
1379 1392 1444 1446 ad
1477 1392 1645 1446 instar
1672 1390 1835 1447 futuri

258 1476 441 1544 iudicii
476 1474 756 1546 judicavit!
780 1478 914 1533 Cum
943 1481 1089 1535 enim
1117 1482 1184 1536 ad
1225 1483 1542 1552 supplicium
1572 1484 1834 1539 malorum

254 1569 556 1634 gehennam
595 1569 650 1622 in
680 1565 913 1624 futurum
942 1584 1185 1626 arsuram
1213 1588 1332 1627 esse
1375 1573 1715 1629 manifestum
1743 1574 1832 1639 sit,

152 1696 157 1707 .
252 1656 544 1712 Sodomam
581 1669 635 1714 et
671 1661 871 1715 vicinas
910 1664 960 1715 ei
1000 1664 1161 1720 urbes
1189 1665 1424 1721 cmlestis
1453 1666 1665 1720 ﬂamma
1696 1683 1829 1722 con-

1936 485 2255 554 .postremo?
2301 483 2482 538 decies
2522 481 2767 546 rebellat,
2809 479 2991 536 decies
3018 480 3350 535 verberatur.
3382 478 3520 544 Quid

1943 589 2074 644 ergo
2102 576 2366 630 dicimus?
2393 573 2533 628 Puto
2573 572 2717 643 quod
2765 572 2821 626 in
2848 571 2933 625 his
2970 570 3218 625 omnibus
3246 577 3303 625 et
3330 584 3523 625 curare

1942 666 2146 735 pariter
2184 681 2270 720 res
2317 666 2577 719 humanas
2607 663 2776 717 Deum
2824 668 2879 716 et
2924 660 3166 730 judicare
3202 674 3519 729 cognoscas.

1946 753 1967 793 ί
1996 755 2056 809 in
2086 754 2321 825 [Egypto
2347 754 2547 823 quippe
2576 761 2703 807 tunc
2728 752 2871 806 enim
2901 766 3006 804 non
3035 750 3262 819 simplex
3291 758 3519 817 tantum,

1939 846 2034 901 sed
2062 846 2337 915 multiplex
2369 852 2584 900 constat
2629 844 2723 898 Dei
2754 841 2920 897 fuisse
2943 841 3220 911 judicium.
3271 839 3522 907 Quoties-

1940 952 2149 1006 cunque
2178 938 2321 991 enim
2351 936 2674 991 rebellantes
2704 934 2989 1007 Egyptios
3024 935 3321 1011 percussit,
3359 935 3520 989 toties

1933 1028 2211 1096 judicavit.
2244 1026 2348 1082 Sed
2378 1036 2500 1097 post
2530 1028 2629 1081 ista
2657 1027 3067 1097 quaediximus,
3100 1026 3228 1097 quid
3272 1034 3516 1080 secutum

1939 1119 2058 1173 est?
2097 1118 2261 1172 lsrael
2310 1118 2611 1183 dimittitur,
2657 1119 2855 1188 pascha
2887 1127 2913 1165 8
2943 1118 3200 1181 celebrat,
3235 1116 3519 1188 Egyptios

1938 1210 2152 1278 spoliat,
2199 1209 2348 1262 dives
2377 1208 2633 1273 abscedit,
2668 1208 3003 1263 Pharaonem
3035 1209 3278 1277 pmnitet,
3310 1208 3518 1262 exerci-

1939 1308 2052 1354 tum
2081 1300 2371 1362 contrahit,
2423 1300 2491 1353 ad
2540 1298 2803 1367 fugientes
2830 1300 3092 1370 pervenit,
3127 1299 3318 1353 castris
3339 1297 3518 1367 jungi-

1937 1400 2041 1455 tur,
2077 1391 2313 1445 tenebris
2343 1399 2640 1460 separatur,
2673 1392 2906 1446 siccatur
2934 1390 3173 1460 pelagus,
3202 1389 3361 1444 lsrael
3392 1403 3516 1457 gra-

1936 1482 2100 1549 ditur,
2133 1481 2373 1537 oiiiciosa
2406 1483 2667 1536 undarum
2698 1484 2956 1553 patientia
2988 1483 3271 1541 liberatur.
3304 1480 3515 1536 Pharao

1936 1574 2197 1643 sequitur,
2222 1574 2327 1643 28
2347 1588 2495 1627 mare
2524 1589 2686 1643 super
2714 1589 2835 1628 eum
2858 1571 2885 1610 ιι
2917 1573 3164 1639 volvitur,
3191 1571 3353 1627 ﬂuctu
3383 1587 3516 1642 ope-

1936 1664 2112 1717 riente
2139 1663 2369 1718 deletur.
2414 1663 2553 1719 Puto
2591 1664 2703 1734 jam
2731 1680 2841 1720 non
2888 1665 3173 1720 obscurum
3205 1665 3257 1719 in
3286 1664 3371 1719 his
3398 1679 3515 1734 qua:

250 1751 562 1819 sumpserit.
593 1751 648 1805 in
671 1755 918 1821 praesenti
949 1764 1127 1809 autem
1155 1757 1279 1812 illud
1302 1758 1442 1827 quod
1471 1757 1704 1813 futurum
1730 1769 1829 1823 est,
1866 1755 1911 1813 Β
1936 1764 2054 1808 acta
2081 1762 2208 1809 sunt
2227 1754 2322 1809 Dei
2346 1770 2466 1809 esse
2479 1755 2761 1824 judicium,
2793 1763 2849 1810 et
2876 1755 3092 1825 quidem
3122 1760 3229 1810 'non
3254 1754 3513 1824 judicium

253 1841 401 1895 Deus
432 1843 600 1897 voluit
638 1844 912 1899 declarare
953 1845 1232 1914 judicium,
1263 1850 1479 1916 qrando
1525 1866 1687 1919 super
1734 1853 1833 1905 im-

246 1933 400 2001 pium
445 1934 699 2001 populum
747 1935 1047 2003 gehennam
1097 1937 1240 1991 misit
1284 1954 1313 1993 e
1343 1940 1512 2005 cn-lo;
1551 1942 1652 2011 19
1696 1941 1836 1995 sicut

247 2023 416 2075 etiam
446 2024 725 2091 apostolus
756 2024 884 2079 dicit
914 2026 977 2095 (li
1009 2026 1151 2079 Petr.
1187 2044 1242 2091 n,
1274 2028 1328 2097 6)
1358 2030 1503 2097 quod
1533 2030 1674 2085 Dens
1701 2031 1835 2086 civi-

246 2120 392 2167 tates
429 2113 721 2170 Sodomam
759 2126 814 2171 et
853 2114 1206 2172 Gomorrham
1236 2122 1516 2177 eversione
1544 2123 1830 2191 damnarit,

244 2206 558 2274 exemplum
596 2222 803 2276 ponens
830 2208 990 2277 impie
1019 2210 1219 2264 acturis
1252 2228 1263 2261 :
1293 2213 1537 2280 quamvis
1577 2214 1626 2266 id
1661 2215 1833 2283 ipsum

242 2295 396 2364 quod
416 2296 489 2349 ibi
510 2306 688 2351 actum
715 2306 815 2363 est,
840 2299 959 2367 plus
988 2299 1233 2354 habuerit
1264 2303 1644 2359 misericordiae
1673 2320 1832 2373 quam

240 2389 575 2444 severitatis.
606 2389 760 2456 Quod
786 2392 927 2447 enim
952 2408 1166 2461 pmnam
1189 2409 1374 2449 eorum
1399 2404 1507 2449 tam
1536 2396 1627 2450 diu
1656 2397 1829 2451 distu-

242 2479 327 2549 lit,
363 2481 744 2536 misericordia:
772 2482 896 2548 fuit;
924 2484 1165 2552 justitize,
1191 2486 1333 2554 quod
1355 2487 1644 2556 aliquando
1672 2488 1830 2557 puni-

243 2569 339 2623 vit.
379 2569 448 2623 Et
496 2572 616 2627 ideo
663 2588 784 2627 cum
815 2575 1034 2642 angelos
1075 2574 1361 2630 Sodomam
1404 2577 1545 2632 Deus
1572 2578 1826 2641 mitteret,

243 2661 353 2716 hoc
382 2662 544 2717 nobis
580 2664 810 2732 probare
838 2666 1027 2730 voluit,
1056 2666 1198 2734 quod
1226 2668 1388 2720 etiam
1420 2669 1590 2721 malos
1618 2670 1832 2739 puniret

243 2752 471 2808 invitus.
505 2753 721 2810 Scilicet
756 2764 817 2810 ut
843 2772 964 2811 eum
991 2757 1290 2826 legeremus
1318 2774 1438 2827 quae
1467 2774 1496 2813 a
1541 2759 1833 2817 S‘odomitis

243 2846 429 2914 angeli
460 2847 819 2915 pertulissent,
851 2856 907 2904 et
933 2850 1239 2905 videremus
1275 2852 1538 2907 scelerum
1586 2853 1833 2908 immani-

242 2947 440 3001 tatem,
474 2941 756 2994 criminum
782 2942 1188 3012 turpitudinem,
1222 2944 1498 2999 libidinum
1531 2945 1833 2999 obscenita-

243 3034 393 3090 tem;
423 3028 676 3097 probaret
703 3030 886 3097 utique
926 3031 1079 3085 nobis
1124 3031 1264 3086 Deus
1290 3034 1435 3101 quod
1466 3034 1579 3102 ipse
1608 3049 1703 3089 eos
1728 3050 1829 3089 no-

240 3118 415 3173 luerit
443 3120 688 3187 perdere,
730 3121 823 3174 sed
856 3120 951 3191 ipsi
983 3124 1306 3176 extorserint
1348 3132 1406 3177 ut
1432 3124 1685 3193 perirent.

316 3209 415 3264 ΙΧ.
449 3209 673 3265 Possum
731 3213 1009 3267 innumera
1060 3213 1319 3284 proferre.
1362 3215 1469 3271 Sed
1524 3232 1715 3271 vereor
1769 3231 1837 3273 ne

243 3304 379 3358 dum
405 3304 536 3358 satis
569 3315 591 3343 ε
622 3319 737 3358 rem
766 3306 994 3375 probare
1025 3306 1259 3372 nitimur,
1291 3307 1571 3362 historiam
1603 3310 1837 3364 texuisse

243 3394 550 3448 videamur.
584 3393 795 3465 Moyses
832 3396 884 3449 in
926 3395 1141 3450 deserto
1171 3397 1380 3467 positus
1418 3412 1634 3467 gregem
1664 3401 1838 3469 pascit

243 3484 455 3555 (Esrod.
489 3485 589 3556 ni),
633 3486 822 3540 rubum
850 3486 1040 3541 ardere
1076 3488 1358 3557 conspicit,
1404 3488 1575 3543 Deum
1605 3504 1672 3543 ex
1701 3491 1836 3545 rubo

244 3576 421 3638 audit,
454 3583 720 3646 przeccpta
749 3577 963 3645 accipit,
998 3584 1265 3646 potestate
1294 3579 1578 3641 exaltatur,
1604 3580 1670 3632 ad
1698 3576 1837 3634 Pha-

243 3682 474 3722 raonem
502 3668 751 3731 mittitur,
794 3670 962 3733 venit,
1014 3670 1268 3738 loquitur,
1302 3670 1684 3736 contemnitur,
1716 3673 1837 3725 vin-

246 3760 345 3812 cit.
379 3758 642 3830 Egyptus
663 3760 977 3828 percutitur,
1005 3758 1302 3814 Pharaonis
1331 3761 1693 3816 inobedientia
1717 3779 1839 3817 ver—

247 3849 490 3913 beratur,
522 3858 579 3905 et
606 3849 822 3919 quidem
843 3866 950 3905 non
980 3867 1086 3906 uno
1114 3852 1308 3919 modo;
1349 3854 1555 3909 scilicet
1575 3853 1599 3891 ἀ
1634 3864 1691 3909 ut
1720 3857 1836 3924 plus

1937 1851 2165 1909 tantum,
2196 1844 2289 1899 sed
2331 1846 2495 1899 etiam
2524 1846 2950 1900 moderationem
2990 1854 3152 1915 atque
3178 1847 3512 1916 patientiam.

1939 1933 2216 1990 Patientia:
2241 1935 2384 1989 enim
2414 1934 2514 1990 fuit
2538 1936 2684 2005 quod
2714 1935 2729 1974 ί
2757 1935 2996 2007 IEgyptii
3025 1938 3346 1993 rebellantes
3375 1953 3515 2007 sepe

1936 2027 2176 2095 percussi
2205 2035 2363 2093 sunt;
2388 2027 2594 2097 judicii,
2618 2028 2761 2097 quod
2790 2032 2804 2080 t
2840 2032 3190 2085 contumacia:
3213 2030 3516 2102 pertinaces

1936 2124 2110 2171 morte
2130 2116 2385 2171 damnati.
2413 2117 2578 2185 igitur
2597 2126 2721 2187 post
2745 2118 2889 2174 hunc
2917 2130 3093 2174 rerum
3123 2130 3392 2189 gestarum
3421 2135 3512 2174 or-

1934 2207 2113 2263 dinem
2170 2210 2468 2279 ingreditur
2522 2222 2760 2264 eremnm
2817 2211 3009 2264 victrix
3062 2211 3181 2265 siue
3213 2210 3356 2265 bello
3384 2225 3514 2279 gens

1935 2299 2301 2354 Hebraaorum.
2335 2300 2457 2369 Agit
2504 2302 2604 2355 iter
2646 2301 2762 2356 sine
2794 2301 3004 2365 itinere,
3031 2301 3223 2355 viatrix
3262 2302 3378 2355 sine
3406 2301 3515 2361 via.

1933 2391 2136 2461 prtevio
2191 2390 2321 2456 Deo,
2373 2391 2555 2446 divino
2603 2391 2917 2447 commilitio
2972 2390 3319 2458 honorabilis,
3352 2390 3519 2445 ductu

1935 2483 2141 2537 caelesti
2169 2492 2381 2554 potens,
2413 2490 2646 2553 sequens
2692 2483 2948 2538 mobilem
2977 2483 3303 2546 columnam,
3353 2484 3512 2537 nubi—

1935 2575 2043 2629 lam
2071 2573 2177 2640 die,
2212 2575 2423 2643 igneam
2476 2581 2653 2638 nocte,
2704 2581 2969 2640 congruas
2996 2573 3241 2629 colorum
3287 2573 3512 2629 diversi-

1936 2673 2077 2720 tates
2105 2678 2202 2735 pro
2248 2674 2547 2735 temporum
2590 2664 2899 2718 diversitate
2944 2672 3278 2726 sumentem;
3309 2664 3512 2720 scilicet

1937 2766 1997 2812 ut
2025 2765 2080 2811 et
2108 2757 2211 2811 diei
2241 2755 2267 2795 ι
2297 2758 2470 2811 lucem
2510 2755 2654 2810 lutea
2685 2754 3014 2810 obscuritate
3054 2754 3427 2824 distingueret,
3459 2766 3512 2810 et

1935 2848 2216 2915 caliginem
2245 2848 2416 2901 noctis
2444 2845 2692 2900 ﬂammeo
2722 2845 3006 2915 splendore
3043 2846 3301 2901 claritatis
3339 2846 3512 2902 radia-

1934 2948 2037 2994 ret.
2070 2938 2218 2993 Adde
2247 2938 2352 2992 huc
2381 2937 2554 2991 fontes
2587 2944 2811 3007 repente
2840 2944 3016 2998 natos,
3051 2934 3187 2991 adde
3225 2936 3514 2992 medicatas

1936 3049 2104 3102 aquas
2132 3032 2217 3086 vel
2245 3031 2393 3084 datas
2422 3030 2508 3084 vel
2542 3027 2557 3067 ι
2594 3030 2920 3090 immutatas,
2953 3029 3185 3098 speciem
3216 3038 3510 3096 servantes,

1860 3121 1905 3184 C
1939 3133 2183 3178 naturam
2212 3122 2594 3191 relinquentes.
2628 3114 2987 3190 Adde‘aperta
3018 3121 3420 3191 erumpentibus
3442 3121 3513 3176 ri-

1940 3217 2020 3272 vis
2049 3215 2308 3271 montium
2339 3213 2532 3283 capita,
2565 3211 2699 3267 adde
2737 3213 3085 3268 scaturientia
3134 3213 3288 3267 nevis
3331 3213 3516 3284 pulve-

1939 3308 2149 3362 rulenta
2198 3314 2323 3359 arva
2373 3303 2716 3369 torrentibus,
2758 3303 2894 3358 adde
2924 3303 3121 3357 inlatos
3149 3304 3515 3358 itinerantium

1937 3398 2128 3453 castris
2173 3397 2357 3449 alitum
2404 3408 2593 3461 greges
2620 3392 2709 3446 Dei
2739 3392 2941 3463 pietate
2969 3376 3427 3462 indulgentissimo
3451 3402 3516 3458 π’,

1939 3506 2046 3545 non
2074 3489 2260 3543 usibus
2298 3494 2501 3540 tantum
2544 3484 2850 3547 hominum,
2880 3483 2975 3538 sed
3009 3485 3181 3541 etiam
3230 3482 3516 3540 inlccebris

1939 3580 2258 3642 servientes,
2290 3574 2473 3633 datum
2495 3591 2593 3646 per
2619 3574 2970 3649 quadraginta
2994 3590 3164 3629 annos
3193 3576 3351 3630 astris
3377 3590 3516 3645 quo-

1937 3672 2065 3726 tidie
2094 3664 2472 3724 famulantihus
2500 3658 2697 3729 cibum,
2731 3672 2980 3719 rorantes
3013 3663 3213 3733 jngiter
3234 3666 3371 3721 escis
3397 3665 3515 3721 dul-

1936 3762 2087 3816 cibus
2126 3758 2299 3831 polos,
2355 3773 2461 3812 non
2511 3755 2576 3809 ad
2617 3754 2813 3810 victum
2844 3762 3073 3823 tantum,
3125 3756 3221 3812 sed
3260 3758 3424 3813 etiam
3453 3758 3520 3814 ad

1935 3853 2152 3908 delicias
2174 3850 2520 3920 proﬂuentes.
2546 3839 2694 3902 Adde
2716 3848 2964 3903 homines
2996 3849 3050 3904 in
3072 3850 3230 3906 nullis
3252 3852 3519 3909 membro-

1423 3942 1761 3998 STEPHANI
1800 3942 2065 4028 BALUZII
2102 3939 2329 3995 NOTAE.

325 4045 356 4073 ι
393 4035 449 4089 id
474 4043 574 4109 est,
604 4050 726 4109 cum
749 4048 917 4091 uxore
939 4045 995 4109 et
1021 4038 1221 4093 liberis.
1247 4040 1479 4109 Recepta
1503 4049 1615 4094 erat
1641 4042 1837 4096 sarculo

247 4105 348 4158 illo
377 4106 524 4178 vocis
550 4107 702 4159 istius
730 4108 1028 4178 usurpatio,
1066 4117 1121 4161 ut
1147 4105 1431 4178 propinqui
1473 4109 1836 4176 signiﬁcaren-

245 4182 340 4247 tur
366 4192 378 4226 :
404 4174 471 4247 de
498 4191 604 4247 quo
633 4192 731 4247 nos
760 4174 998 4247 fortassis
1019 4174 1595 4247 amplius:dissercm‘us
1617 4181 1667 4233 in
1699 4182 1839 4235 notis

246 4245 319 4315 ad
374 4244 629 4315 epistulas
676 4244 876 4300 Ruricii
942 4244 1178 4315 episcopi
1242 4246 1653 4303 Lemovicensis.
1707 4249 1840 4305 Vide

245 4314 540 4384 Rosvveydi
570 4314 951 4371 Onomasticon
979 4314 1045 4369 ad
1074 4316 1220 4371 Vitas
1250 4315 1486 4371 Patrum.

325 4384 355 4420 δ
391 4383 601 4459 inaliis
629 4384 953 4459 editionihns
994 4386 1185 4459 legitur
1217 4404 1229 4438 :
1263 4385 1323 4440 Si
1348 4396 1521 4459 autem
1558 4405 1671 4459 cum
1695 4390 1841 4459 judi-

1940 4037 2327 4093 Rittershusius
2357 4035 2635 4106 legendum
2660 4035 2830 4106 videri
2859 4032 2923 4087 In
2946 4032 3175 4105 IEgypto
3201 4037 3385 4106 quippe
3406 4045 3525 4092 tunc
3597 4050 3608 4060 '

1939 4126 2041 4164 non
2071 4109 2307 4175 simplex,
2342 4122 2439 4160 nos
2468 4104 2583 4174 ejus
2628 4104 2995 4173 conjecturam
3044 4104 3222 4175 secuti
3258 4104 3442 4159 sumus
3470 4108 3522 4162 in

1939 4179 2041 4233 hac
2093 4170 2356 4236 editione,
2403 4184 2463 4230 ut
2497 4170 2745 4229 'sensum'
2778 4175 3010 4243 aliquem
3057 4170 3353 4227 faceremus
3402 4176 3524 4232 huic

1942 4248 2335 4379 locsoilolbertq
2365 4313 2666 4373 celebratur.
2690 4312 2876 4379 Corh.,
2906 4310 3176 4366 celebrato.

2014 4385 2042 4424 ιι
2079 4385 2266 4448 Corb.,
2296 4401 2456 4455 super
2477 4385 2712 4455 volvitur.
2743 4382 3178 4455 Hincvolumina
3225 4398 3323 4455 pro
3350 4381 3525 4455 ﬂucti-

244 4456 335 4506 cio
367 4454 527 4506 mulos
560 4454 800 4522 perdidit,
825 4456 1078 4525 jndicarit
1105 4457 1294 4526 utique.
1336 4456 1517 4511 Codex
1544 4452 1838 4525 Corheien-
1871 4478 1917 4536 ι)
1941 4456 2043 4511 bus
2074 4457 2126 4510 in
2149 4452 2389 4581 eéiistoli's
2410 4454 2608 4535 Meletii
2630 4453 2867 4536 episcopi
2892 4452 3251 4534 Mopsuesteni
3274 4460 3329 4507 ct
3350 4452 3523 4508 Theo-

244 4525 328 4577 sis
385 4522 662 4581 eleganter
712 4526 909 4581 repetit
963 4540 1147 4579 vocem
1206 4526 1467 4581 iudicavit.
1530 4528 1619 4581 Sic
1677 4529 1839 4581 etiam
1942 4524 2114 4580 dorcti
2206 4541 2407 4581 vrensxs
2445 4522 2602 4579 editis
2643 4540 2694 4577 Ill
2733 4523 2989 4579 svnodieo
3031 4523 3284 4576 adversus
3326 4530 3523 4581 trame—

242 4522 662 4596 gisueleganter
712 4522 909 4594 repetit
963 4540 1147 4579 vocem
1193 4522 1467 4596 judicavit.
1530 4524 1619 4582 Sic
1677 4529 1839 4584 etiam
1871 4522 1913 4536 “’
1942 4524 2114 4596 dorcti

242 4591 409 4647 Colb.

330 4673 355 4700 ε
397 4660 575 4739 Editio
605 4661 902 4739 Brassicani
935 4681 954 4739 :_
982 4661 1175 4739 Vereor
1194 4681 1257 4717 ne
1279 4665 1398 4719 dum
1422 4669 1547 4739 satis
1582 4685 1688 4722 rem
1721 4686 1843 4739 pra-

243 4731 379 4785 θαι-ε
405 4733 692 4784 renitimur.
725 4730 1025 4787 Gaiesinius
1055 4749 1072 4785 :
1112 4734 1300 4787 Vereor
1328 4752 1393 4787 ne
1422 4736 1542 4790 dum
1572 4740 1699 4791 satis
1721 4730 1837 4793 'rem

284 4802 476 4854 rebare
497 4803 729 4879 nitimur.
764 4800 999 4879 Pithmus
1031 4820 1044 4854 :
1076 4802 1266 4879 Vereor
1284 4820 1347 4856 ne
1368 4805 1485 4859 dum
1507 4810 1633 4879 setis
1662 4825 1841 4879 repro-

279 4888 377 4925 are
404 4887 513 4924 rem
535 4873 767 4925 uitiatur.
801 4872 909 4926 Nos
942 4873 1109 4927 secuti
1137 4888 1319 4927 sumus
1345 4872 1727 4931 auctoritatem
1747 4895 1841 4933 co-

243 4938 774 5012 dicisﬁCorbeiensis.
811 4941 914 4995 Pro
942 4957 1009 4997 eo
1046 4951 1225 4998 autem
1267 4944 1410 5012 quod
1451 4946 1614 5001 editio
1646 4948 1839 5004 Pithmi

240 5011 477 5065 omnino
506 5012 647 5065 male
667 5012 862 5066 habeat
890 5013 1090 5076 texisse,
1120 5029 1218 5067 nos
1245 5011 1414 5069 secuti
1436 5016 1675 5070 codicem
1703 5016 1839 5073 Coro

242 5080 529 5153 beiensem
559 5088 614 5135 et
640 5083 945 5153 superiores
972 5084 1250 5153 editiones
1276 5086 1614 5153 reposuimus
1643 5089 1838 5142 texuis—

241 5165 329 5219 se.
362 5151 538 5219 Atque
568 5153 640 5204 ita
667 5151 719 5207 in
740 5167 836 5206 sua
857 5151 1088 5207 editione
1108 5151 1411 5209 emendavit
1432 5154 1836 5212 Rittershusius.

242 5218 465 5274 Similis
498 5236 659 5275 error
697 5221 961 5277 acciderat
1005 5222 1059 5275 in
1102 5221 1531 5279 Commonitorio
1576 5225 1842 5284 Vincentii

243 5289 568 5345 Lirinensis.

328 5357 354 5396 τι
392 5359 661 5433 guinem,
687 5368 745 5433 ut
764 5377 908 5433 unus
913 5363 1206 5433 sacrilegus.

336 5438 359 5465 ⁸
395 5429 577 5504 Editio
604 5429 799 5504 Εἰμὶ-φὶ
826 5450 838 5484 :
864 5430 942 5504 Et
967 5429 1124 5504 quid?
1166 5442 1421 5504 postremo
1468 5434 1632 5490 decies
1676 5437 1841 5491 rebel-

336 5451 359 5465 '
395 5451 577 5486 ωιιιο
605 5451 799 5485 ruan
826 5451 838 5484 ἶ
864 5451 931 5485 ιιι
967 5451 1122 5504 quia:
1160 5451 1421 5553 ἔθεινεΜο
1468 5451 1632 5490 aenea
1676 5451 1839 5491 γεοει-

245 5501 353 5565 ιω,
375 5511 480 5556 etc.
531 5501 875 5557 ileddidimus
895 5502 981 5557 hic
999 5504 1134 5557 bona
1196 5502 1260 5558 de
1285 5504 1524 5559 codicem
1548 5504 1839 5561 Corbeien—

242 5585 393 5646 ξηξη.
428 5569 579 5646 Unde
624 5571 969 5626 confirmatur
1010 5572 1316 5642 conjectura
1355 5573 1717 5640 Rittershusii,
1743 5576 1838 5646 qui

242 5636 341 5694 iui
363 5636 377 5689 Ι
398 5640 642 5707 gendum
672 5655 791 5695 esse
812 5651 1108 5695 monuerat.

338 5708 357 5746 ί
395 5709 527 5765 Cum
577 5712 664 5764 hic
708 5712 857 5764 locus
901 5712 1046 5765 varie
1090 5712 1315 5783 legatur,
1365 5714 1832 5785 admonuissetque

540 5801 810 5860 PATROL.
855 5796 1017 5857 Llil.

2206 4525 2407 4596 yrensis
2445 4522 2625 4596 editis_
2643 4524 2714 4596 in_
2733 4523 2989 4596 synodico
3031 4523 3284 4596 adversus
3308 4530 3525 4596 ‘tragte-

1942 4595 2085 4651 diam
2131 4582 2316 4650 lredmei
2362 4610 2480 4664 cap.
2532 4593 2651 4655 U9,
2696 4582 2817 4664 199,
2866 4591 2984 4655 159,
3037 4590 3155 4643 151.
3187 4589 3388 4664 Plinius
3410 4582 3520 4664 Ἧι).

1941 4682 2031 4729 vn,
2063 4682 2180 4737 cap.
2210 4664 2318 4720 45:
2350 4663 2549 4735 magna
2580 4665 2734 4718 sortis
2767 4663 3010 4716 Itumame
3032 4663 3356 4731 reperiantur
3380 4663 3526 4717 rotu-

1942 4753 2102 4789 mnta.

2021 4804 2035 4842 ί
2079 4803 2345 4875 Colhert.,_
2366 4800 2646 4875 JEgyptioe
2667 4794 2965 4875 rebellantes
2986 4805 3415 4875 smpe‘pereussil.

2021 4816 2035 4842 ι
2079 4816 2340 4868 L‘olberL,
2366 4816 2646 4875 [Ingyptioe
2667 4816 2965 4857 revellatur:
2986 4816 3122 4871 saepe
3178 4816 3415 4857 ercussu.

2016 4877 2030 4926 Ι
2080 4874 2136 4929 id
2180 4882 2280 4933 est.
2333 4873 2386 4928 in
2428 4873 2763 4927 contumacia
2806 4872 3078 4926 durantes.
3112 4816 3267 4936 quod
3312 4873 3422 4938 alii,
3466 4880 3526 4930 ut

1943 4944 2152 5001 diversa
2181 4952 2305 5000 sunt
2334 4943 2605 4998 hominum
2639 4942 2848 5009 ingenia
2870 4982 2885 5003 ,
2917 4941 3068 4996 aiunt
3093 4955 3211 5013 esse
3236 4944 3398 4998 animi
3425 4959 3525 5013 pa-

1945 5030 2062 5069 rum
2086 5017 2341 5071 liberalis.
2377 5014 2468 5067 alii
2492 5027 2622 5070 vero
2642 5025 2916 5080 generosae
2937 5020 2993 5066 et
3019 5012 3246 5067 excelsa:
3274 5012 3484 5068 mentis.

2018 5083 2044 5124 ι
2080 5084 2255 5147 Colb.,
2285 5086 2473 5140 [autem

2023 5153 2040 5193 ι
2080 5155 2223 5209 Idem
2249 5153 2438 5217 codex,
2459 5152 2722 5206 invitatus.

2017 5233 2058 5263 ιιι
2099 5224 2197 5282 llic
2224 5226 2372 5281 locus
2407 5225 2483 5279 sic
2508 5230 2667 5277 antea
2689 5222 2965 5291 legebatur
2993 5222 3045 5275 in
3074 5218 3311 5278 editione
3330 5220 3524 5280 Pitbcei

1947 5302 2002 5350 et
2030 5295 2082 5350 in
2107 5296 2291 5352 codice
2336 5292 2668 5359 Corheiensi,
2700 5291 2866 5363 Deum
2903 5293 3097 5363 pietate
3132 5291 3526 5363 indulgentissi-

1948 5382 2052 5430 ma,
2080 5375 2184 5421 etc.
2218 5366 2577 5419 Admonuerat
2604 5370 2781 5419 autem
2831 5360 3217 5417 Rittershusius
3244 5360 3523 5428 legendum

1949 5450 2067 5518 esse
2091 5435 2200 5518 Dei.
2215 5437 2351 5515 picta
2364 5433 2601 5518 'e.hCum.
2613 5433 3103 5518 itaque‘letcti‘onem
3133 5429 3524 5518 illimgprtei‘erf

1939 5510 2061 5560 rent
2120 5498 2379 5559 editiones
2426 5498 2727 5560 Brassicani
2766 5511 2822 5559 et
2847 5500 3124 5564 Galesinii,
3171 5498 3523 5556 dubitandum

1939 5591 2046 5631 non
2101 5583 2219 5629 erat
2264 5574 2389 5643 quin
2441 5574 2786 5631 Rittershusii
2837 5573 3150 5642 conjectura
3200 5567 3341 5624 foret
3386 5570 3523 5626 reti-

1938 5647 2133 5701 nenda.

2956 5799 2997 5859 2
