4006 6182
387 289 457 341 ss
1295 258 1299 265 “
1354 283 1409 337 s.
1453 276 1762 336 SALVIANI
1799 274 2259 334 MASSILIENSIS
2294 280 2716 337 PRESBYTER!
3551 289 3621 344 ιι

387 416 504 456 rum
533 413 750 454 suorum
784 396 1023 467 partibus
1052 408 1299 450 accessus
1325 401 1381 447 et
1418 392 1666 447 decessus
1693 391 1951 444 humano—
1980 392 2021 448 Α
2055 388 2274 444 forsitan
2298 394 2441 460 quia,
2474 401 2533 446 ut
2562 394 2637 447 illi
2667 401 2812 460 tunc,
2845 410 3093 450 mannam
3122 396 3363 464 quotidie
3392 413 3498 455 non
3526 415 3623 456 co-

368 506 505 547 rum
532 502 817 558 corporum
847 486 1169 547 nescientes,
1201 497 1404 552 ungues
1441 498 1548 536 non
1582 490 1786 544 auctos,
1818 479 1951 533 den-

372 593 470 640 ates
495 598 602 639 non
632 580 959 643 imminutos,
990 577 1210 646 capillos
1237 589 1449 644 semper
1466 573 1716 641 aequales,
1744 586 1849 625 non
1880 578 1954 623 at-

348 734 351 739 ,
387 674 544 729 tritos
571 670 753 741 pedes,
798 685 905 724 non
937 677 962 704 ι
990 668 1185 723 scissas
1228 673 1423 730 vestes,
1452 663 1801 719 calciamenta
1843 676 1951 715 non

384 772 559 835 rupta,
577 760 975 816 redundantem
1001 759 1276 813 hominum
1308 758 1562 812 honorem
1584 769 1753 823 usque
1784 754 1849 808 ad
1874 754 1954 806 in-

381 853 662 908 duviarum
707 850 891 906 vilium
938 848 1269 917 dignitatem.
1310 845 1459 900 Adde
1505 848 1608 899 huc
1651 843 1954 899 erudienda:

384 944 561 1013 gentis
589 939 767 996 ollicio
787 937 1199 994 descendentem
1226 936 1293 991 ad
1322 942 1494 990 terras
1525 935 1709 1001 Deum,
1740 948 1954 989 accom-

385 1032 695 1089 modantem
736 1046 796 1086 se
823 1029 1052 1086 terrenis
1092 1028 1294 1082 visibus
1319 1026 1346 1065 ιι
1377 1027 1543 1081 Deum
1573 1025 1759 1090 ﬁlium,
1791 1024 1954 1078 innu-

386 1138 550 1179 mera:
576 1126 678 1194 21
706 1119 1063 1176 multitudinis
1088 1118 1298 1188 plebem
1328 1118 1381 1171 in
1410 1117 1737 1172 consortium
1764 1115 1956 1168 divinae

385 1211 762 1268 familiaritatis
790 1209 1099 1275 admissam,
1127 1222 1293 1262 sacra:
1329 1206 1575 1261 amicitiae
1606 1206 1813 1260 honore
1840 1204 1958 1273 pol-

387 1302 606 1359 lentem.
633 1300 781 1355 Adde
807 1301 914 1356 huc
956 1298 1210 1363 tonitrua,
1259 1296 1401 1351 adde
1434 1294 1661 1364 fulgura,
1692 1295 1957 1349 terribiles

387 1394 734 1450 buccinarum
778 1389 1077 1446 caelestium
1125 1402 1307 1449 sonos,
1356 1385 1693 1440 tremendum
1727 1383 1958 1453 undique

388 1485 558 1540 totius
586 1482 726 1536 aeris
753 1480 1040 1547 fragorem,
1079 1477 1236 1548 polos
1264 1476 1431 1531 sacris
1473 1473 1812 1542 clangoribus
1839 1487 1959 1526 mu-

387 1576 612 1643 gientes,
637 1572 804 1640 ignes,
829 1570 1103 1638 caligines,
1126 1567 1347 1621 nebulas
1369 1566 1479 1619 Deo
1504 1565 1708 1635 plenas,
1730 1554 1960 1633 loquen-

388 1674 498 1720 tem
528 1663 771 1718 cominus
800 1659 1113 1725 Dominum,
1135 1658 1307 1726 legem
1337 1656 1516 1710 divino
1554 1669 1649 1709 ore
1694 1669 1959 1709 resonan-

2055 480 2333 550 medimus,
2375 499 2498 537 cum
2538 497 2696 552 agros
2734 486 2976 541 triticeos
3012 487 3201 557 plenos
3242 490 3502 545 messibus
3529 491 3619 548 de—

2055 579 2349 639 metamus;
2402 574 2526 641 quia
2563 576 2867 631 coturnices
2906 578 3149 631 humanis
3177 593 3234 633 se
3270 580 3516 636 manibus
3544 582 3626 636 in-

2052 671 2299 729 gerentes
2326 679 2433 719 non
2456 665 2923 734 apprehendimus,
2949 683 3069 721 cum
3099 670 3277 723 omnia
3307 671 3503 735 avimn,
3529 687 3623 741 pe-

2054 752 2266 819 cudum,
2296 753 2588 808 bestiarum
2616 768 2811 822 genera
2840 756 3187 822 devoremus;
3212 759 3355 828 quod
3376 761 3622 818 salientes

2054 842 2272 910 rupibus
2299 858 2465 912 aquas
2504 847 2702 914 apertis
2729 847 2913 902 oribus
2942 863 3048 902 non
3088 848 3113 885 ά
3145 851 3459 920 excipimus,
3502 867 3624 907 eum

2055 934 2290 989 vinarias
2316 934 2506 991 domos
2535 938 2809 991 vinearum
2839 938 3095 993 fructibus
3124 940 3451 1008 inrigemus?
3476 943 3625 999 Addo

2055 1036 2155 1091 ego
2196 1025 2423 1094 amplius
2463 1027 2677 1095 aliquid,
2710 1027 2852 1095 quod
2903 1043 3000 1083 nos
3046 1029 3165 1098 ipsi,
3208 1032 3297 1098 qui
3340 1033 3460 1087 illos
3500 1042 3645 1089 tunc

2055 1112 2167 1167 Deo
2196 1130 2335 1169 cura:
2363 1116 2527 1170 fuisse
2555 1124 2609 1170 et
2637 1133 2735 1170 nos
2764 1133 2792 1170 a
2826 1117 2935 1171 Deo
2965 1118 3157 1186 negligi
3186 1118 3425 1187 dicimus,
3459 1123 3503 1177 si
3532 1140 3622 1179 ac-

2055 1202 2236 1271 cipere
2275 1220 2373 1272 pro
2411 1207 2760 1273 praesentibus
2792 1206 2958 1260 'bouis
3002 1208 3273 1275 praeterita
3317 1225 3619 1278 possemus,

2056 1308 2431 1363 respueremus
2482 1296 2694 1363 penitus
2746 1295 3067 1351 conditionis
3122 1297 3275 1352 istius
3328 1300 3620 1368 cptionem.

2057 1383 2330 1440 Nollemus
2357 1387 2500 1440 enim
2530 1387 2643 1441 haec
2667 1402 2787 1456 quze
2816 1404 2959 1443 nunc
2983 1389 3240 1444 habemus
3269 1391 3533 1459 amittere,
3566 1403 3622 1449 ut

2058 1490 2336 1545 possemus
2362 1491 2426 1531 ea
2452 1477 2644 1545 quibus
2673 1485 2801 1533 tunc
2827 1478 2900 1531 illi
2928 1480 3010 1531 usi
3038 1487 3160 1533 sunt
3188 1479 3488 1549 possidere;
3519 1498 3625 1535 non

2058 1566 2204 1636 quod
2244 1584 2341 1623 nos
2380 1569 2604 1623 meliora
2651 1585 2794 1623 nunc
2832 1569 3124 1624 habeamus
3162 1584 3320 1638 quam
3365 1585 3494 1639 gens
3534 1573 3625 1626 illa

2059 1665 2189 1713 tunc
2217 1659 2421 1725 habuit,
2448 1658 2540 1714 sed
2560 1659 2686 1727 quia
2711 1667 2765 1713 et
2793 1658 2869 1712 illi
2896 1660 2988 1727 qui
3017 1659 3327 1727 quotidiano
3355 1670 3481 1715 tunc
3507 1661 3625 1716 θα)ιὶ

389 1766 518 1818 lem.
558 1753 753 1807 ίηοίδίὶε
791 1750 958 1819 digito
997 1748 1093 1802 Πθί
1134 1747 1370 1811 "ueras.
1405 1756 1427 1784 θ
1460 1746 1672 1814 rupices
1710 1743 1954 1814 paginas,
1990 1750 2033 1810 B
2059 1763 2123 1804 ac
2152 1749 2245 1804 Dei
2274 1750 2570 1805 ministerio
2598 1751 2973 1819 pascebantur,
3005 1750 3275 1817 antiquam
3305 1751 3505 1804 ventris
3545 1752 3625 1804 in-

387 1858 606 1898 saxeum
637 1842 907 1904 volumen,
939 1839 1231 1893 discentem
1261 1835 1537 1905 populum,
1577 1842 1633 1888 et
1677 1833 1958 1887 docentem

388 1933 574 1996 Deum,
606 1946 670 1985 ac
695 1930 876 1984 mixtis
898 1942 1034 1997 pene
1054 1925 1358 1980 hominibus
1378 1934 1540 1992 atque
1568 1923 1770 1989 angelis
1799 1937 1959 1975 unam

388 2022 510 2076 cmli
538 2036 603 2075 ac
630 2028 786 2074 teme
814 2018 1072 2073 scholam.
1099 2014 1187 2070 Sic
1223 2015 1367 2069 enim
1396 2014 1652 2082 scriptum
1681 2019 1782 2077 est,
1815 2010 1959 2079 quod

389 2128 511 2166 cum
560 2110 830 2164 retulisset
859 2108 1069 2179 Moyses
1109 2107 1271 2161 verba
1318 2104 1499 2175 populi
1546 2102 1613 2157 ad
1657 2101 1958 2168 Dominum,

388 2202 585 2256 dixerit
608 2201 662 2256 ei
690 2200 945 2255 Dominus
973 2216 987 2251 :
1016 2196 1137 2251 Jam
1165 2213 1303 2251 nunc
1321 2197 1518 2250 veniam
1539 2194 1607 2246 ad
1628 2203 1676 2248 te
1701 2195 1753 2247 in
1776 2194 1960 2265 caligi-

388 2308 454 2347 ne
479 2290 647 2356 nubis,
671 2300 725 2343 ut
743 2289 921 2343 audiat
941 2304 1022 2342 me
1046 2286 1266 2358 populus
1287 2286 1572 2357 loquentem
1600 2284 1668 2337 ad
1690 2292 1737 2337 te
1765 2282 1958 2354 (Exod.

390 2402 498 2448 XIX,
528 2383 605 2454 9).
629 2382 697 2436 Et
725 2381 883 2451 paulo
921 2387 1045 2451 post
1068 2397 1081 2432 :
1113 2378 1270 2444 Ecce,
1290 2379 1481 2446 inquit,
1508 2384 1763 2446 cmperunt
1790 2375 1961 2429 audiri

391 2478 636 2539 tonitrua,
660 2487 721 2526 ac
742 2474 933 2527 micare
954 2470 1159 2542 fulgura
1187 2476 1235 2523 et
1255 2468 1410 2523 nubes
1439 2468 1744 2522 densissima
1765 2469 1963 2535 operire

390 2576 611 2619 montem
638 2561 824 2635 (Ibid.,
857 2559 964 2631 16).
990 2559 1057 2613 Et
1085 2560 1276 2614 iterum
1307 2577 1320 2611 :
1355 2557 1730 2629 Descenditque
1760 2556 1961 2628 (Domi-

391 2654 510 2725 nus)
537 2669 689 2723 super
716 2659 935 2705 montem
977 2647 1105 2704 Sina
1133 2650 1187 2701 in
1213 2649 1326 2717 ipso
1346 2648 1530 2701 montis
1560 2647 1745 2700 vertice
1775 2643 1959 2716 (Ibid.,

392 2742 503 2813 20).
535 2740 611 2797 Ac
637 2741 888 2810 deinceps
921 2757 933 2792 :
971 2737 1390 2811 Loquebaturque
1416 2753 1531 2791 cum
1561 2735 1760 2806 Moyse,
1791 2735 1963 2789 viden-

393 2834 524 2890 tibus
552 2834 799 2888 universis
826 2832 961 2905 quod
1000 2830 1234 2884 columna
1278 2827 1420 2882 nubis
1463 2835 1622 2882 staret
1669 2827 1738 2880 ad
1777 2828 1961 2882 ostium

394 2914 741 2989 tabernaculi;
770 2920 1070 2994 stabantque
1097 2930 1146 2974 et
1173 2922 1288 2992 ipsi,
1313 2930 1363 2975 et
1391 2920 1676 2974 adorabunt
1714 2920 1962 2989 perfores

395 3014 833 3069 tabernaculorum
853 3029 1081 3067 suorum.
1112 3011 1436 3085 Loquebatur
1454 3011 1706 3066 Dominus
1727 3012 1795 3064 ad
1818 3009 1963 3082 Moy-

2059 1840 2288 1906 gluviem
2317 1841 2468 1894 bonis
2515 1842 2862 1911 pnesentibus
2901 1840 3273 1910 praeferebant,
3321 1842 3625 1910 turpissima

2060 1929 2262 1984 scilicet
2310 1931 2551 1984 ciborum
2603 1931 2896 1989 carnalium
2946 1929 3318 1985 recordatione
3347 1931 3541 1995 moesti,
3573 1940 3627 1984 et

2060 2017 2372 2075 fctidissimo
2409 2035 2672 2090 caeparum
2711 2028 2874 2088 atque
2926 2020 3169 2075 alliorum
3227 2034 3409 2074 amore
3462 2035 3627 2089 aegre-

2060 2118 2271 2167 scentes
2323 2129 2336 2164 :
2370 2127 2479 2167 non
2507 2112 2653 2181 quod
2679 2112 2889 2181 potiora
2918 2119 3098 2166 essent
3124 2111 3315 2178 quibus
3352 2122 3508 2166 antea
3550 2112 3629 2166 usi

2059 2210 2233 2267 erant,
2265 2201 2359 2256 sed
2399 2204 2544 2271 quia,
2577 2202 2721 2271 quod
2761 2217 2902 2257 nunc
2929 2218 2958 2256 a
2988 2203 3141 2257 nobis
3169 2202 3246 2269 tit,
3275 2204 3379 2257 hoc
3407 2212 3533 2258 tunc
3560 2203 3629 2257 ab

2062 2292 2181 2347 illis.
2212 2293 2292 2347 Illi
2321 2294 2612 2348 horrebant
2637 2309 2755 2363 qua:
2783 2301 2953 2357 erant,
2986 2301 3041 2348 et
3067 2308 3186 2362 quae
3216 2309 3322 2348 non
3351 2301 3502 2347 erant
3531 2293 3626 2348 de-

2059 2385 2384 2441 siderabant.
2416 2385 2524 2440 Nos
2553 2386 2721 2453 magis
2750 2384 3024 2439 laudamus
3053 2385 3139 2438 illa
3181 2398 3299 2452 quae
3338 2392 3465 2437 tunc
3511 2384 3627 2438 fue-

2060 2486 2181 2531 runt
2226 2493 2387 2543 quam
2424 2481 2525 2532 ista
2555 2492 2674 2546 quae
2701 2491 2842 2532 nunc
2868 2484 3007 2542 sunt,
3041 2490 3147 2528 non
3175 2475 3300 2543 quia
3328 2475 3373 2528 si
3401 2474 3629 2540 eligendi

2060 2566 2283 2623 facultas
2310 2575 2471 2633 esset,
2497 2583 2707 2637 semper
2726 2568 2923 2622 habere
2944 2567 3031 2621 illa
3054 2566 3352 2630 mallemus,
3383 2564 3479 2619 sed
3505 2566 3629 2634 quia

2061 2657 2314 2711 usitatum
2341 2657 2446 2712 hoc
2471 2659 2717 2711 humana:
2747 2657 2944 2712 mentis
2970 2664 3053 2710 est
3083 2655 3285 2719 vitium,
3320 2664 3343 2691 ⁶
3380 2655 3469 2707 illa
3514 2669 3630 2708 ma-

2060 2746 2140 2814 gis
2166 2760 2378 2815 semper
2403 2746 2543 2801 velle
2586 2760 2705 2815 quae
2731 2746 2942 2802 desunt.
2985 2744 3053 2799 Et
3081 2746 3227 2814 quia,
3261 2751 3319 2797 ut
3350 2743 3370 2783 ι
3416 2744 3507 2801 ille
3533 2744 3629 2808 ait,

2060 2837 2232 2891 aliena
2263 2836 2430 2903 nobis,
2461 2847 2638 2892 nostra
2674 2838 2788 2908 plus
2815 2838 2934 2892 aliis
2960 2837 3182 2909 placent,
3219 2845 3246 2884 8
3275 2834 3467 2891 accidit
3493 2850 3631 2904 quo-

2059 2940 2166 2997 que
2194 2926 2321 2982 illud
2347 2927 2491 2996 quod
2517 2927 2767 2996 generale
2802 2926 2971 2982 ferme
3015 2935 3097 2981 est
3136 2926 3281 2981 omni
3319 2925 3541 2990 homini,
3572 2933 3630 2978 ut

2062 3019 2175 3074 Deo
2202 3034 2416 3089 semper
2442 3020 2681 3089 ingratus
2709 3020 2807 3085 sit;
2847 3019 3114 3087 insitoque
3141 3018 3247 3073 hoc
3271 3025 3327 3072 et
3351 3016 3504 3085 quasi
3532 3030 3630 3070 na-

396 3119 483 3157 sen
511 3103 646 3175 facie
665 3101 733 3154 ad
762 3103 966 3173 faciem,
998 3102 1131 3155 sicut
1158 3102 1296 3173 loqui
1325 3101 1453 3156 solet
1480 3102 1630 3155 homo
1655 3101 1725 3154 ad
1743 3102 1961 3155 amicum

2067 3111 2178 3165 tivo
2224 3110 2368 3165 malo
2416 3125 2476 3164 se
2521 3111 2701 3166 cuncti
2743 3110 2969 3164 invicem
3006 3110 3244 3174 vincunt,
3276 3114 3336 3161 ut
3363 3104 3635 3162 beneficiis

396 3206 541 3246 suum
565 3189 754 3260 (Exod.
780 3204 964 3257 χχχιιι,
988 3188 1079 3242 9-1
1097 3188 1165 3261 l).
1190 3189 1318 3257 Quae
1338 3205 1460 3245 cum
1486 3190 1560 3245 ita
1580 3190 1704 3256 sint,
1727 3190 1963 3245 videtur-

396 3295 464 3336 ne
491 3280 691 3334 habere
704 3279 952 3334 "hominis
980 3294 1165 3334 curam
1193 3279 1355 3345 Deus,
1386 3279 1499 3335 htec
1527 3287 1674 3333 tanta
1705 3281 1960 3347 tribuens,

396 3369 509 3426 haec
549 3377 696 3424 tanta
735 3378 1015 3440 pmstans,
1058 3371 1373 3441 participem
1401 3373 1666 3427 sermonis
1693 3374 1776 3428 sui
1805 3374 1962 3427 vilem

396 3458 775 3514 homunculum
804 3458 1021 3525 faciens,
1052 3466 1108 3514 et
1142 3459 1293 3528 quasi
1332 3460 1385 3513 in
1425 3461 1759 3516 consortium
1799 3478 1965 3519 sacra:

399 3546 698 3604 sodalitatis
724 3545 1029 3625 admittens,
1062 3548 1310 3618 aperiens
1337 3550 1387 3604 ei
1414 3549 1599 3619 plenas
1638 3549 1835 3606 divitiis
1863 3553 1963 3606 im-

399 3637 716 3694 mortalibus
759 3638 965 3707 palmas
991 3652 1130 3704 suas,
1161 3638 1311 3692 alens
1351 3653 1446 3693 eos
1485 3641 1716 3693 nectaris
1752 3642 1963 3708 poculo,

400 3741 626 3798 pascens
653 3727 859 3782 caelesti
886 3728 1045 3782 cibo?
1072 3725 1263 3794 Quam,
1295 3740 1446 3796 rogo,
1477 3728 1735 3796 majorem
1762 3731 1839 3784 cis
1866 3744 1964 3799 gu-

400 3818 672 3873 bernaculi
711 3817 795 3872 sui
833 3826 1088 3887 prtestare
1127 3833 1330 3884 curam,
1361 3834 1521 3888 quem
1548 3818 1807 3888 majorem
1833 3836 1969 3891 pra:-

400 3915 545 3963 stare
564 3907 738 3977 potuit
765 3908 1035 3972 allectum,
1064 3921 1225 3975 quam
1255 3915 1311 3962 ut
1337 3923 1458 3962 cum
1487 3910 1763 3978 praesentis
1788 3912 1969 3967 smculi

400 3998 563 4052 vitam
594 4006 832 4066 agerent,
865 3999 1097 4067 speciem
1120 3998 1232 4069 jam
1263 3997 1450 4055 futura:
1478 4001 1819 4057 beatitudinis
1843 4019 1969 4074 pos-

400 4088 638 4144 siderent
652 4091 676 4143 ?

470 4178 539 4233 X.
589 4178 696 4235 Sed
749 4179 1135 4250 respondeatur
1187 4179 1324 4236 forte
1376 4182 1479 4238 hoc
1531 4182 1672 4247 loco,
1722 4184 1971 4242 habuisse

399 4268 670 4337 quondam
697 4270 836 4324 hanc
862 4269 1138 4323 hominum
1166 4285 1346 4325 curam
1374 4271 1569 4339 Deum;
1594 4270 1698 4345 2'2
1719 4289 1969 4333 caeterum

400 4376 542 4418 nunc
578 4363 793 4431 penitus
835 4377 943 4418 non
983 4362 1205 4418 habere.
1246 4361 1396 4418 Unde
1436 4367 1538 4421 hoc
1566 4367 1638 4420 ita
1669 4370 1971 4430 credimus?

2064 3199 2160 3254 Dei
2188 3199 2489 3265 detrahant,
2522 3215 2591 3254 ne
2617 3199 2886 3255 debitores
2911 3214 2971 3254 se
2999 3212 3119 3253 esse
3148 3206 3498 3267 cognoscant.
3527 3196 3635 3252 Sed

2065 3291 2178 3346 haec
2204 3291 2481 3346 hactenus.
2504 3289 2654 3345 Nunc
2673 3289 2741 3344 ad
2767 3290 2968 3357 negotii
2995 3288 3192 3344 dudum
3212 3289 3370 3359 empti
3393 3288 3634 3344 ordinem

2068 3382 2171 3452 23
2196 3388 2556 3451 revertamur;
2588 3381 2848 3449 quamvis,
2881 3388 2940 3435 ut
2980 3395 3126 3443 reor,
3159 3395 3266 3435 non
3293 3379 3637 3434 mediocriter

2061 3472 2172 3541 jam
2217 3473 2620 3542 probaverimus
2659 3486 2776 3542 qua:
2802 3471 3208 3543 proposuimus;
3256 3470 3351 3526 sed
3378 3469 3637 3528 addamus

2066 3570 2245 3617 tamen
2272 3562 2460 3628 adhuc,
2503 3563 2549 3616 si
2576 3562 2769 3631 placet,
2817 3562 3090 3631 quippiam
3131 3578 3146 3614 :
3177 3561 3303 3630 quia
3328 3561 3518 3615 melius
3544 3568 3631 3614 est

2066 3654 2188 3722 plus
2214 3654 2444 3724 probare
2481 3652 2679 3721 aliquid
2704 3666 2867 3721 quam
2893 3666 3114 3707 necesse
3140 3657 3241 3718 est,
3270 3666 3432 3721 quam
3458 3651 3636 3706 minus

2067 3742 2291 3797 forsitan
2321 3756 2482 3811 quam
2512 3742 2730 3811 negotio
2757 3740 3034 3797 debeatur.

2140 3831 2227 3885 XI.
2279 3830 2559 3887 Liberatus
2585 3831 2857 3901 quondam
2883 3830 2950 3886 de
2978 3830 3275 3887 Pharaonis
3296 3832 3427 3901 jugo
3455 3846 3634 3902 popu-

2068 3925 2151 3980 lus
2178 3924 2542 3991 Hebrmorum,
2573 3922 2642 3976 ad
2686 3922 2815 3978 Sina
2842 3931 3080 3977 montem
3127 3923 3505 3991 prmvaricatus
3532 3930 3633 3986 est,

2070 4026 2125 4073 et
2150 4017 2330 4072 statim
2372 4031 2404 4070 a
2432 4016 2658 4070 Domino
2686 4030 2786 4085 pro
2823 4029 3009 4070 errore
3035 4028 3336 4083 percussus.
3368 4012 3458 4067 Sic
3494 4013 3637 4067 enim

2070 4108 2324 4177 scriptum
2351 4114 2434 4161 est
2463 4125 2478 4159 :
2508 4104 2775 4159 Percussit
2798 4120 2921 4175 ergo
2962 4103 3220 4159 Dominus
3258 4103 3500 4174 populum
3540 4119 3638 4173 pro

2071 4213 2244 4252 errore
2282 4196 2425 4250 vituli
2467 4212 2615 4268 quem
2659 4196 2856 4268 fecerat
2893 4193 3067 4248 Aaron
3099 4192 3292 4264 (Exod.
3326 4208 3491 4256 xxxu,
3523 4189 3637 4259 55).

2072 4286 2225 4354 Quod
2268 4286 2445 4357 potuit
2488 4284 2663 4355 majus
2708 4293 2763 4340 et
2807 4283 3104 4339 evidentius
3151 4281 3220 4335 de
3265 4281 3638 4349 peccatoribus

2075 4378 2217 4433 Deus
2244 4375 2383 4432 ferre
2420 4375 2698 4445 judicium,
2730 4388 2888 4443 quam
2918 4380 2977 4426 ut
3020 4370 3200 4426 statim
3229 4367 3254 4407 δ
3284 4384 3637 4438 consequere-

1567 4474 1899 4539 STEPHANI
1938 4485 2207 4543 BALUZII
2242 4483 2468 4540 ΝΟΤᾸΞ.

470 4571 496 4601 ι
534 4562 634 4618 Hic
672 4560 1041 4616 tantummodo
1086 4560 1452 4630 admonuerim
1507 4565 1561 4618 in
1606 4567 1787 4624 codice
1836 4572 1966 4630 Cor-

401 4631 600 4688 beiensi
628 4630 730 4700 legi
760 4630 991 4700 adcissas
1019 4638 1196 4695 vestes,
1229 4630 1283 4684 in
1310 4629 1617 4700 Colbertino
1645 4638 1795 4693 εῐδαδ.

471 4701 498 4739 ιι
535 4702 613 4754 lta
654 4697 838 4769 codex
881 4697 1633 4769 Corbeieusis._Colbcrtinus
1681 4714 1856 4765 tamen
1912 4724 1967 4769 et

400 4784 587 4824 omnes
604 4768 864 4825 editiones
891 4770 1089 4825 habent
1115 4769 1213 4823 Dei
1238 4766 1449 4823 Filium.
1482 4770 1704 4828 Rursum
1738 4766 1963 4836 Ritterst

399 4838 554 4920 husio
591 4838 1013 4920 displie‘et‘quod
1047 4840 1143 4920 _b_ic
1187 4838 1381 4920 legitur
1424 4840 1630 4920 visibus,
1662 4850 1967 4920 mavultque

400 4908 502 4975 legi
525 4905 719 4975 usibus.
753 4905 819 4961 Et
842 4905 1019 4962 tamen
1047 4909 1135 4965 hic
1160 4905 1396 4964 est'mira
1426 4905 1718 4967 editionum
1741 4932 1802 4972 ac
1820 4905 1967 4974 co'di-

401 4992 523 5030 cum
546 4975 848 5030 concordia.

472 5056 495 5083 ο
534 5044 626 5128 ξιὶίξ
649 5045 956 5128 eleganter,
986 5044 1158 5128 inquit
1196 5046 1580 5128 gittershusius
1601 5083 1627 5116 ,-
1648 5063 1811 5128 vocat
1831 5056 1967 5128 lapi--

399 5114 526 5191 dcas
553 5113 759 5191 tabulas
769 5115 979 5191 quibus
1006 5113 1169 5191 digito
1199 5116 1305 5191 Dei
1315 5127 1471 5191 erant
1504 5113 1753 5191 inscripta
1782 5113 1965 5182 decém

399 5185 561 5266 verba
587 5184 738 5251 legis.
769 5184 836 5238 Et
863 5192 990 5238 nota
1018 5186 1216 5266 rupices
1244 5187 1503 5266 adjective
1535 5197 1598 5266 et
1619 5184 1859 5266 rarenter
1880 5213 1970 5266 po-

399 5257 560 5328 situm
589 5270 794 5328 nomen
813 5269 910 5328 pro
934 5257 1135 5328 saxeis,
1167 5270 1297 5328 cum
1322 5258 1466 5328 alias
1483 5261 1693 5328 rupices
1721 5257 1967 5320 substan-

401 5323 508 5394 tive
531 5322 738 5394 soleant
766 5322 869 5377 dei
896 5323 1141 5379 homines
1161 5325 1357 5394 stupidi
1382 5335 1435 5380 et
1456 5322 1623 5382 bardi.

468 5391 496 5429 ⁶¹
532 5390 765 5463 Golbert.
778 5432 794 5457 ,
825 5394 1121 5463 accipimus.

475 5471 500 5502 ε
538 5462 594 5517 In
631 5463 867 5537 editione
903 5460 1195 5537 Brassieani
1236 5470 1292 5517 et
1335 5463 1523 5520 Pithtni
1548 5468 1626 5522 sic
1660 5468 1853 5537 legitur
1881 5471 1966 5526 hic

402 5533 588 5588 locus:
624 5532 878 5588 Usitatum
903 5542 979 5587 est
1007 5534 1101 5587 hoc
1129 5533 1367 5587 Immone:
1404 5539 1594 5600 menti,
1624 5532 1741 5591 cuni
1764 5540 1964 5595 intuea-

396 5602 602 5675 tur-illa
629 5604 793 5675 magis
820 5620 1017 5673 semper
1043 5619 1156 5667 aut!
1182 5604 1380 5658 desunt.
1413 5604 1711 5675 Galcsiuius
1745 5627 1756 5662 :
1798 5608 1967 5663 Usita-

398 5684 507 5725 tum
554 5672 647 5727 hoc
685 5672 1137 5727 humanmmentts
1174 5684 1253 5728 est
1288 5676 1484 5742 uitium,
1517 5672 1611 5726 illa
1650 5682 1817 5748 "togis
1842 5681 1966 5735 velle

2071 4593 2185 4647 qua:
2212 4576 2413 4647 desunt.
2448 4574 2633 4644 Itaque
2661 4576 2916 4647 expungit
2944 4588 3103 4629 voces
3126 4574 3272 4647 illas,
3303 4587 3413 4647 cum
3444 4575 3638 4647 inlusa:

2071 4639 2169 4699 tur.
2202 4639 2562 4699 Ollenderunt'
2590 4639 2751 4713 porro
2796 4639 2898 4698 illic
2944 4659 3101 4697 aures
3144 4639 3502 4713 Rittershusii,
3548 4640 3639 4708 qui

2069 4716 2186 4769 illas
2213 4715 2327 4769 sine
2356 4711 2675 4768 detrimento
2702 4714 2980 4767 sententia:
3023 4713 3220 4766 rectius
3268 4711 3455 4764 abesse
3483 4724 3640 4778 posse

2068 4792 2238 4854 putat.
2281 4781 2499 4854 Gaudeo
2526 4782 3048 4854 coujrccturagrnuejus
3089 4779 3640 4854 firmarinuctoritatc

2067 4847 2308 4909 codicum
2349 4847 2688 4907 Corbeiensis
2731 4860 2786 4906 et
2813 4847 3125 4912 Colbértini,
3156 4851 3249 4918 qui
3283 4848 3488 4903 duabus
3536 4847 3640 4902 illis

2067 4923 2287 4978 vocibus
2313 4930 2515 4976 carent.

2144 4990 2163 5028 τ
2293 4991 2476 5061 Syrus.

2140 5070 2166 5107 ε
2205 5059 2260 5114 1η
2290 5052 2409 5114 aliis
2436 5060 2775 5123 cditionibus,
2803 5059 2929 5125 quin
2959 5056 3119 5109 etiam
3150 5052 3525 5125 inAPithmana,
3557 5054 3638 5125 sic

2067 5130 2263 5201 legitur
2292 5147 2305 5183 :
2340 5128 2405 5181 Et
2425 5131 2567 5201 quia,
2588 5140 2643 5201 ut
2678 5122 2765 5182 ille
2804 5122 2895 5190 ait,
2915 5126 3098 5201 aliena
3127 5122 3497 5201 nobisnnostra
3524 5123 3640 5201 plus

2065 5189 2667 5278 aliisplacentfftccedit
2694 5213 2886 5278 quoque
2908 5194 3066 5278 illud,
3086 5201 3192 5278 etc.
3221 5189 3423 5278 Dpinor
3447 5189 3639 5278 Iautern

2032 5272 2047 5281 ·
2067 5261 2333 5322 nemiuem
2355 5268 2622 5335 ambigere
2645 5261 2772 5335 quin
2804 5261 3135 5335 emendatior
3162 5263 3423 5335 habeatur
3447 5261 3534 5316 hic
3561 5262 3640 5335 lo—

2065 5352 2160 5391 cus
2198 5339 2252 5389 in
2282 5337 2465 5391 codice
2500 5331 2839 5400 Corbéiensi,
2868 5349 3027 5404 quem
3052 5332 3195 5388 bona
3242 5331 3343 5387 lide
3370 5331 3638 5401 expressi-

2067 5421 2370 5539 m‘ilsdufra,
2395 5488 2513 5545 pag.
2546 5474 2615 5527 25
2647 5493 2659 5527 :
2684 5472 2794 5528 Nec
2815 5489 2942 5545 pene
2959 5474 3100 5542 prius
3119 5454 3379 5543 peractum
3397 5476 3475 5523 est
3501 5469 3636 5541 faci-

2069 5560 2164 5614 nus
2211 5546 2526 5614 peccantium
2571 5561 2724 5612 quam
2741 5544 3094 5614 _ulciscerctur
3147 5557 3294 5614 pressa
3351 5549 3639 5607 peccatum,

2074 5611 2379 5668 Vide'notas
2403 5615 2467 5667 ad
2500 5613 2698 5682 Lupum
2731 5612 2960 5678 Petram,
2993 5625 3113 5681 pag.
3143 5611 3264 5664 L73.
