4036 6180
341 238 415 299 43
1490 231 1576 298 DE
1614 225 2139 298 aestimatione
2182 224 2286 289 ora
2328 222 2449 289 Litt.
2492 226 2531 290 t.
3554 227 3623 285 ts

342 370 436 416 tur
465 375 624 431 pinna
661 358 981 430 peccantes?
1020 356 1087 410 Et
1119 365 1296 412 tamen
1327 371 1447 413 cum
1478 357 1656 413 omnis
1704 354 1933 426 populus
1965 355 2005 410 Α
2036 358 2084 402 et
2106 348 2232 403 Abiu
2255 349 2350 419 filii
2375 351 2546 402 Aaron
2573 346 2863 415 tlmribulis,
2881 355 3162 418 possemut
3190 347 3360 419 ignem
3382 353 3432 401 et
3452 347 3621 401 incen-

344 471 472 512 reus
509 454 688 519 fuerit,
720 469 817 509 cur
855 467 979 507 uan'
1003 459 1087 506 est
1117 451 1169 505 in
1200 466 1391 506 omnes
1432 451 1594 505 missa
1623 449 1938 504 damnatio?

347 546 482 613 Quia
512 546 634 615 pius
660 544 869 600 scilicet
897 542 1155 597 Dominus
1184 550 1396 610 partem
1424 541 1696 611 percussit
1715 546 1937 595 senten-

346 638 438 690 tia‘
465 651 573 689 sua:
601 633 801 702 gladio,
844 642 903 687 ut
933 641 1139 702 partem
1171 633 1469 700 corrigeret
1497 630 1764 701 exemplo,
1797 645 1936 699 pra:-

345 728 609 794 beretque
655 725 907 779 omnibus
956 723 1115 779 simul
1161 730 1217 777 et
1243 721 1547 778 coercendo
1574 737 1856 777 censuram
1884 730 1941 774 et

349 816 673 884 indulgendo
704 816 979 883 pietatem.
1034 813 1273 869 Censura
1301 814 1446 869 enim
1476 812 1575 866 fuit
1599 812 1744 881 quod
1772 813 1938 867 casti-

347 908 515 976 gavit,
553 907 725 976 pietas
751 905 895 976 quod
924 906 1164 975 pepercit
1196 923 1208 957 :
1239 904 1485 973 quamvis
1522 913 1810 972 utrumque
1838 903 1939 957 im—

346 998 468 1068 pari
497 996 677 1051 modo.
726 993 852 1050 Plus
880 995 1144 1064 siquidem
1201 1004 1330 1051 tunc
1382 995 1570 1064 pietati
1623 993 1807 1048 datum
1857 1000 1940 1047 est

347 1103 510 1156 quam
540 1088 836 1142 severitati.
886 1085 1011 1140 Ideo
1041 1087 1245 1155 utique,
1276 1085 1403 1154 quia
1430 1099 1553 1140 cum
1582 1082 1936 1151 indulgeatis-

345 1179 517 1231 simus
546 1177 803 1231 Dominus
832 1176 1241 1245 propensiorem
1275 1190 1334 1229 se
1362 1189 1577 1243 semper
1603 1172 1936 1226 miserationi

347 1276 569 1336 pnestet
589 1282 748 1335 quam
780 1267 989 1330 ultioni,
1021 1267 1146 1321 licet
1174 1266 1226 1319 in
1258 1265 1556 1321 coercenda
1584 1271 1710 1319 tunc
1729 1262 1937 1318 Judaici

347 1361 622 1414 exercitus
661 1369 813 1429 parte
837 1359 1041 1428 judicio
1072 1374 1134 1414 ac
1164 1358 1436 1412 severitati
1478 1371 1706 1411 censura
1756 1356 1933 1408 divina

348 1450 550 1519 aliquid
580 1450 903 1514 attribuerit,
938 1448 1199 1515 majorem
1245 1457 1422 1502 tamen
1466 1448 1568 1501 sibi
1599 1446 1782 1516 populi
1812 1461 1938 1515 por-

349 1541 553 1594 tionem
577 1540 752 1609 pietas
780 1539 1068 1594 vindicavit
1102 1558 1113 1590 :
1146 1538 1455 1609 specialiter
1482 1537 1698 1606 quidem
1728 1536 1851 1601 hoc,
1882 1544 1938 1590 et

350 1629 613 1697 peculiari
665 1638 795 1683 tunc
840 1628 1136 1683 innumerze
1191 1629 1364 1698 plebis
1419 1627 1823 1692 misericordia;
1867 1641 1937 1679 ne

2038 457 2152 494 sum
2176 442 2410 511 desuper,
2429 441 2703 510 u/ferentes
2730 457 2902 495 eorum
2930 439 3151 495 Domin‘o
3173 441 3339 512 ignem
3362 440 3585 495 alienum
3605 460 3622 495 :

2039 532 2174 603 quod
2200 534 2276 586 eis
2303 540 2615 603 praeceptum
2636 548 2735 586 non
2763 540 2893 585 erat.
2914 529 3268 603 Egressusque
3293 532 3429 603 ignis
3459 549 3489 584 a
3512 532 3622 587 Do-
3678 548 3681 553 '
3772 514 3776 523 ’

2039 626 2198 686 mino,
2218 623 2479 678 devoravit
2499 640 2608 687 eos,
2632 632 2680 677 et
2702 625 2891 677 mortui
2910 632 3028 677 sunt
3055 641 3230 677 coram
3252 624 3477 680 Domino
3509 624 3623 697 (Le-

2038 718 2127 769 vit.
2153 733 2205 781 x,
2231 716 2280 780 i,
2306 715 2381 785 2).
2414 715 2548 782 Quid
2577 716 2721 769 enim
2751 715 2895 769 aliud
2917 730 3076 783 quam
3100 724 3370 770 extentam
3397 721 3500 788 25
3528 735 3620 772 su-

2040 823 2139 877 per
2153 823 2249 861 nos
2263 807 2538 862 dexteram
2555 823 2706 863 suam
2726 816 2781 862 et
2797 809 3164 863 imminentem
3177 808 3377 877 jugiter
3390 812 3622 878 gladium

2040 900 2209 954 voluit
2235 900 2639 968 ostendere,qui
2656 916 2896 956 errorem
2917 901 3347 969 supradictorum
3370 903 3548 956 statim
3573 904 3621 957 in

2040 993 2156 1061 ipso
2178 1006 2343 1063 opere
2365 994 2588 1063 punivit,
2622 1009 2721 1048 nec
2748 1008 2886 1064 pene
2915 994 3061 1063 prius
3088 1000 3365 1062 peractum
3391 1001 3472 1048 est
3500 993 3622 1047 faci-

2038 1098 2141 1136 nus
2168 1085 2525 1152 peccantium,
2557 1098 2718 1153 quam
2746 1085 3097 1139 ulcisceretur
3122 1100 3280 1155 pmua
3309 1087 3621 1156 peccatum!

2039 1172 2293 1239 Quamvis
2315 1190 2420 1230 non
2446 1175 2498 1229 id
2520 1183 2726 1230 tantum
2748 1176 2803 1230 in
2824 1177 2925 1231 hac
2946 1191 3005 1230 re
3034 1184 3210 1230 actum
3233 1178 3320 1241 sit,
3336 1177 3430 1230 sed
3459 1177 3620 1230 etiam

2041 1265 2207 1318 multa
2243 1267 2365 1319 alia.
2391 1264 2524 1319 Cum
2559 1267 2702 1319 enim
2733 1268 2787 1320 in
2818 1267 2921 1321 illis
2953 1275 3079 1322 ttmc
3110 1283 3215 1322 non
3260 1283 3413 1320 mens
3443 1268 3621 1337 impia,

2040 1356 2135 1410 sed
2176 1356 2404 1410 facilitas
2432 1357 2652 1410 nimium
2673 1358 2974 1412 inconsulta
3003 1359 3189 1427 punita
3219 1358 3304 1423 sit,
3332 1358 3623 1413 declaravit

2040 1447 2282 1517 profecto
2304 1449 2559 1504 Dominus
2589 1465 2697 1518 quo
2718 1451 2979 1520 supplicio
3002 1451 3144 1518 digni
3168 1458 3347 1505 essent
3375 1451 3464 1519 qui
3489 1465 3623 1505 con-

2039 1546 2248 1608 temptu
2277 1539 2581 1596 Divinitatis
2603 1541 2804 1610 aliquid
2825 1541 3190 1605 admitterent,
3214 1540 3430 1609 quando
3459 1543 3621 1594 etiam

2039 1632 2111 1685 illi
2140 1634 2380 1701 percussi
2409 1649 2440 1687 a
2470 1633 2583 1688 Deo
2612 1638 2796 1688 essent
2832 1634 2923 1703 qui
2952 1634 3065 1687 sola
3094 1633 3290 1687 mentis
3320 1631 3623 1687 inconside-

349 1734 543 1774 omncs
588 1719 793 1774 scilicet
834 1733 974 1787 quos
1020 1726 1203 1774 reatus
1248 1719 1726 1788 complectebatur,
1776 1732 1936 1787 paena
1973 1721 2009 1775 ll
2041 1723 2252 1777 ratione
2282 1733 2613 1792 peccassent,
2656 1732 2748 1778 aut
2773 1738 2936 1793 quam
2974 1725 3053 1778 rei
3083 1732 3265 1777 essent
3293 1723 3386 1791 qui
3432 1730 3621 1776 contra

347 1818 710 1864 consumeret.
744 1808 1012 1864 Caeterum
1041 1823 1167 1877 erga
1187 1810 1448 1878 quasdam
1471 1825 1750 1878 personas,
1775 1817 1833 1863 ut
1862 1809 1941 1865 le-

348 1902 548 1968 gimus,
581 1916 644 1955 ac
671 1900 897 1955 familias
916 1915 1145 1955 censura
1166 1900 1263 1954 Dei
1292 1901 1638 1970 inexorabilis
1660 1908 1773 1965 est;
1801 1901 1940 1955 sicut

347 1991 503 2055 illud,
534 1993 624 2047 ubi
653 1992 858 2045 otiante
886 1992 1123 2045 sabbatis
1152 1991 1371 2061 populo,
1400 1992 1446 2047 is
1472 1992 1563 2061 qui
1594 1993 1847 2061 colligere
1875 1993 1939 2046 li-

348 2096 457 2150 gna
487 2091 795 2152 usurparat,
820 2083 993 2137 occidi
1010 2082 1231 2152 jubctur
1253 2080 1442 2154 (Num.
1472 2099 1559 2145 xv,
1591 2082 1682 2154 '53)
1712 2101 1724 2136 :
1751 2098 1939 2152 quam-

348 2174 431 2229 vis
477 2177 620 2228 enim
660 2190 797 2243 opus
842 2174 1013 2244 ipsum
1064 2174 1298 2228 hominis
1334 2174 1607 2229 videretur
1636 2174 1935 2238 innoxium,

349 2265 586 2320 faciebat
614 2273 793 2319 tamen
824 2281 949 2319 eum
977 2264 1082 2319 diei
1105 2265 1415 2320 observatio
1445 2265 1817 2320 criminosum.
1844 2264 1939 2320 Vel

348 2370 477 2409 cum
504 2353 711 2409 duobus
741 2355 833 2408 lite
862 2354 1211 2419 certantibus,
1245 2370 1382 2408 unus
1409 2354 1499 2422 qui
1523 2354 1936 2423 blaspltemarat,

346 2452 528 2499 morte
564 2444 837 2498 multatur.
872 2443 979 2514 ﬁli.
1019 2442 1109 2499 Sic
1147 2444 1290 2498 enim
1337 2444 1596 2513 scriptum
1637 2453 1719 2497 est
1752 2462 1764 2495 :
1802 2444 1935 2497 Ecce

346 2548 525 2592 autem
550 2539 692 2608 ﬁlius
714 2538 944 2591 mulieris
969 2536 1286 2591 lsraelitidis
1314 2553 1462 2609 quem
1483 2545 1751 2607 pepererat
1785 2536 1846 2589 de
1868 2539 1942 2590 vi-

346 2646 410 2683 ro
438 2627 695 2700 ﬁgyptio
724 2630 860 2681 inter
900 2628 1036 2697 ﬁlios
1067 2626 1256 2691 Israel,
1291 2628 1535 2699 jurgatus
1573 2637 1647 2681 est
1676 2629 1727 2681 in
1758 2629 1942 2680 castris

348 2735 473 2774 eum
508 2720 616 2773 viro
643 2718 903 2774 Israelita.
936 2717 1163 2791 Cumque
1190 2718 1593 2789 blaspltemasset
1620 2736 1805 2772 nomen
1831 2718 1941 2772 Do-

2033 1814 2331 1882 jussionem
2363 1815 2573 1869 Domini
2601 1815 2684 1868 sui
2705 1813 2960 1879 facerent,
2994 1829 3117 1869 cum
3138 1815 3303 1868 etiam
3332 1813 3406 1867 illi
3446 1813 3623 1867 taliter

2039 1910 2404 1976 plecterentur
2423 1908 2515 1976 qui
2541 1907 2743 1976 injussa
2765 1907 3034 1963 fecissent.
3060 1907 3230 1961 Porro
3252 1915 3434 1960 autem
3461 1904 3622 1959 etiam

2038 2013 2103 2051 cx
2134 1999 2239 2054 hoc
2267 2000 2551 2054 consulere
2581 1999 2722 2054 Deus
2752 1999 2920 2053 voluit
2950 2005 3148 2053 nostra:
3177 1996 3501 2052 correctioni
3529 2010 3624 2065 per

2038 2106 2321 2144 censuram
2348 2091 2580 2145 salubris
2608 2091 2862 2159 exempli,
2895 2098 2953 2143 ut
2987 2104 3177 2143 omnes
3205 2089 3329 2143 laici
3360 2087 3624 2155 intellige-

2041 2188 2162 2235 rent
2190 2190 2451 2249 quantum
2482 2182 2617 2235 iram
2640 2182 2736 2236 Dei
2762 2181 2952 2235 timere
2981 2180 3258 2247 deberent,
3285 2196 3404 2234 cum
3429 2195 3459 2232 a
3496 2193 3625 2253 prm-

2039 2273 2179 2326 senti
2220 2287 2381 2342 pmna
2419 2270 2558 2328 ﬁlios
2604 2271 2899 2327 sacerdotis
2945 2287 3045 2327 nec
3094 2272 3342 2325 meritum
3385 2270 3622 2340 parentis

2042 2364 2294 2432 eriperet,
2328 2378 2427 2418 nec
2457 2364 2741 2417 ministerii
2772 2363 2910 2417 sacri
2944 2361 3280 2431 privilegium
3306 2361 3619 2415 vindicaret.

2042 2452 2149 2507 Sed
2194 2453 2323 2523 quid
2372 2468 2473 2521 ego
2522 2453 2588 2508 de
2636 2454 2717 2524 liis
2764 2452 2886 2506 dico
2914 2467 3143 2521 quorum
3168 2450 3621 2506 inconsiderantia

2041 2543 2436 2613 quodammodo
2468 2543 2635 2598 Deum
2680 2545 2853 2612 tetigit
2889 2550 2943 2598 et
2971 2544 3036 2598 ad
3063 2544 3336 2599 cmlestem
3377 2544 3622 2611 injuriam

2043 2636 2392 2691 redundavit?
2432 2636 2599 2691 Maria
2629 2648 2817 2691 contra
2847 2636 3067 2707 Moysen
3099 2636 3353 2705 loquitur,
3386 2643 3441 2688 et
3469 2635 3622 2705 puni-

2046 2734 2162 2791 tur;
2196 2742 2295 2781 nec
2320 2727 2540 2797 punitur
2570 2734 2795 2789 tantum,
2836 2726 2932 2781 sed
2969 2726 3156 2795 judicii
3204 2741 3355 2781 more
3382 2726 3621 2795 punitur.

344 2820 505 2883 mini,
532 2827 583 2870 et
609 2815 971 2870 maledixtsset
998 2814 1066 2877 ei,
1094 2810 1349 2864 adduetus
1390 2819 1467 2863 est
1494 2809 1564 2863 ad
1590 2808 1804 2881 Moysen
1830 2810 1939 2881 (Le-

2046 2814 2281 2871 Primum
2307 2818 2449 2872 enim
2479 2817 2547 2871 ad
2569 2817 2829 2885 judicium
2856 2825 3097 2883 vocatur,
3142 2816 3335 2871 deinde
3360 2816 3620 2885 arguitur,

344 2911 423 2965 vit
472 2924 619 2970 xxxv,
644 2907 724 2969 10,
744 2906 852 2974 ll).
870 2904 937 2959 Et
958 2904 1120 2973 paulo
1149 2901 1600 2973 postzdliserunt,
1617 2902 1806 2969 inquit,
1828 2918 1939 2955 eum

2046 2910 2206 2962 tertio
2226 2909 2556 2964 verberatur.
2580 2909 2638 2964 ln
2660 2908 3030 2977 objurgatione
3051 2909 3248 2985 excipit
3275 2908 3379 2961 vim
3406 2916 3626 2961 senteua

337 3001 403 3055 in
425 3016 704 3063 carcerem,
727 2998 889 3051 donec
911 2996 1140 3050 viderent
1161 2996 1284 3067 quid
1305 2996 1511 3065 juberet
1531 2994 1806 3049 Dominus.
1842 2992 1941 3059 Qui
2047 3001 2153 3066 tite,
2196 3000 2247 3053 in
2294 2999 2442 3069 lepra
2484 3001 2912 3070 autem‘patitur
2952 3000 3219 3069 piaculum
3268 2999 3565 3053 criminosa:
3607 3015 3621 3051 :

345 3093 553 3148 locutus
567 3089 726 3144 estad
752 3087 992 3158 Moysen,
1012 3087 1230 3141 dicens:
1250 3085 1403 3139 Educ
1424 3086 1777 3157 blasphemum
1797 3097 1945 3141 extra
1972 3077 2016 3136 C
2046 3093 2294 3161 quamvis
2312 3092 2570 3147 coercitio
2593 3091 2888 3147 istiusmodi
2911 3107 3016 3145 non
3041 3090 3262 3145 Mariam
3286 3097 3510 3153 tantum,
3533 3088 3624 3143 sed

341 3192 551 3245 castra,
573 3190 623 3234 et
644 3189 838 3251 ponant
865 3194 1039 3232 omnes
1069 3178 1153 3248 qui
1184 3176 1458 3230 audierunt
1475 3192 1662 3230 manus
1683 3194 1835 3247 super
1855 3194 1945 3230 ca-

342 3283 441 3336 put
459 3272 595 3342 ejus,
611 3281 661 3324 et
675 3270 868 3341 lapidet
888 3286 1003 3323 eum
1035 3268 1254 3340 populus
1273 3269 1543 3322 universus
1560 3266 1722 3339 (Ibid.
1740 3268 1851 3321 12-1
1862 3268 1939 3340 4).

344 3362 606 3430 Nunquid
645 3376 754 3415 non
795 3374 1034 3431 praesens
1063 3359 1159 3413 Dei
1197 3366 1280 3414 est
1321 3357 1771 3427 manifestumque
1795 3358 1939 3427 judi-

346 3453 518 3515 cium,
549 3459 604 3506 et
632 3451 840 3520 prolata
870 3452 1022 3519 quasi
1056 3449 1212 3519 juxta
1254 3450 1476 3504 humani
1523 3451 1789 3505 examinis
1830 3450 1941 3505 for-

349 3560 499 3599 mam
538 3544 744 3599 cmlesti
784 3543 1177 3612 disceptatione
1226 3541 1533 3597 sententia?
1562 3540 1821 3606 Primum,
1853 3543 1945 3611 qui

346 3645 675 3709 peccaverat
696 3637 1116 3706 comprehensus
1141 3643 1257 3701 est;
1288 3633 1547 3701 secundo,
1578 3636 1733 3705 quasi
1764 3634 1830 3688 ad
1852 3635 1946 3689 tri-

349 3729 521 3783 bunal
550 3727 834 3793 adductus;
869 3727 1048 3793 tertio,
1081 3735 1395 3793 accusatus;
1426 3727 1622 3783 deinde
1662 3728 1717 3781 in
1758 3743 1945 3782 carce-

348 3837 472 3877 rem
517 3821 739 3885 missus;
782 3830 1077 3891 postremo,
1120 3820 1358 3878 ccclesiis
1393 3822 1580 3891 judicii
1627 3822 1948 3878 auctoritate

347 3918 600 3988 punitus.
633 3913 800 3970 Porro
830 3924 1011 3969 autem
1041 3930 1148 3970 non
1176 3914 1394 3984 punitus
1424 3920 1648 3981 tantum,
1672 3914 1768 3970 sed
1795 3915 1949 3984 puni-

350 4016 447 4059 tus
491 4006 591 4059 sub
639 4004 979 4070 testimonio;
1029 4013 1088 4058 ut
1127 4004 1385 4059 damnare
1424 4004 1630 4059 scilicet
1675 4004 1950 4059 videretur

350 4114 514 4153 reum
530 4097 750 4165 jnstitia,
779 4112 885 4150 non
913 4103 1152 4165 potestas
1171 4114 1183 4148 :
1203 4096 1452 4166 exemplo
1476 4096 1675 4152 scilicet
1700 4096 1767 4150 ad
1785 4107 1951 4151 ncun-

348 4202 572 4246 ctorum
614 4189 1043 4245 emendationem
1074 4187 1408 4258 proﬁciente,
1450 4195 1603 4243 utne
1646 4189 1767 4257 quis
1796 4197 1946 4259 post-

348 4298 421 4337 ea
465 4280 777 4335 admitteret
826 4279 973 4348 quod
1018 4280 1195 4335 omnis
1239 4282 1294 4335 in
1334 4296 1441 4335 uno
1488 4280 1719 4350 populus
1774 4279 1947 4334 vindi-

347 4381 554 4428 casset.
606 4370 716 4426 [lac
746 4372 907 4440 igftur
935 4370 1147 4425 ratione
1175 4379 1337 4439 atque
1360 4370 1565 4439 judicio
1595 4371 1774 4425 omnia
1804 4371 1947 4425 Deus

2047 3183 2210 3238 etiam
2242 3183 2509 3238 Aaronem
2537 3183 2918 3245 ltumiliaverit,
2951 3183 3077 3251 quia
3109 3182 3210 3236 etsi
3237 3180 3524 3236 deformari
3548 3182 3626 3236 lc-

2043 3288 2143 3343 pra
2174 3290 2439 3329 summum
2475 3276 2769 3330 antistitem
2809 3291 2914 3329 non
2954 3275 3211 3343 oportuit,
3245 3281 3300 3327 et
3344 3275 3517 3343 ipsum
3547 3282 3627 3327 ta-

2046 3381 2170 3421 men
2202 3366 2414 3420 Domini
2453 3367 2736 3434 castigatio
2767 3364 3054 3433 ﬂagellavit
3101 3383 3113 3417 :
3161 3379 3261 3419 nec
3297 3365 3470 3419 solum
3504 3365 3625 3427 hoc,

2046 3457 2140 3512 sed
2169 3459 2223 3511 in
2244 3471 2457 3527 pmnam
2479 3472 2638 3526 quam
2662 3456 2826 3510 Maria
2856 3458 3077 3525 patitur,
3103 3455 3283 3511 Aaron
3313 3456 3475 3509 etiam
3498 3470 3628 3524 qua-

2046 3550 2089 3603 si
2132 3549 2301 3618 culpte
2343 3549 2614 3617 particeps
2662 3555 2960 3602 coercetur.
2995 3545 3162 3600 Maria
3191 3547 3336 3600 enim
3367 3546 3629 3617 supplicio

2047 3640 2293 3707 adicitur,
2315 3650 2372 3695 ut
2390 3642 2567 3695 Aaron
2590 3639 2906 3695 confusione
2936 3640 3241 3694 mulctetur.
3261 3638 3430 3693 Porro
3452 3646 3631 3692 autem

2047 3741 2106 3787 ut
2133 3734 2517 3789 inexorabilem
2545 3734 2595 3786 in
2625 3732 2941 3800 quibusdam
2965 3744 3377 3800 agnosceremus
3405 3728 3632 3784 formam

2049 3823 2212 3877 divini
2242 3839 2360 3878 esse
2400 3822 2607 3892 judicii,
2641 3824 2843 3893 2311c
2885 3822 3027 3877 illius
3066 3822 3283 3890 quidem
3332 3821 3633 3876 intercessu

2049 3918 2140 3987 qui
2178 3919 2335 3973 laesus
2356 3916 2531 3971 fuerat
2558 3915 2798 3971 indulsit.
2830 3915 2920 3970 Sic
2946 3916 3089 3970 enim
3114 3915 3340 3984 legimus
3369 3915 3437 3968 ad
3465 3915 3634 3968 Aaro-

2051 4022 2170 4062 nem
2200 4014 2254 4061 et
2285 4005 2508 4061 Mariam
2531 4007 2729 4061 dixisse
2765 4005 3051 4061 Dominum
3085 4024 3096 4058 :
3132 4003 3305 4070 Quare
3334 4007 3490 4076 igitur
3532 4018 3632 4059 non

2050 4099 2265 4151 timuisti
2296 4098 2564 4151 detrahere
2597 4114 2742 4151 servo
2771 4114 2883 4152 meo
2932 4096 3137 4167 Moysi?
3182 4097 3444 4166 iratusque
3484 4095 3630 4148 abiit.

2051 4187 2120 4241 Et
2144 4205 2258 4242 ecce
2288 4188 2460 4242 Maria
2493 4190 2734 4258 appamit
2759 4188 2986 4241 candens
3016 4188 3157 4256 lepra
3185 4187 3332 4257 quasi
3371 4187 3491 4249 nix;
3522 4186 3634 4239 clu-

2050 4280 2302 4350 maritque
2325 4278 2529 4350 Moyses
2551 4278 2620 4332 ad
2641 4276 2921 4338 Dominum
2946 4278 3120 4329 dicens
3145 4294 3160 4329 :
3188 4275 3431 4336 Obsecro,
3455 4276 3633 4330 Denti-

2050 4391 2133 4436 ne,
2168 4391 2294 4427 smm
2323 4389 2455 4425 eam.
2490 4368 2583 4423 Cui
2616 4368 2880 4439 respondit
2922 4366 3168 4421 Dominus
3199 4383 3216 4419 :
3249 4364 3308 4420 Si
3337 4376 3483 4437 pater
3522 4366 3634 4437 ejus

347 4475 410 4520 et
456 4480 600 4518 nunc
644 4465 753 4531 agit
781 4471 836 4518 et
863 4477 1080 4531 semper
1118 4462 1245 4529 egit,
1277 4462 1485 4517 scilicet
1524 4469 1583 4516 ut
1622 4463 1945 4517 correctioni
1980 4442 2026 4500 D
2052 4468 2269 4537 spuisset
2312 4466 2366 4518 iu
2400 4464 2588 4535 faciem
2624 4462 2784 4525 illius,
2819 4477 2916 4514 non
2954 4458 3196 4514 debuerat
3238 4461 3420 4512 saltem
3462 4459 3632 4512 decem

346 4559 601 4612 omnium
630 4555 918 4625 proﬁceret
944 4555 1205 4624 quidquid
1233 4555 1427 4623 singuli
1456 4555 1826 4624 pertulissent.
1861 4553 1947 4609 Si-

341 4656 448 4705 cut
478 4649 642 4704 etiam
671 4656 726 4701 et
756 4647 882 4702 illud
911 4646 1030 4711 fuit,
1063 4663 1185 4702 cum
1216 4647 1354 4701 Abiu
1382 4655 1437 4702 et
1457 4646 1663 4714 Nadab,
1688 4648 1943 4704 sacerdo-

348 4735 491 4789 talis
536 4736 822 4805 sanguinis
876 4736 1002 4800 viri,
1049 4737 1259 4792 cmlesti
1298 4739 1421 4806 igne
1457 4741 1767 4808 consumpti
1814 4748 1944 4794 sunt

348 4826 548 4899 (Nam.
568 4825 826 4894 “H.613
848 4825 1648 4895 Levit.x.i;lParal.xxlv,2l;
1678 4829 1947 4897 inquibus

339 4918 542 4983 utique
571 4931 680 4969 non
718 4915 980 4983 judicium
1011 4925 1240 4983 tantum,
1274 4917 1369 4973 sed
1398 4934 1638 4988 prmsens
1679 4918 1819 4976 Deus
1847 4937 1939 4976 os-

337 5007 579 5063 tendere
633 5007 801 5062 voluit
856 5008 1279 5080 impendensque
1324 5008 1605 5079 judicium.
1659 5012 1748 5067 Sic
1794 5014 1938 5068 enim

336 5101 614 5169 scriptum
652 5106 735 5153 est
761 5098 905 5168 quod
930 5116 1052 5156 cum
1082 5114 1329 5170 egressus
1358 5102 1494 5171 ignis
1526 5118 1554 5157 a
1587 5103 1815 5158 Domino
1844 5105 1939 5160 dc—

336 5196 598 5246 vorasset
620 5189 991 5246 holocaustum
1026 5188 1213 5264 (Leuit.
1239 5210 1312 5259 ιχ,
1342 5193 1457 5267 24),
1490 5197 1711 5266 arreptis
1740 5195 1933 5253 Nadab

2051 4557 2247 4610 dierum
2277 4553 2461 4609 rubore
2498 4552 2762 4621 stt/fundi?
2791 4550 3074 4622 Separetur
3102 4560 3292 4619 septem
3334 4551 3510 4605 diebus
3539 4568 3634 4604 ex-

2047 4659 2131 4702 tra
2170 4657 2361 4712 castra,
2408 4655 2458 4700 et
2496 4653 2676 4716 postea
2713 4641 3033 4697 revocabitur
3064 4640 3256 4712 (Nam.
3303 4655 3408 4706 xu,
3446 4641 3629 4713 8-H).

2048 4736 2329 4793 Sufﬁciunt
2370 4737 2532 4803 igitur
2558 4735 2627 4789 de
2669 4734 2774 4787 hoc
2800 4746 2997 4801 genere
3035 4731 3314 4787 divisionis
3343 4733 3491 4788 etde
3532 4733 3634 4789 bac

2047 4837 2203 4900 parte
2232 4827 2494 4881 sermonis
2520 4826 2621 4879 ista
2650 4837 2769 4892 qum
2797 4822 3045 4876 diximus.
3080 4820 3348 4876 Inﬁnitum
3378 4824 3520 4878 enim
3550 4831 3633 4877 est

2049 4920 2115 4974 de
2144 4918 2391 4974 omnibus
2420 4916 2713 4985 disputare,
2739 4928 2859 4983 qure
2901 4913 3060 4968 nimis
3102 4914 3318 4983 longum
3349 4924 3431 4969 est
3470 4916 3633 4970 etiam

2047 5012 2164 5065 sine
2192 5009 2557 5079 disputatione
2578 5022 2882 5062 numerare.
2907 5006 3014 5064 Sed
3035 5007 3208 5063 adhuc
3230 5019 3407 5063 tamen
3429 5009 3634 5078 aliquid

2047 5104 2327 5159 addamus.

2115 5194 2227 5249 XII.
2267 5191 2498 5248 Pmnitet
2536 5196 2751 5260 gentem
2781 5189 3128 5248 llebrrcorum
3167 5192 3234 5248 de
3274 5188 3513 5266 Egypto
3544 5209 3630 5248 rc—

1553 5330 1890 5389 STEPiIANl
1928 5333 2197 5390 BALUZII
2234 5330 2460 5388 NOTIE.

414 5449 444 5477 ⁸
482 5436 650 5503 lnlra,
679 5452 802 5508 pag.
835 5435 904 5490 27
935 5455 947 5491 :
983 5434 1049 5491 Ut
1078 5439 1350 5508 proﬁceret
1373 5450 1669 5496 cunctorum
1697 5442 1940 5496 emenda-

330 5510 474 5565 tioni
520 5525 671 5579 pana
699 5509 928 5580 onmium
954 5511 1242 5580 noxiorum.
1287 5508 1355 5564 Et
1396 5511 1486 5564 lib.
1520 5525 1619 5573 vn.
1651 5524 1771 5580 pag.
1805 5511 1925 5575 156,

334 5577 545 5635 nidum
567 5596 690 5649 pars
717 5577 873 5649 clade
888 5578 1121 5641 avditur,
1153 5596 1275 5649 pars
1295 5581 1526 5649 exemplo
1548 5577 1922 5635 emendurctur.

326 5648 581 5717 Tacitus,
616 5650 703 5703 lib.
736 5665 823 5703 xw
851 5648 1131 5702 Annalium
1165 5667 1176 5702 :
1211 5648 1457 5721 Magnum
1480 5651 1764 5719 exemplum
1792 5652 1927 5719 quod

2047 5453 2228 5496 contra
2256 5441 2485 5512 singulos
2527 5439 2752 5495 utilitate
2793 5440 2999 5512 publica
3043 5439 3376 5511 rependitur:
3413 5441 3631 5512 quando

2036 5514 2240 5582 scilicet
2262 5509 2501 5567 decimus
2529 5509 2906 5582 quisqtte_i'usti
2927 5509 3112 5582 feritur
3139 5512 3189 5563 in
3213 5512 3470 5566 exercitu.
3497 5509 3629 5567 Vide

2040 5578 2451 5638 Rittershusium
2474 5578 2722 5637 adistuin
2753 5580 2988 5635 Salviani
3016 5580 3213 5635 locum.
