4006 6182
500 284 554 338 ιτ
1476 287 1532 345 S.
1575 288 1889 346 SALVIANI
1927 259 2849 354 MASSILIENSIS.PRESBYTER!
3665 288 3734 357 ἐς

485 396 710 453 ωεείεεε
735 394 930 470 (Exod.
958 395 1088 488 xvi),
1115 396 1440 467 percutitur;
1463 397 1610 454 dolet
1632 398 1830 454 deinde
1856 399 2064 470 fatigari
2096 411 2136 463 Λ
2173 410 2283 458 tum
2340 404 2566 461 interﬁci
2598 405 2737 461 Deus
2780 408 2945 461 voluit
2968 448 2981 471 ,
3013 407 3095 460 hic
3138 414 3507 470 tantummodo
3536 424 3746 488 portio-

480 505 540 545 se
566 489 751 544 labore
780 490 1004 554 itineris,
1030 487 1308 557 afﬂigitur;
1340 504 1529 544 carnes
1555 491 1845 558 desiderat,
1878 492 2065 548 verbe-

478 592 646 638 ratur.
677 582 746 637 Et
775 584 899 651 quia
934 582 1175 651 quotidie
1205 597 1455 638 mannam
1484 584 1650 639 edens
1676 586 1895 656 explere
1923 587 2060 641 inle-

475 674 651 729 cebris
678 674 827 744 cupit
854 674 1056 728 ventris
1086 673 1393 743 ingluviem,
1441 683 1627 745 optata
1655 677 1871 745 quidem
1912 678 2062 748 cupi-

471 765 638 821 ditate
670 772 978 833 saturatur,
1020 765 1113 822 sed
1168 767 1220 820 in
1270 766 1381 836 ipsa
1426 773 1606 821 tamen
1633 769 1915 824 saturitate
1944 778 2059 824 tor-

469 865 684 926 quetur.
726 857 907 911 Adhuc
961 859 1127 923 enim,
1170 858 1343 927 inquit
1370 859 1644 930 Scriptura
1664 900 1680 925 ,
1709 877 1826 915 esca
1862 871 1974 915 erat
2001 863 2055 914 in

466 965 557 1002 ore
581 951 829 1021 ipsorum,
861 957 911 1001 et
937 950 1017 1002 ira
1044 947 1137 1003 Dei
1158 950 1390 1003 ascendit
1416 951 1472 1003 in
1499 968 1604 1006 eos.
1640 950 1708 1004 Et
1727 952 1914 1006 occidit
1940 954 2056 1021 plu-

464 1041 625 1095 rimas
653 1055 850 1102 eorum,
882 1047 932 1094 et
958 1040 1144 1094 electos
1172 1039 1344 1095 Israel
1370 1042 1632 1112 impedivit
1654 1035 1825 1114 (Psal.
1852 1061 2048 1111 Lxxvn,

465 1132 551 1197 50,
596 1132 709 1201 51).
761 1130 840 1201 Og
887 1141 1074 1188 contra
1120 1132 1342 1204 Moysen
1385 1135 1647 1199 rebellat,
1696 1135 2053 1204 exstinguitur

464 1223 641 1294 (Deut.
669 1223 767 1295 ιιι).
792 1222 931 1279 Core
953 1224 1300 1288 conviciator,
1326 1225 1590 1279 obruitur.
1613 1225 1819 1278 Dathan
1849 1234 1903 1280 et
1932 1227 2052 1281 Abi-

460 1331 560 1370 ron
593 1323 960 1379 murmurant,
993 1315 1321 1370 devci-antur
1367 1314 1553 1384 (Num.
1589 1315 1718 1388 XVI).
1751 1318 1944 1388 Aperta
1971 1328 2048 1373 est

456 1409 614 1473 enim,
640 1408 830 1477 inquit,
855 1416 1012 1473 terra,
1043 1416 1092 1461 et
1123 1407 1387 1479 deglutivit
1406 1408 1703 1475 Dat/tamet
1731 1412 1929 1480 operuit
1956 1426 2045 1480 sy-

456 1516 715 1571 nagogam
762 1497 957 1553 Abiron
989 1499 1162 1571 (Psal.
1195 1515 1280 1565 cv,
1316 1499 1425 1570 17).
1472 1500 1697 1556 Dncenti
1736 1516 1952 1570 quoque
1992 1508 2047 1555 et

455 1591 861 1660 quinquaginta,
893 1598 953 1645 ut
983 1606 1137 1645 sacer
1164 1605 1343 1646 sermo
1373 1594 1623 1656 testatur,
1651 1592 1922 1663 principes
1944 1592 2045 1646 viri

454 1682 545 1751 qui
568 1689 813 1752 tempore
836 1682 1048 1737 concilii
1071 1697 1167 1751 per
1188 1682 1405 1737 nomina
1422 1684 1770 1748 vocabantur,
1788 1699 2041 1739 surrexe-

2170 498 2327 550 nem?
2355 495 2570 552 Scilicet
2597 499 2720 567 quia
2752 499 2939 568 plenus
2968 508 3021 553 et
3062 507 3085 535 "
3111 498 3333 567 justitize
3361 511 3417 558 et
3447 506 3747 562 misericor-

2162 589 2263 643 dia:
2293 589 2568 653 Dominus,
2596 598 2651 643 et
2690 591 2873 659 pietati
2914 606 3023 644 suae
3048 592 3213 647 multa
3243 594 3409 649 donat
3439 611 3537 665 per
3566 597 3745 652 indul-

2161 680 2394 747 gentiam
2420 721 2435 747 ,
2475 689 2528 734 et
2571 680 2594 719 ι)
2633 682 2919 736 severitate
2946 683 3102 751 punit
3148 699 3245 753 per
3289 686 3643 756 disciplinam.
3677 688 3742 743 Et

2159 771 2281 826 ideo
2312 772 2381 825 ibi
2412 772 2659 842 prsestitit
2687 772 2995 842 disciplinae,
3030 783 3089 827 ut
3117 775 3401 844 proliceret
3423 787 3739 833 cunctorum

2156 862 2516 916 emendationi
2548 877 2761 932 poenam
2790 864 3027 917 omnium
3069 862 3383 932 noxim’um;
3434 868 3522 922 hic
3560 879 3739 923 autem

2156 955 2536 1010 misericordiae
2582 972 2692 1011 sua:
2722 957 2927 1020 tribuit,
2975 974 3040 1013 ne
3069 958 3352 1013 universus
3382 960 3608 1029 p0pulus
3645 963 3739 1016 de-

2154 1046 2372 1115 periret.
2398 1044 2465 1099 Ει
2486 1054 2663 1100 tamen
2686 1062 2807 1101 cum
2831 1055 2939 1100 tam
2964 1048 3380 1103 misericorditer
3400 1052 3586 1119 egerit,
3611 1052 3735 1120 quia

2154 1137 2206 1189 in
2235 1144 2388 1206 parte
2414 1137 2585 1207 plebis
2612 1140 2892 1207 castigatio
2927 1142 3088 1195 toties
3115 1143 3342 1211 repetita
3379 1160 3483 1199 non
3512 1144 3733 1215 profuit,

2150 1228 2218 1281 ad
2248 1228 2490 1281 ultimum
2528 1245 2715 1284 omnes
2741 1238 2917 1285 morte
2956 1232 3247 1287 damnavit.
3294 1234 3423 1301 Qua:
3451 1251 3540 1291 res
3585 1248 3641 1290 et
3670 1239 3734 1291 ti.

2149 1321 2286 1373 mori
2316 1327 2371 1375 et
2399 1320 2758 1376 emendationi
2790 1330 2986 1376 nostra:
3014 1324 3171 1378 simul
3200 1325 3462 1394 prolicere
3490 1325 3730 1392 deberet,

2148 1410 2355 1464 scilicet
2383 1425 2452 1465 ne
2478 1411 2568 1479 qui
2598 1411 2813 1466 illorum
2855 1414 3105 1483 exemplo
3132 1416 3345 1484 penitus
3371 1432 3481 1471 non
3509 1418 3726 1485 corrigi-

2148 1515 2288 1565 mur,
2319 1500 2530 1554 illorum
2557 1500 2785 1556 fortasse
2814 1502 2960 1555 exitu
2985 1504 3289 1571 puniamur.
3321 1504 3439 1559 Non
3469 1505 3610 1559 enim
3632 1506 3735 1558 du-

2147 1588 2293 1643 bium
2314 1598 2395 1643 est
2423 1589 2551 1658 quid
2572 1598 2750 1645 actum
2771 1590 2838 1645 de
2866 1591 2944 1645 eis
2973 1591 3151 1646 fuerit.
3183 1593 3317 1647 Nam
3338 1609 3458 1648 cum
3482 1594 3729 1648 universa

2146 1696 2278 1750 gens
2308 1681 2653 1735 Hebraeorum
2700 1682 2765 1735 ad
2795 1682 2900 1737 hoc
2939 1683 3008 1737 de
3039 1682 3272 1754 Egypto
3302 1685 3494 1739 exierit
3537 1695 3590 1738 ut
3621 1692 3730 1738 ter-

455 1783 579 1829 runt
605 1782 793 1829 contra
834 1773 1055 1845 Moysen
1089 1791 1102 1826 :
1134 1773 1361 1846 Cumque
1396 1776 1655 1829 stetissent
1683 1784 1865 1829 contra
1890 1775 2041 1846 Moy-
2076 1771 2121 1830 B
2148 1788 2260 1827 ram
2309 1773 2737 1841 repromissionis
2785 1774 3048 1836 intraret,
3100 1785 3295 1844 pnetcr
3340 1776 3475 1830 duos
3524 1784 3727 1832 tantum

459 1883 550 1920 seu
579 1876 629 1919 et
672 1869 869 1929 Aaron,
902 1866 1148 1921 dixerunt
1175 1883 1194 1920 .'
1229 1865 1467 1937 Sufficiat
1506 1866 1666 1931 vobis,
1710 1869 1832 1940 quia
1873 1870 2038 1922 omnis

452 1956 723 2013 multitudo
744 1965 1050 2011 sanctorum
1077 1965 1173 2022 est,
1204 1965 1254 2011 et
1288 1958 1342 2011 in
1369 1958 1495 2029 ipsis
1527 1968 1604 2012 est
1632 1958 1902 2012 Dominus.
1936 1957 2041 2013 Cur

450 2050 721 2103 eleramini
750 2064 918 2119 super
948 2048 1196 2119 populum
1225 2047 1438 2103 Domini
1467 2047 1655 2120 (Num.
1699 2067 1784 2105 xvi
1805 2090 1819 2115 ,
1850 2050 1943 2121 5)?
1974 2049 2041 2104 Et

451 2141 574 2210 quid
615 2147 739 2210 post
765 2140 914 2195 huic?
945 2138 1114 2211 Ignis,
1145 2140 1340 2209 inquit,
1383 2158 1614 2212 egressus
1643 2158 1675 2194 a
1707 2140 1930 2195 Domino
1958 2144 2041 2196 in-

450 2232 649 2303 terfecit
672 2230 920 2284 ducentos
945 2231 1319 2301 quinquaginta
1349 2231 1482 2285 viros
1517 2231 1603 2302 qui
1632 2228 1920 2299 offerebant
1952 2231 2038 2283 in-

449 2310 654 2376 censum
682 2320 867 2393 (Ibid.,
902 2318 1015 2392 55).
1056 2322 1159 2392 27
1190 2320 1296 2375 Sed
1325 2336 1447 2377 cum
1477 2322 1592 2377 haec
1632 2330 1781 2377 tanta
1810 2321 2036 2387 tierent,

447 2414 681 2471 caelestis
692 2429 820 2469 cura
834 2428 943 2468 non
958 2412 1178 2482 profuit.
1196 2412 1448 2468 Adhibita
1462 2421 1544 2468 est
1565 2412 1857 2483 smpissime
1886 2428 2041 2470 coer-

448 2505 594 2569 citio,
626 2504 720 2558 sed
749 2502 1056 2557 emendatio
1085 2518 1193 2557 non
1216 2511 1298 2557 est
1325 2511 1531 2557 secuta.
1562 2502 1714 2558 Sicut
1744 2506 1889 2559 enim
1917 2521 2035 2569 nos,

448 2610 570 2650 cum
612 2594 946 2661 ﬂagellamur
974 2592 1188 2649 assidue
1210 2636 1225 2662 ,
1258 2608 1366 2648 non
1407 2594 1747 2663 corrigimur,
1778 2596 1853 2650 ita
1882 2606 1939 2651 et
1966 2597 2040 2650 illi

447 2702 571 2741 cum
601 2684 936 2741 caaderentur
956 2684 1270 2754 smpissime,
1302 2699 1410 2738 non
1431 2683 1875 2738 emendabantur.
1903 2684 2041 2750 Quid

449 2779 592 2833 enim
621 2777 879 2847 scriptum
908 2777 1027 2831 est?
1069 2774 1413 2828 Murmuravit
1450 2783 1622 2829 autem
1658 2777 1825 2829 omnis
1866 2776 2042 2829 multi-

449 2870 571 2925 tudo
590 2870 821 2941 filiarum
851 2867 1021 2922 Israel
1042 2869 1274 2940 sequenti
1303 2868 1386 2921 die
1412 2877 1593 2922 contra
1623 2868 1840 2939 Moysen
1859 2879 1910 2923 et
1935 2870 2042 2922 Aa-

448 2979 559 3029 ron,
592 2962 767 3016 dicens
795 2978 813 3015 :
844 2961 949 3016 Vos
974 2956 1311 3033 interfecistis
1338 2961 1585 3031 populum
1612 2960 1826 3016 Domini
1852 2961 2038 3033 (Num.

449 3070 556 3120 xvr,
587 3052 700 3123 4|).
728 3052 794 3107 Et
822 3053 948 3122 quid
970 3053 1199 3123 postea?
1222 3050 1481 3108 Percussa
1508 3060 1635 3107 sunt
1662 3055 1843 3109 statim
1872 3063 1926 3110 et
1954 3056 2038 3111 di-

2144 1874 2362 1921 sanctos
2391 1867 2567 1920 nullus
2596 1866 2831 1920 intravit.
2866 1866 2955 1921 Sic
2984 1867 3126 1920 enim
3159 1868 3418 1937 scriptum
3460 1876 3543 1921 est
3575 1885 3588 1919 :
3626 1866 3727 1921 Lo-

2143 1967 2287 2011 cutus
2316 1965 2393 2010 est
2433 1956 2684 2010 Dominus
2715 1956 2785 2009 ad
2811 1955 3027 2027 Moysen
3060 1967 3107 2010 et
3134 1959 3329 2023 Aaron,
3364 1960 3536 2013 dicens
3569 1976 3586 2011 :
3622 1958 3726 2013 Us-

2144 2063 2337 2118 quean
2372 2046 2644 2100 multitudo
2684 2046 2793 2099 haec
2817 2048 3039 2116 pessima
3068 2056 3355 2100 murmurat
3394 2057 3574 2101 contra
3603 2065 3683 2101 me
3704 2050 3729 2099 .’

2154 2139 2276 2192 Viro
2298 2156 2409 2209 ego,
2435 2138 2508 2191 ait
2534 2137 2788 2191 Dominus
2807 2153 2824 2190 :
2842 2138 2972 2190 sicut
2994 2137 3147 2191 locuti
3169 2141 3292 2191 estis
3313 2147 3436 2192 ante
3455 2155 3534 2192 me
3554 2139 3723 2200 hodie,

2142 2232 2216 2285 sic
2248 2230 2439 2301 faciam
2467 2227 2625 2284 vobis.
2660 2232 2766 2299 23
2788 2227 2855 2281 In
2884 2228 3162 2282 solitudine
3183 2229 3280 2282 hac
3299 2229 3543 2301 ⁸ξτιεινιηυιε
3568 2229 3729 2282 cadu-

2143 2341 2261 2379 vera
2283 2333 2448 2378 vestra
2480 2321 2665 2392 (Num.
2698 2337 2804 2384 xw,
2835 2320 2904 2374 26
2921 2320 3067 2390 -29).
3091 2321 3159 2375 Ει
3187 2323 3313 2391 quid
3344 2324 3565 2391 postea?
3594 2321 3728 2375 Par-

2140 2417 2304 2480 vulos,
2352 2415 2555 2484 inquit,
2599 2422 2794 2466 vestros
2823 2412 2886 2466 de
2917 2411 3097 2483 quibus
3140 2412 3345 2465 dixistis
3373 2412 3509 2483 quod
3535 2412 3729 2482 prada

2144 2506 2372 2561 hostibus
2404 2507 2589 2575 forent,
2620 2502 2945 2556 introducam
2973 2510 3030 2554 ut
3050 2502 3253 2555 videant
3284 2512 3472 2555 terram
3500 2516 3614 2571 qua:
3643 2519 3725 2554 vo-

2146 2601 2220 2655 bis
2248 2601 2530 2671 displicuit.
2581 2597 2767 2651 Vestra
2809 2596 3062 2649 cadavera
3097 2594 3340 2666 jaccbttnl
3368 2596 3421 2648 in
3450 2595 3728 2648 solitudine

2146 2690 2332 2765 (Ibid.,
2365 2689 2449 2755 51,
2483 2688 2594 2757 52).
2618 2686 2685 2741 Et
2712 2686 2841 2755 quid
2869 2685 3101 2740 deinde?
3129 2683 3340 2749 Omnes,
3371 2685 3559 2754 inquit,
3586 2696 3727 2738 m‘or-

2146 2788 2217 2839 tui
2246 2792 2365 2839 sunt
2413 2790 2565 2855 atque
2603 2780 2833 2851 percussi
2861 2780 2914 2832 in
2954 2787 3225 2848 conspectu
3270 2776 3481 2829 Domini
3528 2774 3686 2847 (Ibid.
3710 2813 3727 2840 ,

2146 2875 2214 2931 56
2233 2914 2247 2938 ,
2280 2874 2394 2944 57).
2425 2872 2563 2938 Quid
2594 2879 2676 2926 est
2703 2869 2846 2940 quod
2877 2869 2931 2923 in
2960 2870 3043 2924 his
3083 2869 3332 2924 omnibus
3360 2884 3465 2921 non
3494 2867 3600 2921 sit?
3640 2866 3728 2922 Vis

2085 2947 2107 2958 ’
2144 2964 2328 3019 videre
2356 2961 2658 3017 rectorem?
2698 2959 2839 3014 Ecce
2868 2967 2922 3014 et
2950 2960 3232 3030 praesentia
3262 2959 3519 3026 corrigit,
3563 2964 3618 3012 et
3647 2954 3728 3010 lu-

2145 3065 2266 3112 tura
2295 3055 2551 3127 disponit.
2600 3065 2621 3093 ε
2654 3051 2747 3108 Vis
2773 3052 2957 3107 videre
2997 3065 3244 3107 severum
3280 3050 3555 3121 judicem?
3594 3048 3727 3104 Ecce

449 3146 575 3201 vino
603 3145 724 3214 igne
762 3152 1079 3214 consumpta
1108 3144 1513 3212 quatuordecim
1552 3146 1719 3200 millia
1759 3147 2039 3203 hominum
2066 3140 2113 3204 C
2146 3152 2338 3208 noxios
2365 3149 2536 3221 punit.
2561 3148 2653 3204 Vis
2682 3146 2866 3201 videre
2888 3145 3091 3213 justum
3112 3149 3167 3198 et
3195 3143 3380 3212 pium?
3407 3142 3545 3197 Ecce
3571 3142 3727 3195 inno-

448 3244 506 3293 et
532 3236 875 3306 septingenti.
918 3233 1051 3290 Cum
1081 3235 1256 3289 omnis
1295 3250 1424 3304 ergo
1453 3243 1583 3293 tunc
1623 3239 1810 3307 populi
1852 3241 2037 3295 multi-

450 3325 578 3381 tudo
606 3326 930 3396 peccaverit,
961 3340 1058 3380 cur
1084 3339 1191 3377 non
1216 3332 1300 3380 est
1324 3327 1374 3380 in
1405 3327 1653 3382 omnibus
1674 3329 2041 3387 vindicatum?

448 3418 747 3489 przcsertim
800 3432 921 3472 cum
968 3431 1035 3471 ex
1077 3416 1165 3470 illa
1194 3431 1357 3485 quam
1404 3432 1569 3489 supra
1619 3418 1729 3475 dixi
1776 3422 2044 3480 seditione

448 3507 586 3565 Core
613 3508 791 3564 nullus
811 3508 1059 3564 evaserit.
1083 3504 1191 3562 Cur
1213 3508 1286 3562 ibi
1306 3516 1560 3565 cunctum
1589 3523 1910 3581 peccantum
1933 3534 2045 3574 coe-

519 3703 543 3765 f‘
584 3693 846 3765 golbertq
871 3694 1078 3765 justitia
1104 3702 1155 3748 et
1176 3694 1550 3765 misericordia.

517 3762 546 3801 ι)
585 3762 916 3818 Editiones':
950 3762 1019 3816 Et
1054 3764 1333 3834 severitati;
1354 3781 1445 3834 per
1487 3763 1834 3834 disciplinam.
1882 3766 2037 3823 Haud

444 3834 607 3890 dubie
628 3834 791 3904 lectio
814 3834 905 3904 illa
930 3834 1132 3904 optima
1171 3842 1275 3904 est.
1302 3831 1410 3904 Sed
1457 3847 1558 3901 ego
1600 3831 1825 3904 praefero
1853 3837 2038 3894 lectio-

447 3919 570 3958 nem
624 3902 825 3976 codicis
870 3902 1228 3976 Qorbeiensis.
1282 3902 1616 3976 Augustinus
1659 3905 1713 3959 in
1770 3907 2032 3976 psalmum

445 3973 795 4028 centesimum
820 3991 832 4025 :
862 3971 1001 4026 Deus
1030 3983 1198 4029 autem
1218 3990 1311 4027 nec
1332 3974 1388 4026 in
1413 3973 1640 4028 bonitate
1665 3971 2036 4034 misericordite

445 4042 616 4113 perdit
644 4042 830 4114 judicii
870 4044 1208 4114 severitatem,
1243 4059 1335 4114 nec
1359 4044 1412 4096 in
1437 4044 1726 4114 judicando
1753 4063 1869 4101 cum
1893 4064 2034 4103 seve-

446 4112 599 4166 ritate
626 4112 841 4166 amitttit
868 4113 1241 4166 misericordia:
1269 4112 1568 4168 bonitatem.

520 4194 542 4222 ο
582 4181 743 4257 Corb.
778 4191 834 4257 et
875 4182 1138 4248 Colbert.,
1170 4185 1246 4237 vis
1284 4184 1454 4238 cidere
1472 4185 1671 4255 justum
1710 4195 1760 4240 et
1798 4188 1943 4257 pium
1986 4199 2037 4243 ct

447 4268 675 4308 severum
688 4253 935 4321 judicem.

516 4321 541 4359 ἀ
567 4322 798 4393 Explicit
819 4322 906 4376 lib.
923 4338 959 4376 ι.
972 4322 1055 4393 lta
1070 4323 1234 4393 editio
1254 4321 1468 4379 Pitbmi.
1494 4322 1677 4381 Codex
1691 4325 2034 4384 Corbeiensis

449 4393 637 4449 habet:
658 4392 1048 4470 Explicitjiber
1078 4392 1106 4446 Ι
1128 4410 1241 4447 cum
1267 4396 1540 4465 facilitate.
1568 4395 1776 4453 Titulus
1796 4414 1926 4454 vero
1955 4414 2034 4453 se-

2147 3243 2392 3300 ccntibus
2440 3240 2634 3311 parcit.
2683 3238 2776 3293 Vis
2828 3237 3011 3291 videre
3076 3235 3129 3289 in
3160 3235 3407 3289 omnibus
3452 3233 3728 3302 judiccm!

2145 3336 2285 3392 Ecce
2315 3334 2512 3401 ubique
2535 3330 2792 3399 judicium
2813 3336 2912 3383 est.
2942 3326 3073 3381 Nam
3104 3333 3159 3380 et
3188 3331 3246 3379 ut
3267 3324 3431 3393 jndex
3459 3323 3651 3392 arguit,
3677 3331 3728 3376 et

2146 3437 2205 3484 ut
2245 3426 2413 3497 judex
2470 3424 2626 3491 regit.
2682 3420 2851 3477 Iudex
2908 3419 3108 3490 promit
3154 3416 3518 3480 sententiam,
3566 3414 3727 3484 judex

2147 3520 2341 3575 noxios
2368 3515 2603 3587 perimit,
2631 3511 2796 3583 judex
2827 3512 3077 3566 innoxios
3105 3516 3421 3563 muneratur
3441 3504 3489 3559 ά.

2137 3697 2352 3768 quentis
2366 3694 2487 3748 libri
2508 3693 2552 3747 is
2571 3698 2653 3768 est
2669 3709 2681 3743 :
2699 3689 2892 3768 Incipit
2907 3689 3035 3768 liber
3058 3686 3308 3768 secundus
3331 3686 3387 3737 in
3411 3685 3593 3768 rirtu‘t'e
3610 3683 3726 3740 Dei.

2140 3754 2265 3824 litae
2287 3767 2576 3821 admonere
2601 3754 2844 3815 lortassis
2868 3759 3066 3813 nullius
3086 3764 3202 3811 erat
3222 3755 3499 3809 momenti.
3530 3754 3727 3810 Verum

2140 3854 2207 3895 ex
2238 3835 2560 3904 antiquitate
2600 3845 2842 3886 amamus
2869 3830 3033 3883 etiam
3057 3827 3370 3898 quisquilias
3398 3834 3469 3904 et
3491 3839 3727 3904 semesos

2140 3894 2383 3978 lapides:
2398 3904 2661 3978 Solebant
2677 3908 2927 3978 ueteres,
2954 3906 3012 3951 ut
3041 3894 3356 3978 annotatum
3366 3903 3479 3978 "est
3491 3911 3569 3978 na.
3583 3894 3726 3978 ‘viris

2142 3964 2548 4037 eruditissimis,
2587 3974 2642 4027 in
2672 3971 2775 4025 line
2806 3970 3065 4024 librorum
3094 3964 3631 4037 scribereExplicit;
3662 3964 3727 4037 si-

2140 4034 2667 4117 gniﬁcat-evolentes
2710 4048 3027 4117 perventum
3070 4052 3189 4117 esse
3217 4036 3285 4089 ad
3316 4035 3473 4117 linem
3502 4034 3727 4117 vplunii~

2138 4103 2241 4183 nis,
2272 4116 2417 4187 quod
2447 4103 2950 4187 planeexplicatum
2973 4116 3117 4187 esset
3140 4106 3513 4187 etnevolutum.
3540 4103 3726 4187 Hiero—

2140 4174 2410 4261 nyt'nu's‘in
2439 4174 2670 4261 epistola
2695 4174 2779 4261 ad
2799 4179 3107 4261 Marcellam
3124 4196 3157 4261 .εῄ
3184 4176 3419 4259 Solemus
3458 4174 3726 4261 completis

2138 4247 2398 4330 opusculis
2434 4247 2504 4307 ad
2548 4254 2930 4307 distinctionem
2960 4251 3037 4330 rei
3083 4247 3293 4325 alterius
3333 4247 3723 4330 sequentis‘me;

2138 4311 2279 4383 dium
2321 4329 2647 4396 interponere
2676 4337 2919 4377 exrucrr
2949 4327 3038 4372 aut
3077 4322 3358 4371 raucum
3397 4311 3484 4366 aut
3529 4311 3726 4382 aliquid

2138 4398 2411 4469 ejusmodi.

1374 4659 1846 4768 LIBER
1927 4658 2797 4770 SECUNDUS.

518 4997 698 5071 281.
730 4995 1014 5052 Sufﬁciunt
1043 4996 1203 5065 igitur
1230 4996 1297 5051 de
1326 4997 1584 5066 exemplis
1622 4997 1722 5051 ista
1751 5012 1869 5067 quae
1897 4996 2035 5051 disi—
2068 4998 2113 5056 Ι)
2142 4997 2425 5067 pondeam.
2465 4996 2616 5051 Nunc
2643 4996 2768 5067 quia
2810 4996 2910 5048 tria
2949 4994 3062 5048 lucc
3083 5034 3097 5059 ,
3132 4992 3183 5046 id
3224 4998 3305 5043 est
3327 5030 3341 5053 ,
3387 4988 3725 5057 [tumentium

449 5105 599 5156 mus;
630 5088 823 5158 quibus
860 5088 1044 5157 utique
1087 5087 1287 5158 jugitcr
1315 5088 1457 5144 Deus
1483 5096 1670 5144 noster
1697 5097 1752 5145 et
1792 5096 2034 5144 contem-

448 5183 629 5252 plator
654 5179 1084 5244 sollicitissimus,
1116 5187 1171 5233 et
1195 5178 1522 5247 gubernator
1544 5180 1832 5251 piissimus,
1870 5187 1925 5234 et
1946 5180 2033 5248 ju-

447 5274 551 5329 dex
576 5272 903 5342 iustissimus
930 5270 1333 5342 comprobatur.
1359 5269 1467 5326 Sed
1493 5274 1696 5341 cogitat
1722 5271 1790 5326 de
1819 5271 2036 5341 imperi-

449 5365 675 5424 tioribus
690 5363 828 5421 l'orte
848 5363 1039 5434 aliquis
1060 5382 1071 5416 :
1093 5362 1148 5418 Si
1169 5363 1247 5419 sic
1266 5372 1496 5433 aguntur
1515 5380 1657 5419 nunc
1672 5379 1701 5417 a
1725 5363 1836 5418 Deo
1854 5363 2033 5418 omnia

451 5468 513 5514 ut
528 5467 661 5514 tunc
686 5465 803 5513 acta
833 5465 976 5523 sunt,
998 5456 1125 5527 quid
1146 5466 1229 5511 est
1255 5455 1399 5526 quod
1416 5455 1540 5510 mali
1563 5455 1871 5527 praevalent,
1893 5453 2032 5508 ami-

451 5558 647 5617 guntur
674 5548 823 5615 boni,
849 5556 905 5604 et
933 5563 1052 5603 cum
1084 5556 1209 5603 tunc
1231 5547 1365 5602 iram
1390 5547 1514 5602 mali
1542 5548 1829 5613 senserint,
1852 5555 1907 5602 et
1937 5547 2036 5600 mi-

452 5640 796 5696 sericordiam
817 5641 965 5705 boni,
992 5655 1133 5695 nunc
1153 5641 1403 5695 videntur
1421 5641 1622 5695 sentire
1637 5638 2035 5707 quodammodo

452 5732 581 5788 δοιιὶ
608 5731 743 5786 iram
780 5741 835 5787 et
864 5731 988 5786 mali
1034 5732 1299 5801 gratiam?
1340 5729 1508 5784 Paulo
1537 5738 1659 5800 post
1686 5729 1751 5783 ad
1796 5731 1894 5785 ista
1928 5745 2039 5784 res-

2144 5086 2270 5152 Dci,
2316 5087 2760 5156 gubernationem
2795 5093 2955 5155 atque
2979 5082 3236 5153 judicium
3262 5118 3275 5140 ,
3318 5078 3485 5132 tribus
3527 5077 3610 5133 his
3637 5093 3723 5133 me

2143 5178 2491 5247 probaturum
2520 5192 2638 5231 esse
2666 5175 2910 5246 promisi,
2943 5174 3045 5228 hoc
3074 5179 3172 5234 est,
3211 5168 3439 5234 ratione,
3464 5169 3725 5238 exemplis

2142 5285 2205 5324 ac
2238 5270 2576 5334 testimoniis,
2607 5269 2732 5337 quia
2772 5268 2985 5322 ratione
3014 5272 3069 5319 et
3095 5261 3356 5333 exemplis
3378 5259 3489 5330 jam
3518 5259 3725 5314 satisfe—

2142 5361 2330 5425 cimus,
2352 5367 2596 5431 superest
2612 5370 2670 5415 ut
2690 5358 3009 5414 testimoniis
3028 5357 3360 5413 declaremus
3380 5373 3391 5407 :
3418 5355 3525 5426 29
3544 5369 3727 5423 qnam-

2143 5450 2225 5506 vis
2261 5452 2505 5521 exempla
2535 5452 2650 5521 ipsa
2678 5466 2797 5519 qua:
2826 5449 3086 5512 diximus,
3118 5448 3303 5503 haberi
3351 5462 3447 5517 pro
3479 5445 3722 5500 testimo—

2144 5544 2247 5598 niis
2270 5543 2519 5607 debeant,
2544 5544 2667 5613 quia
2699 5551 2846 5597 recte
2875 5542 3238 5597 testimonium
3267 5554 3385 5595 esse
3403 5538 3598 5593 dicitur
3614 5550 3723 5603 quo

2146 5648 2323 5688 rerum
2353 5633 2549 5687 veritas
2576 5633 2925 5703 approbatur.
2963 5631 3101 5702 Quid
3131 5628 3385 5701 igitur'ex
3425 5628 3527 5683 illis
3557 5627 3723 5680 tribus

2146 5744 2263 5797 qum
2304 5742 2461 5797 supra
2490 5727 2629 5783 dicta
2661 5736 2814 5792 sunt,
2854 5743 2949 5795 per
2981 5726 3281 5780 testimonia
3313 5737 3463 5778 sacra
3492 5721 3724 5787 primum
