4036 6180
291 345 344 396 l9
1399 336 1485 392 DE
1525 331 2060 393 CUSERSATIONE
2099 332 2210 388 DEI
2249 330 2375 387 LIB.
2416 330 2479 388 η.
3479 332 3559 389 ω

288 456 490 525 probari
518 454 713 519 debet,
745 453 1048 524 prtesentia,
1085 467 1155 505 an
1183 450 1522 520 gubernatio,
1553 464 1693 504 anne
1715 445 1858 518 judi-
1885 446 1933 506 Α
1963 453 2050 499 tur
2083 464 2095 497 :
2136 444 2320 499 Vultus
2359 455 2530 499 autent
2570 442 2781 500 Domini
2817 462 2973 517 super.
3009 447 3267 517 facientes
3296 446 3458 511 mala,
3492 454 3549 499 ut

288 547 454 603 cium?
498 544 825 611 Praesentia,
865 546 1059 617 opinor
1092 565 1104 599 :
1142 557 1169 583 σι
1206 546 1332 615 quia
1371 544 1465 613 qui
1494 544 1577 597 vel
1616 549 1864 597 recturus

290 648 361 695 est
385 639 470 694 vel
495 638 856 707 judicaturus,
876 654 1113 709 praesens
1134 641 1334 710 absque
1354 638 1516 695 dubio
1542 651 1659 692 esse
1679 635 1859 697 debet,

288 736 339 783 ut
364 728 444 793 vel
475 742 663 796 regere
702 728 959 798 quidquid
988 730 1117 785 illud
1146 738 1230 785 est
1274 730 1357 785 vel
1381 729 1627 798 judicare
1670 726 1857 797 possit.

290 817 527 886 Loquens
554 818 608 871 in
627 818 989 872 voluminibus
1003 820 1114 873 suis
1128 835 1306 874 sermo
1322 819 1532 875 divinus
1549 819 1627 872 sic
1655 816 1730 870 ait
1754 833 1766 867 :
1796 813 1861 868 In

289 908 413 960 omni
442 906 559 961 loco
588 906 722 960 oculi
754 905 963 962 Domini
993 910 1407 979 contemplantur
1437 908 1597 963 bonos
1622 916 1673 961 et
1698 906 1864 960 malos

289 997 457 1066 (Prov.
485 1012 572 1060 xv,
599 996 677 1066 5).
700 995 840 1051 Ecce
860 997 1025 1053 habes
1042 1008 1384 1068 prmscntem,
1402 1014 1530 1053 ecce
1546 999 1860 1061 intuentem,

288 1100 401 1141 ecce
428 1086 484 1138 in
515 1087 665 1140 omni
693 1087 814 1142 loco
842 1103 970 1142 citra
1001 1103 1065 1145 ac
1091 1091 1399 1159 provisione
1421 1090 1746 1159 vigilantem.
1779 1088 1865 1142 ld-

286 1174 420 1229 circo
444 1175 590 1229 enim
618 1184 672 1230 et
698 1177 872 1232 bonos
897 1179 966 1232 ab
986 1194 1055 1232 eo
1077 1181 1406 1235 considerari
1434 1188 1490 1235 et
1515 1181 1686 1234 malos
1709 1179 1862 1245 dixit,

288 1272 342 1318 ut
364 1266 622 1334 probaret
649 1268 852 1323 scilicet
880 1268 1013 1323 nihil
1043 1270 1112 1324 ab
1140 1285 1208 1325 eo
1237 1271 1465 1340 negligi,
1497 1285 1656 1339 quem
1685 1278 1868 1324 osten-

288 1355 431 1411 deret
460 1357 711 1411 universa
741 1359 946 1413 rimari.
989 1358 1146 1426 Quod
1177 1369 1234 1414 ut
1264 1362 1472 1431 plenius
1500 1361 1681 1431 capias
1699 1400 1715 1425 ,
1744 1359 1868 1414 audi

287 1444 405 1513 quid
431 1446 487 1499 in
510 1446 616 1501 alio
636 1445 1035 1517 Scripturarum
1064 1450 1184 1505 loco
1214 1450 1355 1506 idem
1386 1459 1613 1506 testatur
1640 1449 1868 1520 Spiritus

287 1545 494 1592 sanctus
529 1555 541 1589 :
576 1535 763 1602 Oculi,
795 1540 995 1610 inquit,
1028 1541 1241 1597 Domini
1279 1560 1434 1613 super
1471 1545 1701 1598 timentes
1728 1560 1866 1608 eum,

286 1636 339 1680 ut
366 1629 553 1697 eripiat
581 1646 614 1681 a
657 1639 820 1683 morte
848 1635 1052 1687 animos
1081 1650 1275 1699 eorum,
1308 1645 1358 1688 et
1385 1635 1497 1689 alat
1522 1652 1609 1690 eos
1636 1637 1689 1689 in
1733 1637 1870 1706 fame

294 1717 460 1789 (Psal.
511 1735 676 1785 xxxn,
714 1719 799 1785 18,
836 1719 944 1792 l9).
985 1723 1124 1780 Ecce
1152 1741 1250 1780 cur
1288 1728 1531 1797 aspicere
1563 1728 1738 1797 justos
1766 1729 1868 1783 bo-
1900 1776 1904 1779 .

286 1809 455 1864 mines
482 1810 624 1865 Deus
650 1812 877 1879 dicitur;
910 1815 1097 1884 utique
1127 1824 1185 1870 ut
1231 1828 1555 1884 conservet,
1599 1828 1654 1873 ut
1682 1828 1865 1889 prote-
1901 1819 1943 1878 Β

288 1910 394 1968 gat.
425 1900 455 1940 ιι
484 1903 748 1973 Aspectus
770 1906 913 1959 enim
939 1906 1240 1963 Divinitatis
1270 1910 1532 1980 propitiae,
1558 1926 1753 1967 munus
1779 1920 1862 1967 est

286 1996 709 2048 conservationis
735 1996 1001 2052 humanm.
1052 1999 1183 2053 Nam
1215 2008 1269 2054 et
1310 2001 1436 2057 alibi
1484 2002 1625 2057 idem
1650 2002 1862 2060 divinus

284 2081 509 2153 Spiritus
541 2104 554 2138 :
580 2086 751 2151 Oculi,
783 2088 973 2167 inquit,
1006 2090 1217 2147 Domini
1243 2111 1397 2167 super
1417 2097 1605 2166 justas,
1635 2106 1686 2151 et
1710 2114 1860 2152 aures

283 2177 390 2247 ejus
416 2179 469 2232 in
497 2197 672 2250 preces
699 2198 876 2235 eorum
893 2165 1080 2251 '(Psal.
1115 2165 1313 2253 xxxm,
1336 2165 1443 2259 16),.
1478 2189 1608 2245 Vide
1635 2205 1740 2259 qua
1767 2191 1863 2245 be-

283 2268 539 2336 nignitate
586 2285 749 2340 agere
778 2289 900 2328 cum
945 2277 1056 2331 suis
1086 2276 1251 2333 Deum
1296 2278 1571 2350 Scriptura
1608 2280 1755 2336 dicit.
1802 2281 1860 2337 In

284 2359 383 2415 hoc
413 2362 678 2433 siquidem
726 2366 873 2434 quod
906 2368 981 2421 ait
1009 2369 1194 2425 oculos
1242 2371 1454 2427 Domini
1501 2389 1664 2444 super
1686 2373 1862 2442 justos

281 2465 396 2505 esse
418 2490 435 2516 ,
480 2451 707 2509 affectus
744 2456 1051 2526 aspicientis
1090 2460 1424 2530 ostenditur;
1469 2464 1520 2518 in
1549 2464 1655 2520 hoc
1680 2472 1861 2520 autem

278 2543 422 2611 quod
452 2557 611 2599 aures
639 2547 692 2600 in
722 2549 972 2616 precibus
1014 2560 1257 2619 paratas,
1288 2568 1501 2625 semper
1527 2556 1863 2611 exaudientis

278 2632 498 2702 largitas
524 2635 943 2694 demonstratur.
993 2640 1248 2707 Quamvis
1295 2659 1391 2714 per
1436 2645 1489 2699 id
1528 2646 1673 2715 quod
1701 2646 1856 2712 dicit,

276 2724 485 2780 divinas
510 2743 669 2783 aures
692 2728 746 2782 in
776 2731 1025 2800 precibus
1053 2749 1268 2804 semper
1297 2750 1414 2790 esse
1442 2736 1728 2806 iustorum,
1754 2755 1861 2795 non

274 2816 549 2871 audientia
581 2827 788 2875 tantum
818 2821 932 2888 Dei,
964 2823 1058 2878 sed
1098 2824 1339 2893 quardam
1374 2829 1526 2897 quasi
1556 2830 1862 2885 obedientia

274 2906 375 2962 Dei
401 2907 729 2977 designetur.
761 2910 1043 2978 Quomodo
1072 2915 1214 2970 enim
1242 2916 1293 2971 in
1322 2919 1572 2987 precibus
1594 2918 1861 2989 justorum

274 2999 472 3053 divina:
491 3014 650 3056 aures
669 3005 834 3056 sunt?
856 3003 1156 3072 Quomodo,
1184 3007 1283 3062 nisi
1315 3017 1371 3062 ut
1391 3025 1604 3079 semper
1622 3012 1858 3080 audiant,

276 3090 459 3145 nisiut
487 3107 702 3163 semper
721 3096 1027 3161 exaudiant,
1061 3099 1163 3153 nisi
1192 3108 1255 3154 ut
1281 3112 1528 3172 prompte
1557 3104 1737 3159 audita
1767 3107 1863 3159 tri-

1965 536 2151 606 perdat
2191 536 2253 589 de
2294 546 2431 589 terra
2477 538 2779 590 memoriam
2823 553 2996 591 eorum
3037 535 3223 607 (lbid.,
3274 535 3388 608 I7).
3415 534 3551 592 Vide

1965 626 2168 694 absque
2195 624 2359 679 dubio
2382 626 2507 694 quia
2536 641 2644 680 non
2665 633 2820 696 potes
2848 627 3001 697 queri
3027 626 3173 698 quod
3191 643 3298 681 non
3328 627 3551 698 aspiciat

1966 716 2127 770 etiam
2151 715 2381 784 injustos
2402 715 2563 781 Deus,
2585 716 2710 785 quia
2733 716 2984 785 intelligis
3005 717 3309 784 generalem
3333 716 3550 786 quidem

1966 823 2085 864 esse
2111 809 2164 862 in
2195 824 2386 864 omnes
2415 808 2625 863 Domini
2659 809 2944 874 visionem,
2968 808 3063 863 sed
3091 811 3406 863 meritorum
3437 807 3549 863 ﬁeri

1965 902 2377 971 disparilitatem
2419 900 2705 955 diversam.
2738 899 2871 955 Boni
2910 900 3107 971 quippe
3137 900 3466 971 aspiciuntur
3493 909 3550 954 ut

1966 999 2371 1055 conserventur,
2400 990 2528 1044 mali
2555 997 2614 1045 ut
2640 989 3018 1061 disperdantur
3041 1008 3053 1043 :
3078 1006 3196 1046 cum
3226 990 3421 1060 quibus
3449 992 3550 1045 uti-

1965 1097 2070 1152 que
2098 1090 2306 1152 partem
2333 1090 2388 1136 et
2417 1082 2532 1151 ipse
2562 1080 2787 1147 habens,
2818 1082 2912 1152 qui
2956 1082 3230 1136 hominem
3269 1097 3300 1136 a
3329 1081 3440 1136 Deo
3469 1097 3548 1136 as-

1967 1175 2074 1245 pici
2102 1188 2296 1242 negas,
2326 1189 2434 1229 non
2470 1173 2645 1229 solum
2669 1174 2837 1229 videri
2868 1182 2924 1229 te
2953 1189 2984 1228 a
3012 1174 3254 1229 Domino.
3277 1174 3545 1229 evidenter

1968 1265 2227 1335 intellige,
2241 1264 2337 1319 sed
2359 1265 2657 1335 periturum
2680 1280 2897 1335 quoque
2917 1264 3281 1320 indubitanter
3300 1279 3548 1334 agnosce.

1968 1356 2102 1412 Nam
2124 1372 2248 1411 cum
2276 1356 2344 1410 ad
2373 1356 2475 1411 hoc
2502 1356 2572 1410 sit
2597 1356 2768 1410 uultus
2800 1354 2898 1409 Dei
2926 1372 3081 1427 super
3116 1358 3362 1428 facientes
3390 1355 3550 1422 malo,

1968 1459 2024 1501 ut
2050 1449 2234 1519 perdat
2255 1447 2318 1502 de
2347 1457 2486 1501 terra
2515 1458 2536 1485 ο
2574 1449 2877 1502 memoriam
2911 1465 3106 1513 eorum,
3140 1463 3359 1504 necesse
3388 1456 3472 1503 est
3498 1456 3550 1503 ut

1969 1539 2060 1608 qui
2090 1539 2333 1608 aspicere
2361 1537 2455 1591 Dei
2485 1538 2692 1591 vultum
2718 1552 2819 1607 per
2849 1537 3004 1593 ﬁdem
3034 1553 3217 1608 negas,
3247 1539 3551 1609 aspicientis

1970 1630 2105 1683 iram
2126 1628 2428 1698 perditione
2458 1642 2773 1696 cognoscas.
2806 1629 2971 1699 Igitur
2990 1629 3058 1685 de
3089 1630 3374 1700 praesentia
3403 1644 3465 1684 ac
3487 1628 3551 1683 de

1972 1727 2193 1790 aspectu
2228 1719 2324 1774 Dei
2352 1718 2455 1774 ista
2482 1716 2773 1774 sumciunt.

2346 1807 2433 1862 DE
2469 1806 2999 1865 GUBERNATIONE
3037 1809 3168 1865 DEI.

2032 1903 2097 1958 Il.
2141 1903 2427 1959 Videamus
2455 1920 2598 1960 nunc
2630 1920 2697 1959 an
2721 1904 2814 1974 qui
2843 1906 3063 1976 respicit
3095 1915 3265 1976 regat,
3297 1924 3416 1962 cum
3446 1909 3550 1962 uti-

1961 2008 2066 2064 que
2090 1994 2203 2064 ipsa
2226 1994 2364 2049 ratio
2394 1994 2683 2064 aspiciendi
2713 2010 2927 2051 causam
2958 1998 3010 2052 in
3046 2012 3104 2053 se
3138 1997 3333 2053 habeat
3358 1999 3550 2067 guber-

1960 2086 2121 2141 nandi
2171 2104 2184 2140 :
2225 2087 2349 2156 quia
2403 2102 2511 2141 non
2541 2087 2609 2142 ad
2637 2087 2742 2143 hoc
2781 2089 3000 2159 respicit
3027 2096 3086 2144 ut
3122 2104 3244 2144 cum
3286 2092 3551 2159 aspexerit

1962 2179 2215 2248 negligat,
2246 2179 2340 2248 qui
2360 2178 2564 2234 scilicet
2590 2194 2688 2250 per
2706 2178 2760 2233 id
2780 2179 2954 2249 ipsum
2978 2194 3087 2234 non
3110 2180 3376 2249 negligere
3398 2180 3550 2234 intel-

1961 2271 2141 2339 ligitur
2167 2270 2293 2338 quia
2321 2269 2588 2339 respicere
2614 2269 2891 2338 dignatur;
2916 2270 3212 2340 praesertim
3240 2285 3362 2325 cum
3388 2284 3550 2340 supe-

1962 2364 2072 2418 rius
2098 2377 2251 2418 sacer
2274 2378 2454 2418 sermo
2491 2363 2595 2433 31
2640 2369 2863 2417 testatus
2897 2363 2966 2417 sit
2996 2363 3168 2418 malos
3208 2362 3275 2417 ad
3293 2363 3551 2433 perditio-

1961 2470 2082 2510 nem
2099 2470 2129 2508 a
2158 2454 2271 2508 Deo
2301 2453 2487 2523 aspici,
2519 2453 2693 2507 bonos
2718 2452 2786 2506 ad
2813 2453 3065 2508 salutem.
3090 2452 3205 2509 Hoc
3232 2455 3348 2525 ipso
3371 2453 3551 2523 utique

1961 2547 2293 2617 dispensatio
2322 2545 2487 2600 divini
2518 2546 2864 2615 gubernaculi
2892 2546 3309 2603 demonstratur.
3334 2546 3450 2602 Hoc
3473 2555 3550 2604 est

1962 2635 2104 2691 enim
2124 2634 2266 2704 justa
2312 2628 2705 2704 gubernatione
2741 2649 2930 2704 regere
2964 2647 3020 2691 et
3047 2636 3285 2706 singulos
3311 2652 3552 2707 quosque

1962 2730 2209 2785 homines
2230 2744 2329 2799 pro
2358 2729 2675 2784 meritorum
2703 2729 3016 2785 diversitate
3044 2738 3296 2785 tractare.
3328 2729 3435 2785 Sed
3462 2744 3552 2786 ac—

1962 2821 2079 2891 cipe
2127 2828 2305 2874 tamen
2346 2818 2414 2874 de
2456 2818 2559 2874 hac
2587 2835 2647 2874 re
2674 2820 2885 2890 plenius
2913 2820 3297 2876 testimonium.
3330 2819 3464 2875 Dicit
3487 2819 3552 2874 ad

1963 2915 2132 2969 Deum
2170 2912 2384 2968 Patrem
2413 2912 2469 2967 in
2497 2913 2706 2982 psalmo
2730 2912 2963 2984 Spiritus
2994 2922 3213 2968 sanctus
3244 2932 3257 2965 :
3293 2911 3393 2977 Qui
3421 2914 3552 2983 regis

1964 3007 2152 3069 Israel,
2185 3007 2394 3062 intende
2425 3006 2596 3078 (Psal.
2630 3022 2812 3071 Lxxrx,
2831 3005 2925 3079 2).
2957 3005 3141 3072 Israel,
3172 3004 3358 3060 videns
3385 3004 3552 3059 Deum

1964 3100 2389 3169 interpretatur:
2420 3111 2580 3166 quem
2623 3097 2810 3166 utique
2856 3111 2980 3152 cum
3010 3094 3301 3150 Christ—iani
3350 3094 3455 3150 lide
3500 3101 3552 3150 et

274 3181 465 3247 buant,
496 3183 597 3239 nisi
628 3192 685 3238 ut
708 3186 851 3241 illico
871 3189 1122 3243 exaudita
1152 3191 1490 3248 concedant?
1513 3196 1615 3264 30
1636 3195 1862 3266 Semper
1886 3191 1930 3252 C
1963 3192 2126 3249 corde
2156 3191 2371 3246 videant
2397 3191 2491 3259 qui
2534 3188 2765 3245 ﬁdeliter
2792 3188 3035 3253 credunt,
3069 3187 3195 3244 licet
3228 3187 3552 3258 gubernator

277 3287 410 3341 ergo
438 3273 507 3328 ad
538 3275 833 3332 audiendas
860 3288 1171 3335 sanctorum
1202 3298 1390 3352 preces
1418 3294 1620 3354 paratae
1648 3287 1859 3342 Domini

279 3370 403 3417 nost
431 3364 449 3417 i
479 3379 657 3429 aures,
689 3381 904 3437 semper
930 3378 1147 3425 attentae
1171 3380 1311 3426 sunt.
1344 3371 1515 3440 Quam
1546 3375 1686 3430 beati
1716 3393 1861 3433 esse-

280 3468 397 3507 mus
422 3469 632 3520 omnes,
663 3457 709 3511 si
736 3471 896 3526 quam
918 3468 1220 3530 promptam
1241 3476 1368 3531 erga
1388 3479 1487 3518 nos
1516 3465 1609 3519 Dei
1638 3467 1861 3521 audien-

280 3545 408 3598 tiam
437 3545 682 3613 legimus,
725 3556 835 3602 tam
865 3561 1113 3621 prompte
1153 3552 1252 3622 ipsi
1283 3553 1452 3609 Deum
1482 3556 1668 3613 audire
1694 3558 1861 3615 velle-

278 3636 426 3689 mus!
459 3634 566 3692 Sed
613 3637 837 3693 forsitan
866 3640 999 3696 dicis
1022 3683 1037 3707 ,
1087 3643 1192 3698 boc
1229 3644 1373 3712 quod
1407 3644 1582 3713 justos
1618 3649 1860 3719 aspicere

279 3722 419 3779 Deus
445 3726 680 3793 legitur,
725 3744 916 3798 parum
965 3732 1221 3801 prodesse
1259 3750 1451 3800 causm,
1482 3738 1603 3806 quia
1644 3754 1753 3793 non
1795 3742 1865 3795 sit

277 3815 543 3880 generalis
572 3816 876 3874 Divinitatis
923 3822 1147 3877 intuitus
1174 3824 1266 3893 qui
1303 3825 1462 3894 justis
1491 3837 1698 3884 tantum
1733 3847 1854 3902 spe-

276 3904 401 3957 ciali
429 3904 759 3974 benignitate
788 3911 1069 3965 tribuatur.
1101 3912 1218 3967 lam
1248 3916 1463 3984 quidem
1502 3922 1747 3990 superius
1762 3898 1860 3979 isa-

275 4010 370 4048 cer
389 4011 567 4051 sermo
590 4005 815 4053 testatus
840 4008 922 4053 est
941 4002 1066 4070 quia
1094 4004 1237 4059 oculi
1258 4005 1468 4063 Domini
1491 4015 1859 4082 contemplan-

273 4096 363 4139 tur
391 4087 565 4141 honos
590 4095 645 4141 et
674 4088 864 4141 malos.
892 4087 996 4144 Sed
1025 4093 1071 4146 si
1114 4093 1219 4150 hoc
1262 4097 1425 4151 etiam
1458 4116 1600 4156 nunc
1624 4103 1701 4158 vis
1740 4106 1857 4174 ple-

274 4179 397 4233 nius
421 4178 655 4247 probari,
685 4180 895 4248 respice
921 4183 1048 4250 quid
1072 4195 1345 4256 sequatur.
1373 4189 1489 4247 lloc
1515 4195 1658 4249 enim
1680 4199 1860 4253 subdi-

1964 3284 2201 3340 omnium
2257 3284 2399 3338 Deus
2438 3283 2526 3348 sit,
2559 3283 2665 3338 illis
2718 3290 2909 3355 tamen
2927 3281 3273 3351 peculiariter
3316 3280 3552 3348 regimen

1963 3375 2207 3445 prtestari
2230 3388 2261 3427 a
2289 3372 2401 3428 Deo
2429 3373 2642 3435 dicitur,
2664 3374 2755 3441 qui
2779 3373 2893 3442 regi
2921 3370 3262 3443 peculiariter
3289 3386 3321 3425 a
3349 3370 3552 3425 Divini-

1964 3474 2075 3521 tate
2112 3474 2437 3520 mereantur.
2489 3462 2643 3518 Unde
2680 3470 2737 3518 et
2776 3472 2869 3528 tu,
2912 3464 3220 3533 quicunque
3254 3464 3342 3517 ille
3382 3478 3472 3527 es,
3505 3464 3565 3517 si.

1963 3555 2296 3611 Christianus
2331 3569 2408 3620 es,
2459 3569 2680 3610 necesse
2717 3562 2800 3610 est
2825 3562 2886 3609 ut
2912 3554 3026 3622 regi
3067 3562 3120 3608 te
3148 3568 3180 3608 a
3205 3553 3318 3609 Deo
3342 3552 3548 3609 eredas.

1964 3650 2021 3706 Si
2052 3660 2231 3705 autem
2261 3648 2549 3718 gubernari
2573 3655 2630 3703 te
2654 3663 2685 3702 a
2715 3648 2826 3702 Deo
2847 3663 2971 3704 cum
2997 3648 3206 3703 caeteris
3233 3646 3553 3704 Christianis

1969 3743 2190 3798 omnino
2212 3758 2317 3797 non
2342 3748 2517 3812 putas,
2549 3756 2768 3796 necesse
2796 3748 2878 3795 est
2897 3748 3049 3795 extra
3079 3756 3267 3796 omnes
3292 3739 3552 3796 Christia-

1964 3850 2062 3890 nos
2084 3843 2135 3887 te
2157 3847 2278 3888 esse
2305 3846 2622 3901 cognoscas.
2651 3830 2757 3887 Sed
2778 3832 2824 3886 si
2853 3830 3003 3893 illud,
3031 3839 3088 3885 ut
3107 3846 3267 3902 supra
3281 3830 3392 3901 jam
3412 3830 3546 3887 dixi-

1962 3943 2098 3988 mus,
2123 3924 2291 3992 magis
2316 3923 2510 3992 quaeris
2530 3922 2674 3993 quod
2696 3921 2764 3977 ad
2785 3926 2972 3977 Omnes
2993 3922 3255 3990 homines,
3281 3938 3387 3978 non
3410 3921 3551 3992 quod

1962 4018 2027 4072 ad
2056 4016 2199 4072 solos
2227 4014 2461 4085 pertinet
2478 4010 2832 4077 Christianos,
2856 4027 2983 4068 ecce
3010 4012 3290 4069 evidenter
3306 4012 3435 4067 dicit
3453 4027 3552 4067 vo-

1963 4110 2140 4164 lumen
2164 4120 2375 4162 sacrum
2396 4112 2588 4160 cuncta
2611 4105 2853 4173 quotidie
2874 4114 3005 4159 nutu
3027 4104 3327 4159 Divinitatis
3354 4105 3468 4173 regi
3498 4113 3552 4159 et

1964 4198 2352 4256 incessabiliter
2392 4212 2422 4251 a
2462 4196 2574 4250 Deo
2604 4195 2784 4250 omnia
2821 4195 3129 4264 gubernari.
3162 4192 3188 4233 δ
3232 4194 3353 4265 Ipse
3394 4198 3547 4259 enim,

1453 4326 1791 4387 STEPHANI
1829 4332 2096 4389 BALUZII
2132 4329 2376 4427 NQTXE.

346 4435 399 4516 1
415 4427 693 4516 Editiones
724 4453 737 4487 ε
773 4434 923 4516 Quia‘
940 4437 1018 4510 uel
1048 4446 1381 4516 recturus_e_st
1407 4444 1486 4516 rel
1508 4445 1855 4516 judicatnrus.

270 4495 722 4587 fitfsensigitur,
746 4495 1023 4587 etc._ECCe
1052 4508 1244 4587 iterum
1273 4495 1864 4587 Rhitlersh'usiitco'uje-c:

269 4574 455 4620 turam
486 4574 907 4648 vetusti-codicis
947 4580 1262 4634 auctoritate
1302 4580 1582 4638 ﬁrmatam.
1612 4574 1864 4643 Nam'ille

268 4642 704 4746 poit’ad't‘lli‘
728 4646 940 4700 volebat

455 4717 608 4797 cntra
748 4731 785 4780 ι,
808 4731 931 4785 pag.
958 4712 986 4769 ἱ
992 4718 1044 4781 6,
1069 4719 1202 4772 iram
1224 4719 1524 4779 Divinitatis
1544 4726 1620 4780 ait
1646 4743 1861 4797 poenam

270 4792 395 4833 esse
426 4792 719 4837 peccantis.

348 4858 371 4886 ε
416 4851 765 4923 Brassicanus
793 4862 847 4908 et
874 4853 1175 4912 Galcsinius
1200 4860 1278 4914 sic
1300 4860 1580 4919 ediderunt
1606 4866 1747 4921 hunc
1778 4867 1862 4923 lo-

268 4933 419 5007 cum
437 4935 463 5007 τὲ
484 4917 624 5007 am
650 4938 779 5007 cum.
796 4926 863 5007 ad
890 4926 985 4980 Itoc
1014 4930 1080 4982 sit
1108 4928 1273 5007 vultus
1307 4930 1405 4985 Dei
1437 4917 1589 5007 super
1607 4917 1864 5007 fuerat}:

266 4988 421 5075 issula
451 4997 506 5075 ut
534 4993 717 5073 perdat
746 4993 808 5047 de
836 5004 972 5049 terra
999 5001 1299 5075 memoriam
1319 4988 1510 5075 eorum
1550 4988 1628 5058 de.
1648 4988 1865 5075 genera:-

268 5062 422 5145 tione
444 5062 598 5145 omni,
632 5078 836 5118 necesse
860 5074 955 5132 est,
988 5076 1093 5145 etc.
1119 5068 1292 5124 Verba
1314 5072 1424 5145 illa,
1450 5074 1513 5127 de
1535 5062 1865 5145 generatione

262 5136 445 5209 0mg";
472 5139 595 5212 sunt
617 5148 841 5212 prorsus
866 5136 1131 5212 superﬂua
1154 5179 1198 5212 ,_
1217 5148 1272 5193 et
1313 5140 1521 5212 adjecta
1535 5136 1673 5199 'sunt
1701 5146 1768 5201 ab
1797 5162 1863 5201 eo

261 5202 367 5278 qui
401 5214 510 5278 n_on
554 5202 874 5278 intelligeret
901 5202 968 5278 ad
997 5222 1154 5276 quem
1185 5208 1362 5264 locum
1378 5202 1577 5267 'rel'erri
1605 5213 1865 5270 deberent

261 5269 381 5322 ista
505 5268 873 5354 gubernatione
898 5268 1031 5341 Dei,
1072 5292 1191 5354 qua:
1228 5278 1391 5354 facile
1440 5282 1594 5354 video
1620 5268 1863 5340 fuissem

259 5339 532 5419 grauibus
574 5341 847 5419 codicibus
894 5339 1289 5419 manuscriptis.
1359 5350 1612 5406 Restituit
1678 5339 1862 5410 veram

259 5406 586 5487 lectionem,
614 5412 707 5487 sed
725 5482 736 5487 _
755 5430 861 5468 non
900 5431 998 5470 suo
1046 5406 1184 5483 loco,
1213 5420 1297 5473 vir
1324 5420 1646 5477 clarissimus
1672 5406 1864 5481 Petrus

255 5474 541 5552 Pitbmus,
572 5482 770 5552 quisic
794 5496 1140 5552 repraesentat
1165 5474 1306 5544 hunc
1325 5474 1503 5546 locum
1512 5474 1861 5549 ‘2"1vain'é'uﬁ

253 5548 342 5599 ad
368 5549 472 5602 Izoc
498 5551 566 5603 sit
588 5551 754 5633 vultus
782 5548 880 5607 Dei
899 5572 1050 5625 super
1052 5559 1319 5678 fludentes
1348 5562 1486 5614 mala
1514 5572 1571 5615 ut
1597 5548 1779 5633 perdat
1801 5548 1864 5621 de

253 5628 410 5671 terra
462 5636 760 5675 memoriam
801 5640 1005 5678 eorum.
1087 5644 1115 5678 e
1145 5628 1508 5678 nubertmtimm
1540 5630 1632 5678 1)ρί
1660 5650 1862 5678 necesse

250 5628 410 5699 terra
438 5623 760 5699 memoriam
792 5623 1005 5699 eorum,
1052 5623 1124 5699 de
1144 5628 1508 5699 gubernatione
1538 5623 1632 5687 Dei
1660 5650 1862 5690 necesse

238 5696 358 5749 est,
392 5697 505 5743 etc.
538 5690 827 5748 Admonuit
856 5703 1036 5750 tamen
1079 5690 1216 5752 idem
1262 5700 1345 5754 vir
1389 5701 1716 5759 clarissimus
1762 5707 1859 5760 has

250 5771 430 5813 uoces
464 5775 578 5814 esse
607 5763 878 5849 delendas,
904 5766 1229 5836 epigraphen
1256 5772 1397 5825 enim
1421 5788 1540 5829 esse
1566 5774 1681 5828 libri
1700 5816 1713 5840 ,
1740 5791 1858 5844 qua:

1891 4660 1941 4720 Ι)
1965 4659 2086 4715 simi
2133 4658 2333 4713 codicis
2369 4665 2799 4727 transumptum:
2834 4675 2903 4713 ex

1965 4450 2019 4503 in
2065 4455 2268 4503 textum
2316 4446 2544 4517 irrepsit.
2579 4445 2710 4502 Haec
2730 4456 2854 4505 sunt
2882 4447 2998 4517 ejus
3024 4449 3230 4504 verba:
3271 4468 3289 4501 α
3320 4450 3451 4506 Illuc.
3466 4461 3551 4507 est

1962 4520 2159 4590 veteris
2188 4517 2389 4573 codicis
2416 4517 2596 4580 lectio,
2644 4518 2773 4590 nihil
2802 4519 2942 4573 enim
2972 4519 3024 4573 in
3052 4521 3133 4576 his
3159 4520 3307 4576 libris
3334 4521 3550 4590 conjec—

1966 4590 2099 4644 turis
2126 4588 2328 4648 datum,
2354 4594 2528 4641 totum
2556 4602 2624 4641 ex
2652 4586 2754 4642 ﬁde
2776 4590 3119 4643 vetustissimi
3150 4598 3204 4644 ct
3227 4586 3551 4647 emendatis-

2985 4676 3052 4713 ua
3098 4676 3219 4714 cum
3268 4677 3375 4716 non
3420 4665 3551 4718 satis

1966 4737 2215 4785 constare
2243 4727 2514 4800 videretur
2541 4745 2693 4800 mem.
2734 4745 2910 4800 eorum
2938 4727 3001 4782 de
3027 4733 3354 4800 generatione
3387 4737 3548 4799 omni,

1965 4800 2284 4854 concinnata
2311 4806 2393 4852 est
2418 4798 2631 4868 vulgata
2660 4798 2839 4852 lectio.
2867 4797 3159 4868 Utramque
3182 4800 3407 4857 fortasse
3433 4797 3551 4859 rec-1

1966 4869 2072 4952 tius
2098 4866 2581 4952 doleremus.._Nam
2613 4868 2727 4949 haec
2749 4868 2933 4952 verba,
2958 4868 3021 4923 de
3036 4866 3405 4952 gubernatione
3431 4872 3547 4938 Dei,

1965 4939 2367 5011 epigrapbe__est
2388 4936 2530 5011 libri,
2565 4952 2685 5011 qua;
2715 4937 2766 4991 in
2796 4945 3000 5011 textum
3034 4936 3267 5010 irrepsit.
3304 4962 3322 4994 ι
3355 4936 3551 4998 Verum

1966 5006 2210 5065 extremo
2237 5006 2404 5075 digito
2432 5008 2610 5076 attigit
2637 5007 2719 5062 vir
2741 5006 3158 5073 eruditissimus,
3175 5027 3348 5076 neque
3370 5020 3551 5069 tamen

1966 5095 2187 5153 prorsus
2205 5078 2575 5153 deprehendit.
2609 5078 2784 5153 Verba
2804 5079 2944 5138 enim
2969 5081 3078 5144 illa,
3104 5080 3166 5137 de
3185 5078 3553 5153 gubernatione

1969 5148 2092 5223 Dei,
2113 5164 2181 5203 ex
2208 5163 2287 5223 eo
2304 5148 2423 5223 loco
2453 5148 2803 5223 expungenda
2826 5158 2952 5203 sunt
2977 5166 3138 5223 quem
3165 5148 3431 5223 occupant
3452 5195 3465 5219 ,
3497 5155 3549 5209 in

1968 5218 2203 5291 editione
2219 5216 2453 5291 Pithon;
2485 5225 2541 5271 et
2579 5218 2630 5271 in
2663 5218 2847 5291 media;
2879 5216 3073 5289 pagi—na
3118 5216 3318 5291 reponiC
3333 5216 3547 5291 debent,

1968 5297 2027 5343 ut
2054 5304 2085 5343 a
2107 5288 2260 5343 nobis
2291 5288 2487 5342 factum
2515 5295 2615 5353 est,
2647 5298 2769 5344 ante
2795 5288 2912 5344 illas
2932 5305 3092 5345 voces
3120 5288 3393 5347 Videamus
3415 5288 3577 5348 nunc-

1966 5376 2033 5412 an
2060 5401 2074 5423 ,
2117 5367 2220 5413 etc.
2270 5358 2359 5413 Sic
2404 5358 2545 5412 enim
2590 5360 2780 5427 legitur
2804 5359 2856 5414 in
2886 5361 3071 5415 codice
3107 5359 3450 5426 Corbeiensi,
3496 5373 3571 5418 et.

1968 5437 2229 5502 pnetcrea
2256 5427 2538 5502 Salvianus
2564 5428 2651 5502 hi9
2671 5430 2881 5502 (ictuum
2911 5430 3214 5498 aggreditur
3234 5432 3569 5502 disputatio~.

1969 5515 2088 5553 nem
2117 5500 2185 5554 de
2212 5498 2596 5567 gubernatione
2623 5499 2734 5552 Dei.

2039 5568 2067 5606 ιι
2098 5568 2333 5640 Respicit
2360 5569 2584 5640 fortasse
2624 5576 2812 5623 auctor
2840 5568 3017 5640 locum
3049 5569 3211 5626 Eccli.
3248 5588 3428 5638 xxxtx,
3464 5573 3548 5639 10,

1967 5640 2058 5714 ubi
2079 5639 2312 5714 legitur:
2346 5639 2467 5714 Ipse
2489 5640 2674 5714 diriget
2702 5639 3103 5714 consilinmejus
3125 5653 3173 5696 et
3201 5643 3548 5714 disciplinam.

1968 5709 2142 5778 Atque
2170 5712 2256 5767 hic
2278 5712 2350 5768 ita
2379 5709 2659 5779 legendum
2701 5710 2923 5765 suadere
2947 5709 3155 5767 videtur
3175 5709 3479 5776 contextus.
