  <div class='ocr_page' id='page_1' title='image "/cluster/home/n/w/nwhite01/storage/ocr_20150623/53/hvd.32044073505091/033.png"; bbox 0 0 4006 6182; ppageno 0'>
   <div class='ocr_carea' id='block_1_1' title="bbox 407 337 2047 451">
    <p class='ocr_par' dir='ltr' id='par_1_1' title="bbox 407 351 2047 451">
     <span class='ocr_line' id='line_1_1' title="bbox 407 351 2047 451; baseline -0.026 0"><span class='ocrx_word' id='word_1_1' title='bbox 407 393 466 451; x_wconf 63' lang='lat' dir='ltr'><strong>Si</strong></span> <span class='ocrx_word' id='word_1_2' title='bbox 1365 370 1423 426; x_wconf 86' lang='lat' dir='ltr'><strong>S.</strong></span> <span class='ocrx_word' id='word_1_3' title='bbox 1463 360 1780 426; x_wconf 72' lang='lat' dir='ltr'><strong>SALVIAM</strong></span> <span class='ocrx_word' id='word_1_4' title='bbox 1819 351 2047 412; x_wconf 74' lang='lat' dir='ltr'><strong>MASS“</strong></span> 
     </span>
    </p>
   </div>
   <div class='ocr_carea' id='block_1_2' title="bbox 2155 337 2745 451">
    <p class='ocr_par' dir='ltr' id='par_1_2' title="bbox 2155 337 2745 404">
     <span class='ocr_line' id='line_1_2' title="bbox 2155 337 2745 404; baseline -0.015 -3"><span class='ocrx_word' id='word_1_5' title='bbox 2155 348 2279 404; x_wconf 61' lang='lat' dir='ltr'><strong>iSlS</strong></span> <span class='ocrx_word' id='word_1_6' title='bbox 2318 337 2745 399; x_wconf 74' lang='lat' dir='ltr'><strong>PRESBYTERI</strong></span> 
     </span>
    </p>
   </div>
   <div class='ocr_carea' id='block_1_3' title="bbox 3606 309 3676 371">
    <p class='ocr_par' dir='ltr' id='par_1_3' title="bbox 3606 309 3676 371">
     <span class='ocr_line' id='line_1_3' title="bbox 3606 309 3676 371; baseline 0.029 -2"><span class='ocrx_word' id='word_1_7' title='bbox 3606 309 3676 371; x_wconf 61' lang='grc' dir='ltr'>ω</span> 
     </span>
    </p>
   </div>
   <div class='ocr_carea' id='block_1_4' title="bbox 407 435 3678 576">
    <p class='ocr_par' dir='ltr' id='par_1_4' title="bbox 407 435 3678 576">
     <span class='ocr_line' id='line_1_4' title="bbox 407 435 3678 576; baseline -0.023 -14"><span class='ocrx_word' id='word_1_8' title='bbox 407 505 594 576; x_wconf 86' lang='lat' dir='ltr'><strong>inquit,</strong></span> <span class='ocrx_word' id='word_1_9' title='bbox 633 501 804 572; x_wconf 76' lang='lat' dir='ltr'><strong>diligit</strong></span> <span class='ocrx_word' id='word_1_10' title='bbox 851 495 1122 552; x_wconf 71' lang='lat' dir='ltr'><strong>consilium</strong></span> <span class='ocrx_word' id='word_1_11' title='bbox 1165 495 1216 544; x_wconf 86' lang='lat' dir='ltr'><strong>et</strong></span> <span class='ocrx_word' id='word_1_12' title='bbox 1243 485 1574 555; x_wconf 69' lang='lat' dir='ltr'><strong>disciplinam</strong></span> <span class='ocrx_word' id='word_1_13' title='bbox 1603 471 1986 548; x_wconf 66' lang='lat' dir='ltr'><strong>(Ecciinxu,</strong></span> <span class='ocrx_word' id='word_1_14' title='bbox 2022 466 2068 524; x_wconf 74' lang='grc' dir='ltr'>Α</span> <span class='ocrx_word' id='word_1_15' title='bbox 2097 464 2330 516; x_wconf 83' lang='lat' dir='ltr'><strong>humano</strong></span> <span class='ocrx_word' id='word_1_16' title='bbox 2357 469 2556 526; x_wconf 84' lang='lat' dir='ltr'><strong>genere</strong></span> <span class='ocrx_word' id='word_1_17' title='bbox 2582 461 2692 507; x_wconf 89' lang='lat' dir='ltr'><strong>tam</strong></span> <span class='ocrx_word' id='word_1_18' title='bbox 2719 448 2890 504; x_wconf 82' lang='lat' dir='ltr'><strong>malus</strong></span> <span class='ocrx_word' id='word_1_19' title='bbox 2915 452 2998 502; x_wconf 85' lang='lat' dir='ltr'><strong>est</strong></span> <span class='ocrx_word' id='word_1_20' title='bbox 3022 443 3115 514; x_wconf 87' lang='lat' dir='ltr'><strong>qui</strong></span> <span class='ocrx_word' id='word_1_21' title='bbox 3143 442 3264 498; x_wconf 89' lang='lat' dir='ltr'><strong>ideo</strong></span> <span class='ocrx_word' id='word_1_22' title='bbox 3291 453 3414 496; x_wconf 81' lang='lat' dir='ltr'><strong>cum</strong></span> <span class='ocrx_word' id='word_1_23' title='bbox 3441 435 3552 492; x_wconf 88' lang='lat' dir='ltr'><strong>ullo</strong></span> <span class='ocrx_word' id='word_1_24' title='bbox 3575 437 3678 489; x_wconf 66' lang='lat' dir='ltr'><strong>hoc</strong></span> 
     </span>
     <span class='ocr_line' id='line_1_5' title="bbox 1411 529 3678 576; baseline -0.023 40"><span class='ocrx_word' id='word_1_25' title='bbox 1411 574 1418 576; x_wconf 66' lang='lat'><strong>‘</strong></span> <span class='ocrx_word' id='word_1_26' title='bbox 1737 572 1747 576; x_wconf 74' lang='lat'><em>‘</em></span> <span class='ocrx_word' id='word_1_27' title='bbox 1795 561 1811 576; x_wconf 91' lang='lat'><strong><em>‘</em></strong></span> <span class='ocrx_word' id='word_1_28' title='bbox 1888 574 1958 576; x_wconf 48' lang='grc' dir='ltr'>Ἠ</span> <span class='ocrx_word' id='word_1_29' title='bbox 2100 553 2303 576; x_wconf 65' lang='grc' dir='ltr'><strong>-·²·-··-οι</strong></span> <span class='ocrx_word' id='word_1_30' title='bbox 2331 547 2459 576; x_wconf 69' lang='grc' dir='ltr'><strong>-η-ιιι</strong></span> <span class='ocrx_word' id='word_1_31' title='bbox 2500 559 2617 576; x_wconf 70' lang='lat' dir='ltr'><strong>mw-</strong></span> <span class='ocrx_word' id='word_1_32' title='bbox 2643 541 2768 576; x_wconf 65' lang='lat' dir='ltr'><strong>m-ia</strong></span> <span class='ocrx_word' id='word_1_33' title='bbox 2800 554 2906 576; x_wconf 84' lang='lat' dir='ltr'><strong>mm</strong></span> <span class='ocrx_word' id='word_1_34' title='bbox 2936 543 3095 576; x_wconf 61' lang='lat' dir='ltr'><strong>amor,</strong></span> <span class='ocrx_word' id='word_1_35' title='bbox 3140 540 3198 576; x_wconf 68' lang='lat' dir='ltr'><strong>et</strong></span> <span class='ocrx_word' id='word_1_36' title='bbox 3223 529 3292 576; x_wconf 73' lang='lat' dir='ltr'><strong>ad</strong></span> <span class='ocrx_word' id='word_1_37' title='bbox 3327 531 3433 576; x_wconf 64' lang='lat' dir='ltr'><strong>hoc</strong></span> <span class='ocrx_word' id='word_1_38' title='bbox 3475 531 3678 576; x_wconf 60' lang='lat' dir='ltr'><strong>tantum</strong></span> 
     </span>
    </p>
   </div>
   <div class='ocr_carea' id='block_1_5' title="bbox 408 561 1996 666">
    <p class='ocr_par' dir='ltr' id='par_1_5' title="bbox 408 561 1996 666">
     <span class='ocr_line' id='line_1_6' title="bbox 408 561 1996 666; baseline -0.026 -13"><span class='ocrx_word' id='word_1_39' title='bbox 408 561 531 666; x_wconf 46' lang='grc'><strong>10⁵).</strong></span> <span class='ocrx_word' id='word_1_40' title='bbox 560 561 672 648; x_wconf 65' lang='lat' dir='ltr'><strong>Nec</strong></span> <span class='ocrx_word' id='word_1_41' title='bbox 697 561 840 646; x_wconf 71' lang='lat' dir='ltr'><strong>enim</strong></span> <span class='ocrx_word' id='word_1_42' title='bbox 869 593 954 642; x_wconf 88' lang='lat' dir='ltr'><strong>est</strong></span> <span class='ocrx_word' id='word_1_43' title='bbox 981 581 1122 638; x_wconf 84' lang='lat' dir='ltr'><strong>aliud</strong></span> <span class='ocrx_word' id='word_1_44' title='bbox 1152 579 1312 642; x_wconf 87' lang='lat' dir='ltr'><strong>Deus,</strong></span> <span class='ocrx_word' id='word_1_45' title='bbox 1335 574 1490 644; x_wconf 82' lang='lat' dir='ltr'><strong>cujus</strong></span> <span class='ocrx_word' id='word_1_46' title='bbox 1515 583 1645 625; x_wconf 88' lang='lat' dir='ltr'><strong>cura</strong></span> <span class='ocrx_word' id='word_1_47' title='bbox 1671 572 1754 620; x_wconf 87' lang='lat' dir='ltr'><strong>est</strong></span> <span class='ocrx_word' id='word_1_48' title='bbox 1780 561 1849 617; x_wconf 91' lang='lat' dir='ltr'><strong>de</strong></span> <span class='ocrx_word' id='word_1_49' title='bbox 1875 574 1996 612; x_wconf 66' lang='lat' dir='ltr'><strong>omo</strong></span> 
     </span>
    </p>
   </div>
   <div class='ocr_carea' id='block_1_6' title="bbox 407 650 1998 748">
    <p class='ocr_par' dir='ltr' id='par_1_6' title="bbox 407 650 1998 748">
     <span class='ocr_line' id='line_1_7' title="bbox 407 650 1998 748; baseline -0.026 -5"><span class='ocrx_word' id='word_1_50' title='bbox 407 650 580 742; x_wconf 70' lang='lat' dir='ltr'><strong>nibus.</strong></span> <span class='ocrx_word' id='word_1_51' title='bbox 599 681 727 738; x_wconf 87' lang='lat' dir='ltr'><strong>Cum</strong></span> <span class='ocrx_word' id='word_1_52' title='bbox 753 680 826 735; x_wconf 79' lang='lat' dir='ltr'><strong>sis</strong></span> <span class='ocrx_word' id='word_1_53' title='bbox 853 693 1003 748; x_wconf 82' lang='lat' dir='ltr'><strong>ergo,</strong></span> <span class='ocrx_word' id='word_1_54' title='bbox 1019 670 1210 742; x_wconf 79' lang='lat' dir='ltr'><strong>inquit,</strong></span> <span class='ocrx_word' id='word_1_55' title='bbox 1235 668 1427 740; x_wconf 77' lang='lat' dir='ltr'><strong>justus,</strong></span> <span class='ocrx_word' id='word_1_56' title='bbox 1453 663 1594 734; x_wconf 73' lang='lat' dir='ltr'><strong>iuste</strong></span> <span class='ocrx_word' id='word_1_57' title='bbox 1617 653 1792 712; x_wconf 81' lang='lat' dir='ltr'><strong>omnia</strong></span> <span class='ocrx_word' id='word_1_58' title='bbox 1819 650 1998 720; x_wconf 76' lang='lat' dir='ltr'><strong>dispo-</strong></span> 
     </span>
    </p>
   </div>
   <div class='ocr_carea' id='block_1_7' title="bbox 406 743 1996 841">
    <p class='ocr_par' dir='ltr' id='par_1_7' title="bbox 406 743 1996 841">
     <span class='ocr_line' id='line_1_8' title="bbox 406 743 1996 841; baseline -0.027 -7"><span class='ocrx_word' id='word_1_59' title='bbox 406 781 510 838; x_wconf 74' lang='lat' dir='ltr'><strong>nis,</strong></span> <span class='ocrx_word' id='word_1_60' title='bbox 541 784 590 830; x_wconf 86' lang='lat' dir='ltr'><strong>et</strong></span> <span class='ocrx_word' id='word_1_61' title='bbox 619 789 734 828; x_wconf 80' lang='lat' dir='ltr'><strong>cum</strong></span> <span class='ocrx_word' id='word_1_62' title='bbox 761 743 956 841; x_wconf 62' lang='lat' dir='ltr'><strong>magna</strong></span> <span class='ocrx_word' id='word_1_63' title='bbox 983 760 1263 818; x_wconf 81' lang='lat' dir='ltr'><strong>reuerentia</strong></span> <span class='ocrx_word' id='word_1_64' title='bbox 1293 754 1526 825; x_wconf 77' lang='lat' dir='ltr'><strong>disponis</strong></span> <span class='ocrx_word' id='word_1_65' title='bbox 1554 763 1650 802; x_wconf 75' lang='lat' dir='ltr'><strong>nos</strong></span> <span class='ocrx_word' id='word_1_66' title='bbox 1679 746 1696 814; x_wconf 92' lang='lat'><strong>(</strong></span> <span class='ocrx_word' id='word_1_67' title='bbox 1721 743 1852 813; x_wconf 76' lang='lat' dir='ltr'><strong>Sap.</strong></span> <span class='ocrx_word' id='word_1_68' title='bbox 1903 753 1996 803; x_wconf 80' lang='lat' dir='ltr'><strong>xu,</strong></span> 
     </span>
    </p>
   </div>
   <div class='ocr_carea' id='block_1_8' title="bbox 411 832 2004 940">
    <p class='ocr_par' dir='ltr' id='par_1_8' title="bbox 411 832 2004 940">
     <span class='ocr_line' id='line_1_9' title="bbox 411 832 2004 940; baseline -0.026 -16"><span class='ocrx_word' id='word_1_69' title='bbox 563 865 706 920; x_wconf 84' lang='lat' dir='ltr'><strong>Ecce</strong></span> <span class='ocrx_word' id='word_1_70' title='bbox 734 832 900 918; x_wconf 71' lang='lat' dir='ltr'><strong>habes</strong></span> <span class='ocrx_word' id='word_1_71' title='bbox 926 855 1127 927; x_wconf 89' lang='lat' dir='ltr'><strong>iugiter</strong></span> <span class='ocrx_word' id='word_1_72' title='bbox 1153 851 1526 919; x_wconf 76' lang='lat' dir='ltr'><strong>disponentem</strong></span> <span class='ocrx_word' id='word_1_73' title='bbox 1575 839 1765 900; x_wconf 85' lang='lat' dir='ltr'><strong>Deum,</strong></span> <span class='ocrx_word' id='word_1_74' title='bbox 1803 832 2004 903; x_wconf 79' lang='lat' dir='ltr'><strong>iugiter</strong></span> 
     </span>
    </p>
   </div>
   <div class='ocr_carea' id='block_1_9' title="bbox 409 929 2004 1034">
    <p class='ocr_par' dir='ltr' id='par_1_9' title="bbox 409 929 2004 1034">
     <span class='ocr_line' id='line_1_10' title="bbox 409 929 2004 1034; baseline -0.028 -14"><span class='ocrx_word' id='word_1_75' title='bbox 409 965 797 1034; x_wconf 86' lang='lat' dir='ltr'><strong>gubernantem</strong></span> <span class='ocrx_word' id='word_1_76' title='bbox 831 971 846 1005; x_wconf 74' lang='grc' dir='ltr'><strong>ι</strong></span> <span class='ocrx_word' id='word_1_77' title='bbox 879 947 1124 1020; x_wconf 84' lang='lat' dir='ltr'><strong>quamvis</strong></span> <span class='ocrx_word' id='word_1_78' title='bbox 1164 944 1218 999; x_wconf 90' lang='lat' dir='ltr'><strong>in</strong></span> <span class='ocrx_word' id='word_1_79' title='bbox 1249 942 1354 996; x_wconf 91' lang='lat' dir='ltr'><strong>isto</strong></span> <span class='ocrx_word' id='word_1_80' title='bbox 1391 935 1682 1004; x_wconf 67' lang='lat' dir='ltr'><strong>Scriptura:</strong></span> <span class='ocrx_word' id='word_1_81' title='bbox 1726 929 1850 982; x_wconf 89' lang='lat' dir='ltr'><strong>loco</strong></span> <span class='ocrx_word' id='word_1_82' title='bbox 1894 937 2004 978; x_wconf 86' lang='lat' dir='ltr'><strong>non</strong></span> 
     </span>
    </p>
   </div>
   <div class='ocr_carea' id='block_1_10' title="bbox 413 1015 2002 1125">
    <p class='ocr_par' dir='ltr' id='par_1_10' title="bbox 413 1015 2002 1125">
     <span class='ocr_line' id='line_1_11' title="bbox 413 1015 2002 1125; baseline -0.028 -15"><span class='ocrx_word' id='word_1_83' title='bbox 413 1049 733 1125; x_wconf 78' lang='lat' dir='ltr'><strong>gubernatio</strong></span> <span class='ocrx_word' id='word_1_84' title='bbox 761 1015 968 1099; x_wconf 76' lang='lat' dir='ltr'><strong>tantum</strong></span> <span class='ocrx_word' id='word_1_85' title='bbox 997 1051 1170 1096; x_wconf 88' lang='lat' dir='ltr'><strong>sacra,</strong></span> <span class='ocrx_word' id='word_1_86' title='bbox 1195 1031 1288 1088; x_wconf 89' lang='lat' dir='ltr'><strong>sed</strong></span> <span class='ocrx_word' id='word_1_87' title='bbox 1313 1029 1476 1084; x_wconf 88' lang='lat' dir='ltr'><strong>etiam</strong></span> <span class='ocrx_word' id='word_1_88' title='bbox 1505 1022 1735 1092; x_wconf 75' lang='lat' dir='ltr'><strong>dignitas</strong></span> <span class='ocrx_word' id='word_1_89' title='bbox 1761 1015 2002 1071; x_wconf 88' lang='lat' dir='ltr'><strong>declare-</strong></span> 
     </span>
    </p>
   </div>
   <div class='ocr_carea' id='block_1_11' title="bbox 415 1103 2008 1200">
    <p class='ocr_par' dir='ltr' id='par_1_11' title="bbox 415 1103 2008 1200">
     <span class='ocr_line' id='line_1_12' title="bbox 415 1103 649 1125; baseline -0.026 -15"><span class='ocrx_word' id='word_1_90' title='bbox 415 1103 649 1125; x_wconf 30' lang='grc' dir='ltr'><strong>,νη-μην</strong></span> 
     </span>
     <span class='ocr_line' id='line_1_13' title="bbox 415 1103 2008 1200; baseline -0.028 0"><span class='ocrx_word' id='word_1_91' title='bbox 415 1155 504 1200; x_wconf 91' lang='lat' dir='ltr'><strong>tur</strong></span> <span class='ocrx_word' id='word_1_92' title='bbox 533 1145 785 1197; x_wconf 85' lang='lat' dir='ltr'><strong>humana.</strong></span> <span class='ocrx_word' id='word_1_93' title='bbox 817 1135 875 1190; x_wconf 86' lang='lat' dir='ltr'><strong>In</strong></span> <span class='ocrx_word' id='word_1_94' title='bbox 899 1135 1006 1188; x_wconf 86' lang='lat' dir='ltr'><strong>hoc</strong></span> <span class='ocrx_word' id='word_1_95' title='bbox 1031 1129 1172 1185; x_wconf 88' lang='lat' dir='ltr'><strong>enim</strong></span> <span class='ocrx_word' id='word_1_96' title='bbox 1197 1122 1340 1193; x_wconf 89' lang='lat' dir='ltr'><strong>quod</strong></span> <span class='ocrx_word' id='word_1_97' title='bbox 1369 1121 1476 1184; x_wconf 91' lang='lat' dir='ltr'><strong>ait,</strong></span> <span class='ocrx_word' id='word_1_98' title='bbox 1522 1112 1754 1184; x_wconf 73' lang='lat' dir='ltr'><strong>disponis</strong></span> <span class='ocrx_word' id='word_1_99' title='bbox 1782 1122 1896 1170; x_wconf 80' lang='lat' dir='ltr'><strong>nos,</strong></span> <span class='ocrx_word' id='word_1_100' title='bbox 1924 1103 2008 1157; x_wconf 97' lang='lat' dir='ltr'><strong>vis</strong></span> 
     </span>
    </p>
   </div>
   <div class='ocr_carea' id='block_1_12' title="bbox 417 1203 2010 1300">
    <p class='ocr_par' dir='ltr' id='par_1_12' title="bbox 417 1203 2010 1300">
     <span class='ocr_line' id='line_1_14' title="bbox 417 1203 2010 1300; baseline -0.029 -8"><span class='ocrx_word' id='word_1_101' title='bbox 417 1236 608 1292; x_wconf 73' lang='lat' dir='ltr'><strong>divium</strong></span> <span class='ocrx_word' id='word_1_102' title='bbox 631 1223 1066 1300; x_wconf 65' lang='lat' dir='ltr'><strong>gubernationis;</strong></span> <span class='ocrx_word' id='word_1_103' title='bbox 1090 1220 1142 1274; x_wconf 89' lang='lat' dir='ltr'><strong>in</strong></span> <span class='ocrx_word' id='word_1_104' title='bbox 1177 1219 1282 1272; x_wconf 82' lang='lat' dir='ltr'><strong>hoc</strong></span> <span class='ocrx_word' id='word_1_105' title='bbox 1304 1221 1483 1267; x_wconf 86' lang='lat' dir='ltr'><strong>autem</strong></span> <span class='ocrx_word' id='word_1_106' title='bbox 1511 1203 1654 1276; x_wconf 88' lang='lat' dir='ltr'><strong>quod</strong></span> <span class='ocrx_word' id='word_1_107' title='bbox 1678 1216 1788 1256; x_wconf 85' lang='lat' dir='ltr'><strong>cum</strong></span> <span class='ocrx_word' id='word_1_108' title='bbox 1817 1210 2010 1266; x_wconf 83' lang='lat' dir='ltr'><strong>magna</strong></span> 
     </span>
    </p>
   </div>
   <div class='ocr_carea' id='block_1_13' title="bbox 418 1287 2006 1386">
    <p class='ocr_par' dir='ltr' id='par_1_13' title="bbox 418 1287 2006 1386">
     <span class='ocr_line' id='line_1_15' title="bbox 418 1287 2006 1386; baseline -0.026 -5"><span class='ocrx_word' id='word_1_109' title='bbox 418 1325 740 1386; x_wconf 76' lang='lat' dir='ltr'><strong>reverentia,</strong></span> <span class='ocrx_word' id='word_1_110' title='bbox 798 1319 1010 1374; x_wconf 82' lang='lat' dir='ltr'><strong>culmen</strong></span> <span class='ocrx_word' id='word_1_111' title='bbox 1064 1311 1311 1366; x_wconf 74' lang='lat' dir='ltr'><strong>humanm</strong></span> <span class='ocrx_word' id='word_1_112' title='bbox 1365 1299 1665 1358; x_wconf 79' lang='lat' dir='ltr'><strong>ostenditur</strong></span> <span class='ocrx_word' id='word_1_113' title='bbox 1715 1287 2006 1360; x_wconf 77' lang='lat' dir='ltr'><strong>dignitatis.</strong></span> 
     </span>
    </p>
   </div>
   <div class='ocr_carea' id='block_1_14' title="bbox 419 1379 2009 1485">
    <p class='ocr_par' dir='ltr' id='par_1_14' title="bbox 419 1379 2009 1485">
     <span class='ocr_line' id='line_1_16' title="bbox 419 1379 2009 1485; baseline -0.028 -10"><span class='ocrx_word' id='word_1_114' title='bbox 419 1420 556 1474; x_wconf 80' lang='lat' dir='ltr'><strong>Alibi</strong></span> <span class='ocrx_word' id='word_1_115' title='bbox 597 1379 813 1485; x_wconf 77' lang='lat' dir='ltr'><strong>quoque</strong></span> <span class='ocrx_word' id='word_1_116' title='bbox 844 1412 894 1464; x_wconf 91' lang='lat' dir='ltr'><strong>in</strong></span> <span class='ocrx_word' id='word_1_117' title='bbox 931 1405 1191 1478; x_wconf 78' lang='lat' dir='ltr'><strong>propheta</strong></span> <span class='ocrx_word' id='word_1_118' title='bbox 1217 1418 1228 1454; x_wconf 91' lang='lat'>:</span> <span class='ocrx_word' id='word_1_119' title='bbox 1272 1391 1526 1466; x_wconf 78' lang='lat' dir='ltr'><strong>Nunquid</strong></span> <span class='ocrx_word' id='word_1_120' title='bbox 1556 1405 1660 1442; x_wconf 83' lang='lat' dir='ltr'><strong>non</strong></span> <span class='ocrx_word' id='word_1_121' title='bbox 1689 1384 1889 1440; x_wconf 65' lang='lat' dir='ltr'><strong>caelum,</strong></span> <span class='ocrx_word' id='word_1_122' title='bbox 1923 1379 2009 1432; x_wconf 85' lang='lat' dir='ltr'><strong>in-</strong></span> 
     </span>
    </p>
   </div>
   <div class='ocr_carea' id='block_1_15' title="bbox 421 1473 2012 1578">
    <p class='ocr_par' dir='ltr' id='par_1_15' title="bbox 421 1473 2012 1578">
     <span class='ocr_line' id='line_1_17' title="bbox 421 1473 2012 1578; baseline -0.028 -15"><span class='ocrx_word' id='word_1_123' title='bbox 421 1510 555 1578; x_wconf 86' lang='lat' dir='ltr'><strong>quit,</strong></span> <span class='ocrx_word' id='word_1_124' title='bbox 573 1517 620 1560; x_wconf 82' lang='lat' dir='ltr'><strong>et</strong></span> <span class='ocrx_word' id='word_1_125' title='bbox 647 1473 838 1560; x_wconf 66' lang='lat' dir='ltr'><strong>terram</strong></span> <span class='ocrx_word' id='word_1_126' title='bbox 867 1473 960 1570; x_wconf 77' lang='lat' dir='ltr'><strong>ego</strong></span> <span class='ocrx_word' id='word_1_127' title='bbox 996 1473 1183 1564; x_wconf 83' lang='lat' dir='ltr'><strong>impleo</strong></span> <span class='ocrx_word' id='word_1_128' title='bbox 1207 1489 1338 1559; x_wconf 79' lang='lat' dir='ltr'><strong>(Jer.</strong></span> <span class='ocrx_word' id='word_1_129' title='bbox 1359 1499 1506 1547; x_wconf 63' lang='grc' dir='ltr'><strong>χχιιι,</strong></span> <span class='ocrx_word' id='word_1_130' title='bbox 1538 1477 1630 1546; x_wconf 70' lang='grc'><strong>24)</strong></span> <span class='ocrx_word' id='word_1_131' title='bbox 1653 1473 1806 1529; x_wconf 86' lang='lat' dir='ltr'><strong>?Cur</strong></span> <span class='ocrx_word' id='word_1_132' title='bbox 1833 1477 2012 1540; x_wconf 86' lang='lat' dir='ltr'><strong>autem</strong></span> 
     </span>
    </p>
   </div>
   <div class='ocr_carea' id='block_1_16' title="bbox 423 1566 2012 1662">
    <p class='ocr_par' dir='ltr' id='par_1_16' title="bbox 423 1566 2012 1662">
     <span class='ocr_line' id='line_1_18' title="bbox 423 1566 2012 1662; baseline -0.027 -9"><span class='ocrx_word' id='word_1_133' title='bbox 423 1608 614 1653; x_wconf 87' lang='lat' dir='ltr'><strong>cuncta</strong></span> <span class='ocrx_word' id='word_1_134' title='bbox 645 1566 1030 1662; x_wconf 23' lang='lat' dir='ltr'><strong>impleatiipse</strong></span> <span class='ocrx_word' id='word_1_135' title='bbox 1059 1583 1298 1638; x_wconf 82' lang='lat' dir='ltr'><strong>declarat</strong></span> <span class='ocrx_word' id='word_1_136' title='bbox 1332 1593 1346 1631; x_wconf 88' lang='lat'><strong>:</strong></span> <span class='ocrx_word' id='word_1_137' title='bbox 1399 1571 1535 1637; x_wconf 81' lang='lat' dir='ltr'><strong>Quia</strong></span> <span class='ocrx_word' id='word_1_138' title='bbox 1581 1566 1842 1621; x_wconf 73' lang='lat' dir='ltr'><strong>nobiscum</strong></span> <span class='ocrx_word' id='word_1_139' title='bbox 1878 1575 2012 1623; x_wconf 78' lang='lat' dir='ltr'><strong>sunt,</strong></span> 
     </span>
    </p>
   </div>
   <div class='ocr_carea' id='block_1_17' title="bbox 426 1649 2016 1758">
    <p class='ocr_par' dir='ltr' id='par_1_17' title="bbox 426 1649 2016 1758">
     <span class='ocr_line' id='line_1_19' title="bbox 426 1649 2016 1758; baseline -0.027 -15"><span class='ocrx_word' id='word_1_140' title='bbox 426 1689 616 1758; x_wconf 77' lang='lat' dir='ltr'><strong>inquit,</strong></span> <span class='ocrx_word' id='word_1_141' title='bbox 645 1694 701 1738; x_wconf 82' lang='lat' dir='ltr'><strong>ut</strong></span> <span class='ocrx_word' id='word_1_142' title='bbox 732 1683 902 1737; x_wconf 78' lang='lat' dir='ltr'><strong>salros</strong></span> <span class='ocrx_word' id='word_1_143' title='bbox 933 1677 1124 1750; x_wconf 72' lang='lat' dir='ltr'><strong>faciam</strong></span> <span class='ocrx_word' id='word_1_144' title='bbox 1151 1687 1240 1728; x_wconf 79' lang='lat' dir='ltr'><strong>ros</strong></span> <span class='ocrx_word' id='word_1_145' title='bbox 1263 1667 1394 1739; x_wconf 83' lang='lat' dir='ltr'><strong>(Jer.</strong></span> <span class='ocrx_word' id='word_1_146' title='bbox 1417 1678 1546 1726; x_wconf 77' lang='lat' dir='ltr'><strong>xw,</strong></span> <span class='ocrx_word' id='word_1_147' title='bbox 1569 1657 1682 1725; x_wconf 78' lang='lat' dir='ltr'><strong>li).</strong></span> <span class='ocrx_word' id='word_1_148' title='bbox 1704 1653 1845 1708; x_wconf 84' lang='lat' dir='ltr'><strong>Ecce</strong></span> <span class='ocrx_word' id='word_1_149' title='bbox 1873 1649 2016 1704; x_wconf 87' lang='lat' dir='ltr'><strong>enim</strong></span> 
     </span>
    </p>
   </div>
   <div class='ocr_carea' id='block_1_18' title="bbox 432 1737 2016 1848">
    <p class='ocr_par' dir='ltr' id='par_1_18' title="bbox 432 1737 2016 1848">
     <span class='ocr_line' id='line_1_20' title="bbox 432 1737 1280 1758; baseline -0.028 -15"><span class='ocrx_word' id='word_1_150' title='bbox 432 1737 615 1758; x_wconf 42' lang='grc' dir='ltr'><strong>πηνα,</strong></span> <span class='ocrx_word' id='word_1_151' title='bbox 651 1737 658 1738; x_wconf 60' lang='lat'><strong><em>,</em></strong></span> <span class='ocrx_word' id='word_1_152' title='bbox 690 1737 693 1738; x_wconf 28' lang='grc' dir='ltr'><em>ν</em></span> <span class='ocrx_word' id='word_1_153' title='bbox 933 1737 942 1750; x_wconf 86' lang='lat'><em>_</em></span> <span class='ocrx_word' id='word_1_154' title='bbox 1275 1737 1280 1739; x_wconf 9' lang='grc' dir='ltr'>ἡ</span> 
     </span>
     <span class='ocr_line' id='line_1_21' title="bbox 432 1737 2016 1848; baseline -0.027 -15"><span class='ocrx_word' id='word_1_155' title='bbox 432 1780 536 1848; x_wconf 72' lang='lat'><strong>32</strong></span> <span class='ocrx_word' id='word_1_156' title='bbox 569 1791 673 1830; x_wconf 93' lang='lat' dir='ltr'><strong>nou</strong></span> <span class='ocrx_word' id='word_1_157' title='bbox 705 1770 868 1826; x_wconf 88' lang='lat' dir='ltr'><strong>modo</strong></span> <span class='ocrx_word' id='word_1_158' title='bbox 897 1766 1136 1834; x_wconf 85' lang='lat' dir='ltr'><strong>regimen</strong></span> <span class='ocrx_word' id='word_1_159' title='bbox 1177 1771 1332 1814; x_wconf 85' lang='lat' dir='ltr'><strong>suum</strong></span> <span class='ocrx_word' id='word_1_160' title='bbox 1372 1751 1628 1808; x_wconf 88' lang='lat' dir='ltr'><strong>Dominus</strong></span> <span class='ocrx_word' id='word_1_161' title='bbox 1663 1751 1720 1800; x_wconf 90' lang='lat' dir='ltr'><strong>et</strong></span> <span class='ocrx_word' id='word_1_162' title='bbox 1747 1737 2016 1810; x_wconf 82' lang='lat' dir='ltr'><strong>impletin-</strong></span> 
     </span>
    </p>
   </div>
   <div class='ocr_carea' id='block_1_19' title="bbox 2100 529 3682 612">
    <p class='ocr_par' dir='ltr' id='par_1_19' title="bbox 2100 529 3682 612">
     <span class='ocr_line' id='line_1_22' title="bbox 2100 529 3682 612; baseline -0.018 -5"><span class='ocrx_word' id='word_1_163' title='bbox 2100 553 2305 607; x_wconf 86' lang='lat' dir='ltr'><strong>minum</strong></span> <span class='ocrx_word' id='word_1_164' title='bbox 2331 547 2463 605; x_wconf 88' lang='lat' dir='ltr'><strong>velit</strong></span> <span class='ocrx_word' id='word_1_165' title='bbox 2499 559 2618 602; x_wconf 88' lang='lat' dir='ltr'><strong>esse</strong></span> <span class='ocrx_word' id='word_1_166' title='bbox 2643 541 2770 612; x_wconf 83' lang='lat' dir='ltr'><strong>quia</strong></span> <span class='ocrx_word' id='word_1_167' title='bbox 2800 554 2906 594; x_wconf 87' lang='lat' dir='ltr'><strong>non</strong></span> <span class='ocrx_word' id='word_1_168' title='bbox 2935 543 3100 602; x_wconf 85' lang='lat' dir='ltr'><strong>amet,</strong></span> <span class='ocrx_word' id='word_1_169' title='bbox 3140 540 3198 590; x_wconf 90' lang='lat' dir='ltr'><strong>et</strong></span> <span class='ocrx_word' id='word_1_170' title='bbox 3223 529 3292 586; x_wconf 88' lang='lat' dir='ltr'><strong>ad</strong></span> <span class='ocrx_word' id='word_1_171' title='bbox 3327 531 3433 585; x_wconf 88' lang='lat' dir='ltr'><strong>hoc</strong></span> <span class='ocrx_word' id='word_1_172' title='bbox 3475 531 3682 582; x_wconf 87' lang='lat' dir='ltr'><strong>tantum</strong></span> 
     </span>
    </p>
   </div>
   <div class='ocr_carea' id='block_1_20' title="bbox 2101 614 3686 712">
    <p class='ocr_par' dir='ltr' id='par_1_20' title="bbox 2101 614 3686 712">
     <span class='ocr_line' id='line_1_23' title="bbox 2101 614 3686 712; baseline -0.018 -13"><span class='ocrx_word' id='word_1_173' title='bbox 2101 643 2179 698; x_wconf 91' lang='lat' dir='ltr'><strong>uti</strong></span> <span class='ocrx_word' id='word_1_174' title='bbox 2200 638 2482 712; x_wconf 72' lang='lat' dir='ltr'><strong>prteseutia</strong></span> <span class='ocrx_word' id='word_1_175' title='bbox 2507 650 2603 692; x_wconf 88' lang='lat' dir='ltr'><strong>sua</strong></span> <span class='ocrx_word' id='word_1_176' title='bbox 2641 632 2822 702; x_wconf 88' lang='lat' dir='ltr'><strong>cupiat</strong></span> <span class='ocrx_word' id='word_1_177' title='bbox 2847 636 2908 684; x_wconf 91' lang='lat' dir='ltr'><strong>ut</strong></span> <span class='ocrx_word' id='word_1_178' title='bbox 2934 625 3142 696; x_wconf 84' lang='lat' dir='ltr'><strong>majore</strong></span> <span class='ocrx_word' id='word_1_179' title='bbox 3166 622 3278 680; x_wconf 84' lang='lat' dir='ltr'><strong>odii</strong></span> <span class='ocrx_word' id='word_1_180' title='bbox 3302 619 3482 676; x_wconf 88' lang='lat' dir='ltr'><strong>fructu</strong></span> <span class='ocrx_word' id='word_1_181' title='bbox 3517 614 3686 688; x_wconf 77' lang='lat' dir='ltr'><strong>possit</strong></span> 
     </span>
    </p>
   </div>
   <div class='ocr_carea' id='block_1_21' title="bbox 2100 708 3688 803">
    <p class='ocr_par' dir='ltr' id='par_1_21' title="bbox 2100 708 3688 803">
     <span class='ocr_line' id='line_1_24' title="bbox 2100 708 3688 803; baseline -0.02 -13"><span class='ocrx_word' id='word_1_182' title='bbox 2100 708 2380 803; x_wconf 71' lang='lat' dir='ltr'><strong>despicere</strong></span> <span class='ocrx_word' id='word_1_183' title='bbox 2419 731 2762 799; x_wconf 62' lang='lat' dir='ltr'><strong>praesentem.</strong></span> <span class='ocrx_word' id='word_1_184' title='bbox 2789 719 2909 791; x_wconf 81' lang='lat' dir='ltr'><strong>Ipsa</strong></span> <span class='ocrx_word' id='word_1_185' title='bbox 2939 731 3039 772; x_wconf 89' lang='lat' dir='ltr'><strong>nos</strong></span> <span class='ocrx_word' id='word_1_186' title='bbox 3088 714 3174 770; x_wconf 87' lang='lat' dir='ltr'><strong>vel</strong></span> <span class='ocrx_word' id='word_1_187' title='bbox 3217 711 3412 768; x_wconf 84' lang='lat' dir='ltr'><strong>doceat</strong></span> <span class='ocrx_word' id='word_1_188' title='bbox 3455 708 3688 763; x_wconf 85' lang='lat' dir='ltr'><strong>humana</strong></span> 
     </span>
    </p>
   </div>
   <div class='ocr_carea' id='block_1_22' title="bbox 2101 796 3691 888">
    <p class='ocr_par' dir='ltr' id='par_1_22' title="bbox 2101 796 3691 888">
     <span class='ocr_line' id='line_1_25' title="bbox 2101 796 3691 888; baseline -0.02 -7"><span class='ocrx_word' id='word_1_189' title='bbox 2101 832 2317 888; x_wconf 87' lang='lat' dir='ltr'><strong>natura,</strong></span> <span class='ocrx_word' id='word_1_190' title='bbox 2341 796 2438 875; x_wconf 75' lang='lat' dir='ltr'><strong>vel</strong></span> <span class='ocrx_word' id='word_1_191' title='bbox 2453 818 2652 881; x_wconf 81' lang='lat' dir='ltr'><strong>vincat,</strong></span> <span class='ocrx_word' id='word_1_192' title='bbox 2677 813 2726 869; x_wconf 91' lang='lat' dir='ltr'><strong>si</strong></span> <span class='ocrx_word' id='word_1_193' title='bbox 2752 827 2862 868; x_wconf 89' lang='lat' dir='ltr'><strong>non</strong></span> <span class='ocrx_word' id='word_1_194' title='bbox 2906 807 3030 864; x_wconf 89' lang='lat' dir='ltr'><strong>ideo</strong></span> <span class='ocrx_word' id='word_1_195' title='bbox 3076 817 3200 860; x_wconf 87' lang='lat' dir='ltr'><strong>eum</strong></span> <span class='ocrx_word' id='word_1_196' title='bbox 3226 811 3550 872; x_wconf 85' lang='lat' dir='ltr'><strong>quocunque</strong></span> <span class='ocrx_word' id='word_1_197' title='bbox 3585 796 3691 851; x_wconf 83' lang='lat' dir='ltr'><strong>ho-</strong></span> 
     </span>
    </p>
   </div>
   <div class='ocr_carea' id='block_1_23' title="bbox 2102 888 3691 981">
    <p class='ocr_par' dir='ltr' id='par_1_23' title="bbox 2102 888 3691 981">
     <span class='ocr_line' id='line_1_26' title="bbox 2102 888 3691 981; baseline -0.023 -6"><span class='ocrx_word' id='word_1_198' title='bbox 2102 919 2249 976; x_wconf 85' lang='lat' dir='ltr'><strong>mine</strong></span> <span class='ocrx_word' id='word_1_199' title='bbox 2275 929 2396 970; x_wconf 87' lang='lat' dir='ltr'><strong>esse</strong></span> <span class='ocrx_word' id='word_1_200' title='bbox 2423 909 2668 981; x_wconf 88' lang='lat' dir='ltr'><strong>cupimus</strong></span> <span class='ocrx_word' id='word_1_201' title='bbox 2691 905 2818 975; x_wconf 83' lang='lat' dir='ltr'><strong>quia</strong></span> <span class='ocrx_word' id='word_1_202' title='bbox 2855 915 2980 956; x_wconf 90' lang='lat' dir='ltr'><strong>eum</strong></span> <span class='ocrx_word' id='word_1_203' title='bbox 3005 912 3128 954; x_wconf 88' lang='lat' dir='ltr'><strong>cum</strong></span> <span class='ocrx_word' id='word_1_204' title='bbox 3167 909 3277 964; x_wconf 88' lang='lat' dir='ltr'><strong>quo</strong></span> <span class='ocrx_word' id='word_1_205' title='bbox 3305 905 3424 948; x_wconf 88' lang='lat' dir='ltr'><strong>esse</strong></span> <span class='ocrx_word' id='word_1_206' title='bbox 3449 888 3691 959; x_wconf 84' lang='lat' dir='ltr'><strong>cupimus</strong></span> 
     </span>
    </p>
   </div>
   <div class='ocr_carea' id='block_1_24' title="bbox 2105 981 3692 1078">
    <p class='ocr_par' dir='ltr' id='par_1_24' title="bbox 2105 981 3692 1078">
     <span class='ocr_line' id='line_1_27' title="bbox 2105 981 3692 1078; baseline -0.021 -13"><span class='ocrx_word' id='word_1_207' title='bbox 2105 1009 2398 1078; x_wconf 79' lang='lat' dir='ltr'><strong>diligimus.</strong></span> <span class='ocrx_word' id='word_1_208' title='bbox 2428 1003 2498 1058; x_wconf 88' lang='lat' dir='ltr'><strong>Et</strong></span> <span class='ocrx_word' id='word_1_209' title='bbox 2525 1001 2650 1071; x_wconf 85' lang='lat' dir='ltr'><strong>quia</strong></span> <span class='ocrx_word' id='word_1_210' title='bbox 2673 998 2861 1068; x_wconf 83' lang='lat' dir='ltr'><strong>utique</strong></span> <span class='ocrx_word' id='word_1_211' title='bbox 2881 991 3170 1060; x_wconf 78' lang='lat' dir='ltr'><strong>diligimus,</strong></span> <span class='ocrx_word' id='word_1_212' title='bbox 3197 984 3459 1056; x_wconf 87' lang='lat' dir='ltr'><strong>prodesse</strong></span> <span class='ocrx_word' id='word_1_213' title='bbox 3485 981 3538 1036; x_wconf 91' lang='lat' dir='ltr'><strong>ei</strong></span> <span class='ocrx_word' id='word_1_214' title='bbox 3563 993 3692 1050; x_wconf 72' lang='lat' dir='ltr'><strong>pree-</strong></span> 
     </span>
    </p>
   </div>
   <div class='ocr_carea' id='block_1_25' title="bbox 2108 1071 3698 1158">
    <p class='ocr_par' dir='ltr' id='par_1_25' title="bbox 2108 1071 3698 1158">
     <span class='ocr_line' id='line_1_28' title="bbox 2108 1071 3698 1158; baseline -0.02 -4"><span class='ocrx_word' id='word_1_215' title='bbox 2108 1099 2336 1154; x_wconf 86' lang='lat' dir='ltr'><strong>sentiam</strong></span> <span class='ocrx_word' id='word_1_216' title='bbox 2368 1103 2608 1149; x_wconf 88' lang='lat' dir='ltr'><strong>nostram</strong></span> <span class='ocrx_word' id='word_1_217' title='bbox 2651 1088 2896 1158; x_wconf 87' lang='lat' dir='ltr'><strong>cupimus</strong></span> <span class='ocrx_word' id='word_1_218' title='bbox 2915 1095 3076 1152; x_wconf 87' lang='lat' dir='ltr'><strong>quem</strong></span> <span class='ocrx_word' id='word_1_219' title='bbox 3109 1089 3370 1133; x_wconf 85' lang='lat' dir='ltr'><strong>amamus.</strong></span> <span class='ocrx_word' id='word_1_220' title='bbox 3393 1071 3549 1139; x_wconf 85' lang='lat' dir='ltr'><strong>Quod</strong></span> <span class='ocrx_word' id='word_1_221' title='bbox 3571 1083 3698 1136; x_wconf 82' lang='lat' dir='ltr'><strong>ergo</strong></span> 
     </span>
    </p>
   </div>
   <div class='ocr_carea' id='block_1_26' title="bbox 2110 1159 3696 1246">
    <p class='ocr_par' dir='ltr' id='par_1_26' title="bbox 2110 1159 3696 1246">
     <span class='ocr_line' id='line_1_29' title="bbox 2110 1159 3696 1246; baseline -0.022 0"><span class='ocrx_word' id='word_1_222' title='bbox 2110 1191 2273 1246; x_wconf 89' lang='lat' dir='ltr'><strong>etiam</strong></span> <span class='ocrx_word' id='word_1_223' title='bbox 2305 1187 2452 1242; x_wconf 88' lang='lat' dir='ltr'><strong>male</strong></span> <span class='ocrx_word' id='word_1_224' title='bbox 2479 1182 2685 1239; x_wconf 86' lang='lat' dir='ltr'><strong>homini</strong></span> <span class='ocrx_word' id='word_1_225' title='bbox 2705 1177 2917 1234; x_wconf 89' lang='lat' dir='ltr'><strong>auferre</strong></span> <span class='ocrx_word' id='word_1_226' title='bbox 2953 1189 3061 1229; x_wconf 89' lang='lat' dir='ltr'><strong>non</strong></span> <span class='ocrx_word' id='word_1_227' title='bbox 3085 1181 3390 1242; x_wconf 85' lang='lat' dir='ltr'><strong>possumus,</strong></span> <span class='ocrx_word' id='word_1_228' title='bbox 3411 1164 3523 1218; x_wconf 91' lang='lat' dir='ltr'><strong>Deo</strong></span> <span class='ocrx_word' id='word_1_229' title='bbox 3553 1159 3696 1214; x_wconf 64' lang='lat' dir='ltr'><strong>toliio</strong></span> 
     </span>
    </p>
   </div>
   <div class='ocr_carea' id='block_1_27' title="bbox 2110 1251 3697 1347">
    <p class='ocr_par' dir='ltr' id='par_1_27' title="bbox 2110 1251 3697 1347">
     <span class='ocr_line' id='line_1_30' title="bbox 2110 1251 3697 1347; baseline -0.021 -11"><span class='ocrx_word' id='word_1_230' title='bbox 2110 1297 2250 1344; x_wconf 82' lang='lat' dir='ltr'><strong>mus,</strong></span> <span class='ocrx_word' id='word_1_231' title='bbox 2283 1285 2336 1332; x_wconf 91' lang='lat' dir='ltr'><strong>et</strong></span> <span class='ocrx_word' id='word_1_232' title='bbox 2364 1275 2605 1347; x_wconf 87' lang='lat' dir='ltr'><strong>peiorem</strong></span> <span class='ocrx_word' id='word_1_233' title='bbox 2635 1268 2884 1342; x_wconf 86' lang='lat' dir='ltr'><strong>pessimis</strong></span> <span class='ocrx_word' id='word_1_234' title='bbox 2920 1261 3226 1319; x_wconf 87' lang='lat' dir='ltr'><strong>hominibus</strong></span> <span class='ocrx_word' id='word_1_235' title='bbox 3255 1256 3426 1311; x_wconf 89' lang='lat' dir='ltr'><strong>Deum</strong></span> <span class='ocrx_word' id='word_1_236' title='bbox 3455 1251 3697 1315; x_wconf 82' lang='lat' dir='ltr'><strong>facimus,</strong></span> 
     </span>
    </p>
   </div>
   <div class='ocr_carea' id='block_1_28' title="bbox 2113 1339 3701 1441">
    <p class='ocr_par' dir='ltr' id='par_1_28' title="bbox 2113 1339 3701 1441">
     <span class='ocr_line' id='line_1_31' title="bbox 2113 1339 3701 1441; baseline -0.021 -15"><span class='ocrx_word' id='word_1_237' title='bbox 2113 1373 2202 1441; x_wconf 89' lang='lat' dir='ltr'><strong>qui</strong></span> <span class='ocrx_word' id='word_1_238' title='bbox 2227 1369 2296 1425; x_wconf 86' lang='lat' dir='ltr'><strong>ad</strong></span> <span class='ocrx_word' id='word_1_239' title='bbox 2321 1371 2424 1424; x_wconf 85' lang='lat' dir='ltr'><strong>hoc</strong></span> <span class='ocrx_word' id='word_1_240' title='bbox 2453 1339 2690 1418; x_wconf 83' lang='lat' dir='ltr'><strong>futurum</strong></span> <span class='ocrx_word' id='word_1_241' title='bbox 2720 1359 2999 1416; x_wconf 90' lang='lat' dir='ltr'><strong>nobiscum</strong></span> <span class='ocrx_word' id='word_1_242' title='bbox 3021 1368 3082 1408; x_wconf 89' lang='lat' dir='ltr'><strong>se</strong></span> <span class='ocrx_word' id='word_1_243' title='bbox 3108 1364 3228 1406; x_wconf 85' lang='lat' dir='ltr'><strong>esse</strong></span> <span class='ocrx_word' id='word_1_244' title='bbox 3253 1346 3451 1402; x_wconf 79' lang='lat' dir='ltr'><strong>dixerit</strong></span> <span class='ocrx_word' id='word_1_245' title='bbox 3475 1351 3536 1397; x_wconf 92' lang='lat' dir='ltr'><strong>ut</strong></span> <span class='ocrx_word' id='word_1_246' title='bbox 3561 1339 3701 1395; x_wconf 78' lang='lat' dir='ltr'><strong>fasti-</strong></span> 
     </span>
    </p>
   </div>
   <div class='ocr_carea' id='block_1_29' title="bbox 2115 1432 3703 1522">
    <p class='ocr_par' dir='ltr' id='par_1_29' title="bbox 2115 1432 3703 1522">
     <span class='ocr_line' id='line_1_32' title="bbox 2115 1432 3703 1522; baseline -0.021 -3"><span class='ocrx_word' id='word_1_247' title='bbox 2115 1432 2318 1519; x_wconf 81' lang='lat' dir='ltr'><strong>diosius</strong></span> <span class='ocrx_word' id='word_1_248' title='bbox 2365 1473 2466 1514; x_wconf 87' lang='lat' dir='ltr'><strong>nos</strong></span> <span class='ocrx_word' id='word_1_249' title='bbox 2515 1454 2842 1522; x_wconf 84' lang='lat' dir='ltr'><strong>negligeret,</strong></span> <span class='ocrx_word' id='word_1_250' title='bbox 2886 1460 3008 1502; x_wconf 90' lang='lat' dir='ltr'><strong>cum</strong></span> <span class='ocrx_word' id='word_1_251' title='bbox 3045 1443 3248 1498; x_wconf 82' lang='lat' dir='ltr'><strong>fuisset.</strong></span> <span class='ocrx_word' id='word_1_252' title='bbox 3299 1435 3407 1494; x_wconf 89' lang='lat' dir='ltr'><strong>Sed</strong></span> <span class='ocrx_word' id='word_1_253' title='bbox 3448 1435 3563 1490; x_wconf 64' lang='lat' dir='ltr'><strong>haec</strong></span> <span class='ocrx_word' id='word_1_254' title='bbox 3603 1432 3703 1486; x_wconf 84' lang='lat' dir='ltr'><strong>ba-</strong></span> 
     </span>
    </p>
   </div>
   <div class='ocr_carea' id='block_1_30' title="bbox 2117 1566 2323 1611">
    <p class='ocr_par' dir='ltr' id='par_1_30' title="bbox 2117 1566 2323 1611">
     <span class='ocr_line' id='line_1_33' title="bbox 2117 1566 2323 1611; baseline -0.019 0"><span class='ocrx_word' id='word_1_255' title='bbox 2117 1566 2323 1611; x_wconf 74' lang='lat' dir='ltr'><strong>etenus.</strong></span> 
     </span>
    </p>
   </div>
   <div class='ocr_carea' id='block_1_31' title="bbox 2191 1611 3706 1712">
    <p class='ocr_par' dir='ltr' id='par_1_31' title="bbox 2191 1611 3706 1712">
     <span class='ocr_line' id='line_1_34' title="bbox 2191 1611 3706 1712; baseline -0.022 -12"><span class='ocrx_word' id='word_1_256' title='bbox 2191 1645 2276 1700; x_wconf 89' lang='grc' dir='ltr'><strong>ιιι.</strong></span> <span class='ocrx_word' id='word_1_257' title='bbox 2310 1643 2573 1712; x_wconf 90' lang='lat' dir='ltr'><strong>Superest</strong></span> <span class='ocrx_word' id='word_1_258' title='bbox 2600 1642 2661 1690; x_wconf 92' lang='lat' dir='ltr'><strong>ut</strong></span> <span class='ocrx_word' id='word_1_259' title='bbox 2687 1633 2815 1704; x_wconf 87' lang='lat' dir='ltr'><strong>quia</strong></span> <span class='ocrx_word' id='word_1_260' title='bbox 2855 1624 3176 1685; x_wconf 88' lang='lat' dir='ltr'><strong>testimoniis</strong></span> <span class='ocrx_word' id='word_1_261' title='bbox 3219 1618 3387 1676; x_wconf 87' lang='lat' dir='ltr'><strong>sacris</strong></span> <span class='ocrx_word' id='word_1_262' title='bbox 3431 1623 3490 1672; x_wconf 90' lang='lat' dir='ltr'><strong>et</strong></span> <span class='ocrx_word' id='word_1_263' title='bbox 3513 1611 3706 1683; x_wconf 88' lang='lat' dir='ltr'><strong>respici</strong></span> 
     </span>
    </p>
   </div>
   <div class='ocr_carea' id='block_1_32' title="bbox 2123 1701 3710 1803">
    <p class='ocr_par' dir='ltr' id='par_1_32' title="bbox 2123 1701 3710 1803">
     <span class='ocr_line' id='line_1_35' title="bbox 2123 1701 3710 1803; baseline -0.021 -11"><span class='ocrx_word' id='word_1_264' title='bbox 2123 1753 2186 1792; x_wconf 87' lang='lat' dir='ltr'><strong>ac</strong></span> <span class='ocrx_word' id='word_1_265' title='bbox 2215 1734 2380 1803; x_wconf 86' lang='lat' dir='ltr'><strong>regia</strong></span> <span class='ocrx_word' id='word_1_266' title='bbox 2411 1731 2522 1786; x_wconf 92' lang='lat' dir='ltr'><strong>Deo</strong></span> <span class='ocrx_word' id='word_1_267' title='bbox 2558 1725 2738 1783; x_wconf 87' lang='lat' dir='ltr'><strong>omnia</strong></span> <span class='ocrx_word' id='word_1_268' title='bbox 2763 1723 2874 1792; x_wconf 88' lang='lat' dir='ltr'><strong>iam</strong></span> <span class='ocrx_word' id='word_1_269' title='bbox 2903 1714 3272 1789; x_wconf 83' lang='lat' dir='ltr'><strong>probavimus,</strong></span> <span class='ocrx_word' id='word_1_270' title='bbox 3300 1709 3463 1766; x_wconf 88' lang='lat' dir='ltr'><strong>etiam</strong></span> <span class='ocrx_word' id='word_1_271' title='bbox 3485 1701 3710 1776; x_wconf 84' lang='lat' dir='ltr'><strong>iudicari</strong></span> 
     </span>
    </p>
   </div>
   <div class='ocr_carea' id='block_1_33' title="bbox 435 1791 3712 1933">
    <p class='ocr_par' dir='ltr' id='par_1_33' title="bbox 435 1791 3712 1933">
     <span class='ocr_line' id='line_1_36' title="bbox 435 1791 2775 1848; baseline -0.029 -13"><span class='ocrx_word' id='word_1_272' title='bbox 435 1791 536 1848; x_wconf 71' lang='grc'><strong>32</strong></span> <span class='ocrx_word' id='word_1_273' title='bbox 569 1791 673 1830; x_wconf 75' lang='grc'><strong>11011</strong></span> <span class='ocrx_word' id='word_1_274' title='bbox 705 1791 868 1826; x_wconf 69' lang='grc'><strong>111000</strong></span> <span class='ocrx_word' id='word_1_275' title='bbox 898 1791 1136 1834; x_wconf 69' lang='grc' dir='ltr'><strong>ΙἘξςΙιηι-ιι</strong></span> <span class='ocrx_word' id='word_1_276' title='bbox 1177 1791 1332 1814; x_wconf 70' lang='lat' dir='ltr'><strong>auus“</strong></span> <span class='ocrx_word' id='word_1_277' title='bbox 1372 1791 1627 1808; x_wconf 80' lang='grc' dir='ltr'><strong>νυι..........</strong></span> <span class='ocrx_word' id='word_1_278' title='bbox 1666 1791 1719 1800; x_wconf 57' lang='grc' dir='ltr'><strong>ν-</strong></span> <span class='ocrx_word' id='word_1_279' title='bbox 1749 1791 1896 1810; x_wconf 50' lang='grc' dir='ltr'><strong>---τη</strong></span> <span class='ocrx_word' id='word_1_280' title='bbox 2174 1791 2177 1792; x_wconf 22' lang='grc' dir='ltr'><em>ν</em></span> <span class='ocrx_word' id='word_1_281' title='bbox 2278 1791 2306 1803; x_wconf 60' lang='grc' dir='ltr'>ν</span> <span class='ocrx_word' id='word_1_282' title='bbox 2768 1791 2775 1792; x_wconf 18' lang='lat'><em>7</em></span> 
     </span>
     <span class='ocr_line' id='line_1_37' title="bbox 435 1791 3712 1933; baseline -0.024 -7"><span class='ocrx_word' id='word_1_283' title='bbox 435 1885 577 1933; x_wconf 90' lang='lat' dir='ltr'><strong>nem,</strong></span> <span class='ocrx_word' id='word_1_284' title='bbox 609 1865 704 1921; x_wconf 87' lang='lat' dir='ltr'><strong>sed</strong></span> <span class='ocrx_word' id='word_1_285' title='bbox 727 1863 890 1918; x_wconf 84' lang='lat' dir='ltr'><strong>etiam</strong></span> <span class='ocrx_word' id='word_1_286' title='bbox 921 1858 1026 1912; x_wconf 89' lang='lat' dir='ltr'><strong>vim</strong></span> <span class='ocrx_word' id='word_1_287' title='bbox 1057 1869 1122 1908; x_wconf 87' lang='lat' dir='ltr'><strong>ac</strong></span> <span class='ocrx_word' id='word_1_288' title='bbox 1149 1845 1468 1906; x_wconf 81' lang='lat' dir='ltr'><strong>beneficium</strong></span> <span class='ocrx_word' id='word_1_289' title='bbox 1498 1839 1663 1910; x_wconf 85' lang='lat' dir='ltr'><strong>ipsius</strong></span> <span class='ocrx_word' id='word_1_290' title='bbox 1691 1829 2022 1898; x_wconf 87' lang='lat' dir='ltr'><strong>adimpletio-</strong></span> <span class='ocrx_word' id='word_1_291' title='bbox 2055 1831 2092 1883; x_wconf 70' lang='lat' dir='ltr'><strong>ti</strong></span> <span class='ocrx_word' id='word_1_292' title='bbox 2122 1827 2350 1900; x_wconf 82' lang='lat' dir='ltr'><strong>plurima</strong></span> <span class='ocrx_word' id='word_1_293' title='bbox 2377 1825 2430 1878; x_wconf 90' lang='lat' dir='ltr'><strong>in</strong></span> <span class='ocrx_word' id='word_1_294' title='bbox 2458 1821 2564 1876; x_wconf 92' lang='lat' dir='ltr'><strong>hoc</strong></span> <span class='ocrx_word' id='word_1_295' title='bbox 2600 1815 2796 1872; x_wconf 76' lang='lat' dir='ltr'><strong>smctﬂo</strong></span> <span class='ocrx_word' id='word_1_296' title='bbox 2826 1827 2855 1866; x_wconf 89' lang='lat' dir='ltr'><strong>a</strong></span> <span class='ocrx_word' id='word_1_297' title='bbox 2889 1808 3184 1865; x_wconf 91' lang='lat' dir='ltr'><strong>Divinitate</strong></span> <span class='ocrx_word' id='word_1_298' title='bbox 3211 1802 3520 1858; x_wconf 85' lang='lat' dir='ltr'><strong>doceamus.</strong></span> <span class='ocrx_word' id='word_1_299' title='bbox 3544 1791 3712 1852; x_wconf 86' lang='lat' dir='ltr'><strong>David</strong></span> 
     </span>
     <span class='ocr_line' id='line_1_38' title="bbox 1617 1885 3712 1933; baseline -0.021 45"><span class='ocrx_word' id='word_1_300' title='bbox 1617 1929 1631 1933; x_wconf 44' lang='lat'><strong>-</strong></span> <span class='ocrx_word' id='word_1_301' title='bbox 1688 1927 1702 1933; x_wconf 56' lang='lat'><strong>-</strong></span> <span class='ocrx_word' id='word_1_302' title='bbox 1818 1921 1876 1933; x_wconf 49' lang='grc' dir='ltr'><strong>’ῃ</strong></span> <span class='ocrx_word' id='word_1_303' title='bbox 1921 1922 1931 1932; x_wconf 57' lang='grc'><strong><em>⁸</em></strong></span> <span class='ocrx_word' id='word_1_304' title='bbox 1978 1919 1989 1930; x_wconf 66' lang='grc'><strong>’</strong></span> <span class='ocrx_word' id='word_1_305' title='bbox 2258 1925 2271 1933; x_wconf 83' lang='lat'><em>‘</em></span> <span class='ocrx_word' id='word_1_306' title='bbox 2300 1930 2336 1933; x_wconf 67' lang='lat'><strong>&quot;</strong></span> <span class='ocrx_word' id='word_1_307' title='bbox 2369 1927 2481 1933; x_wconf 71' lang='lat'><strong>“““</strong></span> <span class='ocrx_word' id='word_1_308' title='bbox 2513 1925 2538 1933; x_wconf 75' lang='lat'><em>‘</em></span> <span class='ocrx_word' id='word_1_309' title='bbox 2565 1905 2766 1933; x_wconf 52' lang='lat' dir='ltr'><strong>&quot;&quot;‘A‘A</strong></span> <span class='ocrx_word' id='word_1_310' title='bbox 2787 1899 3034 1933; x_wconf 59' lang='lat' dir='ltr'><strong>nni-main</strong></span> <span class='ocrx_word' id='word_1_311' title='bbox 3056 1891 3394 1933; x_wconf 71' lang='lat' dir='ltr'><strong>nnnlnmnlim</strong></span> <span class='ocrx_word' id='word_1_312' title='bbox 3412 1885 3712 1933; x_wconf 67' lang='lat' dir='ltr'><strong>nor-tulisset</strong></span> 
     </span>
    </p>
   </div>
   <div class='ocr_carea' id='block_1_34' title="bbox 432 1919 2022 2018">
    <p class='ocr_par' dir='ltr' id='par_1_34' title="bbox 432 1919 2022 2018">
     <span class='ocr_line' id='line_1_39' title="bbox 432 1919 2022 2018; baseline -0.031 1"><span class='ocrx_word' id='word_1_313' title='bbox 432 1963 514 2018; x_wconf 89' lang='lat' dir='ltr'><strong>nis</strong></span> <span class='ocrx_word' id='word_1_314' title='bbox 545 1957 798 2015; x_wconf 88' lang='lat' dir='ltr'><strong>ostendit.</strong></span> <span class='ocrx_word' id='word_1_315' title='bbox 833 1952 985 2010; x_wconf 89' lang='lat' dir='ltr'><strong>llunc</strong></span> <span class='ocrx_word' id='word_1_316' title='bbox 1013 1946 1160 2002; x_wconf 90' lang='lat' dir='ltr'><strong>enim</strong></span> <span class='ocrx_word' id='word_1_317' title='bbox 1187 1942 1417 1996; x_wconf 73' lang='lat' dir='ltr'><strong>fructum</strong></span> <span class='ocrx_word' id='word_1_318' title='bbox 1446 1935 1501 1990; x_wconf 90' lang='lat' dir='ltr'><strong>in</strong></span> <span class='ocrx_word' id='word_1_319' title='bbox 1529 1946 1590 1986; x_wconf 84' lang='lat' dir='ltr'><strong>se</strong></span> <span class='ocrx_word' id='word_1_320' title='bbox 1617 1927 1781 1984; x_wconf 86' lang='lat' dir='ltr'><strong>habet</strong></span> <span class='ocrx_word' id='word_1_321' title='bbox 1818 1919 2022 1976; x_wconf 89' lang='lat' dir='ltr'><strong>Divini-</strong></span> 
     </span>
    </p>
   </div>
   <div class='ocr_carea' id='block_1_35' title="bbox 435 2009 2022 2119">
    <p class='ocr_par' dir='ltr' id='par_1_35' title="bbox 435 2009 2022 2119">
     <span class='ocr_line' id='line_1_40' title="bbox 435 2009 2022 2119; baseline -0.032 -9"><span class='ocrx_word' id='word_1_322' title='bbox 435 2055 558 2109; x_wconf 89' lang='lat' dir='ltr'><strong>tatis</strong></span> <span class='ocrx_word' id='word_1_323' title='bbox 581 2047 843 2119; x_wconf 88' lang='lat' dir='ltr'><strong>impletio,</strong></span> <span class='ocrx_word' id='word_1_324' title='bbox 866 2053 926 2097; x_wconf 90' lang='lat' dir='ltr'><strong>ut</strong></span> <span class='ocrx_word' id='word_1_325' title='bbox 953 2039 1124 2096; x_wconf 84' lang='lat' dir='ltr'><strong>salvat</strong></span> <span class='ocrx_word' id='word_1_326' title='bbox 1145 2049 1210 2090; x_wconf 85' lang='lat' dir='ltr'><strong>ea</strong></span> <span class='ocrx_word' id='word_1_327' title='bbox 1237 2045 1356 2102; x_wconf 67' lang='lat' dir='ltr'><strong>quae</strong></span> <span class='ocrx_word' id='word_1_328' title='bbox 1395 2021 1772 2092; x_wconf 88' lang='lat' dir='ltr'><strong>adimplentur.</strong></span> <span class='ocrx_word' id='word_1_329' title='bbox 1808 2015 1874 2066; x_wconf 80' lang='lat' dir='ltr'><strong>Et</strong></span> <span class='ocrx_word' id='word_1_330' title='bbox 1902 2009 2022 2065; x_wconf 89' lang='lat' dir='ltr'><strong>ideo</strong></span> 
     </span>
    </p>
   </div>
   <div class='ocr_carea' id='block_1_36' title="bbox 436 2103 2020 2214">
    <p class='ocr_par' dir='ltr' id='par_1_36' title="bbox 436 2103 2020 2214">
     <span class='ocr_line' id='line_1_41' title="bbox 436 2103 2020 2214; baseline -0.03 -13"><span class='ocrx_word' id='word_1_331' title='bbox 436 2147 488 2202; x_wconf 88' lang='lat' dir='ltr'><strong>in</strong></span> <span class='ocrx_word' id='word_1_332' title='bbox 517 2138 888 2214; x_wconf 84' lang='lat' dir='ltr'><strong>apostolorum</strong></span> <span class='ocrx_word' id='word_1_333' title='bbox 920 2131 1142 2188; x_wconf 83' lang='lat' dir='ltr'><strong>Actibus</strong></span> <span class='ocrx_word' id='word_1_334' title='bbox 1166 2119 1510 2181; x_wconf 87' lang='lat' dir='ltr'><strong>beatissimus</strong></span> <span class='ocrx_word' id='word_1_335' title='bbox 1546 2110 1762 2172; x_wconf 87' lang='lat' dir='ltr'><strong>Paulus,</strong></span> <span class='ocrx_word' id='word_1_336' title='bbox 1798 2103 1862 2161; x_wconf 85' lang='lat' dir='ltr'><strong>In</strong></span> <span class='ocrx_word' id='word_1_337' title='bbox 1889 2103 2020 2172; x_wconf 84' lang='lat' dir='ltr'><strong>ipso,</strong></span> 
     </span>
     <span class='ocr_line' id='line_1_42' title="bbox 1609 2191 1998 2214; baseline -0.028 9"><span class='ocrx_word' id='word_1_338' title='bbox 1609 2202 1658 2214; x_wconf 71' lang='grc' dir='ltr'><strong>ι.</strong></span> <span class='ocrx_word' id='word_1_339' title='bbox 1711 2211 1720 2214; x_wconf 91' lang='grc'><strong>-</strong></span> <span class='ocrx_word' id='word_1_340' title='bbox 1829 2213 1861 2214; x_wconf 53' lang='grc' dir='ltr'><em>η</em></span> <span class='ocrx_word' id='word_1_341' title='bbox 1907 2191 1998 2214; x_wconf 64' lang='lat' dir='ltr'><strong>men</strong></span> 
     </span>
    </p>
   </div>
   <div class='ocr_carea' id='block_1_37' title="bbox 439 2191 2022 2306">
    <p class='ocr_par' dir='ltr' id='par_1_37' title="bbox 439 2191 2022 2306">
     <span class='ocr_line' id='line_1_43' title="bbox 439 2191 781 2214; baseline -0.026 -13"><span class='ocrx_word' id='word_1_342' title='bbox 518 2191 781 2214; x_wconf 36' lang='lat'><strong>_,.--__-,,</strong></span> 
     </span>
     <span class='ocr_line' id='line_1_44' title="bbox 439 2191 2022 2306; baseline -0.031 -14"><span class='ocrx_word' id='word_1_343' title='bbox 439 2235 627 2306; x_wconf 88' lang='lat' dir='ltr'><strong>inquit,</strong></span> <span class='ocrx_word' id='word_1_344' title='bbox 649 2242 698 2288; x_wconf 83' lang='lat' dir='ltr'><strong>et</strong></span> <span class='ocrx_word' id='word_1_345' title='bbox 719 2232 954 2292; x_wconf 73' lang='lat' dir='ltr'><strong>uiuimus,</strong></span> <span class='ocrx_word' id='word_1_346' title='bbox 981 2234 1036 2279; x_wconf 84' lang='lat' dir='ltr'><strong>et</strong></span> <span class='ocrx_word' id='word_1_347' title='bbox 1050 2233 1330 2280; x_wconf 77' lang='lat' dir='ltr'><strong>movemur,</strong></span> <span class='ocrx_word' id='word_1_348' title='bbox 1345 2220 1393 2268; x_wconf 89' lang='lat' dir='ltr'><strong>et</strong></span> <span class='ocrx_word' id='word_1_349' title='bbox 1407 2223 1578 2268; x_wconf 76' lang='lat' dir='ltr'><strong>sumus</strong></span> <span class='ocrx_word' id='word_1_350' title='bbox 1603 2202 1740 2276; x_wconf 82' lang='lat' dir='ltr'><strong>(Act.</strong></span> <span class='ocrx_word' id='word_1_351' title='bbox 1755 2213 1884 2257; x_wconf 81' lang='lat' dir='ltr'><strong>xvn,</strong></span> <span class='ocrx_word' id='word_1_352' title='bbox 1907 2191 2022 2263; x_wconf 67' lang='grc' dir='ltr'><strong>ι’2.8).</strong></span> 
     </span>
    </p>
   </div>
   <div class='ocr_carea' id='block_1_38' title="bbox 440 2289 2028 2394">
    <p class='ocr_par' dir='ltr' id='par_1_38' title="bbox 440 2289 2028 2394">
     <span class='ocr_line' id='line_1_45' title="bbox 440 2289 2028 2394; baseline -0.031 -8"><span class='ocrx_word' id='word_1_353' title='bbox 595 2289 797 2394; x_wconf 75' lang='lat' dir='ltr'><strong>absque</strong></span> <span class='ocrx_word' id='word_1_354' title='bbox 825 2289 990 2376; x_wconf 83' lang='lat' dir='ltr'><strong>dubio</strong></span> <span class='ocrx_word' id='word_1_355' title='bbox 1005 2328 1166 2386; x_wconf 88' lang='lat' dir='ltr'><strong>quam</strong></span> <span class='ocrx_word' id='word_1_356' title='bbox 1195 2309 1524 2379; x_wconf 85' lang='lat' dir='ltr'><strong>gubernator</strong></span> <span class='ocrx_word' id='word_1_357' title='bbox 1551 2304 1635 2353; x_wconf 88' lang='lat' dir='ltr'><strong>est</strong></span> <span class='ocrx_word' id='word_1_358' title='bbox 1660 2293 1805 2356; x_wconf 58' lang='lat' dir='ltr'><strong>vita,</strong></span> <span class='ocrx_word' id='word_1_359' title='bbox 1837 2289 1889 2342; x_wconf 89' lang='lat' dir='ltr'><strong>in</strong></span> <span class='ocrx_word' id='word_1_360' title='bbox 1919 2298 2028 2354; x_wconf 88' lang='lat' dir='ltr'><strong>quo</strong></span> 
     </span>
    </p>
   </div>
   <div class='ocr_carea' id='block_1_39' title="bbox 441 2384 2028 2488">
    <p class='ocr_par' dir='ltr' id='par_1_39' title="bbox 441 2384 2028 2488">
     <span class='ocr_line' id='line_1_46' title="bbox 441 2384 2028 2488; baseline -0.031 -10"><span class='ocrx_word' id='word_1_361' title='bbox 441 2430 620 2478; x_wconf 85' lang='lat' dir='ltr'><strong>motus</strong></span> <span class='ocrx_word' id='word_1_362' title='bbox 641 2419 755 2488; x_wconf 91' lang='lat' dir='ltr'><strong>ipse</strong></span> <span class='ocrx_word' id='word_1_363' title='bbox 780 2411 1010 2468; x_wconf 85' lang='lat' dir='ltr'><strong>viventis</strong></span> <span class='ocrx_word' id='word_1_364' title='bbox 1038 2413 1139 2462; x_wconf 88' lang='lat' dir='ltr'><strong>est.</strong></span> <span class='ocrx_word' id='word_1_365' title='bbox 1163 2403 1281 2458; x_wconf 83' lang='lat' dir='ltr'><strong>Non</strong></span> <span class='ocrx_word' id='word_1_366' title='bbox 1319 2398 1462 2453; x_wconf 88' lang='lat' dir='ltr'><strong>enim</strong></span> <span class='ocrx_word' id='word_1_367' title='bbox 1497 2390 1634 2448; x_wconf 76' lang='lat' dir='ltr'><strong>dixit</strong></span> <span class='ocrx_word' id='word_1_368' title='bbox 1670 2387 1738 2441; x_wconf 85' lang='lat' dir='ltr'><strong>ab</strong></span> <span class='ocrx_word' id='word_1_369' title='bbox 1767 2384 1882 2453; x_wconf 92' lang='lat' dir='ltr'><strong>ipso</strong></span> <span class='ocrx_word' id='word_1_370' title='bbox 1910 2392 2028 2441; x_wconf 89' lang='lat' dir='ltr'><strong>nos,</strong></span> 
     </span>
    </p>
   </div>
   <div class='ocr_carea' id='block_1_40' title="bbox 430 2468 2036 2578">
    <p class='ocr_par' dir='ltr' id='par_1_40' title="bbox 430 2468 2036 2578">
     <span class='ocr_line' id='line_1_47' title="bbox 442 2468 749 2488; baseline -0.023 -10"><span class='ocrx_word' id='word_1_371' title='bbox 442 2468 617 2478; x_wconf 65' lang='lat'><strong>...-----</strong></span> <span class='ocrx_word' id='word_1_372' title='bbox 643 2468 749 2488; x_wconf 63' lang='grc' dir='ltr'><strong>τ--</strong></span> 
     </span>
     <span class='ocr_line' id='line_1_48' title="bbox 430 2468 2036 2578; baseline -0.031 -10"><span class='ocrx_word' id='word_1_373' title='bbox 430 2512 537 2568; x_wconf 87' lang='lat' dir='ltr'><strong>sed</strong></span> <span class='ocrx_word' id='word_1_374' title='bbox 559 2513 612 2564; x_wconf 90' lang='lat' dir='ltr'><strong>in</strong></span> <span class='ocrx_word' id='word_1_375' title='bbox 648 2509 762 2578; x_wconf 85' lang='lat' dir='ltr'><strong>ipso</strong></span> <span class='ocrx_word' id='word_1_376' title='bbox 791 2501 1016 2564; x_wconf 78' lang='lat' dir='ltr'><strong>moveri,</strong></span> <span class='ocrx_word' id='word_1_377' title='bbox 1046 2497 1248 2551; x_wconf 85' lang='lat' dir='ltr'><strong>docens</strong></span> <span class='ocrx_word' id='word_1_378' title='bbox 1269 2488 1478 2545; x_wconf 88' lang='lat' dir='ltr'><strong>scilicet</strong></span> <span class='ocrx_word' id='word_1_379' title='bbox 1503 2481 1721 2538; x_wconf 86' lang='lat' dir='ltr'><strong>insitam</strong></span> <span class='ocrx_word' id='word_1_380' title='bbox 1747 2476 1886 2528; x_wconf 88' lang='lat' dir='ltr'><strong>intra</strong></span> <span class='ocrx_word' id='word_1_381' title='bbox 1925 2468 2036 2522; x_wconf 85' lang='lat' dir='ltr'><strong>vir-</strong></span> 
     </span>
    </p>
   </div>
   <div class='ocr_carea' id='block_1_41' title="bbox 446 2561 2034 2660">
    <p class='ocr_par' dir='ltr' id='par_1_41' title="bbox 446 2561 2034 2660">
     <span class='ocr_line' id='line_1_49' title="bbox 446 2561 2034 2660; baseline -0.03 0"><span class='ocrx_word' id='word_1_382' title='bbox 446 2615 589 2660; x_wconf 88' lang='lat' dir='ltr'><strong>tntes</strong></span> <span class='ocrx_word' id='word_1_383' title='bbox 606 2615 785 2658; x_wconf 84' lang='lat' dir='ltr'><strong>sacras</strong></span> <span class='ocrx_word' id='word_1_384' title='bbox 807 2594 1046 2649; x_wconf 88' lang='lat' dir='ltr'><strong>omnium</strong></span> <span class='ocrx_word' id='word_1_385' title='bbox 1078 2594 1317 2641; x_wconf 82' lang='lat' dir='ltr'><strong>nostrum</strong></span> <span class='ocrx_word' id='word_1_386' title='bbox 1347 2593 1466 2635; x_wconf 89' lang='lat' dir='ltr'><strong>esse</strong></span> <span class='ocrx_word' id='word_1_387' title='bbox 1492 2568 1844 2630; x_wconf 84' lang='lat' dir='ltr'><strong>substantiam</strong></span> <span class='ocrx_word' id='word_1_388' title='bbox 1871 2581 1884 2616; x_wconf 92' lang='lat'><strong>:</strong></span> <span class='ocrx_word' id='word_1_389' title='bbox 1909 2561 2034 2630; x_wconf 86' lang='lat' dir='ltr'><strong>quia</strong></span> 
     </span>
    </p>
   </div>
   <div class='ocr_carea' id='block_1_42' title="bbox 449 2655 2038 2765">
    <p class='ocr_par' dir='ltr' id='par_1_42' title="bbox 449 2655 2038 2765">
     <span class='ocr_line' id='line_1_50' title="bbox 449 2655 2038 2765; baseline -0.031 -11"><span class='ocrx_word' id='word_1_390' title='bbox 449 2698 502 2754; x_wconf 89' lang='lat' dir='ltr'><strong>in</strong></span> <span class='ocrx_word' id='word_1_391' title='bbox 534 2695 651 2765; x_wconf 86' lang='lat' dir='ltr'><strong>ipso</strong></span> <span class='ocrx_word' id='word_1_392' title='bbox 679 2689 922 2761; x_wconf 84' lang='lat' dir='ltr'><strong>profecto</strong></span> <span class='ocrx_word' id='word_1_393' title='bbox 948 2682 1176 2736; x_wconf 87' lang='lat' dir='ltr'><strong>vivimus</strong></span> <span class='ocrx_word' id='word_1_394' title='bbox 1221 2691 1252 2730; x_wconf 91' lang='lat' dir='ltr'><strong>a</strong></span> <span class='ocrx_word' id='word_1_395' title='bbox 1281 2687 1390 2742; x_wconf 91' lang='lat' dir='ltr'><strong>quo</strong></span> <span class='ocrx_word' id='word_1_396' title='bbox 1437 2670 1544 2724; x_wconf 84' lang='lat' dir='ltr'><strong>hoc</strong></span> <span class='ocrx_word' id='word_1_397' title='bbox 1593 2665 1774 2734; x_wconf 81' lang='lat' dir='ltr'><strong>ipsum.</strong></span> <span class='ocrx_word' id='word_1_398' title='bbox 1795 2655 2038 2711; x_wconf 88' lang='lat' dir='ltr'><strong>ducimus</strong></span> 
     </span>
     <span class='ocr_line' id='line_1_51' title="bbox 1339 2741 2038 2765; baseline -0.031 0"><span class='ocrx_word' id='word_1_399' title='bbox 1339 2763 1347 2765; x_wconf 24' lang='grc' dir='ltr'><em>Α</em></span> <span class='ocrx_word' id='word_1_400' title='bbox 1471 2758 1483 2765; x_wconf 87' lang='grc'><em>,</em></span> <span class='ocrx_word' id='word_1_401' title='bbox 1545 2753 1586 2765; x_wconf 73' lang='grc'><strong>,,</strong></span> <span class='ocrx_word' id='word_1_402' title='bbox 1866 2763 1873 2765; x_wconf 95' lang='lat'>_</span> <span class='ocrx_word' id='word_1_403' title='bbox 1915 2741 2038 2765; x_wconf 56' lang='lat' dir='ltr'><strong>Dm</strong></span> 
     </span>
    </p>
   </div>
   <div class='ocr_carea' id='block_1_43' title="bbox 451 2741 2042 2856">
    <p class='ocr_par' dir='ltr' id='par_1_43' title="bbox 451 2741 2042 2856">
     <span class='ocr_line' id='line_1_52' title="bbox 451 2741 2042 2856; baseline -0.031 -14"><span class='ocrx_word' id='word_1_404' title='bbox 451 2741 596 2856; x_wconf 59' lang='lat' dir='ltr'><strong>quoii</strong></span> <span class='ocrx_word' id='word_1_405' title='bbox 623 2741 826 2837; x_wconf 61' lang='lat' dir='ltr'><strong>suinns.</strong></span> <span class='ocrx_word' id='word_1_406' title='bbox 855 2773 962 2830; x_wconf 87' lang='lat' dir='ltr'><strong>Sed</strong></span> <span class='ocrx_word' id='word_1_407' title='bbox 986 2784 1042 2826; x_wconf 89' lang='lat' dir='ltr'><strong>et</strong></span> <span class='ocrx_word' id='word_1_408' title='bbox 1059 2741 1315 2823; x_wconf 78' lang='lat' dir='ltr'><strong>Salvator</strong></span> <span class='ocrx_word' id='word_1_409' title='bbox 1337 2758 1524 2831; x_wconf 87' lang='lat' dir='ltr'><strong>ipsein</strong></span> <span class='ocrx_word' id='word_1_410' title='bbox 1545 2748 1838 2818; x_wconf 82' lang='lat' dir='ltr'><strong>Evangelio</strong></span> <span class='ocrx_word' id='word_1_411' title='bbox 1864 2763 1878 2798; x_wconf 88' lang='lat'><strong>:</strong></span> <span class='ocrx_word' id='word_1_412' title='bbox 1907 2741 2042 2796; x_wconf 83' lang='lat' dir='ltr'><strong>Ecce</strong></span> 
     </span>
     <span class='ocr_line' id='line_1_53' title="bbox 1431 2833 2042 2856; baseline -0.029 6"><span class='ocrx_word' id='word_1_413' title='bbox 1431 2850 1463 2856; x_wconf 90' lang='lat'><strong>--</strong></span> <span class='ocrx_word' id='word_1_414' title='bbox 1610 2845 1638 2856; x_wconf 90' lang='lat'><strong>..</strong></span> <span class='ocrx_word' id='word_1_415' title='bbox 1675 2842 1688 2856; x_wconf 91' lang='lat'><strong>.</strong></span> <span class='ocrx_word' id='word_1_416' title='bbox 1980 2833 2042 2856; x_wconf 48' lang='grc' dir='ltr'><em>,Δ</em></span> 
     </span>
    </p>
   </div>
   <div class='ocr_carea' id='block_1_44' title="bbox 453 2833 2044 2948">
    <p class='ocr_par' dir='ltr' id='par_1_44' title="bbox 453 2833 2044 2948">
     <span class='ocr_line' id='line_1_54' title="bbox 453 2833 699 2856; baseline -0.024 -16"><span class='ocrx_word' id='word_1_417' title='bbox 453 2833 596 2856; x_wconf 58' lang='grc' dir='ltr'><strong>τ---</strong></span> <span class='ocrx_word' id='word_1_418' title='bbox 624 2833 699 2837; x_wconf 50' lang='grc' dir='ltr'>η</span> 
     </span>
     <span class='ocr_line' id='line_1_55' title="bbox 453 2833 2044 2948; baseline -0.03 -16"><span class='ocrx_word' id='word_1_419' title='bbox 453 2893 564 2948; x_wconf 75' lang='lat' dir='ltr'><strong>ego,</strong></span> <span class='ocrx_word' id='word_1_420' title='bbox 616 2871 806 2940; x_wconf 86' lang='lat' dir='ltr'><strong>inquit,</strong></span> <span class='ocrx_word' id='word_1_421' title='bbox 856 2865 1114 2920; x_wconf 72' lang='lat' dir='ltr'><strong>uobiscum</strong></span> <span class='ocrx_word' id='word_1_422' title='bbox 1143 2874 1257 2913; x_wconf 79' lang='lat' dir='ltr'><strong>sum</strong></span> <span class='ocrx_word' id='word_1_423' title='bbox 1301 2850 1540 2908; x_wconf 80' lang='lat' dir='ltr'><strong>omnibus</strong></span> <span class='ocrx_word' id='word_1_424' title='bbox 1587 2842 1762 2900; x_wconf 85' lang='lat' dir='ltr'><strong>diebus</strong></span> <span class='ocrx_word' id='word_1_425' title='bbox 1789 2853 1947 2910; x_wconf 77' lang='lat' dir='ltr'><strong>usque</strong></span> <span class='ocrx_word' id='word_1_426' title='bbox 1973 2833 2044 2886; x_wconf 86' lang='lat' dir='ltr'><strong>ad</strong></span> 
     </span>
     <span class='ocr_line' id='line_1_56' title="bbox 1216 2926 2042 2948; baseline -0.029 0"><span class='ocrx_word' id='word_1_427' title='bbox 1216 2946 1254 2948; x_wconf 45' lang='grc' dir='ltr'>η</span> <span class='ocrx_word' id='word_1_428' title='bbox 1348 2945 1357 2948; x_wconf 96' lang='lat'><em>_</em></span> <span class='ocrx_word' id='word_1_429' title='bbox 1592 2933 1677 2948; x_wconf 47' lang='lat' dir='ltr'><strong>nm</strong></span> <span class='ocrx_word' id='word_1_430' title='bbox 1725 2930 1769 2948; x_wconf 53' lang='grc' dir='ltr'><strong>ι,</strong></span> <span class='ocrx_word' id='word_1_431' title='bbox 1812 2947 1837 2948; x_wconf 32' lang='grc' dir='ltr'><em>η</em></span> <span class='ocrx_word' id='word_1_432' title='bbox 1874 2926 2042 2948; x_wconf 24' lang='grc' dir='ltr'><strong>*ηε-,Μ</strong></span> 
     </span>
    </p>
   </div>
   <div class='ocr_carea' id='block_1_45' title="bbox 455 2926 2044 3023">
    <p class='ocr_par' dir='ltr' id='par_1_45' title="bbox 455 2926 2044 3023">
     <span class='ocr_line' id='line_1_57' title="bbox 455 2926 2044 3023; baseline -0.029 0"><span class='ocrx_word' id='word_1_433' title='bbox 455 2926 942 3023; x_wconf 60' lang='lat' dir='ltr'><strong>consummationem</strong></span> <span class='ocrx_word' id='word_1_434' title='bbox 971 2951 1146 3009; x_wconf 74' lang='lat' dir='ltr'><strong>swcnli</strong></span> <span class='ocrx_word' id='word_1_435' title='bbox 1178 2930 1844 3020; x_wconf 71' lang='lat' dir='ltr'><strong>(Matth.xxvrt|,20).Non</strong></span> <span class='ocrx_word' id='word_1_436' title='bbox 1871 2926 2044 2982; x_wconf 84' lang='lat' dir='ltr'><strong>solum</strong></span> 
     </span>
    </p>
   </div>
   <div class='ocr_carea' id='block_1_46' title="bbox 457 3015 2048 3131">
    <p class='ocr_par' dir='ltr' id='par_1_46' title="bbox 457 3015 2048 3131">
     <span class='ocr_line' id='line_1_58' title="bbox 457 3015 2048 3131; baseline -0.027 -21"><span class='ocrx_word' id='word_1_437' title='bbox 457 3055 735 3131; x_wconf 84' lang='lat' dir='ltr'><strong>nobiscum</strong></span> <span class='ocrx_word' id='word_1_438' title='bbox 764 3063 823 3103; x_wconf 90' lang='lat' dir='ltr'><strong>se</strong></span> <span class='ocrx_word' id='word_1_439' title='bbox 869 3061 986 3100; x_wconf 81' lang='lat' dir='ltr'><strong>esse</strong></span> <span class='ocrx_word' id='word_1_440' title='bbox 1017 3042 1184 3103; x_wconf 75' lang='lat' dir='ltr'><strong>dixit,</strong></span> <span class='ocrx_word' id='word_1_441' title='bbox 1231 3034 1325 3091; x_wconf 88' lang='lat' dir='ltr'><strong>sed</strong></span> <span class='ocrx_word' id='word_1_442' title='bbox 1354 3033 1518 3088; x_wconf 89' lang='lat' dir='ltr'><strong>etiam</strong></span> <span class='ocrx_word' id='word_1_443' title='bbox 1564 3024 1814 3082; x_wconf 86' lang='lat' dir='ltr'><strong>omnibus</strong></span> <span class='ocrx_word' id='word_1_444' title='bbox 1860 3015 2048 3072; x_wconf 87' lang='lat' dir='ltr'><strong>diebus</strong></span> 
     </span>
    </p>
   </div>
   <div class='ocr_carea' id='block_1_47' title="bbox 459 3104 2048 3200">
    <p class='ocr_par' dir='ltr' id='par_1_47' title="bbox 459 3104 2048 3200">
     <span class='ocr_line' id='line_1_59' title="bbox 459 3104 2048 3200; baseline -0.028 1"><span class='ocrx_word' id='word_1_445' title='bbox 459 3162 576 3200; x_wconf 73' lang='lat' dir='ltr'><strong>esse</strong></span> <span class='ocrx_word' id='word_1_446' title='bbox 609 3142 908 3197; x_wconf 85' lang='lat' dir='ltr'><strong>nobiscum.</strong></span> <span class='ocrx_word' id='word_1_447' title='bbox 953 3134 1030 3188; x_wconf 85' lang='lat' dir='ltr'><strong>Tu</strong></span> <span class='ocrx_word' id='word_1_448' title='bbox 1063 3145 1205 3192; x_wconf 86' lang='lat' dir='ltr'><strong>eum,</strong></span> <span class='ocrx_word' id='word_1_449' title='bbox 1247 3143 1281 3182; x_wconf 87' lang='lat'><strong>0</strong></span> <span class='ocrx_word' id='word_1_450' title='bbox 1320 3119 1676 3191; x_wconf 81' lang='lat' dir='ltr'><strong>ingratissime</strong></span> <span class='ocrx_word' id='word_1_451' title='bbox 1724 3113 1910 3171; x_wconf 85' lang='lat' dir='ltr'><strong>homo,</strong></span> <span class='ocrx_word' id='word_1_452' title='bbox 1957 3104 2048 3173; x_wconf 91' lang='lat' dir='ltr'><strong>qui</strong></span> 
     </span>
    </p>
   </div>
   <div class='ocr_carea' id='block_1_48' title="bbox 461 3213 2047 3292">
    <p class='ocr_par' dir='ltr' id='par_1_48' title="bbox 461 3213 2047 3292">
     <span class='ocr_line' id='line_1_60' title="bbox 461 3213 2047 3292; baseline -0.025 -1"><span class='ocrx_word' id='word_1_453' title='bbox 461 3237 577 3292; x_wconf 80' lang='lat' dir='ltr'><strong>sine</strong></span> <span class='ocrx_word' id='word_1_454' title='bbox 605 3232 904 3290; x_wconf 85' lang='lat' dir='ltr'><strong>cessatione</strong></span> <span class='ocrx_word' id='word_1_455' title='bbox 938 3225 1218 3280; x_wconf 83' lang='lat' dir='ltr'><strong>nobiscum</strong></span> <span class='ocrx_word' id='word_1_456' title='bbox 1247 3226 1356 3280; x_wconf 89' lang='lat' dir='ltr'><strong>est,</strong></span> <span class='ocrx_word' id='word_1_457' title='bbox 1390 3228 1489 3268; x_wconf 90' lang='lat' dir='ltr'><strong>nec</strong></span> <span class='ocrx_word' id='word_1_458' title='bbox 1524 3221 1708 3265; x_wconf 86' lang='lat' dir='ltr'><strong>curam</strong></span> <span class='ocrx_word' id='word_1_459' title='bbox 1737 3217 1838 3257; x_wconf 88' lang='lat' dir='ltr'><strong>nec</strong></span> <span class='ocrx_word' id='word_1_460' title='bbox 1867 3213 2047 3267; x_wconf 85' lang='lat' dir='ltr'><strong>respe-</strong></span> 
     </span>
    </p>
   </div>
   <div class='ocr_carea' id='block_1_49' title="bbox 463 3289 2046 3388">
    <p class='ocr_par' dir='ltr' id='par_1_49' title="bbox 463 3289 2046 3388">
     <span class='ocr_line' id='line_1_61' title="bbox 463 3289 2046 3388; baseline -0.028 -1"><span class='ocrx_word' id='word_1_461' title='bbox 463 3341 606 3388; x_wconf 88' lang='lat' dir='ltr'><strong>ctum</strong></span> <span class='ocrx_word' id='word_1_462' title='bbox 637 3325 806 3382; x_wconf 85' lang='lat' dir='ltr'><strong>nostri</strong></span> <span class='ocrx_word' id='word_1_463' title='bbox 836 3323 1032 3377; x_wconf 83' lang='lat' dir='ltr'><strong>habere</strong></span> <span class='ocrx_word' id='word_1_464' title='bbox 1062 3313 1229 3370; x_wconf 77' lang='lat' dir='ltr'><strong>dicis?</strong></span> <span class='ocrx_word' id='word_1_465' title='bbox 1258 3307 1394 3376; x_wconf 84' lang='lat' dir='ltr'><strong>Quid</strong></span> <span class='ocrx_word' id='word_1_466' title='bbox 1423 3318 1553 3371; x_wconf 88' lang='lat' dir='ltr'><strong>ergo</strong></span> <span class='ocrx_word' id='word_1_467' title='bbox 1577 3299 1704 3354; x_wconf 86' lang='lat' dir='ltr'><strong>facit</strong></span> <span class='ocrx_word' id='word_1_468' title='bbox 1732 3289 2046 3350; x_wconf 85' lang='lat' dir='ltr'><strong>nobiscum?</strong></span> 
     </span>
    </p>
   </div>
   <div class='ocr_carea' id='block_1_50' title="bbox 467 3385 2050 3490">
    <p class='ocr_par' dir='ltr' id='par_1_50' title="bbox 467 3385 2050 3490">
     <span class='ocr_line' id='line_1_62' title="bbox 467 3385 2050 3490; baseline -0.029 -12"><span class='ocrx_word' id='word_1_469' title='bbox 467 3417 714 3490; x_wconf 75' lang='lat' dir='ltr'><strong>Nunquid</strong></span> <span class='ocrx_word' id='word_1_470' title='bbox 743 3416 810 3470; x_wconf 91' lang='lat' dir='ltr'><strong>ad</strong></span> <span class='ocrx_word' id='word_1_471' title='bbox 835 3415 940 3469; x_wconf 79' lang='lat' dir='ltr'><strong>huc</strong></span> <span class='ocrx_word' id='word_1_472' title='bbox 980 3408 1264 3464; x_wconf 81' lang='lat' dir='ltr'><strong>nobiscum.</strong></span> <span class='ocrx_word' id='word_1_473' title='bbox 1295 3407 1412 3462; x_wconf 83' lang='lat' dir='ltr'><strong>est,</strong></span> <span class='ocrx_word' id='word_1_474' title='bbox 1445 3404 1504 3450; x_wconf 88' lang='grc' dir='ltr'><strong>ιιι</strong></span> <span class='ocrx_word' id='word_1_475' title='bbox 1551 3408 1657 3448; x_wconf 74' lang='lat' dir='ltr'><strong>non</strong></span> <span class='ocrx_word' id='word_1_476' title='bbox 1685 3385 1958 3452; x_wconf 65' lang='lat' dir='ltr'><strong>respiciat,</strong></span> <span class='ocrx_word' id='word_1_477' title='bbox 1991 3388 2050 3435; x_wconf 88' lang='lat' dir='ltr'><strong>ut</strong></span> 
     </span>
    </p>
   </div>
   <div class='ocr_carea' id='block_1_51' title="bbox 469 3470 2050 3582">
    <p class='ocr_par' dir='ltr' id='par_1_51' title="bbox 469 3470 2050 3582">
     <span class='ocr_line' id='line_1_63' title="bbox 469 3470 2050 3582; baseline -0.03 -11"><span class='ocrx_word' id='word_1_478' title='bbox 469 3470 748 3582; x_wconf 78' lang='lat' dir='ltr'><strong>negligat?</strong></span> <span class='ocrx_word' id='word_1_479' title='bbox 765 3507 832 3562; x_wconf 83' lang='grc' dir='ltr'><strong>Ει</strong></span> <span class='ocrx_word' id='word_1_480' title='bbox 853 3500 1124 3575; x_wconf 89' lang='lat' dir='ltr'><strong>quomodo</strong></span> <span class='ocrx_word' id='word_1_481' title='bbox 1145 3495 1244 3551; x_wconf 83' lang='lat' dir='ltr'><strong>sibi</strong></span> <span class='ocrx_word' id='word_1_482' title='bbox 1275 3499 1560 3555; x_wconf 89' lang='lat' dir='ltr'><strong>utrumque</strong></span> <span class='ocrx_word' id='word_1_483' title='bbox 1583 3477 1854 3541; x_wconf 85' lang='lat' dir='ltr'><strong>convenit,</strong></span> <span class='ocrx_word' id='word_1_484' title='bbox 1876 3482 1937 3528; x_wconf 88' lang='lat' dir='ltr'><strong>ut</strong></span> <span class='ocrx_word' id='word_1_485' title='bbox 1961 3470 2050 3539; x_wconf 49' lang='lat' dir='ltr'><strong>qui</strong></span> 
     </span>
    </p>
   </div>
   <div class='ocr_carea' id='block_1_52' title="bbox 471 3567 2054 3676">
    <p class='ocr_par' dir='ltr' id='par_1_52' title="bbox 471 3567 2054 3676">
     <span class='ocr_line' id='line_1_64' title="bbox 471 3567 2054 3676; baseline -0.026 -19"><span class='ocrx_word' id='word_1_486' title='bbox 471 3604 656 3676; x_wconf 77' lang='lat' dir='ltr'><strong>pietati</strong></span> <span class='ocrx_word' id='word_1_487' title='bbox 697 3606 914 3672; x_wconf 76' lang='lat' dir='ltr'><strong>prtestat</strong></span> <span class='ocrx_word' id='word_1_488' title='bbox 961 3588 1328 3664; x_wconf 69' lang='lat' dir='ltr'><strong>prmscntiam,</strong></span> <span class='ocrx_word' id='word_1_489' title='bbox 1358 3575 1620 3648; x_wconf 89' lang='lat' dir='ltr'><strong>impietati</strong></span> <span class='ocrx_word' id='word_1_490' title='bbox 1669 3572 1866 3625; x_wconf 89' lang='lat' dir='ltr'><strong>tribuat</strong></span> <span class='ocrx_word' id='word_1_491' title='bbox 1901 3567 2054 3620; x_wconf 87' lang='lat' dir='ltr'><strong>incu-</strong></span> 
     </span>
     <span class='ocr_line' id='line_1_65' title="bbox 1326 3655 2027 3676; baseline -0.027 19"><span class='ocrx_word' id='word_1_492' title='bbox 1326 3672 1363 3676; x_wconf 75' lang='lat'>“</span> <span class='ocrx_word' id='word_1_493' title='bbox 1809 3659 1845 3676; x_wconf 49' lang='grc' dir='ltr'><strong>ἰν</strong></span> <span class='ocrx_word' id='word_1_494' title='bbox 1880 3674 1913 3676; x_wconf 39' lang='grc' dir='ltr'><strong>νς</strong></span> <span class='ocrx_word' id='word_1_495' title='bbox 1956 3655 2027 3676; x_wconf 71' lang='lat'><strong>1:-</strong></span> 
     </span>
    </p>
   </div>
   <div class='ocr_carea' id='block_1_53' title="bbox 474 3655 2054 3751">
    <p class='ocr_par' dir='ltr' id='par_1_53' title="bbox 474 3655 2054 3751">
     <span class='ocr_line' id='line_1_66' title="bbox 474 3655 978 3676; baseline -0.024 0"><span class='ocrx_word' id='word_1_496' title='bbox 474 3655 655 3676; x_wconf 70' lang='lat' dir='ltr'><em>l&quot;&quot;&#39;&quot;&quot;</em></span> <span class='ocrx_word' id='word_1_497' title='bbox 701 3655 711 3672; x_wconf 83' lang='grc' dir='ltr'><strong>ι</strong></span> <span class='ocrx_word' id='word_1_498' title='bbox 965 3655 978 3664; x_wconf 77' lang='grc' dir='ltr'><strong>ι</strong></span> 
     </span>
     <span class='ocr_line' id='line_1_67' title="bbox 474 3655 2054 3751; baseline -0.029 0"><span class='ocrx_word' id='word_1_499' title='bbox 474 3695 646 3751; x_wconf 81' lang='lat' dir='ltr'><strong>riam?</strong></span> <span class='ocrx_word' id='word_1_500' title='bbox 676 3691 809 3744; x_wconf 83' lang='lat' dir='ltr'><strong>Ecce</strong></span> <span class='ocrx_word' id='word_1_501' title='bbox 837 3688 998 3743; x_wconf 86' lang='lat' dir='ltr'><strong>enim,</strong></span> <span class='ocrx_word' id='word_1_502' title='bbox 1032 3679 1223 3748; x_wconf 86' lang='lat' dir='ltr'><strong>inquit,</strong></span> <span class='ocrx_word' id='word_1_503' title='bbox 1257 3672 1512 3728; x_wconf 69' lang='lat' dir='ltr'><strong>vobiscum</strong></span> <span class='ocrx_word' id='word_1_504' title='bbox 1543 3681 1656 3719; x_wconf 83' lang='lat' dir='ltr'><strong>sum</strong></span> <span class='ocrx_word' id='word_1_505' title='bbox 1684 3659 1915 3716; x_wconf 84' lang='lat' dir='ltr'><strong>omnibus</strong></span> <span class='ocrx_word' id='word_1_506' title='bbox 1946 3655 2054 3708; x_wconf 84' lang='lat' dir='ltr'><strong>die-</strong></span> 
     </span>
    </p>
   </div>
   <div class='ocr_carea' id='block_1_54' title="bbox 476 3745 2062 3853">
    <p class='ocr_par' dir='ltr' id='par_1_54' title="bbox 476 3745 2062 3853">
     <span class='ocr_line' id='line_1_68' title="bbox 476 3745 2062 3853; baseline -0.028 -12"><span class='ocrx_word' id='word_1_507' title='bbox 476 3791 567 3840; x_wconf 74' lang='lat' dir='ltr'><strong>bus</strong></span> <span class='ocrx_word' id='word_1_508' title='bbox 596 3799 752 3853; x_wconf 81' lang='lat' dir='ltr'><strong>usque</strong></span> <span class='ocrx_word' id='word_1_509' title='bbox 781 3777 850 3832; x_wconf 84' lang='lat' dir='ltr'><strong>ad</strong></span> <span class='ocrx_word' id='word_1_510' title='bbox 881 3769 1365 3830; x_wconf 77' lang='lat' dir='ltr'><strong>consummationem</strong></span> <span class='ocrx_word' id='word_1_511' title='bbox 1393 3758 1591 3816; x_wconf 71' lang='lat' dir='ltr'><strong>sa’culi.</strong></span> <span class='ocrx_word' id='word_1_512' title='bbox 1620 3751 1880 3808; x_wconf 68' lang='lat' dir='ltr'><strong>Praeclare</strong></span> <span class='ocrx_word' id='word_1_513' title='bbox 1913 3745 2062 3800; x_wconf 86' lang='lat' dir='ltr'><strong>vide-</strong></span> 
     </span>
    </p>
   </div>
   <div class='ocr_carea' id='block_1_55' title="bbox 479 3840 2064 3936">
    <p class='ocr_par' dir='ltr' id='par_1_55' title="bbox 479 3840 2064 3936">
     <span class='ocr_line' id='line_1_69' title="bbox 479 3840 2064 3936; baseline -0.032 0"><span class='ocrx_word' id='word_1_514' title='bbox 479 3882 603 3936; x_wconf 84' lang='lat' dir='ltr'><strong>licet</strong></span> <span class='ocrx_word' id='word_1_515' title='bbox 627 3873 877 3930; x_wconf 80' lang='lat' dir='ltr'><strong>atl‘eetum</strong></span> <span class='ocrx_word' id='word_1_516' title='bbox 908 3867 999 3922; x_wconf 92' lang='lat' dir='ltr'><strong>Dei</strong></span> <span class='ocrx_word' id='word_1_517' title='bbox 1029 3865 1466 3929; x_wconf 88' lang='lat' dir='ltr'><strong>interpretamur,</strong></span> <span class='ocrx_word' id='word_1_518' title='bbox 1484 3851 1529 3906; x_wconf 88' lang='lat' dir='ltr'><strong>si</strong></span> <span class='ocrx_word' id='word_1_519' title='bbox 1555 3863 1650 3902; x_wconf 89' lang='lat' dir='ltr'><strong>nos</strong></span> <span class='ocrx_word' id='word_1_520' title='bbox 1677 3840 2064 3899; x_wconf 84' lang='lat' dir='ltr'><strong>calumniamur</strong></span> 
     </span>
    </p>
   </div>
   <div class='ocr_carea' id='block_1_56' title="bbox 484 3927 2066 4034">
    <p class='ocr_par' dir='ltr' id='par_1_56' title="bbox 484 3927 2066 4034">
     <span class='ocr_line' id='line_1_70' title="bbox 484 3927 2066 4034; baseline -0.03 -9"><span class='ocrx_word' id='word_1_521' title='bbox 484 3972 552 4024; x_wconf 77' lang='lat' dir='ltr'><strong>ab</strong></span> <span class='ocrx_word' id='word_1_522' title='bbox 580 3983 647 4023; x_wconf 89' lang='lat' dir='ltr'><strong>eo</strong></span> <span class='ocrx_word' id='word_1_523' title='bbox 672 3964 870 4034; x_wconf 86' lang='lat' dir='ltr'><strong>iugiter</strong></span> <span class='ocrx_word' id='word_1_524' title='bbox 896 3955 1114 4026; x_wconf 81' lang='lat' dir='ltr'><strong>negligi,</strong></span> <span class='ocrx_word' id='word_1_525' title='bbox 1143 3962 1264 4008; x_wconf 87' lang='lat' dir='ltr'><strong>eum</strong></span> <span class='ocrx_word' id='word_1_526' title='bbox 1299 3947 1390 4002; x_wconf 91' lang='lat' dir='ltr'><strong>ille</strong></span> <span class='ocrx_word' id='word_1_527' title='bbox 1418 3959 1518 3998; x_wconf 89' lang='lat' dir='ltr'><strong>nos</strong></span> <span class='ocrx_word' id='word_1_528' title='bbox 1545 3957 1574 3994; x_wconf 91' lang='lat' dir='ltr'><strong>a</strong></span> <span class='ocrx_word' id='word_1_529' title='bbox 1595 3954 1654 3993; x_wconf 90' lang='lat' dir='ltr'><strong>se</strong></span> <span class='ocrx_word' id='word_1_530' title='bbox 1676 3941 1903 4000; x_wconf 74' lang='lat' dir='ltr'><strong>testatur</strong></span> <span class='ocrx_word' id='word_1_531' title='bbox 1925 3927 2066 3998; x_wconf 83' lang='lat' dir='ltr'><strong>iugi-</strong></span> 
     </span>
    </p>
   </div>
   <div class='ocr_carea' id='block_1_57' title="bbox 485 4015 2069 4120">
    <p class='ocr_par' dir='ltr' id='par_1_57' title="bbox 485 4015 2069 4120">
     <span class='ocr_line' id='line_1_71' title="bbox 485 4015 2069 4120; baseline -0.031 -4"><span class='ocrx_word' id='word_1_532' title='bbox 485 4073 569 4118; x_wconf 89' lang='lat' dir='ltr'><strong>ter</strong></span> <span class='ocrx_word' id='word_1_533' title='bbox 597 4073 702 4113; x_wconf 92' lang='lat' dir='ltr'><strong>non</strong></span> <span class='ocrx_word' id='word_1_534' title='bbox 733 4049 980 4120; x_wconf 90' lang='lat' dir='ltr'><strong>relinqui.</strong></span> <span class='ocrx_word' id='word_1_535' title='bbox 1013 4047 1106 4100; x_wconf 86' lang='lat' dir='ltr'><strong>ille</strong></span> <span class='ocrx_word' id='word_1_536' title='bbox 1135 4058 1230 4114; x_wconf 90' lang='lat' dir='ltr'><strong>per</strong></span> <span class='ocrx_word' id='word_1_537' title='bbox 1263 4040 1366 4092; x_wconf 91' lang='lat' dir='ltr'><strong>hoc</strong></span> <span class='ocrx_word' id='word_1_538' title='bbox 1409 4029 1691 4089; x_wconf 75' lang='lat' dir='ltr'><strong>ostendere</strong></span> <span class='ocrx_word' id='word_1_539' title='bbox 1715 4023 1884 4078; x_wconf 86' lang='lat' dir='ltr'><strong>voluit</strong></span> <span class='ocrx_word' id='word_1_540' title='bbox 1925 4015 2069 4088; x_wconf 82' lang='lat' dir='ltr'><strong>quod</strong></span> 
     </span>
    </p>
   </div>
   <div class='ocr_carea' id='block_1_58' title="bbox 485 4111 2068 4210">
    <p class='ocr_par' dir='ltr' id='par_1_58' title="bbox 485 4111 2068 4210">
     <span class='ocr_line' id='line_1_72' title="bbox 485 4111 2068 4210; baseline -0.032 0"><span class='ocrx_word' id='word_1_541' title='bbox 485 4172 517 4210; x_wconf 86' lang='lat' dir='ltr'><strong>a</strong></span> <span class='ocrx_word' id='word_1_542' title='bbox 543 4151 696 4209; x_wconf 87' lang='lat' dir='ltr'><strong>nobis</strong></span> <span class='ocrx_word' id='word_1_543' title='bbox 725 4146 920 4202; x_wconf 79' lang='lat' dir='ltr'><strong>alfectu</strong></span> <span class='ocrx_word' id='word_1_544' title='bbox 945 4149 1000 4198; x_wconf 90' lang='lat' dir='ltr'><strong>et</strong></span> <span class='ocrx_word' id='word_1_545' title='bbox 1027 4111 1365 4210; x_wconf 69' lang='lat' dir='ltr'><strong>proiectione</strong></span> <span class='ocrx_word' id='word_1_546' title='bbox 1389 4127 1588 4198; x_wconf 83' lang='lat' dir='ltr'><strong>iugiter</strong></span> <span class='ocrx_word' id='word_1_547' title='bbox 1620 4135 1724 4176; x_wconf 89' lang='lat' dir='ltr'><strong>non</strong></span> <span class='ocrx_word' id='word_1_548' title='bbox 1751 4111 2068 4170; x_wconf 81' lang='lat' dir='ltr'><strong>discederet,</strong></span> 
     </span>
    </p>
   </div>
   <div class='ocr_carea' id='block_1_59' title="bbox 485 4204 2076 4318">
    <p class='ocr_par' dir='ltr' id='par_1_59' title="bbox 485 4204 2076 4318">
     <span class='ocr_line' id='line_1_73' title="bbox 485 4204 2076 4318; baseline -0.031 -18"><span class='ocrx_word' id='word_1_549' title='bbox 485 4245 575 4318; x_wconf 86' lang='lat' dir='ltr'><strong>qui</strong></span> <span class='ocrx_word' id='word_1_550' title='bbox 605 4259 634 4296; x_wconf 89' lang='lat' dir='ltr'><strong>a</strong></span> <span class='ocrx_word' id='word_1_551' title='bbox 668 4239 820 4296; x_wconf 86' lang='lat' dir='ltr'><strong>nobis</strong></span> <span class='ocrx_word' id='word_1_552' title='bbox 849 4235 1009 4292; x_wconf 87' lang='lat' dir='ltr'><strong>etiam</strong></span> <span class='ocrx_word' id='word_1_553' title='bbox 1040 4225 1324 4301; x_wconf 71' lang='lat' dir='ltr'><strong>pnesentia</strong></span> <span class='ocrx_word' id='word_1_554' title='bbox 1348 4237 1455 4275; x_wconf 90' lang='lat' dir='ltr'><strong>non</strong></span> <span class='ocrx_word' id='word_1_555' title='bbox 1484 4217 1712 4270; x_wconf 83' lang='lat' dir='ltr'><strong>abesset.</strong></span> <span class='ocrx_word' id='word_1_556' title='bbox 1735 4207 1844 4261; x_wconf 64' lang='lat' dir='ltr'><strong>Nos</strong></span> <span class='ocrx_word' id='word_1_557' title='bbox 1873 4204 1925 4257; x_wconf 90' lang='lat' dir='ltr'><strong>in</strong></span> <span class='ocrx_word' id='word_1_558' title='bbox 1953 4215 2076 4256; x_wconf 86' lang='lat' dir='ltr'><strong>con-</strong></span> 
     </span>
    </p>
   </div>
   <div class='ocr_carea' id='block_1_60' title="bbox 487 4301 1933 4406">
    <p class='ocr_par' dir='ltr' id='par_1_60' title="bbox 487 4301 1933 4406">
     <span class='ocr_line' id='line_1_74' title="bbox 487 4301 1933 4406; baseline -0.03 -17"><span class='ocrx_word' id='word_1_559' title='bbox 487 4343 749 4406; x_wconf 84' lang='lat' dir='ltr'><strong>temptum</strong></span> <span class='ocrx_word' id='word_1_560' title='bbox 793 4327 964 4383; x_wconf 84' lang='lat' dir='ltr'><strong>nostri</strong></span> <span class='ocrx_word' id='word_1_561' title='bbox 1007 4323 1238 4378; x_wconf 87' lang='lat' dir='ltr'><strong>divinam</strong></span> <span class='ocrx_word' id='word_1_562' title='bbox 1287 4312 1543 4370; x_wconf 82' lang='lat' dir='ltr'><strong>vertimus</strong></span> <span class='ocrx_word' id='word_1_563' title='bbox 1595 4301 1933 4359; x_wconf 86' lang='lat' dir='ltr'><strong>charitatem,</strong></span> 
     </span>
    </p>
   </div>
   <div class='ocr_carea' id='block_1_61' title="bbox 491 4381 2080 4482">
    <p class='ocr_par' dir='ltr' id='par_1_61' title="bbox 491 4381 2080 4482">
     <span class='ocr_line' id='line_1_75' title="bbox 491 4381 2080 4482; baseline -0.031 0"><span class='ocrx_word' id='word_1_564' title='bbox 491 4425 690 4482; x_wconf 79' lang='lat' dir='ltr'><strong>umoris</strong></span> <span class='ocrx_word' id='word_1_565' title='bbox 722 4415 1027 4476; x_wconf 73' lang='lat' dir='ltr'><strong>testimonia</strong></span> <span class='ocrx_word' id='word_1_566' title='bbox 1059 4413 1111 4466; x_wconf 92' lang='lat' dir='ltr'><strong>in</strong></span> <span class='ocrx_word' id='word_1_567' title='bbox 1153 4408 1259 4464; x_wconf 92' lang='lat' dir='ltr'><strong>odii</strong></span> <span class='ocrx_word' id='word_1_568' title='bbox 1299 4404 1612 4472; x_wconf 81' lang='lat' dir='ltr'><strong>argumenta</strong></span> <span class='ocrx_word' id='word_1_569' title='bbox 1640 4399 1930 4448; x_wconf 90' lang='lat' dir='ltr'><strong>mutamus.</strong></span> <span class='ocrx_word' id='word_1_570' title='bbox 1965 4381 2080 4436; x_wconf 87' lang='lat' dir='ltr'><strong>Hoc</strong></span> 
     </span>
    </p>
   </div>
   <div class='ocr_carea' id='block_1_62' title="bbox 491 4470 2081 4584">
    <p class='ocr_par' dir='ltr' id='par_1_62' title="bbox 491 4470 2081 4584">
     <span class='ocr_line' id='line_1_76' title="bbox 491 4470 2081 4584; baseline -0.029 -15"><span class='ocrx_word' id='word_1_571' title='bbox 491 4518 633 4571; x_wconf 77' lang='grc' dir='ltr'><strong>ιιιιὶιιι</strong></span> <span class='ocrx_word' id='word_1_572' title='bbox 663 4511 806 4584; x_wconf 90' lang='lat' dir='ltr'><strong>quod</strong></span> <span class='ocrx_word' id='word_1_573' title='bbox 847 4511 1166 4578; x_wconf 50' lang='lat' dir='ltr'><strong>praesentem</strong></span> <span class='ocrx_word' id='word_1_574' title='bbox 1194 4512 1252 4551; x_wconf 87' lang='lat' dir='ltr'><strong>se</strong></span> <span class='ocrx_word' id='word_1_575' title='bbox 1275 4470 1394 4548; x_wconf 85' lang='lat' dir='ltr'><strong>esse</strong></span> <span class='ocrx_word' id='word_1_576' title='bbox 1421 4488 1568 4548; x_wconf 87' lang='lat' dir='ltr'><strong>dicit,</strong></span> <span class='ocrx_word' id='word_1_577' title='bbox 1601 4481 1710 4538; x_wconf 89' lang='lat' dir='ltr'><strong>odii</strong></span> <span class='ocrx_word' id='word_1_578' title='bbox 1731 4476 1903 4544; x_wconf 86' lang='lat' dir='ltr'><strong>magis</strong></span> <span class='ocrx_word' id='word_1_579' title='bbox 1929 4470 2081 4528; x_wconf 84' lang='lat' dir='ltr'><strong>testi-</strong></span> 
     </span>
    </p>
   </div>
   <div class='ocr_carea' id='block_1_63' title="bbox 497 4579 1573 4662">
    <p class='ocr_par' dir='ltr' id='par_1_63' title="bbox 497 4579 1573 4662">
     <span class='ocr_line' id='line_1_77' title="bbox 497 4579 1573 4662; baseline -0.025 0"><span class='ocrx_word' id='word_1_580' title='bbox 497 4608 733 4662; x_wconf 83' lang='lat' dir='ltr'><strong>monium</strong></span> <span class='ocrx_word' id='word_1_581' title='bbox 757 4616 874 4657; x_wconf 84' lang='lat' dir='ltr'><strong>esse</strong></span> <span class='ocrx_word' id='word_1_582' title='bbox 899 4597 1143 4652; x_wconf 85' lang='lat' dir='ltr'><strong>volumus</strong></span> <span class='ocrx_word' id='word_1_583' title='bbox 1165 4604 1324 4658; x_wconf 89' lang='lat' dir='ltr'><strong>quam</strong></span> <span class='ocrx_word' id='word_1_584' title='bbox 1356 4579 1573 4637; x_wconf 82' lang='lat' dir='ltr'><strong>amoris.</strong></span> 
     </span>
    </p>
   </div>
   <div class='ocr_carea' id='block_1_64' title="bbox 498 4654 2097 4753">
    <p class='ocr_par' dir='ltr' id='par_1_64' title="bbox 498 4654 2097 4753">
     <span class='ocr_line' id='line_1_78' title="bbox 498 4654 2097 4753; baseline -0.029 0"><span class='ocrx_word' id='word_1_585' title='bbox 498 4719 556 4753; x_wconf 59' lang='lat' dir='ltr'><strong>se</strong></span> <span class='ocrx_word' id='word_1_586' title='bbox 589 4695 844 4751; x_wconf 87' lang='lat' dir='ltr'><strong>Dominus</strong></span> <span class='ocrx_word' id='word_1_587' title='bbox 873 4689 1110 4744; x_wconf 87' lang='lat' dir='ltr'><strong>futurum</strong></span> <span class='ocrx_word' id='word_1_588' title='bbox 1139 4695 1258 4736; x_wconf 88' lang='lat' dir='ltr'><strong>esse</strong></span> <span class='ocrx_word' id='word_1_589' title='bbox 1278 4675 1520 4734; x_wconf 76' lang='lat' dir='ltr'><strong>dixisset,</strong></span> <span class='ocrx_word' id='word_1_590' title='bbox 1551 4667 1728 4721; x_wconf 86' lang='lat' dir='ltr'><strong>minus</strong></span> <span class='ocrx_word' id='word_1_591' title='bbox 1753 4658 1963 4716; x_wconf 85' lang='lat' dir='ltr'><strong>causari</strong></span> <span class='ocrx_word' id='word_1_592' title='bbox 1993 4654 2097 4710; x_wconf 83' lang='lat' dir='ltr'><strong>for-</strong></span> 
     </span>
    </p>
   </div>
   <div class='ocr_carea' id='block_1_65' title="bbox 500 4753 2094 4849">
    <p class='ocr_par' dir='ltr' id='par_1_65' title="bbox 500 4753 2094 4849">
     <span class='ocr_line' id='line_1_79' title="bbox 500 4753 2094 4849; baseline -0.027 -6"><span class='ocrx_word' id='word_1_593' title='bbox 500 4795 638 4846; x_wconf 67' lang='lat' dir='ltr'><strong>sitan</strong></span> <span class='ocrx_word' id='word_1_594' title='bbox 669 4787 735 4840; x_wconf 87' lang='lat' dir='ltr'><strong>de</strong></span> <span class='ocrx_word' id='word_1_595' title='bbox 757 4783 960 4839; x_wconf 80' lang='lat' dir='ltr'><strong>incuria</strong></span> <span class='ocrx_word' id='word_1_596' title='bbox 986 4785 1297 4849; x_wconf 86' lang='lat' dir='ltr'><strong>poteramus</strong></span> <span class='ocrx_word' id='word_1_597' title='bbox 1317 4763 1574 4822; x_wconf 84' lang='lat' dir='ltr'><strong>absentis.</strong></span> <span class='ocrx_word' id='word_1_598' title='bbox 1603 4753 1821 4822; x_wconf 77' lang='lat' dir='ltr'><strong>Maioris</strong></span> <span class='ocrx_word' id='word_1_599' title='bbox 1846 4757 2094 4806; x_wconf 82' lang='lat' dir='ltr'><strong>contem-</strong></span> 
     </span>
    </p>
   </div>
   <div class='ocr_carea' id='block_1_66' title="bbox 505 4837 2096 4951">
    <p class='ocr_par' dir='ltr' id='par_1_66' title="bbox 505 4837 2096 4951">
     <span class='ocr_line' id='line_1_80' title="bbox 505 4837 2096 4951; baseline -0.029 -16"><span class='ocrx_word' id='word_1_600' title='bbox 505 4892 627 4951; x_wconf 70' lang='lat' dir='ltr'><strong>ptus</strong></span> <span class='ocrx_word' id='word_1_601' title='bbox 667 4893 752 4931; x_wconf 85' lang='lat' dir='ltr'><strong>res</strong></span> <span class='ocrx_word' id='word_1_602' title='bbox 782 4883 864 4930; x_wconf 88' lang='lat' dir='ltr'><strong>est</strong></span> <span class='ocrx_word' id='word_1_603' title='bbox 897 4873 1000 4942; x_wconf 78' lang='lat'><strong>33</strong></span> <span class='ocrx_word' id='word_1_604' title='bbox 1030 4877 1190 4936; x_wconf 87' lang='lat' dir='ltr'><strong>atque</strong></span> <span class='ocrx_word' id='word_1_605' title='bbox 1221 4858 1436 4922; x_wconf 76' lang='lat' dir='ltr'><strong>fastidii,</strong></span> <span class='ocrx_word' id='word_1_606' title='bbox 1463 4854 1508 4908; x_wconf 87' lang='lat' dir='ltr'><strong>si</strong></span> <span class='ocrx_word' id='word_1_607' title='bbox 1533 4865 1632 4905; x_wconf 89' lang='lat' dir='ltr'><strong>nos</strong></span> <span class='ocrx_word' id='word_1_608' title='bbox 1656 4845 1855 4916; x_wconf 80' lang='lat' dir='ltr'><strong>iugiter</strong></span> <span class='ocrx_word' id='word_1_609' title='bbox 1877 4837 2096 4908; x_wconf 84' lang='lat' dir='ltr'><strong>negligit</strong></span> 
     </span>
    </p>
   </div>
   <div class='ocr_carea' id='block_1_67' title="bbox 505 4933 2096 5043">
    <p class='ocr_par' dir='ltr' id='par_1_67' title="bbox 505 4933 2096 5043">
     <span class='ocr_line' id='line_1_81' title="bbox 505 4933 2096 5043; baseline -0.03 -15"><span class='ocrx_word' id='word_1_610' title='bbox 505 4973 596 5043; x_wconf 87' lang='lat' dir='ltr'><strong>qui</strong></span> <span class='ocrx_word' id='word_1_611' title='bbox 625 4988 654 5024; x_wconf 89' lang='lat' dir='ltr'><strong>a</strong></span> <span class='ocrx_word' id='word_1_612' title='bbox 687 4967 840 5024; x_wconf 83' lang='lat' dir='ltr'><strong>nobis</strong></span> <span class='ocrx_word' id='word_1_613' title='bbox 863 4963 1063 5034; x_wconf 88' lang='lat' dir='ltr'><strong>iugiter</strong></span> <span class='ocrx_word' id='word_1_614' title='bbox 1086 4973 1191 5012; x_wconf 91' lang='lat' dir='ltr'><strong>non</strong></span> <span class='ocrx_word' id='word_1_615' title='bbox 1220 4951 1444 5010; x_wconf 88' lang='lat' dir='ltr'><strong>recedit,</strong></span> <span class='ocrx_word' id='word_1_616' title='bbox 1477 4953 1531 5002; x_wconf 91' lang='lat' dir='ltr'><strong>et</strong></span> <span class='ocrx_word' id='word_1_617' title='bbox 1553 4943 1672 5014; x_wconf 88' lang='lat' dir='ltr'><strong>plus</strong></span> <span class='ocrx_word' id='word_1_618' title='bbox 1701 4939 1753 4993; x_wconf 89' lang='lat' dir='ltr'><strong>in</strong></span> <span class='ocrx_word' id='word_1_619' title='bbox 1779 4951 1839 4990; x_wconf 91' lang='lat' dir='ltr'><strong>se</strong></span> <span class='ocrx_word' id='word_1_620' title='bbox 1859 4933 1968 4989; x_wconf 91' lang='lat' dir='ltr'><strong>odii</strong></span> <span class='ocrx_word' id='word_1_621' title='bbox 1997 4944 2096 4984; x_wconf 91' lang='lat' dir='ltr'><strong>no-</strong></span> 
     </span>
    </p>
   </div>
   <div class='ocr_carea' id='block_1_68' title="bbox 507 5026 2098 5124">
    <p class='ocr_par' dir='ltr' id='par_1_68' title="bbox 507 5026 2098 5124">
     <span class='ocr_line' id='line_1_82' title="bbox 507 5026 2098 5124; baseline -0.03 -4"><span class='ocrx_word' id='word_1_622' title='bbox 507 5065 602 5120; x_wconf 75' lang='lat' dir='ltr'><strong>stri</strong></span> <span class='ocrx_word' id='word_1_623' title='bbox 631 5062 812 5124; x_wconf 85' lang='lat' dir='ltr'><strong>habet,</strong></span> <span class='ocrx_word' id='word_1_624' title='bbox 843 5058 888 5112; x_wconf 87' lang='lat' dir='ltr'><strong>si</strong></span> <span class='ocrx_word' id='word_1_625' title='bbox 935 5053 1004 5108; x_wconf 82' lang='lat' dir='ltr'><strong>ad</strong></span> <span class='ocrx_word' id='word_1_626' title='bbox 1047 5052 1154 5106; x_wconf 85' lang='lat' dir='ltr'><strong>hoc</strong></span> <span class='ocrx_word' id='word_1_627' title='bbox 1179 5059 1392 5114; x_wconf 84' lang='lat' dir='ltr'><strong>semper</strong></span> <span class='ocrx_word' id='word_1_628' title='bbox 1426 5039 1702 5095; x_wconf 80' lang='lat' dir='ltr'><strong>nobiscum</strong></span> <span class='ocrx_word' id='word_1_629' title='bbox 1730 5030 2011 5101; x_wconf 87' lang='lat' dir='ltr'><strong>permanet</strong></span> <span class='ocrx_word' id='word_1_630' title='bbox 2037 5026 2098 5074; x_wconf 90' lang='lat' dir='ltr'><strong>ut</strong></span> 
     </span>
    </p>
   </div>
   <div class='ocr_carea' id='block_1_69' title="bbox 510 5112 2096 5224">
    <p class='ocr_par' dir='ltr' id='par_1_69' title="bbox 510 5112 2096 5224">
     <span class='ocr_line' id='line_1_83' title="bbox 510 5112 2096 5224; baseline -0.025 -18"><span class='ocrx_word' id='word_1_631' title='bbox 510 5155 600 5224; x_wconf 86' lang='lat' dir='ltr'><strong>qui</strong></span> <span class='ocrx_word' id='word_1_632' title='bbox 632 5168 729 5207; x_wconf 83' lang='lat' dir='ltr'><strong>nos</strong></span> <span class='ocrx_word' id='word_1_633' title='bbox 758 5145 1040 5219; x_wconf 50' lang='lat' dir='ltr'><strong>praesentia</strong></span> <span class='ocrx_word' id='word_1_634' title='bbox 1069 5151 1341 5206; x_wconf 88' lang='lat' dir='ltr'><strong>nunquam</strong></span> <span class='ocrx_word' id='word_1_635' title='bbox 1367 5130 1584 5190; x_wconf 77' lang='lat' dir='ltr'><strong>deserit,</strong></span> <span class='ocrx_word' id='word_1_636' title='bbox 1619 5135 1833 5192; x_wconf 83' lang='lat' dir='ltr'><strong>semper</strong></span> <span class='ocrx_word' id='word_1_637' title='bbox 1852 5112 2096 5186; x_wconf 81' lang='lat' dir='ltr'><strong>repudiet</strong></span> 
     </span>
    </p>
   </div>
   <div class='ocr_carea' id='block_1_70' title="bbox 511 5205 2097 5300">
    <p class='ocr_par' dir='ltr' id='par_1_70' title="bbox 511 5205 2097 5300">
     <span class='ocr_line' id='line_1_84' title="bbox 511 5205 2097 5300; baseline -0.029 1"><span class='ocrx_word' id='word_1_638' title='bbox 511 5245 727 5300; x_wconf 80' lang='lat' dir='ltr'><strong>nll‘ectu.</strong></span> <span class='ocrx_word' id='word_1_639' title='bbox 751 5239 857 5297; x_wconf 82' lang='lat' dir='ltr'><strong>Sed</strong></span> <span class='ocrx_word' id='word_1_640' title='bbox 888 5238 1026 5292; x_wconf 86' lang='lat' dir='ltr'><strong>absit</strong></span> <span class='ocrx_word' id='word_1_641' title='bbox 1047 5236 1150 5288; x_wconf 84' lang='lat' dir='ltr'><strong>hoc</strong></span> <span class='ocrx_word' id='word_1_642' title='bbox 1169 5229 1234 5284; x_wconf 91' lang='lat' dir='ltr'><strong>de</strong></span> <span class='ocrx_word' id='word_1_643' title='bbox 1257 5226 1496 5298; x_wconf 78' lang='lat' dir='ltr'><strong>piissimo</strong></span> <span class='ocrx_word' id='word_1_644' title='bbox 1518 5236 1581 5274; x_wconf 89' lang='lat' dir='ltr'><strong>ac</strong></span> <span class='ocrx_word' id='word_1_645' title='bbox 1600 5205 2097 5272; x_wconf 83' lang='lat' dir='ltr'><strong>misericordissime</strong></span> 
     </span>
    </p>
   </div>
   <div class='ocr_carea' id='block_1_71' title="bbox 517 5297 2100 5396">
    <p class='ocr_par' dir='ltr' id='par_1_71' title="bbox 517 5297 2100 5396">
     <span class='ocr_line' id='line_1_85' title="bbox 517 5297 2100 5396; baseline -0.03 -1"><span class='ocrx_word' id='word_1_646' title='bbox 517 5341 624 5393; x_wconf 79' lang='lat' dir='ltr'><strong>ilco</strong></span> <span class='ocrx_word' id='word_1_647' title='bbox 651 5333 815 5396; x_wconf 91' lang='lat' dir='ltr'><strong>credi,</strong></span> <span class='ocrx_word' id='word_1_648' title='bbox 841 5337 903 5386; x_wconf 90' lang='lat' dir='ltr'><strong>ut</strong></span> <span class='ocrx_word' id='word_1_649' title='bbox 931 5327 998 5382; x_wconf 85' lang='lat' dir='ltr'><strong>ad</strong></span> <span class='ocrx_word' id='word_1_650' title='bbox 1027 5327 1133 5380; x_wconf 83' lang='lat' dir='ltr'><strong>hoc</strong></span> <span class='ocrx_word' id='word_1_651' title='bbox 1159 5297 1372 5388; x_wconf 85' lang='lat' dir='ltr'><strong>semper</strong></span> <span class='ocrx_word' id='word_1_652' title='bbox 1401 5313 1554 5370; x_wconf 85' lang='lat' dir='ltr'><strong>nobis</strong></span> <span class='ocrx_word' id='word_1_653' title='bbox 1581 5305 1812 5364; x_wconf 86' lang='lat' dir='ltr'><strong>voluerit</strong></span> <span class='ocrx_word' id='word_1_654' title='bbox 1851 5297 2100 5355; x_wconf 85' lang='lat' dir='ltr'><strong>assistere</strong></span> 
     </span>
    </p>
   </div>
   <div class='ocr_carea' id='block_1_72' title="bbox 517 5391 2099 5492">
    <p class='ocr_par' dir='ltr' id='par_1_72' title="bbox 517 5391 2099 5492">
     <span class='ocr_line' id='line_1_86' title="bbox 517 5391 2099 5492; baseline -0.028 -10"><span class='ocrx_word' id='word_1_655' title='bbox 517 5437 574 5482; x_wconf 92' lang='lat' dir='ltr'><strong>ut</strong></span> <span class='ocrx_word' id='word_1_656' title='bbox 605 5444 702 5483; x_wconf 89' lang='lat' dir='ltr'><strong>nos</strong></span> <span class='ocrx_word' id='word_1_657' title='bbox 724 5421 930 5492; x_wconf 79' lang='lat' dir='ltr'><strong>maiore</strong></span> <span class='ocrx_word' id='word_1_658' title='bbox 959 5415 1172 5473; x_wconf 83' lang='lat' dir='ltr'><strong>fastidio</strong></span> <span class='ocrx_word' id='word_1_659' title='bbox 1210 5410 1482 5479; x_wconf 82' lang='lat' dir='ltr'><strong>negligere</strong></span> <span class='ocrx_word' id='word_1_660' title='bbox 1523 5400 1797 5456; x_wconf 86' lang='lat' dir='ltr'><strong>videretur</strong></span> <span class='ocrx_word' id='word_1_661' title='bbox 1826 5391 2099 5446; x_wconf 80' lang='lat' dir='ltr'><strong>assistens.</strong></span> 
     </span>
    </p>
   </div>
   <div class='ocr_carea' id='block_1_73' title="bbox 519 5481 2104 5581">
    <p class='ocr_par' dir='ltr' id='par_1_73' title="bbox 519 5481 2104 5581">
     <span class='ocr_line' id='line_1_87' title="bbox 519 5481 2104 5581; baseline -0.032 -2"><span class='ocrx_word' id='word_1_662' title='bbox 519 5521 670 5581; x_wconf 74' lang='lat' dir='ltr'><strong>Absit</strong></span> <span class='ocrx_word' id='word_1_663' title='bbox 697 5519 802 5574; x_wconf 86' lang='lat' dir='ltr'><strong>hoc</strong></span> <span class='ocrx_word' id='word_1_664' title='bbox 827 5513 1003 5570; x_wconf 89' lang='lat' dir='ltr'><strong>scelus</strong></span> <span class='ocrx_word' id='word_1_665' title='bbox 1046 5506 1170 5566; x_wconf 84' lang='lat' dir='ltr'><strong>dici.</strong></span> <span class='ocrx_word' id='word_1_666' title='bbox 1203 5503 1372 5558; x_wconf 84' lang='lat' dir='ltr'><strong>Nemo</strong></span> <span class='ocrx_word' id='word_1_667' title='bbox 1418 5495 1582 5556; x_wconf 88' lang='lat' dir='ltr'><strong>enim,</strong></span> <span class='ocrx_word' id='word_1_668' title='bbox 1613 5496 1762 5560; x_wconf 88' lang='lat' dir='ltr'><strong>puto,</strong></span> <span class='ocrx_word' id='word_1_669' title='bbox 1793 5483 1877 5540; x_wconf 86' lang='lat' dir='ltr'><strong>vel</strong></span> <span class='ocrx_word' id='word_1_670' title='bbox 1909 5481 1960 5534; x_wconf 91' lang='lat' dir='ltr'><strong>in</strong></span> <span class='ocrx_word' id='word_1_671' title='bbox 1991 5484 2104 5533; x_wconf 89' lang='lat' dir='ltr'><strong>toto</strong></span> 
     </span>
    </p>
   </div>
   <div class='ocr_carea' id='block_1_74' title="bbox 2125 1885 3716 1972">
    <p class='ocr_par' dir='ltr' id='par_1_74' title="bbox 2125 1885 3716 1972">
     <span class='ocr_line' id='line_1_88' title="bbox 2125 1885 3716 1972; baseline -0.023 1"><span class='ocrx_word' id='word_1_672' title='bbox 2125 1885 2342 1972; x_wconf 71' lang='lat' dir='ltr'><strong>sanctus</strong></span> <span class='ocrx_word' id='word_1_673' title='bbox 2361 1927 2486 1969; x_wconf 80' lang='lat' dir='ltr'><strong>cum</strong></span> <span class='ocrx_word' id='word_1_674' title='bbox 2513 1925 2544 1964; x_wconf 90' lang='lat' dir='ltr'><strong>a</strong></span> <span class='ocrx_word' id='word_1_675' title='bbox 2565 1905 2766 1964; x_wconf 80' lang='lat' dir='ltr'><strong>Nabale</strong></span> <span class='ocrx_word' id='word_1_676' title='bbox 2787 1899 3034 1957; x_wconf 90' lang='lat' dir='ltr'><strong>Carmelo</strong></span> <span class='ocrx_word' id='word_1_677' title='bbox 3056 1891 3394 1952; x_wconf 69' lang='lat' dir='ltr'><strong>contumelia:</strong></span> <span class='ocrx_word' id='word_1_678' title='bbox 3412 1885 3716 1959; x_wconf 86' lang='lat' dir='ltr'><strong>pertulisset</strong></span> 
     </span>
    </p>
   </div>
   <div class='ocr_carea' id='block_1_75' title="bbox 2125 1973 3716 2076">
    <p class='ocr_par' dir='ltr' id='par_1_75' title="bbox 2125 1973 3716 2076">
     <span class='ocr_line' id='line_1_89' title="bbox 2125 1973 3716 2076; baseline -0.022 -13"><span class='ocrx_word' id='word_1_679' title='bbox 2125 2007 2394 2076; x_wconf 85' lang='lat' dir='ltr'><strong>iniuriam,</strong></span> <span class='ocrx_word' id='word_1_680' title='bbox 2427 2001 2552 2070; x_wconf 90' lang='lat' dir='ltr'><strong>quia</strong></span> <span class='ocrx_word' id='word_1_681' title='bbox 2579 2013 2640 2052; x_wconf 91' lang='lat' dir='ltr'><strong>se</strong></span> <span class='ocrx_word' id='word_1_682' title='bbox 2668 1996 2784 2066; x_wconf 91' lang='lat' dir='ltr'><strong>ipse</strong></span> <span class='ocrx_word' id='word_1_683' title='bbox 2803 1989 2987 2047; x_wconf 90' lang='lat' dir='ltr'><strong>ulcisci</strong></span> <span class='ocrx_word' id='word_1_684' title='bbox 3013 1985 3238 2049; x_wconf 88' lang='lat' dir='ltr'><strong>distulit,</strong></span> <span class='ocrx_word' id='word_1_685' title='bbox 3261 1981 3520 2036; x_wconf 88' lang='lat' dir='ltr'><strong>ultionem</strong></span> <span class='ocrx_word' id='word_1_686' title='bbox 3537 1973 3716 2030; x_wconf 86' lang='lat' dir='ltr'><strong>statim</strong></span> 
     </span>
    </p>
   </div>
   <div class='ocr_carea' id='block_1_76' title="bbox 2125 2067 3718 2158">
    <p class='ocr_par' dir='ltr' id='par_1_76' title="bbox 2125 2067 3718 2158">
     <span class='ocr_line' id='line_1_90' title="bbox 2125 2067 3718 2158; baseline -0.022 -5"><span class='ocrx_word' id='word_1_687' title='bbox 2125 2067 2238 2152; x_wconf 76' lang='lat' dir='ltr'><strong>Deo</strong></span> <span class='ocrx_word' id='word_1_688' title='bbox 2269 2067 2589 2150; x_wconf 76' lang='lat' dir='ltr'><strong>exsecutore</strong></span> <span class='ocrx_word' id='word_1_689' title='bbox 2607 2083 2872 2158; x_wconf 88' lang='lat' dir='ltr'><strong>percepit.</strong></span> <span class='ocrx_word' id='word_1_690' title='bbox 2907 2077 3188 2134; x_wconf 81' lang='lat' dir='ltr'><strong>Exstincto</strong></span> <span class='ocrx_word' id='word_1_691' title='bbox 3215 2073 3395 2141; x_wconf 87' lang='lat' dir='ltr'><strong>itaque</strong></span> <span class='ocrx_word' id='word_1_692' title='bbox 3409 2067 3570 2140; x_wconf 91' lang='lat' dir='ltr'><strong>paulo</strong></span> <span class='ocrx_word' id='word_1_693' title='bbox 3597 2068 3718 2136; x_wconf 89' lang='lat' dir='ltr'><strong>post</strong></span> 
     </span>
    </p>
   </div>
   <div class='ocr_carea' id='block_1_77' title="bbox 2128 2158 3721 2243">
    <p class='ocr_par' dir='ltr' id='par_1_77' title="bbox 2128 2158 3721 2243">
     <span class='ocr_line' id='line_1_91' title="bbox 2128 2158 3721 2243; baseline -0.02 0"><span class='ocrx_word' id='word_1_694' title='bbox 2128 2184 2443 2243; x_wconf 84' lang='lat' dir='ltr'><strong>adversario</strong></span> <span class='ocrx_word' id='word_1_695' title='bbox 2488 2195 2588 2238; x_wconf 88' lang='lat' dir='ltr'><strong>suo</strong></span> <span class='ocrx_word' id='word_1_696' title='bbox 2617 2185 2674 2234; x_wconf 89' lang='lat' dir='ltr'><strong>et</strong></span> <span class='ocrx_word' id='word_1_697' title='bbox 2699 2189 2864 2230; x_wconf 87' lang='lat' dir='ltr'><strong>manu</strong></span> <span class='ocrx_word' id='word_1_698' title='bbox 2890 2168 3100 2227; x_wconf 68' lang='lat' dir='ltr'><strong>caelesti</strong></span> <span class='ocrx_word' id='word_1_699' title='bbox 3145 2165 3362 2228; x_wconf 89' lang='lat' dir='ltr'><strong>obruto,</strong></span> <span class='ocrx_word' id='word_1_700' title='bbox 3391 2160 3472 2215; x_wconf 90' lang='lat' dir='ltr'><strong>sic</strong></span> <span class='ocrx_word' id='word_1_701' title='bbox 3513 2158 3721 2212; x_wconf 78' lang='lat' dir='ltr'><strong>locutus</strong></span> 
     </span>
    </p>
   </div>
   <div class='ocr_carea' id='block_1_78' title="bbox 2131 2255 3722 2334">
    <p class='ocr_par' dir='ltr' id='par_1_78' title="bbox 2131 2255 3722 2334">
     <span class='ocr_line' id='line_1_92' title="bbox 2131 2255 3722 2334; baseline -0.021 -1"><span class='ocrx_word' id='word_1_702' title='bbox 2131 2287 2215 2334; x_wconf 89' lang='lat' dir='ltr'><strong>est</strong></span> <span class='ocrx_word' id='word_1_703' title='bbox 2239 2296 2250 2330; x_wconf 91' lang='lat'><strong>:</strong></span> <span class='ocrx_word' id='word_1_704' title='bbox 2288 2272 2595 2330; x_wconf 74' lang='lat' dir='ltr'><strong>Benedictus</strong></span> <span class='ocrx_word' id='word_1_705' title='bbox 2625 2265 2899 2326; x_wconf 82' lang='lat' dir='ltr'><strong>Dominus,</strong></span> <span class='ocrx_word' id='word_1_706' title='bbox 2931 2261 3014 2332; x_wconf 87' lang='lat' dir='ltr'><strong>qui</strong></span> <span class='ocrx_word' id='word_1_707' title='bbox 3025 2255 3276 2330; x_wconf 73' lang='lat' dir='ltr'><strong>judicavit</strong></span> <span class='ocrx_word' id='word_1_708' title='bbox 3301 2265 3512 2304; x_wconf 79' lang='lat' dir='ltr'><strong>causam</strong></span> <span class='ocrx_word' id='word_1_709' title='bbox 3539 2261 3722 2318; x_wconf 85' lang='lat' dir='ltr'><strong>oppro-</strong></span> 
     </span>
    </p>
   </div>
   <div class='ocr_carea' id='block_1_79' title="bbox 2136 2335 3725 2425">
    <p class='ocr_par' dir='ltr' id='par_1_79' title="bbox 2136 2335 3725 2425">
     <span class='ocr_line' id='line_1_93' title="bbox 2136 2335 3725 2425; baseline -0.022 0"><span class='ocrx_word' id='word_1_710' title='bbox 2136 2371 2236 2425; x_wconf 84' lang='lat' dir='ltr'><strong>brii</strong></span> <span class='ocrx_word' id='word_1_711' title='bbox 2264 2367 2363 2421; x_wconf 87' lang='lat' dir='ltr'><strong>mei</strong></span> <span class='ocrx_word' id='word_1_712' title='bbox 2390 2364 2454 2417; x_wconf 85' lang='lat' dir='ltr'><strong>de</strong></span> <span class='ocrx_word' id='word_1_713' title='bbox 2481 2374 2639 2416; x_wconf 86' lang='lat' dir='ltr'><strong>manu</strong></span> <span class='ocrx_word' id='word_1_714' title='bbox 2669 2352 2848 2410; x_wconf 86' lang='lat' dir='ltr'><strong>Nabal</strong></span> <span class='ocrx_word' id='word_1_715' title='bbox 2899 2349 2951 2422; x_wconf 92' lang='grc'><strong>(1</strong></span> <span class='ocrx_word' id='word_1_716' title='bbox 2981 2347 3110 2418; x_wconf 82' lang='lat' dir='ltr'><strong>Reg.</strong></span> <span class='ocrx_word' id='word_1_717' title='bbox 3152 2359 3287 2408; x_wconf 81' lang='lat' dir='ltr'><strong>xxv,</strong></span> <span class='ocrx_word' id='word_1_718' title='bbox 3316 2337 3442 2409; x_wconf 79' lang='lat'><strong>59).</strong></span> <span class='ocrx_word' id='word_1_719' title='bbox 3471 2335 3725 2391; x_wconf 84' lang='lat' dir='ltr'><strong>Eumdem</strong></span> 
     </span>
    </p>
   </div>
   <div class='ocr_carea' id='block_1_80' title="bbox 2140 2425 3727 2532">
    <p class='ocr_par' dir='ltr' id='par_1_80' title="bbox 2140 2425 3727 2532">
     <span class='ocr_line' id='line_1_94' title="bbox 2140 2425 3727 2532; baseline -0.023 -15"><span class='ocrx_word' id='word_1_720' title='bbox 2140 2473 2357 2532; x_wconf 89' lang='lat' dir='ltr'><strong>quoque</strong></span> <span class='ocrx_word' id='word_1_721' title='bbox 2385 2471 2507 2511; x_wconf 90' lang='lat' dir='ltr'><strong>cum</strong></span> <span class='ocrx_word' id='word_1_722' title='bbox 2537 2451 2774 2520; x_wconf 85' lang='lat' dir='ltr'><strong>fugasset</strong></span> <span class='ocrx_word' id='word_1_723' title='bbox 2801 2460 2833 2500; x_wconf 93' lang='lat' dir='ltr'><strong>e</strong></span> <span class='ocrx_word' id='word_1_724' title='bbox 2851 2457 3018 2512; x_wconf 86' lang='lat' dir='ltr'><strong>regno</strong></span> <span class='ocrx_word' id='word_1_725' title='bbox 3039 2438 3179 2492; x_wconf 88' lang='lat' dir='ltr'><strong>tilius</strong></span> <span class='ocrx_word' id='word_1_726' title='bbox 3205 2437 3538 2505; x_wconf 83' lang='lat' dir='ltr'><strong>persecutor,</strong></span> <span class='ocrx_word' id='word_1_727' title='bbox 3565 2425 3727 2498; x_wconf 74' lang='lat' dir='ltr'><strong>iudex</strong></span> 
     </span>
    </p>
   </div>
   <div class='ocr_carea' id='block_1_81' title="bbox 2139 2522 3721 2608">
    <p class='ocr_par' dir='ltr' id='par_1_81' title="bbox 2139 2522 3721 2608">
     <span class='ocr_line' id='line_1_95' title="bbox 2139 2522 3721 2608; baseline -0.025 0"><span class='ocrx_word' id='word_1_728' title='bbox 2139 2554 2192 2608; x_wconf 92' lang='lat' dir='ltr'><strong>in</strong></span> <span class='ocrx_word' id='word_1_729' title='bbox 2221 2522 2371 2605; x_wconf 79' lang='lat' dir='ltr'><strong>brevi</strong></span> <span class='ocrx_word' id='word_1_730' title='bbox 2399 2544 2659 2601; x_wconf 89' lang='lat' dir='ltr'><strong>Dominus</strong></span> <span class='ocrx_word' id='word_1_731' title='bbox 2685 2535 3004 2597; x_wconf 90' lang='lat' dir='ltr'><strong>vindicavit,</strong></span> <span class='ocrx_word' id='word_1_732' title='bbox 3037 2545 3137 2586; x_wconf 88' lang='lat' dir='ltr'><strong>nec</strong></span> <span class='ocrx_word' id='word_1_733' title='bbox 3163 2522 3454 2582; x_wconf 83' lang='lat' dir='ltr'><strong>vindicavit</strong></span> <span class='ocrx_word' id='word_1_734' title='bbox 3488 2525 3721 2576; x_wconf 83' lang='lat' dir='ltr'><strong>tantum,</strong></span> 
     </span>
    </p>
   </div>
   <div class='ocr_carea' id='block_1_82' title="bbox 2138 2607 3731 2701">
    <p class='ocr_par' dir='ltr' id='par_1_82' title="bbox 2138 2607 3731 2701">
     <span class='ocr_line' id='line_1_96' title="bbox 2138 2607 3731 2701; baseline -0.026 1"><span class='ocrx_word' id='word_1_735' title='bbox 2138 2644 2235 2701; x_wconf 88' lang='lat' dir='ltr'><strong>sed</strong></span> <span class='ocrx_word' id='word_1_736' title='bbox 2263 2637 2588 2698; x_wconf 85' lang='lat' dir='ltr'><strong>cumulatius</strong></span> <span class='ocrx_word' id='word_1_737' title='bbox 2606 2627 2898 2688; x_wconf 88' lang='lat' dir='ltr'><strong>vindicavit</strong></span> <span class='ocrx_word' id='word_1_738' title='bbox 2915 2638 3076 2694; x_wconf 89' lang='lat' dir='ltr'><strong>quam</strong></span> <span class='ocrx_word' id='word_1_739' title='bbox 3108 2622 3222 2690; x_wconf 90' lang='lat' dir='ltr'><strong>ipse</strong></span> <span class='ocrx_word' id='word_1_740' title='bbox 3251 2615 3418 2671; x_wconf 87' lang='lat' dir='ltr'><strong>voluit</strong></span> <span class='ocrx_word' id='word_1_741' title='bbox 3441 2612 3534 2681; x_wconf 89' lang='lat' dir='ltr'><strong>qui</strong></span> <span class='ocrx_word' id='word_1_742' title='bbox 3553 2607 3731 2664; x_wconf 85' lang='lat' dir='ltr'><strong>vindi-</strong></span> 
     </span>
    </p>
   </div>
   <div class='ocr_carea' id='block_1_83' title="bbox 2142 2699 3732 2793">
    <p class='ocr_par' dir='ltr' id='par_1_83' title="bbox 2142 2699 3732 2793">
     <span class='ocr_line' id='line_1_97' title="bbox 2142 2699 3732 2793; baseline -0.023 -1"><span class='ocrx_word' id='word_1_743' title='bbox 2142 2737 2385 2793; x_wconf 89' lang='lat' dir='ltr'><strong>cabatur.</strong></span> <span class='ocrx_word' id='word_1_744' title='bbox 2421 2727 2492 2782; x_wconf 82' lang='lat' dir='ltr'><strong>Ut</strong></span> <span class='ocrx_word' id='word_1_745' title='bbox 2519 2722 2830 2782; x_wconf 89' lang='lat' dir='ltr'><strong>ostenderet</strong></span> <span class='ocrx_word' id='word_1_746' title='bbox 2874 2716 3082 2773; x_wconf 86' lang='lat' dir='ltr'><strong>scilicet</strong></span> <span class='ocrx_word' id='word_1_747' title='bbox 3127 2701 3270 2766; x_wconf 73' lang='lat' dir='ltr'><strong>Deus</strong></span> <span class='ocrx_word' id='word_1_748' title='bbox 3305 2705 3602 2775; x_wconf 86' lang='lat' dir='ltr'><strong>graviorem</strong></span> <span class='ocrx_word' id='word_1_749' title='bbox 3632 2699 3732 2756; x_wconf 85' lang='lat' dir='ltr'><strong>sibi</strong></span> 
     </span>
    </p>
   </div>
   <div class='ocr_carea' id='block_1_84' title="bbox 2143 2791 3736 2889">
    <p class='ocr_par' dir='ltr' id='par_1_84' title="bbox 2143 2791 3736 2889">
     <span class='ocr_line' id='line_1_98' title="bbox 2143 2791 3736 2889; baseline -0.026 -8"><span class='ocrx_word' id='word_1_750' title='bbox 2143 2840 2262 2882; x_wconf 88' lang='lat' dir='ltr'><strong>esse</strong></span> <span class='ocrx_word' id='word_1_751' title='bbox 2291 2820 2538 2889; x_wconf 86' lang='lat' dir='ltr'><strong>iniuriam</strong></span> <span class='ocrx_word' id='word_1_752' title='bbox 2571 2814 2678 2884; x_wconf 57' lang='lat' dir='ltr'><strong>3h</strong></span> <span class='ocrx_word' id='word_1_753' title='bbox 2709 2809 2906 2879; x_wconf 88' lang='lat' dir='ltr'><strong>iniusta</strong></span> <span class='ocrx_word' id='word_1_754' title='bbox 2944 2800 3288 2860; x_wconf 88' lang='lat' dir='ltr'><strong>tolerantium</strong></span> <span class='ocrx_word' id='word_1_755' title='bbox 3309 2811 3469 2867; x_wconf 89' lang='lat' dir='ltr'><strong>quam</strong></span> <span class='ocrx_word' id='word_1_756' title='bbox 3500 2791 3736 2846; x_wconf 86' lang='lat' dir='ltr'><strong>toleran-</strong></span> 
     </span>
    </p>
   </div>
   <div class='ocr_carea' id='block_1_85' title="bbox 2148 2875 3738 2971">
    <p class='ocr_par' dir='ltr' id='par_1_85' title="bbox 2148 2875 3738 2971">
     <span class='ocr_line' id='line_1_99' title="bbox 2148 2875 3738 2971; baseline -0.026 0"><span class='ocrx_word' id='word_1_757' title='bbox 2148 2917 2291 2971; x_wconf 89' lang='lat' dir='ltr'><strong>tibus</strong></span> <span class='ocrx_word' id='word_1_758' title='bbox 2339 2924 2513 2966; x_wconf 90' lang='lat' dir='ltr'><strong>suam.</strong></span> <span class='ocrx_word' id='word_1_759' title='bbox 2540 2875 2675 2960; x_wconf 58' lang='lat' dir='ltr'><strong>Nam</strong></span> <span class='ocrx_word' id='word_1_760' title='bbox 2715 2875 2808 2970; x_wconf 83' lang='lat' dir='ltr'><strong>qui</strong></span> <span class='ocrx_word' id='word_1_761' title='bbox 2837 2911 3000 2966; x_wconf 89' lang='lat' dir='ltr'><strong>supra</strong></span> <span class='ocrx_word' id='word_1_762' title='bbox 3028 2900 3213 2948; x_wconf 89' lang='lat' dir='ltr'><strong>votum</strong></span> <span class='ocrx_word' id='word_1_763' title='bbox 3241 2887 3358 2956; x_wconf 90' lang='lat' dir='ltr'><strong>eius</strong></span> <span class='ocrx_word' id='word_1_764' title='bbox 3376 2881 3611 2937; x_wconf 86' lang='lat' dir='ltr'><strong>vindicat</strong></span> <span class='ocrx_word' id='word_1_765' title='bbox 3646 2875 3738 2946; x_wconf 89' lang='lat' dir='ltr'><strong>qui</strong></span> 
     </span>
    </p>
   </div>
   <div class='ocr_carea' id='block_1_86' title="bbox 2148 2969 3738 3070">
    <p class='ocr_par' dir='ltr' id='par_1_86' title="bbox 2148 2969 3738 3070">
     <span class='ocr_line' id='line_1_100' title="bbox 2148 2969 3738 3070; baseline -0.025 -8"><span class='ocrx_word' id='word_1_766' title='bbox 2148 2969 2472 3065; x_wconf 79' lang='lat' dir='ltr'><strong>vindicatur,</strong></span> <span class='ocrx_word' id='word_1_767' title='bbox 2505 2997 2630 3070; x_wconf 90' lang='lat' dir='ltr'><strong>quid</strong></span> <span class='ocrx_word' id='word_1_768' title='bbox 2661 2969 2805 3048; x_wconf 82' lang='lat' dir='ltr'><strong>aliud</strong></span> <span class='ocrx_word' id='word_1_769' title='bbox 2837 2989 2950 3046; x_wconf 89' lang='lat' dir='ltr'><strong>&#39;vult</strong></span> <span class='ocrx_word' id='word_1_770' title='bbox 2977 2983 3198 3051; x_wconf 84' lang='lat' dir='ltr'><strong>intelligi</strong></span> <span class='ocrx_word' id='word_1_771' title='bbox 3214 2994 3374 3051; x_wconf 89' lang='lat' dir='ltr'><strong>quam</strong></span> <span class='ocrx_word' id='word_1_772' title='bbox 3404 2992 3463 3030; x_wconf 87' lang='lat' dir='ltr'><strong>se</strong></span> <span class='ocrx_word' id='word_1_773' title='bbox 3491 2974 3663 3042; x_wconf 88' lang='lat' dir='ltr'><strong>ipsum</strong></span> <span class='ocrx_word' id='word_1_774' title='bbox 3685 2969 3738 3023; x_wconf 91' lang='lat' dir='ltr'><strong>in</strong></span> 
     </span>
    </p>
   </div>
   <div class='ocr_carea' id='block_1_87' title="bbox 2154 3063 3741 3164">
    <p class='ocr_par' dir='ltr' id='par_1_87' title="bbox 2154 3063 3741 3164">
     <span class='ocr_line' id='line_1_101' title="bbox 2154 3063 3741 3164; baseline -0.027 -10"><span class='ocrx_word' id='word_1_775' title='bbox 2154 3115 2220 3153; x_wconf 90' lang='lat' dir='ltr'><strong>eo</strong></span> <span class='ocrx_word' id='word_1_776' title='bbox 2250 3109 2412 3164; x_wconf 89' lang='lat' dir='ltr'><strong>quem</strong></span> <span class='ocrx_word' id='word_1_777' title='bbox 2441 3092 2521 3145; x_wconf 91' lang='lat' dir='ltr'><strong>sic</strong></span> <span class='ocrx_word' id='word_1_778' title='bbox 2549 3085 2823 3143; x_wconf 89' lang='lat' dir='ltr'><strong>ulciscitur</strong></span> <span class='ocrx_word' id='word_1_779' title='bbox 2839 3075 3142 3133; x_wconf 89' lang='lat' dir='ltr'><strong>vindicare?</strong></span> <span class='ocrx_word' id='word_1_780' title='bbox 3164 3073 3300 3126; x_wconf 86' lang='lat' dir='ltr'><strong>Acte</strong></span> <span class='ocrx_word' id='word_1_781' title='bbox 3327 3068 3509 3134; x_wconf 87' lang='lat' dir='ltr'><strong>itaque</strong></span> <span class='ocrx_word' id='word_1_782' title='bbox 3537 3063 3592 3116; x_wconf 91' lang='lat' dir='ltr'><strong>in</strong></span> <span class='ocrx_word' id='word_1_783' title='bbox 3619 3073 3741 3114; x_wconf 88' lang='lat' dir='ltr'><strong>cru—</strong></span> 
     </span>
    </p>
   </div>
   <div class='ocr_carea' id='block_1_88' title="bbox 2073 3147 3742 3252">
    <p class='ocr_par' dir='ltr' id='par_1_88' title="bbox 2073 3147 3742 3252">
     <span class='ocr_line' id='line_1_102' title="bbox 2073 3147 3742 3252; baseline -0.027 -6"><span class='ocrx_word' id='word_1_784' title='bbox 2073 3191 2120 3252; x_wconf 87' lang='lat' dir='ltr'><strong>C</strong></span> <span class='ocrx_word' id='word_1_785' title='bbox 2153 3203 2270 3244; x_wconf 87' lang='lat' dir='ltr'><strong>cem</strong></span> <span class='ocrx_word' id='word_1_786' title='bbox 2302 3199 2407 3238; x_wconf 88' lang='lat' dir='ltr'><strong>non</strong></span> <span class='ocrx_word' id='word_1_787' title='bbox 2437 3195 2600 3234; x_wconf 81' lang='lat' dir='ltr'><strong>manu</strong></span> <span class='ocrx_word' id='word_1_788' title='bbox 2627 3175 2820 3230; x_wconf 81' lang='lat' dir='ltr'><strong>factam</strong></span> <span class='ocrx_word' id='word_1_789' title='bbox 2870 3167 2978 3222; x_wconf 84' lang='lat' dir='ltr'><strong>(ilio</strong></span> <span class='ocrx_word' id='word_1_790' title='bbox 3023 3160 3306 3234; x_wconf 88' lang='lat' dir='ltr'><strong>parricida,</strong></span> <span class='ocrx_word' id='word_1_791' title='bbox 3354 3153 3644 3208; x_wconf 88' lang='lat' dir='ltr'><strong>vindictam</strong></span> <span class='ocrx_word' id='word_1_792' title='bbox 3691 3147 3742 3202; x_wconf 88' lang='lat' dir='ltr'><strong>ei</strong></span> 
     </span>
    </p>
   </div>
   <div class='ocr_carea' id='block_1_89' title="bbox 2157 3238 3746 3334">
    <p class='ocr_par' dir='ltr' id='par_1_89' title="bbox 2157 3238 3746 3334">
     <span class='ocr_line' id='line_1_103' title="bbox 2157 3238 3746 3334; baseline -0.027 0"><span class='ocrx_word' id='word_1_793' title='bbox 2157 3277 2415 3334; x_wconf 80' lang='lat' dir='ltr'><strong>divinitus</strong></span> <span class='ocrx_word' id='word_1_794' title='bbox 2441 3271 2752 3325; x_wconf 88' lang='lat' dir='ltr'><strong>attributam</strong></span> <span class='ocrx_word' id='word_1_795' title='bbox 2786 3261 2864 3315; x_wconf 78' lang='lat' dir='ltr'><strong>sic</strong></span> <span class='ocrx_word' id='word_1_796' title='bbox 2889 3257 3185 3313; x_wconf 87' lang='lat' dir='ltr'><strong>nuntiatam</strong></span> <span class='ocrx_word' id='word_1_797' title='bbox 3219 3247 3387 3305; x_wconf 85' lang='lat' dir='ltr'><strong>refert</strong></span> <span class='ocrx_word' id='word_1_798' title='bbox 3411 3257 3588 3300; x_wconf 89' lang='lat' dir='ltr'><strong>sermo</strong></span> <span class='ocrx_word' id='word_1_799' title='bbox 3609 3238 3746 3294; x_wconf 89' lang='lat' dir='ltr'><strong>divi-</strong></span> 
     </span>
    </p>
   </div>
   <div class='ocr_carea' id='block_1_90' title="bbox 2161 3329 3746 3430">
    <p class='ocr_par' dir='ltr' id='par_1_90' title="bbox 2161 3329 3746 3430">
     <span class='ocr_line' id='line_1_104' title="bbox 2161 3329 3746 3430; baseline -0.027 -6"><span class='ocrx_word' id='word_1_800' title='bbox 2161 3384 2292 3424; x_wconf 89' lang='lat' dir='ltr'><strong>nus:</strong></span> <span class='ocrx_word' id='word_1_801' title='bbox 2320 3366 2515 3418; x_wconf 81' lang='lat' dir='ltr'><strong>Bonum</strong></span> <span class='ocrx_word' id='word_1_802' title='bbox 2546 3364 2759 3430; x_wconf 77' lang='lat' dir='ltr'><strong>apporto</strong></span> <span class='ocrx_word' id='word_1_803' title='bbox 2786 3351 3040 3409; x_wconf 82' lang='lat' dir='ltr'><strong>nuntium,</strong></span> <span class='ocrx_word' id='word_1_804' title='bbox 3073 3343 3278 3399; x_wconf 84' lang='lat' dir='ltr'><strong>domine</strong></span> <span class='ocrx_word' id='word_1_805' title='bbox 3296 3339 3366 3392; x_wconf 89' lang='lat' dir='ltr'><strong>mi</strong></span> <span class='ocrx_word' id='word_1_806' title='bbox 3389 3351 3498 3390; x_wconf 73' lang='lat' dir='ltr'><strong>rex.</strong></span> <span class='ocrx_word' id='word_1_807' title='bbox 3523 3329 3746 3385; x_wconf 77' lang='lat' dir='ltr'><strong>Iudica-</strong></span> 
     </span>
    </p>
   </div>
   <div class='ocr_carea' id='block_1_91' title="bbox 2157 3422 3748 3527">
    <p class='ocr_par' dir='ltr' id='par_1_91' title="bbox 2157 3422 3748 3527">
     <span class='ocr_line' id='line_1_105' title="bbox 2157 3422 3748 3527; baseline -0.026 -11"><span class='ocrx_word' id='word_1_808' title='bbox 2157 3464 2228 3516; x_wconf 77' lang='lat' dir='ltr'><strong>vit</strong></span> <span class='ocrx_word' id='word_1_809' title='bbox 2255 3460 2389 3514; x_wconf 87' lang='lat' dir='ltr'><strong>enim</strong></span> <span class='ocrx_word' id='word_1_810' title='bbox 2426 3471 2518 3527; x_wconf 83' lang='lat' dir='ltr'><strong>pro</strong></span> <span class='ocrx_word' id='word_1_811' title='bbox 2559 3461 2604 3505; x_wconf 84' lang='lat' dir='ltr'><strong>te</strong></span> <span class='ocrx_word' id='word_1_812' title='bbox 2641 3447 2792 3502; x_wconf 82' lang='lat' dir='ltr'><strong>hodie</strong></span> <span class='ocrx_word' id='word_1_813' title='bbox 2837 3443 3094 3498; x_wconf 77' lang='lat' dir='ltr'><strong>Dominus</strong></span> <span class='ocrx_word' id='word_1_814' title='bbox 3122 3435 3186 3490; x_wconf 86' lang='lat' dir='ltr'><strong>de</strong></span> <span class='ocrx_word' id='word_1_815' title='bbox 3215 3447 3372 3488; x_wconf 85' lang='lat' dir='ltr'><strong>manu</strong></span> <span class='ocrx_word' id='word_1_816' title='bbox 3411 3427 3635 3484; x_wconf 83' lang='lat' dir='ltr'><strong>omnium</strong></span> <span class='ocrx_word' id='word_1_817' title='bbox 3661 3422 3748 3493; x_wconf 78' lang='lat' dir='ltr'><strong>qui</strong></span> 
     </span>
    </p>
   </div>
   <div class='ocr_carea' id='block_1_92' title="bbox 2158 3521 3353 3608">
    <p class='ocr_par' dir='ltr' id='par_1_92' title="bbox 2158 3521 3353 3608">
     <span class='ocr_line' id='line_1_106' title="bbox 2158 3521 3353 3608; baseline -0.028 1"><span class='ocrx_word' id='word_1_818' title='bbox 2158 3521 2487 3608; x_wconf 66' lang='lat' dir='ltr'><strong>surrexerunt</strong></span> <span class='ocrx_word' id='word_1_819' title='bbox 2509 3551 2688 3598; x_wconf 80' lang='lat' dir='ltr'><strong>contra</strong></span> <span class='ocrx_word' id='word_1_820' title='bbox 2712 3549 2758 3593; x_wconf 84' lang='lat' dir='ltr'><strong>te</strong></span> <span class='ocrx_word' id='word_1_821' title='bbox 2789 3535 2865 3607; x_wconf 86' lang='lat' dir='ltr'><strong>(ll</strong></span> <span class='ocrx_word' id='word_1_822' title='bbox 2897 3533 3026 3602; x_wconf 85' lang='lat' dir='ltr'><strong>Reg.</strong></span> <span class='ocrx_word' id='word_1_823' title='bbox 3058 3543 3204 3590; x_wconf 80' lang='lat' dir='ltr'><strong>xvnr,</strong></span> <span class='ocrx_word' id='word_1_824' title='bbox 3232 3521 3353 3594; x_wconf 77' lang='grc'><strong>51).</strong></span> 
     </span>
    </p>
   </div>
   <div class='ocr_carea' id='block_1_93' title="bbox 2231 3606 3744 3698">
    <p class='ocr_par' dir='ltr' id='par_1_93' title="bbox 2231 3606 3744 3698">
     <span class='ocr_line' id='line_1_107' title="bbox 2231 3606 3744 3698; baseline -0.026 -5"><span class='ocrx_word' id='word_1_825' title='bbox 2231 3639 2316 3694; x_wconf 70' lang='grc' dir='ltr'><strong>ιγ.</strong></span> <span class='ocrx_word' id='word_1_826' title='bbox 2353 3635 2516 3688; x_wconf 83' lang='lat' dir='ltr'><strong>Vides</strong></span> <span class='ocrx_word' id='word_1_827' title='bbox 2553 3606 2824 3698; x_wconf 87' lang='lat' dir='ltr'><strong>quomodo</strong></span> <span class='ocrx_word' id='word_1_828' title='bbox 2876 3637 2984 3676; x_wconf 92' lang='lat' dir='ltr'><strong>non</strong></span> <span class='ocrx_word' id='word_1_829' title='bbox 3025 3617 3186 3674; x_wconf 87' lang='lat' dir='ltr'><strong>rebus</strong></span> <span class='ocrx_word' id='word_1_830' title='bbox 3225 3619 3450 3672; x_wconf 88' lang='lat' dir='ltr'><strong>tantum,</strong></span> <span class='ocrx_word' id='word_1_831' title='bbox 3481 3612 3544 3660; x_wconf 90' lang='lat' dir='ltr'><strong>ut</strong></span> <span class='ocrx_word' id='word_1_832' title='bbox 3583 3606 3744 3672; x_wconf 73' lang='lat' dir='ltr'><strong>suprt</strong></span> 
     </span>
    </p>
   </div>
   <div class='ocr_carea' id='block_1_94' title="bbox 2161 3690 3756 3788">
    <p class='ocr_par' dir='ltr' id='par_1_94' title="bbox 2161 3690 3756 3788">
     <span class='ocr_line' id='line_1_108' title="bbox 2161 3690 3756 3788; baseline -0.026 -1"><span class='ocrx_word' id='word_1_833' title='bbox 2161 3732 2412 3788; x_wconf 81' lang='lat' dir='ltr'><strong>diximus,</strong></span> <span class='ocrx_word' id='word_1_834' title='bbox 2445 3736 2502 3780; x_wconf 89' lang='lat' dir='ltr'><strong>et</strong></span> <span class='ocrx_word' id='word_1_835' title='bbox 2539 3717 2820 3787; x_wconf 78' lang='lat' dir='ltr'><strong>exemplis,</strong></span> <span class='ocrx_word' id='word_1_836' title='bbox 2852 3711 2948 3768; x_wconf 87' lang='lat' dir='ltr'><strong>sed</strong></span> <span class='ocrx_word' id='word_1_837' title='bbox 2978 3711 3098 3780; x_wconf 91' lang='lat' dir='ltr'><strong>ipso</strong></span> <span class='ocrx_word' id='word_1_838' title='bbox 3128 3703 3344 3760; x_wconf 90' lang='lat' dir='ltr'><strong>nomine</strong></span> <span class='ocrx_word' id='word_1_839' title='bbox 3381 3705 3542 3766; x_wconf 88' lang='lat' dir='ltr'><strong>atque</strong></span> <span class='ocrx_word' id='word_1_840' title='bbox 3570 3690 3756 3764; x_wconf 85' lang='lat' dir='ltr'><strong>appel-</strong></span> 
     </span>
    </p>
   </div>
   <div class='ocr_carea' id='block_1_95' title="bbox 2166 3784 3758 3887">
    <p class='ocr_par' dir='ltr' id='par_1_95' title="bbox 2166 3784 3758 3887">
     <span class='ocr_line' id='line_1_109' title="bbox 2166 3784 3758 3887; baseline -0.027 -9"><span class='ocrx_word' id='word_1_841' title='bbox 2166 3823 2368 3878; x_wconf 79' lang='lat' dir='ltr'><strong>latione</strong></span> <span class='ocrx_word' id='word_1_842' title='bbox 2392 3813 2597 3887; x_wconf 89' lang='lat' dir='ltr'><strong>iudicii,</strong></span> <span class='ocrx_word' id='word_1_843' title='bbox 2625 3784 2793 3864; x_wconf 77' lang='lat' dir='ltr'><strong>Deum</strong></span> <span class='ocrx_word' id='word_1_844' title='bbox 2823 3803 2986 3859; x_wconf 88' lang='lat' dir='ltr'><strong>etiam</strong></span> <span class='ocrx_word' id='word_1_845' title='bbox 3013 3793 3262 3870; x_wconf 72' lang='lat' dir='ltr'><strong>pra‘seuti</strong></span> <span class='ocrx_word' id='word_1_846' title='bbox 3294 3789 3490 3845; x_wconf 67' lang='lat' dir='ltr'><strong>sarculo</strong></span> <span class='ocrx_word' id='word_1_847' title='bbox 3513 3784 3758 3854; x_wconf 85' lang='lat' dir='ltr'><strong>judicare</strong></span> 
     </span>
    </p>
   </div>
   <div class='ocr_carea' id='block_1_96' title="bbox 2167 3875 3759 3979">
    <p class='ocr_par' dir='ltr' id='par_1_96' title="bbox 2167 3875 3759 3979">
     <span class='ocr_line' id='line_1_110' title="bbox 2167 3875 3759 3979; baseline -0.028 -9"><span class='ocrx_word' id='word_1_848' title='bbox 2167 3913 2362 3970; x_wconf 73' lang='lat' dir='ltr'><strong>divinae</strong></span> <span class='ocrx_word' id='word_1_849' title='bbox 2389 3924 2487 3979; x_wconf 90' lang='lat' dir='ltr'><strong>per</strong></span> <span class='ocrx_word' id='word_1_850' title='bbox 2513 3917 2697 3960; x_wconf 86' lang='lat' dir='ltr'><strong>sacros</strong></span> <span class='ocrx_word' id='word_1_851' title='bbox 2720 3903 2884 3952; x_wconf 87' lang='lat' dir='ltr'><strong>testes</strong></span> <span class='ocrx_word' id='word_1_852' title='bbox 2902 3894 3094 3946; x_wconf 76' lang='lat' dir='ltr'><strong>liuent:</strong></span> <span class='ocrx_word' id='word_1_853' title='bbox 3121 3886 3370 3958; x_wconf 84' lang='lat' dir='ltr'><strong>probant.</strong></span> <span class='ocrx_word' id='word_1_854' title='bbox 3402 3879 3506 3934; x_wconf 87' lang='lat' dir='ltr'><strong>Sed</strong></span> <span class='ocrx_word' id='word_1_855' title='bbox 3536 3875 3759 3931; x_wconf 84' lang='lat' dir='ltr'><strong>forsitan</strong></span> 
     </span>
    </p>
   </div>
   <div class='ocr_carea' id='block_1_97' title="bbox 2171 3967 3763 4066">
    <p class='ocr_par' dir='ltr' id='par_1_97' title="bbox 2171 3967 3763 4066">
     <span class='ocr_line' id='line_1_111' title="bbox 2171 3967 3763 4066; baseline -0.026 -8"><span class='ocrx_word' id='word_1_856' title='bbox 2171 4005 2319 4060; x_wconf 86' lang='lat' dir='ltr'><strong>dices</strong></span> <span class='ocrx_word' id='word_1_857' title='bbox 2365 3999 2417 4054; x_wconf 89' lang='lat' dir='ltr'><strong>id</strong></span> <span class='ocrx_word' id='word_1_858' title='bbox 2462 3991 2768 4066; x_wconf 87' lang='lat' dir='ltr'><strong>specialiter</strong></span> <span class='ocrx_word' id='word_1_859' title='bbox 2794 3991 2982 4040; x_wconf 88' lang='lat' dir='ltr'><strong>sancto</strong></span> <span class='ocrx_word' id='word_1_860' title='bbox 3010 3981 3128 4034; x_wconf 90' lang='lat' dir='ltr'><strong>viro</strong></span> <span class='ocrx_word' id='word_1_861' title='bbox 3157 3993 3189 4030; x_wconf 90' lang='lat' dir='ltr'><strong>a</strong></span> <span class='ocrx_word' id='word_1_862' title='bbox 3217 3975 3329 4030; x_wconf 89' lang='lat' dir='ltr'><strong>Deo</strong></span> <span class='ocrx_word' id='word_1_863' title='bbox 3355 3967 3668 4042; x_wconf 67' lang='lat' dir='ltr'><strong>praestitum,</strong></span> <span class='ocrx_word' id='word_1_864' title='bbox 3701 3969 3763 4018; x_wconf 86' lang='lat' dir='ltr'><strong>ut</strong></span> 
     </span>
    </p>
   </div>
   <div class='ocr_carea' id='block_1_98' title="bbox 2172 4053 3763 4152">
    <p class='ocr_par' dir='ltr' id='par_1_98' title="bbox 2172 4053 3763 4152">
     <span class='ocr_line' id='line_1_112' title="bbox 2172 4053 3763 4152; baseline -0.028 -1"><span class='ocrx_word' id='word_1_865' title='bbox 2172 4096 2240 4150; x_wconf 87' lang='lat' dir='ltr'><strong>de</strong></span> <span class='ocrx_word' id='word_1_866' title='bbox 2268 4087 2590 4149; x_wconf 86' lang='lat' dir='ltr'><strong>adversariis</strong></span> <span class='ocrx_word' id='word_1_867' title='bbox 2617 4084 2732 4152; x_wconf 90' lang='lat' dir='ltr'><strong>eius</strong></span> <span class='ocrx_word' id='word_1_868' title='bbox 2775 4077 3021 4149; x_wconf 89' lang='lat' dir='ltr'><strong>protinus</strong></span> <span class='ocrx_word' id='word_1_869' title='bbox 3044 4070 3328 4142; x_wconf 89' lang='lat' dir='ltr'><strong>iudicaret.</strong></span> <span class='ocrx_word' id='word_1_870' title='bbox 3362 4064 3484 4118; x_wconf 89' lang='lat' dir='ltr'><strong>Dies</strong></span> <span class='ocrx_word' id='word_1_871' title='bbox 3507 4073 3594 4114; x_wconf 88' lang='lat' dir='ltr'><strong>me</strong></span> <span class='ocrx_word' id='word_1_872' title='bbox 3629 4053 3763 4110; x_wconf 84' lang='lat' dir='ltr'><strong>dell-</strong></span> 
     </span>
    </p>
   </div>
   <div class='ocr_carea' id='block_1_99' title="bbox 2175 4147 3764 4250">
    <p class='ocr_par' dir='ltr' id='par_1_99' title="bbox 2175 4147 3764 4250">
     <span class='ocr_line' id='line_1_113' title="bbox 2175 4147 3764 4250; baseline -0.028 -7"><span class='ocrx_word' id='word_1_873' title='bbox 2175 4187 2301 4249; x_wconf 89' lang='lat' dir='ltr'><strong>ciet,</strong></span> <span class='ocrx_word' id='word_1_874' title='bbox 2328 4185 2372 4238; x_wconf 90' lang='lat' dir='ltr'><strong>si</strong></span> <span class='ocrx_word' id='word_1_875' title='bbox 2413 4181 2479 4236; x_wconf 91' lang='lat' dir='ltr'><strong>de</strong></span> <span class='ocrx_word' id='word_1_876' title='bbox 2518 4173 2870 4250; x_wconf 63' lang='lat' dir='ltr'><strong>praesentibus</strong></span> <span class='ocrx_word' id='word_1_877' title='bbox 2897 4169 2950 4222; x_wconf 90' lang='lat' dir='ltr'><strong>in</strong></span> <span class='ocrx_word' id='word_1_878' title='bbox 2988 4166 3095 4219; x_wconf 88' lang='lat' dir='ltr'><strong>hoc</strong></span> <span class='ocrx_word' id='word_1_879' title='bbox 3121 4158 3322 4216; x_wconf 89' lang='lat' dir='ltr'><strong>mundo</strong></span> <span class='ocrx_word' id='word_1_880' title='bbox 3359 4151 3639 4210; x_wconf 86' lang='lat' dir='ltr'><strong>sententi&#39;s</strong></span> <span class='ocrx_word' id='word_1_881' title='bbox 3666 4147 3764 4201; x_wconf 87' lang='lat' dir='ltr'><strong>Dei</strong></span> 
     </span>
    </p>
   </div>
   <div class='ocr_carea' id='block_1_100' title="bbox 2180 4238 3769 4348">
    <p class='ocr_par' dir='ltr' id='par_1_100' title="bbox 2180 4238 3769 4348">
     <span class='ocr_line' id='line_1_114' title="bbox 2180 4238 3769 4348; baseline -0.028 -14"><span class='ocrx_word' id='word_1_882' title='bbox 2180 4287 2342 4348; x_wconf 86' lang='lat' dir='ltr'><strong>atque</strong></span> <span class='ocrx_word' id='word_1_883' title='bbox 2367 4238 2584 4344; x_wconf 82' lang='lat' dir='ltr'><strong>iudiciis</strong></span> <span class='ocrx_word' id='word_1_884' title='bbox 2623 4266 2802 4320; x_wconf 90' lang='lat' dir='ltr'><strong>dicere</strong></span> <span class='ocrx_word' id='word_1_885' title='bbox 2829 4259 3010 4312; x_wconf 87' lang='lat' dir='ltr'><strong>velim.</strong></span> <span class='ocrx_word' id='word_1_886' title='bbox 3044 4252 3152 4307; x_wconf 88' lang='lat' dir='ltr'><strong>Sed</strong></span> <span class='ocrx_word' id='word_1_887' title='bbox 3185 4259 3363 4304; x_wconf 89' lang='lat' dir='ltr'><strong>tamen</strong></span> <span class='ocrx_word' id='word_1_888' title='bbox 3405 4252 3464 4298; x_wconf 93' lang='lat' dir='ltr'><strong>ut</strong></span> <span class='ocrx_word' id='word_1_889' title='bbox 3490 4238 3769 4294; x_wconf 89' lang='lat' dir='ltr'><strong>evidenter</strong></span> 
     </span>
    </p>
   </div>
   <div class='ocr_carea' id='block_1_101' title="bbox 2181 4333 3766 4442">
    <p class='ocr_par' dir='ltr' id='par_1_101' title="bbox 2181 4333 3766 4442">
     <span class='ocr_line' id='line_1_115' title="bbox 2181 4333 3766 4442; baseline -0.032 -17"><span class='ocrx_word' id='word_1_890' title='bbox 2181 4379 2442 4442; x_wconf 80' lang='lat' dir='ltr'><strong>agnoscas</strong></span> <span class='ocrx_word' id='word_1_891' title='bbox 2468 4369 2747 4416; x_wconf 86' lang='lat' dir='ltr'><strong>censuram</strong></span> <span class='ocrx_word' id='word_1_892' title='bbox 2775 4363 2925 4405; x_wconf 88' lang='lat' dir='ltr'><strong>suam</strong></span> <span class='ocrx_word' id='word_1_893' title='bbox 2955 4353 3009 4400; x_wconf 69' lang='lat' dir='ltr'><strong>Cl</strong></span> <span class='ocrx_word' id='word_1_894' title='bbox 3031 4354 3255 4398; x_wconf 81' lang='lat' dir='ltr'><strong>examen</strong></span> <span class='ocrx_word' id='word_1_895' title='bbox 3283 4347 3492 4390; x_wconf 84' lang='lat' dir='ltr'><strong>sacrum</strong></span> <span class='ocrx_word' id='word_1_896' title='bbox 3521 4343 3627 4383; x_wconf 91' lang='lat' dir='ltr'><strong>non</strong></span> <span class='ocrx_word' id='word_1_897' title='bbox 3659 4333 3766 4378; x_wconf 89' lang='lat' dir='ltr'><strong>tam</strong></span> 
     </span>
     <span class='ocr_line' id='line_1_116' title="bbox 3058 4413 3765 4442; baseline -0.021 15"><span class='ocrx_word' id='word_1_898' title='bbox 3058 4431 3071 4442; x_wconf 89' lang='lat'><em>‘</em></span> <span class='ocrx_word' id='word_1_899' title='bbox 3243 4427 3278 4442; x_wconf 80' lang='lat'><strong>&quot;</strong></span> <span class='ocrx_word' id='word_1_900' title='bbox 3321 4418 3576 4442; x_wconf 51' lang='grc' dir='ltr'><strong>ηη--μληιιι</strong></span> <span class='ocrx_word' id='word_1_901' title='bbox 3609 4413 3765 4442; x_wconf 69' lang='grc' dir='ltr'><strong>ξηιιιι-</strong></span> 
     </span>
    </p>
   </div>
   <div class='ocr_carea' id='block_1_102' title="bbox 2182 4413 3768 4528">
    <p class='ocr_par' dir='ltr' id='par_1_102' title="bbox 2182 4413 3768 4528">
     <span class='ocr_line' id='line_1_117' title="bbox 2182 4413 2523 4442; baseline -0.032 -17"><span class='ocrx_word' id='word_1_902' title='bbox 2182 4413 2439 4442; x_wconf 42' lang='lat' dir='ltr'><strong>now-..“</strong></span> <span class='ocrx_word' id='word_1_903' title='bbox 2478 4413 2523 4416; x_wconf 58' lang='lat'><strong>-,</strong></span> 
     </span>
     <span class='ocr_line' id='line_1_118' title="bbox 2182 4413 3768 4528; baseline -0.03 -14"><span class='ocrx_word' id='word_1_904' title='bbox 2182 4454 2430 4528; x_wconf 89' lang='lat' dir='ltr'><strong>personis</strong></span> <span class='ocrx_word' id='word_1_905' title='bbox 2450 4453 2704 4521; x_wconf 65' lang='lat' dir='ltr'><strong>praestare</strong></span> <span class='ocrx_word' id='word_1_906' title='bbox 2733 4452 2896 4510; x_wconf 87' lang='lat' dir='ltr'><strong>quam</strong></span> <span class='ocrx_word' id='word_1_907' title='bbox 2925 4431 3120 4495; x_wconf 86' lang='lat' dir='ltr'><strong>causis,</strong></span> <span class='ocrx_word' id='word_1_908' title='bbox 3157 4427 3281 4482; x_wconf 87' lang='lat' dir='ltr'><strong>audi</strong></span> <span class='ocrx_word' id='word_1_909' title='bbox 3309 4418 3580 4494; x_wconf 90' lang='lat' dir='ltr'><strong>quomodo</strong></span> <span class='ocrx_word' id='word_1_910' title='bbox 3604 4413 3768 4483; x_wconf 79' lang='lat' dir='ltr'><strong>iudex</strong></span> 
     </span>
     <span class='ocr_line' id='line_1_119' title="bbox 3293 4501 3768 4528; baseline -0.025 12"><span class='ocrx_word' id='word_1_911' title='bbox 3293 4523 3304 4528; x_wconf 90' lang='lat'><em>‘</em></span> <span class='ocrx_word' id='word_1_912' title='bbox 3386 4512 3507 4528; x_wconf 42' lang='grc' dir='ltr'><strong>’θίΑ-</strong></span> <span class='ocrx_word' id='word_1_913' title='bbox 3560 4501 3768 4528; x_wconf 57' lang='grc' dir='ltr'><strong>--Αξιιιιιη</strong></span> 
     </span>
    </p>
   </div>
   <div class='ocr_carea' id='block_1_103' title="bbox 1593 4501 3772 4628">
    <p class='ocr_par' dir='ltr' id='par_1_103' title="bbox 1593 4501 3772 4628">
     <span class='ocr_line' id='line_1_120' title="bbox 1601 4501 2764 4544; baseline -0.038 -4"><span class='ocrx_word' id='word_1_914' title='bbox 1601 4501 1710 4538; x_wconf 78' lang='grc'><strong>0011</strong></span> <span class='ocrx_word' id='word_1_915' title='bbox 1731 4501 1903 4544; x_wconf 71' lang='lat' dir='ltr'><strong>magis</strong></span> <span class='ocrx_word' id='word_1_916' title='bbox 1933 4501 2081 4528; x_wconf 66' lang='grc' dir='ltr'><strong>ιωιι-</strong></span> <span class='ocrx_word' id='word_1_917' title='bbox 2187 4501 2270 4528; x_wconf 79' lang='grc' dir='ltr'><strong>ιιν-</strong></span> <span class='ocrx_word' id='word_1_918' title='bbox 2283 4501 2429 4511; x_wconf 57' lang='grc' dir='ltr'><strong>..ν-.-.ν</strong></span> <span class='ocrx_word' id='word_1_919' title='bbox 2454 4501 2500 4521; x_wconf 62' lang='grc' dir='ltr'><strong>π.-</strong></span> <span class='ocrx_word' id='word_1_920' title='bbox 2519 4501 2529 4503; x_wconf 75' lang='lat'><strong>-</strong></span> <span class='ocrx_word' id='word_1_921' title='bbox 2544 4501 2553 4502; x_wconf 34' lang='grc' dir='ltr'><em>κ</em></span> <span class='ocrx_word' id='word_1_922' title='bbox 2573 4501 2578 4502; x_wconf 31' lang='grc' dir='ltr'><em>γ</em></span> <span class='ocrx_word' id='word_1_923' title='bbox 2753 4501 2764 4510; x_wconf 55' lang='grc'><em>,</em></span> 
     </span>
     <span class='ocr_line' id='line_1_121' title="bbox 1593 4501 3772 4628; baseline -0.033 -3"><span class='ocrx_word' id='word_1_924' title='bbox 1593 4575 1723 4628; x_wconf 76' lang='lat' dir='ltr'><strong>Nam</strong></span> <span class='ocrx_word' id='word_1_925' title='bbox 1747 4569 1790 4624; x_wconf 85' lang='lat' dir='ltr'><strong>si</strong></span> <span class='ocrx_word' id='word_1_926' title='bbox 1813 4569 2087 4622; x_wconf 79' lang='lat' dir='ltr'><strong>absentem</strong></span> <span class='ocrx_word' id='word_1_927' title='bbox 2119 4555 2166 4614; x_wconf 88' lang='lat' dir='ltr'><strong>D</strong></span> <span class='ocrx_word' id='word_1_928' title='bbox 2190 4549 2350 4610; x_wconf 89' lang='lat' dir='ltr'><strong>Deus,</strong></span> <span class='ocrx_word' id='word_1_929' title='bbox 2383 4543 2474 4612; x_wconf 89' lang='lat' dir='ltr'><strong>qui</strong></span> <span class='ocrx_word' id='word_1_930' title='bbox 2502 4552 2602 4610; x_wconf 88' lang='lat' dir='ltr'><strong>pro</strong></span> <span class='ocrx_word' id='word_1_931' title='bbox 2649 4529 2818 4588; x_wconf 86' lang='lat' dir='ltr'><strong>David</strong></span> <span class='ocrx_word' id='word_1_932' title='bbox 2853 4540 3012 4582; x_wconf 90' lang='lat' dir='ltr'><strong>servo</strong></span> <span class='ocrx_word' id='word_1_933' title='bbox 3063 4535 3162 4576; x_wconf 80' lang='lat' dir='ltr'><strong>suo</strong></span> <span class='ocrx_word' id='word_1_934' title='bbox 3192 4512 3511 4574; x_wconf 80' lang='lat' dir='ltr'><strong>sententiam</strong></span> <span class='ocrx_word' id='word_1_935' title='bbox 3558 4501 3772 4560; x_wconf 85' lang='lat' dir='ltr'><strong>assidue</strong></span> 
     </span>
     <span class='ocr_line' id='line_1_122' title="bbox 2957 4591 3772 4628; baseline -0.025 20"><span class='ocrx_word' id='word_1_936' title='bbox 2957 4621 2991 4628; x_wconf 73' lang='lat'>“</span> <span class='ocrx_word' id='word_1_937' title='bbox 3073 4615 3119 4628; x_wconf 87' lang='lat'><strong><em>&quot;</em></strong></span> <span class='ocrx_word' id='word_1_938' title='bbox 3163 4613 3174 4626; x_wconf 84' lang='lat'><strong><em>&#39;</em></strong></span> <span class='ocrx_word' id='word_1_939' title='bbox 3221 4626 3229 4628; x_wconf 63' lang='lat'><strong><em>~</em></strong></span> <span class='ocrx_word' id='word_1_940' title='bbox 3280 4622 3327 4628; x_wconf 75' lang='lat'><strong>-—-</strong></span> <span class='ocrx_word' id='word_1_941' title='bbox 3359 4602 3546 4628; x_wconf 62' lang='grc' dir='ltr'><strong>-.η-κεκι-</strong></span> <span class='ocrx_word' id='word_1_942' title='bbox 3577 4607 3599 4628; x_wconf 77' lang='grc' dir='ltr'><strong>ι</strong></span> <span class='ocrx_word' id='word_1_943' title='bbox 3633 4591 3772 4628; x_wconf 68' lang='lat' dir='ltr'><strong>int“-</strong></span> 
     </span>
    </p>
   </div>
   <div class='ocr_carea' id='block_1_104' title="bbox 2193 4591 3773 4702">
    <p class='ocr_par' dir='ltr' id='par_1_104' title="bbox 2193 4591 3773 4702">
     <span class='ocr_line' id='line_1_123' title="bbox 2193 4591 3773 4702; baseline -0.037 -1"><span class='ocrx_word' id='word_1_944' title='bbox 2193 4643 2494 4702; x_wconf 86' lang='lat' dir='ltr'><strong>evidentem</strong></span> <span class='ocrx_word' id='word_1_945' title='bbox 2507 4591 2692 4696; x_wconf 48' lang='lat' dir='ltr'><strong>ldedit,</strong></span> <span class='ocrx_word' id='word_1_946' title='bbox 2740 4633 2928 4684; x_wconf 89' lang='lat' dir='ltr'><strong>contra</strong></span> <span class='ocrx_word' id='word_1_947' title='bbox 2957 4615 3123 4675; x_wconf 89' lang='lat' dir='ltr'><strong>David</strong></span> <span class='ocrx_word' id='word_1_948' title='bbox 3161 4613 3330 4683; x_wconf 69' lang='lat' dir='ltr'><strong>ipsum</strong></span> <span class='ocrx_word' id='word_1_949' title='bbox 3358 4602 3552 4672; x_wconf 79' lang='lat' dir='ltr'><strong>saepius</strong></span> <span class='ocrx_word' id='word_1_950' title='bbox 3577 4607 3599 4632; x_wconf 75' lang='grc'>⁸</span> <span class='ocrx_word' id='word_1_951' title='bbox 3627 4591 3773 4664; x_wconf 88' lang='lat' dir='ltr'><strong>iudi-</strong></span> 
     </span>
    </p>
   </div>
   <div class='ocr_carea' id='block_1_105' title="bbox 2197 4691 3778 4798">
    <p class='ocr_par' dir='ltr' id='par_1_105' title="bbox 2197 4691 3778 4798">
     <span class='ocr_line' id='line_1_124' title="bbox 2197 4691 3778 4798; baseline -0.038 -5"><span class='ocrx_word' id='word_1_952' title='bbox 2197 4736 2352 4794; x_wconf 89' lang='lat' dir='ltr'><strong>carit.</strong></span> <span class='ocrx_word' id='word_1_953' title='bbox 2377 4733 2444 4786; x_wconf 84' lang='lat' dir='ltr'><strong>Et</strong></span> <span class='ocrx_word' id='word_1_954' title='bbox 2470 4726 2685 4798; x_wconf 88' lang='lat' dir='ltr'><strong>quidem</strong></span> <span class='ocrx_word' id='word_1_955' title='bbox 2707 4723 2951 4776; x_wconf 86' lang='lat' dir='ltr'><strong>hoc&#39;non</strong></span> <span class='ocrx_word' id='word_1_956' title='bbox 2981 4713 3035 4766; x_wconf 89' lang='lat' dir='ltr'><strong>in</strong></span> <span class='ocrx_word' id='word_1_957' title='bbox 3063 4705 3352 4762; x_wconf 88' lang='lat' dir='ltr'><strong>multorum</strong></span> <span class='ocrx_word' id='word_1_958' title='bbox 3380 4691 3658 4750; x_wconf 89' lang='lat' dir='ltr'><strong>hominum</strong></span> <span class='ocrx_word' id='word_1_959' title='bbox 3689 4697 3778 4737; x_wconf 87' lang='lat' dir='ltr'><strong>ne-</strong></span> 
     </span>
    </p>
   </div>
   <div class='ocr_carea' id='block_1_106' title="bbox 2197 4779 3783 4899">
    <p class='ocr_par' dir='ltr' id='par_1_106' title="bbox 2197 4779 3783 4899">
     <span class='ocr_line' id='line_1_125' title="bbox 2197 4779 3783 4899; baseline -0.038 -14"><span class='ocrx_word' id='word_1_960' title='bbox 2197 4828 2363 4899; x_wconf 87' lang='lat' dir='ltr'><strong>gotio,</strong></span> <span class='ocrx_word' id='word_1_961' title='bbox 2389 4831 2500 4885; x_wconf 87' lang='lat' dir='ltr'><strong>aut,</strong></span> <span class='ocrx_word' id='word_1_962' title='bbox 2548 4815 2690 4888; x_wconf 88' lang='lat' dir='ltr'><strong>quod</strong></span> <span class='ocrx_word' id='word_1_963' title='bbox 2720 4811 2942 4868; x_wconf 87' lang='lat' dir='ltr'><strong>forsitan</strong></span> <span class='ocrx_word' id='word_1_964' title='bbox 2971 4798 3235 4873; x_wconf 87' lang='lat' dir='ltr'><strong>potuisset</strong></span> <span class='ocrx_word' id='word_1_965' title='bbox 3261 4791 3426 4844; x_wconf 91' lang='lat' dir='ltr'><strong>Deum</strong></span> <span class='ocrx_word' id='word_1_966' title='bbox 3453 4779 3622 4848; x_wconf 87' lang='lat' dir='ltr'><strong>magis</strong></span> <span class='ocrx_word' id='word_1_967' title='bbox 3669 4789 3783 4829; x_wconf 89' lang='lat' dir='ltr'><strong>mo-</strong></span> 
     </span>
     <span class='ocr_line' id='line_1_126' title="bbox 3205 4867 3776 4899; baseline -0.035 15"><span class='ocrx_word' id='word_1_968' title='bbox 3205 4894 3216 4899; x_wconf 81' lang='lat'><strong><em>-</em></strong></span> <span class='ocrx_word' id='word_1_969' title='bbox 3327 4881 3403 4899; x_wconf 61' lang='lat'><strong>’---</strong></span> <span class='ocrx_word' id='word_1_970' title='bbox 3455 4867 3684 4899; x_wconf 61' lang='lat' dir='ltr'><strong>‘nn&#39;n:n:c</strong></span> <span class='ocrx_word' id='word_1_971' title='bbox 3726 4872 3776 4899; x_wconf 71' lang='grc' dir='ltr'><strong>οι</strong></span> 
     </span>
    </p>
   </div>
   <div class='ocr_carea' id='block_1_107' title="bbox 2200 4867 3784 4998">
    <p class='ocr_par' dir='ltr' id='par_1_107' title="bbox 2200 4867 3784 4998">
     <span class='ocr_line' id='line_1_127' title="bbox 2200 4867 2990 4899; baseline -0.032 -1"><span class='ocrx_word' id='word_1_972' title='bbox 2200 4867 2363 4899; x_wconf 66' lang='grc' dir='ltr'><strong>ου’-υτ</strong></span> <span class='ocrx_word' id='word_1_973' title='bbox 2389 4867 2500 4885; x_wconf 69' lang='lat' dir='ltr'><strong>“‘&quot;v</strong></span> <span class='ocrx_word' id='word_1_974' title='bbox 2552 4867 2689 4888; x_wconf 44' lang='grc' dir='ltr'><strong>*ιτ-γ</strong></span> <span class='ocrx_word' id='word_1_975' title='bbox 2975 4867 2990 4873; x_wconf 89' lang='grc'><strong>-</strong></span> 
     </span>
     <span class='ocr_line' id='line_1_128' title="bbox 2200 4867 3784 4998; baseline -0.037 -22"><span class='ocrx_word' id='word_1_976' title='bbox 2200 4935 2344 4998; x_wconf 66' lang='lat' dir='ltr'><strong>vere,</strong></span> <span class='ocrx_word' id='word_1_977' title='bbox 2375 4919 2703 4970; x_wconf 87' lang='lat' dir='ltr'><strong>sanctorum,</strong></span> <span class='ocrx_word' id='word_1_978' title='bbox 2735 4901 2830 4958; x_wconf 88' lang='lat' dir='ltr'><strong>sed</strong></span> <span class='ocrx_word' id='word_1_979' title='bbox 2870 4900 2924 4952; x_wconf 88' lang='lat' dir='ltr'><strong>in</strong></span> <span class='ocrx_word' id='word_1_980' title='bbox 2961 4906 3122 4950; x_wconf 84' lang='lat' dir='ltr'><strong>causa</strong></span> <span class='ocrx_word' id='word_1_981' title='bbox 3169 4894 3224 4940; x_wconf 88' lang='lat' dir='ltr'><strong>et</strong></span> <span class='ocrx_word' id='word_1_982' title='bbox 3253 4881 3408 4935; x_wconf 87' lang='lat' dir='ltr'><strong>unius</strong></span> <span class='ocrx_word' id='word_1_983' title='bbox 3455 4867 3687 4927; x_wconf 85' lang='lat' dir='ltr'><strong>hominis</strong></span> <span class='ocrx_word' id='word_1_984' title='bbox 3726 4872 3784 4918; x_wconf 91' lang='lat' dir='ltr'><strong>et</strong></span> 
     </span>
     <span class='ocr_line' id='line_1_129' title="bbox 3009 4961 3782 4998; baseline -0.041 25"><span class='ocrx_word' id='word_1_985' title='bbox 3009 4985 3019 4996; x_wconf 81' lang='grc'><em>’</em></span> <span class='ocrx_word' id='word_1_986' title='bbox 3096 4994 3138 4998; x_wconf 60' lang='lat'><strong>&quot;‘</strong></span> <span class='ocrx_word' id='word_1_987' title='bbox 3174 4983 3398 4998; x_wconf 65' lang='lat'><strong>“‘“&quot;‘&quot;&#39;|</strong></span> <span class='ocrx_word' id='word_1_988' title='bbox 3431 4961 3644 4998; x_wconf 71' lang='grc' dir='ltr'><strong>ηηηῖιιις</strong></span> <span class='ocrx_word' id='word_1_989' title='bbox 3674 4971 3782 4998; x_wconf 67' lang='lat' dir='ltr'><strong>nn“</strong></span> 
     </span>
    </p>
   </div>
   <div class='ocr_carea' id='block_1_108' title="bbox 2199 4961 3782 5069">
    <p class='ocr_par' dir='ltr' id='par_1_108' title="bbox 2199 4961 3782 5069">
     <span class='ocr_line' id='line_1_130' title="bbox 2207 4961 2702 4984; baseline -0.038 -7"><span class='ocrx_word' id='word_1_990' title='bbox 2207 4961 2344 4984; x_wconf 64' lang='grc' dir='ltr'>νυν,</span> <span class='ocrx_word' id='word_1_991' title='bbox 2376 4961 2644 4970; x_wconf 49' lang='lat' dir='ltr'><strong>u.-..-.-_,,</strong></span> <span class='ocrx_word' id='word_1_992' title='bbox 2692 4961 2702 4970; x_wconf 72' lang='grc'><strong><em>,</em></strong></span> 
     </span>
     <span class='ocr_line' id='line_1_131' title="bbox 2199 4961 3782 5069; baseline -0.042 2"><span class='ocrx_word' id='word_1_993' title='bbox 2199 4977 2501 5069; x_wconf 48' lang='grc' dir='ltr'><strong>δοιιειϋπὶ,</strong></span> <span class='ocrx_word' id='word_1_994' title='bbox 2533 5011 2588 5058; x_wconf 91' lang='lat' dir='ltr'><strong>et</strong></span> <span class='ocrx_word' id='word_1_995' title='bbox 2616 4999 2706 5054; x_wconf 89' lang='lat' dir='ltr'><strong>ubi</strong></span> <span class='ocrx_word' id='word_1_996' title='bbox 2737 5001 2944 5050; x_wconf 88' lang='lat' dir='ltr'><strong>tantum</strong></span> <span class='ocrx_word' id='word_1_997' title='bbox 2974 4985 3146 5038; x_wconf 86' lang='lat' dir='ltr'><strong>virum</strong></span> <span class='ocrx_word' id='word_1_998' title='bbox 3174 4983 3400 5046; x_wconf 81' lang='lat' dir='ltr'><strong>persona</strong></span> <span class='ocrx_word' id='word_1_999' title='bbox 3431 4961 3644 5033; x_wconf 84' lang='lat' dir='ltr'><strong>penitus</strong></span> <span class='ocrx_word' id='word_1_1000' title='bbox 3674 4971 3782 5009; x_wconf 83' lang='lat' dir='ltr'><strong>non</strong></span> 
     </span>
     <span class='ocr_line' id='line_1_132' title="bbox 3317 5045 3781 5069; baseline -0.034 15"><span class='ocrx_word' id='word_1_1001' title='bbox 3317 5060 3335 5069; x_wconf 87' lang='lat'>&#39;</span> <span class='ocrx_word' id='word_1_1002' title='bbox 3384 5067 3390 5069; x_wconf 52' lang='grc' dir='ltr'>λ</span> <span class='ocrx_word' id='word_1_1003' title='bbox 3467 5053 3490 5069; x_wconf 75' lang='grc'><strong><em>¹⁵</em></strong></span> <span class='ocrx_word' id='word_1_1004' title='bbox 3547 5059 3599 5069; x_wconf 71' lang='grc' dir='ltr'><strong>Α-</strong></span> <span class='ocrx_word' id='word_1_1005' title='bbox 3658 5045 3781 5069; x_wconf 50' lang='grc' dir='ltr'><strong>Ιῖκε-</strong></span> 
     </span>
    </p>
   </div>
   <div class='ocr_carea' id='block_1_109' title="bbox 2203 5045 3784 5176">
    <p class='ocr_par' dir='ltr' id='par_1_109' title="bbox 2203 5045 3784 5176">
     <span class='ocr_line' id='line_1_133' title="bbox 2203 5045 2846 5069; baseline -0.039 2"><span class='ocrx_word' id='word_1_1006' title='bbox 2203 5045 2228 5055; x_wconf 76' lang='grc' dir='ltr'><strong><em>ν</em></strong></span> <span class='ocrx_word' id='word_1_1007' title='bbox 2258 5045 2501 5069; x_wconf 67' lang='lat' dir='ltr'><strong>uulua“,</strong></span> <span class='ocrx_word' id='word_1_1008' title='bbox 2534 5045 2588 5058; x_wconf 77' lang='grc' dir='ltr'><strong>ν-</strong></span> <span class='ocrx_word' id='word_1_1009' title='bbox 2620 5045 2706 5054; x_wconf 70' lang='grc' dir='ltr'><strong>...η</strong></span> 
     </span>
     <span class='ocr_line' id='line_1_134' title="bbox 2203 5045 3784 5176; baseline -0.042 -12"><span class='ocrx_word' id='word_1_1010' title='bbox 2203 5105 2535 5176; x_wconf 85' lang='lat' dir='ltr'><strong>gravaverat,</strong></span> <span class='ocrx_word' id='word_1_1011' title='bbox 2585 5091 2686 5148; x_wconf 90' lang='lat' dir='ltr'><strong>nisi</strong></span> <span class='ocrx_word' id='word_1_1012' title='bbox 2731 5099 2890 5142; x_wconf 88' lang='lat' dir='ltr'><strong>causa</strong></span> <span class='ocrx_word' id='word_1_1013' title='bbox 2937 5075 3264 5131; x_wconf 82' lang='lat' dir='ltr'><strong>mulctasset.</strong></span> <span class='ocrx_word' id='word_1_1014' title='bbox 3317 5053 3606 5114; x_wconf 89' lang='lat' dir='ltr'><strong>Interfecto</strong></span> <span class='ocrx_word' id='word_1_1015' title='bbox 3658 5045 3784 5102; x_wconf 84' lang='lat' dir='ltr'><strong>Uria</strong></span> 
     </span>
     <span class='ocr_line' id='line_1_135' title="bbox 2850 5137 3783 5176; baseline -0.03 28"><span class='ocrx_word' id='word_1_1016' title='bbox 2850 5173 2860 5176; x_wconf 76' lang='grc'><em>“</em></span> <span class='ocrx_word' id='word_1_1017' title='bbox 2931 5169 2943 5176; x_wconf 77' lang='grc'><strong>⁸</strong></span> <span class='ocrx_word' id='word_1_1018' title='bbox 3044 5166 3052 5174; x_wconf 84' lang='grc'><strong>⁸</strong></span> <span class='ocrx_word' id='word_1_1019' title='bbox 3159 5165 3198 5176; x_wconf 47' lang='grc' dir='ltr'><strong>ί·</strong></span> <span class='ocrx_word' id='word_1_1020' title='bbox 3253 5145 3482 5176; x_wconf 68' lang='grc' dir='ltr'><strong>--ιιτιιηῖο</strong></span> <span class='ocrx_word' id='word_1_1021' title='bbox 3535 5137 3783 5176; x_wconf 72' lang='grc' dir='ltr'><strong>ἷιιῖτηῖρερ-</strong></span> 
     </span>
    </p>
   </div>
   <div class='ocr_carea' id='block_1_110' title="bbox 2198 5143 3586 5252">
    <p class='ocr_par' dir='ltr' id='par_1_110' title="bbox 2198 5143 3586 5252">
     <span class='ocr_line' id='line_1_136' title="bbox 2203 5143 2683 5176; baseline -0.042 -12"><span class='ocrx_word' id='word_1_1022' title='bbox 2203 5143 2535 5176; x_wconf 45' lang='lat' dir='ltr'><strong>bruus-vv...“</strong></span> <span class='ocrx_word' id='word_1_1023' title='bbox 2585 5143 2683 5148; x_wconf 46' lang='lat' dir='ltr'><strong>&quot;ﬁ,</strong></span> 
     </span>
     <span class='ocr_line' id='line_1_137' title="bbox 2198 5143 3586 5252; baseline -0.043 0"><span class='ocrx_word' id='word_1_1024' title='bbox 2198 5197 2404 5252; x_wconf 67' lang='lat' dir='ltr'><strong>Ethaso,</strong></span> <span class='ocrx_word' id='word_1_1025' title='bbox 2446 5183 2666 5241; x_wconf 86' lang='lat' dir='ltr'><strong>homine</strong></span> <span class='ocrx_word' id='word_1_1026' title='bbox 2719 5173 2895 5244; x_wconf 88' lang='lat' dir='ltr'><strong>gentis</strong></span> <span class='ocrx_word' id='word_1_1027' title='bbox 2930 5166 3104 5236; x_wconf 74' lang='lat' dir='ltr'><strong>impia:</strong></span> <span class='ocrx_word' id='word_1_1028' title='bbox 3149 5165 3204 5212; x_wconf 87' lang='lat' dir='ltr'><strong>et</strong></span> <span class='ocrx_word' id='word_1_1029' title='bbox 3253 5145 3486 5206; x_wconf 86' lang='lat' dir='ltr'><strong>nationis</strong></span> <span class='ocrx_word' id='word_1_1030' title='bbox 3535 5143 3586 5196; x_wconf 88' lang='lat' dir='ltr'><strong>in</strong></span> 
     </span>
     <span class='ocr_line' id='line_1_138' title="bbox 3137 5231 3586 5252; baseline -0.04 10"><span class='ocrx_word' id='word_1_1031' title='bbox 3137 5249 3145 5252; x_wconf 83' lang='grc'><strong><em>-</em></strong></span> <span class='ocrx_word' id='word_1_1032' title='bbox 3337 5240 3376 5252; x_wconf 82' lang='grc'><strong>-.</strong></span> <span class='ocrx_word' id='word_1_1033' title='bbox 3417 5241 3427 5251; x_wconf 97' lang='grc'>.</span> <span class='ocrx_word' id='word_1_1034' title='bbox 3561 5231 3586 5252; x_wconf 66' lang='grc' dir='ltr'>π</span> 
     </span>
    </p>
   </div>
   <div class='ocr_carea' id='block_1_111' title="bbox 2199 5231 3796 5345">
    <p class='ocr_par' dir='ltr' id='par_1_111' title="bbox 2199 5231 3796 5345">
     <span class='ocr_line' id='line_1_139' title="bbox 2199 5231 3024 5252; baseline -0.04 -1"><span class='ocrx_word' id='word_1_1035' title='bbox 2199 5231 2404 5252; x_wconf 56' lang='lat' dir='ltr'><strong>unum,</strong></span> <span class='ocrx_word' id='word_1_1036' title='bbox 2451 5231 2661 5241; x_wconf 70' lang='grc' dir='ltr'><strong>.-ν.--,-,,</strong></span> <span class='ocrx_word' id='word_1_1037' title='bbox 2719 5231 2750 5244; x_wconf 66' lang='grc' dir='ltr'>υ</span> <span class='ocrx_word' id='word_1_1038' title='bbox 3007 5231 3024 5236; x_wconf 80' lang='lat'>_</span> 
     </span>
     <span class='ocr_line' id='line_1_140' title="bbox 2199 5231 3796 5345; baseline -0.045 1"><span class='ocrx_word' id='word_1_1039' title='bbox 2199 5286 2381 5345; x_wconf 82' lang='lat' dir='ltr'><strong>statim</strong></span> <span class='ocrx_word' id='word_1_1040' title='bbox 2428 5279 2487 5332; x_wconf 88' lang='lat' dir='ltr'><strong>tit</strong></span> <span class='ocrx_word' id='word_1_1041' title='bbox 2527 5273 2594 5328; x_wconf 89' lang='lat' dir='ltr'><strong>ad</strong></span> <span class='ocrx_word' id='word_1_1042' title='bbox 2621 5265 2792 5325; x_wconf 85' lang='lat' dir='ltr'><strong>David</strong></span> <span class='ocrx_word' id='word_1_1043' title='bbox 2829 5272 3008 5318; x_wconf 86' lang='lat' dir='ltr'><strong>sermo</strong></span> <span class='ocrx_word' id='word_1_1044' title='bbox 3044 5249 3254 5308; x_wconf 88' lang='lat' dir='ltr'><strong>divinus</strong></span> <span class='ocrx_word' id='word_1_1045' title='bbox 3285 5261 3298 5296; x_wconf 88' lang='lat'>:</span> <span class='ocrx_word' id='word_1_1046' title='bbox 3336 5240 3513 5296; x_wconf 80' lang='lat' dir='ltr'><strong>Uricm</strong></span> <span class='ocrx_word' id='word_1_1047' title='bbox 3554 5231 3796 5286; x_wconf 71' lang='lat' dir='ltr'><strong>Etlzwum</strong></span> 
     </span>
    </p>
   </div>
   <div class='ocr_carea' id='block_1_112' title="bbox 2203 5323 3792 5452">
    <p class='ocr_par' dir='ltr' id='par_1_112' title="bbox 2203 5323 3792 5452">
     <span class='ocr_line' id='line_1_141' title="bbox 2203 5323 2651 5345; baseline -0.04 -3"><span class='ocrx_word' id='word_1_1048' title='bbox 2203 5323 2381 5345; x_wconf 60' lang='grc' dir='ltr'><strong>οων...</strong></span> <span class='ocrx_word' id='word_1_1049' title='bbox 2527 5323 2593 5328; x_wconf 77' lang='lat'>__</span> <span class='ocrx_word' id='word_1_1050' title='bbox 2626 5323 2651 5325; x_wconf 76' lang='lat'>_</span> 
     </span>
     <span class='ocr_line' id='line_1_142' title="bbox 2203 5323 3792 5452; baseline -0.043 -16"><span class='ocrx_word' id='word_1_1051' title='bbox 2203 5371 2500 5452; x_wconf 77' lang='lat' dir='ltr'><strong>percussisti</strong></span> <span class='ocrx_word' id='word_1_1052' title='bbox 2554 5362 2747 5436; x_wconf 82' lang='lat' dir='ltr'><strong>gladio,</strong></span> <span class='ocrx_word' id='word_1_1053' title='bbox 2782 5365 2830 5410; x_wconf 86' lang='lat' dir='ltr'><strong>et</strong></span> <span class='ocrx_word' id='word_1_1054' title='bbox 2885 5361 3098 5406; x_wconf 72' lang='lat' dir='ltr'><strong>uxorem</strong></span> <span class='ocrx_word' id='word_1_1055' title='bbox 3150 5339 3293 5395; x_wconf 82' lang='lat' dir='ltr'><strong>illius</strong></span> <span class='ocrx_word' id='word_1_1056' title='bbox 3358 5323 3598 5398; x_wconf 68' lang='lat' dir='ltr'><strong>accepisti</strong></span> <span class='ocrx_word' id='word_1_1057' title='bbox 3656 5333 3792 5370; x_wconf 70' lang='lat' dir='ltr'><strong>mo-</strong></span> 
     </span>
     <span class='ocr_line' id='line_1_143' title="bbox 2734 5413 3792 5452; baseline -0.023 24"><span class='ocrx_word' id='word_1_1058' title='bbox 2734 5450 2742 5452; x_wconf 73' lang='lat'>‘</span> <span class='ocrx_word' id='word_1_1059' title='bbox 2802 5449 2812 5452; x_wconf 81' lang='grc'><strong><em>-</em></strong></span> <span class='ocrx_word' id='word_1_1060' title='bbox 3080 5437 3092 5452; x_wconf 73' lang='grc' dir='ltr'><strong>ι</strong></span> <span class='ocrx_word' id='word_1_1061' title='bbox 3138 5433 3208 5452; x_wconf 48' lang='lat'><strong>49-</strong></span> <span class='ocrx_word' id='word_1_1062' title='bbox 3282 5427 3496 5452; x_wconf 54' lang='lat' dir='ltr'><strong>cumam.</strong></span> <span class='ocrx_word' id='word_1_1063' title='bbox 3562 5413 3792 5452; x_wconf 74' lang='lat' dir='ltr'><strong>Ammnn-</strong></span> 
     </span>
    </p>
   </div>
   <div class='ocr_carea' id='block_1_113' title="bbox 2209 5413 3794 5533">
    <p class='ocr_par' dir='ltr' id='par_1_113' title="bbox 2209 5413 3794 5533">
     <span class='ocr_line' id='line_1_144' title="bbox 2237 5413 2746 5436; baseline -0.051 -1"><span class='ocrx_word' id='word_1_1064' title='bbox 2237 5413 2500 5434; x_wconf 69' lang='grc' dir='ltr'><strong>σινμσυιυ.-</strong></span> <span class='ocrx_word' id='word_1_1065' title='bbox 2555 5413 2670 5436; x_wconf 28' lang='grc' dir='ltr'>υμηκ</span> <span class='ocrx_word' id='word_1_1066' title='bbox 2738 5413 2746 5418; x_wconf 67' lang='grc'>,</span> 
     </span>
     <span class='ocr_line' id='line_1_145' title="bbox 2209 5413 3794 5533; baseline -0.044 -8"><span class='ocrx_word' id='word_1_1067' title='bbox 2209 5413 2352 5533; x_wconf 47' lang='lat' dir='ltr'><strong>rem,</strong></span> <span class='ocrx_word' id='word_1_1068' title='bbox 2419 5471 2466 5516; x_wconf 90' lang='lat' dir='ltr'><strong>et</strong></span> <span class='ocrx_word' id='word_1_1069' title='bbox 2512 5449 2813 5525; x_wconf 75' lang='lat' dir='ltr'><strong>interfecisti</strong></span> <span class='ocrx_word' id='word_1_1070' title='bbox 2863 5457 2976 5498; x_wconf 85' lang='lat' dir='ltr'><strong>eum</strong></span> <span class='ocrx_word' id='word_1_1071' title='bbox 3039 5433 3213 5508; x_wconf 85' lang='lat' dir='ltr'><strong>gladio</strong></span> <span class='ocrx_word' id='word_1_1072' title='bbox 3275 5427 3500 5497; x_wconf 80' lang='lat' dir='ltr'><strong>ﬁliorum</strong></span> <span class='ocrx_word' id='word_1_1073' title='bbox 3555 5413 3794 5464; x_wconf 79' lang='lat' dir='ltr'><strong>Ammon.</strong></span> 
     </span>
    </p>
   </div>
   <div class='ocr_carea' id='block_1_114' title="bbox 1716 5586 2626 5690">
    <p class='ocr_par' dir='ltr' id='par_1_114' title="bbox 1716 5586 2626 5690">
     <span class='ocr_line' id='line_1_146' title="bbox 1716 5586 2626 5690; baseline -0.04 -14"><span class='ocrx_word' id='word_1_1074' title='bbox 1716 5608 2056 5690; x_wconf 71' lang='lat' dir='ltr'><strong>STEPHANI</strong></span> <span class='ocrx_word' id='word_1_1075' title='bbox 2093 5596 2363 5660; x_wconf 80' lang='lat' dir='ltr'><strong>BALUZH</strong></span> <span class='ocrx_word' id='word_1_1076' title='bbox 2401 5586 2626 5648; x_wconf 68' lang='lat' dir='ltr'><strong>NOTAE.</strong></span> 
     </span>
    </p>
   </div>
   <div class='ocr_carea' id='block_1_115' title="bbox 598 5724 2108 5823">
    <p class='ocr_par' dir='ltr' id='par_1_115' title="bbox 598 5724 2108 5823">
     <span class='ocr_line' id='line_1_147' title="bbox 598 5724 2108 5823; baseline -0.032 1"><span class='ocrx_word' id='word_1_1077' title='bbox 598 5777 620 5805; x_wconf 69' lang='grc' dir='ltr'><strong><em>α</em></strong></span> <span class='ocrx_word' id='word_1_1078' title='bbox 659 5765 736 5823; x_wconf 82' lang='lat' dir='ltr'><strong>ita</strong></span> <span class='ocrx_word' id='word_1_1079' title='bbox 767 5762 935 5819; x_wconf 78' lang='lat' dir='ltr'><strong>codex</strong></span> <span class='ocrx_word' id='word_1_1080' title='bbox 963 5750 1320 5814; x_wconf 80' lang='lat' dir='ltr'><strong>Carbeiensis.</strong></span> <span class='ocrx_word' id='word_1_1081' title='bbox 1373 5737 1714 5800; x_wconf 86' lang='lat' dir='ltr'><strong>Colbcrtinus</strong></span> <span class='ocrx_word' id='word_1_1082' title='bbox 1754 5740 1808 5787; x_wconf 89' lang='lat' dir='ltr'><strong>et</strong></span> <span class='ocrx_word' id='word_1_1083' title='bbox 1848 5724 2108 5783; x_wconf 87' lang='lat' dir='ltr'><strong>editiones</strong></span> 
     </span>
    </p>
   </div>
   <div class='ocr_carea' id='block_1_116' title="bbox 532 5831 1042 5905">
    <p class='ocr_par' dir='ltr' id='par_1_116' title="bbox 532 5831 1042 5905">
     <span class='ocr_line' id='line_1_148' title="bbox 532 5831 1042 5905; baseline -0.045 -1"><span class='ocrx_word' id='word_1_1084' title='bbox 532 5842 729 5905; x_wconf 61' lang='lat' dir='ltr'><strong>habent</strong></span> <span class='ocrx_word' id='word_1_1085' title='bbox 753 5831 1042 5894; x_wconf 77' lang='lat' dir='ltr'><strong>vindicarit.</strong></span> 
     </span>
    </p>
   </div>
   <div class='ocr_carea' id='block_1_117' title="bbox 2288 5661 3805 5769">
    <p class='ocr_par' dir='ltr' id='par_1_117' title="bbox 2288 5661 3805 5769">
     <span class='ocr_line' id='line_1_149' title="bbox 2288 5661 3805 5769; baseline -0.027 -7"><span class='ocrx_word' id='word_1_1086' title='bbox 2288 5709 2314 5748; x_wconf 71' lang='grc' dir='ltr'><strong>ὶ»</strong></span> <span class='ocrx_word' id='word_1_1087' title='bbox 2355 5705 2410 5760; x_wconf 78' lang='grc' dir='ltr'><strong>ιιι</strong></span> <span class='ocrx_word' id='word_1_1088' title='bbox 2434 5709 2536 5764; x_wconf 83' lang='lat' dir='ltr'><strong>est,</strong></span> <span class='ocrx_word' id='word_1_1089' title='bbox 2566 5696 2658 5769; x_wconf 87' lang='lat' dir='ltr'><strong>qui</strong></span> <span class='ocrx_word' id='word_1_1090' title='bbox 2685 5691 2900 5748; x_wconf 70' lang='lat' dir='ltr'><strong>Judmus</strong></span> <span class='ocrx_word' id='word_1_1091' title='bbox 2927 5699 3032 5742; x_wconf 86' lang='lat' dir='ltr'><strong>non</strong></span> <span class='ocrx_word' id='word_1_1092' title='bbox 3062 5669 3496 5769; x_wconf 49' lang='lat' dir='ltr'><strong>eratLadeoque</strong></span> <span class='ocrx_word' id='word_1_1093' title='bbox 3526 5661 3676 5714; x_wconf 62' lang='lat' dir='ltr'><strong>mm</strong></span> <span class='ocrx_word' id='word_1_1094' title='bbox 3707 5661 3805 5723; x_wconf 72' lang='grc' dir='ltr'><strong>ΡΟ*</strong></span> 
     </span>
    </p>
   </div>
   <div class='ocr_carea' id='block_1_118' title="bbox 2222 5757 3268 5862">
    <p class='ocr_par' dir='ltr' id='par_1_118' title="bbox 2222 5757 3268 5862">
     <span class='ocr_line' id='line_1_150' title="bbox 2222 5757 3268 5862; baseline -0.036 -25"><span class='ocrx_word' id='word_1_1095' title='bbox 2222 5757 2410 5862; x_wconf 73' lang='lat' dir='ltr'><strong>pulum</strong></span> <span class='ocrx_word' id='word_1_1096' title='bbox 2435 5757 2535 5829; x_wconf 80' lang='lat' dir='ltr'><strong>Dei</strong></span> <span class='ocrx_word' id='word_1_1097' title='bbox 2553 5757 2606 5824; x_wconf 69' lang='grc' dir='ltr'><strong>εἰ</strong></span> <span class='ocrx_word' id='word_1_1098' title='bbox 2633 5773 2916 5824; x_wconf 83' lang='lat' dir='ltr'><strong>numerum</strong></span> <span class='ocrx_word' id='word_1_1099' title='bbox 2941 5757 3268 5810; x_wconf 85' lang='lat' dir='ltr'><strong>sanctorum.</strong></span> 
     </span>
    </p>
   </div>
  </div>
