4036 6180
261 325 330 382 ts
1352 323 1441 379 DE
1477 318 2006 379 GUBEBNATIONE
2044 320 2155 376 mu
2195 322 2320 378 ue.
2361 325 2422 378 ιι.
3444 337 3517 393 ει,

262 436 594 503 Quamobrem
623 453 729 492 non
783 436 981 490 recedet
1018 435 1225 507 gladius
1257 435 1320 489 de
1367 436 1519 489 domo
1551 445 1638 487 tua
1683 448 1840 504 usque
1870 432 1913 491 Α
2011 432 2079 487 ν.
2119 434 2234 491 Hoc
2265 450 2397 506 ergo
2432 438 2660 507 primum
2703 447 2784 493 est
2816 440 3008 496 divina)
3042 443 3537 505 animadversionis.

257 530 309 585 in
351 529 737 598 sempiternum.
788 524 973 598 Itaque
1009 525 1120 579 luet:
1172 525 1297 578 dicit
1345 523 1647 580 Dominus:
1705 523 1839 577 Ecce

263 638 347 692 ego
373 618 636 674 suscitabo
665 635 817 689 super
862 626 912 671 te
963 617 1157 673 malum
1203 617 1267 671 de
1293 617 1444 671 domo
1485 627 1592 682 tua,
1646 626 1696 669 et
1751 615 1843 669 tol-

266 715 361 769 hm
386 728 573 766 uxores
602 720 719 764 tuas
754 711 812 764 in
853 708 1013 763 oculis
1042 710 1162 771 tuis,
1210 717 1260 762 et
1288 707 1419 762 dabo
1448 708 1684 778 proximo
1731 716 1834 760 tuo.

265 802 303 855 Τ
304 820 333 855 u
360 804 498 856 enim
529 801 697 872 fecisti
726 799 834 869 35
861 798 1193 861 abscondite;
1219 813 1311 867 ego
1357 812 1475 851 vero
1506 798 1698 867 faciam
1730 813 1844 850 cer-

265 896 375 947 ιω
403 892 544 946 istud
583 892 640 944 in
667 898 942 959 conspectu
973 890 1143 943 omnis
1172 887 1360 952 Israel,
1391 896 1442 941 et
1486 889 1540 940 in
1568 896 1844 957 conspectu

264 984 383 1037 satis
413 981 479 1053 (ll
502 982 629 1053 Reg.
661 997 756 1046 xu,
779 979 949 1049 942).
972 979 1109 1044 Quid
1136 978 1272 1032 dicis
1300 986 1355 1032 tu
1372 1018 1387 1042 ,
1418 977 1511 1046 qui
1533 992 1640 1032 non
1669 977 1843 1030 solum

264 1091 365 1129 non
371 1074 600 1142 judicari
615 1086 943 1141 quaecunque
958 1072 1180 1138 agimus,
1195 1070 1402 1125 sednee
1417 1070 1611 1140 respici
1625 1069 1845 1124 omnino

264 1183 291 1222 a
319 1167 431 1222 Deo
451 1166 666 1221 credis?
690 1164 921 1220 Videsne
946 1164 1109 1218 etiam
1131 1178 1162 1217 a
1186 1171 1395 1218 secreto
1424 1164 1518 1217 illo
1543 1178 1650 1235 quo
1679 1161 1847 1215 David

265 1256 427 1311 semel
474 1256 656 1325 lapsus
700 1262 799 1318 est,
833 1266 1169 1321 nequaquam
1216 1251 1311 1306 Dei
1362 1252 1549 1306 oculos
1576 1249 1847 1305 abfuisse?

269 1346 414 1402 Unde
436 1357 492 1401 et
523 1355 597 1409 tu,
622 1345 736 1415 qui,
757 1345 823 1398 ad
845 1345 1097 1398 solatium
1127 1343 1717 1413 arbitrorpeccatorum
1738 1350 1851 1396 tuo-

268 1454 403 1500 rum,
434 1436 764 1492 considerari
792 1442 946 1489 actus
974 1442 1188 1489 nostros
1215 1449 1247 1488 a
1284 1434 1396 1490 Deo
1424 1450 1530 1489 non
1555 1441 1739 1504 putas,
1780 1448 1850 1487 ex

267 1529 367 1583 hoc
403 1529 521 1596 ipso
568 1535 625 1582 et
669 1526 835 1595 aSpici
865 1534 916 1579 te
945 1541 974 1579 a
1005 1524 1219 1580 Christo
1246 1539 1458 1594 semper
1485 1525 1746 1593 intellige,
1796 1530 1853 1578 et

266 1617 593 1688 puniendum
633 1615 855 1672 forsitan
895 1614 1208 1685 propediem
1253 1628 1373 1669 esse
1406 1628 1697 1682 cognosce;
1724 1614 1849 1683 quia

260 1708 429 1763 etiam
458 1707 626 1762 David
667 1715 912 1761 sanctum
940 1705 1092 1759 vides
1119 1720 1282 1759 unum
1312 1720 1550 1760 errorem
1576 1721 1730 1760 suum
1753 1720 1855 1761 nec

1941 526 2242 581 exordium.
2265 529 2499 584 Primum
2535 532 2735 600 utique,
2770 549 2876 587 non
2913 534 3107 591 solum.
3140 536 3336 594 Secuta
3366 557 3531 596 nam-7

1940 631 2046 686 que
2072 626 2155 672 est
2189 634 2548 675 aerumnarum
2578 622 2873 689 ingentium
2902 625 3058 693 longa
3080 628 3264 695 series,
3297 638 3459 700 atque
3487 648 3529 689 tr

1940 708 2104 764 domo
2132 709 2249 779 ejus
2277 710 2420 780 jugis
2444 712 2732 768 admodum
2754 715 3014 769 malorum
3049 720 3381 778 continuatio
3410 739 3521 779 non

1943 803 2183 856 recessit.
2216 802 2451 857 Thamar
2470 803 2734 859 Amnonis
2761 803 2942 861 furore
2969 811 3361 879 corrumpitur;
3393 811 3523 867 Am-

1943 904 2052 944 non
2101 891 2169 945 ab
2223 891 2492 948 Absalone
2533 892 2809 962 jugulatur
2863 895 2928 967 (II
2978 895 3104 969 Reg.
3157 902 3293 971 xm).
3336 899 3523 958 Scelus

1943 980 2157 1051 quidem
2179 982 2381 1049 grande
2403 993 2426 1022 ο
2445 984 2514 1037 ab
2542 999 2649 1039 uno
2670 984 2833 1041 fratre
2860 988 3233 1056 committitur,
3258 990 3351 1046 sed
3373 991 3522 1062 pejus

1944 1079 2124 1124 tamen
2172 1073 2239 1126 ab
2287 1072 2395 1127 alio
2442 1073 2759 1129 vindicatur.
2800 1075 2945 1131 Inter
2976 1078 3088 1134 hcec
3130 1087 3308 1135 tamen
3355 1083 3524 1139 David

1945 1166 2101 1228 pater
2128 1158 2369 1216 facinore
2397 1163 2673 1232 utriusque
2701 1166 2941 1234 punitur.
2984 1166 3101 1223 Duo
3145 1167 3236 1223 filii
3275 1182 3522 1241 peccant,

1946 1248 2041 1302 sed
2072 1259 2182 1303 tres
2200 1249 2429 1305 duorum
2459 1252 2666 1308 scelere
2685 1254 2997 1322 perduntur.
3028 1256 3088 1310 in
3117 1257 3353 1315 Thamar
3379 1263 3524 1318 enim

1946 1339 2225 1407 virginitas
2271 1342 2565 1408 amittitur;
2621 1343 2674 1397 in
2729 1343 2975 1401 Amnone
3029 1349 3191 1403 etiam
3242 1350 3525 1407 Ahsalonis

1948 1431 2181 1500 perditio
2217 1431 2449 1500 lugetur.
2495 1432 2563 1487 Et
2601 1433 2818 1502 quidem
2852 1436 3061 1493 nescias
3097 1453 3258 1507 quem
3300 1441 3366 1496 de
3406 1442 3526 1498 filiis

1949 1520 2158 1577 duobus
2186 1531 2293 1576 tam
2326 1523 2498 1579 bonus
2534 1532 2689 1594 pater
2722 1527 2937 1594 gravius
2969 1529 3230 1596 amiserit,
3258 1530 3407 1585 illum
3435 1534 3527 1603 qui

1950 1629 2113 1669 manu
2136 1613 2317 1670 fratris
2345 1616 2556 1671 occisus
2584 1625 2668 1671 est
2701 1617 2756 1671 in
2783 1616 2889 1673 hoc
2914 1620 3128 1686 smculo,
3160 1636 3228 1675 an
3263 1622 3411 1676 illum
3434 1624 3526 1691 qui

1953 1722 2047 1761 sua
2084 1708 2244 1777 periit
2283 1708 2341 1762 in
2385 1707 2585 1763 futuro.
2630 1709 2746 1764 Jam
2784 1725 2916 1765 vero
2951 1711 3079 1767 hinc
3111 1711 3264 1781 juxta
3304 1714 3528 1770 verbum

267 1810 476 1858 secreto
512 1801 845 1855 occultorum
889 1799 1243 1870 penetralium
1275 1799 1514 1869 potuisse
1541 1805 1846 1866 contegere,
1880 1793 1928 1854 B
1955 1800 2049 1854 Dei
2085 1800 2470 1855 inaestimabilis
2496 1801 2622 1854 mali
2655 1802 2916 1857 cumulus.
2949 1802 3173 1858 Insidias
3201 1804 3290 1859 diu
3322 1814 3474 1875 pater
3497 1821 3529 1861 a

268 1905 365 1944 nec
385 1905 416 1943 a
445 1890 799 1958 prmscntibus
823 1889 998 1958 poenis
1046 1889 1326 1958 privilegio
1353 1889 1542 1942 saltem
1573 1898 1597 1924 ι
1631 1901 1853 1955 magno—

266 1998 379 2036 rum
411 1997 637 2052 Operum
663 1982 954 2037 vindicare.
989 1980 1126 2046 Quid
1154 1980 1298 2034 enim
1326 1980 1401 2032 ait
1424 1978 1491 2032 ad
1519 1994 1641 2033 eum
1666 1977 1851 2032 Domi-

268 2076 400 2127 nus?
430 2072 635 2128 Tatium
663 2090 849 2129 uxores
887 2082 1000 2126 tuas
1024 2073 1080 2125 in
1122 2079 1392 2141 conspectu
1420 2081 1537 2135 tuo;
1576 2078 1625 2123 et
1649 2070 1853 2140 gladius

266 2180 366 2217 sou
386 2164 588 2217 recedet
614 2181 647 2217 α
676 2164 827 2218 domo
866 2173 954 2219 tua
994 2180 1154 2235 usque
1180 2164 1235 2215 in
1279 2163 1661 2233 smpiternam.
1693 2160 1855 2215 Vides

266 2270 421 2324 quam
444 2270 681 2325 pricsens
709 2256 943 2325 excipiat
977 2264 1158 2309 tantus
1188 2254 1273 2309 vir
1299 2268 1399 2323 pro
1425 2267 1534 2307 uno
1553 2251 1732 2306 statim
1762 2266 1852 2305 er-

268 2340 386 2400 rare
408 2347 690 2414 judicium.
716 2345 967 2401 Protinus
1002 2346 1215 2417 culpam
1246 2351 1427 2398 secuta
1455 2343 1724 2397 damnatio
1747 2352 1849 2406 est,

266 2448 319 2492 et
340 2437 614 2493 damnatio
642 2439 824 2492 statim
849 2439 1077 2508 puniens
1104 2436 1342 2505 nihilque
1363 2450 1665 2499 reservans,
1690 2443 1854 2503 atque

264 2528 404 2583 illico
419 2544 678 2585 coercens
699 2546 873 2593 reum,
890 2545 996 2584 nou
1019 2529 1072 2582 iu
1100 2526 1337 2582 futurum
1357 2525 1608 2583 differens
1621 2534 1852 2583 reatum.

265 2615 335 2670 Et
364 2619 483 2672 ideo
514 2635 620 2672 non
650 2617 816 2685 dixit,
849 2618 984 2684 Quia
1028 2618 1199 2673 fecisti
1228 2618 1351 2683 hoc,
1383 2625 1664 2673 venturum
1706 2617 1852 2687 judi-

261 2708 403 2762 cium
434 2708 527 2763 Dei
547 2710 767 2773 senties,
790 2717 844 2762 et
872 2707 1050 2762 futuro
1078 2708 1336 2775 gehennm
1354 2708 1473 2774 igne
1502 2708 1853 2776 torquebere;

260 2799 374 2863 sed,
410 2800 712 2867 pucsentia,
738 2800 927 2867 inquit,
962 2806 1228 2852 tormenta
1253 2799 1468 2863 senties,
1498 2807 1657 2869 atque
1678 2799 1853 2852 immi-

259 2899 478 2941 nentem
502 2888 612 2956 jam
636 2889 932 2943 cervicibus
959 2889 1065 2942 tuis
1087 2888 1277 2942 divina:
1298 2889 1597 2943 severitatis
1619 2888 1849 2956 gladium

258 2980 571 3033 SUSIidCIliS.
614 2978 680 3032 Et
717 2979 844 3048 quid
873 2988 995 3049 post
1024 2980 1171 3034 haec?
1198 2979 1452 3047 Agnoscit
1498 2981 1702 3035 scilicet
1728 2996 1852 3035 reus

257 3071 494 3139 culpam,
526 3070 853 3135 humiliatur,
884 3072 1278 3140 compungitur,
1330 3070 1634 3136 confitetur,
1682 3071 1844 3139 luget,

1956 1890 2062 1946 filio
2082 1893 2300 1961 patitur,
2332 1905 2497 1959 regno
2522 1891 2755 1961 pellitur,
2778 1900 2833 1947 et
2862 1908 2929 1947 ne
2957 1894 3251 1956 occidatur,
3276 1894 3530 1964 profugus

1952 1979 2211 2034 abscedit.
2239 1980 2506 2050 Impurior
2535 1982 2763 2047 nescias,
2797 1996 2866 2036 an
2901 1982 3177 2038 cruentior
3204 1982 3362 2039 filius.
3395 1983 3528 2051 Quia

1954 2072 2258 2128 interficere
2292 2081 2501 2145 patrem
2538 2088 2645 2128 non
2680 2082 2861 2145 potest
2899 2074 3205 2144 parricidio,
3248 2075 3411 2131 foedat
3450 2077 3530 2131 in-

1954 2171 2138 2229 cestu;
2170 2171 2226 2217 et
2259 2164 2475 2232 quidem
2511 2165 2738 2230 incestu,
2775 2169 2976 2234 praeter
3011 2163 3199 2219 incesti
3235 2164 3402 2229 nefas,
3434 2181 3532 2235 per

1954 2253 2268 2308 industriam
2312 2253 2683 2308 accumulandi
2724 2253 2944 2308 sceleris
2976 2253 3147 2319 elato;
3187 2269 3307 2310 cum
3348 2255 3530 2324 utique

1953 2344 2182 2412 facinus,
2218 2346 2364 2415 quod
2404 2346 2567 2399 etiam
2609 2352 2819 2400 secreta
2866 2345 3229 2401 abominabile
3273 2346 3529 2414 facerent,

1952 2446 2269 2509 persecutor
2296 2438 2536 2508 parentis
2557 2437 2772 2507 publice
2799 2438 2900 2507 37
2932 2446 3298 2509 perpetraret;
3328 2441 3530 2496 scilicet

1954 2536 2013 2583 ut
2048 2515 2368 2583 feralissimo
2395 2527 2620 2583 crimine
2652 2542 2761 2582 non
2789 2535 2949 2598 pater
2976 2536 3184 2583 tantum
3214 2530 3412 2586 absens
3434 2531 3531 2586 de-

1953 2619 2280 2672 formaretur
2327 2632 2490 2686 quam
2535 2617 2680 2672 oculi
2712 2617 2881 2671 etiam
2926 2618 3091 2672 totius
3137 2619 3284 2674 orbis
3317 2621 3531 2689 publico

1953 2707 2284 2764 foedarentur
2313 2708 2538 2761 incestu.
2570 2706 2689 2762 Jam
2718 2707 2764 2761 si
2792 2706 3030 2762 addenda
3060 2715 3143 2762 est
3171 2716 3226 2763 et
3253 2709 3423 2779 ipsius
3452 2708 3533 2764 fu-

1953 2811 2032 2866 ga:
2053 2798 2232 2864 facies,
2264 2799 2423 2866 quale
2445 2798 2573 2853 illud
2593 2797 2692 2851 fuit
2712 2813 2832 2853 cum
2862 2805 3040 2852 tantus
3064 2813 3179 2864 rex,
3216 2800 3347 2853 tanti
3369 2801 3533 2855 nomi~

1952 2889 2054 2954 nis,
2085 2889 2290 2943 cunctis
2328 2889 2543 2956 regibus
2574 2887 2750 2951 altior,
2778 2888 2977 2943 mundo
3005 2888 3197 2958 major,
3224 2905 3411 2946 omnes
3440 2891 3533 2946 ad-

1951 2982 2169 3037 modum
2198 2997 2326 3037 suos
2346 2996 2464 3035 cum
2494 2980 2828 3051 paucissimis
2855 2981 2965 3034 suis
2994 2979 3222 3049 fugeret,
3242 2982 3294 3035 in
3316 2997 3533 3052 compa-

1951 3073 2161 3128 ratione
2190 3072 2387 3126 dudum
2418 3071 2500 3125 sui
2541 3078 2875 3138 egestuosus,
2909 3070 2961 3123 in
3009 3071 3415 3140 comparatione
3448 3072 3534 3127 sui

258 3161 509 3230 panitet,
543 3161 880 3229 deprec.:tur,
911 3174 1148 3228 gemmas
1169 3160 1342 3228 regias
1371 3159 1600 3225 abdicat,
1620 3160 1851 3230 crispan-
1877 3155 1923 3217 C
1954 3164 2118 3227 solus,
2147 3162 2353 3229 fugiens
2374 3176 2495 3215 cum
2524 3168 2698 3225 metu,
2728 3175 2849 3214 cum
2878 3158 3139 3214 dedecore
3158 3199 3174 3225 ,
3199 3175 3324 3215 cum
3364 3161 3531 3228 luctu,

260 3254 331 3323 tia
364 3270 497 3306 auro
524 3254 695 3306 textiii
738 3253 1049 3305 indumenta
1083 3252 1321 3320 deponit,
1346 3268 1579 3322 purpura
1609 3253 1841 3317 exuitur,

261 3341 562 3397 diademate
583 3342 608 3379 ιι
643 3344 1030 3408 exltouoratur,
1063 3344 1209 3397 cultu
1230 3351 1284 3398 et
1305 3343 1465 3398 corde
1486 3350 1741 3408 mutatur,
1773 3352 1849 3399 to-

263 3440 373 3484 tum
402 3447 582 3500 regem
606 3449 726 3486 cum
758 3434 1036 3489 ornatibus
1064 3435 1174 3488 suis
1203 3434 1403 3503 abjicit,
1431 3434 1711 3504 providum
1740 3452 1848 3505 pa!-

263 3522 518 3575 uitemem
547 3539 669 3578 cum
694 3525 993 3593 patrocinio
1014 3511 1279 3579 ambitiosi
1309 3526 1571 3593 squaloris
1601 3526 1842 3589 assumit,

263 3613 463 3684 jejunio
492 3617 741 3683 exigitur,
790 3616 1039 3671 ariditate
1068 3618 1328 3683 siccatur,
1378 3617 1505 3673 ﬂetu
1535 3617 1843 3682 effunditur,

262 3706 549 3759 solitudine
594 3718 920 3760 carceratur.
954 3707 1018 3761 Et
1050 3715 1226 3763 tamen
1271 3724 1368 3763 rex
1415 3710 1549 3763 tanti
1590 3711 1853 3776 nominis,

263 3797 550 3850 sanctitate
596 3801 769 3866 major
795 3813 953 3868 quam
997 3808 1295 3870 potestate,
1345 3803 1707 3869 prmrogativis
1740 3804 1847 3874 36

263 3888 578 3957 meritorum
606 3889 1037 3942 antecedentium
1087 3890 1512 3958 supereminens,
1544 3908 1663 3949 cum
1695 3901 1846 3948 tanto

264 3978 467 4032 ambitu
490 3979 770 4048 supplicet,
794 3997 899 4033 non
922 3981 1118 4035 evadit.
1136 3980 1199 4033 Et
1220 3982 1305 4035 hic
1327 3991 1533 4037 tantum
1559 3991 1666 4037 tam
1688 3998 1846 4054 gran-

264 4068 345 4123 dis
377 4057 699 4138 pmnitentim
729 4073 928 4126 fructus
953 4080 1052 4138 cst,
1083 4073 1224 4141 quod
1245 4075 1457 4127 aeternis
1485 4076 1698 4143 quidem
1728 4079 1849 4146 pia-
1888 4132 1893 4136 ,

265 4155 400 4214 culis
428 4176 536 4215 non
584 4162 877 4225 addicitur,
922 4162 1017 4215 sed
1049 4164 1100 4216 in
1148 4164 1396 4232 prcescnti
1432 4174 1606 4220 tamen
1633 4169 1842 4221 veniam

265 4268 374 4304 non
407 4261 661 4306 meretur.
688 4253 927 4321 Denique
964 4254 1089 4321 quid
1136 4255 1415 4324 pmnitenti
1445 4257 1704 4325 prepheta
1734 4259 1844 4312 ait?

265 4339 400 4403 Quia
430 4342 784 4411 blasphemare
812 4345 976 4413 fecisti
1002 4346 1236 4397 inimicos
1264 4346 1485 4408 Domini,
1512 4347 1653 4416 ﬁlius
1675 4348 1758 4419 qui
1779 4365 1843 4402 ex

265 4436 310 4482 te
331 4441 487 4482 natus
507 4444 579 4483 est
608 4434 851 4485 morietur
879 4431 1063 4500 (Ibid,
1089 4431 1195 4502 l4).
1229 4431 1429 4487 Praeter
1459 4450 1670 4503 paruam
1700 4451 1844 4490 acer-

1953 3261 2154 3323 ορινντοἸ
2176 3251 2347 3319 inquit
2375 3249 2672 3321 Scriptura,
2718 3251 2902 3320 capite,
2932 3258 2981 3303 et
3014 3249 3166 3305 nudis
3213 3250 3424 3321 pedibus
3451 3252 3534 3305 in-

1948 3341 2132 3394 cedens
2164 3339 2238 3410 (Il
2268 3339 2396 3411 Reg.
2429 3356 2518 3403 xv,
2552 3339 2619 3394 '50
2640 3339 2679 3411 ),
2704 3336 2729 3376 ά
2754 3346 3027 3409 superstes
3075 3340 3272 3409 prioris
3310 3348 3480 3396 status
3501 3356 3534 3395 a

1949 3449 2009 3487 se
2031 3433 2149 3503 ipso
2178 3432 2457 3496 exsulans,
2484 3446 2624 3501 pene
2656 3430 2769 3499 jam
2807 3438 2933 3500 post
2961 3447 3019 3486 se
3040 3433 3226 3487 vivens
3246 3473 3261 3499 ,
3293 3433 3534 3503 dejectus

1949 3539 2120 3593 usque
2148 3525 2201 3577 in
2228 3538 2507 3578 servorum
2537 3538 2756 3577 suorum
2785 3522 2889 3589 vel,
2920 3521 3065 3590 quod
3092 3536 3252 3591 grave
3281 3533 3383 3589 est,
3409 3540 3537 3580 con-

1949 3616 2243 3679 tumeliam,
2275 3613 2380 3681 vel,
2412 3613 2560 3683 quod
2588 3612 2832 3681 gravius,
2879 3610 3335 3678 misericordiam;
3363 3620 3423 3666 ut
3448 3613 3533 3667 vel

1949 3706 2074 3762 Siba
2103 3722 2223 3761 eum
2252 3712 2516 3775 pasceret,
2539 3704 2624 3759 vel
2644 3702 2964 3758 maledicere
2977 3700 3155 3757 Semei
3183 3702 3395 3773 publice
3422 3717 3533 3758 non

1951 3797 2164 3851 timeret
2194 3795 2269 3867 (li
2304 3795 2428 3866 Reg.
2458 3799 2596 3865 xw);
2626 3795 2698 3847 ita
2734 3793 2828 3847 Dei
2851 3791 3053 3862 judicio
3083 3808 3112 3846 a
3142 3807 3200 3847 se
3231 3793 3369 3848 alter
3411 3791 3534 3848 effe-

1948 3896 2085 3954 ctus,
2116 3896 2175 3941 ut
2195 3888 2242 3941 ei
2272 3902 2433 3955 quem
2458 3896 2481 3923 θ
2511 3888 2766 3940 timuerat
2788 3883 2808 3923 ί
2840 3892 2986 3940 totus
3005 3884 3169 3948 orbis,
3201 3900 3339 3940 unus
3367 3885 3419 3939 in
3446 3884 3525 3941 fa-

1947 3977 2082 4033 ciem
2113 3977 2393 4033 insultaret
2414 3977 2682 4031 inimicus.
2966 4023 2981 4028 -

2019 4069 2103 4123 Vl.
2125 4068 2226 4123 Ubi
2249 4076 2372 4123 sunt
2391 4069 2484 4137 qui
2512 4083 2541 4122 a
2563 4067 2676 4123 Deo
2690 4066 2882 4137 respici
2910 4082 2998 4121 res
3025 4067 3285 4121 humanas
3311 4069 3533 4136 negant?

1948 4160 2089 4216 Ecce
2126 4161 2339 4229 quoties
2382 4167 2549 4214 testes
2584 4160 2723 4214 sacri
2752 4160 2805 4212 in
2843 4173 3072 4227 persona
3102 4159 3259 4212 unius
3296 4159 3531 4214 hominis

1948 4268 2054 4304 non
2082 4251 2385 4321 respexisse
2416 4248 2784 4304 tantummodo
2810 4249 2996 4312 Deum,
3040 4262 3221 4303 verum
3256 4249 3418 4304 etiam
3443 4249 3533 4318 ju-

1946 4343 2152 4399 dicasse
2188 4343 2506 4397 docuerunt.
2540 4340 2608 4395 Et
2635 4356 2732 4395 cur
2766 4341 2880 4396 hinc
2923 4341 3149 4395 omnia?
3184 4339 3295 4397 Cur
3321 4342 3526 4411 utique,

1945 4434 2044 4489 nisi
2075 4440 2134 4486 ut
2170 4431 2590 4500 intelligeremus
2640 4430 2887 4487 eamdem
2933 4431 3166 4486 futuram
3215 4446 3429 4502 semper
3476 4433 3531 4487 in

264 4519 345 4574 ba:
365 4521 628 4586 orbitatis,
660 4523 821 4575 etiam
856 4523 998 4577 hunc
1027 4524 1148 4576 addi
1181 4524 1419 4592 piissimo
1444 4525 1584 4593 patri
1609 4527 1849 4582 intellcc-
1876 4520 1929 4580 D
1952 4525 2153 4580 mundo
2174 4538 2454 4581 censuram
2485 4531 2540 4577 et
2567 4523 2949 4577 coercitionem
2976 4523 3073 4577 Dei
3100 4537 3219 4592 qua:
3244 4521 3449 4577 fuisset.
3466 4520 3533 4576 Et

265 4619 375 4666 tum
399 4614 591 4666 summi
620 4615 864 4683 supplicii
903 4615 1042 4669 Deus
1083 4615 1248 4670 voluit
1278 4625 1334 4670 ut
1362 4618 1709 4674 dilectissimo
1738 4620 1848 4677 lilio

264 4716 433 4754 causa
477 4704 664 4756 mortis
708 4713 860 4772 pater
889 4705 1002 4773 ipse
1035 4705 1290 4760 existeret
1332 4708 1421 4777 qui
1464 4708 1698 4776 doleret,
1730 4727 1852 4769 cum

265 4793 451 4861 utique
479 4802 662 4846 natum
696 4809 761 4848 ex
784 4795 1007 4850 crimine
1035 4810 1258 4864 puerum
1289 4798 1488 4853 crimen
1510 4799 1683 4868 ipsum
1711 4788 1852 4857 occi—

265 4884 416 4939 deret
447 4885 592 4955 quod
622 4896 883 4943 creasset.

1954 4618 2077 4672 ideo
2110 4617 2273 4671 etiam
2307 4622 2522 4670 sanctos
2550 4614 2795 4669 homines
2834 4614 3124 4682 castigatos
3151 4612 3418 4683 quondam
3444 4614 3535 4683 ju-

1950 4708 2091 4764 dicio
2113 4707 2207 4762 Dei
2224 4707 2467 4776 legimus,
2500 4713 2557 4761 ut
2580 4704 2896 4773 judicandos
2916 4720 3015 4760 nos
3035 4704 3144 4760 Deo
3167 4703 3346 4774 judice
3368 4705 3534 4760 etiam

1953 4799 2203 4870 praesenti
2250 4797 2446 4852 saeculo
2495 4810 2859 4851 nosceremus.
2902 4793 3037 4860 Quia
3080 4795 3217 4850 sicut
3262 4795 3404 4851 Deus
3450 4801 3549 4849 est.
3640 4782 3643 4785 Α

1953 4904 2186 4958 semper,
2233 4888 2311 4942 sic
2334 4887 2540 4956 justitia
2569 4885 2663 4939 Dei
2704 4900 2948 4955 semper;
2978 4885 3118 4940 sicut
3146 4884 3560 4954 omnipotentia.

1436 4998 1776 5057 STAPHANI
1810 4999 2079 5059 BALUZII
2116 4995 2342 5053 NOTAE.

334 5096 364 5159 ξι
405 5086 589 5159 βρύει
617 5087 855 5159 coibert,
883 5097 939 5143 et
964 5088 1242 5151 editiones,
1268 5091 1539 5159 majorum.

334 5157 367 5195 ιν
407 5157 552 5211 Idem
582 5158 753 5212 codex
781 5166 835 5212 et
863 5159 987 5223 edit,
1019 5157 1358 5212 exoneratur.’
1390 5157 1454 5210 Et
1480 5159 1619 5213 hanc
1659 5159 1849 5217 lectio-

265 5243 393 5282 nem
424 5241 583 5295 posse
607 5228 822 5282 tolerari
851 5228 1058 5282 censuit
1082 5227 1484 5282 Rittershusius.

341 5308 367 5337 ο
410 5297 465 5351 ln
491 5297 739 5368 omnibus
762 5298 1099 5361 editionibus,
1139 5306 1491 5368 praeterquam
1519 5298 1573 5352 in
1602 5313 1665 5353 ea
1691 5315 1851 5368 quam

262 5366 574 5441 Qalesinius
621 5367 814 5441 Retine
845 5366 1160 5441 adornavit,
1208 5369 1397 5441 legitur
1426 5385 1459 5421 a
1486 5368 1616 5441 bona
1668 5366 1850 5441 fratre.

264 5438 392 5505 Quo
421 5440 583 5494 etiam
614 5438 775 5491 modo
802 5438 999 5492 habent
1025 5438 1238 5492 codices
1259 5436 1597 5493 Corbeiensis
1637 5436 1692 5494 et
1729 5439 1853 5495 Col-

266 5509 534 5564 bcrtinus.
567 5507 868 5563 Galesinius
901 5508 1060 5577 igitur
1084 5515 1233 5561 recte
1273 5509 1614 5574 emendavit,
1661 5509 1726 5562 ab
1751 5526 1854 5564 uno

270 5581 459 5648 fratre.
488 5577 652 5648 Error
676 5580 800 5634 hinc
845 5587 995 5634 ortus
1021 5577 1166 5646 quod
1192 5578 1464 5648 veteribus
1493 5579 1597 5633 illis
1628 5578 1856 5634 librariis

268 5646 519 5703 Solemne
565 5646 723 5701 fuerit
768 5649 992 5704 invicem
1036 5655 1367 5703 commutare
1413 5647 1618 5704 litteras
1644 5666 1674 5703 ο
1720 5656 1774 5704 et
1800 5666 1852 5712 ιι,

269 5716 727 5787 quemadmodum
749 5718 1020 5772 multotics
1044 5718 1152 5785 jam
1179 5719 1520 5773 observatum
1543 5724 1641 5773 est.

2024 5087 2050 5127 ἀ
2091 5089 2168 5142 ita
2195 5094 2342 5157 recte
2367 5084 2538 5157 codex
2563 5082 2901 5157 Corheieusis
2923 5101 3023 5156 pro
3051 5101 3117 5141 eo
3143 5087 3284 5157 quod
3314 5086 3556 5146 Colber—v

1954 5161 2098 5215 tinus
2133 5165 2188 5212 et
2215 5156 2478 5212 editiones
2505 5155 2706 5209 habent
2737 5172 2750 5208 :
2783 5153 2954 5227 Super
2994 5157 3110 5210 istis
3132 5153 3535 5228 fpriorissta-

1960 5242 2058 5292 tus,
2092 5236 2196 5284 etc.

2031 5311 2054 5339 ε
2097 5297 2369 5352 Editiones
2394 5293 2741 5364 Gaiesiniiet
2765 5292 2956 5364 Pithmi
2979 5336 2994 5361 ,
3037 5295 3230 5364 quibus
3272 5298 3538 5353 consentit

1960 5371 2127 5426 codex
2156 5366 2524 5445 Corbeiensis,
2553 5365 2630 5445 sic
2652 5363 2838 5445 legunt
2865 5381 2877 5417 :
2912 5361 3090 5445 Qgterti_
3111 5367 3349 5445 timue_ra_t
3376 5368 3535 5445 {orsi-

1961 5450 2050 5493 tan
2097 5445 2231 5490 totus
2271 5435 2426 5489 orbis.
2469 5434 2573 5489 Sed
2603 5433 2767 5488 editio
2796 5433 3093 5491 Brassicani
3119 5451 3225 5490 non
3254 5433 3413 5491 habet
3439 5451 3536 5491 vo-

1958 5523 2075 5564 cem
2102 5507 2342 5577 rat-sitan,
2370 5504 2725 5577 quaevidetur
2752 5502 3039 5574 superﬂua.
3082 5503 3190 5560 Nos
3216 5504 3394 5575 itaque
3413 5521 3535 5561 eam

1962 5578 2029 5633 ah
2057 5576 2161 5631 huc
2180 5576 2299 5630 loco
2321 5576 2648 5631 sustulimus.
3438 5632 3448 5641 ι

2037 5646 2056 5685 ί
2104 5645 2171 5701 Ut
2217 5652 2327 5701 tum
2374 5645 2684 5708 videbatur,
2732 5643 3175 5713 quemadmodum
3220 5643 3361 5698 dicet
3401 5646 3537 5703 infra

1965 5717 2243 5772 Salvianus
2269 5717 2407 5772 lib.r
2434 5713 2700 5771 Adversus
2729 5715 3044 5779 Avaritiam,
3078 5728 3198 5783 pag.
3230 5713 3367 5771 22L
