  <div class='ocr_page' id='page_1' title='image "/cluster/home/n/w/nwhite01/storage/ocr_20150623/53/hvd.32044073505091/035.png"; bbox 0 0 4006 6182; ppageno 0'>
   <div class='ocr_carea' id='block_1_1' title="bbox 455 287 3719 394">
    <p class='ocr_par' dir='ltr' id='par_1_1' title="bbox 455 287 3719 394">
     <span class='ocr_line' id='line_1_1' title="bbox 455 287 3719 394; baseline -0.005 -4"><span class='ocrx_word' id='word_1_1' title='bbox 455 336 522 394; x_wconf 76' lang='lat' dir='ltr'><strong>c5</strong></span> <span class='ocrx_word' id='word_1_2' title='bbox 1412 331 1467 386; x_wconf 88' lang='lat' dir='ltr'><strong>s.</strong></span> <span class='ocrx_word' id='word_1_3' title='bbox 1510 330 1826 391; x_wconf 62' lang='lat' dir='ltr'><strong>sanum</strong></span> <span class='ocrx_word' id='word_1_4' title='bbox 1867 329 2330 386; x_wconf 62' lang='lat' dir='ltr'><strong>usssnumsrs</strong></span> <span class='ocrx_word' id='word_1_5' title='bbox 2367 287 2791 388; x_wconf 64' lang='lat' dir='ltr'><strong>caesurum</strong></span> <span class='ocrx_word' id='word_1_6' title='bbox 3654 328 3719 386; x_wconf 66' lang='grc' dir='ltr'><strong>ες</strong></span> 
     </span>
    </p>
   </div>
   <div class='ocr_carea' id='block_1_2' title="bbox 458 435 3717 512">
    <p class='ocr_par' dir='ltr' id='par_1_2' title="bbox 458 435 3717 512">
     <span class='ocr_line' id='line_1_2' title="bbox 458 435 3717 512; baseline -0.002 -6"><span class='ocrx_word' id='word_1_7' title='bbox 458 449 668 512; x_wconf 83' lang='lat' dir='ltr'><strong>Domini</strong></span> <span class='ocrx_word' id='word_1_8' title='bbox 694 448 1024 511; x_wconf 87' lang='lat' dir='ltr'><strong>indeticiens,</strong></span> <span class='ocrx_word' id='word_1_9' title='bbox 1056 445 1134 500; x_wconf 83' lang='lat' dir='ltr'><strong>sic</strong></span> <span class='ocrx_word' id='word_1_10' title='bbox 1163 462 1386 499; x_wconf 83' lang='lat' dir='ltr'><strong>censura</strong></span> <span class='ocrx_word' id='word_1_11' title='bbox 1429 444 1860 509; x_wconf 88' lang='lat' dir='ltr'><strong>indemutabilis;</strong></span> <span class='ocrx_word' id='word_1_12' title='bbox 1891 445 2030 500; x_wconf 81' lang='lat' dir='ltr'><strong>sicut</strong></span> <span class='ocrx_word' id='word_1_13' title='bbox 2060 450 2103 505; x_wconf 84' lang='grc' dir='ltr'><strong>Α</strong></span> <span class='ocrx_word' id='word_1_14' title='bbox 2131 460 2250 498; x_wconf 89' lang='lat' dir='ltr'><strong>rum</strong></span> <span class='ocrx_word' id='word_1_15' title='bbox 2280 443 2497 498; x_wconf 89' lang='lat' dir='ltr'><strong>nomina</strong></span> <span class='ocrx_word' id='word_1_16' title='bbox 2526 435 2842 497; x_wconf 81' lang='lat' dir='ltr'><strong>terribilium</strong></span> <span class='ocrx_word' id='word_1_17' title='bbox 2865 439 3186 509; x_wconf 77' lang='lat' dir='ltr'><strong>iudiciorum</strong></span> <span class='ocrx_word' id='word_1_18' title='bbox 3207 448 3330 495; x_wconf 91' lang='lat' dir='ltr'><strong>sunt</strong></span> <span class='ocrx_word' id='word_1_19' title='bbox 3347 442 3717 509; x_wconf 87' lang='lat' dir='ltr'><strong>instrumenta,</strong></span> 
     </span>
    </p>
   </div>
   <div class='ocr_carea' id='block_1_3' title="bbox 453 533 2039 609">
    <p class='ocr_par' dir='ltr' id='par_1_3' title="bbox 453 533 2039 609">
     <span class='ocr_line' id='line_1_3' title="bbox 453 533 2039 609; baseline -0.004 -13"><span class='ocrx_word' id='word_1_20' title='bbox 453 541 595 597; x_wconf 85' lang='lat' dir='ltr'><strong>Deus</strong></span> <span class='ocrx_word' id='word_1_21' title='bbox 610 539 730 609; x_wconf 84' lang='lat' dir='ltr'><strong>jure</strong></span> <span class='ocrx_word' id='word_1_22' title='bbox 758 546 1067 608; x_wconf 88' lang='lat' dir='ltr'><strong>perpetuus,</strong></span> <span class='ocrx_word' id='word_1_23' title='bbox 1090 535 1169 590; x_wconf 91' lang='lat' dir='ltr'><strong>sic</strong></span> <span class='ocrx_word' id='word_1_24' title='bbox 1191 535 1397 603; x_wconf 89' lang='lat' dir='ltr'><strong>justitia</strong></span> <span class='ocrx_word' id='word_1_25' title='bbox 1426 550 1797 605; x_wconf 81' lang='lat' dir='ltr'><strong>perseverans.</strong></span> <span class='ocrx_word' id='word_1_26' title='bbox 1828 533 1896 588; x_wconf 88' lang='lat' dir='ltr'><strong>Et</strong></span> <span class='ocrx_word' id='word_1_27' title='bbox 1918 534 2039 589; x_wconf 89' lang='lat' dir='ltr'><strong>ideo</strong></span> 
     </span>
    </p>
   </div>
   <div class='ocr_carea' id='block_1_4' title="bbox 454 625 2042 689">
    <p class='ocr_par' dir='ltr' id='par_1_4' title="bbox 454 625 2042 689">
     <span class='ocr_line' id='line_1_4' title="bbox 454 625 2042 689; baseline -0.004 -2"><span class='ocrx_word' id='word_1_28' title='bbox 454 647 641 689; x_wconf 88' lang='lat' dir='ltr'><strong>omnes</strong></span> <span class='ocrx_word' id='word_1_29' title='bbox 668 629 957 684; x_wconf 83' lang='lat' dir='ltr'><strong>admodum</strong></span> <span class='ocrx_word' id='word_1_30' title='bbox 1001 627 1171 683; x_wconf 86' lang='lat' dir='ltr'><strong>sancti</strong></span> <span class='ocrx_word' id='word_1_31' title='bbox 1202 627 1255 680; x_wconf 92' lang='lat' dir='ltr'><strong>in</strong></span> <span class='ocrx_word' id='word_1_32' title='bbox 1302 626 1453 681; x_wconf 83' lang='lat' dir='ltr'><strong>libris</strong></span> <span class='ocrx_word' id='word_1_33' title='bbox 1479 627 1649 682; x_wconf 89' lang='lat' dir='ltr'><strong>sacris</strong></span> <span class='ocrx_word' id='word_1_34' title='bbox 1694 627 1836 682; x_wconf 80' lang='lat' dir='ltr'><strong>inter</strong></span> <span class='ocrx_word' id='word_1_35' title='bbox 1860 625 2042 682; x_wconf 85' lang='lat' dir='ltr'><strong>discri-</strong></span> 
     </span>
    </p>
   </div>
   <div class='ocr_carea' id='block_1_5' title="bbox 454 714 2042 786">
    <p class='ocr_par' dir='ltr' id='par_1_5' title="bbox 454 714 2042 786">
     <span class='ocr_line' id='line_1_5' title="bbox 454 714 2042 786; baseline -0.004 -9"><span class='ocrx_word' id='word_1_36' title='bbox 454 722 658 783; x_wconf 83' lang='lat' dir='ltr'><strong>minum</strong></span> <span class='ocrx_word' id='word_1_37' title='bbox 681 718 1074 774; x_wconf 77' lang='lat' dir='ltr'><strong>imminentium</strong></span> <span class='ocrx_word' id='word_1_38' title='bbox 1104 725 1282 771; x_wconf 90' lang='lat' dir='ltr'><strong>motus</strong></span> <span class='ocrx_word' id='word_1_39' title='bbox 1320 725 1374 771; x_wconf 90' lang='lat' dir='ltr'><strong>et</strong></span> <span class='ocrx_word' id='word_1_40' title='bbox 1402 725 1809 786; x_wconf 87' lang='lat' dir='ltr'><strong>persecutorum</strong></span> <span class='ocrx_word' id='word_1_41' title='bbox 1836 714 2042 783; x_wconf 86' lang='lat' dir='ltr'><strong>gladios</strong></span> 
     </span>
    </p>
   </div>
   <div class='ocr_carea' id='block_1_6' title="bbox 455 806 2042 878">
    <p class='ocr_par' dir='ltr' id='par_1_6' title="bbox 455 806 2042 878">
     <span class='ocr_line' id='line_1_6' title="bbox 455 806 2042 878; baseline -0.004 -13"><span class='ocrx_word' id='word_1_42' title='bbox 455 810 729 865; x_wconf 84' lang='lat' dir='ltr'><strong>constituti</strong></span> <span class='ocrx_word' id='word_1_43' title='bbox 761 824 997 878; x_wconf 71' lang='lat' dir='ltr'><strong>prmsens</strong></span> <span class='ocrx_word' id='word_1_44' title='bbox 1019 807 1279 875; x_wconf 76' lang='lat' dir='ltr'><strong>judicium</strong></span> <span class='ocrx_word' id='word_1_45' title='bbox 1312 807 1406 863; x_wconf 88' lang='lat' dir='ltr'><strong>Dei</strong></span> <span class='ocrx_word' id='word_1_46' title='bbox 1451 807 1751 875; x_wconf 90' lang='lat' dir='ltr'><strong>postulant.</strong></span> <span class='ocrx_word' id='word_1_47' title='bbox 1783 806 1873 861; x_wconf 89' lang='lat' dir='ltr'><strong>Sic</strong></span> <span class='ocrx_word' id='word_1_48' title='bbox 1898 806 2042 861; x_wconf 88' lang='lat' dir='ltr'><strong>enim</strong></span> 
     </span>
    </p>
   </div>
   <div class='ocr_carea' id='block_1_7' title="bbox 454 896 2043 971">
    <p class='ocr_par' dir='ltr' id='par_1_7' title="bbox 454 896 2043 971">
     <span class='ocr_line' id='line_1_7' title="bbox 454 896 2043 971; baseline -0.004 -16"><span class='ocrx_word' id='word_1_49' title='bbox 454 901 629 971; x_wconf 88' lang='lat' dir='ltr'><strong>justus</strong></span> <span class='ocrx_word' id='word_1_50' title='bbox 676 899 806 953; x_wconf 85' lang='lat' dir='ltr'><strong>dicit</strong></span> <span class='ocrx_word' id='word_1_51' title='bbox 844 899 899 967; x_wconf 88' lang='lat' dir='ltr'><strong>in</strong></span> <span class='ocrx_word' id='word_1_52' title='bbox 915 898 1123 968; x_wconf 85' lang='lat' dir='ltr'><strong>psalmo</strong></span> <span class='ocrx_word' id='word_1_53' title='bbox 1149 916 1160 949; x_wconf 88' lang='lat'><strong>:</strong></span> <span class='ocrx_word' id='word_1_54' title='bbox 1184 896 1372 959; x_wconf 84' lang='lat' dir='ltr'><strong>Judica</strong></span> <span class='ocrx_word' id='word_1_55' title='bbox 1410 914 1508 961; x_wconf 86' lang='lat' dir='ltr'><strong>me,</strong></span> <span class='ocrx_word' id='word_1_56' title='bbox 1541 896 1702 960; x_wconf 78' lang='lat' dir='ltr'><strong>Deus,</strong></span> <span class='ocrx_word' id='word_1_57' title='bbox 1732 906 1783 950; x_wconf 84' lang='lat' dir='ltr'><strong>et</strong></span> <span class='ocrx_word' id='word_1_58' title='bbox 1810 897 2043 951; x_wconf 70' lang='lat' dir='ltr'><strong>discerne</strong></span> 
     </span>
    </p>
   </div>
   <div class='ocr_carea' id='block_1_8' title="bbox 454 985 2043 1061">
    <p class='ocr_par' dir='ltr' id='par_1_8' title="bbox 454 985 2043 1061">
     <span class='ocr_line' id='line_1_8' title="bbox 454 985 2043 1061; baseline -0.004 -15"><span class='ocrx_word' id='word_1_59' title='bbox 454 1008 667 1046; x_wconf 70' lang='lat' dir='ltr'><strong>causam</strong></span> <span class='ocrx_word' id='word_1_60' title='bbox 690 1008 854 1045; x_wconf 84' lang='lat' dir='ltr'><strong>meam</strong></span> <span class='ocrx_word' id='word_1_61' title='bbox 876 990 939 1061; x_wconf 70' lang='lat' dir='ltr'><strong>de</strong></span> <span class='ocrx_word' id='word_1_62' title='bbox 956 996 1107 1060; x_wconf 83' lang='lat' dir='ltr'><strong>gente</strong></span> <span class='ocrx_word' id='word_1_63' title='bbox 1133 1004 1236 1044; x_wconf 83' lang='lat' dir='ltr'><strong>non</strong></span> <span class='ocrx_word' id='word_1_64' title='bbox 1256 997 1439 1043; x_wconf 77' lang='lat' dir='ltr'><strong>sancta</strong></span> <span class='ocrx_word' id='word_1_65' title='bbox 1456 986 1626 1058; x_wconf 70' lang='lat' dir='ltr'><strong>(Psal.</strong></span> <span class='ocrx_word' id='word_1_66' title='bbox 1654 1003 1780 1052; x_wconf 80' lang='lat' dir='ltr'><strong>xui,</strong></span> <span class='ocrx_word' id='word_1_67' title='bbox 1800 987 1872 1055; x_wconf 80' lang='lat' dir='ltr'><strong>l).</strong></span> <span class='ocrx_word' id='word_1_68' title='bbox 1888 985 2043 1053; x_wconf 85' lang='lat' dir='ltr'><strong>Quod</strong></span> 
     </span>
    </p>
   </div>
   <div class='ocr_carea' id='block_1_9' title="bbox 457 1077 2046 1150">
    <p class='ocr_par' dir='ltr' id='par_1_9' title="bbox 457 1077 2046 1150">
     <span class='ocr_line' id='line_1_9' title="bbox 457 1077 2046 1150; baseline -0.005 -13"><span class='ocrx_word' id='word_1_69' title='bbox 457 1098 524 1137; x_wconf 91' lang='lat' dir='ltr'><strong>ne</strong></span> <span class='ocrx_word' id='word_1_70' title='bbox 552 1082 620 1136; x_wconf 90' lang='lat' dir='ltr'><strong>ad</strong></span> <span class='ocrx_word' id='word_1_71' title='bbox 647 1080 885 1135; x_wconf 87' lang='lat' dir='ltr'><strong>futurum</strong></span> <span class='ocrx_word' id='word_1_72' title='bbox 929 1080 1024 1134; x_wconf 90' lang='lat' dir='ltr'><strong>Dei</strong></span> <span class='ocrx_word' id='word_1_73' title='bbox 1054 1081 1162 1150; x_wconf 80' lang='lat'><strong>38</strong></span> <span class='ocrx_word' id='word_1_74' title='bbox 1185 1078 1443 1147; x_wconf 84' lang='lat' dir='ltr'><strong>judicium</strong></span> <span class='ocrx_word' id='word_1_75' title='bbox 1475 1079 1612 1132; x_wconf 82' lang='lat' dir='ltr'><strong>trahi</strong></span> <span class='ocrx_word' id='word_1_76' title='bbox 1639 1078 1825 1146; x_wconf 84' lang='lat' dir='ltr'><strong>possit,</strong></span> <span class='ocrx_word' id='word_1_77' title='bbox 1866 1077 2046 1132; x_wconf 84' lang='lat' dir='ltr'><strong>subdit</strong></span> 
     </span>
    </p>
   </div>
   <div class='ocr_carea' id='block_1_10' title="bbox 457 1166 2040 1239">
    <p class='ocr_par' dir='ltr' id='par_1_10' title="bbox 457 1166 2040 1239">
     <span class='ocr_line' id='line_1_10' title="bbox 457 1166 2040 1239; baseline -0.002 -15"><span class='ocrx_word' id='word_1_78' title='bbox 457 1170 638 1224; x_wconf 82' lang='lat' dir='ltr'><strong>statim</strong></span> <span class='ocrx_word' id='word_1_79' title='bbox 672 1187 686 1222; x_wconf 88' lang='lat'>:</span> <span class='ocrx_word' id='word_1_80' title='bbox 720 1169 796 1223; x_wconf 84' lang='lat' dir='ltr'><strong>Ab</strong></span> <span class='ocrx_word' id='word_1_81' title='bbox 827 1170 1033 1223; x_wconf 77' lang='lat' dir='ltr'><strong>homine</strong></span> <span class='ocrx_word' id='word_1_82' title='bbox 1060 1169 1235 1239; x_wconf 82' lang='lat' dir='ltr'><strong>iniquo</strong></span> <span class='ocrx_word' id='word_1_83' title='bbox 1266 1176 1317 1221; x_wconf 80' lang='lat' dir='ltr'><strong>et</strong></span> <span class='ocrx_word' id='word_1_84' title='bbox 1349 1167 1526 1227; x_wconf 76' lang='lat' dir='ltr'><strong>doloso</strong></span> <span class='ocrx_word' id='word_1_85' title='bbox 1555 1168 1694 1237; x_wconf 84' lang='lat' dir='ltr'><strong>eripe</strong></span> <span class='ocrx_word' id='word_1_86' title='bbox 1719 1184 1801 1221; x_wconf 85' lang='lat' dir='ltr'><strong>me</strong></span> <span class='ocrx_word' id='word_1_87' title='bbox 1829 1166 2040 1238; x_wconf 83' lang='lat' dir='ltr'><strong>(Ibid.).</strong></span> 
     </span>
    </p>
   </div>
   <div class='ocr_carea' id='block_1_11' title="bbox 457 1257 2042 1328">
    <p class='ocr_par' dir='ltr' id='par_1_11' title="bbox 457 1257 2042 1328">
     <span class='ocr_line' id='line_1_11' title="bbox 457 1257 2042 1328; baseline -0.001 -14"><span class='ocrx_word' id='word_1_88' title='bbox 457 1257 702 1315; x_wconf 76' lang='lat' dir='ltr'><strong>Praesens</strong></span> <span class='ocrx_word' id='word_1_89' title='bbox 724 1261 905 1328; x_wconf 89' lang='lat' dir='ltr'><strong>utique</strong></span> <span class='ocrx_word' id='word_1_90' title='bbox 921 1257 1177 1326; x_wconf 86' lang='lat' dir='ltr'><strong>judicium</strong></span> <span class='ocrx_word' id='word_1_91' title='bbox 1206 1257 1301 1312; x_wconf 89' lang='lat' dir='ltr'><strong>Dei</strong></span> <span class='ocrx_word' id='word_1_92' title='bbox 1331 1258 1583 1326; x_wconf 83' lang='lat' dir='ltr'><strong>postulat,</strong></span> <span class='ocrx_word' id='word_1_93' title='bbox 1610 1258 1704 1326; x_wconf 87' lang='lat' dir='ltr'><strong>qui</strong></span> <span class='ocrx_word' id='word_1_94' title='bbox 1732 1258 1943 1313; x_wconf 89' lang='lat' dir='ltr'><strong>liberari</strong></span> <span class='ocrx_word' id='word_1_95' title='bbox 1983 1274 2042 1313; x_wconf 90' lang='lat' dir='ltr'><strong>se</strong></span> 
     </span>
    </p>
   </div>
   <div class='ocr_carea' id='block_1_12' title="bbox 457 1348 2044 1420">
    <p class='ocr_par' dir='ltr' id='par_1_12' title="bbox 457 1348 2044 1420">
     <span class='ocr_line' id='line_1_12' title="bbox 457 1348 2044 1420; baseline -0.001 -14"><span class='ocrx_word' id='word_1_96' title='bbox 457 1351 526 1406; x_wconf 89' lang='lat' dir='ltr'><strong>de</strong></span> <span class='ocrx_word' id='word_1_97' title='bbox 552 1366 715 1404; x_wconf 90' lang='lat' dir='ltr'><strong>manu</strong></span> <span class='ocrx_word' id='word_1_98' title='bbox 738 1350 1096 1420; x_wconf 84' lang='lat' dir='ltr'><strong>persecutoris</strong></span> <span class='ocrx_word' id='word_1_99' title='bbox 1116 1348 1383 1418; x_wconf 82' lang='lat' dir='ltr'><strong>implorat.</strong></span> <span class='ocrx_word' id='word_1_100' title='bbox 1402 1348 1469 1402; x_wconf 87' lang='lat' dir='ltr'><strong>Et</strong></span> <span class='ocrx_word' id='word_1_101' title='bbox 1493 1350 1630 1405; x_wconf 85' lang='lat' dir='ltr'><strong>bene</strong></span> <span class='ocrx_word' id='word_1_102' title='bbox 1648 1365 1746 1419; x_wconf 88' lang='lat' dir='ltr'><strong>pro</strong></span> <span class='ocrx_word' id='word_1_103' title='bbox 1765 1350 2044 1405; x_wconf 82' lang='lat' dir='ltr'><strong>conscien-</strong></span> 
     </span>
    </p>
   </div>
   <div class='ocr_carea' id='block_1_13' title="bbox 458 1439 2047 1512">
    <p class='ocr_par' dir='ltr' id='par_1_13' title="bbox 458 1439 2047 1512">
     <span class='ocr_line' id='line_1_13' title="bbox 458 1439 2047 1512; baseline 0.001 -17"><span class='ocrx_word' id='word_1_104' title='bbox 458 1443 531 1496; x_wconf 87' lang='lat' dir='ltr'><strong>tia</strong></span> <span class='ocrx_word' id='word_1_105' title='bbox 560 1441 715 1498; x_wconf 80' lang='lat' dir='ltr'><strong>bonae</strong></span> <span class='ocrx_word' id='word_1_106' title='bbox 743 1457 919 1497; x_wconf 73' lang='lat' dir='ltr'><strong>causze</strong></span> <span class='ocrx_word' id='word_1_107' title='bbox 948 1456 1054 1496; x_wconf 91' lang='lat' dir='ltr'><strong>non</strong></span> <span class='ocrx_word' id='word_1_108' title='bbox 1079 1449 1185 1495; x_wconf 91' lang='lat' dir='ltr'><strong>tam</strong></span> <span class='ocrx_word' id='word_1_109' title='bbox 1213 1439 1521 1510; x_wconf 71' lang='lat' dir='ltr'><strong>suffragium</strong></span> <span class='ocrx_word' id='word_1_110' title='bbox 1542 1442 1753 1499; x_wconf 90' lang='lat' dir='ltr'><strong>Domini</strong></span> <span class='ocrx_word' id='word_1_111' title='bbox 1774 1457 1934 1511; x_wconf 89' lang='lat' dir='ltr'><strong>quam</strong></span> <span class='ocrx_word' id='word_1_112' title='bbox 1957 1441 2047 1512; x_wconf 86' lang='lat' dir='ltr'><strong>ju-</strong></span> 
     </span>
    </p>
   </div>
   <div class='ocr_carea' id='block_1_14' title="bbox 457 1532 2035 1602">
    <p class='ocr_par' dir='ltr' id='par_1_14' title="bbox 457 1532 2035 1602">
     <span class='ocr_line' id='line_1_14' title="bbox 457 1532 2035 1602; baseline -0.003 -13"><span class='ocrx_word' id='word_1_113' title='bbox 457 1533 657 1589; x_wconf 89' lang='lat' dir='ltr'><strong>dicium</strong></span> <span class='ocrx_word' id='word_1_114' title='bbox 684 1533 1004 1602; x_wconf 84' lang='lat' dir='ltr'><strong>deprecatur</strong></span> <span class='ocrx_word' id='word_1_115' title='bbox 1035 1550 1047 1584; x_wconf 94' lang='lat'><strong>:</strong></span> <span class='ocrx_word' id='word_1_116' title='bbox 1082 1532 1207 1600; x_wconf 87' lang='lat' dir='ltr'><strong>quia</strong></span> <span class='ocrx_word' id='word_1_117' title='bbox 1240 1532 1394 1585; x_wconf 64' lang='lat' dir='ltr'><strong>bonae</strong></span> <span class='ocrx_word' id='word_1_118' title='bbox 1415 1546 1590 1589; x_wconf 71' lang='lat' dir='ltr'><strong>causae</strong></span> <span class='ocrx_word' id='word_1_119' title='bbox 1615 1532 1871 1601; x_wconf 87' lang='lat' dir='ltr'><strong>optimum</strong></span> <span class='ocrx_word' id='word_1_120' title='bbox 1899 1548 2035 1587; x_wconf 80' lang='lat' dir='ltr'><strong>sein-</strong></span> 
     </span>
    </p>
   </div>
   <div class='ocr_carea' id='block_1_15' title="bbox 459 1622 2041 1696">
    <p class='ocr_par' dir='ltr' id='par_1_15' title="bbox 459 1622 2041 1696">
     <span class='ocr_line' id='line_1_15' title="bbox 459 1622 2041 1696; baseline -0.001 -17"><span class='ocrx_word' id='word_1_121' title='bbox 459 1640 558 1696; x_wconf 92' lang='lat' dir='ltr'><strong>per</strong></span> <span class='ocrx_word' id='word_1_122' title='bbox 585 1624 896 1693; x_wconf 79' lang='lat' dir='ltr'><strong>suffragium</strong></span> <span class='ocrx_word' id='word_1_123' title='bbox 954 1624 1232 1688; x_wconf 86' lang='lat' dir='ltr'><strong>tribuitur,</strong></span> <span class='ocrx_word' id='word_1_124' title='bbox 1274 1623 1319 1678; x_wconf 88' lang='lat' dir='ltr'><strong>si</strong></span> <span class='ocrx_word' id='word_1_125' title='bbox 1365 1639 1486 1678; x_wconf 88' lang='lat' dir='ltr'><strong>cum</strong></span> <span class='ocrx_word' id='word_1_126' title='bbox 1527 1622 1731 1692; x_wconf 90' lang='lat' dir='ltr'><strong>justitia</strong></span> <span class='ocrx_word' id='word_1_127' title='bbox 1755 1622 2041 1692; x_wconf 88' lang='lat' dir='ltr'><strong>judicetur.</strong></span> 
     </span>
    </p>
   </div>
   <div class='ocr_carea' id='block_1_16' title="bbox 463 1713 2048 1784">
    <p class='ocr_par' dir='ltr' id='par_1_16' title="bbox 463 1713 2048 1784">
     <span class='ocr_line' id='line_1_16' title="bbox 463 1713 2048 1784; baseline 0.001 -17"><span class='ocrx_word' id='word_1_128' title='bbox 463 1715 602 1769; x_wconf 82' lang='lat' dir='ltr'><strong>Alibi</strong></span> <span class='ocrx_word' id='word_1_129' title='bbox 632 1730 847 1784; x_wconf 78' lang='lat' dir='ltr'><strong>quoque</strong></span> <span class='ocrx_word' id='word_1_130' title='bbox 872 1715 977 1775; x_wconf 82' lang='lat' dir='ltr'><strong>hoc</strong></span> <span class='ocrx_word' id='word_1_131' title='bbox 1002 1713 1398 1769; x_wconf 89' lang='lat' dir='ltr'><strong>evidentissime</strong></span> <span class='ocrx_word' id='word_1_132' title='bbox 1423 1731 1435 1765; x_wconf 76' lang='grc' dir='ltr'>ε</span> <span class='ocrx_word' id='word_1_133' title='bbox 1458 1714 1668 1779; x_wconf 77' lang='lat' dir='ltr'><strong>Judica,</strong></span> <span class='ocrx_word' id='word_1_134' title='bbox 1696 1713 1932 1779; x_wconf 83' lang='lat' dir='ltr'><strong>Domine,</strong></span> <span class='ocrx_word' id='word_1_135' title='bbox 1959 1731 2048 1768; x_wconf 87' lang='lat' dir='ltr'><strong>no-</strong></span> 
     </span>
    </p>
   </div>
   <div class='ocr_carea' id='block_1_17' title="bbox 2144 529 3721 602">
    <p class='ocr_par' dir='ltr' id='par_1_17' title="bbox 2144 529 3721 602">
     <span class='ocr_line' id='line_1_17' title="bbox 2144 529 3721 602; baseline 0.001 -16"><span class='ocrx_word' id='word_1_136' title='bbox 2144 532 2211 586; x_wconf 89' lang='lat' dir='ltr'><strong>ad</strong></span> <span class='ocrx_word' id='word_1_137' title='bbox 2232 532 2519 587; x_wconf 80' lang='lat' dir='ltr'><strong>humanam</strong></span> <span class='ocrx_word' id='word_1_138' title='bbox 2543 530 2953 599; x_wconf 70' lang='lat' dir='ltr'><strong>intelligentiam</strong></span> <span class='ocrx_word' id='word_1_139' title='bbox 2973 529 3326 586; x_wconf 88' lang='lat' dir='ltr'><strong>humanarum</strong></span> <span class='ocrx_word' id='word_1_140' title='bbox 3355 548 3536 588; x_wconf 90' lang='lat' dir='ltr'><strong>rerum</strong></span> <span class='ocrx_word' id='word_1_141' title='bbox 3556 535 3721 602; x_wconf 81' lang='lat' dir='ltr'><strong>signi-</strong></span> 
     </span>
    </p>
   </div>
   <div class='ocr_carea' id='block_1_18' title="bbox 2142 617 3724 690">
    <p class='ocr_par' dir='ltr' id='par_1_18' title="bbox 2142 617 3724 690">
     <span class='ocr_line' id='line_1_18' title="bbox 2142 617 3724 690; baseline 0.001 -13"><span class='ocrx_word' id='word_1_142' title='bbox 2142 623 2481 680; x_wconf 82' lang='lat' dir='ltr'><strong>ficationibus</strong></span> <span class='ocrx_word' id='word_1_143' title='bbox 2507 623 2765 690; x_wconf 89' lang='lat' dir='ltr'><strong>loquens;</strong></span> <span class='ocrx_word' id='word_1_144' title='bbox 2787 621 2913 690; x_wconf 89' lang='lat' dir='ltr'><strong>quia</strong></span> <span class='ocrx_word' id='word_1_145' title='bbox 2945 617 3175 688; x_wconf 88' lang='lat' dir='ltr'><strong>judicari</strong></span> <span class='ocrx_word' id='word_1_146' title='bbox 3203 638 3268 677; x_wconf 89' lang='lat' dir='ltr'><strong>ac</strong></span> <span class='ocrx_word' id='word_1_147' title='bbox 3294 623 3553 679; x_wconf 77' lang='lat' dir='ltr'><strong>vindicari</strong></span> <span class='ocrx_word' id='word_1_148' title='bbox 3573 638 3633 681; x_wconf 89' lang='lat' dir='ltr'><strong>se</strong></span> <span class='ocrx_word' id='word_1_149' title='bbox 3658 623 3724 678; x_wconf 87' lang='lat' dir='ltr'><strong>de</strong></span> 
     </span>
    </p>
   </div>
   <div class='ocr_carea' id='block_1_19' title="bbox 2143 712 3723 782">
    <p class='ocr_par' dir='ltr' id='par_1_19' title="bbox 2143 712 3723 782">
     <span class='ocr_line' id='line_1_19' title="bbox 2143 712 3723 782; baseline -0.001 -12"><span class='ocrx_word' id='word_1_150' title='bbox 2143 713 2461 770; x_wconf 86' lang='lat' dir='ltr'><strong>adversariis</strong></span> <span class='ocrx_word' id='word_1_151' title='bbox 2481 712 2821 782; x_wconf 86' lang='lat' dir='ltr'><strong>precabatur,</strong></span> <span class='ocrx_word' id='word_1_152' title='bbox 2842 726 2939 781; x_wconf 90' lang='lat' dir='ltr'><strong>per</strong></span> <span class='ocrx_word' id='word_1_153' title='bbox 2958 712 3312 767; x_wconf 88' lang='lat' dir='ltr'><strong>instrumenta</strong></span> <span class='ocrx_word' id='word_1_154' title='bbox 3328 722 3554 769; x_wconf 69' lang='lat' dir='ltr'><strong>terrena:</strong></span> <span class='ocrx_word' id='word_1_155' title='bbox 3575 714 3723 770; x_wconf 85' lang='lat' dir='ltr'><strong>istius</strong></span> 
     </span>
    </p>
   </div>
   <div class='ocr_carea' id='block_1_20' title="bbox 2143 803 3723 875">
    <p class='ocr_par' dir='ltr' id='par_1_20' title="bbox 2143 803 3723 875">
     <span class='ocr_line' id='line_1_20' title="bbox 2143 803 3723 875; baseline 0.001 -15"><span class='ocrx_word' id='word_1_156' title='bbox 2143 806 2359 861; x_wconf 89' lang='lat' dir='ltr'><strong>ultionis</strong></span> <span class='ocrx_word' id='word_1_157' title='bbox 2388 804 2492 857; x_wconf 89' lang='lat' dir='ltr'><strong>vim</strong></span> <span class='ocrx_word' id='word_1_158' title='bbox 2521 803 2713 858; x_wconf 78' lang='lat' dir='ltr'><strong>divina:</strong></span> <span class='ocrx_word' id='word_1_159' title='bbox 2741 803 3221 859; x_wconf 86' lang='lat' dir='ltr'><strong>animadversionis</strong></span> <span class='ocrx_word' id='word_1_160' title='bbox 3248 808 3527 875; x_wconf 82' lang='lat' dir='ltr'><strong>expressit.</strong></span> <span class='ocrx_word' id='word_1_161' title='bbox 3562 807 3723 862; x_wconf 85' lang='lat' dir='ltr'><strong>Deni-</strong></span> 
     </span>
    </p>
   </div>
   <div class='ocr_carea' id='block_1_21' title="bbox 2142 894 3725 964">
    <p class='ocr_par' dir='ltr' id='par_1_21' title="bbox 2142 894 3725 964">
     <span class='ocr_line' id='line_1_21' title="bbox 2142 894 3725 964; baseline 0.002 -15"><span class='ocrx_word' id='word_1_162' title='bbox 2142 911 2248 964; x_wconf 90' lang='lat' dir='ltr'><strong>que</strong></span> <span class='ocrx_word' id='word_1_163' title='bbox 2281 895 2408 949; x_wconf 89' lang='lat' dir='ltr'><strong>alibi</strong></span> <span class='ocrx_word' id='word_1_164' title='bbox 2434 894 2701 963; x_wconf 85' lang='lat' dir='ltr'><strong>propheta</strong></span> <span class='ocrx_word' id='word_1_165' title='bbox 2738 894 2879 949; x_wconf 88' lang='lat' dir='ltr'><strong>idem</strong></span> <span class='ocrx_word' id='word_1_166' title='bbox 2907 894 3037 963; x_wconf 90' lang='lat' dir='ltr'><strong>quid</strong></span> <span class='ocrx_word' id='word_1_167' title='bbox 3064 896 3205 949; x_wconf 91' lang='lat' dir='ltr'><strong>inter</strong></span> <span class='ocrx_word' id='word_1_168' title='bbox 3230 912 3463 964; x_wconf 82' lang='lat' dir='ltr'><strong>praesens</strong></span> <span class='ocrx_word' id='word_1_169' title='bbox 3504 906 3559 953; x_wconf 89' lang='lat' dir='ltr'><strong>et</strong></span> <span class='ocrx_word' id='word_1_170' title='bbox 3588 897 3725 952; x_wconf 89' lang='lat' dir='ltr'><strong>futu-</strong></span> 
     </span>
    </p>
   </div>
   <div class='ocr_carea' id='block_1_22' title="bbox 2143 984 3724 1055">
    <p class='ocr_par' dir='ltr' id='par_1_22' title="bbox 2143 984 3724 1055">
     <span class='ocr_line' id='line_1_22' title="bbox 2143 984 3724 1055; baseline 0 -11"><span class='ocrx_word' id='word_1_171' title='bbox 2143 1002 2263 1044; x_wconf 84' lang='lat' dir='ltr'><strong>rum</strong></span> <span class='ocrx_word' id='word_1_172' title='bbox 2287 985 2549 1055; x_wconf 85' lang='lat' dir='ltr'><strong>judicium</strong></span> <span class='ocrx_word' id='word_1_173' title='bbox 2577 985 2674 1039; x_wconf 89' lang='lat' dir='ltr'><strong>Dei</strong></span> <span class='ocrx_word' id='word_1_174' title='bbox 2702 992 2846 1040; x_wconf 89' lang='lat' dir='ltr'><strong>esset</strong></span> <span class='ocrx_word' id='word_1_175' title='bbox 2874 985 3128 1041; x_wconf 84' lang='lat' dir='ltr'><strong>ostendit.</strong></span> <span class='ocrx_word' id='word_1_176' title='bbox 3162 984 3298 1052; x_wconf 83' lang='lat' dir='ltr'><strong>Quid</strong></span> <span class='ocrx_word' id='word_1_177' title='bbox 3328 989 3472 1042; x_wconf 88' lang='lat' dir='ltr'><strong>enim</strong></span> <span class='ocrx_word' id='word_1_178' title='bbox 3501 989 3569 1044; x_wconf 90' lang='lat' dir='ltr'><strong>de</strong></span> <span class='ocrx_word' id='word_1_179' title='bbox 3597 1005 3724 1044; x_wconf 88' lang='lat' dir='ltr'><strong>cen-</strong></span> 
     </span>
    </p>
   </div>
   <div class='ocr_carea' id='block_1_23' title="bbox 2144 1076 3728 1148">
    <p class='ocr_par' dir='ltr' id='par_1_23' title="bbox 2144 1076 3728 1148">
     <span class='ocr_line' id='line_1_23' title="bbox 2144 1076 3728 1148; baseline 0 -14"><span class='ocrx_word' id='word_1_180' title='bbox 2144 1093 2268 1134; x_wconf 84' lang='lat' dir='ltr'><strong>sura</strong></span> <span class='ocrx_word' id='word_1_181' title='bbox 2297 1077 2573 1148; x_wconf 74' lang='lat' dir='ltr'><strong>pr-msentis</strong></span> <span class='ocrx_word' id='word_1_182' title='bbox 2593 1077 2854 1133; x_wconf 84' lang='lat' dir='ltr'><strong>examinis</strong></span> <span class='ocrx_word' id='word_1_183' title='bbox 2875 1076 3005 1131; x_wconf 87' lang='lat' dir='ltr'><strong>dicit</strong></span> <span class='ocrx_word' id='word_1_184' title='bbox 3033 1077 3099 1131; x_wconf 91' lang='lat' dir='ltr'><strong>ad</strong></span> <span class='ocrx_word' id='word_1_185' title='bbox 3121 1077 3438 1132; x_wconf 89' lang='lat' dir='ltr'><strong>Dominum?</strong></span> <span class='ocrx_word' id='word_1_186' title='bbox 3461 1079 3623 1134; x_wconf 84' lang='lat' dir='ltr'><strong>Sedes</strong></span> <span class='ocrx_word' id='word_1_187' title='bbox 3644 1098 3728 1134; x_wconf 79' lang='lat' dir='ltr'><strong>su-</strong></span> 
     </span>
    </p>
   </div>
   <div class='ocr_carea' id='block_1_24' title="bbox 2143 1167 3726 1246">
    <p class='ocr_par' dir='ltr' id='par_1_24' title="bbox 2143 1167 3726 1246">
     <span class='ocr_line' id='line_1_24' title="bbox 2143 1167 3726 1246; baseline 0.003 -24"><span class='ocrx_word' id='word_1_188' title='bbox 2143 1186 2233 1240; x_wconf 79' lang='lat' dir='ltr'><strong>per</strong></span> <span class='ocrx_word' id='word_1_189' title='bbox 2253 1170 2491 1246; x_wconf 66' lang='lat' dir='ltr'><strong>thronum</strong></span> <span class='ocrx_word' id='word_1_190' title='bbox 2510 1169 2595 1239; x_wconf 82' lang='lat' dir='ltr'><strong>qui</strong></span> <span class='ocrx_word' id='word_1_191' title='bbox 2609 1167 2817 1237; x_wconf 68' lang='lat' dir='ltr'><strong>judico:</strong></span> <span class='ocrx_word' id='word_1_192' title='bbox 2858 1168 3150 1237; x_wconf 64' lang='lat' dir='ltr'><strong>aequitatem</strong></span> <span class='ocrx_word' id='word_1_193' title='bbox 3179 1167 3349 1239; x_wconf 81' lang='lat' dir='ltr'><strong>(Psal.</strong></span> <span class='ocrx_word' id='word_1_194' title='bbox 3384 1186 3455 1232; x_wconf 76' lang='lat' dir='ltr'><strong>ix,</strong></span> <span class='ocrx_word' id='word_1_195' title='bbox 3484 1168 3557 1241; x_wconf 83' lang='lat'><strong>5).</strong></span> <span class='ocrx_word' id='word_1_196' title='bbox 3592 1170 3726 1235; x_wconf 85' lang='lat' dir='ltr'><strong>Quid</strong></span> 
     </span>
    </p>
   </div>
   <div class='ocr_carea' id='block_1_25' title="bbox 2144 1258 3724 1329">
    <p class='ocr_par' dir='ltr' id='par_1_25' title="bbox 2144 1258 3724 1329">
     <span class='ocr_line' id='line_1_25' title="bbox 2144 1258 3724 1329; baseline 0.001 -16"><span class='ocrx_word' id='word_1_197' title='bbox 2144 1268 2323 1314; x_wconf 91' lang='lat' dir='ltr'><strong>autem</strong></span> <span class='ocrx_word' id='word_1_198' title='bbox 2367 1259 2435 1312; x_wconf 83' lang='lat' dir='ltr'><strong>de</strong></span> <span class='ocrx_word' id='word_1_199' title='bbox 2476 1258 2655 1313; x_wconf 87' lang='lat' dir='ltr'><strong>futuro</strong></span> <span class='ocrx_word' id='word_1_200' title='bbox 2685 1259 2782 1313; x_wconf 89' lang='lat' dir='ltr'><strong>Dei</strong></span> <span class='ocrx_word' id='word_1_201' title='bbox 2825 1266 3135 1327; x_wconf 73' lang='lat' dir='ltr'><strong>mtcrnoque</strong></span> <span class='ocrx_word' id='word_1_202' title='bbox 3158 1258 3400 1327; x_wconf 88' lang='lat' dir='ltr'><strong>judicio?</strong></span> <span class='ocrx_word' id='word_1_203' title='bbox 3445 1261 3724 1329; x_wconf 84' lang='lat' dir='ltr'><strong>Judicabit,</strong></span> 
     </span>
    </p>
   </div>
   <div class='ocr_carea' id='block_1_26' title="bbox 2145 1349 3726 1422">
    <p class='ocr_par' dir='ltr' id='par_1_26' title="bbox 2145 1349 3726 1422">
     <span class='ocr_line' id='line_1_26' title="bbox 2145 1349 3726 1422; baseline 0.003 -19"><span class='ocrx_word' id='word_1_204' title='bbox 2145 1351 2336 1418; x_wconf 90' lang='lat' dir='ltr'><strong>inquit,</strong></span> <span class='ocrx_word' id='word_1_205' title='bbox 2359 1351 2525 1403; x_wconf 87' lang='lat' dir='ltr'><strong>orbem</strong></span> <span class='ocrx_word' id='word_1_206' title='bbox 2557 1359 2706 1403; x_wconf 79' lang='lat' dir='ltr'><strong>terra:</strong></span> <span class='ocrx_word' id='word_1_207' title='bbox 2729 1350 2783 1403; x_wconf 88' lang='lat' dir='ltr'><strong>in</strong></span> <span class='ocrx_word' id='word_1_208' title='bbox 2804 1351 3044 1420; x_wconf 74' lang='lat' dir='ltr'><strong>wquitate</strong></span> <span class='ocrx_word' id='word_1_209' title='bbox 3065 1349 3237 1419; x_wconf 80' lang='lat' dir='ltr'><strong>(Psal.</strong></span> <span class='ocrx_word' id='word_1_210' title='bbox 3261 1368 3379 1417; x_wconf 78' lang='lat' dir='ltr'><strong>xcv,</strong></span> <span class='ocrx_word' id='word_1_211' title='bbox 3406 1352 3515 1422; x_wconf 77' lang='grc'><strong>15).</strong></span> <span class='ocrx_word' id='word_1_212' title='bbox 3542 1352 3606 1407; x_wconf 84' lang='grc' dir='ltr'><strong>Ει</strong></span> <span class='ocrx_word' id='word_1_213' title='bbox 3626 1354 3726 1408; x_wconf 84' lang='lat' dir='ltr'><strong>ite-</strong></span> 
     </span>
    </p>
   </div>
   <div class='ocr_carea' id='block_1_27' title="bbox 2143 1439 3726 1511">
    <p class='ocr_par' dir='ltr' id='par_1_27' title="bbox 2143 1439 3726 1511">
     <span class='ocr_line' id='line_1_27' title="bbox 2143 1439 3726 1511; baseline 0.003 -16"><span class='ocrx_word' id='word_1_214' title='bbox 2143 1456 2264 1495; x_wconf 86' lang='lat' dir='ltr'><strong>rum</strong></span> <span class='ocrx_word' id='word_1_215' title='bbox 2296 1459 2309 1493; x_wconf 88' lang='lat'><strong>:</strong></span> <span class='ocrx_word' id='word_1_216' title='bbox 2333 1439 2595 1494; x_wconf 82' lang='lat' dir='ltr'><strong>Judicabit</strong></span> <span class='ocrx_word' id='word_1_217' title='bbox 2616 1440 2830 1511; x_wconf 81' lang='lat' dir='ltr'><strong>populos</strong></span> <span class='ocrx_word' id='word_1_218' title='bbox 2855 1457 2971 1493; x_wconf 87' lang='lat' dir='ltr'><strong>cum</strong></span> <span class='ocrx_word' id='word_1_219' title='bbox 2992 1441 3216 1511; x_wconf 80' lang='lat' dir='ltr'><strong>justitia.</strong></span> <span class='ocrx_word' id='word_1_220' title='bbox 3241 1441 3375 1510; x_wconf 80' lang='lat' dir='ltr'><strong>Ipsis</strong></span> <span class='ocrx_word' id='word_1_221' title='bbox 3394 1444 3598 1498; x_wconf 89' lang='lat' dir='ltr'><strong>scilicet</strong></span> <span class='ocrx_word' id='word_1_222' title='bbox 3617 1460 3726 1498; x_wconf 82' lang='lat' dir='ltr'><strong>ver-</strong></span> 
     </span>
    </p>
   </div>
   <div class='ocr_carea' id='block_1_28' title="bbox 2145 1529 3726 1601">
    <p class='ocr_par' dir='ltr' id='par_1_28' title="bbox 2145 1529 3726 1601">
     <span class='ocr_line' id='line_1_28' title="bbox 2145 1529 3726 1601; baseline 0.001 -15"><span class='ocrx_word' id='word_1_223' title='bbox 2145 1533 2228 1587; x_wconf 82' lang='lat' dir='ltr'><strong>bis</strong></span> <span class='ocrx_word' id='word_1_224' title='bbox 2256 1531 2532 1601; x_wconf 43' lang='lat' dir='ltr'><strong>praesentis</strong></span> <span class='ocrx_word' id='word_1_225' title='bbox 2562 1531 2817 1600; x_wconf 91' lang='lat' dir='ltr'><strong>temporis</strong></span> <span class='ocrx_word' id='word_1_226' title='bbox 2845 1540 2899 1584; x_wconf 91' lang='lat' dir='ltr'><strong>et</strong></span> <span class='ocrx_word' id='word_1_227' title='bbox 2918 1529 3078 1584; x_wconf 85' lang='lat' dir='ltr'><strong>futuri</strong></span> <span class='ocrx_word' id='word_1_228' title='bbox 3103 1539 3312 1600; x_wconf 89' lang='lat' dir='ltr'><strong>tempus</strong></span> <span class='ocrx_word' id='word_1_229' title='bbox 3330 1532 3513 1600; x_wconf 88' lang='lat' dir='ltr'><strong>judicii</strong></span> <span class='ocrx_word' id='word_1_230' title='bbox 3537 1534 3726 1587; x_wconf 80' lang='lat' dir='ltr'><strong>utrius-</strong></span> 
     </span>
    </p>
   </div>
   <div class='ocr_carea' id='block_1_29' title="bbox 2144 1620 3726 1691">
    <p class='ocr_par' dir='ltr' id='par_1_29' title="bbox 2144 1620 3726 1691">
     <span class='ocr_line' id='line_1_29' title="bbox 2144 1620 3726 1691; baseline 0.001 -15"><span class='ocrx_word' id='word_1_231' title='bbox 2144 1637 2248 1691; x_wconf 89' lang='lat' dir='ltr'><strong>que</strong></span> <span class='ocrx_word' id='word_1_232' title='bbox 2277 1622 2533 1677; x_wconf 85' lang='lat' dir='ltr'><strong>distinxit.</strong></span> <span class='ocrx_word' id='word_1_233' title='bbox 2578 1620 2644 1675; x_wconf 90' lang='lat' dir='ltr'><strong>Ut</strong></span> <span class='ocrx_word' id='word_1_234' title='bbox 2673 1622 2814 1674; x_wconf 86' lang='lat' dir='ltr'><strong>enim</strong></span> <span class='ocrx_word' id='word_1_235' title='bbox 2844 1636 3081 1690; x_wconf 72' lang='lat' dir='ltr'><strong>prmsens</strong></span> <span class='ocrx_word' id='word_1_236' title='bbox 3101 1621 3363 1689; x_wconf 91' lang='lat' dir='ltr'><strong>judicium</strong></span> <span class='ocrx_word' id='word_1_237' title='bbox 3401 1624 3726 1689; x_wconf 88' lang='lat' dir='ltr'><strong>ostenderet,</strong></span> 
     </span>
    </p>
   </div>
   <div class='ocr_carea' id='block_1_30' title="bbox 2144 1709 3727 1783">
    <p class='ocr_par' dir='ltr' id='par_1_30' title="bbox 2144 1709 3727 1783">
     <span class='ocr_line' id='line_1_30' title="bbox 2144 1709 3727 1783; baseline 0.003 -18"><span class='ocrx_word' id='word_1_238' title='bbox 2144 1711 2359 1766; x_wconf 78' lang='lat' dir='ltr'><strong>Judicas</strong></span> <span class='ocrx_word' id='word_1_239' title='bbox 2389 1712 2586 1781; x_wconf 86' lang='lat' dir='ltr'><strong>posuit.</strong></span> <span class='ocrx_word' id='word_1_240' title='bbox 2614 1709 2682 1764; x_wconf 89' lang='lat' dir='ltr'><strong>Ut</strong></span> <span class='ocrx_word' id='word_1_241' title='bbox 2701 1718 2879 1765; x_wconf 89' lang='lat' dir='ltr'><strong>autem</strong></span> <span class='ocrx_word' id='word_1_242' title='bbox 2908 1709 3144 1765; x_wconf 83' lang='lat' dir='ltr'><strong>futurum</strong></span> <span class='ocrx_word' id='word_1_243' title='bbox 3176 1711 3526 1781; x_wconf 82' lang='lat' dir='ltr'><strong>distingueret</strong></span> <span class='ocrx_word' id='word_1_244' title='bbox 3546 1730 3574 1767; x_wconf 90' lang='lat' dir='ltr'><strong>a</strong></span> <span class='ocrx_word' id='word_1_245' title='bbox 3596 1730 3727 1783; x_wconf 77' lang='lat' dir='ltr'><strong>prae-</strong></span> 
     </span>
    </p>
   </div>
   <div class='ocr_carea' id='block_1_31' title="bbox 460 1800 3728 1875">
    <p class='ocr_par' dir='ltr' id='par_1_31' title="bbox 460 1800 3728 1875">
     <span class='ocr_line' id='line_1_31' title="bbox 460 1800 3728 1875; baseline 0 -16"><span class='ocrx_word' id='word_1_246' title='bbox 460 1814 628 1860; x_wconf 77' lang='lat' dir='ltr'><strong>centes</strong></span> <span class='ocrx_word' id='word_1_247' title='bbox 648 1821 746 1870; x_wconf 85' lang='lat' dir='ltr'><strong>me,</strong></span> <span class='ocrx_word' id='word_1_248' title='bbox 776 1821 1023 1875; x_wconf 23' lang='lat' dir='ltr'><strong>expugna,</strong></span> <span class='ocrx_word' id='word_1_249' title='bbox 1042 1806 1397 1875; x_wconf 82' lang='lat' dir='ltr'><strong>impugnantes</strong></span> <span class='ocrx_word' id='word_1_250' title='bbox 1426 1820 1522 1864; x_wconf 83' lang='lat' dir='ltr'><strong>me.</strong></span> <span class='ocrx_word' id='word_1_251' title='bbox 1547 1805 1883 1875; x_wconf 79' lang='lat' dir='ltr'><strong>Apprehende</strong></span> <span class='ocrx_word' id='word_1_252' title='bbox 1901 1821 2048 1859; x_wconf 89' lang='lat' dir='ltr'><strong>arma</strong></span> <span class='ocrx_word' id='word_1_253' title='bbox 2081 1800 2123 1858; x_wconf 84' lang='grc' dir='ltr'><strong><em>Β</em></strong></span> <span class='ocrx_word' id='word_1_254' title='bbox 2151 1805 2310 1866; x_wconf 88' lang='lat' dir='ltr'><strong>senti,</strong></span> <span class='ocrx_word' id='word_1_255' title='bbox 2359 1803 2585 1871; x_wconf 84' lang='lat' dir='ltr'><strong>subjecit</strong></span> <span class='ocrx_word' id='word_1_256' title='bbox 2625 1810 2811 1872; x_wconf 88' lang='lat' dir='ltr'><strong>postea</strong></span> <span class='ocrx_word' id='word_1_257' title='bbox 2851 1800 3135 1856; x_wconf 81' lang='lat' dir='ltr'><strong>Judicabil.</strong></span> <span class='ocrx_word' id='word_1_258' title='bbox 3168 1802 3291 1857; x_wconf 64' lang='lat' dir='ltr'><strong>Ilaec</strong></span> <span class='ocrx_word' id='word_1_259' title='bbox 3322 1804 3483 1872; x_wconf 82' lang='lat' dir='ltr'><strong>igitur</strong></span> <span class='ocrx_word' id='word_1_260' title='bbox 3509 1805 3576 1859; x_wconf 90' lang='lat' dir='ltr'><strong>de</strong></span> <span class='ocrx_word' id='word_1_261' title='bbox 3602 1821 3728 1860; x_wconf 82' lang='lat' dir='ltr'><strong>cura</strong></span> 
     </span>
    </p>
   </div>
   <div class='ocr_carea' id='block_1_32' title="bbox 466 1894 2044 1966">
    <p class='ocr_par' dir='ltr' id='par_1_32' title="bbox 466 1894 2044 1966">
     <span class='ocr_line' id='line_1_32' title="bbox 466 1894 2044 1966; baseline 0.002 -18"><span class='ocrx_word' id='word_1_262' title='bbox 466 1905 518 1949; x_wconf 86' lang='lat' dir='ltr'><strong>et</strong></span> <span class='ocrx_word' id='word_1_263' title='bbox 543 1907 760 1957; x_wconf 81' lang='lat' dir='ltr'><strong>scutum,</strong></span> <span class='ocrx_word' id='word_1_264' title='bbox 787 1905 836 1951; x_wconf 87' lang='lat' dir='ltr'><strong>et</strong></span> <span class='ocrx_word' id='word_1_265' title='bbox 860 1897 1152 1966; x_wconf 72' lang='lat' dir='ltr'><strong>exsurgein</strong></span> <span class='ocrx_word' id='word_1_266' title='bbox 1180 1896 1494 1966; x_wconf 84' lang='lat' dir='ltr'><strong>adjutorium</strong></span> <span class='ocrx_word' id='word_1_267' title='bbox 1513 1894 1638 1949; x_wconf 83' lang='lat' dir='ltr'><strong>mihi</strong></span> <span class='ocrx_word' id='word_1_268' title='bbox 1661 1895 1828 1966; x_wconf 82' lang='lat' dir='ltr'><strong>(Psal.</strong></span> <span class='ocrx_word' id='word_1_269' title='bbox 1864 1913 2044 1959; x_wconf 75' lang='lat' dir='ltr'><strong>xxxrv,</strong></span> 
     </span>
    </p>
   </div>
   <div class='ocr_carea' id='block_1_33' title="bbox 465 1984 2048 2055">
    <p class='ocr_par' dir='ltr' id='par_1_33' title="bbox 465 1984 2048 2055">
     <span class='ocr_line' id='line_1_33' title="bbox 465 1984 2048 2055; baseline 0.001 -16"><span class='ocrx_word' id='word_1_270' title='bbox 465 1986 518 2052; x_wconf 88' lang='lat' dir='ltr'><strong>I,</strong></span> <span class='ocrx_word' id='word_1_271' title='bbox 548 1985 624 2054; x_wconf 68' lang='lat'><strong>9).</strong></span> <span class='ocrx_word' id='word_1_272' title='bbox 658 1985 821 2043; x_wconf 78' lang='lat' dir='ltr'><strong>Vides</strong></span> <span class='ocrx_word' id='word_1_273' title='bbox 849 1987 1011 2055; x_wconf 88' lang='lat' dir='ltr'><strong>etiam</strong></span> <span class='ocrx_word' id='word_1_274' title='bbox 1056 1986 1160 2040; x_wconf 89' lang='lat' dir='ltr'><strong>hoc</strong></span> <span class='ocrx_word' id='word_1_275' title='bbox 1185 1985 1305 2040; x_wconf 87' lang='lat' dir='ltr'><strong>loco</strong></span> <span class='ocrx_word' id='word_1_276' title='bbox 1335 2000 1440 2040; x_wconf 89' lang='lat' dir='ltr'><strong>non</strong></span> <span class='ocrx_word' id='word_1_277' title='bbox 1472 1984 1634 2040; x_wconf 85' lang='lat' dir='ltr'><strong>futuri</strong></span> <span class='ocrx_word' id='word_1_278' title='bbox 1674 1986 1934 2040; x_wconf 77' lang='lat' dir='ltr'><strong>examinis</strong></span> <span class='ocrx_word' id='word_1_279' title='bbox 1959 2001 2048 2041; x_wconf 88' lang='lat' dir='ltr'><strong>se-</strong></span> 
     </span>
    </p>
   </div>
   <div class='ocr_carea' id='block_1_34' title="bbox 464 2076 2045 2146">
    <p class='ocr_par' dir='ltr' id='par_1_34' title="bbox 464 2076 2045 2146">
     <span class='ocr_line' id='line_1_34' title="bbox 464 2076 2045 2146; baseline 0.001 -15"><span class='ocrx_word' id='word_1_280' title='bbox 464 2078 770 2142; x_wconf 77' lang='lat' dir='ltr'><strong>veritatem,</strong></span> <span class='ocrx_word' id='word_1_281' title='bbox 800 2077 894 2133; x_wconf 87' lang='lat' dir='ltr'><strong>sed</strong></span> <span class='ocrx_word' id='word_1_282' title='bbox 923 2091 1205 2136; x_wconf 85' lang='lat' dir='ltr'><strong>censuram</strong></span> <span class='ocrx_word' id='word_1_283' title='bbox 1232 2076 1509 2145; x_wconf 64' lang='lat' dir='ltr'><strong>praesentis</strong></span> <span class='ocrx_word' id='word_1_284' title='bbox 1541 2077 1724 2145; x_wconf 90' lang='lat' dir='ltr'><strong>judicii</strong></span> <span class='ocrx_word' id='word_1_285' title='bbox 1770 2077 2045 2146; x_wconf 89' lang='lat' dir='ltr'><strong>postulari.</strong></span> 
     </span>
    </p>
   </div>
   <div class='ocr_carea' id='block_1_35' title="bbox 463 2167 2049 2238">
    <p class='ocr_par' dir='ltr' id='par_1_35' title="bbox 463 2167 2049 2238">
     <span class='ocr_line' id='line_1_35' title="bbox 463 2167 2049 2238; baseline -0.001 -17"><span class='ocrx_word' id='word_1_286' title='bbox 463 2167 581 2223; x_wconf 83' lang='lat' dir='ltr'><strong>Hoc</strong></span> <span class='ocrx_word' id='word_1_287' title='bbox 608 2176 691 2223; x_wconf 87' lang='lat' dir='ltr'><strong>est</strong></span> <span class='ocrx_word' id='word_1_288' title='bbox 728 2168 868 2229; x_wconf 84' lang='lat' dir='ltr'><strong>enim</strong></span> <span class='ocrx_word' id='word_1_289' title='bbox 896 2167 1027 2231; x_wconf 82' lang='lat' dir='ltr'><strong>illud</strong></span> <span class='ocrx_word' id='word_1_290' title='bbox 1055 2167 1201 2236; x_wconf 88' lang='lat' dir='ltr'><strong>quod</strong></span> <span class='ocrx_word' id='word_1_291' title='bbox 1228 2167 1303 2220; x_wconf 87' lang='lat' dir='ltr'><strong>ait</strong></span> <span class='ocrx_word' id='word_1_292' title='bbox 1335 2184 1348 2219; x_wconf 86' lang='lat'><strong>:</strong></span> <span class='ocrx_word' id='word_1_293' title='bbox 1390 2167 1728 2238; x_wconf 73' lang='lat' dir='ltr'><strong>Appreliende</strong></span> <span class='ocrx_word' id='word_1_294' title='bbox 1747 2177 1964 2232; x_wconf 77' lang='lat' dir='ltr'><strong>scutum,</strong></span> <span class='ocrx_word' id='word_1_295' title='bbox 2000 2177 2049 2221; x_wconf 83' lang='lat' dir='ltr'><strong>et</strong></span> 
     </span>
    </p>
   </div>
   <div class='ocr_carea' id='block_1_36' title="bbox 462 2258 2050 2330">
    <p class='ocr_par' dir='ltr' id='par_1_36' title="bbox 462 2258 2050 2330">
     <span class='ocr_line' id='line_1_36' title="bbox 462 2258 2050 2330; baseline 0.001 -19"><span class='ocrx_word' id='word_1_296' title='bbox 462 2259 634 2330; x_wconf 82' lang='lat' dir='ltr'><strong>arripe</strong></span> <span class='ocrx_word' id='word_1_297' title='bbox 653 2258 910 2330; x_wconf 83' lang='lat' dir='ltr'><strong>gladium;</strong></span> <span class='ocrx_word' id='word_1_298' title='bbox 932 2266 1140 2314; x_wconf 86' lang='lat' dir='ltr'><strong>scutum</strong></span> <span class='ocrx_word' id='word_1_299' title='bbox 1178 2258 1381 2317; x_wconf 87' lang='lat' dir='ltr'><strong>scilicet</strong></span> <span class='ocrx_word' id='word_1_300' title='bbox 1408 2259 1472 2317; x_wconf 84' lang='lat' dir='ltr'><strong>ad</strong></span> <span class='ocrx_word' id='word_1_301' title='bbox 1503 2260 1911 2328; x_wconf 87' lang='lat' dir='ltr'><strong>protectionem,</strong></span> <span class='ocrx_word' id='word_1_302' title='bbox 1943 2261 2050 2327; x_wconf 88' lang='lat' dir='ltr'><strong>gla-</strong></span> 
     </span>
    </p>
   </div>
   <div class='ocr_carea' id='block_1_37' title="bbox 461 2348 2047 2419">
    <p class='ocr_par' dir='ltr' id='par_1_37' title="bbox 461 2348 2047 2419">
     <span class='ocr_line' id='line_1_37' title="bbox 461 2348 2047 2419; baseline 0.001 -16"><span class='ocrx_word' id='word_1_303' title='bbox 461 2348 608 2403; x_wconf 88' lang='lat' dir='ltr'><strong>dium</strong></span> <span class='ocrx_word' id='word_1_304' title='bbox 629 2350 696 2404; x_wconf 87' lang='lat' dir='ltr'><strong>ad</strong></span> <span class='ocrx_word' id='word_1_305' title='bbox 722 2350 977 2413; x_wconf 85' lang='lat' dir='ltr'><strong>ultionem</strong></span> <span class='ocrx_word' id='word_1_306' title='bbox 1004 2367 1017 2402; x_wconf 88' lang='lat'><strong>:</strong></span> <span class='ocrx_word' id='word_1_307' title='bbox 1058 2365 1163 2403; x_wconf 88' lang='lat' dir='ltr'><strong>non</strong></span> <span class='ocrx_word' id='word_1_308' title='bbox 1194 2350 1317 2417; x_wconf 86' lang='lat' dir='ltr'><strong>quia</strong></span> <span class='ocrx_word' id='word_1_309' title='bbox 1350 2349 1451 2403; x_wconf 90' lang='lat' dir='ltr'><strong>hoc</strong></span> <span class='ocrx_word' id='word_1_310' title='bbox 1465 2350 1709 2417; x_wconf 87' lang='lat' dir='ltr'><strong>judicans</strong></span> <span class='ocrx_word' id='word_1_311' title='bbox 1734 2350 1872 2406; x_wconf 87' lang='lat' dir='ltr'><strong>Deus</strong></span> <span class='ocrx_word' id='word_1_312' title='bbox 1892 2359 2047 2419; x_wconf 77' lang='lat' dir='ltr'><strong>egeat</strong></span> 
     </span>
    </p>
   </div>
   <div class='ocr_carea' id='block_1_38' title="bbox 462 2440 2041 2510">
    <p class='ocr_par' dir='ltr' id='par_1_38' title="bbox 462 2440 2041 2510">
     <span class='ocr_line' id='line_1_38' title="bbox 462 2440 2041 2510; baseline 0.004 -18"><span class='ocrx_word' id='word_1_313' title='bbox 462 2450 740 2510; x_wconf 89' lang='lat' dir='ltr'><strong>apparatu,</strong></span> <span class='ocrx_word' id='word_1_314' title='bbox 771 2441 865 2497; x_wconf 87' lang='lat' dir='ltr'><strong>sed</strong></span> <span class='ocrx_word' id='word_1_315' title='bbox 884 2441 1010 2508; x_wconf 87' lang='lat' dir='ltr'><strong>quia</strong></span> <span class='ocrx_word' id='word_1_316' title='bbox 1049 2440 1101 2494; x_wconf 90' lang='lat' dir='ltr'><strong>in</strong></span> <span class='ocrx_word' id='word_1_317' title='bbox 1123 2441 1226 2496; x_wconf 89' lang='lat' dir='ltr'><strong>hoc</strong></span> <span class='ocrx_word' id='word_1_318' title='bbox 1245 2441 1439 2496; x_wconf 64' lang='lat' dir='ltr'><strong>saeculo</strong></span> <span class='ocrx_word' id='word_1_319' title='bbox 1469 2442 1583 2501; x_wconf 65' lang='lat' dir='ltr'><strong>hinc</strong></span> <span class='ocrx_word' id='word_1_320' title='bbox 1611 2443 1925 2499; x_wconf 83' lang='lat' dir='ltr'><strong>terribilium</strong></span> <span class='ocrx_word' id='word_1_321' title='bbox 1954 2459 2041 2499; x_wconf 84' lang='lat' dir='ltr'><strong>re-</strong></span> 
     </span>
    </p>
   </div>
   <div class='ocr_carea' id='block_1_39' title="bbox 2149 1892 3727 1963">
    <p class='ocr_par' dir='ltr' id='par_1_39' title="bbox 2149 1892 3727 1963">
     <span class='ocr_line' id='line_1_39' title="bbox 2149 1892 3727 1963; baseline 0.001 -14"><span class='ocrx_word' id='word_1_322' title='bbox 2149 1908 2272 1963; x_wconf 88' lang='lat' dir='ltr'><strong>erga</strong></span> <span class='ocrx_word' id='word_1_323' title='bbox 2295 1910 2393 1950; x_wconf 92' lang='lat' dir='ltr'><strong>nos</strong></span> <span class='ocrx_word' id='word_1_324' title='bbox 2420 1894 2514 1947; x_wconf 91' lang='lat' dir='ltr'><strong>Dei</strong></span> <span class='ocrx_word' id='word_1_325' title='bbox 2536 1900 2590 1948; x_wconf 89' lang='lat' dir='ltr'><strong>et</strong></span> <span class='ocrx_word' id='word_1_326' title='bbox 2615 1893 2974 1961; x_wconf 88' lang='lat' dir='ltr'><strong>gubernaculo</strong></span> <span class='ocrx_word' id='word_1_327' title='bbox 2999 1901 3053 1949; x_wconf 89' lang='lat' dir='ltr'><strong>et</strong></span> <span class='ocrx_word' id='word_1_328' title='bbox 3069 1892 3291 1963; x_wconf 91' lang='lat' dir='ltr'><strong>judicio,</strong></span> <span class='ocrx_word' id='word_1_329' title='bbox 3306 1897 3533 1959; x_wconf 88' lang='lat' dir='ltr'><strong>ratione,</strong></span> <span class='ocrx_word' id='word_1_330' title='bbox 3549 1913 3727 1951; x_wconf 79' lang='lat' dir='ltr'><strong>exem-</strong></span> 
     </span>
    </p>
   </div>
   <div class='ocr_carea' id='block_1_40' title="bbox 2149 1983 3730 2055">
    <p class='ocr_par' dir='ltr' id='par_1_40' title="bbox 2149 1983 3730 2055">
     <span class='ocr_line' id='line_1_40' title="bbox 2149 1983 3730 2055; baseline 0.002 -17"><span class='ocrx_word' id='word_1_331' title='bbox 2149 1984 2270 2053; x_wconf 83' lang='lat' dir='ltr'><strong>plis,</strong></span> <span class='ocrx_word' id='word_1_332' title='bbox 2291 1983 2606 2038; x_wconf 86' lang='lat' dir='ltr'><strong>testimoniis</strong></span> <span class='ocrx_word' id='word_1_333' title='bbox 2633 1983 2886 2052; x_wconf 85' lang='lat' dir='ltr'><strong>probasse</strong></span> <span class='ocrx_word' id='word_1_334' title='bbox 2899 1983 3031 2039; x_wconf 88' lang='lat' dir='ltr'><strong>satis</strong></span> <span class='ocrx_word' id='word_1_335' title='bbox 3050 1992 3149 2049; x_wconf 90' lang='lat' dir='ltr'><strong>est,</strong></span> <span class='ocrx_word' id='word_1_336' title='bbox 3175 1986 3407 2040; x_wconf 79' lang='lat' dir='ltr'><strong>maxime</strong></span> <span class='ocrx_word' id='word_1_337' title='bbox 3425 1988 3549 2055; x_wconf 88' lang='lat' dir='ltr'><strong>quia</strong></span> <span class='ocrx_word' id='word_1_338' title='bbox 3568 1988 3730 2041; x_wconf 87' lang='lat' dir='ltr'><strong>etiam</strong></span> 
     </span>
    </p>
   </div>
   <div class='ocr_carea' id='block_1_41' title="bbox 2149 2074 3730 2148">
    <p class='ocr_par' dir='ltr' id='par_1_41' title="bbox 2149 2074 3730 2148">
     <span class='ocr_line' id='line_1_41' title="bbox 2149 2074 3730 2148; baseline 0.003 -21"><span class='ocrx_word' id='word_1_339' title='bbox 2149 2090 2268 2142; x_wconf 76' lang='lat' dir='ltr'><strong>quae</strong></span> <span class='ocrx_word' id='word_1_340' title='bbox 2305 2085 2426 2143; x_wconf 88' lang='lat' dir='ltr'><strong>post</strong></span> <span class='ocrx_word' id='word_1_341' title='bbox 2452 2074 2555 2127; x_wconf 89' lang='lat' dir='ltr'><strong>hoc</strong></span> <span class='ocrx_word' id='word_1_342' title='bbox 2580 2081 2829 2128; x_wconf 88' lang='lat' dir='ltr'><strong>secutura</strong></span> <span class='ocrx_word' id='word_1_343' title='bbox 2856 2081 2997 2139; x_wconf 89' lang='lat' dir='ltr'><strong>sunt,</strong></span> <span class='ocrx_word' id='word_1_344' title='bbox 3029 2074 3097 2128; x_wconf 89' lang='lat' dir='ltr'><strong>ad</strong></span> <span class='ocrx_word' id='word_1_345' title='bbox 3122 2075 3175 2128; x_wconf 88' lang='lat' dir='ltr'><strong>id</strong></span> <span class='ocrx_word' id='word_1_346' title='bbox 3203 2076 3374 2145; x_wconf 89' lang='lat' dir='ltr'><strong>ipsum</strong></span> <span class='ocrx_word' id='word_1_347' title='bbox 3400 2078 3580 2131; x_wconf 87' lang='lat' dir='ltr'><strong>omnia</strong></span> <span class='ocrx_word' id='word_1_348' title='bbox 3608 2094 3730 2148; x_wconf 86' lang='lat' dir='ltr'><strong>per-</strong></span> 
     </span>
    </p>
   </div>
   <div class='ocr_carea' id='block_1_42' title="bbox 2149 2164 3731 2235">
    <p class='ocr_par' dir='ltr' id='par_1_42' title="bbox 2149 2164 3731 2235">
     <span class='ocr_line' id='line_1_42' title="bbox 2149 2164 3731 2235; baseline 0.004 -17"><span class='ocrx_word' id='word_1_349' title='bbox 2149 2165 2409 2220; x_wconf 88' lang='lat' dir='ltr'><strong>tinebunt.</strong></span> <span class='ocrx_word' id='word_1_350' title='bbox 2436 2164 2585 2219; x_wconf 79' lang='lat' dir='ltr'><strong>Nunc</strong></span> <span class='ocrx_word' id='word_1_351' title='bbox 2604 2165 2648 2219; x_wconf 91' lang='lat' dir='ltr'><strong>si</strong></span> <span class='ocrx_word' id='word_1_352' title='bbox 2676 2180 2706 2218; x_wconf 90' lang='lat' dir='ltr'><strong>a</strong></span> <span class='ocrx_word' id='word_1_353' title='bbox 2736 2164 2845 2219; x_wconf 90' lang='lat' dir='ltr'><strong>Deo</strong></span> <span class='ocrx_word' id='word_1_354' title='bbox 2873 2164 3024 2234; x_wconf 88' lang='lat' dir='ltr'><strong>cujus</strong></span> <span class='ocrx_word' id='word_1_355' title='bbox 3052 2167 3323 2235; x_wconf 80' lang='lat' dir='ltr'><strong>negotium</strong></span> <span class='ocrx_word' id='word_1_356' title='bbox 3343 2168 3565 2235; x_wconf 85' lang='lat' dir='ltr'><strong>agimus,</strong></span> <span class='ocrx_word' id='word_1_357' title='bbox 3592 2170 3731 2225; x_wconf 84' lang='lat' dir='ltr'><strong>vires</strong></span> 
     </span>
    </p>
   </div>
   <div class='ocr_carea' id='block_1_43' title="bbox 2149 2260 3731 2331">
    <p class='ocr_par' dir='ltr' id='par_1_43' title="bbox 2149 2260 3731 2331">
     <span class='ocr_line' id='line_1_43' title="bbox 2149 2260 3731 2331; baseline 0.006 -17"><span class='ocrx_word' id='word_1_358' title='bbox 2149 2260 2218 2314; x_wconf 87' lang='lat' dir='ltr'><strong>ad</strong></span> <span class='ocrx_word' id='word_1_359' title='bbox 2246 2260 2507 2328; x_wconf 72' lang='lat' dir='ltr'><strong>agendum</strong></span> <span class='ocrx_word' id='word_1_360' title='bbox 2530 2261 2925 2330; x_wconf 90' lang='lat' dir='ltr'><strong>acceperimus,</strong></span> <span class='ocrx_word' id='word_1_361' title='bbox 2958 2278 3021 2317; x_wconf 87' lang='lat' dir='ltr'><strong>ea</strong></span> <span class='ocrx_word' id='word_1_362' title='bbox 3042 2278 3159 2331; x_wconf 80' lang='lat' dir='ltr'><strong>quae</strong></span> <span class='ocrx_word' id='word_1_363' title='bbox 3180 2273 3364 2320; x_wconf 86' lang='lat' dir='ltr'><strong>contra</strong></span> <span class='ocrx_word' id='word_1_364' title='bbox 3396 2268 3509 2323; x_wconf 67' lang='lat' dir='ltr'><strong>lucc</strong></span> <span class='ocrx_word' id='word_1_365' title='bbox 3536 2270 3603 2323; x_wconf 90' lang='lat' dir='ltr'><strong>ab</strong></span> <span class='ocrx_word' id='word_1_366' title='bbox 3631 2269 3731 2323; x_wconf 86' lang='lat' dir='ltr'><strong>ad-</strong></span> 
     </span>
    </p>
   </div>
   <div class='ocr_carea' id='block_1_44' title="bbox 2147 2351 3732 2424">
    <p class='ocr_par' dir='ltr' id='par_1_44' title="bbox 2147 2351 3732 2424">
     <span class='ocr_line' id='line_1_44' title="bbox 2147 2351 3732 2424; baseline 0.007 -18"><span class='ocrx_word' id='word_1_367' title='bbox 2147 2353 2402 2407; x_wconf 85' lang='lat' dir='ltr'><strong>versariis</strong></span> <span class='ocrx_word' id='word_1_368' title='bbox 2428 2351 2532 2407; x_wconf 88' lang='lat' dir='ltr'><strong>dici</strong></span> <span class='ocrx_word' id='word_1_369' title='bbox 2562 2353 2753 2419; x_wconf 85' lang='lat' dir='ltr'><strong>solent,</strong></span> <span class='ocrx_word' id='word_1_370' title='bbox 2811 2361 2867 2408; x_wconf 88' lang='lat' dir='ltr'><strong>et</strong></span> <span class='ocrx_word' id='word_1_371' title='bbox 2913 2354 3151 2424; x_wconf 89' lang='lat' dir='ltr'><strong>proferre</strong></span> <span class='ocrx_word' id='word_1_372' title='bbox 3197 2356 3355 2411; x_wconf 89' lang='lat' dir='ltr'><strong>simul</strong></span> <span class='ocrx_word' id='word_1_373' title='bbox 3391 2366 3446 2412; x_wconf 92' lang='lat' dir='ltr'><strong>et</strong></span> <span class='ocrx_word' id='word_1_374' title='bbox 3495 2361 3732 2417; x_wconf 77' lang='lat' dir='ltr'><strong>refutare</strong></span> 
     </span>
    </p>
   </div>
   <div class='ocr_carea' id='block_1_45' title="bbox 2146 2444 2488 2499">
    <p class='ocr_par' dir='ltr' id='par_1_45' title="bbox 2146 2444 2488 2499">
     <span class='ocr_line' id='line_1_45' title="bbox 2146 2444 2488 2499; baseline 0 -2"><span class='ocrx_word' id='word_1_375' title='bbox 2146 2444 2488 2499; x_wconf 85' lang='lat' dir='ltr'><strong>tentabimus.</strong></span> 
     </span>
    </p>
   </div>
   <div class='ocr_carea' id='block_1_46' title="bbox 1423 2668 2757 2803">
    <p class='ocr_par' dir='ltr' id='par_1_46' title="bbox 1423 2668 2757 2803">
     <span class='ocr_line' id='line_1_46' title="bbox 1423 2668 2757 2803; baseline 0.003 -20"><span class='ocrx_word' id='word_1_376' title='bbox 1423 2668 1896 2783; x_wconf 80' lang='lat' dir='ltr'><strong>LIBER</strong></span> <span class='ocrx_word' id='word_1_377' title='bbox 1991 2670 2312 2777; x_wconf 85' lang='lat' dir='ltr'><strong>TER</strong></span> <span class='ocrx_word' id='word_1_378' title='bbox 2337 2672 2510 2785; x_wconf 90' lang='lat' dir='ltr'><strong>T1</strong></span> <span class='ocrx_word' id='word_1_379' title='bbox 2534 2670 2757 2803; x_wconf 77' lang='lat' dir='ltr'><strong>Us.</strong></span> 
     </span>
    </p>
   </div>
   <div class='ocr_carea' id='block_1_47' title="bbox 1905 2849 2230 2871">
    <p class='ocr_par' dir='ltr' id='par_1_47' title="bbox 1905 2849 2230 2871">
     <span class='ocr_line' id='line_1_47' title="bbox 1905 2849 2230 2871; baseline -0.003 -5"><span class='ocrx_word' id='word_1_380' title='bbox 1905 2849 2230 2871; x_wconf 54' lang='grc' dir='ltr'><strong>...ι-ῃ*</strong></span> 
     </span>
    </p>
   </div>
   <div class='ocr_carea' id='block_1_48' title="bbox 533 2952 2037 3026">
    <p class='ocr_par' dir='ltr' id='par_1_48' title="bbox 533 2952 2037 3026">
     <span class='ocr_line' id='line_1_48' title="bbox 533 2952 2037 3026; baseline -0.001 -18"><span class='ocrx_word' id='word_1_381' title='bbox 533 2956 642 3026; x_wconf 82' lang='lat'><strong>39</strong></span> <span class='ocrx_word' id='word_1_382' title='bbox 666 2953 707 3008; x_wconf 85' lang='grc' dir='ltr'><strong>ι.</strong></span> <span class='ocrx_word' id='word_1_383' title='bbox 741 2963 769 2991; x_wconf 78' lang='grc' dir='ltr'>ι</span> <span class='ocrx_word' id='word_1_384' title='bbox 797 2953 942 3009; x_wconf 85' lang='lat' dir='ltr'><strong>Bene</strong></span> <span class='ocrx_word' id='word_1_385' title='bbox 968 2968 1026 3009; x_wconf 89' lang='lat' dir='ltr'><strong>se</strong></span> <span class='ocrx_word' id='word_1_386' title='bbox 1052 2962 1139 3008; x_wconf 86' lang='lat' dir='ltr'><strong>res</strong></span> <span class='ocrx_word' id='word_1_387' title='bbox 1155 2952 1332 3008; x_wconf 89' lang='lat' dir='ltr'><strong>habet.</strong></span> <span class='ocrx_word' id='word_1_388' title='bbox 1364 2952 1513 3008; x_wconf 78' lang='lat' dir='ltr'><strong>Jacta</strong></span> <span class='ocrx_word' id='word_1_389' title='bbox 1541 2961 1666 3007; x_wconf 88' lang='lat' dir='ltr'><strong>sunt</strong></span> <span class='ocrx_word' id='word_1_390' title='bbox 1694 2952 2037 3007; x_wconf 87' lang='lat' dir='ltr'><strong>fundamenta</strong></span> 
     </span>
    </p>
   </div>
   <div class='ocr_carea' id='block_1_49' title="bbox 466 3034 2043 3116">
    <p class='ocr_par' dir='ltr' id='par_1_49' title="bbox 466 3034 2043 3116">
     <span class='ocr_line' id='line_1_49' title="bbox 466 3034 2043 3116; baseline -0.003 -15"><span class='ocrx_word' id='word_1_391' title='bbox 466 3044 648 3116; x_wconf 91' lang='lat' dir='ltr'><strong>operis</strong></span> <span class='ocrx_word' id='word_1_392' title='bbox 675 3043 762 3115; x_wconf 90' lang='lat' dir='ltr'><strong>pia</strong></span> <span class='ocrx_word' id='word_1_393' title='bbox 789 3034 1068 3099; x_wconf 85' lang='lat' dir='ltr'><strong>molitione</strong></span> <span class='ocrx_word' id='word_1_394' title='bbox 1094 3044 1256 3113; x_wconf 66' lang='lat' dir='ltr'><strong>ccepti</strong></span> <span class='ocrx_word' id='word_1_395' title='bbox 1277 3049 1332 3096; x_wconf 90' lang='lat' dir='ltr'><strong>et</strong></span> <span class='ocrx_word' id='word_1_396' title='bbox 1351 3042 1516 3096; x_wconf 89' lang='lat' dir='ltr'><strong>divini</strong></span> <span class='ocrx_word' id='word_1_397' title='bbox 1544 3041 1705 3097; x_wconf 76' lang='lat' dir='ltr'><strong>officii</strong></span> <span class='ocrx_word' id='word_1_398' title='bbox 1727 3057 1910 3096; x_wconf 88' lang='lat' dir='ltr'><strong>amore</strong></span> <span class='ocrx_word' id='word_1_399' title='bbox 1931 3058 2043 3097; x_wconf 86' lang='lat' dir='ltr'><strong>sus-</strong></span> 
     </span>
    </p>
   </div>
   <div class='ocr_carea' id='block_1_50' title="bbox 463 3134 2041 3207">
    <p class='ocr_par' dir='ltr' id='par_1_50' title="bbox 463 3134 2041 3207">
     <span class='ocr_line' id='line_1_50' title="bbox 463 3134 2041 3207; baseline -0.004 -14"><span class='ocrx_word' id='word_1_400' title='bbox 463 3137 625 3207; x_wconf 90' lang='lat' dir='ltr'><strong>cepti.</strong></span> <span class='ocrx_word' id='word_1_401' title='bbox 658 3135 723 3189; x_wconf 85' lang='lat' dir='ltr'><strong>Et</strong></span> <span class='ocrx_word' id='word_1_402' title='bbox 754 3135 876 3190; x_wconf 88' lang='lat' dir='ltr'><strong>ideo</strong></span> <span class='ocrx_word' id='word_1_403' title='bbox 907 3151 1014 3189; x_wconf 87' lang='lat' dir='ltr'><strong>non</strong></span> <span class='ocrx_word' id='word_1_404' title='bbox 1042 3142 1167 3189; x_wconf 90' lang='lat' dir='ltr'><strong>sunt</strong></span> <span class='ocrx_word' id='word_1_405' title='bbox 1192 3134 1407 3189; x_wconf 90' lang='lat' dir='ltr'><strong>solubili</strong></span> <span class='ocrx_word' id='word_1_406' title='bbox 1428 3135 1541 3189; x_wconf 91' lang='lat' dir='ltr'><strong>luto</strong></span> <span class='ocrx_word' id='word_1_407' title='bbox 1564 3134 1757 3203; x_wconf 88' lang='lat' dir='ltr'><strong>posita,</strong></span> <span class='ocrx_word' id='word_1_408' title='bbox 1778 3149 1877 3188; x_wconf 84' lang='lat' dir='ltr'><strong>nec</strong></span> <span class='ocrx_word' id='word_1_409' title='bbox 1906 3141 2041 3187; x_wconf 87' lang='lat' dir='ltr'><strong>tem-</strong></span> 
     </span>
    </p>
   </div>
   <div class='ocr_carea' id='block_1_51' title="bbox 464 3222 2038 3298">
    <p class='ocr_par' dir='ltr' id='par_1_51' title="bbox 464 3222 2038 3298">
     <span class='ocr_line' id='line_1_51' title="bbox 464 3222 2038 3298; baseline -0.005 -16"><span class='ocrx_word' id='word_1_410' title='bbox 464 3225 633 3298; x_wconf 89' lang='lat' dir='ltr'><strong>porali</strong></span> <span class='ocrx_word' id='word_1_411' title='bbox 682 3224 854 3295; x_wconf 85' lang='lat' dir='ltr'><strong>lapide</strong></span> <span class='ocrx_word' id='word_1_412' title='bbox 898 3231 1223 3290; x_wconf 88' lang='lat' dir='ltr'><strong>constructa,</strong></span> <span class='ocrx_word' id='word_1_413' title='bbox 1254 3222 1348 3278; x_wconf 90' lang='lat' dir='ltr'><strong>sed</strong></span> <span class='ocrx_word' id='word_1_414' title='bbox 1375 3238 1648 3278; x_wconf 89' lang='lat' dir='ltr'><strong>sacrarum</strong></span> <span class='ocrx_word' id='word_1_415' title='bbox 1687 3236 2038 3292; x_wconf 80' lang='lat' dir='ltr'><strong>expensarum</strong></span> 
     </span>
    </p>
   </div>
   <div class='ocr_carea' id='block_1_52' title="bbox 464 3311 2035 3381">
    <p class='ocr_par' dir='ltr' id='par_1_52' title="bbox 464 3311 2035 3381">
     <span class='ocr_line' id='line_1_52' title="bbox 464 3311 2035 3381; baseline -0.006 -9"><span class='ocrx_word' id='word_1_416' title='bbox 464 3314 800 3381; x_wconf 82' lang='lat' dir='ltr'><strong>confectione</strong></span> <span class='ocrx_word' id='word_1_417' title='bbox 829 3313 1025 3377; x_wconf 86' lang='lat' dir='ltr'><strong>valida,</strong></span> <span class='ocrx_word' id='word_1_418' title='bbox 1058 3323 1113 3367; x_wconf 92' lang='lat' dir='ltr'><strong>et</strong></span> <span class='ocrx_word' id='word_1_419' title='bbox 1140 3312 1305 3367; x_wconf 89' lang='lat' dir='ltr'><strong>divini</strong></span> <span class='ocrx_word' id='word_1_420' title='bbox 1333 3313 1625 3381; x_wconf 80' lang='lat' dir='ltr'><strong>magisterii</strong></span> <span class='ocrx_word' id='word_1_421' title='bbox 1653 3322 1768 3366; x_wconf 91' lang='lat' dir='ltr'><strong>arte</strong></span> <span class='ocrx_word' id='word_1_422' title='bbox 1799 3311 2035 3365; x_wconf 87' lang='lat' dir='ltr'><strong>firmata:</strong></span> 
     </span>
    </p>
   </div>
   <div class='ocr_carea' id='block_1_53' title="bbox 463 3403 2041 3476">
    <p class='ocr_par' dir='ltr' id='par_1_53' title="bbox 463 3403 2041 3476">
     <span class='ocr_line' id='line_1_53' title="bbox 463 3403 2041 3476; baseline -0.003 -15"><span class='ocrx_word' id='word_1_423' title='bbox 463 3416 692 3476; x_wconf 65' lang='lat' dir='ltr'><strong>qum,~ut</strong></span> <span class='ocrx_word' id='word_1_424' title='bbox 722 3406 834 3475; x_wconf 91' lang='lat' dir='ltr'><strong>ipse</strong></span> <span class='ocrx_word' id='word_1_425' title='bbox 864 3407 915 3459; x_wconf 91' lang='lat' dir='ltr'><strong>in</strong></span> <span class='ocrx_word' id='word_1_426' title='bbox 945 3404 1234 3473; x_wconf 86' lang='lat' dir='ltr'><strong>Evangelio</strong></span> <span class='ocrx_word' id='word_1_427' title='bbox 1250 3403 1391 3459; x_wconf 90' lang='lat' dir='ltr'><strong>Deus</strong></span> <span class='ocrx_word' id='word_1_428' title='bbox 1419 3404 1565 3467; x_wconf 89' lang='lat' dir='ltr'><strong>dicit,</strong></span> <span class='ocrx_word' id='word_1_429' title='bbox 1599 3419 1699 3460; x_wconf 89' lang='lat' dir='ltr'><strong>nec</strong></span> <span class='ocrx_word' id='word_1_430' title='bbox 1724 3404 1898 3458; x_wconf 76' lang='lat' dir='ltr'><strong>ventis</strong></span> <span class='ocrx_word' id='word_1_431' title='bbox 1916 3419 2041 3474; x_wconf 89' lang='lat' dir='ltr'><strong>pos-</strong></span> 
     </span>
    </p>
   </div>
   <div class='ocr_carea' id='block_1_54' title="bbox 463 3494 2040 3560">
    <p class='ocr_par' dir='ltr' id='par_1_54' title="bbox 463 3494 2040 3560">
     <span class='ocr_line' id='line_1_54' title="bbox 463 3494 2040 3560; baseline -0.005 -5"><span class='ocrx_word' id='word_1_432' title='bbox 463 3499 572 3555; x_wconf 82' lang='lat' dir='ltr'><strong>sint</strong></span> <span class='ocrx_word' id='word_1_433' title='bbox 615 3497 914 3552; x_wconf 77' lang='lat' dir='ltr'><strong>f’urentibus</strong></span> <span class='ocrx_word' id='word_1_434' title='bbox 942 3496 1173 3560; x_wconf 90' lang='lat' dir='ltr'><strong>concuti,</strong></span> <span class='ocrx_word' id='word_1_435' title='bbox 1208 3511 1307 3550; x_wconf 90' lang='lat' dir='ltr'><strong>nec</strong></span> <span class='ocrx_word' id='word_1_436' title='bbox 1334 3496 1602 3555; x_wconf 84' lang='lat' dir='ltr'><strong>alluvione</strong></span> <span class='ocrx_word' id='word_1_437' title='bbox 1642 3494 1920 3550; x_wconf 89' lang='lat' dir='ltr'><strong>fluminum</strong></span> <span class='ocrx_word' id='word_1_438' title='bbox 1948 3510 2040 3549; x_wconf 87' lang='lat' dir='ltr'><strong>su—</strong></span> 
     </span>
    </p>
   </div>
   <div class='ocr_carea' id='block_1_55' title="bbox 465 3583 2037 3659">
    <p class='ocr_par' dir='ltr' id='par_1_55' title="bbox 465 3583 2037 3659">
     <span class='ocr_line' id='line_1_55' title="bbox 465 3583 2037 3659; baseline -0.007 -14"><span class='ocrx_word' id='word_1_439' title='bbox 465 3590 603 3652; x_wconf 90' lang='lat' dir='ltr'><strong>brui,</strong></span> <span class='ocrx_word' id='word_1_440' title='bbox 637 3588 720 3643; x_wconf 88' lang='lat' dir='ltr'><strong>vel</strong></span> <span class='ocrx_word' id='word_1_441' title='bbox 749 3588 1047 3659; x_wconf 87' lang='lat' dir='ltr'><strong>pluviarum</strong></span> <span class='ocrx_word' id='word_1_442' title='bbox 1074 3585 1341 3640; x_wconf 84' lang='lat' dir='ltr'><strong>infusione</strong></span> <span class='ocrx_word' id='word_1_443' title='bbox 1362 3585 1578 3640; x_wconf 83' lang='lat' dir='ltr'><strong>dissolvi</strong></span> <span class='ocrx_word' id='word_1_444' title='bbox 1603 3584 1819 3656; x_wconf 78' lang='lat' dir='ltr'><strong>(Matth.</strong></span> <span class='ocrx_word' id='word_1_445' title='bbox 1842 3601 1931 3648; x_wconf 87' lang='lat' dir='ltr'><strong>vn,</strong></span> <span class='ocrx_word' id='word_1_446' title='bbox 1951 3583 2037 3648; x_wconf 61' lang='grc' dir='ltr'><strong>ΞΜ,</strong></span> 
     </span>
    </p>
   </div>
   <div class='ocr_carea' id='block_1_56' title="bbox 463 3676 2041 3751">
    <p class='ocr_par' dir='ltr' id='par_1_56' title="bbox 463 3676 2041 3751">
     <span class='ocr_line' id='line_1_56' title="bbox 463 3676 2041 3751; baseline -0.003 -19"><span class='ocrx_word' id='word_1_447' title='bbox 463 3679 536 3732; x_wconf 74' lang='lat'><strong>25</strong></span> <span class='ocrx_word' id='word_1_448' title='bbox 556 3680 594 3751; x_wconf 94' lang='lat'><strong>).</strong></span> <span class='ocrx_word' id='word_1_449' title='bbox 626 3678 763 3737; x_wconf 87' lang='lat' dir='ltr'><strong>Cum</strong></span> <span class='ocrx_word' id='word_1_450' title='bbox 791 3680 933 3735; x_wconf 87' lang='lat' dir='ltr'><strong>enim</strong></span> <span class='ocrx_word' id='word_1_451' title='bbox 963 3694 1098 3749; x_wconf 85' lang='lat' dir='ltr'><strong>opus</strong></span> <span class='ocrx_word' id='word_1_452' title='bbox 1126 3678 1230 3732; x_wconf 90' lang='lat' dir='ltr'><strong>hoc</strong></span> <span class='ocrx_word' id='word_1_453' title='bbox 1258 3692 1445 3730; x_wconf 81' lang='lat' dir='ltr'><strong>manus</strong></span> <span class='ocrx_word' id='word_1_454' title='bbox 1474 3676 1868 3744; x_wconf 88' lang='lat' dir='ltr'><strong>quodammodo</strong></span> <span class='ocrx_word' id='word_1_455' title='bbox 1904 3676 2041 3730; x_wconf 84' lang='lat' dir='ltr'><strong>divi-</strong></span> 
     </span>
    </p>
   </div>
   <div class='ocr_carea' id='block_1_57' title="bbox 467 3768 2042 3838">
    <p class='ocr_par' dir='ltr' id='par_1_57' title="bbox 467 3768 2042 3838">
     <span class='ocr_line' id='line_1_57' title="bbox 467 3768 2042 3838; baseline -0.003 -11"><span class='ocrx_word' id='word_1_456' title='bbox 467 3788 660 3829; x_wconf 90' lang='lat' dir='ltr'><strong>norum</strong></span> <span class='ocrx_word' id='word_1_457' title='bbox 681 3773 1011 3835; x_wconf 75' lang='lat' dir='ltr'><strong>voluminum</strong></span> <span class='ocrx_word' id='word_1_458' title='bbox 1039 3769 1367 3835; x_wconf 78' lang='lat' dir='ltr'><strong>instruxerit,</strong></span> <span class='ocrx_word' id='word_1_459' title='bbox 1392 3776 1446 3823; x_wconf 93' lang='lat' dir='ltr'><strong>et</strong></span> <span class='ocrx_word' id='word_1_460' title='bbox 1473 3768 1769 3824; x_wconf 74' lang='lat' dir='ltr'><strong>cmlestium</strong></span> <span class='ocrx_word' id='word_1_461' title='bbox 1798 3768 2042 3838; x_wconf 89' lang='lat' dir='ltr'><strong>Scriptu-</strong></span> 
     </span>
    </p>
   </div>
   <div class='ocr_carea' id='block_1_58' title="bbox 467 3861 2044 3934">
    <p class='ocr_par' dir='ltr' id='par_1_58' title="bbox 467 3861 2044 3934">
     <span class='ocr_line' id='line_1_58' title="bbox 467 3861 2044 3934; baseline -0.002 -16"><span class='ocrx_word' id='word_1_462' title='bbox 467 3878 651 3918; x_wconf 89' lang='lat' dir='ltr'><strong>rarum</strong></span> <span class='ocrx_word' id='word_1_463' title='bbox 680 3878 941 3934; x_wconf 76' lang='lat' dir='ltr'><strong>compago</strong></span> <span class='ocrx_word' id='word_1_464' title='bbox 968 3862 1226 3927; x_wconf 88' lang='lat' dir='ltr'><strong>solidarit,</strong></span> <span class='ocrx_word' id='word_1_465' title='bbox 1259 3876 1477 3917; x_wconf 86' lang='lat' dir='ltr'><strong>necesse</strong></span> <span class='ocrx_word' id='word_1_466' title='bbox 1504 3870 1586 3916; x_wconf 91' lang='lat' dir='ltr'><strong>est</strong></span> <span class='ocrx_word' id='word_1_467' title='bbox 1613 3870 1717 3915; x_wconf 89' lang='lat' dir='ltr'><strong>tam</strong></span> <span class='ocrx_word' id='word_1_468' title='bbox 1750 3861 1897 3915; x_wconf 89' lang='lat' dir='ltr'><strong>firma</strong></span> <span class='ocrx_word' id='word_1_469' title='bbox 1931 3863 2044 3915; x_wconf 60' lang='lat' dir='ltr'><strong>hare</strong></span> 
     </span>
    </p>
   </div>
   <div class='ocr_carea' id='block_1_59' title="bbox 478 3951 2040 4023">
    <p class='ocr_par' dir='ltr' id='par_1_59' title="bbox 478 3951 2040 4023">
     <span class='ocr_line' id='line_1_59' title="bbox 478 3951 2040 4023; baseline 0.001 -17"><span class='ocrx_word' id='word_1_470' title='bbox 478 3967 574 4023; x_wconf 84' lang='lat' dir='ltr'><strong>per</strong></span> <span class='ocrx_word' id='word_1_471' title='bbox 597 3953 879 4010; x_wconf 88' lang='lat' dir='ltr'><strong>Dominum</strong></span> <span class='ocrx_word' id='word_1_472' title='bbox 906 3954 1088 4010; x_wconf 82' lang='lat' dir='ltr'><strong>Jesum</strong></span> <span class='ocrx_word' id='word_1_473' title='bbox 1118 3951 1386 4009; x_wconf 86' lang='lat' dir='ltr'><strong>Christum</strong></span> <span class='ocrx_word' id='word_1_474' title='bbox 1414 3969 1531 4008; x_wconf 88' lang='lat' dir='ltr'><strong>esse</strong></span> <span class='ocrx_word' id='word_1_475' title='bbox 1557 3969 1676 4022; x_wconf 73' lang='lat' dir='ltr'><strong>qua:</strong></span> <span class='ocrx_word' id='word_1_476' title='bbox 1705 3953 1842 4009; x_wconf 86' lang='lat' dir='ltr'><strong>facta</strong></span> <span class='ocrx_word' id='word_1_477' title='bbox 1883 3963 2040 4016; x_wconf 83' lang='lat' dir='ltr'><strong>sunt,</strong></span> 
     </span>
    </p>
   </div>
   <div class='ocr_carea' id='block_1_60' title="bbox 467 4042 2045 4120">
    <p class='ocr_par' dir='ltr' id='par_1_60' title="bbox 467 4042 2045 4120">
     <span class='ocr_line' id='line_1_60' title="bbox 467 4042 2045 4120; baseline -0.003 -16"><span class='ocrx_word' id='word_1_478' title='bbox 467 4064 630 4120; x_wconf 84' lang='lat' dir='ltr'><strong>quam</strong></span> <span class='ocrx_word' id='word_1_479' title='bbox 662 4044 811 4111; x_wconf 81' lang='lat' dir='ltr'><strong>firma</strong></span> <span class='ocrx_word' id='word_1_480' title='bbox 840 4045 929 4099; x_wconf 86' lang='lat' dir='ltr'><strong>illa</strong></span> <span class='ocrx_word' id='word_1_481' title='bbox 957 4051 1079 4099; x_wconf 89' lang='lat' dir='ltr'><strong>sunt</strong></span> <span class='ocrx_word' id='word_1_482' title='bbox 1105 4059 1224 4113; x_wconf 81' lang='lat' dir='ltr'><strong>qua:</strong></span> <span class='ocrx_word' id='word_1_483' title='bbox 1253 4044 1509 4098; x_wconf 87' lang='lat' dir='ltr'><strong>fecerunt.</strong></span> <span class='ocrx_word' id='word_1_484' title='bbox 1542 4042 1570 4082; x_wconf 71' lang='grc' dir='ltr'>δ</span> <span class='ocrx_word' id='word_1_485' title='bbox 1608 4042 1912 4099; x_wconf 71' lang='grc' dir='ltr'><strong>Ᾱῖάἱῦεὶυῐη</strong></span> <span class='ocrx_word' id='word_1_486' title='bbox 1941 4045 2045 4100; x_wconf 88' lang='lat' dir='ltr'><strong>ita-</strong></span> 
     </span>
    </p>
   </div>
   <div class='ocr_carea' id='block_1_61' title="bbox 466 4134 2048 4212">
    <p class='ocr_par' dir='ltr' id='par_1_61' title="bbox 466 4134 2048 4212">
     <span class='ocr_line' id='line_1_61' title="bbox 466 4134 2048 4212; baseline -0.002 -18"><span class='ocrx_word' id='word_1_487' title='bbox 466 4153 572 4212; x_wconf 86' lang='lat' dir='ltr'><strong>que</strong></span> <span class='ocrx_word' id='word_1_488' title='bbox 600 4137 702 4191; x_wconf 92' lang='lat' dir='ltr'><strong>hoc</strong></span> <span class='ocrx_word' id='word_1_489' title='bbox 731 4142 976 4200; x_wconf 82' lang='lat' dir='ltr'><strong>naturam</strong></span> <span class='ocrx_word' id='word_1_490' title='bbox 1006 4141 1176 4190; x_wconf 86' lang='lat' dir='ltr'><strong>status</strong></span> <span class='ocrx_word' id='word_1_491' title='bbox 1220 4134 1302 4189; x_wconf 91' lang='lat' dir='ltr'><strong>sui</strong></span> <span class='ocrx_word' id='word_1_492' title='bbox 1329 4134 1395 4189; x_wconf 90' lang='lat' dir='ltr'><strong>de</strong></span> <span class='ocrx_word' id='word_1_493' title='bbox 1416 4136 1581 4206; x_wconf 90' lang='lat' dir='ltr'><strong>stirpe</strong></span> <span class='ocrx_word' id='word_1_494' title='bbox 1608 4136 1786 4201; x_wconf 88' lang='lat' dir='ltr'><strong>sumit,</strong></span> <span class='ocrx_word' id='word_1_495' title='bbox 1819 4143 1873 4192; x_wconf 92' lang='lat' dir='ltr'><strong>et</strong></span> <span class='ocrx_word' id='word_1_496' title='bbox 1901 4137 2048 4191; x_wconf 74' lang='lat' dir='ltr'><strong>labe-</strong></span> 
     </span>
    </p>
   </div>
   <div class='ocr_carea' id='block_1_62' title="bbox 470 4226 2043 4298">
    <p class='ocr_par' dir='ltr' id='par_1_62' title="bbox 470 4226 2043 4298">
     <span class='ocr_line' id='line_1_62' title="bbox 470 4226 2043 4298; baseline -0.001 -14"><span class='ocrx_word' id='word_1_497' title='bbox 470 4229 658 4284; x_wconf 83' lang='lat' dir='ltr'><strong>factari</strong></span> <span class='ocrx_word' id='word_1_498' title='bbox 687 4228 847 4284; x_wconf 87' lang='lat' dir='ltr'><strong>salvis</strong></span> <span class='ocrx_word' id='word_1_499' title='bbox 876 4227 1182 4283; x_wconf 89' lang='lat' dir='ltr'><strong>auctoribus</strong></span> <span class='ocrx_word' id='word_1_500' title='bbox 1209 4227 1321 4291; x_wconf 87' lang='lat' dir='ltr'><strong>suis</strong></span> <span class='ocrx_word' id='word_1_501' title='bbox 1349 4242 1456 4282; x_wconf 91' lang='lat' dir='ltr'><strong>non</strong></span> <span class='ocrx_word' id='word_1_502' title='bbox 1486 4235 1682 4298; x_wconf 91' lang='lat' dir='ltr'><strong>potest.</strong></span> <span class='ocrx_word' id='word_1_503' title='bbox 1725 4226 1874 4284; x_wconf 89' lang='lat' dir='ltr'><strong>Sicut</strong></span> <span class='ocrx_word' id='word_1_504' title='bbox 1901 4229 2043 4283; x_wconf 91' lang='lat' dir='ltr'><strong>enim</strong></span> 
     </span>
    </p>
   </div>
   <div class='ocr_carea' id='block_1_63' title="bbox 469 4316 2042 4389">
    <p class='ocr_par' dir='ltr' id='par_1_63' title="bbox 469 4316 2042 4389">
     <span class='ocr_line' id='line_1_63' title="bbox 469 4316 2042 4389; baseline -0.001 -15"><span class='ocrx_word' id='word_1_505' title='bbox 469 4321 521 4375; x_wconf 86' lang='lat' dir='ltr'><strong>in</strong></span> <span class='ocrx_word' id='word_1_506' title='bbox 552 4319 780 4374; x_wconf 88' lang='lat' dir='ltr'><strong>terrenis</strong></span> <span class='ocrx_word' id='word_1_507' title='bbox 804 4318 1042 4373; x_wconf 77' lang='lat' dir='ltr'><strong>:edificiis</strong></span> <span class='ocrx_word' id='word_1_508' title='bbox 1069 4316 1300 4385; x_wconf 81' lang='lat' dir='ltr'><strong>dejicere</strong></span> <span class='ocrx_word' id='word_1_509' title='bbox 1327 4317 1561 4387; x_wconf 85' lang='lat' dir='ltr'><strong>parietes</strong></span> <span class='ocrx_word' id='word_1_510' title='bbox 1608 4318 1784 4374; x_wconf 90' lang='lat' dir='ltr'><strong>nullus</strong></span> <span class='ocrx_word' id='word_1_511' title='bbox 1826 4327 2004 4389; x_wconf 88' lang='lat' dir='ltr'><strong>potest</strong></span> <span class='ocrx_word' id='word_1_512' title='bbox 2027 4363 2042 4385; x_wconf 89' lang='lat'><strong>,</strong></span> 
     </span>
    </p>
   </div>
   <div class='ocr_carea' id='block_1_64' title="bbox 470 4406 2046 4480">
    <p class='ocr_par' dir='ltr' id='par_1_64' title="bbox 470 4406 2046 4480">
     <span class='ocr_line' id='line_1_64' title="bbox 470 4406 2046 4480; baseline -0.003 -15"><span class='ocrx_word' id='word_1_513' title='bbox 470 4411 570 4466; x_wconf 91' lang='lat' dir='ltr'><strong>nisi</strong></span> <span class='ocrx_word' id='word_1_514' title='bbox 597 4409 746 4480; x_wconf 91' lang='lat' dir='ltr'><strong>prius</strong></span> <span class='ocrx_word' id='word_1_515' title='bbox 774 4408 976 4477; x_wconf 85' lang='lat' dir='ltr'><strong>lapides</strong></span> <span class='ocrx_word' id='word_1_516' title='bbox 1002 4415 1057 4461; x_wconf 90' lang='lat' dir='ltr'><strong>et</strong></span> <span class='ocrx_word' id='word_1_517' title='bbox 1083 4415 1340 4461; x_wconf 64' lang='lat' dir='ltr'><strong>crementa</strong></span> <span class='ocrx_word' id='word_1_518' title='bbox 1368 4406 1641 4475; x_wconf 88' lang='lat' dir='ltr'><strong>dejecerit,</strong></span> <span class='ocrx_word' id='word_1_519' title='bbox 1665 4408 1740 4463; x_wconf 92' lang='lat' dir='ltr'><strong>sic</strong></span> <span class='ocrx_word' id='word_1_520' title='bbox 1766 4408 2046 4463; x_wconf 64' lang='lat' dir='ltr'><strong>aedificium</strong></span> 
     </span>
    </p>
   </div>
   <div class='ocr_carea' id='block_1_65' title="bbox 468 4497 2047 4571">
    <p class='ocr_par' dir='ltr' id='par_1_65' title="bbox 468 4497 2047 4571">
     <span class='ocr_line' id='line_1_65' title="bbox 468 4497 2047 4571; baseline -0.003 -14"><span class='ocrx_word' id='word_1_521' title='bbox 468 4501 613 4571; x_wconf 90' lang='lat' dir='ltr'><strong>quod</strong></span> <span class='ocrx_word' id='word_1_522' title='bbox 653 4498 1050 4556; x_wconf 82' lang='lat' dir='ltr'><strong>construximus</strong></span> <span class='ocrx_word' id='word_1_523' title='bbox 1095 4497 1387 4551; x_wconf 86' lang='lat' dir='ltr'><strong>dissolvere</strong></span> <span class='ocrx_word' id='word_1_524' title='bbox 1435 4497 1613 4553; x_wconf 91' lang='lat' dir='ltr'><strong>nullus</strong></span> <span class='ocrx_word' id='word_1_525' title='bbox 1640 4499 1813 4563; x_wconf 86' lang='lat' dir='ltr'><strong>valet,</strong></span> <span class='ocrx_word' id='word_1_526' title='bbox 1865 4500 1965 4553; x_wconf 77' lang='lat' dir='ltr'><strong>nisi</strong></span> <span class='ocrx_word' id='word_1_527' title='bbox 1994 4499 2047 4553; x_wconf 89' lang='lat' dir='ltr'><strong>id</strong></span> 
     </span>
    </p>
   </div>
   <div class='ocr_carea' id='block_1_66' title="bbox 470 4591 2042 4648">
    <p class='ocr_par' dir='ltr' id='par_1_66' title="bbox 470 4591 2042 4648">
     <span class='ocr_line' id='line_1_66' title="bbox 470 4591 2042 4648; baseline -0.002 0"><span class='ocrx_word' id='word_1_528' title='bbox 470 4594 608 4648; x_wconf 86' lang='lat' dir='ltr'><strong>unde</strong></span> <span class='ocrx_word' id='word_1_529' title='bbox 636 4599 895 4648; x_wconf 90' lang='lat' dir='ltr'><strong>structum</strong></span> <span class='ocrx_word' id='word_1_530' title='bbox 917 4596 1000 4643; x_wconf 88' lang='lat' dir='ltr'><strong>est</strong></span> <span class='ocrx_word' id='word_1_531' title='bbox 1020 4596 1075 4643; x_wconf 92' lang='lat' dir='ltr'><strong>et</strong></span> <span class='ocrx_word' id='word_1_532' title='bbox 1101 4597 1527 4644; x_wconf 87' lang='lat' dir='ltr'><strong>consummatum</strong></span> <span class='ocrx_word' id='word_1_533' title='bbox 1558 4600 1683 4645; x_wconf 89' lang='lat' dir='ltr'><strong>ante</strong></span> <span class='ocrx_word' id='word_1_534' title='bbox 1710 4591 2042 4648; x_wconf 86' lang='lat' dir='ltr'><strong>dissolverit:</strong></span> 
     </span>
    </p>
   </div>
   <div class='ocr_carea' id='block_1_67' title="bbox 467 4681 2044 4756">
    <p class='ocr_par' dir='ltr' id='par_1_67' title="bbox 467 4681 2044 4756">
     <span class='ocr_line' id='line_1_67' title="bbox 467 4681 2044 4756; baseline 0.001 -18"><span class='ocrx_word' id='word_1_535' title='bbox 467 4684 611 4756; x_wconf 89' lang='lat' dir='ltr'><strong>quod</strong></span> <span class='ocrx_word' id='word_1_536' title='bbox 665 4685 791 4753; x_wconf 88' lang='lat' dir='ltr'><strong>quia</strong></span> <span class='ocrx_word' id='word_1_537' title='bbox 842 4681 1153 4737; x_wconf 81' lang='lat' dir='ltr'><strong>labefactari</strong></span> <span class='ocrx_word' id='word_1_538' title='bbox 1200 4682 1386 4750; x_wconf 89' lang='lat' dir='ltr'><strong>utique</strong></span> <span class='ocrx_word' id='word_1_539' title='bbox 1439 4697 1775 4752; x_wconf 87' lang='lat' dir='ltr'><strong>nequaquam</strong></span> <span class='ocrx_word' id='word_1_540' title='bbox 1828 4693 2044 4754; x_wconf 88' lang='lat' dir='ltr'><strong>potest,</strong></span> 
     </span>
    </p>
   </div>
   <div class='ocr_carea' id='block_1_68' title="bbox 469 4773 2044 4851">
    <p class='ocr_par' dir='ltr' id='par_1_68' title="bbox 469 4773 2044 4851">
     <span class='ocr_line' id='line_1_68' title="bbox 469 4773 2044 4851; baseline 0.001 -22"><span class='ocrx_word' id='word_1_541' title='bbox 469 4783 616 4837; x_wconf 76' lang='lat' dir='ltr'><strong>recte</strong></span> <span class='ocrx_word' id='word_1_542' title='bbox 643 4776 806 4830; x_wconf 88' lang='lat' dir='ltr'><strong>etiam</strong></span> <span class='ocrx_word' id='word_1_543' title='bbox 835 4790 865 4828; x_wconf 92' lang='lat' dir='ltr'><strong>a</strong></span> <span class='ocrx_word' id='word_1_544' title='bbox 896 4774 1052 4831; x_wconf 89' lang='lat' dir='ltr'><strong>nobis</strong></span> <span class='ocrx_word' id='word_1_545' title='bbox 1080 4773 1422 4839; x_wconf 81' lang='lat' dir='ltr'><strong>incolumitas</strong></span> <span class='ocrx_word' id='word_1_546' title='bbox 1448 4774 1659 4831; x_wconf 71' lang='lat' dir='ltr'><strong>mdificii</strong></span> <span class='ocrx_word' id='word_1_547' title='bbox 1689 4778 2044 4851; x_wconf 80' lang='lat' dir='ltr'><strong>praesumitur,</strong></span> 
     </span>
    </p>
   </div>
   <div class='ocr_carea' id='block_1_69' title="bbox 469 4864 2051 4936">
    <p class='ocr_par' dir='ltr' id='par_1_69' title="bbox 469 4864 2051 4936">
     <span class='ocr_line' id='line_1_69' title="bbox 469 4864 2051 4936; baseline 0.001 -15"><span class='ocrx_word' id='word_1_548' title='bbox 469 4866 623 4936; x_wconf 84' lang='lat' dir='ltr'><strong>cujus</strong></span> <span class='ocrx_word' id='word_1_549' title='bbox 651 4874 823 4921; x_wconf 89' lang='lat' dir='ltr'><strong>status</strong></span> <span class='ocrx_word' id='word_1_550' title='bbox 849 4865 1099 4920; x_wconf 90' lang='lat' dir='ltr'><strong>subsidiis</strong></span> <span class='ocrx_word' id='word_1_551' title='bbox 1127 4864 1517 4926; x_wconf 90' lang='lat' dir='ltr'><strong>immortalibus</strong></span> <span class='ocrx_word' id='word_1_552' title='bbox 1546 4866 1868 4923; x_wconf 89' lang='lat' dir='ltr'><strong>continetur.</strong></span> <span class='ocrx_word' id='word_1_553' title='bbox 1902 4866 2051 4933; x_wconf 71' lang='lat' dir='ltr'><strong>Quae-</strong></span> 
     </span>
    </p>
   </div>
   <div class='ocr_carea' id='block_1_70' title="bbox 471 4955 2048 5027">
    <p class='ocr_par' dir='ltr' id='par_1_70' title="bbox 471 4955 2048 5027">
     <span class='ocr_line' id='line_1_70' title="bbox 471 4955 2048 5027; baseline 0.001 -17"><span class='ocrx_word' id='word_1_554' title='bbox 471 4957 605 5011; x_wconf 88' lang='lat' dir='ltr'><strong>ritur</strong></span> <span class='ocrx_word' id='word_1_555' title='bbox 634 4957 846 5027; x_wconf 88' lang='lat' dir='ltr'><strong>itaque,</strong></span> <span class='ocrx_word' id='word_1_556' title='bbox 878 4971 1000 5010; x_wconf 92' lang='lat' dir='ltr'><strong>cum</strong></span> <span class='ocrx_word' id='word_1_557' title='bbox 1029 4955 1145 5011; x_wconf 64' lang='lat' dir='ltr'><strong>haec</strong></span> <span class='ocrx_word' id='word_1_558' title='bbox 1172 4956 1245 5010; x_wconf 92' lang='lat' dir='ltr'><strong>ita</strong></span> <span class='ocrx_word' id='word_1_559' title='bbox 1275 4955 1398 5021; x_wconf 89' lang='lat' dir='ltr'><strong>sint,</strong></span> <span class='ocrx_word' id='word_1_560' title='bbox 1423 4956 1470 5012; x_wconf 91' lang='lat' dir='ltr'><strong>si</strong></span> <span class='ocrx_word' id='word_1_561' title='bbox 1497 4964 1672 5012; x_wconf 89' lang='lat' dir='ltr'><strong>totum</strong></span> <span class='ocrx_word' id='word_1_562' title='bbox 1699 4958 1840 5026; x_wconf 88' lang='lat' dir='ltr'><strong>quod</strong></span> <span class='ocrx_word' id='word_1_563' title='bbox 1872 4958 1923 5011; x_wconf 93' lang='lat' dir='ltr'><strong>in</strong></span> <span class='ocrx_word' id='word_1_564' title='bbox 1946 4959 2048 5012; x_wconf 89' lang='lat' dir='ltr'><strong>hoc</strong></span> 
     </span>
    </p>
   </div>
   <div class='ocr_carea' id='block_1_71' title="bbox 468 5046 2045 5119">
    <p class='ocr_par' dir='ltr' id='par_1_71' title="bbox 468 5046 2045 5119">
     <span class='ocr_line' id='line_1_71' title="bbox 468 5046 2045 5119; baseline 0 -17"><span class='ocrx_word' id='word_1_565' title='bbox 468 5047 667 5116; x_wconf 80' lang='lat' dir='ltr'><strong>mundo</strong></span> <span class='ocrx_word' id='word_1_566' title='bbox 696 5055 795 5119; x_wconf 82' lang='lat' dir='ltr'><strong>est,</strong></span> <span class='ocrx_word' id='word_1_567' title='bbox 827 5062 954 5111; x_wconf 82' lang='lat' dir='ltr'><strong>cura</strong></span> <span class='ocrx_word' id='word_1_568' title='bbox 984 5055 1040 5101; x_wconf 87' lang='lat' dir='ltr'><strong>et</strong></span> <span class='ocrx_word' id='word_1_569' title='bbox 1066 5046 1429 5117; x_wconf 86' lang='lat' dir='ltr'><strong>gubernaculo</strong></span> <span class='ocrx_word' id='word_1_570' title='bbox 1466 5048 1576 5119; x_wconf 49' lang='lat'><strong>[,0</strong></span> <span class='ocrx_word' id='word_1_571' title='bbox 1631 5056 1685 5103; x_wconf 90' lang='lat' dir='ltr'><strong>et</strong></span> <span class='ocrx_word' id='word_1_572' title='bbox 1720 5047 1921 5117; x_wconf 85' lang='lat' dir='ltr'><strong>judicio</strong></span> <span class='ocrx_word' id='word_1_573' title='bbox 1953 5048 2045 5102; x_wconf 87' lang='lat' dir='ltr'><strong>Dei</strong></span> 
     </span>
    </p>
   </div>
   <div class='ocr_carea' id='block_1_72' title="bbox 2150 2952 3729 3022">
    <p class='ocr_par' dir='ltr' id='par_1_72' title="bbox 2150 2952 3729 3022">
     <span class='ocr_line' id='line_1_72' title="bbox 2150 2952 3729 3022; baseline 0.006 -16"><span class='ocrx_word' id='word_1_574' title='bbox 2150 2952 2353 3022; x_wconf 82' lang='lat' dir='ltr'><strong>agitur;</strong></span> <span class='ocrx_word' id='word_1_575' title='bbox 2383 2968 2480 3009; x_wconf 82' lang='lat' dir='ltr'><strong>cur</strong></span> <span class='ocrx_word' id='word_1_576' title='bbox 2507 2960 2561 3007; x_wconf 84' lang='lat' dir='ltr'><strong>et</strong></span> <span class='ocrx_word' id='word_1_577' title='bbox 2587 2953 2777 3007; x_wconf 84' lang='lat' dir='ltr'><strong>melior</strong></span> <span class='ocrx_word' id='word_1_578' title='bbox 2811 2954 2978 3009; x_wconf 79' lang='lat' dir='ltr'><strong>multo</strong></span> <span class='ocrx_word' id='word_1_579' title='bbox 3006 2955 3074 3008; x_wconf 84' lang='lat' dir='ltr'><strong>sit</strong></span> <span class='ocrx_word' id='word_1_580' title='bbox 3106 2967 3127 2994; x_wconf 70' lang='grc' dir='ltr'><strong>ε</strong></span> <span class='ocrx_word' id='word_1_581' title='bbox 3159 2957 3508 3013; x_wconf 72' lang='lat' dir='ltr'><strong>barbarorum</strong></span> <span class='ocrx_word' id='word_1_582' title='bbox 3538 2962 3729 3016; x_wconf 77' lang='lat' dir='ltr'><strong>condi-</strong></span> 
     </span>
    </p>
   </div>
   <div class='ocr_carea' id='block_1_73' title="bbox 2147 3044 3728 3120">
    <p class='ocr_par' dir='ltr' id='par_1_73' title="bbox 2147 3044 3728 3120">
     <span class='ocr_line' id='line_1_73' title="bbox 2147 3044 3728 3120; baseline 0.007 -22"><span class='ocrx_word' id='word_1_583' title='bbox 2147 3044 2225 3100; x_wconf 91' lang='lat' dir='ltr'><strong>tio</strong></span> <span class='ocrx_word' id='word_1_584' title='bbox 2252 3060 2412 3114; x_wconf 89' lang='lat' dir='ltr'><strong>quam</strong></span> <span class='ocrx_word' id='word_1_585' title='bbox 2440 3053 2654 3110; x_wconf 86' lang='lat' dir='ltr'><strong>nostra;</strong></span> <span class='ocrx_word' id='word_1_586' title='bbox 2686 3061 2781 3099; x_wconf 92' lang='lat' dir='ltr'><strong>cur</strong></span> <span class='ocrx_word' id='word_1_587' title='bbox 2808 3045 2948 3099; x_wconf 88' lang='lat' dir='ltr'><strong>inter</strong></span> <span class='ocrx_word' id='word_1_588' title='bbox 2975 3062 3074 3101; x_wconf 92' lang='lat' dir='ltr'><strong>nos</strong></span> <span class='ocrx_word' id='word_1_589' title='bbox 3128 3063 3342 3119; x_wconf 89' lang='lat' dir='ltr'><strong>quoque</strong></span> <span class='ocrx_word' id='word_1_590' title='bbox 3382 3051 3525 3120; x_wconf 90' lang='lat' dir='ltr'><strong>ipsos</strong></span> <span class='ocrx_word' id='word_1_591' title='bbox 3553 3051 3577 3088; x_wconf 72' lang='grc' dir='ltr'><em>ά</em></span> <span class='ocrx_word' id='word_1_592' title='bbox 3606 3070 3728 3110; x_wconf 89' lang='lat' dir='ltr'><strong>sors</strong></span> 
     </span>
    </p>
   </div>
   <div class='ocr_carea' id='block_1_74' title="bbox 2146 3136 3724 3213">
    <p class='ocr_par' dir='ltr' id='par_1_74' title="bbox 2146 3136 3724 3213">
     <span class='ocr_line' id='line_1_74' title="bbox 2146 3136 3724 3213; baseline 0.004 -21"><span class='ocrx_word' id='word_1_593' title='bbox 2146 3137 2413 3193; x_wconf 88' lang='lat' dir='ltr'><strong>bonorum</strong></span> <span class='ocrx_word' id='word_1_594' title='bbox 2441 3136 2628 3192; x_wconf 91' lang='lat' dir='ltr'><strong>durior</strong></span> <span class='ocrx_word' id='word_1_595' title='bbox 2653 3152 2813 3205; x_wconf 88' lang='lat' dir='ltr'><strong>quam</strong></span> <span class='ocrx_word' id='word_1_596' title='bbox 2843 3139 3138 3205; x_wconf 88' lang='lat' dir='ltr'><strong>malorum;</strong></span> <span class='ocrx_word' id='word_1_597' title='bbox 3188 3156 3284 3196; x_wconf 91' lang='lat' dir='ltr'><strong>cur</strong></span> <span class='ocrx_word' id='word_1_598' title='bbox 3311 3143 3464 3211; x_wconf 89' lang='lat' dir='ltr'><strong>probi</strong></span> <span class='ocrx_word' id='word_1_599' title='bbox 3486 3144 3724 3213; x_wconf 84' lang='lat' dir='ltr'><strong>jaccant,</strong></span> 
     </span>
    </p>
   </div>
   <div class='ocr_carea' id='block_1_75' title="bbox 2148 3228 3729 3305">
    <p class='ocr_par' dir='ltr' id='par_1_75' title="bbox 2148 3228 3729 3305">
     <span class='ocr_line' id='line_1_75' title="bbox 2148 3228 3729 3305; baseline 0.006 -22"><span class='ocrx_word' id='word_1_600' title='bbox 2148 3228 2376 3299; x_wconf 85' lang='lat' dir='ltr'><strong>improbi</strong></span> <span class='ocrx_word' id='word_1_601' title='bbox 2406 3230 2810 3295; x_wconf 87' lang='lat' dir='ltr'><strong>convalescant;</strong></span> <span class='ocrx_word' id='word_1_602' title='bbox 2842 3246 2939 3285; x_wconf 88' lang='lat' dir='ltr'><strong>cur</strong></span> <span class='ocrx_word' id='word_1_603' title='bbox 2967 3232 3179 3302; x_wconf 84' lang='lat' dir='ltr'><strong>iniquis,</strong></span> <span class='ocrx_word' id='word_1_604' title='bbox 3203 3241 3257 3288; x_wconf 91' lang='lat' dir='ltr'><strong>et</strong></span> <span class='ocrx_word' id='word_1_605' title='bbox 3286 3236 3514 3289; x_wconf 79' lang='lat' dir='ltr'><strong>maxime</strong></span> <span class='ocrx_word' id='word_1_606' title='bbox 3542 3245 3729 3305; x_wconf 79' lang='lat' dir='ltr'><strong>petes-</strong></span> 
     </span>
    </p>
   </div>
   <div class='ocr_carea' id='block_1_76' title="bbox 2147 3322 3724 3396">
    <p class='ocr_par' dir='ltr' id='par_1_76' title="bbox 2147 3322 3724 3396">
     <span class='ocr_line' id='line_1_76' title="bbox 2147 3322 3724 3396; baseline 0.004 -20"><span class='ocrx_word' id='word_1_607' title='bbox 2147 3322 2346 3377; x_wconf 87' lang='lat' dir='ltr'><strong>tatibus</strong></span> <span class='ocrx_word' id='word_1_608' title='bbox 2368 3364 2383 3387; x_wconf 93' lang='lat'><strong>,</strong></span> <span class='ocrx_word' id='word_1_609' title='bbox 2416 3323 2665 3377; x_wconf 87' lang='lat' dir='ltr'><strong>universa</strong></span> <span class='ocrx_word' id='word_1_610' title='bbox 2692 3324 3078 3379; x_wconf 86' lang='lat' dir='ltr'><strong>succumbant?</strong></span> <span class='ocrx_word' id='word_1_611' title='bbox 3108 3324 3329 3381; x_wconf 88' lang='lat' dir='ltr'><strong>Possum</strong></span> <span class='ocrx_word' id='word_1_612' title='bbox 3368 3327 3582 3396; x_wconf 86' lang='lat' dir='ltr'><strong>quidem</strong></span> <span class='ocrx_word' id='word_1_613' title='bbox 3629 3346 3724 3383; x_wconf 87' lang='lat' dir='ltr'><strong>ra-</strong></span> 
     </span>
    </p>
   </div>
   <div class='ocr_carea' id='block_1_77' title="bbox 2144 3412 3725 3474">
    <p class='ocr_par' dir='ltr' id='par_1_77' title="bbox 2144 3412 3725 3474">
     <span class='ocr_line' id='line_1_77' title="bbox 2144 3412 3725 3474; baseline 0.006 -9"><span class='ocrx_word' id='word_1_614' title='bbox 2144 3412 2475 3467; x_wconf 89' lang='lat' dir='ltr'><strong>tionabiliter</strong></span> <span class='ocrx_word' id='word_1_615' title='bbox 2501 3421 2555 3467; x_wconf 90' lang='lat' dir='ltr'><strong>et</strong></span> <span class='ocrx_word' id='word_1_616' title='bbox 2584 3413 2714 3468; x_wconf 87' lang='lat' dir='ltr'><strong>satis</strong></span> <span class='ocrx_word' id='word_1_617' title='bbox 2743 3423 3055 3469; x_wconf 87' lang='lat' dir='ltr'><strong>constanter</strong></span> <span class='ocrx_word' id='word_1_618' title='bbox 3080 3415 3259 3471; x_wconf 88' lang='lat' dir='ltr'><strong>dicere</strong></span> <span class='ocrx_word' id='word_1_619' title='bbox 3285 3436 3297 3470; x_wconf 80' lang='lat'><strong>2</strong></span> <span class='ocrx_word' id='word_1_620' title='bbox 3334 3427 3356 3455; x_wconf 75' lang='grc' dir='ltr'><strong>ε·</strong></span> <span class='ocrx_word' id='word_1_621' title='bbox 3384 3417 3593 3472; x_wconf 83' lang='lat' dir='ltr'><strong>Nescio.</strong></span> <span class='ocrx_word' id='word_1_622' title='bbox 3620 3418 3725 3474; x_wconf 86' lang='lat' dir='ltr'><strong>Se-</strong></span> 
     </span>
    </p>
   </div>
   <div class='ocr_carea' id='block_1_78' title="bbox 2143 3504 3728 3575">
    <p class='ocr_par' dir='ltr' id='par_1_78' title="bbox 2143 3504 3728 3575">
     <span class='ocr_line' id='line_1_78' title="bbox 2143 3504 3728 3575; baseline 0.005 -17"><span class='ocrx_word' id='word_1_623' title='bbox 2143 3512 2348 3558; x_wconf 89' lang='lat' dir='ltr'><strong>cretum</strong></span> <span class='ocrx_word' id='word_1_624' title='bbox 2370 3505 2511 3559; x_wconf 89' lang='lat' dir='ltr'><strong>enim</strong></span> <span class='ocrx_word' id='word_1_625' title='bbox 2538 3513 2593 3559; x_wconf 89' lang='lat' dir='ltr'><strong>et</strong></span> <span class='ocrx_word' id='word_1_626' title='bbox 2619 3504 2900 3560; x_wconf 88' lang='lat' dir='ltr'><strong>consilium</strong></span> <span class='ocrx_word' id='word_1_627' title='bbox 2930 3505 3228 3562; x_wconf 88' lang='lat' dir='ltr'><strong>Divinitatis</strong></span> <span class='ocrx_word' id='word_1_628' title='bbox 3275 3508 3479 3575; x_wconf 75' lang='lat' dir='ltr'><strong>ignoro.</strong></span> <span class='ocrx_word' id='word_1_629' title='bbox 3518 3507 3728 3566; x_wconf 83' lang='lat' dir='ltr'><strong>Suﬂicil</strong></span> 
     </span>
    </p>
   </div>
   <div class='ocr_carea' id='block_1_79' title="bbox 2144 3593 3728 3664">
    <p class='ocr_par' dir='ltr' id='par_1_79' title="bbox 2144 3593 3728 3664">
     <span class='ocr_line' id='line_1_79' title="bbox 2144 3593 3728 3664; baseline 0.006 -18"><span class='ocrx_word' id='word_1_630' title='bbox 2144 3594 2274 3647; x_wconf 86' lang='lat' dir='ltr'><strong>mihi</strong></span> <span class='ocrx_word' id='word_1_631' title='bbox 2303 3593 2370 3648; x_wconf 91' lang='lat' dir='ltr'><strong>ad</strong></span> <span class='ocrx_word' id='word_1_632' title='bbox 2394 3609 2569 3648; x_wconf 65' lang='lat' dir='ltr'><strong>causa:</strong></span> <span class='ocrx_word' id='word_1_633' title='bbox 2596 3595 2753 3663; x_wconf 89' lang='lat' dir='ltr'><strong>hujus</strong></span> <span class='ocrx_word' id='word_1_634' title='bbox 2782 3596 3153 3664; x_wconf 87' lang='lat' dir='ltr'><strong>probationem</strong></span> <span class='ocrx_word' id='word_1_635' title='bbox 3182 3598 3311 3651; x_wconf 86' lang='lat' dir='ltr'><strong>dicti</strong></span> <span class='ocrx_word' id='word_1_636' title='bbox 3341 3599 3573 3654; x_wconf 65' lang='lat' dir='ltr'><strong>caelestis</strong></span> <span class='ocrx_word' id='word_1_637' title='bbox 3601 3617 3728 3655; x_wconf 87' lang='lat' dir='ltr'><strong>ora-</strong></span> 
     </span>
    </p>
   </div>
   <div class='ocr_carea' id='block_1_80' title="bbox 2144 3685 3732 3762">
    <p class='ocr_par' dir='ltr' id='par_1_80' title="bbox 2144 3685 3732 3762">
     <span class='ocr_line' id='line_1_80' title="bbox 2144 3685 3732 3762; baseline 0.005 -23"><span class='ocrx_word' id='word_1_638' title='bbox 2144 3686 2340 3739; x_wconf 79' lang='lat' dir='ltr'><strong>Ctilum.</strong></span> <span class='ocrx_word' id='word_1_639' title='bbox 2374 3685 2514 3740; x_wconf 90' lang='lat' dir='ltr'><strong>Deus</strong></span> <span class='ocrx_word' id='word_1_640' title='bbox 2542 3700 2573 3739; x_wconf 87' lang='lat' dir='ltr'><strong>a</strong></span> <span class='ocrx_word' id='word_1_641' title='bbox 2601 3701 2678 3750; x_wconf 91' lang='lat' dir='ltr'><strong>se,</strong></span> <span class='ocrx_word' id='word_1_642' title='bbox 2701 3694 2761 3740; x_wconf 91' lang='lat' dir='ltr'><strong>ut</strong></span> <span class='ocrx_word' id='word_1_643' title='bbox 2788 3687 2981 3741; x_wconf 89' lang='lat' dir='ltr'><strong>libellis</strong></span> <span class='ocrx_word' id='word_1_644' title='bbox 3000 3689 3364 3757; x_wconf 88' lang='lat' dir='ltr'><strong>superioribus</strong></span> <span class='ocrx_word' id='word_1_645' title='bbox 3387 3691 3499 3760; x_wconf 89' lang='lat' dir='ltr'><strong>jam</strong></span> <span class='ocrx_word' id='word_1_646' title='bbox 3524 3695 3732 3762; x_wconf 83' lang='lat' dir='ltr'><strong>proba-</strong></span> 
     </span>
    </p>
   </div>
   <div class='ocr_carea' id='block_1_81' title="bbox 2145 3777 3727 3853">
    <p class='ocr_par' dir='ltr' id='par_1_81' title="bbox 2145 3777 3727 3853">
     <span class='ocr_line' id='line_1_81' title="bbox 2145 3777 3727 3853; baseline 0.006 -24"><span class='ocrx_word' id='word_1_647' title='bbox 2145 3777 2317 3831; x_wconf 83' lang='lat' dir='ltr'><strong>vimus</strong></span> <span class='ocrx_word' id='word_1_648' title='bbox 2339 3817 2353 3841; x_wconf 95' lang='lat'><strong>,</strong></span> <span class='ocrx_word' id='word_1_649' title='bbox 2398 3778 2577 3830; x_wconf 88' lang='lat' dir='ltr'><strong>omnia</strong></span> <span class='ocrx_word' id='word_1_650' title='bbox 2606 3778 2736 3832; x_wconf 88' lang='lat' dir='ltr'><strong>dicit</strong></span> <span class='ocrx_word' id='word_1_651' title='bbox 2781 3778 2967 3847; x_wconf 87' lang='lat' dir='ltr'><strong>aspici,</strong></span> <span class='ocrx_word' id='word_1_652' title='bbox 2997 3780 3175 3833; x_wconf 87' lang='lat' dir='ltr'><strong>omnia</strong></span> <span class='ocrx_word' id='word_1_653' title='bbox 3208 3781 3340 3847; x_wconf 81' lang='lat' dir='ltr'><strong>regi,</strong></span> <span class='ocrx_word' id='word_1_654' title='bbox 3374 3784 3551 3837; x_wconf 89' lang='lat' dir='ltr'><strong>omnia</strong></span> <span class='ocrx_word' id='word_1_655' title='bbox 3577 3783 3727 3853; x_wconf 83' lang='lat' dir='ltr'><strong>judi-</strong></span> 
     </span>
    </p>
   </div>
   <div class='ocr_carea' id='block_1_82' title="bbox 2145 3865 3730 3936">
    <p class='ocr_par' dir='ltr' id='par_1_82' title="bbox 2145 3865 3730 3936">
     <span class='ocr_line' id='line_1_82' title="bbox 2145 3865 3730 3936; baseline 0.005 -14"><span class='ocrx_word' id='word_1_656' title='bbox 2145 3867 2276 3922; x_wconf 90' lang='lat' dir='ltr'><strong>cari.</strong></span> <span class='ocrx_word' id='word_1_657' title='bbox 2308 3865 2364 3921; x_wconf 90' lang='lat' dir='ltr'><strong>Si</strong></span> <span class='ocrx_word' id='word_1_658' title='bbox 2392 3866 2530 3921; x_wconf 89' lang='lat' dir='ltr'><strong>scire</strong></span> <span class='ocrx_word' id='word_1_659' title='bbox 2557 3867 2637 3921; x_wconf 81' lang='lat' dir='ltr'><strong>vis</strong></span> <span class='ocrx_word' id='word_1_660' title='bbox 2664 3866 2791 3936; x_wconf 89' lang='lat' dir='ltr'><strong>quid</strong></span> <span class='ocrx_word' id='word_1_661' title='bbox 2833 3868 3118 3923; x_wconf 89' lang='lat' dir='ltr'><strong>tenendum</strong></span> <span class='ocrx_word' id='word_1_662' title='bbox 3165 3871 3267 3934; x_wconf 89' lang='lat' dir='ltr'><strong>sit,</strong></span> <span class='ocrx_word' id='word_1_663' title='bbox 3309 3872 3475 3926; x_wconf 84' lang='lat' dir='ltr'><strong>habes</strong></span> <span class='ocrx_word' id='word_1_664' title='bbox 3520 3874 3730 3930; x_wconf 86' lang='lat' dir='ltr'><strong>litteras</strong></span> 
     </span>
    </p>
   </div>
   <div class='ocr_carea' id='block_1_83' title="bbox 2145 3942 3726 4032">
    <p class='ocr_par' dir='ltr' id='par_1_83' title="bbox 2145 3942 3726 4032">
     <span class='ocr_line' id='line_1_83' title="bbox 2145 3942 3726 4032; baseline 0.005 -21"><span class='ocrx_word' id='word_1_665' title='bbox 2145 3971 2344 4011; x_wconf 89' lang='lat' dir='ltr'><strong>sacras.</strong></span> <span class='ocrx_word' id='word_1_666' title='bbox 2375 3942 2618 4011; x_wconf 84' lang='lat' dir='ltr'><strong>Perfecta</strong></span> <span class='ocrx_word' id='word_1_667' title='bbox 2647 3955 2783 4009; x_wconf 88' lang='lat' dir='ltr'><strong>ratio</strong></span> <span class='ocrx_word' id='word_1_668' title='bbox 2813 3964 2893 4010; x_wconf 91' lang='lat' dir='ltr'><strong>est</strong></span> <span class='ocrx_word' id='word_1_669' title='bbox 2916 3997 2930 4022; x_wconf 92' lang='lat'><strong>,</strong></span> <span class='ocrx_word' id='word_1_670' title='bbox 2963 3957 3066 4012; x_wconf 89' lang='lat' dir='ltr'><strong>hoc</strong></span> <span class='ocrx_word' id='word_1_671' title='bbox 3106 3965 3290 4014; x_wconf 85' lang='lat' dir='ltr'><strong>tenere</strong></span> <span class='ocrx_word' id='word_1_672' title='bbox 3337 3962 3480 4029; x_wconf 91' lang='lat' dir='ltr'><strong>quod</strong></span> <span class='ocrx_word' id='word_1_673' title='bbox 3510 3964 3726 4032; x_wconf 79' lang='lat' dir='ltr'><strong>legeris.</strong></span> 
     </span>
    </p>
   </div>
   <div class='ocr_carea' id='block_1_84' title="bbox 2145 4044 3730 4118">
    <p class='ocr_par' dir='ltr' id='par_1_84' title="bbox 2145 4044 3730 4118">
     <span class='ocr_line' id='line_1_84' title="bbox 2145 4044 3730 4118; baseline 0.006 -20"><span class='ocrx_word' id='word_1_674' title='bbox 2145 4044 2259 4112; x_wconf 84' lang='lat' dir='ltr'><strong>Qua</strong></span> <span class='ocrx_word' id='word_1_675' title='bbox 2291 4060 2448 4100; x_wconf 82' lang='lat' dir='ltr'><strong>causa</strong></span> <span class='ocrx_word' id='word_1_676' title='bbox 2480 4052 2655 4098; x_wconf 86' lang='lat' dir='ltr'><strong>autem</strong></span> <span class='ocrx_word' id='word_1_677' title='bbox 2689 4044 2828 4099; x_wconf 82' lang='lat' dir='ltr'><strong>Deus</strong></span> <span class='ocrx_word' id='word_1_678' title='bbox 2871 4045 2984 4100; x_wconf 75' lang='lat' dir='ltr'><strong>hcce</strong></span> <span class='ocrx_word' id='word_1_679' title='bbox 3012 4047 3077 4100; x_wconf 81' lang='lat' dir='ltr'><strong>de</strong></span> <span class='ocrx_word' id='word_1_680' title='bbox 3107 4049 3298 4118; x_wconf 80' lang='lat' dir='ltr'><strong>quibus</strong></span> <span class='ocrx_word' id='word_1_681' title='bbox 3340 4051 3608 4118; x_wconf 79' lang='lat' dir='ltr'><strong>loquimur</strong></span> <span class='ocrx_word' id='word_1_682' title='bbox 3640 4055 3730 4107; x_wconf 73' lang='lat' dir='ltr'><strong>ita</strong></span> 
     </span>
    </p>
   </div>
   <div class='ocr_carea' id='block_1_85' title="bbox 2148 4134 3728 4211">
    <p class='ocr_par' dir='ltr' id='par_1_85' title="bbox 2148 4134 3728 4211">
     <span class='ocr_line' id='line_1_85' title="bbox 2148 4134 3728 4211; baseline 0.006 -23"><span class='ocrx_word' id='word_1_683' title='bbox 2148 4134 2325 4199; x_wconf 86' lang='lat' dir='ltr'><strong>faciat,</strong></span> <span class='ocrx_word' id='word_1_684' title='bbox 2352 4134 2476 4187; x_wconf 85' lang='lat' dir='ltr'><strong>nolo</strong></span> <span class='ocrx_word' id='word_1_685' title='bbox 2508 4148 2537 4187; x_wconf 89' lang='lat' dir='ltr'><strong>a</strong></span> <span class='ocrx_word' id='word_1_686' title='bbox 2566 4149 2653 4188; x_wconf 87' lang='lat' dir='ltr'><strong>me</strong></span> <span class='ocrx_word' id='word_1_687' title='bbox 2681 4135 2942 4205; x_wconf 87' lang='lat' dir='ltr'><strong>requiras.</strong></span> <span class='ocrx_word' id='word_1_688' title='bbox 2964 4135 3135 4192; x_wconf 88' lang='lat' dir='ltr'><strong>Homo</strong></span> <span class='ocrx_word' id='word_1_689' title='bbox 3158 4154 3304 4204; x_wconf 89' lang='lat' dir='ltr'><strong>sum;</strong></span> <span class='ocrx_word' id='word_1_690' title='bbox 3330 4155 3434 4195; x_wconf 91' lang='lat' dir='ltr'><strong>non</strong></span> <span class='ocrx_word' id='word_1_691' title='bbox 3464 4142 3728 4211; x_wconf 82' lang='lat' dir='ltr'><strong>intelligo,</strong></span> 
     </span>
    </p>
   </div>
   <div class='ocr_carea' id='block_1_86' title="bbox 2147 4224 3731 4294">
    <p class='ocr_par' dir='ltr' id='par_1_86' title="bbox 2147 4224 3731 4294">
     <span class='ocr_line' id='line_1_86' title="bbox 2147 4224 3731 4294; baseline 0.004 -14"><span class='ocrx_word' id='word_1_692' title='bbox 2147 4233 2354 4281; x_wconf 87' lang='lat' dir='ltr'><strong>secreta</strong></span> <span class='ocrx_word' id='word_1_693' title='bbox 2379 4224 2472 4278; x_wconf 90' lang='lat' dir='ltr'><strong>Dei</strong></span> <span class='ocrx_word' id='word_1_694' title='bbox 2503 4224 2823 4294; x_wconf 87' lang='lat' dir='ltr'><strong>investigare</strong></span> <span class='ocrx_word' id='word_1_695' title='bbox 2854 4242 2958 4280; x_wconf 93' lang='lat' dir='ltr'><strong>non</strong></span> <span class='ocrx_word' id='word_1_696' title='bbox 2990 4227 3182 4294; x_wconf 88' lang='lat' dir='ltr'><strong>audeo,</strong></span> <span class='ocrx_word' id='word_1_697' title='bbox 3214 4238 3267 4283; x_wconf 85' lang='lat' dir='ltr'><strong>et</strong></span> <span class='ocrx_word' id='word_1_698' title='bbox 3301 4230 3424 4286; x_wconf 89' lang='lat' dir='ltr'><strong>ideo</strong></span> <span class='ocrx_word' id='word_1_699' title='bbox 3452 4233 3612 4286; x_wconf 90' lang='lat' dir='ltr'><strong>etiam</strong></span> <span class='ocrx_word' id='word_1_700' title='bbox 3642 4242 3731 4287; x_wconf 88' lang='lat' dir='ltr'><strong>at-</strong></span> 
     </span>
    </p>
   </div>
   <div class='ocr_carea' id='block_1_87' title="bbox 2148 4314 3735 4391">
    <p class='ocr_par' dir='ltr' id='par_1_87' title="bbox 2148 4314 3735 4391">
     <span class='ocr_line' id='line_1_87' title="bbox 2148 4314 3735 4391; baseline 0.005 -20"><span class='ocrx_word' id='word_1_701' title='bbox 2148 4325 2357 4372; x_wconf 88' lang='lat' dir='ltr'><strong>tentare</strong></span> <span class='ocrx_word' id='word_1_702' title='bbox 2378 4314 2607 4370; x_wconf 85' lang='lat' dir='ltr'><strong>formido</strong></span> <span class='ocrx_word' id='word_1_703' title='bbox 2642 4334 2653 4369; x_wconf 90' lang='lat'><strong>:</strong></span> <span class='ocrx_word' id='word_1_704' title='bbox 2686 4318 2808 4385; x_wconf 87' lang='lat' dir='ltr'><strong>quia</strong></span> <span class='ocrx_word' id='word_1_705' title='bbox 2839 4325 2892 4371; x_wconf 91' lang='lat' dir='ltr'><strong>et</strong></span> <span class='ocrx_word' id='word_1_706' title='bbox 2920 4318 3023 4372; x_wconf 89' lang='lat' dir='ltr'><strong>hoc</strong></span> <span class='ocrx_word' id='word_1_707' title='bbox 3054 4319 3225 4387; x_wconf 88' lang='lat' dir='ltr'><strong>ipsum</strong></span> <span class='ocrx_word' id='word_1_708' title='bbox 3255 4335 3423 4389; x_wconf 77' lang='lat' dir='ltr'><strong>genus</strong></span> <span class='ocrx_word' id='word_1_709' title='bbox 3461 4323 3614 4391; x_wconf 86' lang='lat' dir='ltr'><strong>quasi</strong></span> <span class='ocrx_word' id='word_1_710' title='bbox 3641 4340 3735 4379; x_wconf 86' lang='lat' dir='ltr'><strong>sa-</strong></span> 
     </span>
    </p>
   </div>
   <div class='ocr_carea' id='block_1_88' title="bbox 2149 4407 3733 4482">
    <p class='ocr_par' dir='ltr' id='par_1_88' title="bbox 2149 4407 3733 4482">
     <span class='ocr_line' id='line_1_88' title="bbox 2149 4407 3733 4482; baseline 0.003 -18"><span class='ocrx_word' id='word_1_711' title='bbox 2149 4408 2358 4477; x_wconf 70' lang='lat' dir='ltr'><strong>crilegm</strong></span> <span class='ocrx_word' id='word_1_712' title='bbox 2388 4407 2701 4462; x_wconf 84' lang='lat' dir='ltr'><strong>temeritatis</strong></span> <span class='ocrx_word' id='word_1_713' title='bbox 2749 4416 2859 4473; x_wconf 87' lang='lat' dir='ltr'><strong>est,</strong></span> <span class='ocrx_word' id='word_1_714' title='bbox 2884 4408 2928 4461; x_wconf 91' lang='lat' dir='ltr'><strong>si</strong></span> <span class='ocrx_word' id='word_1_715' title='bbox 2949 4408 3067 4477; x_wconf 86' lang='lat' dir='ltr'><strong>plus</strong></span> <span class='ocrx_word' id='word_1_716' title='bbox 3095 4411 3232 4465; x_wconf 87' lang='lat' dir='ltr'><strong>scire</strong></span> <span class='ocrx_word' id='word_1_717' title='bbox 3261 4413 3447 4482; x_wconf 81' lang='lat' dir='ltr'><strong>cupias</strong></span> <span class='ocrx_word' id='word_1_718' title='bbox 3471 4428 3631 4482; x_wconf 88' lang='lat' dir='ltr'><strong>quam</strong></span> <span class='ocrx_word' id='word_1_719' title='bbox 3653 4415 3733 4469; x_wconf 89' lang='lat' dir='ltr'><strong>si-</strong></span> 
     </span>
    </p>
   </div>
   <div class='ocr_carea' id='block_1_89' title="bbox 2150 4499 3735 4578">
    <p class='ocr_par' dir='ltr' id='par_1_89' title="bbox 2150 4499 3735 4578">
     <span class='ocr_line' id='line_1_89' title="bbox 2150 4499 3735 4578; baseline 0.006 -22"><span class='ocrx_word' id='word_1_720' title='bbox 2150 4502 2314 4556; x_wconf 88' lang='lat' dir='ltr'><strong>naris.</strong></span> <span class='ocrx_word' id='word_1_721' title='bbox 2339 4499 2580 4556; x_wconf 74' lang='lat' dir='ltr'><strong>Sufﬁciat</strong></span> <span class='ocrx_word' id='word_1_722' title='bbox 2608 4502 2701 4556; x_wconf 90' lang='lat' dir='ltr'><strong>tibi</strong></span> <span class='ocrx_word' id='word_1_723' title='bbox 2740 4502 2882 4570; x_wconf 90' lang='lat' dir='ltr'><strong>quod</strong></span> <span class='ocrx_word' id='word_1_724' title='bbox 2912 4502 3052 4558; x_wconf 90' lang='lat' dir='ltr'><strong>Deus</strong></span> <span class='ocrx_word' id='word_1_725' title='bbox 3082 4521 3111 4558; x_wconf 90' lang='lat' dir='ltr'><strong>a</strong></span> <span class='ocrx_word' id='word_1_726' title='bbox 3141 4521 3199 4561; x_wconf 90' lang='lat' dir='ltr'><strong>se</strong></span> <span class='ocrx_word' id='word_1_727' title='bbox 3228 4508 3311 4575; x_wconf 84' lang='lat' dir='ltr'><strong>agi</strong></span> <span class='ocrx_word' id='word_1_728' title='bbox 3341 4524 3405 4562; x_wconf 88' lang='lat' dir='ltr'><strong>ac</strong></span> <span class='ocrx_word' id='word_1_729' title='bbox 3433 4509 3735 4578; x_wconf 89' lang='lat' dir='ltr'><strong>dispensari</strong></span> 
     </span>
    </p>
   </div>
   <div class='ocr_carea' id='block_1_90' title="bbox 2150 4590 3734 4665">
    <p class='ocr_par' dir='ltr' id='par_1_90' title="bbox 2150 4590 3734 4665">
     <span class='ocr_line' id='line_1_90' title="bbox 2150 4590 3734 4665; baseline 0.003 -18"><span class='ocrx_word' id='word_1_730' title='bbox 2150 4601 2340 4649; x_wconf 89' lang='lat' dir='ltr'><strong>cuncta</strong></span> <span class='ocrx_word' id='word_1_731' title='bbox 2371 4600 2616 4645; x_wconf 87' lang='lat' dir='ltr'><strong>testatur.</strong></span> <span class='ocrx_word' id='word_1_732' title='bbox 2641 4590 2686 4657; x_wconf 85' lang='lat' dir='ltr'>Q</span> <span class='ocrx_word' id='word_1_733' title='bbox 2710 4592 2777 4646; x_wconf 81' lang='lat' dir='ltr'><strong>iid</strong></span> <span class='ocrx_word' id='word_1_734' title='bbox 2808 4608 2892 4647; x_wconf 87' lang='lat' dir='ltr'><strong>me</strong></span> <span class='ocrx_word' id='word_1_735' title='bbox 2920 4593 3236 4662; x_wconf 81' lang='lat' dir='ltr'><strong>interrogas,</strong></span> <span class='ocrx_word' id='word_1_736' title='bbox 3264 4611 3430 4665; x_wconf 86' lang='lat' dir='ltr'><strong>quare</strong></span> <span class='ocrx_word' id='word_1_737' title='bbox 3459 4599 3594 4652; x_wconf 89' lang='lat' dir='ltr'><strong>alter</strong></span> <span class='ocrx_word' id='word_1_738' title='bbox 3616 4614 3734 4651; x_wconf 85' lang='lat' dir='ltr'><strong>ma-</strong></span> 
     </span>
    </p>
   </div>
   <div class='ocr_carea' id='block_1_91' title="bbox 2146 4682 3737 4753">
    <p class='ocr_par' dir='ltr' id='par_1_91' title="bbox 2146 4682 3737 4753">
     <span class='ocr_line' id='line_1_91' title="bbox 2146 4682 3737 4753; baseline 0.004 -16"><span class='ocrx_word' id='word_1_739' title='bbox 2146 4685 2235 4752; x_wconf 88' lang='lat' dir='ltr'><strong>jor</strong></span> <span class='ocrx_word' id='word_1_740' title='bbox 2261 4684 2349 4748; x_wconf 90' lang='lat' dir='ltr'><strong>sit,</strong></span> <span class='ocrx_word' id='word_1_741' title='bbox 2384 4683 2520 4737; x_wconf 86' lang='lat' dir='ltr'><strong>alter</strong></span> <span class='ocrx_word' id='word_1_742' title='bbox 2547 4682 2754 4747; x_wconf 84' lang='lat' dir='ltr'><strong>minor;</strong></span> <span class='ocrx_word' id='word_1_743' title='bbox 2786 4683 2923 4737; x_wconf 90' lang='lat' dir='ltr'><strong>alter</strong></span> <span class='ocrx_word' id='word_1_744' title='bbox 2950 4684 3131 4747; x_wconf 90' lang='lat' dir='ltr'><strong>miser,</strong></span> <span class='ocrx_word' id='word_1_745' title='bbox 3165 4686 3300 4739; x_wconf 80' lang='lat' dir='ltr'><strong>alter</strong></span> <span class='ocrx_word' id='word_1_746' title='bbox 3341 4687 3562 4753; x_wconf 84' lang='lat' dir='ltr'><strong>beatus;</strong></span> <span class='ocrx_word' id='word_1_747' title='bbox 3594 4689 3737 4743; x_wconf 82' lang='lat' dir='ltr'><strong>alter</strong></span> 
     </span>
    </p>
   </div>
   <div class='ocr_carea' id='block_1_92' title="bbox 2150 4762 3817 4845">
    <p class='ocr_par' dir='ltr' id='par_1_92' title="bbox 2150 4762 3817 4845">
     <span class='ocr_line' id='line_1_92' title="bbox 2150 4762 3817 4845; baseline 0.004 -17"><span class='ocrx_word' id='word_1_748' title='bbox 2150 4774 2302 4830; x_wconf 84' lang='lat' dir='ltr'><strong>fortis</strong></span> <span class='ocrx_word' id='word_1_749' title='bbox 2324 4817 2338 4839; x_wconf 96' lang='lat'><strong>,</strong></span> <span class='ocrx_word' id='word_1_750' title='bbox 2371 4775 2505 4828; x_wconf 90' lang='lat' dir='ltr'><strong>alter</strong></span> <span class='ocrx_word' id='word_1_751' title='bbox 2533 4773 2810 4828; x_wconf 84' lang='lat' dir='ltr'><strong>infirmus?</strong></span> <span class='ocrx_word' id='word_1_752' title='bbox 2839 4774 2951 4839; x_wconf 86' lang='lat' dir='ltr'><strong>Qua</strong></span> <span class='ocrx_word' id='word_1_753' title='bbox 2982 4790 3140 4831; x_wconf 87' lang='lat' dir='ltr'><strong>causa</strong></span> <span class='ocrx_word' id='word_1_754' title='bbox 3169 4778 3383 4845; x_wconf 86' lang='lat' dir='ltr'><strong>quidem</strong></span> <span class='ocrx_word' id='word_1_755' title='bbox 3431 4779 3544 4835; x_wconf 61' lang='lat' dir='ltr'><strong>haec</strong></span> <span class='ocrx_word' id='word_1_756' title='bbox 3594 4780 3739 4835; x_wconf 86' lang='lat' dir='ltr'><strong>Deus</strong></span> <span class='ocrx_word' id='word_1_757' title='bbox 3812 4762 3817 4765; x_wconf 41' lang='grc'><em>’</em></span> 
     </span>
    </p>
   </div>
   <div class='ocr_carea' id='block_1_93' title="bbox 2149 4865 3797 4935">
    <p class='ocr_par' dir='ltr' id='par_1_93' title="bbox 2149 4865 3797 4935">
     <span class='ocr_line' id='line_1_93' title="bbox 2149 4865 3797 4935; baseline 0.004 -16"><span class='ocrx_word' id='word_1_758' title='bbox 2149 4866 2328 4931; x_wconf 85' lang='lat' dir='ltr'><strong>faciat,</strong></span> <span class='ocrx_word' id='word_1_759' title='bbox 2361 4882 2468 4920; x_wconf 89' lang='lat' dir='ltr'><strong>non</strong></span> <span class='ocrx_word' id='word_1_760' title='bbox 2514 4865 2785 4932; x_wconf 74' lang='lat' dir='ltr'><strong>intelligo;</strong></span> <span class='ocrx_word' id='word_1_761' title='bbox 2817 4866 2909 4920; x_wconf 90' lang='lat' dir='ltr'><strong>sed</strong></span> <span class='ocrx_word' id='word_1_762' title='bbox 2949 4865 3017 4919; x_wconf 87' lang='lat' dir='ltr'><strong>ad</strong></span> <span class='ocrx_word' id='word_1_763' title='bbox 3055 4867 3421 4935; x_wconf 85' lang='lat' dir='ltr'><strong>plenissimam</strong></span> <span class='ocrx_word' id='word_1_764' title='bbox 3466 4870 3737 4925; x_wconf 86' lang='lat' dir='ltr'><strong>rationem</strong></span> <span class='ocrx_word' id='word_1_765' title='bbox 3782 4867 3797 4935; x_wconf 67' lang='grc' dir='ltr'><strong>ζ</strong></span> 
     </span>
    </p>
   </div>
   <div class='ocr_carea' id='block_1_94' title="bbox 2150 4953 3739 5023">
    <p class='ocr_par' dir='ltr' id='par_1_94' title="bbox 2150 4953 3739 5023">
     <span class='ocr_line' id='line_1_94' title="bbox 2150 4953 3739 5023; baseline 0.001 -12"><span class='ocrx_word' id='word_1_766' title='bbox 2150 4956 2362 5011; x_wconf 88' lang='lat' dir='ltr'><strong>abunde</strong></span> <span class='ocrx_word' id='word_1_767' title='bbox 2389 4953 2585 5009; x_wconf 73' lang='lat' dir='ltr'><strong>sufﬁcit</strong></span> <span class='ocrx_word' id='word_1_768' title='bbox 2614 4954 2755 5023; x_wconf 84' lang='lat' dir='ltr'><strong>quod</strong></span> <span class='ocrx_word' id='word_1_769' title='bbox 2785 4969 2815 5007; x_wconf 89' lang='lat' dir='ltr'><strong>a</strong></span> <span class='ocrx_word' id='word_1_770' title='bbox 2845 4953 2956 5008; x_wconf 91' lang='lat' dir='ltr'><strong>Deo</strong></span> <span class='ocrx_word' id='word_1_771' title='bbox 2986 4955 3070 5021; x_wconf 89' lang='lat' dir='ltr'><strong>agi</strong></span> <span class='ocrx_word' id='word_1_772' title='bbox 3101 4956 3201 5008; x_wconf 89' lang='lat' dir='ltr'><strong>ista</strong></span> <span class='ocrx_word' id='word_1_773' title='bbox 3230 4955 3560 5011; x_wconf 88' lang='lat' dir='ltr'><strong>demonstro.</strong></span> <span class='ocrx_word' id='word_1_774' title='bbox 3585 4957 3739 5014; x_wconf 83' lang='lat' dir='ltr'><strong>Sicut</strong></span> 
     </span>
    </p>
   </div>
   <div class='ocr_carea' id='block_1_95' title="bbox 2150 5043 3740 5114">
    <p class='ocr_par' dir='ltr' id='par_1_95' title="bbox 2150 5043 3740 5114">
     <span class='ocr_line' id='line_1_95' title="bbox 2150 5043 3740 5114; baseline 0.003 -15"><span class='ocrx_word' id='word_1_775' title='bbox 2150 5047 2291 5099; x_wconf 86' lang='lat' dir='ltr'><strong>enim</strong></span> <span class='ocrx_word' id='word_1_776' title='bbox 2334 5045 2454 5113; x_wconf 80' lang='lat' dir='ltr'><strong>plus</strong></span> <span class='ocrx_word' id='word_1_777' title='bbox 2482 5051 2562 5097; x_wconf 85' lang='lat' dir='ltr'><strong>est</strong></span> <span class='ocrx_word' id='word_1_778' title='bbox 2594 5045 2731 5097; x_wconf 77' lang='lat' dir='ltr'><strong>Deus</strong></span> <span class='ocrx_word' id='word_1_779' title='bbox 2759 5058 2917 5112; x_wconf 88' lang='lat' dir='ltr'><strong>quam</strong></span> <span class='ocrx_word' id='word_1_780' title='bbox 2948 5044 3122 5097; x_wconf 87' lang='lat' dir='ltr'><strong>omnis</strong></span> <span class='ocrx_word' id='word_1_781' title='bbox 3167 5043 3401 5099; x_wconf 88' lang='lat' dir='ltr'><strong>humana</strong></span> <span class='ocrx_word' id='word_1_782' title='bbox 3452 5047 3625 5114; x_wconf 88' lang='lat' dir='ltr'><strong>ratio,</strong></span> <span class='ocrx_word' id='word_1_783' title='bbox 3656 5049 3740 5104; x_wconf 89' lang='lat' dir='ltr'><strong>sic</strong></span> 
     </span>
    </p>
   </div>
   <div class='ocr_carea' id='block_1_96' title="bbox 1664 5132 2571 5190">
    <p class='ocr_par' dir='ltr' id='par_1_96' title="bbox 1664 5132 2571 5190">
     <span class='ocr_line' id='line_1_96' title="bbox 1664 5132 2571 5190; baseline -0.004 0"><span class='ocrx_word' id='word_1_784' title='bbox 1664 5134 1997 5190; x_wconf 66' lang='lat' dir='ltr'><strong>STEPHANI</strong></span> <span class='ocrx_word' id='word_1_785' title='bbox 2041 5134 2308 5190; x_wconf 62' lang='lat' dir='ltr'><strong>{Mllile</strong></span> <span class='ocrx_word' id='word_1_786' title='bbox 2345 5132 2571 5188; x_wconf 60' lang='lat' dir='ltr'><strong>NOTAE.</strong></span> 
     </span>
    </p>
   </div>
   <div class='ocr_carea' id='block_1_97' title="bbox 539 5227 1934 5284">
    <p class='ocr_par' dir='ltr' id='par_1_97' title="bbox 539 5227 1934 5284">
     <span class='ocr_line' id='line_1_97' title="bbox 539 5227 1934 5284; baseline -0.004 -1"><span class='ocrx_word' id='word_1_787' title='bbox 539 5240 565 5269; x_wconf 75' lang='grc' dir='ltr'><strong>ιι</strong></span> <span class='ocrx_word' id='word_1_788' title='bbox 602 5229 869 5284; x_wconf 88' lang='lat' dir='ltr'><strong>Imitatum</strong></span> <span class='ocrx_word' id='word_1_789' title='bbox 899 5243 966 5282; x_wconf 81' lang='lat' dir='ltr'><strong>ex</strong></span> <span class='ocrx_word' id='word_1_790' title='bbox 995 5228 1253 5283; x_wconf 87' lang='lat' dir='ltr'><strong>Cicerone</strong></span> <span class='ocrx_word' id='word_1_791' title='bbox 1281 5236 1506 5283; x_wconf 89' lang='lat' dir='ltr'><strong>annotat</strong></span> <span class='ocrx_word' id='word_1_792' title='bbox 1534 5227 1934 5281; x_wconf 75' lang='lat' dir='ltr'><strong>Rittershusius.</strong></span> 
     </span>
    </p>
   </div>
   <div class='ocr_carea' id='block_1_98' title="bbox 539 5297 2046 5369">
    <p class='ocr_par' dir='ltr' id='par_1_98' title="bbox 539 5297 2046 5369">
     <span class='ocr_line' id='line_1_98' title="bbox 539 5297 2046 5369; baseline -0.003 -14"><span class='ocrx_word' id='word_1_793' title='bbox 539 5298 569 5343; x_wconf 67' lang='grc' dir='ltr'>δ</span> <span class='ocrx_word' id='word_1_794' title='bbox 606 5300 664 5355; x_wconf 86' lang='lat' dir='ltr'><strong>In</strong></span> <span class='ocrx_word' id='word_1_795' title='bbox 690 5300 809 5354; x_wconf 86' lang='lat' dir='ltr'><strong>aliis</strong></span> <span class='ocrx_word' id='word_1_796' title='bbox 833 5298 1159 5369; x_wconf 73' lang='lat' dir='ltr'><strong>editionibus</strong></span> <span class='ocrx_word' id='word_1_797' title='bbox 1186 5299 1377 5369; x_wconf 82' lang='lat' dir='ltr'><strong>legitur</strong></span> <span class='ocrx_word' id='word_1_798' title='bbox 1402 5318 1416 5351; x_wconf 85' lang='lat'><strong>:</strong></span> <span class='ocrx_word' id='word_1_799' title='bbox 1449 5297 1616 5361; x_wconf 76' lang='lat' dir='ltr'><strong>Quam</strong></span> <span class='ocrx_word' id='word_1_800' title='bbox 1657 5298 1749 5351; x_wconf 76' lang='lat' dir='ltr'><strong>illa</strong></span> <span class='ocrx_word' id='word_1_801' title='bbox 1776 5304 1897 5369; x_wconf 74' lang='lat' dir='ltr'><strong>sunt</strong></span> <span class='ocrx_word' id='word_1_802' title='bbox 1933 5312 2046 5369; x_wconf 69' lang='lat' dir='ltr'><strong>qua:</strong></span> 
     </span>
    </p>
   </div>
   <div class='ocr_carea' id='block_1_99' title="bbox 472 5366 2047 5455">
    <p class='ocr_par' dir='ltr' id='par_1_99' title="bbox 472 5366 2047 5455">
     <span class='ocr_line' id='line_1_99' title="bbox 472 5366 2047 5455; baseline -0.005 -30"><span class='ocrx_word' id='word_1_803' title='bbox 472 5374 704 5455; x_wconf 51' lang='lat' dir='ltr'><strong>fecerunt</strong></span> <span class='ocrx_word' id='word_1_804' title='bbox 741 5369 1045 5455; x_wconf 61' lang='lat' dir='ltr'><strong>redi/icium.</strong></span> <span class='ocrx_word' id='word_1_805' title='bbox 1284 5369 1573 5455; x_wconf 13' lang='lat'><strong>7,125,533:</strong></span> <span class='ocrx_word' id='word_1_806' title='bbox 1595 5368 1860 5455; x_wconf 28' lang='lat' dir='ltr'><strong>{cumino</strong></span> <span class='ocrx_word' id='word_1_807' title='bbox 1888 5366 2047 5421; x_wconf 85' lang='lat' dir='ltr'><strong>male.</strong></span> 
     </span>
    </p>
   </div>
   <div class='ocr_carea' id='block_1_100' title="bbox 471 5437 1745 5511">
    <p class='ocr_par' dir='ltr' id='par_1_100' title="bbox 471 5437 1745 5511">
     <span class='ocr_line' id='line_1_100' title="bbox 471 5437 1745 5511; baseline -0.006 -14"><span class='ocrx_word' id='word_1_808' title='bbox 471 5437 659 5511; x_wconf 83' lang='lat' dir='ltr'><strong>itaque</strong></span> <span class='ocrx_word' id='word_1_809' title='bbox 678 5437 852 5496; x_wconf 85' lang='lat' dir='ltr'><strong>secuti</strong></span> <span class='ocrx_word' id='word_1_810' title='bbox 871 5437 1323 5511; x_wconf 24' lang='lat' dir='ltr'><strong>suninsAcodicem</strong></span> <span class='ocrx_word' id='word_1_811' title='bbox 1333 5437 1745 5511; x_wconf 32' lang='lat' dir='ltr'><strong>‘Corbeienseni.</strong></span> 
     </span>
    </p>
   </div>
   <div class='ocr_carea' id='block_1_101' title="bbox 547 5505 2046 5574">
    <p class='ocr_par' dir='ltr' id='par_1_101' title="bbox 547 5505 2046 5574">
     <span class='ocr_line' id='line_1_101' title="bbox 547 5505 2046 5574; baseline -0.006 -8"><span class='ocrx_word' id='word_1_812' title='bbox 547 5505 579 5547; x_wconf 65' lang='grc' dir='ltr'><strong>τ’</strong></span> <span class='ocrx_word' id='word_1_813' title='bbox 608 5510 664 5565; x_wconf 93' lang='lat' dir='ltr'><strong>Id</strong></span> <span class='ocrx_word' id='word_1_814' title='bbox 712 5518 831 5574; x_wconf 90' lang='lat' dir='ltr'><strong>est,</strong></span> <span class='ocrx_word' id='word_1_815' title='bbox 879 5507 1255 5572; x_wconf 81' lang='lat' dir='ltr'><strong>Vandalorum,</strong></span> <span class='ocrx_word' id='word_1_816' title='bbox 1305 5507 1651 5568; x_wconf 79' lang='lat' dir='ltr'><strong>Hunnorum,</strong></span> <span class='ocrx_word' id='word_1_817' title='bbox 1700 5505 2046 5565; x_wconf 85' lang='lat' dir='ltr'><strong>Francorum,</strong></span> 
     </span>
    </p>
   </div>
   <div class='ocr_carea' id='block_1_102' title="bbox 467 5576 2049 5656">
    <p class='ocr_par' dir='ltr' id='par_1_102' title="bbox 467 5576 2049 5656">
     <span class='ocr_line' id='line_1_102' title="bbox 467 5576 2049 5656; baseline -0.003 -26"><span class='ocrx_word' id='word_1_818' title='bbox 467 5580 785 5656; x_wconf 65' lang='lat' dir='ltr'><strong>Gothorum,</strong></span> <span class='ocrx_word' id='word_1_819' title='bbox 813 5587 1232 5656; x_wconf 55' lang='lat' dir='ltr'><strong>ceterarumque</strong></span> <span class='ocrx_word' id='word_1_820' title='bbox 1258 5577 1494 5645; x_wconf 83' lang='lat' dir='ltr'><strong>gentium</strong></span> <span class='ocrx_word' id='word_1_821' title='bbox 1520 5591 1637 5645; x_wconf 62' lang='lat' dir='ltr'><strong>qua:</strong></span> <span class='ocrx_word' id='word_1_822' title='bbox 1669 5576 1908 5631; x_wconf 80' lang='lat' dir='ltr'><strong>Romano</strong></span> <span class='ocrx_word' id='word_1_823' title='bbox 1939 5584 2049 5628; x_wconf 82' lang='lat' dir='ltr'><strong>tum</strong></span> 
     </span>
    </p>
   </div>
   <div class='ocr_carea' id='block_1_103' title="bbox 475 5650 1609 5786">
    <p class='ocr_par' dir='ltr' id='par_1_103' title="bbox 475 5650 1609 5786">
     <span class='ocr_line' id='line_1_103' title="bbox 475 5650 1083 5717; baseline 0.003 -19"><span class='ocrx_word' id='word_1_824' title='bbox 475 5650 704 5717; x_wconf 77' lang='lat' dir='ltr'><strong>imperio</strong></span> <span class='ocrx_word' id='word_1_825' title='bbox 739 5650 1083 5706; x_wconf 85' lang='lat' dir='ltr'><strong>insultabant.</strong></span> 
     </span>
     <span class='ocr_line' id='line_1_104' title="bbox 548 5714 1609 5786; baseline -0.003 -15"><span class='ocrx_word' id='word_1_826' title='bbox 548 5717 572 5755; x_wconf 71' lang='grc' dir='ltr'>α</span> <span class='ocrx_word' id='word_1_827' title='bbox 617 5715 745 5784; x_wconf 78' lang='lat' dir='ltr'><strong>Vide</strong></span> <span class='ocrx_word' id='word_1_828' title='bbox 775 5718 1088 5772; x_wconf 81' lang='lat' dir='ltr'><strong>Cassianum</strong></span> <span class='ocrx_word' id='word_1_829' title='bbox 1116 5715 1295 5774; x_wconf 87' lang='lat' dir='ltr'><strong>collat.</strong></span> <span class='ocrx_word' id='word_1_830' title='bbox 1324 5714 1374 5782; x_wconf 83' lang='lat'><strong>6,</strong></span> <span class='ocrx_word' id='word_1_831' title='bbox 1410 5731 1524 5786; x_wconf 80' lang='lat' dir='ltr'><strong>cap.</strong></span> <span class='ocrx_word' id='word_1_832' title='bbox 1557 5714 1609 5771; x_wconf 61' lang='grc' dir='ltr'><strong>ἓ.</strong></span> 
     </span>
    </p>
   </div>
   <div class='ocr_carea' id='block_1_104' title="bbox 2224 5218 3742 5291">
    <p class='ocr_par' dir='ltr' id='par_1_104' title="bbox 2224 5218 3742 5291">
     <span class='ocr_line' id='line_1_105' title="bbox 2224 5218 3742 5291; baseline 0.005 -16"><span class='ocrx_word' id='word_1_833' title='bbox 2224 5235 2246 5261; x_wconf 74' lang='grc' dir='ltr'><strong>ο</strong></span> <span class='ocrx_word' id='word_1_834' title='bbox 2288 5224 2362 5277; x_wconf 89' lang='lat' dir='ltr'><strong>Ita</strong></span> <span class='ocrx_word' id='word_1_835' title='bbox 2407 5237 2625 5291; x_wconf 86' lang='lat' dir='ltr'><strong>prorsus</strong></span> <span class='ocrx_word' id='word_1_836' title='bbox 2669 5221 2840 5275; x_wconf 81' lang='lat' dir='ltr'><strong>codex</strong></span> <span class='ocrx_word' id='word_1_837' title='bbox 2876 5218 3234 5291; x_wconf 71' lang='lat' dir='ltr'><strong>Corbeiensis.</strong></span> <span class='ocrx_word' id='word_1_838' title='bbox 3265 5222 3395 5289; x_wconf 64' lang='lat' dir='ltr'><strong>Quae</strong></span> <span class='ocrx_word' id='word_1_839' title='bbox 3424 5227 3582 5282; x_wconf 90' lang='lat' dir='ltr'><strong>lectio</strong></span> <span class='ocrx_word' id='word_1_840' title='bbox 3605 5244 3742 5283; x_wconf 80' lang='lat' dir='ltr'><strong>sane</strong></span> 
     </span>
    </p>
   </div>
   <div class='ocr_carea' id='block_1_105' title="bbox 2152 5290 3740 5366">
    <p class='ocr_par' dir='ltr' id='par_1_105' title="bbox 2152 5290 3740 5366">
     <span class='ocr_line' id='line_1_106' title="bbox 2152 5290 3740 5366; baseline 0.005 -21"><span class='ocrx_word' id='word_1_841' title='bbox 2152 5296 2351 5366; x_wconf 73' lang='lat' dir='ltr'><strong>optima</strong></span> <span class='ocrx_word' id='word_1_842' title='bbox 2374 5290 2473 5366; x_wconf 71' lang='lat' dir='ltr'><strong>est,</strong></span> <span class='ocrx_word' id='word_1_843' title='bbox 2497 5299 2552 5344; x_wconf 89' lang='lat' dir='ltr'><strong>et</strong></span> <span class='ocrx_word' id='word_1_844' title='bbox 2570 5290 2687 5366; x_wconf 78' lang='lat' dir='ltr'><strong>sola</strong></span> <span class='ocrx_word' id='word_1_845' title='bbox 2708 5290 3185 5366; x_wconf 81' lang='lat' dir='ltr'><strong>vera._Rejicienda</strong></span> <span class='ocrx_word' id='word_1_846' title='bbox 3210 5292 3367 5366; x_wconf 69' lang='lat' dir='ltr'><strong>igitur</strong></span> <span class='ocrx_word' id='word_1_847' title='bbox 3394 5297 3550 5351; x_wconf 90' lang='lat' dir='ltr'><strong>lectio</strong></span> <span class='ocrx_word' id='word_1_848' title='bbox 3571 5315 3740 5366; x_wconf 88' lang='lat' dir='ltr'><strong>quam</strong></span> 
     </span>
    </p>
   </div>
   <div class='ocr_carea' id='block_1_106' title="bbox 2154 5360 3734 5432">
    <p class='ocr_par' dir='ltr' id='par_1_106' title="bbox 2154 5360 3734 5432">
     <span class='ocr_line' id='line_1_107' title="bbox 2154 5360 3734 5432; baseline 0.003 -15"><span class='ocrx_word' id='word_1_849' title='bbox 2154 5360 2351 5417; x_wconf 60' lang='lat' dir='ltr'><strong>habent</strong></span> <span class='ocrx_word' id='word_1_850' title='bbox 2400 5362 2517 5415; x_wconf 72' lang='lat' dir='ltr'><strong>alim</strong></span> <span class='ocrx_word' id='word_1_851' title='bbox 2548 5360 2838 5432; x_wconf 85' lang='lat' dir='ltr'><strong>editiones</strong></span> <span class='ocrx_word' id='word_1_852' title='bbox 2861 5360 2967 5414; x_wconf 88' lang='lat' dir='ltr'><strong>hoc</strong></span> <span class='ocrx_word' id='word_1_853' title='bbox 2993 5362 3195 5432; x_wconf 72' lang='lat' dir='ltr'><strong>modo:</strong></span> <span class='ocrx_word' id='word_1_854' title='bbox 3235 5362 3426 5421; x_wconf 82' lang='lat' dir='ltr'><strong>Nescio</strong></span> <span class='ocrx_word' id='word_1_855' title='bbox 3462 5360 3734 5432; x_wconf 68' lang='lat' dir='ltr'><strong>secretum,</strong></span> 
     </span>
    </p>
   </div>
   <div class='ocr_carea' id='block_1_107' title="bbox 2150 5430 3744 5505">
    <p class='ocr_par' dir='ltr' id='par_1_107' title="bbox 2150 5430 3744 5505">
     <span class='ocr_line' id='line_1_108' title="bbox 2150 5430 3744 5505; baseline -0.005 -18"><span class='ocrx_word' id='word_1_856' title='bbox 2150 5445 2197 5487; x_wconf 81' lang='lat' dir='ltr'><strong>et</strong></span> <span class='ocrx_word' id='word_1_857' title='bbox 2226 5434 2493 5487; x_wconf 76' lang='lat' dir='ltr'><strong>consilium</strong></span> <span class='ocrx_word' id='word_1_858' title='bbox 2520 5430 2804 5505; x_wconf 53' lang='lat' dir='ltr'><strong>divinitatis</strong></span> <span class='ocrx_word' id='word_1_859' title='bbox 2828 5431 3027 5505; x_wconf 67' lang='lat' dir='ltr'><strong>ignoro.</strong></span> <span class='ocrx_word' id='word_1_860' title='bbox 3061 5430 3292 5505; x_wconf 53' lang='lat' dir='ltr'><strong>Rursum</strong></span> <span class='ocrx_word' id='word_1_861' title='bbox 3319 5437 3479 5505; x_wconf 88' lang='lat' dir='ltr'><strong>paulo</strong></span> <span class='ocrx_word' id='word_1_862' title='bbox 3502 5438 3633 5490; x_wconf 68' lang='lat' dir='ltr'><strong>intra</strong></span> <span class='ocrx_word' id='word_1_863' title='bbox 3658 5430 3744 5492; x_wconf 70' lang='lat' dir='ltr'><strong>le;</strong></span> 
     </span>
    </p>
   </div>
   <div class='ocr_carea' id='block_1_108' title="bbox 2152 5498 3743 5568">
    <p class='ocr_par' dir='ltr' id='par_1_108' title="bbox 2152 5498 3743 5568">
     <span class='ocr_line' id='line_1_109' title="bbox 2152 5498 3743 5568; baseline 0.004 -13"><span class='ocrx_word' id='word_1_864' title='bbox 2152 5504 2293 5567; x_wconf 70' lang='lat' dir='ltr'><strong>gitur</strong></span> <span class='ocrx_word' id='word_1_865' title='bbox 2321 5504 2373 5555; x_wconf 88' lang='lat' dir='ltr'><strong>in</strong></span> <span class='ocrx_word' id='word_1_866' title='bbox 2402 5501 2650 5554; x_wconf 86' lang='lat' dir='ltr'><strong>omnibus</strong></span> <span class='ocrx_word' id='word_1_867' title='bbox 2679 5498 3002 5554; x_wconf 82' lang='lat' dir='ltr'><strong>editionibus</strong></span> <span class='ocrx_word' id='word_1_868' title='bbox 3035 5518 3046 5552; x_wconf 89' lang='lat'>:</span> <span class='ocrx_word' id='word_1_869' title='bbox 3080 5500 3251 5557; x_wconf 82' lang='lat' dir='ltr'><strong>Homo</strong></span> <span class='ocrx_word' id='word_1_870' title='bbox 3273 5498 3413 5568; x_wconf 69' lang='lat' dir='ltr'><strong>sum,</strong></span> <span class='ocrx_word' id='word_1_871' title='bbox 3450 5522 3553 5560; x_wconf 82' lang='lat' dir='ltr'><strong>nou</strong></span> <span class='ocrx_word' id='word_1_872' title='bbox 3581 5508 3743 5561; x_wconf 80' lang='lat' dir='ltr'><strong>intel-</strong></span> 
     </span>
    </p>
   </div>
   <div class='ocr_carea' id='block_1_109' title="bbox 2154 5569 3740 5641">
    <p class='ocr_par' dir='ltr' id='par_1_109' title="bbox 2154 5569 3740 5641">
     <span class='ocr_line' id='line_1_110' title="bbox 2154 5569 3740 5641; baseline 0.004 -15"><span class='ocrx_word' id='word_1_873' title='bbox 2154 5575 2255 5641; x_wconf 72' lang='lat' dir='ltr'><strong>ligo</strong></span> <span class='ocrx_word' id='word_1_874' title='bbox 2278 5582 2468 5625; x_wconf 68' lang='lat' dir='ltr'><strong>secreta</strong></span> <span class='ocrx_word' id='word_1_875' title='bbox 2494 5569 2947 5641; x_wconf 65' lang='lat' dir='ltr'><strong>Dci,inrcstigare</strong></span> <span class='ocrx_word' id='word_1_876' title='bbox 2985 5587 3089 5624; x_wconf 84' lang='lat' dir='ltr'><strong>non</strong></span> <span class='ocrx_word' id='word_1_877' title='bbox 3131 5573 3312 5628; x_wconf 82' lang='lat' dir='ltr'><strong>audeo.</strong></span> <span class='ocrx_word' id='word_1_878' title='bbox 3348 5576 3533 5630; x_wconf 83' lang='lat' dir='ltr'><strong>Melius</strong></span> <span class='ocrx_word' id='word_1_879' title='bbox 3560 5578 3740 5631; x_wconf 69' lang='lat' dir='ltr'><strong>codex</strong></span> 
     </span>
    </p>
   </div>
   <div class='ocr_carea' id='block_1_110' title="bbox 2154 5638 3742 5761">
    <p class='ocr_par' dir='ltr' id='par_1_110' title="bbox 2154 5638 3742 5761">
     <span class='ocr_line' id='line_1_111' title="bbox 2154 5638 3742 5761; baseline 0.006 -69"><span class='ocrx_word' id='word_1_880' title='bbox 2154 5638 2511 5701; x_wconf 71' lang='lat' dir='ltr'><strong>Corbeiensis,</strong></span> <span class='ocrx_word' id='word_1_881' title='bbox 2537 5640 2631 5761; x_wconf 65' lang='lat' dir='ltr'><strong>[qui</strong></span> <span class='ocrx_word' id='word_1_882' title='bbox 2661 5640 2738 5692; x_wconf 85' lang='lat' dir='ltr'><strong>sic</strong></span> <span class='ocrx_word' id='word_1_883' title='bbox 2765 5638 3043 5709; x_wconf 54' lang='lat' dir='ltr'><strong>distinguit</strong></span> <span class='ocrx_word' id='word_1_884' title='bbox 3072 5660 3083 5694; x_wconf 90' lang='lat'><strong>:</strong></span> <span class='ocrx_word' id='word_1_885' title='bbox 3114 5641 3282 5696; x_wconf 82' lang='lat' dir='ltr'><strong>Homo</strong></span> <span class='ocrx_word' id='word_1_886' title='bbox 3303 5662 3432 5710; x_wconf 78' lang='lat' dir='ltr'><strong>sum,</strong></span> <span class='ocrx_word' id='word_1_887' title='bbox 3459 5663 3560 5701; x_wconf 77' lang='lat' dir='ltr'><strong>non</strong></span> <span class='ocrx_word' id='word_1_888' title='bbox 3582 5649 3742 5701; x_wconf 75' lang='lat' dir='ltr'><strong>intel-</strong></span> 
     </span>
     <span class='ocr_line' id='line_1_112' title="bbox 2157 5711 3283 5761; baseline 0 0"><span class='ocrx_word' id='word_1_889' title='bbox 2157 5714 2277 5761; x_wconf 75' lang='lat' dir='ltr'><strong>liao.</strong></span> <span class='ocrx_word' id='word_1_890' title='bbox 2312 5720 2504 5761; x_wconf 66' lang='lat' dir='ltr'><strong>secreta</strong></span> <span class='ocrx_word' id='word_1_891' title='bbox 2568 5711 2628 5761; x_wconf 74' lang='grc' dir='ltr'><strong>ἐἰ</strong></span> <span class='ocrx_word' id='word_1_892' title='bbox 2650 5711 2954 5761; x_wconf 69' lang='lat' dir='ltr'><strong>inrestiaarc</strong></span> <span class='ocrx_word' id='word_1_893' title='bbox 2977 5728 3075 5761; x_wconf 84' lang='lat' dir='ltr'><strong>non</strong></span> <span class='ocrx_word' id='word_1_894' title='bbox 3102 5713 3283 5761; x_wconf 75' lang='lat' dir='ltr'><strong>audeo-</strong></span> 
     </span>
    </p>
   </div>
   <div class='ocr_carea' id='block_1_111' title="bbox 2157 5711 3283 5782">
    <p class='ocr_par' dir='ltr' id='par_1_111' title="bbox 2157 5711 3283 5782">
     <span class='ocr_line' id='line_1_113' title="bbox 2157 5711 3283 5782; baseline 0.003 -19"><span class='ocrx_word' id='word_1_895' title='bbox 2157 5714 2277 5782; x_wconf 75' lang='lat' dir='ltr'><strong>figo,</strong></span> <span class='ocrx_word' id='word_1_896' title='bbox 2312 5720 2504 5772; x_wconf 61' lang='lat' dir='ltr'><strong>secreta</strong></span> <span class='ocrx_word' id='word_1_897' title='bbox 2537 5711 2628 5762; x_wconf 72' lang='grc' dir='ltr'><strong>ιδεί</strong></span> <span class='ocrx_word' id='word_1_898' title='bbox 2650 5711 2954 5781; x_wconf 68' lang='lat' dir='ltr'><strong>investigare</strong></span> <span class='ocrx_word' id='word_1_899' title='bbox 2977 5728 3075 5766; x_wconf 81' lang='lat' dir='ltr'><strong>non</strong></span> <span class='ocrx_word' id='word_1_900' title='bbox 3102 5713 3283 5766; x_wconf 75' lang='lat' dir='ltr'><strong>audeo.</strong></span> 
     </span>
    </p>
   </div>
  </div>
