4036 6180
376 341 449 399 :7
1459 340 1549 395 ne
1582 338 2116 397 consumens
2152 343 2264 400 nn
2304 346 2430 402 ue.
2473 349 2558 405 tu.
3579 355 3654 410 ,περ

385 457 500 529 plus
527 455 659 511 mihi
716 455 876 511 debet
928 471 1047 512 esse
1076 470 1234 524 (tt-am
1263 455 1426 521 ratio,
1458 454 1605 524 quod
1650 470 1682 508 ει
1729 454 1841 509 Deo
1887 454 1970 522 agi
2000 460 2049 517 Α
2078 465 2189 513 tam
2243 476 2490 530 magnam
2519 464 2851 523 credulitatis
2872 476 2926 523 et
2954 467 3076 524 ﬁdei
3120 469 3423 525 mercedem
3466 469 3520 524 in
3551 471 3652 526 hoc

386 555 576 603 cuncta
604 559 894 614 cognosco.
928 544 1068 600 Nihil
1110 559 1239 613 ergo
1269 544 1321 598 in
1350 545 1452 599 hac
1480 559 1540 598 re
1577 559 1715 615 opus
1760 551 1842 598 est
1869 560 1967 598 no-

386 654 509 693 vum
538 637 738 706 aliquid
769 637 986 702 audire;
1017 636 1149 691 satis
1177 637 1246 689 sil
1268 652 1366 706 pro
1389 636 1651 690 universis
1674 635 1974 689 rationibus

387 739 576 786 auctor
605 730 764 783 Deus.
801 728 909 782 Nec
938 729 1064 781 licet
1092 736 1151 782 ut
1180 729 1247 781 de
1278 727 1359 782 his
1386 742 1507 796 quae
1535 726 1718 781 divino
1745 733 1975 795 aguntur

387 821 611 874 arbitrio
637 862 650 883 ,
683 819 826 872 aliud
872 820 1020 874 dicas
1045 819 1249 887 justum
1274 861 1288 885 ,
1321 819 1462 872 aliud
1510 818 1769 887 iniustum
1803 835 1816 870 :
1847 816 1973 885 quia

387 910 646 979 quidquid
675 925 705 963 a
735 910 846 964 Deo
870 910 955 978 agi
982 910 1133 964 vides
1162 919 1322 979 atque
1350 910 1689 963 convinceris
1707 949 1721 973 ,
1753 922 1974 962 necesse

387 1010 467 1059 est
496 1003 616 1071 plus
644 1018 804 1072 quam
830 1003 1032 1071 justum
1062 1018 1182 1057 esse
1210 1001 1444 1056 fatearis.
1475 1001 1600 1055 llaec
1629 1015 1757 1070 ergo
1785 1001 1852 1055 de
1874 1015 1974 1069 gu-

385 1092 678 1147 bernaculo
710 1093 802 1146 Dei
835 1101 995 1161 atque
1018 1093 1222 1162 judicio
1252 1093 1650 1163 expeditissime
1678 1108 1742 1146 ac
1786 1092 1972 1146 fortis-

386 1184 520 1238 sime
548 1183 653 1238 dici
686 1193 927 1254 possunt.
961 1184 1145 1253 Neque
1174 1185 1317 1239 enim
1350 1199 1571 1239 necesse
1617 1190 1786 1238 estut
1814 1196 1973 1251 argu-

387 1276 581 1329 mentis
610 1290 640 1328 a
671 1290 756 1330 me
783 1276 1046 1345 probetur
1070 1276 1173 1347 41
1206 1277 1348 1347 quod
1378 1277 1481 1331 hoc
1503 1277 1619 1346 ipso
1647 1276 1771 1346 quia
1801 1289 1830 1328 a
1860 1274 1973 1329 Deo

385 1366 582 1420 dicitur
608 1368 1009 1437 comprobatur.
1057 1368 1241 1438 Itaque
1270 1384 1393 1423 cum
1440 1368 1666 1435 legimus
1712 1367 1913 1421 dictum
1942 1379 1974 1418 a

387 1457 499 1512 Deo
546 1460 671 1527 quia
724 1460 949 1529 aspiciat
973 1459 1172 1528 jugiter
1199 1475 1413 1514 onmem
1465 1468 1690 1521 terram,
1724 1457 1827 1513 hoc
1858 1459 1974 1527 ipso

386 1552 678 1619 probamus
723 1552 868 1620 quod
918 1553 1109 1622 aspicit
1150 1553 1276 1621 quia
1307 1552 1546 1622 aspicere
1574 1568 1632 1605 se
1660 1552 1820 1616 dicit;
1852 1566 1973 1605 cum

384 1641 611 1710 legimus
639 1642 783 1711 quod
814 1638 965 1710 regat
995 1652 1186 1698 cuncta
1216 1659 1337 1712 qua:
1392 1643 1515 1697 fecit
1538 1685 1551 1707 ,
1586 1644 1689 1697 hoc
1719 1642 1835 1712 ipso
1878 1657 1977 1711 ap-

385 1734 681 1803 probamus
708 1734 851 1802 quod
879 1735 1018 1803 regit
1069 1734 1193 1803 quia
1222 1749 1282 1788 se
1329 1747 1518 1800 regere
1551 1740 1817 1796 testatur;
1849 1746 1970 1785 cum

2074 551 2272 607 saaculo
2302 568 2420 608 esse
2441 555 2707 621 volumus,
2735 559 2909 626 qualis
2935 559 3223 614 credulitas
3261 568 3354 615 aut
3381 560 3509 615 ﬁdes
3538 562 3652 629 ipsa

2074 657 2194 697 esse
2241 643 2434 698 debeat
2472 646 2815 702 considerare
2859 648 3135 705 debemus.
3179 649 3318 717 Quid
3361 659 3446 705 est
3492 651 3653 718 igitur

2074 733 2361 787 credulitas
2380 744 2474 789 aut
2496 736 2659 790 ﬁdes?
2679 736 2902 807 Opinor,
2925 751 2950 776 ι
2966 740 3237 795 hominem
3253 741 3478 796 ﬁdeliter
3496 740 3641 795 Chri-

2074 834 2159 878 sto
2205 826 2458 890 credere,
2492 827 2546 881 id
2574 835 2689 891 est,
2721 826 2948 884 ﬁdeliter
2990 832 3085 885 Dei
3134 832 3381 885 mandata
3410 846 3648 886 servare.

2074 914 2224 970 Sicut
2245 917 2386 970 enim
2416 918 2558 973 servi
2585 920 2861 974 hominum
2889 922 3111 976 divitum
3137 933 3230 976 aut
3253 932 3647 991 procuratores,

2074 1007 2267 1074 quibus
2296 1009 2381 1062 vel
2410 1010 2756 1078 supellectilis
2783 1012 3002 1081 cepiosa
3030 1014 3114 1066 vel
3141 1013 3354 1066 cellaria
3396 1012 3650 1081 opulenta

2074 1099 2398 1163 creduntur,
2442 1100 2625 1156 ﬁdeles
2668 1102 2870 1172 absque
2897 1102 3061 1157 dubio
3106 1102 3213 1156 dici
3241 1117 3348 1156 non
3374 1113 3578 1171 queunt
3604 1102 3652 1155 si
3745 1142 3749 1146 -

2073 1204 2160 1243 res
2180 1190 2278 1244 sibi
2310 1191 2535 1246 traditas
2564 1187 2890 1257 devorarint,
2922 1194 2999 1248 sic
3036 1192 3279 1261 profecto
3309 1194 3468 1247 etiam
3497 1192 3651 1247 Chri-

2074 1280 2234 1335 stiani
2263 1282 2508 1335 homines
2542 1280 2784 1338 inﬁdeles
2813 1294 2960 1349 sunt,
2992 1287 3036 1338 si
3065 1285 3204 1338 bona
3233 1285 3333 1339 sibi
3363 1300 3393 1337 a
3424 1285 3534 1339 Deo
3562 1300 3652 1338 as-

2073 1374 2279 1441 signata
2309 1372 2667 1441 corruperint.
2690 1373 2956 1439 Quzeritur
2984 1373 3202 1430 forsitan
3232 1389 3352 1443 qum
3380 1375 3483 1428 sint
3511 1375 3652 1429 bona

2073 1476 2193 1531 qua:
2240 1462 2382 1516 Deus
2409 1462 2724 1517 Christianis
2755 1463 3060 1517 hominibus
3088 1464 3340 1530 assignet.
3371 1462 3518 1529 Qua),
3553 1464 3651 1519 nisi

2074 1554 2253 1607 omnia
2282 1568 2380 1622 per
2425 1568 2546 1621 qua:
2583 1555 2883 1629 credimus,
2919 1554 2969 1607 id
3006 1563 3125 1617 est,
3158 1555 3338 1608 omnia
3388 1569 3484 1623 per
3532 1568 3654 1621 quas

2073 1642 2363 1696 Christiani
2417 1644 2640 1697 sumus?
2687 1642 2921 1695 Primum
2971 1643 3174 1699 scilicet
3221 1643 3422 1709 legem,
3460 1642 3653 1697 deinde

2075 1733 2385 1802 prophetas,
2407 1734 2567 1788 tertio
2590 1733 2957 1801 Evangelium,
2975 1742 3169 1802 quarto
3199 1734 3521 1803 apostolicas
3541 1734 3653 1787 lec-

383 1823 612 1891 legimus
663 1824 807 1893 quod
838 1826 1093 1893 praesenti
1116 1824 1320 1893 judicio
1369 1825 1619 1878 universa
1667 1822 1967 1891 dispenset,
2003 1823 2050 1881 B
2075 1830 2267 1890 tiones,
2296 1835 2627 1895 postremum
2655 1826 3016 1893 generationis
3044 1841 3195 1879 nova:
3241 1840 3452 1889 munus,
3483 1825 3651 1879 sancti

382 1915 491 1969 hoc
543 1914 661 1984 ipso
703 1922 784 1968 est
825 1914 1046 1969 evidens
1092 1914 1235 1985 quod
1261 1914 1465 1984 judicat
1492 1914 1616 1983 quia
1645 1929 1705 1967 se
1729 1913 1970 1981 judicare

384 2003 688 2060 conﬁrmat.
722 2004 840 2059 Alia
889 2007 1031 2060 enim
1087 2006 1299 2071 omnia,
1334 2005 1385 2058 id
1414 2013 1513 2070 est,
1548 2006 1777 2058 humana
1806 2005 1966 2067 dicta,

383 2098 714 2166 argumentis
743 2113 805 2152 ac
836 2097 1061 2152 testibus
1090 2106 1267 2165 egent.
1301 2097 1395 2151 Dei
1426 2104 1603 2150 autem
1634 2110 1811 2149 sermo
1859 2095 1972 2163 ipse

382 2189 485 2243 sibi
517 2189 671 2243 testis
716 2195 818 2254 est,
850 2189 976 2257 quia
1007 2203 1227 2243 necesse
1268 2195 1351 2243 est
1378 2187 1633 2256 quidquid
1664 2186 1969 2253 incorrupta

383 2281 588 2335 veritas
616 2281 856 2349 loquitur
876 2322 891 2346 ,
924 2281 1290 2351 incorruptum
1321 2280 1390 2335 sit
1420 2278 1781 2334 testimonium
1827 2277 1971 2331 veri-

384 2373 527 2426 tatis.
560 2370 667 2427 Sed
697 2380 877 2427 tamen
908 2389 1029 2428 cum
1055 2389 1153 2443 per
1180 2372 1483 2441 Scripturas
1510 2383 1689 2425 sacras
1709 2369 1846 2423 scire
1876 2383 1974 2422 nos

382 2464 540 2531 quasi
567 2462 633 2517 de
662 2479 863 2518 arcano
892 2464 1055 2518 animi
1079 2480 1141 2517 ac
1169 2464 1365 2517 mentis
1385 2476 1494 2515 sua:
1521 2460 1764 2529 quaedam
1789 2458 1975 2512 volue-

382 2554 453 2608 rit
484 2553 626 2608 Deus
656 2564 858 2619 noster,
890 2555 1016 2623 quia
1057 2555 1230 2623 ipsum
1258 2550 1656 2621 quodammodo
1685 2548 1975 2617 Scriptura:

383 2659 552 2699 sacrae
579 2645 857 2699 oraculum
888 2645 983 2699 Dei
1026 2660 1178 2699 mens
1206 2651 1320 2708 est;
1351 2640 1608 2710 quidquid
1634 2640 1723 2694 vel
1756 2639 1974 2707 agnosci

384 2753 487 2808 per
536 2753 666 2791 suos
712 2736 798 2791 vel
844 2736 1122 2807 prcedicari
1177 2736 1320 2790 Deus
1365 2734 1569 2798 voluit,
1602 2748 1710 2786 non
1760 2730 1971 2785 tacebo.

385 2826 566 2883 Unum
588 2828 835 2897 quamvis
851 2829 1161 2898 priusquam
1181 2827 1326 2896 loqui
1350 2826 1547 2892 ordiar,
1571 2824 1711 2879 scire
1739 2824 1971 2893 cupiam,

383 2933 511 2974 cum
532 2916 849 2972 Christianis
876 2918 1008 2972 mihi
1038 2917 1365 2986 loquendum
1394 2932 1460 2970 an
1491 2931 1611 2971 cum
1640 2916 1863 2986 paganis
1883 2916 1971 2969 sit.

383 3008 443 3064 Si
477 3009 619 3064 enim
648 3025 769 3064 cum
798 3009 1117 3064 Christianis
1142 3049 1157 3074 ,
1197 3009 1546 3078 probaturum
1573 3022 1659 3062 me
1688 3006 1832 3075 quod
1874 3019 1975 3074 ago

376 3117 509 3160 esse
553 3117 659 3155 non
706 3100 930 3165 dubito;
982 3100 1026 3156 si
1056 3109 1234 3155 autem
1283 3116 1403 3155 cum
1458 3099 1713 3170 paganis,
1747 3100 1975 3168 probare

2075 1918 2412 1987 baptismatis
2457 1918 2715 1986 gratiam,
2748 1916 2909 1971 divini
2957 1918 3259 1973 chrismatis
3303 1916 3650 1971 unctionem:
3696 1917 3741 1945 κ

2072 2010 2281 2065 scilicet
2308 2016 2367 2062 ut
2394 2009 2533 2062 sicut
2561 2007 2703 2078 apud
2752 2007 3006 2062 Hebraeos
3028 2007 3316 2075 quondam,
3348 2006 3402 2060 id
3429 2012 3528 2070 est,
3561 2019 3655 2074 pe-

2073 2101 2329 2156 culiarem
2374 2116 2437 2155 ac
2464 2100 2737 2170 propriam
2768 2100 2863 2155 Dei
2908 2108 3153 2168 gentem,
3184 2113 3306 2153 cum
3344 2097 3657 2165 judiciarius

2072 2195 2250 2249 honor
2281 2195 2335 2248 in
2377 2200 2704 2263 potestatem
2762 2193 2964 2261 regiam
2994 2190 3425 2252 transcendisset,
3456 2189 3653 2259 proba-

2077 2286 2312 2340 tissimos
2339 2293 2393 2339 et
2432 2284 2748 2339 lectissimos
2777 2284 2921 2338 viros
2957 2298 3055 2353 per
3078 2290 3405 2350 unguentum
3452 2281 3655 2349 regium

2075 2376 2217 2432 Deus
2246 2374 2458 2429 vocavit
2483 2374 2538 2428 in
2566 2387 2788 2441 regnum
2807 2411 2822 2436 ,
2864 2373 2943 2427 sic
2969 2386 3157 2426 omnes
3197 2370 3443 2424 homines
3470 2367 3655 2423 Chris-

2074 2466 2225 2526 tiani,
2257 2481 2377 2519 cum
2416 2472 2539 2534 post
2584 2465 2817 2519 chrisma
2864 2461 3286 2517 ecclesiasticum
3332 2459 3512 2512 omnia
3564 2457 3657 2511 Dei

2076 2558 2328 2609 mandata
2375 2555 2481 2626 [.3
2514 2555 2794 2618 fecissent,
2824 2552 2892 2607 ad
2919 2552 3238 2622 capiendum
3289 2550 3490 2604 laboris
3517 2565 3657 2619 pra:-

2075 2648 2241 2702 mium
2257 2655 2580 2699 vocarentur
2598 2644 2665 2697 ad
2679 2643 2893 2700 coelum.
2917 2640 3053 2696 Cum
3073 2656 3201 2710 ergo
3224 2642 3322 2695 ista
3347 2641 3454 2694 sint
3478 2638 3659 2693 omnia

2077 2752 2173 2808 per
2200 2751 2320 2806 quae
2347 2735 2479 2790 ﬁdes
2508 2742 2734 2798 constat,
2766 2733 3040 2789 videamus
3064 2732 3185 2801 quis
3225 2739 3370 2785 tanta
3398 2732 3512 2784 haec
3536 2727 3660 2783 ﬁdei

2075 2835 2410 2884 sacramenta
2458 2825 2725 2883 custodiat
2761 2832 2820 2879 ut
2860 2822 3031 2879 ﬁdelis
3074 2836 3194 2877 esse
3224 2820 3501 2874 videatur:
3534 2817 3661 2886 quia

2076 2916 2308 2974 inﬁdelis
2329 2958 2344 2983 ,
2372 2925 2433 2971 ut
2459 2916 2718 2981 diximus,
2748 2915 2818 2969 sit
2843 2928 3063 2969 necesse
3090 2920 3174 2967 est
3199 2910 3291 2980 qui
3336 2908 3459 2964 ﬁdei
3507 2922 3660 2963 com-

2076 3012 2240 3065 missa
2282 3025 2392 3064 non
2421 3014 2617 3062 servat.
2650 3006 2718 3060 Et
2744 3006 2960 3075 quidem
3007 3019 3115 3059 non
3142 3017 3325 3073 quiero
3372 3007 3431 3054 ut
3466 3006 3661 3055 cuncta

2078 3098 2239 3156 faciat
2258 3114 2377 3168 qua:
2402 3102 2722 3153 testamenta
2749 3096 2977 3149 duorum
3003 3102 3304 3163 temporum
3322 3090 3528 3160 jubent.
3555 3087 3662 3142 Re-

384 3201 681 3248 contemno
716 3210 728 3243 :
765 3198 877 3246 non‘
925 3192 1051 3260 quia
1097 3191 1342 3246 deﬁciam
1390 3192 1443 3244 in
1491 3189 1841 3259 probatione,
1882 3192 1975 3243 sed
2005 3191 2051 3253 C
2081 3194 2238 3247 mitto
2283 3205 2566 3247 censuram
2614 3189 2746 3257 legis
2774 3188 3035 3256 antiquae,
3066 3186 3284 3240 remitto
3324 3197 3510 3238 omnes
3536 3197 3665 3252 pro-

385 3285 515 3356 quia
548 3284 889 3355 profuturum
946 3283 1090 3353 quod
1123 3284 1313 3352 loquor
1340 3298 1456 3338 esse
1491 3282 1739 3351 despero.
1770 3279 1977 3335 Infruc-

389 3385 585 3429 tuosus
630 3374 831 3444 quippe
880 3382 963 3428 est
992 3382 1047 3427 et
1076 3374 1249 3428 inanis
1296 3374 1472 3439 labor,
1497 3374 1585 3426 ubi
1634 3389 1740 3427 non
1789 3373 1981 3441 recipit

386 3468 770 3539 probationem
822 3483 1021 3537 pravus
1070 3466 1301 3520 auditor.
1350 3466 1455 3520 Sed
1502 3475 1681 3519 tamen
1708 3466 1831 3533 quia
1863 3480 1981 3519 esse

388 3558 602 3613 nullum
632 3558 852 3612 omnino
879 3558 1110 3610 arbitror
1136 3554 1426 3610 Christiani
1452 3555 1681 3610 nominis
1708 3554 1981 3609 hominem

388 3649 485 3717 qui
517 3664 626 3701 non
659 3663 717 3701 se
767 3645 1132 3700 Christianum
1161 3646 1330 3700 videri
1359 3646 1514 3710 velit,
1544 3659 1644 3714 ego
1672 3661 1794 3700 cum
1822 3644 1982 3699 Chri-

387 3739 576 3793 stiano
606 3753 779 3806 agam.
812 3737 1065 3804 Quamvis
1103 3736 1245 3791 enim
1269 3738 1390 3806 quis
1418 3737 1593 3806 impiae
1622 3752 1686 3791 ac
1713 3737 1984 3805 paganica:

390 3829 730 3884 inﬁdelitatis
755 3831 843 3896 sit,
869 3831 997 3885 mihi
1027 3838 1208 3885 tamen
1228 3830 1360 3885 satis
1379 3836 1460 3884 est
1480 3845 1509 3883 a
1532 3826 1836 3884 Christiano
1857 3844 1986 3899 pro-

388 3918 512 3975 bari
541 3922 684 3991 quod
711 3921 853 3977 dico.

469 4011 533 4065 ll.
564 4009 814 4068 Causaris
863 4013 1025 4081 igitur
1071 4014 1199 4084 quid
1227 4012 1295 4068 sit
1322 4011 1462 4067 istud
1508 4011 1654 4082 quod
1696 4009 1986 4065 Christiani

391 4104 490 4173 qui
520 4103 685 4158 Deum
706 4105 996 4172 credimus,
1028 4106 1339 4160 miseriores
1361 4104 1608 4160 omnibus
1635 4120 1839 4159 sumus.
1865 4102 1988 4158 Suf—

394 4192 563 4248 ﬁccre
591 4194 806 4263 quidem
832 4196 963 4250 mihi
993 4198 1058 4250 ad
1090 4195 1525 4266 respondendum
1554 4194 1660 4249 hoc
1686 4196 1806 4251 loco
1836 4205 1991 4266 pote-

392 4294 486 4340 rat
515 4286 655 4353 quod
688 4286 975 4356 Apostolus
1003 4288 1069 4342 ad
1091 4287 1358 4344 Ecclesias
1385 4289 1512 4345 dicit
1541 4308 1552 4343 :
1587 4287 1639 4343 Ν
1644 4307 1756 4343 emo
1784 4305 1989 4342 movea—

392 4385 487 4430 tur
512 4379 564 4430 in
594 4377 1029 4435 tribulationibus.
1056 4379 1170 4450 Ipsi
1197 4382 1334 4435 enim
1362 4383 1504 4435 scitis
1533 4380 1638 4452 42
1662 4383 1782 4453 quia
1812 4384 1866 4435 in
1899 4382 1992 4435 Ιςοσ

395 4467 558 4538 positi
585 4481 759 4521 sumus
791 4467 849 4536 (Ι
880 4467 1115 4523 Tltessal.
1150 4486 1238 4533 ιιι,
1272 4469 1363 4540 ὅ).
1398 4470 1465 4523 Et
1490 4470 1612 4525 ideo
1654 4488 1776 4526 cum
1809 4473 1860 4525 in
1893 4473 1996 4526 hoc

2083 3285 2365 3356 phetarum
2392 3281 2597 3346 minas;
2628 3280 2845 3334 remitto
2873 3280 3034 3333 etiam
3071 3291 3191 3347 quae
3217 3273 3416 3330 remitti
3445 3273 3665 3328 omnino

2083 3392 2192 3431 non
2222 3383 2466 3445 possunt,
2497 3374 2583 3427 vel
2611 3373 3031 3443 apostolicorum
3078 3370 3335 3424 librorum
3391 3364 3667 3420 severissi-

2082 3483 2227 3521 mam
2279 3465 2670 3520 institutionem
2694 3503 2711 3529 ,
2741 3464 2827 3517 vel
2854 3461 3297 3529 Evangelicorum
3338 3457 3665 3511 voluminum

2084 3560 2298 3630 plenam
2326 3558 2472 3612 omni
2494 3556 2839 3627 perfectionis
2866 3569 3061 3623 genere
3101 3553 3421 3608 doctrinam.
3453 3547 3673 3601 Paucis-

2084 3652 2234 3707 simis
2254 3651 2443 3704 saltem
2466 3648 2747 3719 praeceptis
2763 3647 2859 3702 Dei
2885 3646 3004 3715 quis
3030 3645 3357 3713 obsequatur
3372 3643 3667 3707 interrogo.

2085 3742 2195 3798 Nec
2224 3742 2315 3797 illa
2345 3740 2466 3796 dico
2487 3756 2607 3811 qua:
2636 3742 2708 3794 ita
2738 3738 2889 3792 multi
2919 3735 3206 3803 refugiunt,
3234 3742 3292 3787 ut
3320 3748 3458 3811 pene
3487 3739 3539 3786 et
3570 3746 3666 3785 ex-

2086 3842 2382 3890 secrentur.
2417 3832 2645 3887 Tantum
2676 3830 2815 3900 apud
2845 3845 2943 3885 nos
2965 3830 3139 3882 honor
3164 3834 3219 3881 et
3242 3824 3544 3880 reverentia
3577 3822 3669 3877 Dei

2088 3926 2317 3997 proﬁcit,
2354 3934 2411 3979 ut
2431 3940 2549 3993 qum
2578 3922 2920 3978 indevotinne
2957 3936 3060 3974 non
3095 3918 3332 3983 facimus,
3358 3917 3521 3971 etiam
3548 3914 3671 3969 odio

2087 4020 2247 4088 digna
2276 4033 2393 4072 esse
2418 4016 2693 4070 ducamus.
2736 4011 2936 4067 Deinde
2964 4013 3067 4065 hoc
3090 4008 3235 4078 quod
3254 4008 3503 4062 Salvator
3530 4004 3677 4073 cogi-

2089 4119 2206 4166 tare
2235 4125 2335 4164 nos
2361 4107 2429 4162 de
2471 4106 2707 4161 crastino
2737 4104 3012 4174 prohibuit
3041 4100 3263 4173 (Matth.
3293 4116 3366 4163 vi,
3396 4097 3530 4166 64),
3560 4096 3678 4166 quis

2090 4201 2278 4257 audire
2308 4198 2600 4267 dignatur?
2629 4194 2783 4261 Quod
2817 4201 3101 4248 contentos
3124 4190 3349 4257 singulis
3378 4187 3572 4241 tunicis
3594 4186 3670 4255 ju-

2092 4292 2184 4346 bet
2234 4304 2353 4345 esse
2376 4330 2390 4355 ,
2421 4288 2543 4358 quis
2589 4286 2823 4355 recipit?
2852 4283 3005 4350 Quod
3054 4280 3329 4335 ambulare
3357 4276 3385 4317 δ
3416 4277 3689 4332 excalcios

2094 4384 2356 4455 praecipit,
2387 4382 2506 4453 quis
2541 4395 2650 4435 non
2696 4377 2858 4433 modo
2883 4373 3207 4439 faciendum,
3237 4371 3330 4427 sed
3376 4370 3463 4426 vel
3507 4367 3689 4424 feren-

2097 4477 2223 4531 dum
2266 4473 2590 4529 arbitratur?
2621 4471 2806 4539 Itaque
2833 4476 2889 4523 et
2916 4482 3015 4537 ego
3045 4467 3145 4521 ista
3184 4471 3469 4535 praetereo.
3496 4460 3552 4516 In
3581 4462 3690 4515 hoc

395 4559 611 4628 positos
640 4576 737 4614 nos
766 4576 883 4615 esse
910 4576 941 4615 a
970 4561 1081 4616 Deo
1111 4562 1400 4632 Apostolus
1422 4563 1582 4627 dicat,
1617 4573 1674 4618 ut
1703 4580 1988 4631 :erumnas,
2026 4552 2071 4610 D
2097 4569 2241 4623 enim
2273 4565 2403 4619 ﬁdes
2422 4579 2519 4634 per
2538 4578 2698 4632 quam
2719 4559 3053 4622 conﬁdimus,
3078 4557 3264 4611 recidit
3286 4564 3345 4609 ut
3365 4570 3483 4621 quae
3503 4552 3692 4606 Domi-

397 4657 462 4703 ut
493 4649 755 4715 miserias,
780 4658 837 4706 ut
868 4654 1112 4709 tristitias
1140 4653 1490 4723 perferamus,
1515 4656 1641 4724 quid
1687 4656 1879 4710 mirum
1911 4665 1994 4711 est

394 4743 442 4797 si
479 4742 617 4795 mala
644 4753 835 4798 cuncta
866 4744 1208 4814 perferimus,
1238 4747 1328 4816 qui
1359 4746 1424 4801 ad
1457 4748 1735 4803 toleranda
1764 4756 1991 4805 adversa

396 4831 585 4887 omnia
616 4833 946 4888 militamus?
976 4835 1079 4889 Sed
1102 4838 1230 4905 quia
1252 4837 1403 4891 multi
1427 4838 1526 4892 ista
1548 4854 1656 4892 non
1684 4840 1918 4908 sapiunt,
1940 4848 1995 4894 et

396 4932 598 4996 putant
627 4925 873 4981 homines
900 4925 1235 4984 Christianos
1263 4930 1377 4985 haec
1405 4932 1558 4999 quasi
1580 4933 1845 5002 stipendia
1870 4932 1993 4988 ﬁdei

396 5030 517 5071 suae
546 5031 577 5069 a
608 5015 718 5071 Deo
746 5032 942 5087 capere
960 5018 1177 5085 debere,
1210 5028 1270 5074 ut
1297 5023 1425 5090 quia
1454 5022 1563 5076 sint
1585 5024 1793 5079 cunctis
1821 5026 1997 5093 genti-

396 5108 507 5163 bus
543 5108 932 5177 religiosiores,
963 5111 1069 5166 sint
1111 5113 1320 5167 cunctis
1367 5115 1530 5168 etiam
1578 5116 1845 5182 fortiores,
1899 5133 1991 5174 ac-

397 5201 752 5271 quiescamus
780 5203 1024 5273 Opinioni
1045 5220 1232 5259 eorum
1263 5214 1426 5274 atque
1455 5208 1754 5263 sententize.
1782 5208 1887 5264 Sed
1915 5210 1995 5264 vi-

398 5291 633 5347 deamus
656 5301 834 5349 tamen
859 5295 987 5362 quid
1014 5296 1083 5350 sit
1100 5296 1265 5350 Deum
1286 5295 1511 5351 ﬁdeliter
1532 5298 1699 5352 credi.
1728 5298 1831 5366 Qui
1853 5303 1995 5357 enim

2099 4677 2199 4715 nus
2212 4659 2363 4712 nobis
2376 4657 2628 4711 salutaria
2643 4669 2760 4708 esse
2772 4652 2962 4713 voluit,
2979 4666 3077 4704 nos
3088 4646 3682 4718 superﬁuajudicemus.

2171 4753 2405 4822 Diligite,
2448 4747 2904 4817 inquitSalvator,
2934 4745 3171 4797 inimicos
3209 4750 3418 4799 vestros,
3472 4738 3684 4807 benefa-

2098 4848 2197 4899 cite
2224 4845 2304 4897 his
2324 4845 2409 4914 qui
2438 4841 2655 4895 oderunt
2683 4854 2788 4903 vos,
2822 4846 2872 4889 et
2901 4845 3046 4890 orate
3080 4851 3172 4905 pro
3202 4828 3614 4903 persequentibus
3641 4834 3688 4881 et

2100 4933 2534 4991 calumniantibus
2568 4947 2653 4983 vos
2686 4927 2909 4999 (Matth.
2942 4944 2995 4991 v,
3026 4924 3137 4995 Η).
3191 4923 3321 4989 Quis
3348 4922 3461 4977 haec
3509 4919 3686 4975 omnia

2100 5027 2264 5083 facit?
2292 5025 2422 5091 Quis
2449 5037 2547 5092 pro
2570 5018 2797 5073 inimicis
2825 5017 2934 5072 suis
2956 5017 3056 5070 ista
3078 5029 3196 5083 qua:
3216 5013 3358 5066 Deus
3380 5009 3557 5081 jussit,
3583 5023 3689 5064 non

2103 5121 2225 5175 dico
2263 5116 2423 5177 votis,
2473 5112 2567 5167 sed
2612 5111 2789 5183 verbis
2828 5108 3020 5162 saltem
3046 5120 3205 5172 agere
3253 5101 3534 5171 dignatur?
3585 5096 3689 5151 Aut

2104 5211 2268 5266 etiam
2297 5208 2343 5262 si
2372 5205 2491 5276 quis
2519 5218 2578 5258 se
2607 5202 2751 5271 cogit
2779 5208 2839 5255 ut
2866 5199 3044 5263 faciat,
3074 5196 3201 5251 facit
3223 5204 3403 5249 tamen
3432 5208 3547 5258 ore,
3580 5206 3687 5244 non

2104 5309 2303 5357 mente.
2349 5295 2572 5351 Praestat
2616 5293 2832 5364 quidem
2874 5290 3022 5345 vocis
3064 5287 3334 5349 ofﬁcium,
3384 5284 3477 5339 sed
3525 5282 3690 5336 animi

1584 5409 1921 5469 STEPHANI
1960 5411 2228 5469 BALUle
2266 5406 2491 5464 NOTAE.

481 5507 507 5536 ⁸
551 5497 682 5570 Vide
713 5500 869 5566 infra,
903 5516 1022 5570 pag.
1057 5500 1124 5554 59
1146 5544 1160 5565 ,
1195 5502 1246 5555 in
1285 5501 1436 5555 initio
1466 5503 1584 5556 libri
1617 5520 1684 5559 tv.
1719 5505 1882 5558 Aiunt
1910 5522 1999 5559 au-

400 5579 518 5648 tem
540 5569 952 5648 Centuriatores
977 5571 1693 5648 Magdeburgcnsescentur.
1721 5575 1773 5637 ὅ,
1797 5592 1915 5645 cap.
1943 5573 1995 5638 οἱ,

400 5637 718 5695 Salvianum
748 5657 855 5696 non
880 5652 1025 5697 recte
1049 5637 1151 5697 hoc
1176 5637 1294 5697 loco
1325 5642 1593 5697 detiniisse
1625 5644 1798 5697 tidmn.

478 5707 509 5787 lt
548 5708 841 5787 Admonuit
867 5710 1105 5767 Pithcnus
1133 5713 1185 5787 in
1217 5715 1383 5787 veteri
1411 5730 1507 5767 suo
1539 5715 1724 5787 codice
1744 5716 2000 5787 scriptum

408 5778 581 5843 fuisse
621 5782 897 5845 excalcios,
950 5791 1005 5837 et
1054 5784 1268 5852 quidem
1322 5783 1546 5837 fortasse
1575 5786 1788 5838 rectius.
1826 5778 2006 5854 Itaque

2102 5519 2222 5557 cum
2247 5514 2435 5567 magna
2453 5498 2521 5551 sit
2543 5497 2593 5550 in
2615 5497 2718 5550 hoc
2746 5496 2863 5549 loco
2886 5494 3168 5567 consensio
3190 5487 3692 5567 codicisCorbeicn-

2106 5575 2180 5628 sis
2229 5581 2283 5627 et
2308 5560 2591 5642 l‘ithmani,
2648 5567 2931 5642 lectionem
2976 5564 3127 5642 illam
3162 5560 3497 5625 retinuimus,
3535 5576 3691 5642 repu-

2108 5645 2247 5696 diata
2279 5641 2515 5696 editione
2543 5630 2663 5693 cum
2694 5634 2888 5689 Pithmi
2920 5641 3029 5686 tum
3059 5631 3305 5695 aliorum,
3339 5645 3565 5701 quin-um
3605 5630 3691 5686 ille

2109 5730 2181 5778 sci
2201 5714 2320 5783 ipsit
2346 5710 2675 5773 crcalriatos,
2706 5706 2791 5762 isti
2820 5703 3158 5758 excalceatus.
