4036 6180
381 339 450 395 59
1294 341 1349 395 s.
1393 338 1705 394 suum
1744 334 2201 391 usssmuusrs
2239 334 2665 392 PRESBYTER!
3553 343 3629 399 σο

380 469 485 509 non
512 460 683 508 mutat
712 453 976 509 aﬂ'ectum.
1026 453 1104 507 Ae
1131 468 1226 521 per
1255 452 1357 506 hoc
1394 450 1606 505 etiamsi
1634 462 1731 517 pro
1760 446 1951 501 advcr-
1981 449 2029 508 Λ
2054 445 2240 515 dignus
2272 443 2485 515 (Matth.
2513 463 2564 508 χ,
2597 447 2718 515 93).
2750 446 2814 499 Et
2842 448 2933 514 qui
2979 463 3037 501 se
3076 446 3437 503 Christianum
3473 450 3623 515 dicit,

380 543 525 596 sario
562 558 661 597 suo
699 558 854 598 orare
896 556 953 596 se
1003 541 1184 609 cogit,
1234 540 1488 611 loquitur,
1530 554 1638 593 non
1678 545 1944 608 precatur.

320 650 332 683 ἐι
383 632 621 703 Longum
651 642 734 688 est
752 634 817 688 de
845 633 1066 701 singulis
1093 632 1287 686 dicere.
1317 631 1423 686 Sed
1442 631 1617 685 adhuc
1641 637 1823 683 tamen
1850 629 1948 682 ali-

321 703 329 771 ῗ
381 725 507 793 quid
534 724 742 788 addam,
767 733 824 778 ut
850 724 1204 791 intelligamus
1235 737 1332 775 nos
1360 737 1466 775 non
1505 720 1666 775 modo
1694 735 1803 773 non
1831 734 1949 773 om-

383 814 538 868 nibus
565 813 671 884 44
700 812 795 867 Dei
840 813 1211 881 obtemperare
1239 812 1444 877 verbis,
1487 810 1579 865 sed
1619 810 1777 864 nullis
1814 823 1955 878 pene

382 901 523 957 illius
551 903 769 957 obedire
797 901 1077 957 mandatis.
1110 900 1174 953 Et
1214 900 1334 955 ideo
1381 899 1669 968 Apostolus
1706 898 1902 952 clamat
1934 915 1946 949 :

384 990 526 1046 Nam
553 995 641 1063 qui
668 1010 723 1046 se
749 993 1013 1045 existimat
1054 1008 1162 1045 esse
1198 990 1410 1061 aliquid,
1442 1006 1555 1045 cum
1603 988 1734 1042 nihil
1762 989 1851 1053 sit,
1898 1003 1952 1041 se

379 1086 547 1154 ipsum
575 1084 769 1137 seducit
795 1082 944 1152 (Gal.
977 1100 1046 1145 vi,
1078 1083 1153 1150 5).
1189 1082 1300 1135 lloc
1327 1083 1467 1135 enim
1499 1080 1564 1134 ad
1603 1081 1824 1135 crimina
1861 1094 1953 1132 no-

380 1183 490 1229 stra
517 1174 791 1240 addimus,
841 1182 900 1227 ut
924 1189 1043 1229 cum
1076 1174 1127 1226 in
1169 1173 1416 1227 omnibus
1458 1171 1537 1225 rei
1575 1171 1759 1234 simus,
1790 1171 1952 1224 etiam

381 1263 554 1317 bonos
573 1278 671 1316 nos
689 1272 742 1316 ct
769 1272 983 1317 sanctos
1029 1276 1147 1316 esse
1185 1262 1487 1324 credamus,
1508 1276 1570 1314 ac
1602 1260 1679 1313 sic
1707 1260 1757 1312 in
1800 1258 1954 1312 nobis

383 1354 721 1408 cumulentur
762 1355 1055 1423 iniquitatis
1083 1353 1299 1408 offensa:
1337 1354 1499 1406 etiam
1538 1351 1954 1421 prmsumptione

378 1445 624 1513 justitim.‘
649 1444 749 1508 Qui
785 1446 923 1508 odit,
954 1446 1123 1514 inquit
1162 1443 1487 1513 Apostolus,
1527 1446 1740 1512 fratrem
1784 1457 1953 1506 suum,

382 1535 637 1588 homicida
657 1545 730 1589 est
755 1535 811 1606 (ι
844 1535 1001 1589 Joan.
1044 1552 1120 1598 ιιι,
1152 1533 1219 1586 l5
1247 1533 1287 1603 ).
1329 1533 1630 1600 Intelligere
1669 1546 1797 1600 ergo
1826 1546 1955 1600 pos-

380 1639 563 1678 sumus
591 1626 785 1679 multos
805 1641 921 1679 esse
947 1625 1242 1679 homicidas
1269 1624 1361 1693 qui
1388 1639 1446 1678 se
1466 1624 1713 1678 innoxios
1740 1629 1950 1692 putant,

381 1713 526 1781 quia.
559 1722 616 1766 ut
638 1714 897 1778 videmus,
923 1714 1264 1769 homicidium
1295 1730 1399 1767 non
1430 1714 1545 1768 sola
1581 1713 1952 1768 tantummodo

383 1802 677 1857 occidentis
695 1819 872 1868 manu,
904 1803 998 1858 sed
1027 1805 1188 1858 etiam
1218 1805 1445 1859 odieutis
1468 1804 1645 1857 animo
1674 1812 1951 1873 perpetra-
1983 1796 2024 1854 Β

381 1899 484 1946 tur.
520 1891 671 1946 Unde
699 1901 783 1947 est
808 1894 952 1962 quod
980 1893 1226 1948 Salvator
1266 1895 1500 1949 mandati
1527 1896 1678 1949 istius
1706 1912 1950 1949 normam

380 1998 604 2037 censura
631 1984 803 2039 adhuc
830 1987 1098 2040 severiore
1142 1987 1429 2041 cumulavit
1457 1986 1642 2044 dicens
1668 2006 1680 2040 :
1714 1987 1813 2052 Qui
1842 1990 1953 2042 ira-

379 2074 540 2125 scitur
565 2074 718 2143 fratri
744 2091 837 2128 suo
867 2076 979 2129 sine
1004 2093 1189 2137 causa,
1232 2094 1346 2131 reus
1378 2078 1475 2131 erit
1500 2078 1699 2147 judicio
1724 2078 1947 2149 (Matth.

379 2179 432 2226 v,
464 2162 576 2230 9‘2).
608 2163 690 2217 lra
720 2173 891 2219 mater
931 2175 1012 2220 est
1053 2168 1180 2221 odii.
1216 2167 1284 2219 Et
1330 2168 1449 2222 ideo
1491 2167 1739 2222 Salvator
1771 2170 1952 2224 exclu—

381 2252 509 2309 dere
549 2255 680 2308 iram
715 2255 913 2320 voluit,
959 2272 1025 2311 ne
1066 2272 1133 2311 ex
1164 2257 1239 2311 ira
1288 2259 1466 2312 odium
1516 2268 1843 2313 nasceretur.
1894 2259 1954 2314 Si

381 2358 510 2411 ergo
540 2361 646 2398 non
674 2345 845 2400 solum
876 2346 1073 2411 odium,
1106 2349 1199 2402 sed
1228 2349 1389 2402 etiam
1420 2348 1495 2403 ira
1522 2365 1620 2404 nos
1649 2351 1702 2404 in
1743 2351 1835 2405 Dei
1865 2350 1952 2419 ju-

381 2434 522 2487 dicio
568 2450 692 2489 reos
737 2434 915 2499 faciet,
951 2437 1225 2492 evidenter
1270 2432 1608 2505 agnoscimus
1644 2441 1788 2510 quod
1816 2442 1954 2496 sicut

382 2524 556 2577 nullus
580 2526 796 2579 omnino
833 2533 916 2580 est
960 2527 1209 2581 immunis
1237 2528 1304 2582 ab
1345 2530 1641 2594 iracundia,
1669 2532 1746 2586 sic
1777 2533 1954 2586 nullus

383 2615 601 2669 omnino
639 2614 885 2670 immunis
931 2632 1048 2672 esse
1094 2620 1291 2686 poterit
1319 2634 1347 2673 a
1385 2629 1558 2674 reatu.
1606 2620 1953 2690 Prosequitur

383 2714 561 2759 autem
601 2705 856 2764 Dominus
890 2709 1042 2777 quasi
1079 2709 1234 2762 fibras
1265 2710 1514 2778 prtecepti
1556 2710 1723 2775 istius,
1756 2721 1809 2764 et
1836 2727 1953 2766 om-

385 2812 480 2852 nes
518 2798 733 2867 penitus
778 2798 995 2855 frutices
1047 2816 1109 2856 ac
1155 2804 1484 2858 rumusculos
1524 2812 1671 2858 secat
1709 2805 1891 2860 dicens
1935 2824 1949 2858 :

385 2886 485 2950 Qui
526 2898 695 2943 autem
721 2888 910 2942 dixerit
929 2930 943 2950 .
971 2892 1130 2960 fatue,
1154 2908 1268 2945 rcus
1288 2894 1384 2946 erit
1401 2894 1644 2963 gehennae
1662 2896 1816 2965 ignis.
1853 2895 1955 2959 Qui

383 2978 573 3030 dixerit
602 2980 754 3047 fratri
785 2995 876 3032 suo
899 3019 912 3042 ,
962 2981 1152 3044 racha,
1196 2998 1309 3036 reus
1347 2986 1445 3036 erit
1482 2985 1697 3039 concilio
1729 2986 1745 3056 (
1765 2984 1949 3055 Ibid.).

384 3073 411 3102 ⁸
444 3064 621 3119 Rat-ha
651 3066 792 3134 quod
821 3080 988 3134 genus
1015 3069 1085 3122 sit
1105 3072 1443 3125 contumelia:
1464 3111 1479 3134 ,
1504 3074 1653 3127 multi
1689 3075 1950 3129 nesciunt.

2051 536 2229 601 debet,
2258 537 2704 605 quemadmodum
2724 538 2965 592 Christus
2987 539 3296 604 ambulavit,
3320 540 3397 594 sic
3435 549 3491 595 et
3511 542 3624 613 ipse

2051 630 2325 684 ambulare
2356 630 2401 697 (l
2429 631 2586 685 Joan.
2620 649 2675 698 ιι,
2705 631 2738 685 6
2765 632 2840 702 )7:
2885 648 3003 701 qua:
3040 650 3147 689 non
3184 636 3342 690 modo
3367 637 3487 693 illos
3530 640 3622 707 qui.

2050 719 2355 788 voluptates
2380 729 2433 773 et
2462 736 2683 790 pompas
2714 722 2891 776 sreculi
2931 731 3243 790 sequuntur,
3286 726 3379 781 sed
3407 742 3475 781 ne
3505 728 3624 784 illos

2050 807 2263 877 quidem
2293 809 2513 877 implere
2550 818 2753 863 certum
2796 818 2878 866 est
2916 812 3009 879 qui
3039 810 3065 849 δ
3100 814 3384 870 saeculares
3412 831 3625 873 amores

2050 898 2445 968 derelinquunt.
2472 900 2604 954 Nam
2626 910 2682 956 et
2705 902 2792 971 qui
2814 904 3122 959 renuntiare
3143 904 3339 960 divitiis
3354 907 3618 974 videntur,

2051 1003 2157 1040 non
2182 988 2261 1042 sic
2290 990 2597 1042 renuntiant
2624 999 2683 1044 ut
2713 992 2926 1059 penitus
2952 994 3287 1049 renuntiasse
3319 996 3617 1052 videantur.

2050 1074 2119 1129 Et
2139 1077 2229 1144 qui
2252 1086 2506 1146 putantur
2524 1095 2735 1133 crucem
2779 1090 2995 1150 portare
3016 1123 3035 1146 ,
3064 1083 3141 1137 sic
3169 1092 3383 1152 portant
3411 1094 3469 1140 ut
3503 1087 3622 1156 plus

2052 1166 2286 1221 habeant
2313 1179 2334 1206 ο
2387 1169 2439 1221 in
2466 1170 2641 1224 crucis
2664 1172 2882 1226 nomine
2908 1172 3369 1243 dignitatis,quam
3413 1176 3466 1230 in
3502 1193 3622 1245 pas-

2051 1258 2202 1312 sione
2229 1259 2491 1328 supplicii.
2534 1259 2602 1312 Et
2629 1275 2815 1315 omnes
2843 1270 3021 1316 tamen
3065 1264 3154 1317 isti
3184 1265 3392 1320 etiamsi
3424 1267 3622 1335 aliquid

2051 1350 2242 1404 horum
2277 1351 2416 1403 bona
2463 1350 2566 1405 fide
2612 1352 2984 1421 adimplerent,
3030 1354 3158 1407 illud
3216 1356 3419 1424 absque
3460 1357 3628 1412 dubio

2050 1441 2225 1496 nullus
2253 1440 2489 1517 efﬁceret
2518 1451 2574 1497 ut
2608 1460 2704 1513 per
2742 1445 2884 1499 viam
2913 1446 3032 1500 vitm
3062 1446 3214 1501 istius
3251 1447 3328 1502 sic
3352 1448 3627 1503 incederet

2050 1535 2187 1587 sicut
2228 1532 2472 1588 Salvator
2500 1536 2733 1590 incessit.
2769 1535 2867 1599 Qui
2895 1554 2949 1591 se
2992 1539 3146 1603 enim,
3191 1539 3360 1607 inquit
3388 1539 3621 1609 Aposto-

2051 1622 2165 1685 lus,
2215 1623 2339 1678 dicit
2388 1626 2443 1678 iu
2482 1624 2683 1679 Christo
2720 1643 2944 1689 manere,
2986 1627 3150 1693 debet,
3199 1628 3621 1699 quemadmodum

2052 1710 2282 1766 Christus
2310 1714 2605 1776 ambulavit,
2628 1717 2701 1768 sic
2721 1724 2771 1769 et
2790 1717 2899 1786 ipse
2922 1716 3249 1787 ambulare(l
3274 1716 3431 1771 Joan.
3459 1735 3513 1782 ιι,
3538 1717 3616 1789 6).

2122 1802 2208 1856 ιν.
2259 1803 2363 1859 Sed
2391 1805 2522 1858 dura
2551 1805 2769 1860 forsitan
2797 1805 3012 1876 quidam
3038 1814 3227 1877 putant
3254 1809 3630 1878 apostolorum

2053 1907 2171 1946 esse
2197 1901 2483 1962 praecepta.
2516 1894 2657 1949 Dura
2686 1896 2845 1964 plane
2873 1896 3228 1952 existimanda
3248 1904 3411 1965 sunt,
3431 1899 3476 1952 si
3504 1898 3624 1969 plus

2053 1980 2121 2035 ab
2149 1980 2266 2035 aliis
2295 1980 2591 2036 officiorum
2621 1984 2837 2051 exigunt
2864 1999 3024 2052 quam
3052 1986 3152 2040 sibi
3180 1995 3417 2042 sumunt.
3449 1985 3629 2044 Porro

2053 2080 2231 2126 autem
2260 2072 2304 2126 si
2332 2073 2500 2127 multo
2529 2073 2703 2127 minus
2723 2074 2929 2128 caeteris
2959 2075 3286 2144 imperarunt
3312 2090 3472 2144 quam
3499 2077 3618 2142 sibi,

2054 2177 2160 2216 non
2189 2161 2348 2216 modo
2397 2178 2502 2216 non
2527 2176 2720 2229 graves
2743 2164 3002 2231 magistri,
3033 2163 3126 2219 sed
3170 2172 3421 2234 parentes
3449 2165 3623 2220 indul-

2052 2251 2345 2318 gentissimi
2368 2251 2640 2320 judicandi
2681 2261 2830 2319 sunt,
2861 2254 2953 2323 qui
2990 2270 3153 2309 onera
3183 2270 3301 2324 qute
3328 2255 3622 2311 cervicibus

2054 2340 2281 2396 filiorum
2312 2358 2408 2411 per
2435 2344 2635 2397 amoris
2660 2343 3039 2413 indulgentiam
3065 2346 3371 2409 detrahunt,
3401 2346 3500 2400 sibi
3529 2360 3621 2415 per

2054 2433 2299 2488 affectum
2322 2435 2594 2503 religionis
2614 2436 2912 2505 imponunt.
2937 2435 3069 2502 Quid
3091 2437 3228 2491 enim
3252 2453 3386 2491 imus
3406 2452 3473 2490 ex
3497 2437 3623 2505 ipsis

2054 2523 2121 2578 ad
2147 2522 2171 2561 ἀ
2203 2525 2430 2593 populos
2460 2525 2853 2580 ecclesiasticos
2881 2526 3041 2581 dicit?
3067 2525 3266 2592 Filioli,
3291 2528 3477 2596 inquit,
3500 2532 3620 2594 mei,

2054 2631 2177 2684 quos
2205 2616 2387 2668 iterum
2411 2612 2643 2685 parturio
2671 2614 2833 2668 donec
2867 2617 3113 2686 formetur
3149 2614 3380 2691 Christus
3408 2619 3461 2671 in
3487 2620 3621 2672 vobis

2056 2702 2198 2774 (Cal.
2217 2722 2287 2769 tv,
2306 2703 2413 2775 l9).
2432 2704 2497 2759 Et
2516 2722 2725 2760 rursum
2746 2724 2758 2758 :
2778 2706 3093 2772 Imitatores,
3116 2708 3308 2778 inquit,
3329 2710 3425 2762 mei
3446 2718 3622 2774 estote,

2052 2800 2184 2853 sicut
2203 2808 2251 2852 et
2279 2816 2369 2869 ego
2400 2798 2589 2853 Christi
2623 2799 2670 2870 (Ι
2693 2798 2810 2854 Cor.
2841 2817 2911 2865 iv,
2941 2799 3049 2871 l6).
3082 2801 3244 2855 Nobis
3271 2801 3374 2856 hoc
3402 2802 3624 2870 imperat

2054 2897 2113 2942 ut
2140 2904 2198 2941 se
2228 2889 2516 2954 imitemur,
2545 2889 2637 2957 qui
2665 2889 2764 2944 sibi
2800 2888 2902 2944 hoc
2931 2889 3284 2959 imperaverat
3330 2897 3387 2942 ut
3431 2880 3623 2944 Christi

2087 2987 2196 3033 sset
2224 2979 2478 3032 imitator.
2511 2977 2575 3032 Et
2600 2979 2811 3047 quidem
2840 2979 2983 3046 quod
3013 2979 3125 3048 ipse
3152 2978 3419 3033 Christum
3449 2979 3624 3033 imita-

2057 3074 2143 3123 tus
2169 3070 2256 3130 sit,
2289 3069 2417 3122 nulli
2444 3069 2661 3123 dubium
2690 3077 2789 3123 est.
2822 3068 3065 3125 Christus
3092 3070 3233 3123 enim
3264 3084 3323 3123 sc
3351 3085 3447 3138 pro
3477 3069 3625 3123 nobis

387 3153 623 3209 Fatuitas
661 3164 838 3210 autem
887 3174 1047 3227 quam
1090 3159 1344 3225 iniuriose
1390 3160 1706 3229 obiiciatur,
1751 3164 1953 3233 optime
1978 3140 2023 3201 (ἶ
2056 3157 2287 3213 subdidit
2314 3157 2534 3222 mundo,
2564 3165 2618 3211 et
2645 3173 2704 3212 se
2731 3159 2845 3226 ipse
2875 3174 2974 3227 pro
3002 3158 3233 3213 Christo.
3261 3158 3501 3213 Christus
3529 3174 3625 3227 pro

387 3256 601 3300 norunt.
634 3246 699 3300 Et
728 3248 846 3302 ideo
893 3250 1117 3311 scientia
1163 3266 1256 3303 sua
1297 3252 1473 3319 potius
1512 3253 1755 3308 homines
1794 3269 1956 3323 quam

388 3336 684 3402 ignorantia
716 3345 945 3402 utentes,
971 3340 1175 3393 malunt
1202 3350 1380 3395 reatus
1406 3358 1534 3397 suos
1569 3358 1665 3411 per
1685 3344 1736 3397 id
1774 3345 1957 3398 convi-

378 3426 519 3479 cium
549 3426 691 3495 quod
722 3428 913 3490 scin..t,
946 3429 1136 3483 divinis
1165 3430 1390 3497 ignibus,
1423 3446 1583 3499 quam
1610 3448 1707 3502 per
1734 3433 1787 3487 id
1814 3434 1959 3503 quod

385 3518 645 3580 nesciunt,
677 3518 922 3573 humanis
952 3521 1187 3575 conciliis
1216 3523 1437 3592 expiari.

458 3606 539 3660 Ill.
584 3607 710 3673 Quae
735 3626 854 3662 cum
885 3611 955 3663 ita
985 3611 1108 3675 sint,
1140 3620 1195 3665 et
1221 3628 1341 3679 cum
1384 3613 1497 3668 bzcc
1524 3614 1701 3667 omnia
1730 3628 1849 3681 quae
1871 3618 1957 3682 Ju-

384 3697 451 3751 l'e
476 3705 577 3750 atur
605 3714 633 3749 a
683 3698 905 3753 Domino
929 3740 943 3763 ,
992 3716 1098 3753 non
1143 3701 1302 3754 modo
1338 3716 1367 3754 a
1397 3702 1549 3755 nobis
1595 3703 1812 3756 omnino
1848 3720 1953 3756 non

386 3789 546 3853 fiant,
594 3783 686 3841 scil
732 3804 869 3857 pene
899 3790 949 3841 in
996 3789 1263 3842 diversum
1313 3792 1494 3843 omnia
1540 3791 1698 3855 fiant;
1748 3791 1961 3859 quando

388 3877 591 3944 majora
622 3878 708 3930 illa
739 3876 1032 3933 faciemus?
1056 3877 1156 3941 Qui
1184 3882 1339 3943 enim,
1367 3880 1538 3950 inquit
1566 3882 1828 3945 Salvator,
1858 3900 1961 3936 non

391 3970 754 4020 reuuutiarerit
796 3967 1026 4023 omnibus
1062 3970 1168 4041 45
1203 3987 1316 4042 qua:
1355 3974 1597 4042 possidet,
1648 3990 1751 4026 non
1800 3983 1965 4043 potest

386 4076 525 4111 meus
564 4077 674 4112 esse
711 4060 991 4131 discipulus
1028 4061 1185 4133 (Luc.
1228 4079 1333 4127 xw,
1367 4065 1477 4132 55).
1523 4064 1591 4116 Et
1627 4067 1710 4136 qui
1740 4082 1843 4119 non
1884 4076 1964 4118 tu-

386 4148 500 4202 lerit
528 4165 728 4203 crucem
773 4168 953 4217 suam,
986 4162 1035 4206 et
1063 4163 1264 4206 secutus
1289 4170 1369 4207 me
1397 4156 1584 4225 fuerit,
1630 4172 1732 4208 non
1774 4165 1849 4208 est
1886 4173 1965 4209 me

2059 3250 2211 3304 nobis
2241 3249 2392 3303 uedia
2422 3256 2476 3301 et
2502 3248 2713 3303 labores
2757 3250 3100 3316 gravissimos
3138 3250 3374 3319 pertulit,
3425 3258 3480 3303 et
3528 3250 3627 3304 hoc

2059 3340 2170 3408 ipse
2197 3354 2295 3408 pro
2324 3337 2558 3393 Christo.
2581 3338 2688 3408 46
2714 3337 2957 3392 Christus
2978 3354 3075 3407 pro
3099 3338 3252 3392 nobis
3280 3338 3628 3392 contumelias

2057 3445 2246 3499 passus
2275 3436 2374 3492 est,
2406 3436 2459 3481 et
2487 3429 2589 3483 hoc
2617 3428 2730 3497 ipse
2754 3443 2851 3497 pro
2875 3426 3105 3482 Christo.
3133 3427 3376 3482 Christus
3404 3443 3502 3495 pro
3532 3443 3623 3480 nos

2059 3520 2142 3574 bis
2182 3520 2484 3589 passionem
2514 3525 2846 3586 mortemque
2874 3518 3142 3583 toleravit,
3171 3526 3224 3571 et
3252 3519 3355 3573 hoc
3390 3517 3502 3586 ipse
3530 3533 3628 3586 pro

2062 3608 2296 3664 Christo.
2329 3606 2393 3660 Et
2422 3608 2542 3661 ideo
2570 3623 2677 3662 non
2715 3608 2831 3661 sine
2869 3622 3029 3662 causa
3071 3608 3383 3661 meritorum
3411 3622 3629 3661 suorum

2061 3699 2307 3754 conscius
2326 3697 2453 3752 dicit
2476 3715 2487 3749 :
2514 3694 2780 3749 Certamen
2802 3695 2988 3749 bonum
3009 3697 3216 3759 certari,
3237 3696 3390 3762 ﬁdem
3410 3696 3600 3748 sei-rari
3612 3711 3629 3757 ;

2063 3789 2125 3841 de
2154 3789 2344 3857 reliquo
2370 3787 2590 3856 reposita
2619 3794 2694 3838 est
2713 3785 2837 3837 mihi
2863 3801 3054 3838 corona
3069 3785 3285 3854 justitia:
3307 3784 3381 3855 (ll
3406 3783 3535 3838 Tim.
3560 3800 3629 3848 tv,

2065 3878 2115 3941 7,
2140 3876 2217 3947 8).
2242 3876 2425 3944 Itaque
2446 3891 2566 3929 cum
2587 3874 2674 3928 ille
2695 3873 2965 3928 Christum
2990 3874 3067 3928 sic
3086 3873 3322 3927 imitatus
3341 3874 3427 3936 sit,
3452 3872 3631 3926 videa-

2063 3982 2181 4019 mus
2207 3966 2327 4033 quis
2352 3972 2593 4018 nostrum
2622 3963 2864 4031 Apostoli
2887 3963 3122 4016 imitator
3142 3970 3418 4031 appareat.
3443 3962 3635 4017 Scribit

2064 4062 2206 4115 enim
2236 4061 2349 4129 ipse
2385 4058 2450 4113 de
2487 4074 2546 4112 se
2584 4059 2813 4128 primum
2842 4058 2984 4127 quod
3014 4058 3142 4111 nulli
3171 4074 3402 4126 unquam
3432 4058 3635 4113 dederit

2066 4154 2446 4217 offensionem,
2478 4151 2573 4206 sed
2617 4151 2672 4205 in
2718 4150 2964 4205 omnibus
3010 4150 3247 4205 exhibuit
3274 4164 3333 4204 se
3379 4150 3514 4204 sicut
3543 4148 3634 4202 Dri

1547 4244 1881 4299 STEPHANl
1920 4243 2188 4298 BALUZII
2228 4240 2452 4296 NOTAE.

458 4340 479 4366 "
520 4330 874 4403 Hieronymus
896 4336 945 4387 in
968 4344 1126 4403 caput
1149 4338 1389 4403 quintum
1420 4335 1651 4389 Matthmi
1681 4337 1753 4389 ait
1779 4352 1961 4389 vocem

388 4402 528 4454 illam
561 4402 735 4468 lingua
766 4402 1105 4457 llebncorum
1133 4402 1431 4472 significare
1479 4407 1688 4458 inanem
1734 4414 1826 4457 aut
1867 4420 1964 4459 va-

386 4486 563 4531 cuum,
597 4490 613 4519 ι
650 4487 808 4538 quem
838 4488 936 4525 nos
975 4489 1271 4541 possumus,
1307 4475 1506 4540 inquit,
1534 4475 1745 4537 vulgata
1775 4474 1964 4541 injuria

386 4543 587 4611 alisque
613 4543 836 4595 cerebro
867 4558 1191 4611 ium‘cupare.
1231 4564 1248 4594 ι
1296 4541 1524 4597 Sanctus
1552 4542 1841 4610 Gregorius
1870 4544 1960 4597 lib.

387 4625 471 4681 xxi
502 4610 775 4681 Moralium
798 4627 916 4679 cap.
947 4608 979 4661 5
1010 4630 1021 4662 :
1047 4608 1079 4661 '1
1113 4612 1288 4666 Raclia
1311 4614 1508 4681 quippe
1531 4614 1580 4666 in
1604 4608 1827 4666 llebiaao
1853 4614 1965 4666 elo-

388 4680 512 4747 quio
542 4696 643 4750 vox
678 4679 994 4747 indignantis
1038 4690 1148 4745 est;
1197 4679 1568 4750 qum—quidem
1599 4682 1830 4736 animum
1861 4683 1965 4734 ira-

2072 4336 2172 4389 ista
2202 4332 2417 4391 fiebant,
2446 4337 2598 4383 erant
2623 4329 2929 4384 traducendi
2960 4330 3193 4383 omnium
3224 4329 3414 4395 linguis
3442 4336 3495 4381 et
3520 4342 3635 4382 ser-

2071 4403 2334 4456 monibus.
2367 4401 2594 4476 l_3leg_ans
2618 4409 2699 4455 est
2727 4400 2874 4476 locus
2895 4398 3131 4476 Cassiani
3162 4414 3226 4476 es
3295 4397 3472 4476 collat.
3536 4413 3651 4476 moc-

2070 4480 2191 4525 tava
2222 4487 2339 4539 cap.
2374 4471 2426 4533 5,
2456 4470 2748 4539 dignusque
2773 4470 2861 4536 qui
2900 4470 2983 4522 hic
3026 4484 3055 4521 a
3097 4468 3251 4521 nobis
3287 4466 3635 4520 describatur.

2070 4542 2161 4596 Sic
2181 4537 2308 4607 ergo
2336 4540 2495 4593 habet
2527 4557 2538 4590 :
2572 4537 2672 4601 Qui
2693 4555 2794 4590 non
2823 4539 3008 4607 accipit
3043 4553 3245 4607 crucem
3282 4552 3426 4607 suam
3468 4544 3516 4607 et
3558 4551 3637 4607 se-

2069 4604 2353 4681 quitur'me,
2378 4625 2482 4681 non
2510 4619 2582 4660 est
2611 4607 2912 4681 me‘dignus.
2936 4604 3095 4681 Quod
3126 4605 3335 4681 quidam
3372 4604 3637 4681 districtis.

2070 4672 2185 4734 simi
2208 4679 2589 4737 monachorum,
2621 4672 2859 4729 habentes
2888 4677 3086 4744 quidem
3110 4675 3269 4727 zelum
3294 4672 3405 4736 Dei,
3429 4672 3519 4724 sed
3538 4688 3638 4726 non

388 4745 969 4818 scentisostendituiee
993 4759 1169 4805 tamen
1201 4745 1413 4818 plenum
1437 4752 1657 4804 verbum
1683 4751 1966 4803 iracundia:
1994 4746 2044 4805 D
2069 4752 2344 4802 secundum
2371 4747 2667 4818 scientiam,
2700 4746 2999 4818 simpliciter
3027 4745 3382 4818 intellig/entes,
3415 4746 3641 4818 fecerunt

388 4817 655 4889 exprimit.
697 4836 730 4889 i_
752 4817 882 4871 Vide
906 4830 1146 4874 sanctum
1180 4817 1432 4875 llilarium
1480 4822 1531 4874 in
1581 4836 1700 4889 cap.
1740 4835 1791 4889 tv
1834 4819 1966 4873 Mat-

389 4886 531 4960 tlnei,
568 4884 821 4960 [tegulam
852 4891 1019 4960 sancti
1048 4890 1247 4949 Basilii.
1296 4907 1416 4960 cap.
1468 4888 1605 4955 145,
1648 4884 1711 4943 vet
1754 4887 1966 4942 Avitum

392 4953 748 5008 Viennensem
777 4957 826 5008 in
859 4959 1084 5023 epistola
1117 4961 1303 5024 prima.

463 5024 489 5061 ιι
528 5024 602 5076 fta
634 5024 800 5098 codex
831 5024 1189 5098 Corbciensis.
1235 5028 1338 5082 Pro
1376 5045 1483 5098 quo
1530 5028 1871 5083 Colbertinus
1916 5035 1970 5082 et

390 5106 578 5169 omnes
605 5093 868 5169 editiones
887 5096 1113 5169 habent,
1142 5093 1407 5153 strcularis
1434 5101 1623 5153 amoris
1647 5099 1756 5169 jus.

467 5174 493 5236 ﬁ
529 5162 730 5236 Opinor
755 5164 1061 5236 Salvianum
1089 5168 1176 5222 hic
1205 5168 1345 5236 loqui
1366 5169 1432 5224 de
1455 5170 1518 5224 iis
1539 5170 1628 5236 qui
1647 5162 1848 5223 relictis
1867 5183 1969 5220 sae-

392 5233 499 5303 culi
528 5233 736 5303 pompis
758 5242 811 5288 et
840 5233 1398 5298 oblectamentisftum
1425 5233 1679 5292 abdicatis
1709 5237 1969 5291 facultati-

392 5302 493 5359 bus
521 5302 648 5369 Suis,
682 5302 1070 5375 profitebantur
1089 5308 1261 5375 palam
1282 5316 1645 5375 contemptum
1673 5322 1851 5360 rerum
1874 5306 1969 5359 hu-

394 5371 694 5428 manarum.
725 5371 787 5427 lli
817 5389 945 5441 ergo
984 5371 1105 5430 cuni
1152 5371 1546 5431 renuntiassent
1589 5378 1837 5432 omnibus
1885 5376 1969 5430 his

393 5458 512 5511 qua:
559 5444 939 5513 possidebant,
986 5461 1198 5501 crucem
1246 5454 1338 5499 aut
1376 5462 1504 5501 vere
1549 5448 1829 5513 gestabant
1879 5454 1970 5499 aut

393 5523 606 5580 gestare
634 5530 691 5570 se
721 5514 940 5583 intelligi
972 5515 1241 5578 volebant,
1270 5526 1326 5569 ut
1354 5517 1423 5571 ita
1446 5516 1789 5571 ostenderent
1809 5516 1969 5570 disci-

393 5583 548 5654 pulos
574 5600 633 5640 se
661 5599 778 5639 esse
805 5584 929 5641 Jesu
953 5585 1167 5641 Christi.
1202 5585 1353 5654 Quod
1399 5586 1442 5639 si
1491 5583 1752 5653 faciebant
1778 5601 1843 5639 ex
1881 5585 1966 5638 in—

396 5651 529 5706 timo
556 5654 732 5708 cordis
759 5670 949 5718 sensu,
982 5651 1241 5712 laudanda
1289 5656 1385 5711 fuit
1423 5651 1692 5710 tantorum
1729 5656 1963 5708 virorum

396 5722 566 5783 virtus
594 5737 658 5778 ac
684 5721 955 5782 fortitudo.
999 5728 1065 5780 At
1102 5728 1145 5781 si
1190 5727 1421 5781 fastuosc
1449 5725 1626 5797 potius
1654 5738 1809 5795 quam
1840 5739 1964 5779 vcrc

2065 4818 2163 4873 sibi
2192 4833 2363 4870 cruces
2382 4817 2610 4895 ligneas,
2632 4831 2814 4884 easque
2828 4816 3020 4895 βυθίων
3044 4814 3265 4895 humeris
3287 4813 3641 4895 circumferen-

2071 4900 2160 4950 tes,
2186 4904 2286 4939 non
2310 4879 2842 4955 a’dificationem,'sed
2859 4879 3231 4955 risumcunctis
3253 4879 3533 4955 videntibus
3554 4880 3640 4932 in-

2070 4948 2311 5031 tulerunt.
2343 4948 2472 5031 Vide
2501 4954 2865 5031 Innocentium
2891 4952 2973 5031 Ill,
3008 4953 3096 5005 lib.
3129 4968 3191 5031 ιι,
3222 4948 3535 5031 φρίειτᾲιειιλ

2140 5025 2164 5063 τι
2195 5025 2250 5078 In
2294 5025 2480 5097 codice
2506 5022 2814 5097 Colbertino
2841 5030 2897 5097 et
2935 5022 2986 5074 in
3034 5017 3270 5088 antiquis
3299 5017 3639 5097 editionibus,

2069 5113 2168 5167 pro
2209 5096 2420 5167 populos
2461 5094 2652 5167 legitur
2697 5091 2984 5167 apostolos,
3035 5086 3252 5167 prorsus
3281 5086 3651 5167 male.__Sensit

2071 5113 2168 5167 pro
2209 5109 2420 5165 populos
2461 5109 2652 5160 legitur
2697 5109 2984 5214 afosmtos,
3035 5109 3252 5169 prorsus
3281 5109 3437 5168 litate.
3462 5109 3643 5167 pensi;

2071 5167 2259 5220 vitium
2285 5162 2687 5217 Rittershusius.
2755 5170 2913 5229 taque
2959 5159 3293 5229 scribendum
3320 5165 3643 5229 θιιιε-ιιηιιινιι

2075 5234 2286 5304 populos
2332 5233 2718 5307 ecclesiasticos.
2770 5226 2897 5295 Qua:
2946 5228 3247 5307 emendatio
3293 5226 3643 5307 exuing’enio

2076 5293 2279 5374 tentata
2324 5317 2542 5374 prorsus
2569 5293 2915 5355 confirmatur
2954 5298 3270 5374 auctoritate
3294 5296 3492 5374 codicis
3508 5293 3647 5374 Cor-

2074 5364 2340 5428 beiensisf
2361 5371 2600 5426 Similem
2647 5384 2884 5424 errorem
2935 5383 3032 5421 nos
3075 5366 3199 5420 olim
3244 5364 3644 5420 emendavimus

2074 5443 2213 5510 apud
2260 5441 2598 5509 Agobardum
2646 5441 2698 5494 in
2746 5440 2883 5493 libro
2912 5436 3259 5510 Apologetico
3303 5450 3422 5503 cap.
3466 5436 3498 5487 6
3531 5431 3645 5510 §_Et
3740 5470 3745 5475 .

2072 5502 2210 5567 dicat
2256 5502 2418 5584 omnis
2461 5510 2719 5584 populus,_
2743 5523 2863 5563 cum
2910 5502 3469 5584 antea_'le_gerett_1r’,_et
3508 5502 3645 5555 dicat

2072 5585 2237 5705 ﬁngis
2285 5574 2575 5652 Apostolus.
2627 5579 2756 5633 Vide
2805 5584 2961 5631 notas
3014 5575 3081 5630 ad
3127 5574 3448 5645 Capitularia
3519 5585 3644 5645 pag.
