4036 6180
374 310 438 366 δι
1447 311 1537 367 DE
1574 310 2105 368 GUBERNATIONE
2145 315 2255 369 DEI
2293 314 2418 370 un.
2458 316 2544 373 III.

3581 327 3649 384 6!

370 426 702 489 ministrum,
736 424 787 478 in
817 424 1073 495 patientia
1103 424 1299 490 multa,
1332 424 1385 478 in
1418 424 1873 490 tribulationibus,
1908 426 1960 479 in
1990 428 2037 484 Α
2065 424 2303 492 Quantos
2330 437 2580 498 putamus
2607 443 2725 484 esse
2751 430 2842 498 qui
2891 429 3036 486 dicto
3082 431 3207 489 huic
3238 434 3319 490 vel
3347 448 3504 491 aures
3529 453 3649 494 mo—

374 518 578 589 plagis,
618 517 673 571 in
711 516 1048 582 carceribus,
1089 515 1144 571 in
1181 516 1595 572 lacerationihus
1624 515 1695 588 (ll
1724 514 1845 571 Cor.
1877 532 1958 581 vr,

373 608 526 680 5—5).
558 608 620 662 Et
648 609 793 671 alibi,
825 608 951 663 dum
981 624 1040 664 se
1069 609 1189 663 aliis
1208 617 1502 679 comparat,
1530 609 1607 665 sic
1634 609 1743 663 ait:
1772 608 1836 662 In
1861 625 1960 681 quo

372 703 490 772 quis
518 700 673 753 audet
693 699 769 770 (in
794 701 1089 770 insipientia
1110 699 1268 767 dico),
1291 701 1453 756 audeo
1482 710 1532 754 et
1556 718 1678 770 ego;
1707 711 1766 754 ut
1792 703 1959 755 minus

371 796 581 863 sapiens
610 792 745 857 dico,
774 790 1063 864 magismego
1086 810 1101 846 :
1125 793 1178 845 in
1207 791 1463 847 laboribus
1484 794 1735 862 plurimis,
1758 794 1813 846 in
1842 809 1959 846 car-

367 884 571 938 ceribus
597 883 965 946 abundantius,
989 884 1041 936 in
1064 884 1231 954 plagis
1259 900 1417 953 supra
1438 883 1666 947 modum,
1698 884 1751 937 in
1779 884 1958 937 morti-

365 974 461 1030 bus
495 978 802 1047 frequenter.
837 975 879 1027 Α
906 973 1107 1029 Iudicis
1148 976 1413 1046 quinquies
1454 974 1813 1046 quadragenas
1854 991 1957 1028 una

364 1068 540 1120 minus
570 1067 763 1135 accepi.
800 1065 899 1118 Ter
927 1067 1084 1134 virgis
1114 1082 1273 1121 ca'sus
1313 1080 1455 1128 sum,
1505 1065 1656 1118 semel
1696 1065 1956 1135 lapidatus

364 1173 502 1220 sum,
536 1167 609 1210 ter
638 1157 971 1227 naufragium
994 1156 1091 1225 feci
1116 1154 1185 1223 (ll
1216 1153 1335 1209 Cor.
1365 1172 1435 1219 x1,
1461 1153 1549 1217 2|,
1571 1153 1782 1224 25-25).
1814 1154 1956 1209 Sane

367 1248 473 1302 etsi
502 1248 570 1302 de
598 1247 809 1302 caneris
837 1262 971 1315 quas
1000 1246 1134 1300 dixit
1165 1247 1448 1300 virtutibus
1477 1247 1786 1315 apostolicis
1823 1248 1955 1301 nihil

370 1337 612 1402 facimus,
641 1338 693 1391 in
723 1338 824 1392 hoc
856 1346 1031 1391 tamen
1055 1352 1183 1402 uno,
1206 1336 1294 1390 ubi
1318 1336 1605 1407 Apostolus
1627 1345 1708 1391 ter
1737 1339 1951 1392 naufra-

365 1444 524 1499 gasse
548 1446 606 1484 se
634 1430 782 1494 dicit,
806 1430 967 1483 etiam
991 1429 1206 1484 vincere
1231 1446 1528 1500 possumus.
1557 1430 1671 1485 Non
1700 1432 1841 1485 enim
1872 1439 1955 1485 ter

363 1521 739 1575 tantummodo
765 1519 1211 1588 uaufragavimus,
1238 1537 1466 1589 quorum
1487 1537 1625 1591 pene
1645 1523 1821 1575 omnia
1843 1523 1952 1576 vita

364 1610 703 1680 naufragium
735 1621 837 1665 est.
862 1611 920 1664 ln
945 1620 1149 1666 tantum
1172 1614 1371 1683 quippe
1391 1615 1582 1669 vitiose
1610 1614 1677 1668 ab
1705 1615 1953 1668 omnibus

361 1703 584 1768 vivitur,
630 1711 688 1756 ut
727 1718 897 1772 prope
947 1704 1122 1757 nullus
1150 1703 1577 1760 Christianorum
1625 1705 1695 1760 sit
1721 1705 1814 1774 qui
1840 1721 1951 1760 non

358 1792 564 1862 jugiter
590 1794 910 1863 naufragare
936 1795 1199 1850 videatur.

432 1886 498 1939 V.
532 1885 640 1940 Sed
667 1886 794 1940 dicit
815 1884 1042 1940 fortasse
1070 1885 1264 1956 aliquis
1290 1902 1393 1940 non
1425 1886 1477 1941 id
1497 1903 1641 1943 nunc
1665 1901 1784 1941 esse
1807 1894 1948 1942 tem-

358 1976 511 2046 poris
540 1985 600 2030 ut
629 1992 727 2045 pro
756 1976 981 2032 Christo.
1002 1992 1102 2031 nos
1140 1975 1472 2046 perferamus
1499 1991 1618 2045 quae
1648 1985 1773 2032 tunc
1816 1993 1949 2046 apo—

359 2067 484 2121 stoli
509 2067 866 2135 pertulerunt.
889 2067 1088 2122 Verum
1112 2075 1213 2122 est.
1236 2067 1354 2121 Non
1379 2069 1518 2122 enim
1540 2077 1665 2122 sunt
1684 2070 1951 2141 principes

358 2161 576 2230 pagani,
598 2176 705 2214 non
730 2160 937 2231 tyranni
959 2169 1358 2230 persecutores;
1385 2176 1490 2215 non
1512 2162 1728 2228 sanguis
1741 2170 1954 2216 saneto-

358 2263 476 2305 rum
507 2248 774 2321 funditur,
800 2263 900 2304 nec
931 2248 1061 2304 ﬁdes
1088 2250 1363 2318 suppliciis
1386 2251 1786 2319 comprobatur.
1814 2250 1951 2306 Con-

357 2347 540 2395 tentus
566 2347 648 2395 est
670 2340 812 2393 Deus
833 2348 1017 2395 noster
1036 2348 1095 2394 ut
1115 2340 1162 2394 ei
1187 2356 1291 2410 pax
1316 2347 1497 2395 nostra
1517 2340 1731 2405 serviat,
1756 2350 1815 2395 ut
1834 2341 1946 2396 sola

357 2430 406 2485 ei
446 2430 916 2485 immaculatorum
947 2438 1162 2485 actuum
1198 2431 1431 2500 puritate
1461 2437 1516 2484 et
1542 2430 1668 2484 vita;
1702 2431 1948 2485 inconta-

355 2520 629 2575 minabilis
656 2521 943 2576 sanctitate
986 2519 1311 2589 placeamus.
1344 2519 1462 2586 Quo
1491 2520 1610 2589 plus
1649 2521 1698 2575 ei
1729 2520 1860 2575 ﬁdes
1896 2528 1951 2576 et

354 2611 576 2666 devotio
602 2621 784 2666 nostra
807 2611 966 2665 debet
982 2654 994 2677 ,
1028 2611 1129 2680 5‘7
1161 2611 1283 2680 quia
1306 2611 1512 2665 minora
1535 2627 1565 2664 a
1588 2611 1742 2665 nobis
1762 2612 1947 2679 exigit,

360 2712 408 2759 tt
437 2702 647 2771 majrira
696 2703 980 2758 concessit.
1014 2701 1079 2757 Et
1108 2703 1229 2757 ideo
1271 2719 1389 2759 cum
1419 2711 1474 2757 et
1498 2704 1766 2773 principes
1793 2703 1949 2759 Chri-

352 2794 514 2848 stiani
548 2795 688 2859 sint,
720 2804 774 2849 et
800 2795 1103 2864 persecutio
1135 2795 1275 2847 nulla
1303 2794 1402 2858 sit,
1427 2802 1481 2849 et
1508 2795 1695 2864 religio
1726 2812 1832 2849 non
1864 2796 1947 2850 in-

352 2887 650 2952 quietetur,
679 2886 770 2954 qui
801 2885 866 2940 ad
896 2886 1226 2955 probandum
1258 2887 1413 2941 fidem
1444 2887 1824 2957 experimentis
1851 2889 1950 2941 du-

352 2979 591 3033 rioribus
620 2996 725 3032 non
755 2981 1144 3049 compellimur,
1179 2980 1513 3035 inferioribus
1544 2983 1731 3036 saltem
1763 2980 1951 3037 olliciis

352 3070 588 3125 Domino
612 3071 733 3140 plus
759 3073 971 3141 placere
1000 3073 1276 3128 debemus.
1303 3073 1498 3147 Probat
1529 3075 1668 3129 enim
1701 3076 1860 3129 etiam
1893 3075 1943 3128 in

2063 519 2214 574 deste
2238 522 2538 590 praebeant.
2572 521 2659 576 vel
2687 530 2862 589 certe,
2894 523 3055 578 etiam
3085 525 3130 580 si
3158 525 3212 580 id
3240 525 3418 584 facere
3455 529 3645 585 viden-

2063 615 2167 674 tur,
2199 611 2391 664 animis
2418 611 2795 680 acquiescant?
2823 610 2929 667 Aut
2954 622 3152 682 quotus
3178 616 3406 686 quisque
3442 627 3526 674 est
3551 622 3644 689 qui

2060 702 2106 755 si
2134 703 2295 758 ictum
2316 719 2479 757 unum
2502 705 2788 774 acceperit,
2812 720 2921 759 non
2950 707 3148 761 multos
3168 722 3265 777 pro
3286 725 3394 764 uno
3421 711 3643 766 reddat?

2061 790 2289 847 Tantum
2317 793 2386 847 ab
2415 794 2508 848 illo
2554 794 2708 849 abest
2735 802 2794 849 ut
2820 795 3044 851 medenti
3089 799 3363 854 maxillam
3406 802 3644 871 prmheat

2061 883 2304 949 alteram,
2337 891 2396 938 ut
2425 893 2535 938 tum
2564 900 2624 941 se
2650 885 2867 941 vincere
2891 895 3061 956 putet,
3086 904 3193 942 non
3218 890 3432 957 quando
3452 892 3643 948 adver-

2057 979 2256 1033 sarium
2285 978 2604 1047 vapulando,
2637 978 2730 1033 sed
2758 979 2975 1048 quando
2995 980 3252 1036 credendo
3279 983 3635 1050 superaverit.

2059 1068 2186 1134 Quae
2220 1072 2400 1136 vultis,
2426 1071 2598 1140 inquit
2624 1071 2890 1134 Salvator,
2921 1081 2976 1125 ut
3003 1075 3201 1143 faciant
3220 1073 3359 1129 vobis
3386 1075 3638 1144 homines,

2055 1163 2233 1216 eadem
2253 1172 2303 1217 et
2320 1181 2406 1218 ros
2428 1164 2582 1233 facile
2601 1164 2707 1217 illis
2727 1164 3190 1234 similiter(Matth.
3216 1182 3305 1229 vn,
3331 1164 3441 1233 12).
3467 1163 3638 1234 Huius

2055 1255 2335 1308 sententia:
2383 1262 2595 1324 partem
2643 1262 2751 1307 tam
2798 1254 2939 1308 bene
2985 1255 3228 1309 novimus
3267 1264 3325 1309 ut
3364 1271 3636 1324 nunquam

2062 1353 2462 1415 praetereamus,
2495 1352 2700 1414 partem
2723 1345 2800 1399 sic
2827 1346 3289 1415 praetermittimus
3315 1347 3468 1414 quasi
3488 1347 3638 1416 peni-

2055 1444 2142 1491 tus
2169 1438 2490 1491 nesciamus.
2517 1436 2649 1490 Nam
2673 1436 2798 1504 quid
2829 1436 2896 1489 ab
2918 1436 3036 1489 aliis
3055 1436 3294 1505 praestari
3325 1437 3478 1490 nobis
3500 1437 3637 1492 veli-

2053 1544 2188 1593 mus,
2215 1529 2416 1598 optime
2437 1528 2701 1591 novimus,
2726 1527 2854 1595 quid
2874 1535 3054 1581 autem
3082 1527 3181 1596 ipsi
3206 1526 3322 1581 aliis
3349 1527 3637 1582 debeamus

2053 1629 2330 1690 pnestare,
2357 1620 2641 1674 nescimus.
2663 1618 2837 1687 Atque
2858 1620 3060 1674 utinam
3085 1619 3441 1673 nesciremus!
3467 1618 3637 1675 Minor

2054 1720 2196 1767 esset
2226 1712 2538 1780 ignorantia:
2570 1718 2768 1777 reatus,
2801 1710 3096 1765 secundum
3141 1710 3269 1765 illud
3295 1728 3308 1762 :
3334 1708 3435 1774 Qui
3474 1713 3636 1766 nescit

1977 1795 2024 1855 Β
2050 1806 2360 1859 voluntatem
2384 1804 2579 1857 domini
2599 1805 2698 1867 sui,
2715 1801 2975 1874 vapulabit
2994 1804 3191 1872 paucis.
3211 1800 3311 1866 Qui
3330 1812 3501 1858 autem
3520 1806 3635 1868 scit,

2049 1905 2100 1950 et
2126 1912 2232 1949 non
2263 1896 2388 1965 facit
2416 1911 2557 1960 eam,
2588 1894 2851 1964 vapulabit
2877 1893 3052 1947 multis
3083 1892 3240 1964 (Luc.
3270 1910 3362 1958 ιιι,
3394 1894 3485 1959 47,
3511 1894 3636 1965 48).

2051 1984 2203 2039 Nunc
2232 1991 2411 2038 autem
2438 1984 2614 2052 major
2638 1985 2691 2038 in
2738 1984 2843 2039 hoc
2886 1983 3091 2038 offensa
3133 1990 3216 2038 est
3242 1985 3387 2053 quod
3427 1994 3634 2055 partem

2052 2076 2330 2130 sententiae
2352 2089 2518 2129 sacrae
2538 2089 2636 2143 pro
2656 2073 3060 2128 commodorum
3080 2082 3391 2129 nostrorum
3406 2075 3634 2130 utilitate

2050 2163 2337 2232 diligimus,
2367 2171 2576 2233 partem
2604 2177 2704 2232 pro
2733 2161 2829 2216 Dei
2857 2161 3050 2230 injuria
3078 2163 3432 2229 prmterimus.
3458 2160 3634 2231 Exag-

2050 2260 2203 2323 gerat
2229 2260 2446 2323 quoque
2474 2254 2579 2307 hoc
2607 2252 2702 2306 Dei
2744 2251 2971 2306 verbum
3018 2249 3198 2306 ofﬁcio
3242 2252 3635 2322 praedicationis

2051 2362 2164 2403 sua:
2193 2346 2469 2416 apostolus
2498 2343 2696 2398 Paulus
2721 2343 2905 2398 dicens
2936 2360 2949 2395 :
2992 2340 3162 2396 Nemo
3207 2342 3344 2414 quod
3388 2359 3536 2396 suum
3558 2351 3635 2397 est

2049 2446 2247 2508 quierat
2265 2476 2281 2502 ,
2324 2436 2416 2490 sed
2439 2435 2576 2508 quod
2603 2435 2818 2488 alterius
2851 2432 3044 2504 (ICor.
3074 2449 3106 2487 x
3125 2474 3140 2497 ,
3164 2432 3276 2502 24).
3306 2431 3373 2487 Et
3397 2433 3591 2489 iterum
3615 2451 3630 2487 :

2052 2525 2176 2581 Non
2196 2532 2310 2599 quin
2329 2545 2423 2581 sua
2443 2537 2581 2593 sunt,
2597 2527 2786 2597 inquit,
2803 2524 2992 2596 singuli
3013 2526 3316 2596 cogitantes,
3332 2525 3425 2578 sed
3442 2542 3502 2579 ea
3521 2542 3636 2597 qua:

2049 2618 2267 2672 aliorum
2301 2617 2563 2689 (Philipp.
2609 2611 2687 2681 n,°
2725 2615 2802 2686 4).
2834 2616 2996 2672 Vides
3024 2629 3184 2683 quam
3227 2613 3456 2669 ﬁdeliter
3494 2631 3633 2685 prm-

2050 2717 2262 2779 ceptum
2289 2708 2490 2764 Christi
2517 2707 2678 2761 fuerit
2699 2715 3003 2772 exsecutus,
3030 2706 3119 2760 ubi
3140 2722 3262 2761 cum
3290 2706 3539 2762 Salvator
3559 2708 3635 2764 sic

2050 2815 2149 2853 nos
2178 2814 2276 2875 pro
2304 2799 2424 2852 aliis
2450 2798 2590 2853 sicut
2614 2813 2714 2867 pro
2761 2797 2916 2851 nobis
2960 2795 3182 2866 jusserit
3227 2795 3495 2863 cogitare,
3547 2796 3633 2852 ille

2047 2890 2170 2960 plus
2207 2890 2435 2943 aliorum
2480 2904 2580 2942 nos
2622 2888 2921 2942 commodis
2961 2887 3124 2957 jussit
3163 2887 3445 2943 consulere
3473 2902 3632 2956 quam

2049 2982 2274 3047 nostris;
2306 2980 2431 3035 boni
2453 2980 2658 3035 scilicet
2677 2979 2880 3034 domini
2902 2979 3076 3033 bonus
3106 2978 3354 3043 famulus,
3381 2986 3435 3033 et
3456 2978 3632 3047 singu<

2049 3072 2178 3125 laris
2223 3071 2467 3138 magistri
2507 3070 2797 3140 prtcclarus
2846 3069 3104 3133 imitator,
3152 3068 3245 3137 qui
3293 3067 3346 3122 in
3396 3068 3633 3136 vestigiis

351 3162 669 3230 majoribus,
695 3164 740 3217 si
763 3180 846 3217 res
868 3166 1454 3230 exigat,exsecutorem
1475 3182 1533 3220 se
1555 3166 1803 3221 idoneum
1829 3166 1942 3223 fore
1970 3163 2012 3221 C
2046 3162 2248 3217 domini
2294 3161 2376 3214 sui
2424 3160 2730 3222 ambulans,
2781 3159 3084 3228 patentiora
3130 3157 3529 3225 quodammodo
3576 3165 3633 3213 et

351 3268 379 3306 a
408 3268 521 3321 quo
552 3254 758 3306 minora
782 3255 1138 3322 complentur.

418 3343 509 3398 Vl.
543 3341 866 3397 Omittamus
896 3358 1023 3411 ergo
1074 3344 1161 3397 illa
1206 3359 1323 3412 quae
1368 3344 1706 3398 beatissimus
1745 3344 1945 3399 Paulus

358 3434 600 3503 pertulit,
632 3434 797 3488 immo
825 3450 942 3504 qum.
965 3434 1017 3487 in
1046 3433 1195 3487 libris
1223 3442 1408 3503 postea
1437 3434 1504 3488 de
1528 3435 1784 3502 religione
1812 3452 1945 3490 con-

357 3524 573 3593 scriptis
603 3539 790 3579 omnes
819 3524 1104 3579 admodum
1134 3523 1464 3579 Christianos
1494 3526 1718 3590 legimus
1753 3535 1942 3596 pertu-

355 3612 502 3679 lisse,
526 3615 618 3683 qui
641 3615 705 3669 ad
729 3615 959 3669 cmlestis
978 3616 1138 3683 regia)
1154 3615 1370 3683 januam
1393 3616 1642 3682 gradibus
1666 3631 1941 3683 primarum

351 3721 566 3761 suarum
622 3706 1012 3772 ascendentes,
1061 3708 1233 3762 scalas
1287 3708 1384 3760 sibi
1433 3708 1829 3776 quodammodo
1874 3707 1941 3763 de

352 3798 593 3864 equuleis
639 3799 966 3867 catastisque
1020 3798 1273 3852 fecerunt.
1310 3798 1598 3854 Videamus
1642 3801 1687 3854 si
1738 3800 1790 3854 in
1836 3800 1942 3855 illis

352 3888 540 3942 saltem
571 3889 835 3955 religiosa:
862 3889 1165 3943 devotionis
1210 3889 1511 3958 obsequiis,
1559 3905 1680 3958 qua:
1729 3891 1938 3945 minora

354 3985 515 4046 atque
543 3980 846 4033 communia
878 3979 929 4032 in
959 3994 1163 4032 summa
1204 3980 1384 4047 quiete
1423 3988 1477 4033 et
1505 3981 1652 4033 omni
1696 3991 1940 4051 tempore

354 4085 544 4126 omnes
572 4070 862 4125 Christiani
893 4071 1043 4125 obire
1085 4086 1368 4139 possumus
1388 4110 1403 4134 ,
1433 4072 1715 4141 praeceptis
1753 4073 1939 4126 Domi-

353 4162 486 4217 nicis
516 4162 843 4231 respondere
877 4170 1159 4215 tentamus.
1193 4161 1351 4216 lubet
1387 4161 1633 4217 Christus
1664 4180 1731 4217 ne
1759 4165 1937 4232 litige-

350 4269 489 4309 mus.
517 4253 647 4320 Quis
669 4254 879 4321 jubenti
909 4254 1279 4323 obtemperat?
1308 4253 1416 4307 Nec
1444 4256 1616 4308 solum
1642 4255 1812 4322 jubet,
1846 4256 1938 4311 sed

352 4344 403 4398 in
434 4352 644 4397 tantum
672 4345 775 4399 hoc
798 4344 970 4413 jubet,
1004 4353 1059 4397 ut
1087 4359 1148 4397 ea
1181 4345 1292 4412 ipsa
1323 4360 1424 4399 nos
1450 4344 1517 4398 de
1545 4346 1736 4414 quibus
1766 4347 1831 4401 lis
1856 4356 1939 4402 est

353 4438 651 4504 relinquere
676 4437 883 4505 jubeat,
910 4436 1199 4494 dummodo
1225 4438 1406 4491 litibus
1427 4453 1706 4491 exuamur.
1740 4438 1800 4494 Si
1823 4440 1937 4510 quis

2051 3253 2389 3321 expressiora
2408 3250 2632 3320 pedibus
2651 3251 2762 3304 suis
2779 3248 2901 3304 fecit
2920 3248 3125 3303 domini
3143 3248 3225 3303 sui
3247 3263 3365 3303 esse
3386 3249 3629 3317 vestigia.

2046 3342 2183 3407 Quid
2211 3356 2340 3408 ergo
2370 3342 2559 3396 horum
2590 3341 2812 3395 facimus
2844 3338 3162 3404 Christiani,
3188 3338 3334 3408 quod
3364 3337 3629 3404 Christus,

2046 3449 2114 3487 an
2135 3431 2278 3503 quod
2301 3431 2591 3499 Apostolus
2608 3430 2794 3499 jubet?
2817 3429 2952 3485 Puto
2967 3431 3184 3485 omnino
3199 3429 3341 3499 quod
3360 3439 3628 3484 neutrum.

2045 3523 2177 3576 Nam
2210 3531 2411 3576 tantum
2437 3521 2588 3575 abest
2625 3528 2684 3573 ut
2723 3520 2950 3573 aliorum
2977 3520 3271 3574 commodis
3300 3520 3406 3591 49
3432 3521 3631 3592 aliquid

2043 3630 2163 3669 cum
2189 3613 2403 3682 propria
2433 3610 2872 3666 incommoditate
2896 3618 3228 3680 praestemus,
3254 3619 3313 3664 ut
3332 3627 3521 3667 omnes
3547 3614 3631 3667 vel

2044 3706 2275 3759 maxime
2304 3702 2502 3758 nostris
2526 3701 2827 3757 commodis
2855 3716 2976 3756 cum
3018 3700 3246 3755 aliorum
3288 3684 3631 3757 incommodo

2043 3798 2405 3851 consulamus.
3334 3775 3353 3788 ’

2111 3888 2219 3941 Vll.
2252 3886 2358 3941 Sed
2386 3886 2585 3954 eligere
2613 3884 2834 3940 forsitan
2880 3883 3086 3953 majora
3130 3899 3357 3954 qumque
3384 3883 3629 3939 videmur

2041 3994 2159 4048 quae
2178 3979 2354 4033 nullus
2372 3978 2610 4048 impleat,
2633 3985 2707 4039 et,
2732 3982 2790 4030 ut
2812 3976 2911 4045 ipsi
2934 3984 3140 4045 putant,
3166 3976 3388 4046 implere
3409 3977 3628 4032 omnino

2042 4088 2149 4126 non
2179 4079 2406 4141 possunt
2433 4077 2488 4125 et
2515 4070 2791 4139 praeterire
2820 4070 2922 4123 alia
2953 4084 3072 4139 qua:
3095 4076 3148 4123 ct
3174 4070 3398 4139 implere
3423 4073 3626 4138 queant

2041 4171 2096 4218 et
2123 4164 2190 4217 ab
2219 4162 2468 4216 omnibus
2496 4161 2839 4230 impleantur.
2871 4160 2979 4214 Sed
3008 4161 3239 4229 primum
3279 4160 3405 4213 illud
3450 4159 3629 4213 consi-

2040 4254 2336 4310 derandum
2362 4261 2472 4315 est,
2501 4254 2625 4322 quia
2650 4252 2781 4306 nulli
2817 4266 3096 4305 servorum
3139 4250 3264 4304 licet
3291 4266 3360 4304 ex
3398 4251 3481 4305 bis
3507 4266 3627 4319 qua:

2040 4345 2289 4400 dominus
2316 4359 2444 4397 suus
2472 4343 2719 4411 imperat,
2745 4340 2941 4408 eligere
2971 4355 3068 4410 pro
3091 4339 3313 4393 arbitrio
3341 4339 3469 4409 quid
3497 4339 3626 4394 velit

2043 4437 2252 4502 facere,
2285 4436 2414 4507 quid
2441 4435 2608 4500 nolit,
2635 4442 2689 4488 et
2716 4432 3132 4488 insolentissima
3176 4432 3434 4487 abusione
3480 4433 3624 4500 quod

350 4531 503 4591 enim,
538 4529 723 4597 inquit,
756 4529 969 4583 roluerit
998 4536 1158 4581 tecum
1182 4529 1380 4599 judicio
1402 4529 1707 4581 contendere
1725 4539 1775 4581 et
1796 4532 1933 4583 tuni-
1965 4533 2014 4592 Ι)
2038 4529 2301 4599 placuerit
2358 4541 2631 4581 assumere
2655 4564 2670 4589 ,
2728 4524 2870 4595 quod
2926 4522 3256 4593 displicuerit
3308 4522 3621 4591 repudiare;

352 4635 460 4672 cam
492 4630 631 4672 tuam
661 4619 855 4679 tollere,
881 4619 1108 4688 relinque
1128 4618 1172 4670 ei
1193 4627 1240 4671 et
1263 4618 1478 4687 pallium
1506 4616 1717 4686 (Matth.
1744 4634 1793 4681 v,
1820 4616 1932 4688 40).

351 4707 624 4777 interrogo
644 4710 735 4777 qui
756 4710 864 4763 sint
883 4709 973 4777 qui
996 4708 1350 4776 spoliantibus
1375 4708 1694 4762 adversariis
1720 4709 1930 4774 cedant,

351 4801 515 4855 immo
542 4801 630 4870 qui
671 4801 777 4853 sint
805 4800 896 4868 qui
927 4798 1262 4854 adversarios
1288 4815 1414 4854 suos
1444 4816 1552 4855 non
1581 4801 1811 4869 spoliare
1840 4818 1934 4856 co-

352 4895 581 4948 nentur?
612 4892 739 4947 Tam
770 4892 955 4962 procul
977 4893 1118 4947 enim
1142 4894 1294 4947 abest
1321 4901 1377 4947 ut
1397 4909 1518 4948 cum
1551 4894 1742 4947 tunicis
1769 4894 1931 4948 etiam

350 4984 451 5036 alia
474 4983 853 5051 relinquamus,
886 4991 963 5047 ut,
986 4981 1031 5036 si
1057 4998 1163 5053 quo
1191 4982 1352 5037 modo
1380 4998 1684 5051 possumus,
1708 4985 1927 5054 pallium

351 5074 505 5128 simul
546 5076 837 5130 adversarii
882 5076 1194 5144 tunicasque
1241 5075 1511 5130 tollamus.
1556 5075 1685 5130 Tam
1736 5077 1930 5134 devote

356 5166 493 5220 enim
523 5167 785 5223 mandatis
815 5168 1104 5222 Dominicis
1132 5166 1442 5232 obedimus,
1471 5176 1531 5221 ut
1558 5184 1665 5222 non
1703 5168 1930 5225 sulliciat

359 5258 506 5311 nobis
532 5257 677 5327 quod
705 5258 1026 5314 adversariis
1061 5259 1261 5315 nostris
1306 5260 1467 5335 etiam
1512 5260 1733 5314 minima
1760 5249 1928 5316 vesti-

353 5358 650 5405 mentorum
697 5359 1003 5406 nostrorum
1044 5358 1199 5422 parte
1242 5367 1351 5406 non
1393 5351 1649 5421 cedimus,
1681 5353 1782 5408 nisi
1828 5354 1924 5420 eis,

349 5448 599 5509 quantum
632 5442 682 5496 in
725 5443 876 5497 nobis
896 5451 997 5508 est,
1028 5443 1076 5497 si
1105 5457 1191 5497 res
1217 5443 1379 5509 sinat,
1409 5451 1600 5499 cuncta
1633 5446 1924 5515 rapiamus.

351 5527 592 5601 iungitur
619 5543 796 5589 autem
818 5543 1086 5606 praecepto
1113 5536 1240 5591 huic
1261 5551 1360 5605 par
1386 5544 1442 5591 et
1468 5536 1744 5592 consimile
1772 5552 1925 5591 man-

353 5621 550 5685 datum.
581 5639 688 5695 quo
718 5627 793 5681 ait
822 5626 1080 5683 Dominus
1104 5646 1116 5680 :
1145 5625 1247 5693 Qui
1267 5630 1577 5700 percusserit
1600 5636 1646 5682 te
1675 5630 1726 5682 in
1746 5628 1924 5683 dexte-

357 5729 464 5776 ram
489 5718 785 5781 maxillam,
818 5716 994 5785 pra‘be
1023 5721 1069 5772 ei
1095 5728 1145 5773 et
1170 5720 1390 5774 alteram
1424 5719 1443 5788 (
1460 5717 1617 5784 Ibid,
1650 5718 1772 5787 39).
1815 5717 1925 5793 48

2038 4620 2269 4674 maxime
2298 4634 2418 4675 cum
2448 4630 2503 4672 et
2541 4624 2824 4672 terrestres
2856 4614 3059 4669 domini
3087 4629 3424 4684 nequaquam
3465 4629 3622 4684 aequo

2037 4712 2216 4767 animo
2246 4709 2580 4766 tolerandum
2623 4715 2815 4778 putent
2853 4707 2898 4761 si
2922 4705 3192 4774 jussiones
3230 4721 3356 4760 suas
3384 4707 3525 4760 servi
3555 4722 3620 4761 ex

2035 4809 2187 4872 parte
2214 4800 2436 4854 audiant
2462 4807 2517 4852 et
2544 4812 2611 4852 ex
2641 4807 2794 4865 parte
2815 4803 3181 4862 contemnant,
3205 4803 3262 4851 et
3281 4811 3379 4865 pro
3400 4796 3622 4851 libidine

2035 4910 2129 4949 sua
2159 4908 2278 4963 qum
2306 4890 2613 4962 putaverint
2640 4888 2882 4943 facienda
2909 4887 3136 4953 faciant,
3166 4903 3286 4958 qua:
3313 4887 3622 4959 putaverint

2036 4984 2397 5042 conculcanda
2427 4982 2765 5039 conculcent.
2810 4980 2869 5036 Si
2913 4981 3055 5037 enim
3102 4997 3202 5052 pro
3254 4981 3476 5037 arbitrio
3521 4996 3619 5037 suo

2036 5077 2176 5133 servi
2199 5077 2430 5132 dominis
2456 5075 2861 5145 obtemperant,
2899 5090 2968 5129 ne
2995 5074 3049 5129 in
3077 5074 3143 5128 iis
3168 5073 3385 5144 quidem
3413 5073 3467 5127 in
3497 5074 3619 5143 qui-

2034 5170 2136 5224 bus
2160 5166 2652 5238 obtemperaveriut
2671 5167 3060 5235 obsequuntur.
3085 5163 3309 5231 Quando
3335 5164 3479 5220 enim
3505 5180 3636 5241 ser:

2032 5275 2132 5313 vus
2160 5273 2224 5312 ex
2253 5257 2457 5312 domini
2485 5257 2567 5312 sui
2601 5256 2767 5326 jussis
2811 5271 2875 5311 ea
2914 5254 3044 5311 facit
3084 5254 3458 5309 tantummodo
3497 5268 3618 5323 qua:

2031 5351 2146 5407 vult
2174 5348 2369 5415 facere,
2395 5348 2504 5419 jam
2535 5365 2643 5405 non
2678 5348 3003 5405 dominicam
3029 5346 3365 5402 voluntatem
3407 5344 3611 5414 implet,

2031 5441 2126 5498 sed
2145 5450 2315 5497 suam.
2341 5441 2397 5496 Si
2417 5455 2546 5510 ergo
2567 5458 2666 5498 nos
2684 5442 2776 5511 qui
2804 5440 3109 5497 homunculi
3138 5437 3386 5493 imbecilli
3408 5452 3611 5501 sumus,

2028 5533 2300 5588 contemni
2346 5539 2526 5589 tamen
2555 5549 2584 5588 a
2625 5533 2794 5589 servis
2840 5532 3039 5587 nostris
3080 5529 3301 5585 omnino
3341 5527 3611 5591 nolumus,

2027 5642 2162 5698 quos
2183 5627 2281 5684 etsi
2304 5627 2459 5684 nobis
2486 5626 2756 5683 servitutis
2783 5624 3021 5680 conditio
3049 5621 3352 5689 inferiores,
3376 5623 3609 5678 humana

2030 5728 2209 5774 tamen
2238 5735 2356 5775 sors
2390 5717 2563 5774 reddit
2590 5716 2845 5787 :cquales,
2878 5732 3035 5787 quam
3067 5715 3248 5789 inique
3290 5716 3469 5792 utique
3495 5728 3615 5785 cm:
