4006 6182
388 339 461 395 63
1328 332 1384 389 S.
1428 333 1751 389 SALVLKNI‘
1782 331 2236 408 HAiSiLiiiNSIS
2277 331 2698 389 PRESBYTER!
3588 339 3656 394 σι

392 449 580 504 testem
600 448 883 502 Dominum
912 447 1321 513 contemnimus,
1345 447 1435 515 qui
1461 463 1580 500 cum
1603 446 1846 501 homines
1868 445 1967 515 ipsi
2004 457 2037 501 .t
2074 447 2232 514 plane
2249 446 2372 498 mali
2396 446 2549 501 istius
2570 446 2849 501 retributio
2872 452 2972 511 est,
2990 440 3109 514 quae
3130 446 3300 502 solum
3324 450 3657 517 persequitur

392 542 573 605 simus,
598 538 1019 594 contemnendos
1041 546 1217 592 tamen
1247 553 1345 592 nos
1365 552 1396 590 a
1427 547 1623 592 nostra:
1649 538 1974 593 conditionis

393 631 695 687 hominibus
722 645 829 683 non
860 638 1128 699 putamus.
1170 629 1279 683 Nisi
1318 631 1454 684 tanti
1498 629 1726 685 fortasse
1765 631 1975 685 consilii

391 712 454 779 ac
483 731 590 777 tam
620 722 895 793 profunda:
923 722 1283 790 intelligentiae
1306 739 1507 787 sumus,
1538 731 1596 780 ut
1616 724 1705 791 qui
1728 724 1835 792 pati
1855 739 1971 778 ser-

344 842 353 884 ί
392 831 581 869 vorum
623 814 845 881 injurias
874 815 1152 878 nolumus,
1202 814 1472 868 subditum
1517 815 1725 882 injuriis
1773 816 1972 870 nostris

346 926 350 935 λ
393 907 560 960 Deum
587 921 705 961 esse
735 906 982 970 velimus,
1014 913 1068 959 et
1096 920 1215 974 quae
1242 905 1342 973 ipsi
1368 906 1599 959 toleratu
1624 908 1857 960 humano
1886 907 1971 959 iu-

391 1000 547 1065 digna
576 997 873 1062 credimus,
908 998 1074 1051 Deum
1115 1013 1144 1050 a
1175 998 1329 1051 nobis
1374 997 1532 1065 digne
1579 999 1692 1053 haec
1741 1000 1972 1053 tolerare

391 1092 686 1147 credamus.
723 1090 797 1144 Ac
824 1106 919 1160 per
946 1091 1049 1144 hoc
1077 1090 1122 1143 si
1152 1090 1241 1157 qui
1289 1098 1442 1151 sunt,
1491 1098 1548 1143 ut
1586 1090 1651 1144 ad
1693 1091 1970 1159 superiora

391 1183 689 1248 redeamus,
714 1183 802 1249 qui
833 1181 899 1235 de
930 1181 1221 1248 majoribus
1245 1198 1342 1235 nos
1364 1182 1456 1236 Dei
1487 1184 1769 1251 praeceptis
1794 1183 1973 1237 dicere

390 1274 695 1327 existiment
715 1282 770 1326 et
795 1274 1003 1325 minora
1028 1273 1132 1342 50
1152 1274 1397 1337 reticere,
1426 1271 1693 1341 superﬂue
1720 1275 1870 1342 queri
1893 1275 1974 1327 in-

390 1362 661 1430 telligendi
707 1371 850 1415 sunt.
904 1362 1084 1429 Neque
1131 1363 1270 1416 enim
1309 1361 1450 1431 justa
1499 1366 1737 1418 causatio
1768 1374 1849 1418 est
1877 1382 1974 1419 cur

389 1454 741 1522 prmferantur
769 1453 977 1520 aliqua.
1024 1453 1112 1506 ubi
1161 1452 1401 1508 facienda
1442 1462 1563 1507 sunt
1592 1454 1790 1507 omnia.
1823 1453 1975 1509 Sicut

388 1544 529 1597 enim
575 1543 915 1596 dominorum
961 1544 1255 1597 carnalium
1299 1545 1469 1598 servis
1512 1546 1738 1613 eligere,
1780 1554 1837 1599 ut
1860 1546 1972 1614 jam

389 1632 530 1694 dixi,
571 1632 791 1687 omnino
822 1649 927 1687 non
958 1633 1079 1688 licet
1124 1649 1239 1703 qua:
1281 1651 1344 1688 ex
1376 1636 1654 1705 przcccptis
1692 1638 1974 1693 servilibus

388 1721 616 1785 faciant,
648 1736 767 1791 qua:
796 1738 903 1775 non
935 1723 1161 1789 faciant,
1206 1725 1283 1778 sic
1328 1741 1428 1779 nos
1456 1727 1545 1795 qui
1589 1727 1727 1779 servi
1760 1727 1970 1781 Domini

2074 548 2367 593 auctorem.
2396 538 2476 592 llli
2505 540 2646 593 enim
2679 538 2807 591 nihil
2830 548 2990 591 nocet
3017 539 3228 607 penitus
3268 540 3355 594 cui
3382 540 3617 596 detrahit
3641 564 3653 597 :

2074 627 2443 682 tantummodo
2473 629 2617 681 illum
2647 628 2800 697 punit
2837 642 2867 681 e
2908 625 3058 695 cujus
3107 644 3202 681 ore
3248 630 3510 698 procedit.
3553 630 3655 687 Sed

2021 744 2034 755 -
2073 716 2334 783 delirare,
2367 718 2577 786 opinor,
2610 717 2851 771 videmur
2881 717 2979 770 ista
3019 718 3344 785 repetendo,
3377 729 3430 773 et
3460 721 3573 775 fero
3604 734 3659 776 ut

2076 827 2173 866 nos
2199 810 2429 865 delirare
2477 812 2771 865 videamur.
2805 810 3052 879 Nunquid
3094 810 3341 865 deliravit
3383 813 3653 881 Dominus,

2072 901 2160 969 qui
2184 902 2459 971 pnnccpit:
2482 900 2661 955 Omnis
2682 904 2837 963 enim,
2858 901 3027 970 inquit
3043 916 3139 970 per
3155 903 3459 970 apostolum
3480 920 3654 970 suum,

2073 992 2268 1045 clamor
2301 995 2570 1064 auferatur
2590 1010 2622 1046 α
2651 992 2791 1046 robis
2822 1009 2933 1045 cum
2963 994 3103 1047 omni
3123 994 3323 1046 malitia
3347 993 3558 1065 (Eplies.
3586 1013 3653 1059 tv.

2075 1082 2188 1149 51).
2224 1082 2518 1152 Utrumque
2546 1083 2762 1151 quidem
2790 1082 2894 1136 hoc
2925 1083 2976 1135 in
3002 1082 3154 1136 nobis
3173 1082 3373 1151 jugiter
3400 1100 3656 1154 persevc-

2072 1185 2174 1241 rat,
2206 1176 2299 1229 sed
2330 1178 2496 1243 magis
2528 1184 2705 1231 tamen
2737 1175 2937 1233 malitia
2980 1189 3141 1244 quam
3185 1176 3408 1231 clamor.
3440 1177 3658 1233 Clamor

2072 1266 2271 1334 quippe
2306 1281 2411 1319 non
2440 1280 2653 1334 semper
2682 1271 2763 1317 est
2792 1264 2855 1317 in
2878 1264 3061 1318 oribus
3088 1266 3305 1331 nostris,
3339 1266 3541 1321 malitia
3564 1283 3657 1321 an-

2074 1365 2179 1408 tem
2209 1370 2421 1424 semper
2448 1363 2532 1408 est
2558 1355 2610 1408 in
2640 1354 2890 1413 cordibus
2919 1356 3148 1421 nostris;
3188 1371 3251 1410 ac
3280 1372 3380 1425 per
3401 1358 3505 1412 hoc
3526 1368 3656 1429 puto

2071 1447 2215 1515 quod
2245 1447 2407 1501 etiam
2432 1448 2479 1501 si
2508 1447 2560 1500 in
2591 1446 2745 1500 nobis
2788 1446 2992 1499 clamor
3018 1446 3306 1511 desineret,
3339 1454 3519 1502 tamen
3545 1466 3658 1504 ma-

2071 1538 2184 1591 litia
2214 1546 2573 1608 permaneret.
2605 1535 2731 1590 Sine
2759 1536 3179 1589 murmuratione
3201 1550 3415 1606 quoque
3444 1545 3497 1605 et
3523 1553 3653 1606 que.

2072 1630 2183 1684 rela
2205 1646 2303 1685 nos
2327 1630 2463 1683 Deus
2486 1637 2668 1683 noster
2687 1643 2805 1681 esse
2820 1628 3071 1696 princepit
3090 1626 3341 1699 (Philipp.
3362 1645 3416 1694 n,
3438 1629 3653 1700 14,15).

2072 1722 2295 1793 Quando
2318 1722 2432 1777 lucc
2456 1722 2508 1775 in
2534 1723 2766 1776 humano
2788 1734 2984 1788 genere
3013 1736 3121 1773 non
3141 1720 3390 1775 fuerunt?
3418 1721 3472 1776 Si
3495 1731 3655 1778 aestus

388 1813 556 1867 nostri
578 1829 778 1877 sumus,
813 1813 1072 1867 inlicitum
1102 1816 1322 1867 omnino
1351 1816 1659 1871 existimare
1687 1817 1965 1884 debemus,
2005 1804 2045 1862 Β
2075 1819 2173 1876 est,
2207 1813 2275 1866 dc
2305 1812 2555 1866 ariditate
2583 1827 2894 1876 Causamur;
2927 1811 2971 1865 si
3000 1810 3196 1880 pluvia,
3221 1811 3287 1865 de
3310 1812 3656 1869 inundatione

390 1912 447 1957 ut
458 1904 541 1957 vel
556 1903 644 1957 illa
657 1914 775 1973 quae
787 1904 996 1973 placent
1013 1920 1110 1973 pro
1124 1907 1288 1960 animi
1302 1907 1662 1963 oblectatione
1674 1926 1963 1976 sumamus,

389 1996 470 2049 vel
488 1996 573 2049 illa
590 2010 709 2064 quae
722 1996 1004 2065 displicent
1016 2012 1114 2065 pro
1130 2000 1392 2067 superbia:
1408 2001 1663 2056 abusione
1678 2004 1964 2057 calcemus.

457 2086 587 2140 Vill.
623 2085 728 2141 Sed
751 2088 1152 2155 acquiescamus
1175 2098 1354 2144 tamen
1384 2091 1465 2144 his
1485 2088 1573 2160 qui
1601 2108 1665 2146 ex
1688 2095 1971 2163 praeceptis

389 2176 677 2230 Dominicis
706 2177 903 2231 idcirco
932 2176 1155 2231 forsitan
1185 2194 1283 2232 nos
1313 2180 1499 2234 nolunt
1536 2182 1739 2249 majora
1768 2184 1965 2250 dicere,

387 2267 509 2335 quia
540 2282 597 2321 se
619 2274 810 2336 putant
838 2268 1042 2321 minora
1067 2270 1355 2337 complere,
1383 2286 1488 2325 non
1510 2273 1633 2341 quia
1655 2274 1883 2329 sufliciat
1902 2276 1968 2330 ad

389 2360 631 2422 salutem,
657 2359 702 2412 si
722 2358 1018 2426 majoribus
1038 2361 1231 2428 spretis
1253 2361 1460 2417 minora
1481 2363 1756 2431 faciamus,
1780 2382 1971 2420 secun-

388 2449 514 2504 dum
546 2449 675 2504 illud
709 2468 720 2502 :
748 2448 1048 2522 Quicunque
1068 2460 1227 2505 totam
1247 2453 1404 2522 legem
1436 2459 1727 2521 servaverit,
1756 2458 1973 2526 offendit

389 2554 560 2598 autem
588 2545 641 2596 in
672 2560 794 2607 uno,
818 2545 987 2614 factus
1014 2542 1090 2596 est
1112 2546 1337 2598 omnium
1364 2563 1478 2600 reus
1503 2547 1552 2618 (J
1562 2565 1639 2601 ac.
1666 2565 1734 2612 ιι,
1761 2549 1868 2617 10).
1895 2552 1972 2607 Ac

388 2648 485 2704 per
508 2633 642 2695 hoc,
688 2633 813 2688 licet
859 2633 1013 2689 nobis
1061 2650 1169 2688 non
1216 2632 1441 2691 sufficiat
1468 2652 1632 2706 parva
1662 2654 1725 2694 ac
1751 2641 1969 2696 minima

387 2741 611 2796 quaeque
640 2726 843 2788 facere,
876 2728 1155 2795 acquiesco
1196 2736 1370 2782 tamen
1401 2744 1504 2798 ego
1531 2731 1737 2787 minora
1767 2734 1967 2802 dicere,

388 2825 446 2872 ut
465 2816 742 2871 ostendam
764 2818 1047 2871 maximam
1063 2818 1484 2874 Christianorum
1506 2824 1741 2877 omnium
1763 2835 1969 2893 partem

388 2923 487 2964 nec
516 2910 705 2975 exigua
734 2908 924 2963 saltem
954 2924 1015 2962 ac
1044 2910 1260 2962 minima
1294 2910 1499 2966 fecisse.
1529 2912 1693 2967 Jussit
1722 2914 1971 2971 Salvator

388 3006 571 3052 noster
598 3006 654 3051 ut
681 2997 967 3052 Christiani
1000 3000 1243 3053 homines
1274 3016 1378 3054 non
1403 3003 1650 3070 jurarent
1674 3004 1889 3075 (Matth.
1913 3025 1963 3073 v,

386 3087 499 3159 34).
546 3088 733 3143 Plures
759 3089 1001 3143 invenias
1026 3091 1115 3158 qui
1152 3093 1343 3160 stepius
1386 3091 1628 3161 pejerent
1671 3111 1831 3164 quam
1875 3098 1965 3165 qui

388 3177 607 3235 omnino
638 3195 743 3235 non
762 3178 959 3247 jurent.
995 3179 1159 3234 Jussit
1191 3196 1406 3250 quoque
1448 3191 1507 3237 ut
1548 3201 1707 3240 nemo
1746 3188 1968 3242 maledi-

386 3276 552 3327 ceret.
584 3268 749 3338 Cujus
785 3287 891 3325 non
920 3286 1097 3325 sermo
1129 3271 1432 3327 maledictio
1474 3278 1590 3329 est?
1622 3275 1796 3330 Prima
1826 3280 1966 3333 enim

384 3377 599 3431 semper
628 3361 827 3416 irarum
865 3362 969 3416 tela
1002 3364 1280 3417 maledicta
1318 3373 1459 3429 sunt,
1493 3374 1546 3419 et
1573 3367 1830 3437 quidquid
1858 3386 1964 3424 non

386 3466 669 3519 possumus
698 3452 979 3517 imbecilli,
1024 3461 1271 3521 optamus
1318 3455 1467 3517 irati;
1520 3472 1582 3511 ac
1630 3458 1789 3513 sicin
1822 3462 1967 3515 omni

384 3544 684 3595 animorum
720 3543 1106 3610 indignantium
1139 3554 1305 3609 motu,
1332 3547 1471 3600 votis
1498 3549 1650 3603 malis
1677 3566 1775 3618 pro
1804 3554 1966 3608 armis

385 3633 600 3686 utimur.
637 3631 788 3687 Unde
836 3636 1200 3703 unusquisque
1248 3636 1520 3690 hominum
1569 3639 1966 3697 evidentissime

383 3724 592 3792 probat,
620 3724 876 3792 quidquid
904 3723 1015 3777 fieri
1040 3725 1361 3779 adversariis
1382 3728 1491 3781 suis
1513 3736 1683 3798 optat,
1711 3738 1876 3783 totum
1908 3748 1967 3787 se

382 3815 559 3869 facere
590 3816 755 3879 velle,
787 3816 831 3869 si
862 3817 1048 3883 possit.
1083 3817 1188 3869 Sed
1216 3818 1464 3873 videlicet
1491 3821 1613 3888 quia
1657 3837 1843 3876 omnes
1865 3824 1965 3879 bac

381 3906 721 3974 improbitate
745 3906 1038 3974 li::guarum
1071 3907 1223 3962 facile
1249 3910 1463 3976 utimur,
1485 3912 1574 3980 qui
1597 3913 1757 3982 jussis
1784 3914 1964 3969 Domi-

382 3996 514 4050 nicis
543 4010 650 4049 non
680 3995 1147 4064 obtemperantes,
1185 3997 1381 4052 idcirco
1419 4000 1580 4053 etiam
1629 4002 1770 4071 apud
1796 4003 1961 4057 Deum

384 4085 539 4141 facile
568 4086 670 4141 hoc
695 4095 944 4155 putamus
991 4102 1108 4140 esse
1154 4089 1243 4156 qui
1268 4090 1444 4158 jussit.
1473 4091 1746 4157 Maledici,
1792 4095 1963 4162 inquit

378 4192 557 4231 sermo
579 4177 809 4241 divinus,
836 4194 1044 4247 regnum
1070 4177 1166 4232 Dei
1188 4196 1290 4233 non
1312 4180 1642 4251 possidebunt
1664 4184 1713 4255 (Ι
1739 4184 1856 4240 Cor.
1886 4205 1956 4251 vi,

377 4267 486 4336 10).
507 4266 643 4323 Hinc
663 4283 791 4336 ergo
822 4269 1118 4336 intelligere
1140 4286 1420 4350 possumus
1440 4288 1599 4341 quam
1621 4278 1798 4344 gravis
1818 4278 1887 4331 sit
1907 4288 1960 4333 et

376 4362 675 4432 perniciosa
706 4362 807 4431 51
839 4362 1172 4428 maledictio,
1204 4363 1419 4431 quando
1448 4366 1661 4421 etiamsi
1687 4369 1790 4422 alia
1819 4372 1955 4425 bona

374 4452 662 4514 adluerint,
687 4452 800 4506 sola
831 4452 1066 4505 excludit
1089 4468 1118 4505 a
1142 4454 1298 4507 cado.
1324 4453 1580 4509 Invidiam
1610 4460 1796 4527 procul
1838 4477 1957 4517 esse

2071 1904 2489 1972 conquerimur:
2521 1905 2565 1958 si
2607 1902 2942 1957 infecundior
2987 1918 3158 1957 annus
3201 1912 3313 1969 est,
3346 1920 3655 1981 accusamus

2070 1994 2434 2059 sterilitatem;
2480 1995 2526 2048 si
2567 1993 2860 2057 limundior,
2904 1994 3179 2047 vilitatem.
3215 1994 3448 2064 Adipisci
3489 1996 3654 2050 abun-

2070 2085 2305 2139 dantiam
2328 2086 2590 2154 cupimus,
2616 2092 2670 2138 et
2698 2085 2942 2138 eamdem
2964 2084 3140 2154 adepti
3164 2100 3495 2141 accusamus.
3520 2086 3655 2153 Quid

2070 2176 2175 2232 dici
2195 2177 2295 2231 hac
2315 2192 2373 2231 re
2394 2176 2706 2246 improbius,
2726 2176 2850 2245 quid
2872 2177 3310 2231 contumeliosius
3326 2181 3428 2250 52
3443 2182 3655 2248 potest?

2071 2268 2246 2322 Etiam
2271 2270 2323 2322 in
2353 2270 2456 2323 hoc
2483 2269 2549 2323 de
2578 2268 2941 2323 misericordia
2963 2268 3056 2323 Dei
3085 2270 3380 2338 querimur,
3405 2271 3529 2340 quia
3561 2273 3655 2326 tri-

2070 2362 2199 2417 buat
2221 2362 2363 2431 quod
2392 2377 2661 2431 rogamus.
2694 2361 2894 2417 Abesse
2921 2378 2950 2415 a
2980 2364 3149 2417 servis
3168 2363 3277 2417 suis
3297 2379 3456 2419 omne
3482 2366 3655 2420 omni-

2074 2469 2174 2518 no,
2207 2453 2370 2507 etiam
2415 2453 2692 2508 oculorum
2713 2493 2727 2515 ,
2759 2452 3065 2507 scandalum
3103 2452 3243 2507 Deus
3288 2455 3561 2525 praecepit.
3589 2453 3655 2508 Et

2075 2544 2197 2597 ideo
2219 2546 2266 2597 si
2293 2546 2405 2614 quis
2423 2583 2437 2608 ,
2471 2543 2669 2611 inquit,
2702 2542 2884 2596 viderit
2905 2543 3169 2597 mulierem
3197 2544 3267 2596 ad
3294 2547 3654 2615 concupiscen-

2073 2633 2222 2698 dum,
2247 2635 2363 2703 jam
2400 2634 2680 2687 maecltatus
2720 2643 2797 2687 est
2824 2651 2938 2687 eam
2966 2635 3020 2686 in
3050 2634 3203 2688 corde
3230 2650 3323 2689 suo
3351 2634 3574 2705 (Matth.
3600 2653 3652 2704 ν,

2071 2722 2184 2794 28).
2215 2722 2351 2778 Hinc
2373 2724 2668 2792 intelligere
2694 2724 2850 2793 plene
2873 2740 3154 2794 possumus
3176 2740 3337 2794 quam
3359 2735 3536 2782 castos
3555 2744 3655 2783 nos

2071 2829 2190 2870 esse
2218 2813 2465 2868 Salvator
2496 2814 2738 2884 jusserit,
2785 2815 2875 2884 qui
2922 2815 3085 2869 etiam
3135 2815 3403 2870 licentiam
3436 2818 3654 2875 visionis

2072 2907 2316 2960 abscidit.
2368 2906 2556 2960 Sciens
2599 2906 2742 2960 enim
2788 2904 3051 2961 fenestras
3096 2908 3494 2975 quodammodo
3537 2925 3654 2965 esse

2071 3005 2374 3051 nostrarum
2419 2997 2678 3051 mentium
2707 2997 2885 3050 lumen
2930 2998 3228 3063 oculorum,
3261 3006 3316 3052 et
3343 3014 3530 3053 omnes
3551 3001 3652 3053 im-

2070 3088 2265 3158 probas
2293 3088 2611 3157 cupiditates
2644 3088 2696 3140 in
2720 3103 2815 3141 eor
2841 3103 2937 3157 per
2958 3089 3161 3153 oculos,
3194 3090 3345 3158 quasi
3377 3106 3475 3160 per
3497 3097 3653 3144 natu-

1997 3167 2041 3228 C
2072 3179 2212 3233 rales
2233 3179 2528 3241 cuniculos,
2554 3178 2795 3244 introire,
2823 3179 3161 3246 exstinguere
3183 3195 3273 3234 eas
3294 3181 3504 3250 penitus
3525 3179 3654 3235 foris

2070 3273 2274 3336 voluit,
2306 3289 2372 3327 ne
2409 3272 2550 3327 intus
2579 3272 2867 3335 orirentur,
2912 3279 2967 3325 et
2995 3272 3264 3328 lethaliter
3292 3274 3652 3328 crescentibus

2071 3365 2216 3421 fibris
2244 3366 2681 3421 convalescerent
2711 3362 2935 3419 fortasse
2964 3365 3017 3418 in
3048 3366 3248 3431 animo,
3282 3366 3325 3419 si
3353 3366 3649 3433 germinas-
3686 3428 3691 3432 α

2069 3463 2187 3512 sent
2217 3456 2268 3511 in
2298 3457 2431 3511 visu.
2457 3457 2659 3512 Idcirco
2688 3457 2867 3524 itaque
2897 3456 2972 3509 ait
3002 3455 3258 3511 Dominus
3282 3458 3526 3526 petulcas
3548 3458 3651 3512 im-

2068 3548 2385 3617 pudicorum
2434 3548 2709 3601 hominun
2760 3546 2982 3601 intuitus
3030 3563 3170 3600 noxa
3232 3548 3477 3602 adulterii
3542 3564 3649 3603 non

2070 3653 2276 3697 carere,
2311 3638 2518 3692 scilicet
2546 3645 2605 3691 ut
2643 3636 2734 3705 qui
2765 3637 2904 3689 bona
2934 3636 3035 3689 fide
3061 3636 3267 3704 fugeret
3308 3637 3646 3705 adulterium,

2067 3729 2360 3783 custodiret
2380 3736 2675 3797 aspectum.
2697 3726 2954 3781 Perfecta:
2976 3727 3235 3794 siquidem
3268 3742 3329 3781 ac
3355 3728 3650 3784 sincerissi-

2067 3835 2167 3873 ma:
2194 3820 2495 3875 sanctitatis
2521 3820 2708 3873 volens
2734 3818 2966 3872 cultores
3008 3833 3131 3871 suos
3162 3816 3335 3873 facere
3378 3818 3645 3887 Salvator,

2059 3911 2218 3980 jussit
2246 3912 2313 3966 ab
2342 3912 2426 3965 bis
2455 3910 2760 3966 cautissime
2798 3909 2960 3962 etiam
2990 3908 3208 3961 minima
3242 3909 3414 3977 vitari,
3447 3912 3648 3967 scilicet

2066 4010 2123 4055 ut
2151 4018 2312 4070 quam
2341 4017 2473 4072 pura
2504 4008 2585 4055 est
2603 3999 2804 4070 pupilla
2827 3999 2998 4063 oculi,
3025 4007 3133 4053 tam
3164 4015 3293 4069 pura
3322 4010 3464 4056 esset
3489 4001 3646 4057 Chri-

2063 4093 2221 4146 stiani
2241 4093 2473 4147 hominis
2492 4092 2625 4158 vita,
2645 4099 2699 4146 ct
2718 4091 2853 4145 sicut
2874 4091 3021 4144 salva
3042 4092 3263 4146 intuitus
3285 4093 3640 4148 incolumitatr

2062 4184 2295 4255 pulveris
2325 4184 2501 4239 labem
2544 4184 2597 4238 in
2640 4199 2699 4238 se
2743 4184 2931 4237 oculus
2962 4198 3066 4236 non
3096 4184 3389 4255 reciperet,
3432 4187 3509 4241 sic
3540 4187 3637 4240 vit"

2064 4284 2245 4329 nostra
2275 4276 2449 4329 labem
2480 4274 2531 4328 in
2562 4290 2620 4329 se
2645 4275 2855 4344 penitus
2881 4274 3224 4343 impudicitia:
3254 4292 3358 4329 non
3401 4277 3643 4330 haberet.

2064 4368 2213 4423 Unde
2233 4376 2315 4422 est
2336 4368 2464 4422 illud
2485 4367 2643 4421 etiam
2666 4365 2807 4435 quod
2831 4364 2883 4419 in
2905 4366 3250 4434 sequentibus
3266 4368 3340 4420 ait
3354 4368 3645 4424 Dominus:

2062 4459 2121 4514 Si
2151 4459 2473 4513 scandalizat
2499 4469 2544 4512 te
2565 4458 2740 4513 oculus
2777 4467 2911 4522 tuus,
2940 4474 3060 4512 eme
3087 4475 3221 4512 eum.
3246 4457 3315 4511 Et
3343 4462 3387 4512 si
3416 4461 3642 4514 scanda-

374 4543 526 4613 jussit
545 4543 788 4597 Christus
826 4558 854 4595 a
886 4543 1058 4595 nobis.
1086 4542 1154 4595 At
1176 4559 1274 4597 nos
1303 4553 1489 4599 contra
1512 4584 1527 4610 ,
1554 4564 1662 4601 non
1683 4554 1955 4607 extraneis
1985 4540 2028 4597 D
2057 4550 2181 4603 [ξιτατ
2209 4560 2255 4601 te
2273 4564 2453 4601 manus
2477 4557 2584 4612 tua,
2608 4545 2854 4601 abscinde
2875 4565 3007 4601 eam.
3033 4546 3256 4617 Expedit
3279 4549 3368 4603 tibi
3388 4560 3443 4603 ut
3471 4561 3641 4619 pereat

375 4644 598 4696 tantum,
646 4635 741 4689 sed
783 4636 943 4689 etiam
986 4636 1244 4704 proximis
1284 4637 1608 4705 invidemus;
1652 4656 1752 4696 nec
1778 4645 1951 4699 solum

376 4727 650 4790 inimicos,
692 4726 785 4779 sed
815 4729 974 4780 etiam
1012 4728 1213 4782 amicos
1241 4738 1453 4784 nostros
1482 4730 1648 4785 livore
1675 4734 1950 4802 perfundi-

373 4834 510 4873 mus.
534 4817 679 4872 Adeo
700 4833 867 4886 prope
888 4820 938 4871 in
956 4820 1190 4872 onmium
1213 4836 1371 4875 sensu
1396 4822 1500 4876 hoc
1521 4824 1715 4877 malum
1740 4837 1948 4893 regnat;

372 4911 506 4963 adeo
552 4909 817 4963 esuriendi
865 4909 1026 4961 libido
1077 4894 1361 4967 terminum
1408 4914 1587 4977 habet,
1633 4915 1951 4973 detrahendi

371 5001 532 5055 libido
574 5000 861 5054 terminum
912 5016 1015 5053 μου
1055 5001 1233 5055 habet.
1261 5002 1391 5057 Nam
1422 5020 1634 5074 semper
1662 5004 1948 5062 admodum

370 5096 517 5158 cibo,
552 5106 822 5159 nunquam
853 5091 1185 5146 detractione
1206 5104 1527 5151 satur-amur.
1553 5097 1656 5154 Sed
1685 5099 1819 5154 levis
1845 5100 1953 5155 for-

369 5185 506 5242 sitan
528 5199 684 5254 poena
709 5183 859 5235 istius
881 5184 1014 5237 labis
1035 5193 1134 5238 est.
1156 5183 1463 5252 Detrahens,
1485 5190 1655 5260 inquit
1676 5190 1949 5259 Scriptura

368 5294 536 5340 sacra,
569 5274 935 5331 eradicabitur.
965 5276 1154 5331 Gravis
1182 5278 1424 5347 profecto
1450 5290 1504 5335 et
1535 5283 1806 5338 tremenda
1838 5285 1953 5338 ani-

369 5372 690 5433 madversio,
708 5368 800 5422 sed
819 5376 997 5422 tamen
1020 5369 1162 5423 nulla
1183 5371 1465 5424 correctio.
1487 5372 1784 5428 Dummodo
1808 5375 1950 5428 enim

366 5463 728 5532 unusquisque
757 5461 1032 5515 hominum
1074 5461 1235 5514 alium
1278 5461 1514 5517 lacerare
1560 5480 1666 5518 non
1713 5466 1942 5531 desinat,

365 5555 500 5606 tanti
530 5561 680 5624 putat
706 5562 763 5607 ut
792 5553 950 5607 etiam
982 5552 1081 5605 sibi
1113 5552 1225 5619 ipse
1266 5568 1371 5606 non
1414 5563 1618 5621 parcat.
1650 5555 1757 5608 Sed
1785 5555 1942 5623 digna

2057 4658 2214 4694 unum
2255 4638 2593 4695 membrorum
2646 4648 2845 4692 tuorum
2891 4656 3039 4710 quam
3073 4648 3228 4692 totum
3276 4656 3458 4711 corpus
3502 4650 3639 4695 tuum

2057 4736 2287 4787 mittatur
2315 4735 2368 4788 in
2408 4732 2691 4802 gehennam
2715 4729 2907 4801 (Ibid.,
2937 4730 3027 4796 9.9,
3062 4731 3183 4795 ‘50).
3216 4732 3270 4787 Si
3304 4732 3462 4800 igitur
3484 4733 3638 4802 juxta

2058 4827 2150 4881 Dei
2196 4827 2416 4880 verbum
2463 4825 2515 4877 in
2563 4824 2859 4890 gehennam
2890 4822 3155 4878 scandulis
3184 4825 3460 4890 trahimur,
3493 4834 3639 4880 recte

2058 4917 2317 4985 profecto,
2353 4924 2409 4968 ut
2437 4914 2734 4983 gehennam
2758 4914 2926 4967 vitare
2952 4914 3239 4983 possimus,
3272 4915 3432 4969 etiam
3461 4918 3637 4971 mani-

2056 5008 2156 5061 bus
2185 5006 2382 5060 nostris
2412 5022 2511 5059 nos
2541 5005 2815 5073 oculisque
2840 5004 3154 5059 multamus:
3179 5022 3280 5059 non
3304 5007 3447 5074 quod
3469 5024 3639 5062 mem-

2056 5100 2166 5154 bris
2195 5099 2306 5153 suis
2332 5098 2452 5167 quis
2479 5098 2691 5166 privare
2718 5111 2778 5150 se
2803 5095 3013 5159 debeat,
3042 5096 3135 5149 sed
3164 5097 3286 5163 quia
3310 5104 3419 5150 tam
3451 5115 3637 5155 neces-

2055 5192 2209 5245 saria:
2232 5190 2385 5245 nobis
2407 5196 2530 5243 sunt
2550 5187 2791 5256 quamam
2816 5186 3228 5240 domesticorum
3255 5188 3349 5241 obs
3360 5190 3634 5258 equiornm

2054 5282 2491 5345 necessitudines,
2545 5289 2601 5333 ut
2647 5279 2729 5332 bis
2774 5278 2925 5347 quasi
2973 5278 3076 5347 53
3126 5279 3314 5341 oculis,
3366 5280 3631 5337 interdum

2053 5382 2232 5429 autem
2252 5373 2404 5442 quasi
2428 5372 2670 5426 manibus
2690 5378 2920 5432 utamur,
2946 5378 3093 5423 recte
3116 5370 3270 5423 nobis
3292 5374 3629 5440 prmsentium

2053 5465 2468 5519 ministeriorum
2498 5463 2669 5519 officia
2711 5463 3097 5526 subtraliimus,
3133 5479 3198 5518 ne
3231 5474 3251 5499 "
3283 5466 3467 5519 aeterni
3495 5466 3630 5533 ignis

2052 5564 2314 5610 tormenta
2344 5556 2625 5625 patiamur.
2661 5552 2761 5608 Ubi
2792 5554 2931 5607 enim
2960 5553 3025 5608 de
3055 5553 3348 5609 ministerio
3378 5556 3552 5624 agitur
3576 5566 3631 5611 et

1550 5654 1764 5716 STEPll
1776 5664 1882 5718 ΛΜ
1923 5664 2187 5719 BALEle
2228 5665 2451 5720 NUTA‘J.
3543 5694 3565 5702 ο

433 5766 454 5793 α
480 5755 550 5809 Ea
585 5756 678 5808 fuit
708 5765 943 5810 veterum
991 5754 1287 5825 persuasio,
1326 5762 1383 5807 ut
1412 5753 1780 5809 existimarent
1820 5771 1938 5811 esse

2044 5765 2300 5811 mternum
2334 5759 2505 5825 ignem
2538 5757 2673 5826 apud
2710 5758 2907 5817 iuleros
2936 5772 3042 5831 quo
3071 5758 3303 5833 damnati
3342 5774 3626 5819 exureren-
