4006 6182
305 256 371 312 65
1385 241 1476 307 DE
1512 250 2044 308 GUBERNATIONE
2083 252 2192 306 DEI
2232 252 2355 307 LIB.
2400 252 2485 309 ill.
3509 265 3577 318 ct;

307 374 431 433 vita,
461 368 666 422 rectius
688 368 927 437 proiecto
946 365 1253 420 Christiano
1284 375 1366 419 est
1389 365 1682 421 ministerio
1703 380 1889 419 carere
1920 373 1963 428 Α
1994 366 2040 419 si
2067 382 2175 420 non
2206 365 2400 422 faciant
2423 369 2566 437 quod
2601 370 2875 438 jubentnr.
2904 371 3070 428 Porto
3092 383 3270 428 autent
3309 392 3410 431 nos
3433 381 3580 432 omni

304 475 463 529 quam
494 459 627 512 vita.

370 549 461 605 IX.
503 550 690 618 Itaque
720 564 843 604 cum
882 551 936 601 in
976 549 1223 603 oumibus
1250 548 1333 603 his
1371 564 1489 617 qua:
1518 547 1752 601 diximus
1775 548 1898 601 ohe-

303 644 415 699 dire
440 655 542 696 nos
588 640 693 694 sibi
725 639 979 692 Dominus
1009 648 1191 693 noster
1228 637 1477 706 jusserit.
1521 638 1611 691 ubi
1650 644 1775 691 sunt
1801 636 1893 705 qui

302 742 392 790 aut
420 735 473 788 in
504 733 773 787 universis
802 730 1068 786 mandatis
1098 731 1228 792 Deo,
1262 738 1355 784 aut
1375 738 1522 784 certe
1550 730 1634 784 vel
1674 730 1727 783 in
1756 743 1892 798 pau-

300 825 527 881 cissimis
573 824 980 892 obsequantur?
1012 821 1111 876 Ubi
1160 831 1286 875 sunt
1329 823 1418 890 qui
1467 831 1561 874 aut
1591 830 1614 857 ·
1649 820 1893 875 inimicos

297 916 540 984 diligant,
571 922 666 969 aut
710 914 1157 983 persequentibus
1204 913 1561 974 hcnelaciant,
1593 922 1684 967 aut
1720 913 1892 966 malos

297 1010 350 1063 in
381 1009 526 1062 bono
553 1009 804 1071 vincant,
833 1007 925 1077 qui
964 1006 1207 1059 maxillas
1230 1006 1558 1061 ardentibus
1586 1005 1886 1074 pnebeant,

299 1100 391 1167 qui
419 1099 778 1169 spatiantibus
816 1115 905 1152 res
944 1114 1067 1153 suas
1105 1099 1221 1153 sine
1259 1098 1352 1153 lite
1379 1099 1721 1153 concedant?
1761 1098 1890 1163 Quis

297 1200 381 1247 est
401 1192 545 1260 apud
573 1207 736 1260 quem
756 1191 785 1229 δ
816 1191 1160 1246 delectationi
1186 1192 1401 1261 penitus
1430 1191 1562 1245 nihil
1590 1190 1773 1255 liceat,
1796 1192 1888 1259 qui

296 1284 545 1340 convicio
572 1299 672 1339 suo
700 1283 970 1338 neminem
1019 1283 1198 1347 laedat,
1229 1284 1320 1352 qui
1366 1283 1582 1336 silentio
1626 1299 1688 1337 os
1730 1298 1887 1336 coer-

293 1384 436 1440 eeat,
488 1359 566 1429 ne
605 1375 658 1428 in
705 1373 1116 1428 amaritudinem
1166 1374 1558 1428 maledictionis
1603 1374 1888 1442 erumpat?

293 1464 423 1531 Qui;
451 1474 534 1519 est
553 1465 646 1535 qui
672 1464 833 1519 faciat
861 1465 973 1519 haec
1002 1464 1259 1518 minima?
1286 1472 1344 1518 ut
1372 1480 1481 1517 non
1507 1464 1680 1517 dicam
1704 1464 1791 1517 illa
1820 1463 1889 1518 de

290 1558 488 1625 quibus
533 1557 767 1611 diximus
812 1556 974 1626 paulo
1021 1564 1167 1618 ante,
1200 1555 1424 1622 majora.
1467 1554 1597 1621 Quae
1644 1570 1765 1608 cum
1812 1556 1885 1607 ita

294 1649 427 1712 sint,
458 1654 512 1701 et
554 1661 678 1701 cum
707 1661 738 1699 a
766 1647 924 1700 nobis
952 1646 1025 1699 nil
1054 1647 1270 1716 penitus
1301 1646 1591 1701 Dominicte
1628 1646 1886 1715 jussionis

1997 456 2196 523 studio,
2226 459 2372 512 omni
2391 460 2530 523 nisu.
2562 476 2669 515 non
2699 464 2872 518 solum
2896 465 3042 527 iussa
3075 481 3181 519 non
3208 466 3455 525 faciams.
3485 472 3583 524 sed

1997 558 2185 603 contra
2216 550 2266 604 id
2290 550 2515 606 facimus
2533 553 2677 621 quod
2697 553 2973 620 jubemur.
3002 555 3161 610 Juhet
3189 558 3333 611 enim
3361 558 3502 615 Deus
3526 571 3582 614 ut

1995 652 2183 693 omnes
2207 639 2361 693 nobis
2391 640 2617 695 invicem
2648 643 2793 697 chari
2824 646 2990 699 simus
3015 665 3026 698 :
3061 663 3249 702 munes
3277 658 3455 704 autem
3483 666 3583 705 nos

1995 736 2178 781 mutua
2208 727 2552 785 inlestatione
2593 733 2908 788 laeeramus.
2937 734 3095 791 Jubet
3142 738 3284 792 Deus
3321 748 3377 792 ut
3404 742 3582 796 cuncti

1992 820 2274 889 egentibus
2312 837 2407 876 sua
2435 824 2703 889 tribuant;
2736 827 2913 879 cuncti
2941 828 3226 882 admodum
3256 831 3429 885 aliena
3459 849 3580 901 per-

1991 910 2212 964 vadunt.
2260 911 2419 967 Jubet
2466 914 2606 968 Deus
2656 924 2713 968 ut
2752 918 2925 971 omnis
2968 919 3059 987 qui
3103 918 3436 977 Christianus
3474 933 3577 987 est,

1991 1010 2152 1063 etiam
2183 1011 2373 1065 oculos
2409 1020 2591 1066 castos
2620 1013 2850 1077 habeat;
2881 1023 3078 1082 quotus
3118 1017 3344 1084 quisque
3380 1020 3579 1086 estqui

1994 1117 2098 1155 non
2130 1119 2187 1155 sc
2235 1103 2348 1157 luto
2400 1102 2769 1159 fornicationis
2815 1106 3088 1160 involvat?
3118 1106 3184 1159 Et
3222 1107 3351 1175 quid
3395 1109 3580 1177 plura!

1990 1192 2166 1247 Grave
2192 1201 2246 1246 et
2276 1194 2575 1249 luctuosum
2604 1203 2687 1249 est
2714 1195 2855 1263 quod
2886 1195 3127 1251 dicturus
3167 1213 3302 1250 sum.
3332 1196 3448 1266 Ipsa
3480 1198 3579 1254 Ec-

1990 1284 2151 1338 clesia
2182 1284 2296 1350 Dei,
2325 1300 2443 1353 qua:
2473 1287 2524 1339 in
2548 1286 2797 1342 omnibus
2825 1301 2943 1341 esse
2972 1287 3133 1342 debet
3161 1288 3422 1357 placatrix
3460 1289 3577 1354 Dei,

1989 1374 2117 1443 quid
2146 1384 2229 1429 est
2256 1376 2398 1430 aliud
2444 1392 2605 1445 quam
2652 1378 3022 1432 exacerbatrix
3074 1378 3205 1433 Dei?
3248 1388 3340 1433 aut
3384 1389 3579 1449 pncter

1988 1464 2339 1532 paurissimos
2366 1466 2626 1536 quosdam
2646 1469 2736 1537 qui
2757 1469 2895 1522 mala
2919 1468 3147 1537 fugiunt,
3170 1471 3296 1537 quid
3326 1480 3408 1524 est
3435 1470 3577 1525 aliud

1990 1571 2126 1624 pene
2154 1557 2330 1609 omnis
2377 1568 2549 1611 coitus
2591 1559 3020 1614 Christianorum
3050 1577 3210 1631 quam
3266 1564 3473 1616 sentina
3499 1562 3576 1615 vi-

1991 1648 2229 1700 tiorum?
2258 1647 2490 1712 Quotnm
2522 1652 2662 1703 enim
2695 1667 2963 1721 quemque
2994 1653 3233 1707 invenies
3256 1654 3308 1706 in
3337 1653 3574 1708 Ecclesia

290 1741 405 1804 liat,
437 1738 567 1808 quid
586 1746 669 1794 est
696 1739 841 1809 quod
866 1754 963 1794 nos
990 1754 1278 1808 queramur
1306 1738 1372 1793 de
1403 1739 1532 1801 Deo,
1566 1755 1687 1795 cum
1726 1740 1878 1807 queri
1917 1740 1956 1797 Β
1984 1755 2090 1792 non
2140 1746 2233 1791 aut
2271 1739 2560 1803 ebriosum,
2593 1750 2687 1795 aut
2733 1743 3062 1809 helluonem,
3107 1751 3204 1797 aut
3247 1743 3573 1808 adulterum,

286 1830 458 1897 magis
496 1829 639 1884 Deus
662 1828 729 1884 de
757 1829 913 1883 nobis
956 1829 1206 1885 omnibus
1232 1830 1434 1898 possit?
1463 1828 1590 1895 Qua:
1632 1830 1769 1884 ratio
1798 1838 1879 1884 est

292 1927 355 1973 ut
382 1919 665 1975 doleamus
692 1934 792 1973 nos
819 1934 927 1973 non
957 1919 1143 1974 audiri'
1167 1935 1198 1974 a
1245 1920 1377 1985 Deo,
1413 1936 1533 1974 cum
1573 1921 1673 1990 ipsi
1713 1920 1878 1975 Deum

284 2025 397 2063 non
425 2009 792 2071 audiamus,et
819 2024 1157 2064 susurremus
1193 2025 1300 2064 non
1329 2010 1525 2079 reSpici
1566 2026 1596 2064 a
1630 2010 1739 2065 Deo
1769 2019 1878 2065 ter-

282 2123 399 2171 ras,
428 2124 552 2163 cum
584 2108 684 2178 ipsi
727 2122 840 2163 non
882 2108 1231 2177 respiciamus
1259 2110 1325 2161 a.l
1365 2110 1592 2175 ccelum;
1636 2118 1694 2162 nt
1720 2110 1882 2164 mole-

282 2210 429 2252 stum
475 2199 546 2253 sit
579 2210 601 2237 ε
634 2200 836 2268 despici
885 2214 917 2253 a
966 2199 1195 2254 Domino
1243 2216 1431 2268 preces
1472 2209 1707 2265 nostras,
1760 2216 1879 2255 cum

280 2296 556 2358 prmeepta
585 2287 702 2357 ejus
748 2288 1115 2358 despiciantur
1155 2304 1187 2342 a
1224 2289 1416 2344 nobis?
1445 2289 1551 2344 Fac
1588 2306 1687 2344 nos
1726 2306 1881 2360 pares

281 2377 516 2434 Domino
537 2388 725 2434 nostro
748 2395 885 2435 esse.
913 2378 1044 2446 Quis
1060 2379 1219 2448 justae
1239 2381 1590 2449 querimoniae
1608 2382 1757 2435 lucus
1777 2388 1878 2447 est,

278 2470 389 2526 hoc
415 2472 530 2540 pati
560 2486 829 2541 quemque
856 2470 999 2540 quod
1039 2472 1266 2527 fecerit?
1293 2470 1456 2527 Salvo
1485 2488 1551 2528 eo
1575 2472 1718 2541 quod
1752 2489 1880 2543 pro-

276 2561 416 2616 bare
458 2560 618 2617 facile
662 2577 902 2631 possum,
939 2577 1292 2641 nequaquam
1338 2577 1439 2617 nos
1478 2562 1589 2631 pati
1632 2563 1721 2617 illa
1761 2577 1882 2633 qua:

275 2651 533 2715 facimus,
565 2662 620 2708 et
647 2654 828 2707 mitius
857 2652 1025 2706 multo
1052 2653 1328 2707 nobiscum
1351 2653 1518 2707 Deum
1540 2668 1698 2721 agere
1717 2669 1879 2721 quam

273 2759 383 2799 nos
410 2759 538 2799 cum
577 2744 705 2798 Deo.
746 2728 856 2798 Sed
896 2744 1108 2798 interim
1142 2754 1319 2798 tamen
1364 2745 1464 2797 hac
1499 2759 1721 2812 agamus
1760 2745 1878 2814 lege

271 2850 389 2905 qua
427 2835 711 2904 erepimus.
751 2835 843 2889 Sic
869 2835 1011 2889 enim
1043 2834 1156 2903 ipse
1197 2835 1359 2888 etiam
1409 2835 1665 2889 Dominus
1694 2836 1824 2889 dicit
1857 2853 1870 2888 :

270 2926 513 2982 Clamari
543 2926 613 2979 ad
640 2942 745 2991 vos,
777 2934 829 2979 et
864 2942 967 2979 non
1007 2925 1225 2979 audistis
1255 2942 1361 2989 me;
1392 2935 1440 2978 et
1469 2942 1554 2979 ros
1584 2925 1872 2980 clamabitls

270 3019 350 3073 ad
368 3035 468 3083 me,
500 3027 551 3072 et
579 3035 682 3071 non
711 3017 987 3071 exaudiam
1018 3034 1102 3072 vos
1130 3016 1263 3088 (Jer.
1306 3033 1378 3081 ιιι,
1418 3017 1470 3068 ll
1496 3035 1510 3082 ;
1563 3017 1727 3072 Zach.
1776 3034 1865 3083 vn,

1921 2094 1925 2098 ’
1981 2100 2408 2157 Christianorum
2459 2107 2701 2158 omnium
2745 2107 3129 2160 conscientiam
3183 2124 3196 2158 :

1982 1838 2076 1882 aut
2103 1826 2506 1895 fornicatorem,
2535 1840 2627 1884 aut
2673 1842 2967 1901 raptorem,
3000 1840 3092 1886 aut
3131 1847 3450 1901 ganeonem,
3481 1840 3571 1886 aut

1982 1920 2271 1983 latronem,
2299 1928 2393 1974 aut
2414 1923 2770 1976 homicidam?
2795 1933 2849 1978 et
2878 1925 3020 1993 quod
3045 1926 3127 1979 his
3146 1924 3393 1978 omnibus
3419 1922 3572 1993 pejus

1981 2021 2084 2076 est,
2131 2028 2301 2085 prope
2351 2015 2465 2069 haec
2514 2025 2707 2069 cuncta
2753 2016 2871 2070 sine
2920 2015 3044 2070 line.
3099 2016 3380 2083 Interrogo
3428 2016 3571 2069 enim

3247 2120 3314 2159 ex
3356 2106 3440 2159 his
3485 2105 3571 2157 vel

1982 2193 2196 2261 ﬂagitiis
2244 2195 2327 2248 vel
2376 2196 2666 2250 sceleribus
2720 2211 2839 2264 qua:
2884 2212 3027 2250 nunc
3074 2196 3333 2261 diximus,
3373 2203 3569 2265 quotus

1980 2284 2207 2351 quisque
2236 2284 2510 2338 hominum
2539 2302 2646 2338 non
2677 2286 2875 2354 aliquid
2898 2294 2978 2338 est
3010 2287 3219 2350 horum,
3255 2293 3345 2338 aut
3370 2291 3568 2352 quotus

1981 2376 2208 2445 quisque
2236 2393 2343 2432 non
2374 2380 2581 2431 totum?
2610 2377 2839 2431 Facilius
2863 2378 3061 2446 quippe
3097 2377 3351 2431 invenias
3365 2377 3457 2444 qui
3482 2384 3567 2428 to-

1983 2475 2095 2522 tum
2121 2468 2192 2523 sit
2218 2483 2378 2537 quam
2403 2470 2494 2538 qui
2523 2471 2672 2524 nihil.
2700 2470 2764 2523 Et
2791 2470 2935 2538 quod
2961 2469 3193 2524 diximus
3231 2469 3383 2534 nihil,
3408 2468 3567 2521 nimis

1980 2559 2201 2615 forsitan
2251 2563 2428 2629 gravis
2470 2563 2715 2617 videatur
2756 2578 2875 2617 esse
2920 2577 3178 2616 censurae.
3224 2560 3351 2615 Plus
3397 2562 3566 2615 multo

1977 2651 2173 2706 dicam.
2206 2652 2436 2707 Facilius
2457 2653 2696 2708 invenias
2716 2669 2839 2708 reos
2860 2654 3122 2706 malorum
3144 2653 3380 2705 omnium
3403 2665 3563 2719 quam

1978 2756 2086 2795 non
2122 2743 2392 2808 omnium;
2426 2742 2631 2798 facilius
2659 2743 2920 2811 majorum
2959 2743 3240 2797 criminum
3271 2757 3430 2809 quam
3460 2742 3563 2795 mi-

1976 2848 2169 2887 norum
2215 2850 2227 2884 :
2262 2834 2365 2903 55
2407 2834 2459 2888 id
2508 2845 2609 2898 est,
2641 2834 2844 2889 facilius
2871 2834 2962 2903 qui
3011 2842 3067 2887 et
3092 2830 3296 2900 majora
3341 2833 3563 2887 crimina

1973 2940 2095 2980 cum
2123 2924 2438 2991 minoribus,
2464 2940 2622 2994 quam
2652 2926 2742 2994 qui
2774 2926 2979 2979 minora
3010 2931 3217 2978 tantum
3248 2924 3364 2978 sine
3388 2923 3560 2992 majo-

1973 3016 2119 3070 ribus
2146 3016 2525 3086 perpetrarint.
2556 3016 2616 3070 In
2642 3017 2783 3071 hanc
2813 3018 2953 3071 enim
2986 3031 3198 3071 merum
3234 3015 3562 3086 probrosita-

270 3110 391 3179 15).
419 3109 563 3176 Quid
589 3110 734 3164 enim
759 3109 1001 3176 dignius,
1030 3116 1124 3162 aut
1148 3107 1275 3176 quid
1298 3107 1529 3176 justius?
1558 3107 1673 3161 Non
1716 3108 1862 3162 audi-
1900 3098 1943 3161 C
1977 3113 2085 3160 tem
2112 3120 2282 3175 prope
2310 3105 2484 3159 omnis
2522 3105 2884 3160 ecclesiastica
2924 3105 3074 3176 plebs
3114 3104 3330 3160 redacta
3359 3114 3472 3169 est,
3504 3113 3562 3159 ut

268 3203 471 3267 vimus,
504 3216 615 3255 non
661 3200 909 3254 audimur
936 3217 948 3252 :
975 3198 1081 3270 54
1109 3215 1220 3254 non
1260 3200 1613 3269 respeximus,
1645 3216 1750 3253 non
1781 3216 1870 3255 re-

268 3296 552 3365 Spicimur.
582 3292 735 3359 Quis,
765 3307 920 3361 rogo,
949 3306 1019 3347 ex
1046 3292 1348 3347 carnalibus
1377 3291 1609 3345 dominis
1631 3292 1727 3346 hac
1749 3307 1870 3345 cum

268 3391 385 3445 suis
404 3390 527 3457 lege
556 3401 719 3455 agere
746 3394 1032 3442 contentus
1060 3393 1173 3451 est,
1207 3394 1264 3440 ut
1292 3394 1601 3440 contemnat
1632 3394 1869 3439 tantum-

269 3480 439 3534 modo
466 3492 657 3533 servos
677 3493 824 3541 suos,
843 3477 966 3545 quia
988 3476 1144 3531 fuerit
1166 3475 1234 3530 ab
1255 3478 1333 3531 eis
1355 3477 1467 3544 ipse
1491 3477 1870 3543 contemptus?

271 3570 595 3639 Quanquam
627 3583 726 3622 nos
755 3583 864 3622 non
893 3568 995 3621 hac
1021 3567 1194 3620 solum
1224 3567 1418 3635 injuria
1463 3575 1871 3621 contemnamus

270 3663 466 3727 Deum,
493 3678 600 3733 qua
628 3660 902 3717 contemni
932 3675 963 3713 a
987 3659 1155 3713 servis
1178 3659 1288 3713 suis
1316 3656 1341 3694 d
1382 3658 1584 3712 domini
1625 3658 1867 3713 carnales

269 3754 468 3818 solent,
495 3754 625 3822 quia
650 3766 929 3807 servorum
968 3751 1055 3805 hic
1093 3758 1433 3820 contemptus
1472 3760 1554 3804 est
1575 3751 1858 3815 maximus,

1978 3198 2031 3250 in
2085 3204 2279 3251 cuncto
2327 3197 2527 3267 populo
2585 3196 2893 3252 Christiano
2948 3211 3117 3266 genus
3161 3198 3560 3267 quodammodo

1972 3288 2272 3343 sanctitatis
2299 3289 2400 3350 sit,
2438 3298 2460 3325 ε
2492 3289 2669 3343 minus
2697 3303 2817 3343 esse
2848 3290 3117 3343 vitiosum.
3148 3288 3335 3357 Itaque
3382 3288 3559 3343 eccle-

1970 3379 2080 3433 sias
2108 3379 2191 3432 vel
2222 3380 2398 3448 potius
2428 3381 2627 3449 templa
2657 3389 2818 3448 atque
2856 3380 3045 3434 altaria
3095 3381 3188 3436 Dei
3218 3382 3441 3435 minoris
3470 3395 3559 3435 re-

1972 3470 2224 3523 verentia:
2260 3470 2476 3538 quidam
2516 3471 2714 3523 habent
2741 3486 2899 3537 quam
2941 3471 3224 3538 cujuslibet
3254 3470 3455 3524 minimi
3496 3484 3560 3523 ac

1973 3567 2309 3636 municipalis
2343 3566 2537 3635 judicis
2582 3566 2818 3620 domum.
2871 3565 3143 3633 Siquidem
3187 3567 3323 3618 intra
3366 3565 3560 3633 januas

1972 3673 2079 3711 non
2108 3658 2270 3713 modo
2300 3656 2319 3695 ί
2353 3657 2654 3713 inlustrium
2678 3663 3032 3727 potestatum,
3067 3656 3158 3711 sed
3192 3657 3351 3709 etiam
3377 3656 3559 3724 pensi-

1971 3750 2097 3803 dum
2138 3766 2201 3804 ac
2251 3750 2688 3819 pmpositorum,
2741 3764 2847 3801 non
2890 3762 3077 3802 omnes
3118 3747 3314 3817 passim
3359 3747 3557 3801 intrare

1459 3840 1794 3896 STEPHANI
1833 3841 2102 3897 BALUZII
2142 3839 2343 3895 ΝΟΤᾹΞ
2356 3882 2367 3894 .

270 3943 379 3990 tur.
430 3934 667 4001 Elegans
703 3941 788 3989 est
823 3933 973 3989 locus
1013 3931 1192 3986 Fausti
1235 3932 1471 4001 episcopi
1522 3932 1763 3987 Reicnsis
1810 3935 1865 3988 in

270 4006 515 4076 epistola
551 4012 702 4076 sexta
733 4004 813 4076 ad,
844 4003 1464 4076 Ruriciumuepiscopum
1512 4002 1863 4076 Lemoviecn-

268 4072 389 4131 sem
422 4093 434 4127 :
472 4074 623 4127 L'nde
648 4076 773 4145 ipse,
800 4074 990 4141 inquit,
1019 4072 1173 4145 facile
1194 4081 1395 4145 terrena
1419 4072 1656 4145 despicis,
1692 4075 1768 4127 rel
1789 4076 1866 4145 [e—

270 4150 506 4200 nerantis
539 4161 679 4197 more
700 4144 987 4212 dispensus,
1021 4142 1141 4195 dum
1167 4142 1296 4195 illud
1325 4142 1518 4212 cogitas
1548 4153 1743 4210 tempus
1764 4142 1861 4214 quo

268 4223 557 4269 curentur
575 4223 868 4283 peccatores
893 4214 1026 4285 sicut
1044 4214 1236 4285 fenum,
1262 4230 1357 4284 quo
1381 4215 1646 4285 wstaantis
1670 4214 1862 4285 gehen-

269 4301 359 4339 ηαξ
387 4287 565 4354 {arare
610 4294 872 4353 perpetuo,
918 4283 1064 4354 cujus
1106 4284 1277 4354 {unius
1315 4283 1547 4336 ascendit
1584 4285 1637 4337 in
1668 4283 1860 4339 siet-ala

269 4350 800 4425 surculorumﬂti’qui
834 4350 1386 4425 neglereru'utoblata,
1430 4355 1521 4406 tali
1564 4366 1725 4408 morte
1761 4372 1859 4424 pu-

270 4427 500 4485 nientur,
534 4433 589 4475 ut
609 4425 682 4476 eis
710 4423 841 4476 mori
860 4426 913 4475 in
937 4423 1113 4475 dolore
1141 4439 1243 4477 non
1270 4424 1439 4486 lireat,
1462 4426 1697 4478 morituri
1721 4426 1857 4487 rima,

270 4504 321 4547 et
341 4495 495 4547 morti
531 4493 645 4545 sine
670 4493 986 4563 [inet-icturi.
1019 4492 1149 4563 Item
1180 4493 1233 4547 in
1260 4494 1486 4563 epistola
1518 4495 1718 4563 prima:
1747 4494 1864 4549 llo-

270 4581 357 4617 mo
375 4580 496 4632 ergo
527 4579 619 4632 pro
642 4561 938 4632 mortalibus
969 4561 1119 4615 malis
1149 4561 1427 4617 moriturus
1455 4573 1531 4617 est
1558 4562 1687 4625 Deo,
1716 4579 1766 4618 et
1787 4568 1863 4619 ri-

1970 3950 2088 3997 nor,
2118 3934 2242 4002 quia
2271 3942 2588 3988 senescente
2624 3933 2881 3995 Ecclesia,
2926 3949 3138 4003 semper
3166 3934 3465 3990 recedimus
3490 3934 3558 3988 ab

1968 4006 2175 4072 origine
2204 4005 2432 4072 pietatis.
2470 4004 2694 4057 Videant
2722 4006 2915 4072 quibus
2945 4007 3110 4058 moris
3155 4014 3237 4058 est
3277 4003 3473 4057 αλιι-ιι
3502 4012 3558 4058 ct

1966 4073 2221 4127 Ecclesia}
2252 4075 2395 4141 leges
2443 4090 2574 4127 naso
2622 4075 2950 4143 suspendere
2998 4075 3079 4127 vel
3128 4074 3350 4128 ridicula
3398 4076 3558 4128 inter-

1966 4144 2270 4214 pretatione
2319 4143 2547 4214 mollire,
2596 4145 2893 4208 cujusmozli
2944 4144 3163 4214 nimium
3213 4144 3552 4214 multisunt,

1967 4222 2141 4268 utrum
2190 4228 2378 4281 magna
2408 4213 2576 4267 virtus
2619 4215 2689 4266 sit
2742 4215 2987 4267 inimicos
3026 4213 3267 4279 diligere,
3310 4213 3399 4280 qui
3456 4228 3555 4267 nrc

1964 4283 2209 4406 fortassis?
2262 4283 2463 4337 amiCos
2509 4300 2637 4337 suos
2692 4292 2912 4346 amant,
2977 4292 3034 4337 ut
3080 4284 3215 4337 dixit
3274 4283 3556 4337 Salvianus

1966 4368 2088 4406 una.
2194 4394 2206 4406 .

2005 4368 2088 4419 ag.
2121 4352 2206 4407 5i.

2005 4372 2030 4407 ιι
2077 4396 2088 4407 .
2121 4371 2206 4407 οι.

1966 4371 1999 4425 p
2038 4371 2158 4477 ifita
2185 4439 2371 4477 omnes
2398 4423 2677 4478 editiones.
2704 4422 2905 4489 Quibus
2930 4425 3196 4477 consentit
3224 4424 3392 4477 codex
3423 4424 3547 4477 Cur.

1965 4494 2218 4549 beiensis.
2253 4493 2365 4562 Ego
2397 4502 2575 4546 tamen
2614 4493 2857 4547 lubenter
2898 4494 3128 4557 legerem
3174 4495 3554 4559 detrectationi,

1964 4572 2145 4618 tamen
2175 4565 2275 4618 etsi
2318 4580 2422 4618 vox
2461 4564 2789 4617 delectationi
2833 4580 3045 4617 sensum
3096 4579 3312 4632 quoque
3354 4565 3551 4619 bonum

271 4630 449 4687 cturus
466 4630 691 4711 inferno.
718 4630 847 4711 ατο
872 4634 979 4711 erit.
989 4633 1134 4711 illius
1158 4642 1391 4711 morsum
1420 4635 1552 4711 inori
1571 4636 1696 4711 ei_in
1717 4635 1863 4711 dolo-
1896 4652 1941 4711 η
1967 4635 2175 4711 reddat.

269 4720 330 4757 re
354 4718 461 4756 non
503 4703 673 4756 liceat.
719 4701 903 4771 Neque
933 4702 1087 4756 aliter
1114 4704 1280 4756 sensit
1309 4701 1571 4757 Paeianns
1600 4705 1859 4760 Barcino-

269 4774 453 4828 nensis
481 4772 784 4841 episcopus,
816 4772 954 4843 apud
983 4786 1141 4843 quem
1173 4774 1249 4827 sic
1280 4773 1501 4840 legimus
1532 4775 1582 4827 in
1613 4790 1857 4843 par.ch-

267 4846 314 4900 si
345 4843 412 4897 ad
438 4843 807 4912 pmnitentiam
842 4860 854 4894 :
887 4842 1008 4911 Ipse
1034 4841 1131 4896 sibi
1169 4846 1436 4896 materiam
1470 4841 1856 4899 recrescentium

268 4911 546 4983 corporum
586 4922 793 4979 reparat
819 4913 953 5035 ignis
983 4921 1222 4966 internus.
1256 4912 1319 4965 Et
1349 4911 1596 4981 Prosper,
1627 4916 1738 4969 sive
1766 4914 1859 4969 Ju-

270 4986 444 5035 lianus
469 4981 770 5035 Pomerius-
798 4982 830 5034 li
875 5024 886 5034 .
918 4998 971 5035 ιιι
1020 4982 1087 5035 de
1116 4983 1156 5035 ιτ
1164 4983 1233 5035 ita
1259 4982 1707 5035 Contenmlativa.
1732 5001 1851 5035 can.

270 4981 444 5055 [ianus
469 4981 770 5055 Pomerius.
798 4981 886 5035 lib.
918 4998 971 5055 In
1020 4982 1087 5035 de
1116 4983 1233 5035 Vita
1259 4982 1707 5052 Contemplativa,
1732 5001 1851 5055 cap.

268 5053 355 5119 1'3,
387 5055 530 5107 inter
557 5050 894 5106 infelicitatcs
919 5051 1292 5105 damnatorum
1320 5050 1563 5107 numerat
1586 5056 1715 5108 mori
1740 5050 1857 5110 vita:

269 5123 433 5179 beata
477 5124 708 5182 et,morti
749 5124 911 5194 viuere
954 5124 1294 5194 sempiternae.
1333 5123 1502 5177 Atrox
1538 5124 1855 5194 supplicium

266 5193 412 5261 quod
440 5206 653 5315 semper
679 5193 883 5248 cruciat
911 5193 1155 5258 miseros,
1184 5208 1285 5248 nec
1314 5202 1488 5248 tamen
1528 5194 1759 5264 perimit.
1792 5195 1860 5249 Et

269 5265 517 5315 miserico
584 5263 647 5315 ire
675 5277 843 5315 uenus
867 5270 968 5315 est.
1002 5271 1060 5315 ut
1087 5262 1288 5315 Seneca
1319 5264 1412 5315 ait.
1437 5264 1545 5315 cito
1568 5265 1816 5315 occidere
1840 5284 1853 5315 :

269 5262 647 5319 misericOrdite
675 5277 843 5331 genus
867 5270 968 5329 est,
1002 5271 1060 5317 ut
1087 5262 1288 5318 Seneca
1319 5264 1412 5327 ait,
1437 5262 1545 5320 cito
1568 5265 1816 5320 occidere
1840 5284 1854 5331 ;

269 5333 619 5399 crudelitatis,
665 5334 826 5403 longe
865 5335 1106 5390 cruciatu
1132 5349 1347 5389 vexare.
1399 5334 1504 5388 Sed
1554 5335 1640 5389 hic
1670 5336 1856 5389 memi-

268 5404 413 5475 nisse
433 5412 651 5475 oportet
673 5402 932 5475 Origenis.

336 5486 360 5512 ι
392 5474 731 5544 Praeceptum
780 5474 976 5530 Christi
1023 5483 1123 5541 est,
1173 5490 1282 5543 quo
1328 5474 1578 5544 jubemur
1608 5475 1850 5530 inimicos

266 5544 505 5616 diligere.
537 5545 717 5613 Atque
757 5545 863 5599 hoc
892 5553 1259 5616 argumentum
1304 5545 1459 5599 valde
1488 5554 1642 5614 urget
1668 5544 1847 5598 Cresa-

266 5615 374 5670 rius
393 5616 725 5670 Arelatensis
755 5616 806 5667 in
839 5616 1068 5668 homiliis
1091 5616 1157 5667 de
1173 5615 1460 5670 dilectione
1489 5616 1844 5670 inimicorum.

268 5683 429 5742 ιιοὲἱο
459 5696 640 5741 tamen
673 5686 897 5740 multum
928 5686 1197 5740 receditur
1218 5687 1286 5740 ab
1314 5686 1416 5740 hoc
1437 5685 1706 5752 mandato,
1732 5687 1850 5757 opi-

2042 4717 2063 4775 f
2094 4705 2273 4775 Colb.,
2307 4704 2498 4775 despiri
2531 4721 2562 4755 a
2589 4702 2716 4756 Deo.

2036 4771 2059 4811 ἀ
2090 4774 2363 4829 Editiones
2391 4771 2406 4827 Ξ
2438 4773 2705 4828 Contemni
2736 4790 2766 4826 a
2804 4774 2962 4826 servis
2988 4774 3093 4826 suis
3125 4774 3343 4827 curiales
3364 4779 3545 4828 solent.

1962 4844 2019 4897 In
2051 4860 2144 4898 ora
2177 4843 2466 4899 Pithmanm
2496 4844 2743 4899 editionis
2770 4843 3027 4911 scriptum
3051 4851 3131 4897 est
3164 4847 3415 4897 carnales.
3448 4843 3552 4899 Sed

1962 4914 2135 4969 codex
2178 4912 2516 4969 Corbciensis
2581 4916 2743 4967 habet
2801 4912 3010 4967 Domini
3052 4915 3326 4978 carnales;
3384 4924 3553 4972 recte.

1963 4983 2095 5038 Nam
2144 4986 2303 5053 paulo
2342 4994 2467 5039 ante
2506 4985 2715 5038 dixerat
2744 4983 3026 5039 Salvianus
3059 5002 3071 5037 :
3118 4984 3262 5047 Quis,
3301 5002 3442 5054 rogo,
3486 5003 3551 5039 ex

1961 5054 2255 5125 carnalibus
2277 5054 2500 5108 dominis
2517 5054 2614 5125 Irae
2637 5070 2749 5107 cum
2774 5056 2881 5107 suis
2897 5054 3023 5125 lege,
3043 5062 3145 5107 etc.
3175 5054 3485 5125 Agohardus
3500 5056 3550 5109 in

1963 5123 2099 5196 libro
2127 5126 2194 5179 de
2220 5124 2492 5193 Baptismo
2528 5122 2870 5196 Judaieorum
2911 5122 3298 5195 mancipiorum
3334 5142 3346 5176 :
3387 5124 3552 5196 flem-

1965 5194 2166 5265 diamtts
2194 5206 2401 5265 propter
2427 5194 2662 5248 carnales
2683 5195 2936 5249 dominos.

2038 5275 2061 5301 °
2097 5264 2364 5319 Videndus
2404 5266 2624 5319 omnino
2674 5265 2937 5320 Cassarius
2967 5265 3017 5319 in
3047 5264 3264 5320 homilia
3295 5265 3550 5320 adversus

1961 5349 2056 5389 eos
2083 5335 2173 5403 qui
2203 5342 2395 5404 putant
2438 5336 2581 5405 quod
2612 5336 2715 5390 illis
2744 5336 2810 5389 ad
2842 5336 3001 5390 vitam
3031 5344 3283 5390 aeternam
3322 5336 3545 5389 sufficiat

1959 5405 2005 5528 lsi
2050 5407 2188 5485 male
2231 5421 2339 5459 non
2389 5405 2634 5471 fecerint,
2682 5406 2893 5461 etiamsi
2932 5406 3073 5460 bona
3119 5406 3409 5475 adimplere
3442 5422 3543 5457 nn-

1982 5484 2173 5528 uertut.

1982 5484 2147 5529 ueriut
2161 5515 2173 5527 .

2034 5543 2052 5582 ί
2084 5545 2142 5599 Id
2171 5552 2272 5609 est,
2304 5546 2542 5603 virorum
2589 5547 3089 5612 illustrissimorum,
3119 5546 3210 5615 qui
3240 5544 3551 5615 prnvimias

1955 5616 2214 5685 regebant
2240 5633 2355 5673 v.cc
2384 5619 2658 5690 principis.
2694 5618 2824 5673 Vide
2852 5631 3012 5687 supra
3042 5616 3108 5670 ad
3138 5631 3255 5688 pag.
3292 5616 3339 5668 7.
