4006 6182
397 274 464 329 6‘!
1390 261 1448 317 s.
1488 255 1803 315 SALYIANI
1839 250 2303 309 mssmsasxs
2342 248 2764 306 PRESBYTER!
3604 252 3675 304 στ

395 386 741 455 pmsumunt,
775 377 873 435 nisi
901 394 1038 450 quos
1080 387 1171 432 aut
1192 375 1357 446 judex
1396 374 1668 428 vocaverit
1694 378 1787 424 aut
1816 382 1981 438 nego-
2008 368 2056 427 Α
2086 366 2249 421 etiam
2277 368 2345 421 de
2387 367 2632 436 personis
2674 367 2826 422 istius
2854 366 2996 421 modi
3042 365 3168 421 ferri
3218 365 3406 435 possit.
3445 362 3544 420 llic
3588 373 3675 420 cst

396 475 532 529 tium
569 473 790 527 traxerit
821 479 913 525 aut
956 472 1071 540 ipsa
1118 468 1340 523 honoris
1383 464 1589 535 proprii
1628 462 1859 531 dignitas
1901 462 1983 514 in-

395 565 563 619 troire
591 562 926 633 permiserit;
958 561 1030 614 ita
1061 566 1120 612 ιιι
1147 558 1191 612 si
1220 557 1485 627 quispiam
1509 554 1669 612 fuerit
1691 553 1985 608 insolenter

397 654 684 718 ingressus,
726 657 817 703 aut
861 648 1116 713 caedatur,
1147 655 1241 701 aut
1279 646 1630 717 propellatur,
1673 652 1765 699 aut
1806 644 1984 712 aliqua

396 741 720 796 verecundia
758 748 919 808 atque
946 737 1361 793 existimationis
1398 751 1507 789 sua:
1548 735 1667 788 labe
1705 734 1979 787 multetur.

395 830 453 888 ln
484 832 683 901 templa
711 839 892 884 autem
920 829 1007 884 vel
1037 830 1214 898 potius
1236 829 1289 881 in
1319 827 1507 880 altaria
1538 834 1701 893 atque
1731 824 1783 877 in
1813 837 1986 877 sacra-

396 923 474 978 ria
513 923 607 977 Dei
648 922 846 992 passim
877 936 1065 975 omnes
1103 919 1304 974 sordidi
1335 934 1398 972 ac
1436 916 1681 984 flagitiosi
1723 915 1838 967 sine
1879 914 1985 967 ulla

397 1014 608 1084 penitus
636 1012 936 1087 reverentia
956 1010 1095 1064 sacri
1118 1010 1339 1063 hoiioris
1362 1010 1670 1076 inrumpunt
1696 1023 1708 1057 :
1736 1020 1839 1059 non
1862 1005 1986 1072 quia

398 1122 505 1161 non
531 1120 720 1160 omnes
756 1104 824 1158 ad
870 1102 1204 1157 exorandum
1252 1101 1420 1155 Deum
1467 1113 1685 1153 currere
1734 1097 1985 1159 debeant,

398 1196 492 1251 sed
537 1195 662 1264 quia
709 1193 802 1263 qui
850 1192 1149 1259 ingreditur
1192 1190 1259 1244 ad
1306 1190 1645 1259 placandum,
1695 1203 1801 1240 non
1831 1187 1991 1241 debet

400 1288 579 1357 egredi
604 1286 673 1340 ad
702 1284 1151 1340 exacerbandum.
1185 1283 1367 1351 Neque
1396 1283 1538 1336 enim
1568 1279 1805 1348 ejusdem
1828 1279 1990 1333 ollicii

400 1388 481 1433 est
517 1377 899 1444 indulgentiam
946 1390 1171 1445 poscere
1198 1384 1254 1429 et
1294 1374 1620 1429 iracundiam
1671 1387 1984 1442 provocare.

318 1533 323 1538 _
401 1468 601 1523 Novum
649 1467 914 1536 siquidem
958 1464 1186 1519 monstri
1231 1479 1401 1531 genus
1453 1470 1537 1515 est
1568 1479 1581 1513 :
1615 1462 1803 1514 eadem
1852 1476 1991 1528 pene

400 1572 586 1613 omnes
610 1555 809 1624 jugitcr
856 1554 1057 1608 faciunt
1103 1567 1222 1623 qua:
1268 1550 1457 1606 fecisse
1485 1565 1544 1604 se
1576 1560 1599 1585 δ
1628 1550 1904 1619 plangunt,
1937 1557 1993 1601 et

401 1651 490 1720 qui
521 1650 722 1702 intrant
767 1646 1184 1701 ecclesiasticnm
1230 1642 1446 1698 donunn
1489 1650 1548 1696 ut
1594 1641 1732 1693 mala
1774 1640 1991 1709 antiqua

2088 461 2251 525 enim,
2279 460 2475 530 inquis,
2502 475 2691 514 eorum
2720 468 2871 513 actus
2898 475 3017 528 qua:
3045 467 3099 513 et
3128 458 3394 529 professio
3419 474 3432 522 ;
3484 473 3547 513 ac
3576 473 3674 527 per

2088 553 2191 608 hoc
2217 554 2346 606 nihil
2379 555 2571 607 mirum
2602 561 2684 606 est
2704 553 2747 605 si
2781 561 2945 620 agunt
2968 551 3111 620 quod
3144 549 3484 619 proﬁtentur.
3511 549 3673 615 Quasi

2087 661 2216 699 vero
2247 653 2339 697 aut
2367 658 2526 711 agere
2556 645 2718 697 ullum
2750 643 2891 696 Deus
2921 658 3006 696 res
3036 642 3202 695 malas
3233 643 3358 695 velit
3388 650 3479 694 aut
3510 641 3673 710 proli-

2088 736 2211 799 tcri,
2243 744 2333 787 ant
2365 734 2505 788 nulla
2529 735 2597 787 sit
2628 735 2837 802 penitus
2866 748 3031 787 sacnc
3061 733 3355 800 majestatis
3377 731 3600 794 olfcusa,
3629 732 3672 785 si

2090 828 2377 881 maximum
2407 828 2582 881 scelus
2603 828 2839 880 minores
2870 827 3151 879 videantur
3189 840 3348 892 agere
3386 840 3627 893 personm
3657 842 3669 876 :

2092 918 2383 989 praesertim
2433 934 2553 971 cum
2598 918 2649 970 in
2698 918 2799 971 hac
2829 918 3101 970 hominum
3131 916 3469 970 multitudine
3504 916 3677 982 major

2090 1011 2260 1064 multo
2285 1011 2355 1063 sit
2379 1026 2503 1079 pars
2540 1011 2752 1078 generis
2783 1011 3029 1074 humani,
3083 1019 3139 1063 et
3167 1011 3367 1077 absque
3395 1010 3557 1062 dubio
3586 1010 3675 1063 ubi

2092 1101 2264 1168 major
2307 1108 2389 1154 est
2441 1101 2777 1169 peccantium
2826 1102 3014 1164 turba,
3067 1100 3237 1166 major
3266 1108 3348 1152 est
3379 1100 3677 1154 Diviaitatis

2095 1193 2306 1260 injuria.
2347 1191 2452 1246 Sed
2476 1195 2671 1255 omnis,
2698 1194 2889 1261 inquis,
2915 1194 3167 1246 nobilitas
3190 1193 3255 1246 ab
3278 1194 3360 1246 his
3388 1193 3678 1246 sceleribus

2096 1285 2343 1337 immunis
2383 1292 2486 1338 est.
2540 1282 2733 1337 Parum
2773 1293 2855 1337 est
2886 1284 2935 1337 id
2965 1284 3207 1351 quidem,
3247 1285 3369 1352 quia
3401 1300 3506 1335 non
3537 1282 3676 1335 aliud

2096 1374 2304 1427 videtur
2351 1375 2601 1428 nobilitas
2644 1375 2696 1427 in
2745 1375 2891 1428 omni
2935 1374 3133 1427 mundo
3162 1389 3321 1442 quam
3353 1389 3488 1427 unus
3515 1374 3676 1427 homo

2097 1464 2150 1517 in
2195 1464 2379 1531 grandi
2431 1466 2648 1533 populo.
2708 1465 2812 1518 Sed
2863 1465 3135 1518 videamus
3182 1475 3361 1517 tamen
3408 1465 3453 1517 si
3501 1463 3585 1516 vel
3627 1462 3677 1516 id

2098 1554 2267 1623 ipsum
2300 1548 2489 1623 parum
2516 1556 2584 1608 sit
2612 1570 2806 1609 carens
2834 1556 3077 1609 crimine.
3135 1555 3211 1609 Ac
3238 1558 3468 1623 primum
3497 1554 3678 1607 cousi-

2095 1646 2343 1700 deremus
2383 1646 2510 1714 quid
2553 1647 2621 1700 de
2658 1646 2962 1714 httjusntodi
3005 1648 3309 1700 hominibus
3333 1646 3473 1699 dicat
3501 1660 3679 1699 sermo

402 1739 654 1804 deﬂeam.
686 1738 713 1776 δ
742 1746 970 1801 ειθυιὶῐς
1019 1745 1075 1791 ει
1118 1736 1246 1804 (ἰυίά
1293 1736 1435 1797 dico,
1488 1741 1709 1795 θιεευιιῐν
1761 1733 1815 1785 ill
1866 1732 1993 1801 ipsis
2026 1746 2069 1802 Β
2096 1738 2323 1791 divinus.
2367 1738 2609 1805 Arguens
2636 1740 2835 1806 quippe
2865 1738 3153 1806 Apostolus
3185 1738 3276 1790 Dei
3307 1738 3581 1806 populum,
3604 1736 3680 1792 sic

404 1845 541 1902 pene
571 1831 674 1885 hoc
723 1829 1057 1884 orationibus
1101 1828 1212 1881 suis
1259 1842 1323 1881 ac
1366 1823 1844 1894 supplicationibus
1874 1838 1991 1877 mo-

400 1921 622 1975 liuntur.
676 1919 834 1974 Aliud
878 1920 1079 1989 quippe
1131 1933 1226 1972 ora
1276 1917 1574 1979 hominum,
1631 1913 1776 1968 aliud
1827 1912 1993 1967 corda

405 2020 589 2080 agunt,
614 2020 670 2065 et
695 2010 821 2064 dum
853 2010 1029 2064 verbis
1057 2009 1327 2079 praeterita
1356 2007 1491 2060 mala
1522 2007 1800 2080 plangunt,
1833 2018 1994 2057 sensu

406 2102 583 2156 futura
611 2101 967 2166 meditantur;
999 2116 1063 2155 ac
1089 2100 1169 2155 sic
1195 2100 1373 2154 oratio
1401 2114 1588 2153 eorum
1620 2108 1641 2135 ι’
1678 2097 1885 2150 auctrix
1915 2102 1997 2150 est

407 2193 577 2260 magis
605 2191 889 2245 criminum
917 2205 1077 2258 quam
1109 2189 1385 2244 exoratrix
1417 2206 1430 2240 :
1464 2195 1523 2240 ut
1550 2201 1677 2240 vere
1718 2186 1807 2239 illa
1837 2186 1890 2239 in
1919 2187 1998 2240 eis

408 2280 702 2353 Scriptura:
730 2278 1038 2335 maledictio
1076 2281 1411 2350 compleatur
1454 2279 1624 2349 (Psal.
1658 2294 1800 2340 cvm,
1836 2278 1911 2349 7),
1942 2285 2001 2332 ut

405 2372 473 2429 de
500 2374 746 2428 oratione
800 2373 916 2441 ipsa
954 2381 1151 2426 exeant
1201 2370 1572 2435 condemnati,
1606 2378 1661 2423 et
1689 2370 1863 2424 oratio
1895 2372 2001 2440 56

411 2478 595 2520 eorum
642 2463 737 2517 fiat
784 2464 837 2518 in
886 2473 1188 2532 peccatum.
1232 2463 1474 2530 Denique
1503 2462 1547 2515 si
1577 2462 1690 2515 vult
1734 2462 2001 2531 quispiam

411 2554 553 2610 scire
580 2554 709 2623 quid
732 2554 783 2606 in
804 2553 1007 2622 templo
1031 2551 1335 2619 hujusmodi
1363 2552 1608 2606 homines
1629 2552 2002 2618 cogitaverim,

414 2645 594 2701 videat
621 2644 749 2713 quid
778 2653 1051 2713 sequatur.
1085 2642 1358 2712 Siquidem
1391 2644 1777 2699 consummatis
1805 2644 2005 2697 solem-

410 2733 568 2788 nibus
595 2733 783 2799 sacris,
808 2732 989 2786 statim
1018 2731 1086 2785 ad
1113 2732 1583 2786 consuetudinaria
1613 2748 1801 2787 omnes
1829 2733 2002 2786 studia

416 2825 739 2888 discurrunt,
772 2824 863 2876 alii
890 2823 1095 2877 scilicet
1130 2831 1190 2876 ut
1227 2822 1489 2885 furentur,
1522 2821 1612 2875 alii
1643 2829 1702 2875 ut
1731 2822 2005 2877 inebrieuo

418 2924 540 2970 tur:
575 2923 633 2968 ut
659 2914 940 2968 evidenter
966 2921 1227 2983 appareat
1273 2912 1379 2966 hoc
1416 2927 1511 2966 eos
1537 2926 1655 2966 esse
1697 2912 2003 2978 meditatos,

416 3006 540 3065 dum
570 3006 710 3059 intra
733 3004 989 3073 templum
1015 3011 1159 3069 sunt,
1190 3002 1337 3072 quod
1364 3010 1651 3073 postquam
1670 3004 1873 3070 egressi
1894 3002 2010 3058 fue-

422 3097 530 3152 rint
557 3104 944 3165 exsequuntur.

490 3187 557 3242 X.
589 3186 694 3242 Sed
725 3187 972 3242 videlicet
998 3194 1194 3241 cuncta
1222 3187 1339 3241 haec
1364 3186 1506 3240 mala
1537 3194 1593 3242 et
1614 3201 1829 3242 omnem
1855 3186 2007 3242 vitio-

422 3295 542 3334 rum
572 3279 989 3349 probrositatem
1016 3291 1176 3346 quam
1205 3292 1366 3348 supra
1394 3276 1524 3342 dixi,
1556 3277 1624 3331 ad
1669 3292 1855 3332 servos
1899 3277 2009 3331 for-

423 3382 565 3427 tasse
609 3369 828 3438 quidam
880 3375 973 3421 aut
1023 3367 1419 3436 ahjectissimos
1468 3382 1711 3437 quosque
1763 3368 2009 3425 homines

422 3460 756 3516 referendam
782 3466 1011 3528 putant;
1042 3466 1297 3518 caeterum
1340 3472 1536 3513 nomen
1584 3459 1870 3526 ingenuum
1910 3460 2012 3516 hac

424 3548 745 3620 ﬂagitiorum
791 3549 913 3603 labe
958 3564 1067 3604 non
1113 3549 1300 3618 pollui.
1333 3548 1472 3615 Quid
1517 3558 1699 3604 autem
1744 3552 1887 3606 aliud
1929 3562 2013 3607 est

424 3650 740 3719 cunctorum
770 3643 1158 3713 negotiantium
1188 3643 1294 3695 vita
1322 3657 1481 3710 quam
1508 3641 1651 3697 fraus
1688 3651 1850 3713 atque
1889 3660 2013 3714 per—

425 3733 637 3804 iurium,
669 3733 797 3801 quid
844 3733 984 3787 aliud
1031 3733 1311 3788 curialium
1358 3748 1518 3802 quam
1564 3734 1837 3802 iniquitas,
1884 3736 2012 3806 quid

425 3823 567 3876 aliud
608 3822 916 3877 ofﬁciaiium
960 3838 1121 3892 quam
1168 3823 1456 3888 calumnia,
1501 3824 1627 3894 quid
1652 3825 1795 3880 aliud
1823 3824 1850 3864 ά
1880 3828 2014 3884 mili-

423 3911 653 3967 tantium
681 3925 844 3980 quam
884 3911 1117 3981 rapina?
1145 3912 1251 3967 Sed
1279 3921 1437 3982 putas
1476 3913 1698 3970 forsitan
1728 3918 1873 3986 quod
1910 3920 2014 3979 hoc
2085 3930 2094 3944 ’

2096 1829 2208 1882 ait:
2244 1829 2345 1898 57
2380 1830 2585 1892 Audite,
2620 1832 2808 1900 fratres
2831 1831 2928 1882 mei
2952 1829 3292 1882 dilectissimi.
3330 1825 3520 1880 Nonne
3546 1825 3680 1880 Deus

2095 1919 2245 1990 elegit
2295 1937 2541 1990 pauperes
2570 1921 2623 1973 in
2647 1920 2743 1973 hoc
2773 1920 2989 1982 mundo,
3023 1919 3203 1972 divites
3231 1920 3283 1970 in
3312 1917 3417 1987 ﬁde
3444 1927 3491 1969 et
3521 1918 3681 1970 luere-

2097 2011 2185 2064 des
2210 2013 2353 2081 regni
2387 2013 2522 2082 quod
2559 2013 2852 2081 repromisit
2895 2011 3030 2064 Deus
3072 2010 3397 2080 diligentibus
3442 2010 3531 2061 se?
3584 2008 3684 2064 Vos

2097 2113 2268 2155 autem
2295 2104 2659 2156 exlzonorustis
2698 2119 2992 2173 pauperem.
3046 2100 3239 2153 Nonne
3277 2102 3455 2153 divites
3478 2116 3567 2168 per
3590 2116 3680 2169 po-

2101 2196 2311 2246 tentiam
2351 2196 2648 2263 opprimunt
2678 2196 2800 2247 vos?
2828 2192 3019 2248 Nonne
3052 2195 3151 2264 ipsi
3201 2191 3556 2263 blaspltemant
3593 2189 3679 2243 bo-

2099 2300 2220 2337 num
2249 2302 2431 2337 nomen
2462 2284 2596 2355 quod
2626 2286 2916 2337 invocatum
2949 2293 3026 2336 est
3066 2299 3217 2352 super
3246 2298 3330 2336 vos
3365 2279 3503 2351 (Jac.
3535 2294 3589 2343 ιι,
3625 2277 3684 2331 5-

2104 2375 2193 2443 7)?
2230 2372 2405 2429 Grave
2445 2376 2547 2429 hoc
2590 2376 2832 2445 Apostoli
2864 2374 3226 2427 testimonium
3258 2383 3338 2425 est
3364 2389 3377 2423 :
3410 2372 3513 2423 nisi
3545 2370 3685 2423 forte

2102 2465 2365 2520 immunes
2404 2482 2463 2520 se
2504 2466 2572 2519 ab
2601 2482 2667 2519 eo
2697 2466 2903 2520 nobiles
2933 2474 3139 2534 putent,
3171 2464 3295 2532 quia
3323 2472 3447 2517 sunt
3475 2462 3577 2516 soli
3606 2462 3686 2516 di‘

2102 2559 2239 2612 vites
2282 2558 2559 2612 nominati.
2620 2557 2726 2613 Sed
2775 2566 2868 2612 aut
2915 2558 3073 2611 iidem
3124 2564 3249 2610 sunt
3280 2555 3485 2611 nobiles
3517 2554 3609 2624 qui
3638 2562 3689 2611 et

2105 2650 2325 2715 divites;
2358 2658 2449 2703 aut
2477 2651 2520 2704 si
2550 2659 2677 2704 sunt
2704 2651 2896 2705 divites
2925 2657 3120 2720 praeter
3149 2649 3374 2712 nobiles,
3406 2655 3460 2701 ct
3491 2647 3587 2716 ipsi
3620 2655 3691 2700 ta-

2106 2757 2227 2796 men
2247 2741 2360 2809 jam
2387 2742 2537 2810 quasi
2569 2742 2774 2796 nobiles
2800 2760 2812 2794 :
2857 2742 2982 2811 quia
3012 2748 3157 2794 tanta
3188 2748 3270 2794 est
3297 2738 3510 2793 miseria
3542 2736 3693 2805 hujus

2113 2836 2389 2904 temporis,
2423 2844 2481 2888 ut
2509 2836 2684 2889 nullus
2709 2835 2971 2889 habeatur
2999 2833 3169 2912 magis
3198 2832 3391 2887 nobilis
3417 2845 3576 2899 quam
3605 2829 3692 2897 qui

2112 2935 2196 2983 est
2240 2929 2528 2998 plurimum
2556 2929 2723 2983 dives.
2766 2928 2872 2982 Sed
2912 2928 3024 2981 sive
3066 2926 3133 2980 de
3176 2924 3449 2979 alterutris
3491 2924 3606 2976 sive
3631 2922 3694 2976 de

2112 3020 2361 3088 utrisque
2407 3019 2695 3100 Apostolus
2739 3019 2972 3084 dixerit,
3027 3016 3181 3072 facile
3219 3015 3288 3070 de
3316 3015 3419 3069 hoc
3446 3012 3694 3082 componi

2035 3098 2080 3158 C
2110 3119 2305 3183 potest.
2348 3110 2465 3164 Non
2507 3098 2649 3165 enim
2694 3111 2920 3165 interest
2964 3110 3033 3165 de
3078 3124 3183 3177 qua
3230 3108 3334 3161 hoc
3362 3106 3696 3176 potissimum

2111 3211 2265 3274 parte
2293 3202 2495 3258 dictum
2524 3204 2611 3266 sit,
2642 3202 2789 3271 quod
2817 3201 3031 3269 utrique
3051 3206 3255 3253 certum
3276 3204 3361 3250 est
3387 3194 3694 3249 convenire.

2114 3293 2245 3359 Quis
2274 3294 2417 3347 enim
2444 3301 2527 3349 est
2553 3292 2637 3347 vel
2668 3292 2923 3345 nobilium
2954 3291 3175 3345 omnino
3204 3286 3288 3341 vel
3316 3285 3536 3340 divitum
3567 3285 3697 3336 hor-

2115 3399 2240 3439 rens
2266 3383 2526 3439 crimina?
2554 3383 2808 3449 Quamvis
2829 3383 2881 3436 in
2911 3381 3015 3435 hoc
3036 3379 3311 3434 fefellerim
3336 3395 3348 3429 :
3382 3374 3533 3429 multi
3555 3374 3697 3428 enim

2117 3476 2358 3538 horrent,
2389 3476 2482 3530 sed
2508 3474 2817 3545 paucissimi
2854 3474 3078 3528 evitant.
3116 3471 3174 3525 In
3203 3470 3321 3528 aliis
3348 3468 3546 3537 quippe
3574 3465 3691 3520 hor-

2115 3574 2237 3620 rent
2257 3566 2401 3636 quod
2428 3568 2478 3621 in
2507 3583 2565 3620 se
2589 3581 2804 3635 semper
2832 3565 3146 3627 admittunt,
3178 3563 3375 3615 mirum
3405 3560 3456 3613 in
3483 3557 3699 3612 modum

2114 3663 2170 3709 et
2197 3664 2537 3711 accusatores
2578 3655 2888 3710 eorumdem
2927 3654 3209 3729 criminum
3248 3662 3302 3705 et
3330 3657 3699 3706 excusatores.

2117 3749 2477 3802 Exsecrantur
2504 3747 2717 3816 publice
2743 3746 2890 3815 quod
2919 3745 3130 3800 occulte
3154 3753 3349 3813 agunt,
3382 3757 3446 3796 ac
3474 3756 3570 3812 per
3597 3738 3701 3794 hoc

2114 3838 2240 3892 dum
2285 3837 2543 3892 damnare
2596 3852 2655 3892 se
2700 3846 2926 3893 caeteros
2972 3843 3189 3906 putant,
3242 3834 3388 3903 ipsos
3429 3846 3489 3886 se
3534 3828 3701 3896 magis

2114 3929 2331 3999 propria
2373 3928 2840 3984 animadversione
2880 3927 3259 3983 condemnant.
3300 3923 3406 3980 Sed
3433 3923 3701 3992 relinquar-

1597 4047 1940 4107 STEPHANI
1979 4054 2251 4114 BALUle
2287 4059 2517 4116 ΝΟΤᾸΞ.

498 4188 527 4251 ξ
550 4178 605 4234 Id
621 4186 742 4251 est,
768 4176 969 4233 dolent.
1005 4175 1145 4251 Infra
1166 4178 1257 4232 lib.
1282 4194 1322 4251 ιΔ
1343 4178 1610 4251 Adversus
1637 4178 1927 4235 Avaritiam
1952 4198 2003 4251 p.

427 4248 530 4303 2l7
563 4268 574 4302 :
609 4247 868 4319 Plangere
885 4265 971 4319 eos
994 4250 1248 4319 praecipis,
1276 4248 1325 4301 id
1350 4256 1449 4309 est,
1483 4248 1663 4316 lugere
1688 4264 1751 4303 ac
1777 4247 2007 4317 plorare.

428 4319 628 4374 Ibidem
653 4317 769 4389 pag}
786 4318 888 4371 “220
909 4337 931 4389 :_
945 4317 1041 4389 sti
1057 4317 1307 4389 plangunt
1324 4328 1588 4389 postquam
1617 4321 1905 4389 acceperint
1924 4339 2011 4375 sa-

428 4391 659 4463 nitatem.
680 4387 745 4441 Et
762 4402 884 4457 pag.
909 4387 1013 4441 2‘23
1032 4406 1046 4463 :_
1058 4387 1331 4463 ‘l’langens
1355 4389 1409 4440 id
1430 4387 1594 4463 ipsum
1617 4387 1751 4463 quod
1772 4390 1917 4463 tarde
1937 4393 2012 4463 of-

429 4462 549 4582 [ει-ε,
566 4460 899 4539 plangens-ac
914 4459 1160 4528 pamitens
1177 4458 1311 4527 quod
1322 4474 1426 4538 non
1457 4459 1616 4525 prius.
1630 4458 1940 4527 Cyprianus
1956 4458 2009 4514 i'n

451 4529 649 4582 ibrodc
672 4526 860 4582 Lapsus
881 4544 893 4579 :
913 4525 1038 4581 Cum
1069 4526 1426 4582 nlanaentibus
1450 4526 1660 4582 ulanao.
1693 4544 1807 4581 cum
1832 4529 2009 4582 dolen-

451 4525 860 4607 ibro'ilcllapiis
881 4525 1038 4607 :Eum
1068 4525 1426 4607 plangentibus
1449 4526 1660 4607 plango,
1691 4525 1807 4581 cum
1832 4529 2011 4607 dolen-

430 4597 561 4652 tibus
590 4595 763 4652 doleo.
779 4597 869 4652 Sic
895 4595 1095 4664 Eligins
1122 4595 1493 4650 Noviomcusis
1522 4595 1806 4667 episcopus
1835 4599 2010 4653 honti‘
2041 4599 2089 4657 D

430 4668 497 4738 lia
532 4667 587 4719 ll
627 4685 639 4720 :
669 4666 1033 4738 Pamitentiam
1054 4667 1236 4738 quippe
1256 4682 1405 4737 agere
1438 4676 1512 4718 est
1534 4666 1827 4738 perpetrata
1866 4669 2007 4723 mala

370 4795 376 4802 ,
432 4737 673 4807 clangere
693 4747 741 4789 et
761 4733 1182 4807 plangenda'non
1205 4733 1515 4805 perpetrare.
1535 4733 1805 4807 Plangere
1828 4749 2007 4793 autem

426 4814 511 4861 est
541 4804 1155 4875 pulsaire‘seu'collidcre
1182 4804 1421 4875 quolibet
1450 4806 1627 4859 modo.
1653 4804 1927 4862 Luctatius
1954 4810 2008 4864 in

428 4885 637 4931 Sextum
665 4874 965 4928 Thebaidos
998 4894 1011 4928 :
1052 4874 1301 4930 Planctus
1330 4877 1465 4929 enim
1495 4876 1683 4929 dicitur
1709 4879 1877 4932 omnis
1906 4880 2012 4932 col-

422 4946 593 5027 ιὶεἱο,⁸
641 4943 889 4999 Varronis
940 4946 1202 5016 opinione.
1251 4945 1454 5001 Statius
1500 4947 1554 4999 in
1602 4946 1851 5018 lacrymis
1906 4948 2011 5003 lle-

431 5024 595 5069 trusct
629 5031 641 5066 :

558 5106 746 5154 ....Heu
767 5105 780 5155 !
806 5107 1000 5168 quantis
1019 5104 1281 5156 lassantem
1304 5107 1498 5157 brachia
1519 5108 1613 5157 vidi

555 5167 863 5219 PlanctihuSl

433 5269 496 5325 Et
523 5270 665 5341 apud
691 5269 979 5335 Catullum,
1010 5269 1076 5326 de
1102 5269 1488 5327 bacchantibus
1518 5290 1532 5325 :

559 5386 863 5469 Dlangebant
884 5384 963 5434 alii
991 5385 1207 5447 proceris
1230 5393 1450 5447 tympana
1474 5383 1659 5446 palmis.

434 5492 586 5561 Quod
617 5491 764 5562 enim
804 5491 891 5562 hic
934 5490 1363 5562 planctumdicit
1399 5489 1655 5562 Catullus,
1689 5491 1778 5545 alii
1801 5490 2010 5562 pulsum

434 5559 703 5615 dixerunt.
733 5559 947 5616 Ovidius
976 5562 1067 5616 lib.
1095 5577 1144 5616 tv
1174 5559 1384 5616 Metam.
1416 5560 1521 5614 tab.
1555 5577 1571 5615 ι
1601 5580 1613 5611 :

557 5671 809 5722 Femineae
836 5689 995 5735 voces,
1017 5674 1315 5735 impulsaque
1352 5683 1567 5736 tympana
1587 5672 1777 5735 palmis.

2112 4188 2313 4245 Auctor
2332 4190 2585 4245 carminis
2604 4188 2672 4243 9.6
2701 4187 3097 4243 Catalectorum
3124 4204 3137 4239 :

2233 4301 2296 4351 Et
2318 4301 2518 4352 adducta
2539 4309 2760 4365 tympana
2785 4300 2921 4363 pulsa
2947 4312 3107 4349 manu.

2111 4403 2311 4459 Statius
2338 4405 2433 4459 lib.
2467 4421 2485 4461 ι
2513 4404 2837 4459 Achilleidos
2871 4422 2884 4457 :

2237 4518 2542 4581 [solumque
2565 4521 2784 4569 exercita
2817 4517 2959 4581 pulsu

2235 4576 2348 4628 Era
2381 4576 2559 4629 tacent.

2112 4682 2354 4738 Valerius
2393 4682 2618 4738 Flaccus
2664 4682 2758 4736 lib.
2801 4698 2854 4737 Vl
2895 4681 3293 4751 Argonauticon
3328 4697 3340 4733 :
3387 4678 3502 4751 [llis
3536 4682 3704 4751 omnis

2110 4753 2277 4806 adhuc
2306 4762 2529 4821 veterum
2566 4763 2709 4806 tenor
2748 4766 2797 4806 et.
2823 4748 3119 4805 sacervatris
3155 4751 3350 4821 pulsus.
3386 4749 3534 4805 Unde
3562 4748 3705 4818 apud

2113 4822 2457 4893 Petronium:
2483 4820 2750 4876 Nudatum
2793 4824 3044 4893 pectusin
3084 4831 3357 4893 conspectu
3385 4821 3705 4893 [requentim

2113 4896 2373 4964 plangere.
2398 4891 2685 4964 Christiani
2711 4889 2888 4964 autem
2913 4892 3058 4947 vocis
3081 4892 3233 4964 istius
3260 4889 3703 4964 significationem

2115 4960 2502 5017 trauitulerunt
2546 4961 2614 5015 ad
2657 4962 2898 5016 dolorem
2938 4976 3006 5016 ex
3032 4962 3345 5031 pmnitentia
3373 4960 3705 5015 descenden-

2118 5042 2245 5087 tem.

2192 5101 2218 5141 ¹³
2250 5103 2409 5157 Deest
2435 5103 2522 5159 hic
2560 5102 2761 5172 aliquid
2800 5101 2946 5171 quod
2992 5099 3347 5171 supplendum
3390 5106 3474 5154 est
3512 5114 3578 5153 ex
3620 5112 3706 5154 se-

2160 5175 2426 5227 ucutihus.

2160 5189 2361 5226 ucuum
2384 5191 2426 5226 ς.

2120 5189 2155 5243 q
2198 5254 2219 5281 ε
2250 5243 2326 5297 lia
2358 5190 2526 5298 iudex
2572 5242 2932 5297 Corhcieusis.
2964 5239 3068 5294 Pro
3096 5255 3205 5309 quo
3234 5238 3501 5295 editiones
3527 5246 3583 5294 et
3609 5254 3708 5294 co-

2122 5312 2223 5367 dex
2254 5312 2593 5367 Colhertinus
2624 5313 2823 5366 habent
2865 5314 3003 5375 rixa,
3046 5313 3190 5365 nullo
3218 5325 3401 5365 sensu.
3440 5309 3706 5364 C:cterum

2122 5398 2310 5436 vocem
2341 5387 2543 5437 auctrix
2574 5399 2676 5435 non
2699 5397 2818 5435 esse
2861 5397 3006 5451 pura:
3033 5379 3334 5451 Latinitatis
3362 5386 3585 5435 annotat
3605 5379 3710 5432 Ca-

2123 5453 2394 5506 saubonus
2424 5455 2474 5506 in
2505 5454 2644 5507 notis
2667 5453 2734 5505 ad
2761 5449 3083 5505 Trebellium
3106 5449 3422 5506 Pollionem.

2190 5519 2214 5558 ἀ
2247 5522 2415 5577 Antea
2463 5524 2756 5590 legebatur,
2807 5523 3034 5577 omnium
3080 5521 3447 5586 militantium;
3475 5517 3568 5573 sed
3600 5533 3708 5590 nos

2120 5589 2661 5661 liancrvocem,"quae
2692 5608 2796 5645 non
2826 5599 3001 5647 exstat
3040 5592 3093 5646 in
3143 5593 3329 5647 codice
3375 5589 3707 5653 Colbct'tino,

2122 5660 2432 5716 sustulimus
2461 5671 2517 5717 ut
2539 5660 2799 5716 inutilem.
