4036 6180
353 253 418 302 α,
1427 235 1515 292 οε
1553 236 2079 296 GUBERXATIONE
2121 241 2228 298 DEI
2269 241 2394 298 ue.
2435 241 2522 299 1v.
3519 260 3593 318 το

351 368 462 409 nius
503 351 636 405 istos
683 351 775 414 qui
829 350 995 420 magis
1045 350 1123 404 rei
1175 359 1319 404 sunt.
1377 349 1508 417 Quis
1553 359 1635 406 est
1664 352 1748 406 vel
1778 352 1924 406 dives
1957 360 1997 417 Α
2030 371 2136 416 xxv,
2170 354 2254 420 M,
2290 354 2396 425 16).
2439 355 2712 412 Neminen;
2743 365 2918 414 tamen
2949 375 3074 417 reor
3101 371 3208 418 tam
3237 364 3596 437 impudentem

350 443 558 500 omnino
591 441 672 494 vcl
726 441 920 497 nobilis
965 449 1057 496 aut
1100 442 1460 502 innocentiam
1505 458 1724 496 servans
1772 455 1864 497 aut
1892 460 1921 497 a

350 535 546 588 eunetis
581 531 881 587 sceleribus
919 547 1110 586 manus
1149 532 1460 586 abstinens?
1496 531 1810 600 Quanquam
1839 549 1928 588 su-

352 625 544 696 perﬂue
591 637 622 676 a
667 625 881 678 cunctis
931 623 1193 676 dixerim:
1247 623 1450 676 utinam
1485 623 1629 678 vela
1659 624 1924 688 maximis,

351 715 469 784 quia
497 713 682 770 volunt
733 713 836 768 sibi
885 713 940 768 id
984 713 1124 767 forte
1166 711 1397 780 majores
1424 713 1578 781 quasi
1606 722 1632 750 ει
1663 715 1925 783 privilegii

352 806 643 867 vindicare,
693 812 758 858 ut
801 805 923 872 jure
957 819 1056 858 suo
1083 805 1306 861 crimina
1331 805 1416 858 vel
1445 805 1652 858 minora
1679 805 1926 859 commit-

350 896 488 950 tant!
519 895 708 963 itaque
753 895 821 950 de
866 897 1101 966 peccatis
1147 895 1472 951 facilioribus
1503 897 1628 950 nihil
1655 897 1794 951 dico.
1835 895 1926 950 Vi-

349 988 564 1040 deamus
590 986 634 1040 si
667 986 752 1041 vel
782 1002 811 1040 a
839 985 1048 1042 duobus
1094 987 1198 1040 illis
1237 987 1388 1055 quasi
1431 987 1744 1055 capitalibus
1772 987 1926 1040 malis

351 1077 486 1131 ullus
533 1077 790 1131 immunis
835 1083 952 1141 cst,
980 1077 1033 1130 id
1059 1084 1176 1139 est,
1219 1076 1302 1129 vel
1331 1077 1397 1129 ab
1429 1076 1750 1136 homicidio,
1783 1077 1864 1130 vel
1893 1091 1923 1130 a

353 1174 555 1236 stupro.
615 1165 746 1232 Quis
793 1167 934 1220 enim
983 1175 1066 1221 est
1112 1175 1204 1220 aut
1251 1167 1488 1221 humano
1529 1167 1787 1234 sanguine
1817 1182 1925 1221 non

353 1265 601 1310 cruentus
625 1295 638 1318 ,
672 1263 766 1310 aut
793 1271 1007 1311 comosa
1038 1257 1144 1326 53
1171 1257 1478 1326 impuritate
1504 1273 1613 1312 non
1641 1257 1925 1312 sordidus?

354 1345 524 1401 Unum
567 1347 786 1416 quidem
830 1363 896 1401 cx
943 1347 1026 1401 his
1054 1347 1121 1401 ad
1159 1363 1372 1418 ptenam
1416 1356 1673 1402 mternam
1703 1347 1922 1414 sullicit;

351 1438 442 1492 sed
471 1453 638 1507 prope
667 1439 840 1492 nullus
869 1438 1091 1492 divitum
1119 1454 1225 1493 non
1256 1447 1540 1507 utrumque
1567 1438 1852 1493 commisit.

422 1529 508 1582 XI.
550 1529 658 1585 Sed
685 1531 885 1598 cogitat
912 1529 1051 1584 forte
1071 1530 1262 1599 aliquis
1287 1531 1355 1585 de
1383 1531 1488 1584 hoc
1515 1545 1740 1584 numero
1766 1547 1778 1582 :
1812 1528 1924 1596 Ego

347 1618 457 1685 jam
487 1618 588 1672 ista
616 1633 726 1672 non
752 1617 909 1672 facio.
968 1617 1187 1684 Laudo,
1218 1619 1264 1672 si
1287 1633 1394 1673 non
1424 1617 1592 1682 lacis;
1623 1618 1716 1671 sed
1747 1626 1923 1671 tamen

351 1707 486 1763 forte
529 1716 655 1762 ante
699 1705 894 1772 fecisti,
944 1717 999 1763 et
1025 1723 1132 1762 non
1172 1716 1255 1762 est
1292 1723 1562 1776 nunquam
1591 1709 1808 1762 omnino
1839 1707 1918 1762 fc-

349 1798 506 1862 cisse,
537 1796 713 1852 facere
742 1813 1002 1852 cessasse.
1043 1797 1197 1864 Quod
1226 1800 1272 1853 si
1302 1800 1371 1852 ita
1401 1808 1561 1864 esset,
1592 1797 1720 1866 quid
1746 1797 1772 1836 δ
1801 1813 1928 1868 pro-

349 1887 502 1941 derat
547 1896 724 1942 tamen
773 1903 937 1942 unum
978 1903 1008 1944 a
1050 1889 1254 1943 scelere
1281 1889 1626 1950 desistere,et
1649 1889 1845 1942 multos
1873 1889 1927 1942 in

349 1977 640 2033 sceleribus
683 1980 1037 2048 permanere?
1079 1980 1196 2033 Non
1243 1988 1394 2033 sanat
1446 1981 1602 2034 unius
1647 1980 1927 2034 conversio

344 2068 570 2123 crimina
633 2069 1012 2138 plurimorum;
1082 2085 1181 2124 nec
1245 2069 1438 2125 sufficit
1485 2069 1550 2123 ad
1609 2069 1926 2140 placandum

347 2158 512 2213 Deum
553 2161 696 2228 quod
741 2175 877 2215 unus
913 2169 1130 2231 peccata
1161 2161 1386 2226 deserit,
1420 2176 1579 2230 quem
1611 2162 1927 2215 universitas

347 2249 513 2303 totius
551 2249 770 2303 humani
815 2251 1026 2318 generis
1073 2249 1327 2316 offendit;
1377 2251 1672 2320 praesertim
1718 2266 1840 2304 cum
1881 2251 1926 2305 is

345 2338 430 2406 qui
461 2340 800 2393 convertitur
838 2347 896 2392 ut
935 2350 1163 2395 mortem
1193 2349 1448 2395 aeternam
1479 2341 1648 2409 possit
1675 2340 1922 2406 evadere,

343 2445 569 2498 magnos
595 2429 842 2500 profecto
871 2432 1240 2486 conversionis
1268 2447 1378 2486 suae
1407 2430 1608 2485 fructus
1644 2430 1850 2500 capiat,
1879 2431 1924 2484 si

341 2519 574 2584 evadat,
625 2519 821 2574 nedum
862 2521 1175 2589 contingere
1206 2521 1258 2576 ei
1285 2521 1454 2592 possit
1483 2528 1541 2575 ut
1569 2520 1637 2575 ab
1665 2521 1784 2574 aliis
1811 2536 1926 2589 pm-

342 2626 462 2664 nam
513 2611 876 2667 damnationis
924 2619 1171 2668 avertat:
1215 2614 1340 2682 quia
1365 2613 1549 2668 ethoc
1575 2613 1925 2668 intolerabilis

341 2702 610 2772 superbise
657 2709 820 2772 atque
863 2702 1111 2758 immanis
1154 2703 1350 2773 piaculi
1377 2705 1578 2759 crimen
1607 2711 1708 2769 est,
1740 2703 1786 2758 si
1815 2712 1922 2757 tam

343 2793 551 2847 bonum
578 2807 638 2848 se
676 2793 867 2862 aliquis
895 2808 1014 2848 esse
1041 2794 1245 2860 credat,
1273 2803 1332 2848 ut
1359 2794 1520 2848 etiam
1549 2794 1718 2848 malos
1746 2794 1926 2848 existi-

339 2890 446 2938 met
471 2898 578 2952 per
618 2898 676 2937 se
722 2899 882 2953 posse
920 2884 1134 2938 salvari.
1195 2883 1443 2952 Loquens
1488 2883 1628 2938 Deus
1673 2883 1741 2936 de
1780 2891 1921 2938 terra

338 2971 572 3040 quadam
600 2973 684 3026 vel
713 2973 780 3028 de
807 2973 1008 3042 populo
1035 2981 1318 3044 peccatore
1339 2973 1416 3027 sic
1441 2973 1568 3027 dicit
1593 2991 1604 3025 :
1638 2971 1698 3027 Si
1729 2957 1922 3043 fuerint

2030 446 2144 501 fore
2173 449 2262 516 qui
2291 463 2350 502 se
2387 449 2470 503 his
2499 449 2689 504 talibus
2717 451 2844 506 viris
2883 452 3078 508 audeat
3105 470 3444 526 comparare,
3471 463 3600 529 quia

2029 537 2270 602 quamvis
2297 538 2510 607 placere
2539 555 2677 594 nunc
2696 540 2888 608 aliquis
2911 541 3019 597 Deo
3044 544 3274 610 studeat,
3307 547 3408 604 hoc
3425 550 3598 618 ipsum

2029 637 2206 682 tamen
2251 644 2418 697 genus
2464 633 2707 686 maxima:
2755 632 3025 700 injustitize
3073 645 3154 691 cst
3201 639 3246 691 si
3293 655 3351 693 se
3395 639 3598 708 justum

2026 729 2338 788 praesumat;
2381 737 2445 776 ac
2484 737 2581 792 per
2619 723 2720 777 hoc
2761 724 2967 777 sublata
2997 735 3078 778 est
3105 727 3280 780 omnis
3305 743 3428 796 spes
3457 730 3600 786 falsa:

2026 810 2312 880 opinionis,
2344 827 2448 881 qua
2477 813 2756 866 credamus
2786 813 3114 868 innumeram
3145 817 3475 884 perditorum
3509 821 3600 872 ho-

2025 899 2223 952 minum
2246 901 2634 954 multitudinem
2661 911 2684 938 ο
2704 899 2952 969 suffragio
2974 917 3264 970 paucorum
3287 907 3545 960 bonorum
3567 923 3598 962 a

2027 990 2378 1058 praesentibus
2417 991 2570 1044 malis
2611 1005 2768 1059 posse
2799 989 3032 1045 defendi.
3091 991 3226 1046 Cum
3255 995 3395 1048 enim
3426 997 3600 1052 nullus

2026 1078 2129 1130 illis
2159 1093 2296 1147 quos
2323 1095 2482 1148 supra
2511 1079 2759 1143 diximus,
2789 1095 2887 1149 par
2913 1082 3001 1146 sit,
3032 1095 3151 1149 qua:
3180 1097 3299 1137 esse
3327 1100 3449 1152 spes
3477 1085 3598 1140 ullis

2026 1161 2207 1237 potest
2233 1169 2376 1237 quod
2408 1169 2620 1223 liberari
2649 1177 2704 1224 et
2743 1172 2983 1226 extranei
3021 1181 3074 1224 et
3104 1173 3363 1228 innumeri
3395 1184 3449 1229 et
3475 1175 3598 1229 mali

2027 1273 2057 1310 a
2087 1259 2418 1326 paucissimis
2447 1259 2605 1313 bonis
2651 1259 2884 1329 possint,
2933 1276 3054 1314 cum
3102 1263 3174 1315 illi
3207 1263 3598 1320 familiarissimi

2029 1345 2138 1400 Deo
2167 1348 2339 1401 sancti
2365 1363 2432 1401 ne
2474 1348 2578 1402 hoc
2605 1348 2819 1418 quidem
2859 1365 2888 1402 a
2919 1350 3145 1404 Domino
3176 1356 3588 1420 promeruerint,

2028 1444 2085 1489 ut
2113 1436 2165 1489 in
2192 1435 2312 1490 filiis
2350 1437 2460 1490 suis
2487 1437 2574 1491 vel
2601 1453 2694 1491 sua
2731 1439 2966 1492 membra
2994 1441 3298 1495 salvarent?
3327 1441 3393 1494 Et
3425 1453 3591 1498 recte.

2028 1527 2134 1598 59
2163 1525 2294 1580 Nam
2323 1526 2446 1580 licet
2486 1541 2672 1580 omnes
2709 1528 2990 1580 admodum
3031 1528 3119 1582 lilii
3151 1531 3386 1584 membra
3417 1548 3596 1600 paren-

2030 1626 2141 1669 tum
2169 1631 2287 1669 esse
2313 1615 2612 1680 videantur,
2662 1631 2768 1669 non
2815 1617 3033 1684 putandi
3073 1627 3197 1672 sunt
3227 1629 3401 1674 tamen
3431 1635 3597 1674 mem‘

1953 1719 1995 1777 η
2019 1705 2114 1760 bra
2143 1721 2328 1759 eorum
2359 1719 2474 1759 esse
2494 1721 2524 1758 a
2553 1705 2743 1772 quibus
2763 1705 2953 1759 allectu
2977 1707 3236 1774 coeperint
3263 1707 3593 1778 discrepare:

2029 1795 2155 1862 quia
2185 1809 2390 1848 morum
2431 1793 2865 1861 dcgenerantium
2893 1797 3156 1864 pravitate
3182 1807 3409 1866 pereunt
3437 1799 3489 1852 in
3521 1807 3596 1854 ta-

2029 1885 2166 1939 libus
2211 1885 2469 1940 benelicia
2516 1895 2736 1940 natur-.12.
2795 1886 2913 1952 Quo
2961 1885 3018 1941 ﬁt
3063 1897 3122 1942 ut
3159 1890 3317 1942 etiam
3348 1905 3471 1952 nos,
3503 1891 3596 1958 qui

2027 1971 2054 2010 ἀ
2086 1973 2372 2029 Christiani
2404 1989 2520 2030 esse
2562 1975 2806 2040 dicimur,
2857 1976 3140 2045 perdamus
3184 1979 3292 2032 vim
3340 1980 3472 2032 tanti
3500 1995 3596 2033 no-

2027 2066 2186 2118 minis
2210 2106 2224 2129 ,
2274 2065 2405 2119 vitio
2446 2065 2741 2134 pravitatis.
2795 2066 2934 2120 Nihil
2964 2068 3104 2120 enim
3132 2069 3352 2124 omnino
3381 2069 3597 2138 prodest

2029 2167 2053 2192 ε
2084 2171 2278 2210 nomen
2326 2165 2568 2209 sanctum
2615 2156 2811 2210 habere
2839 2157 2951 2212 sine
2980 2160 3248 2223 moribus,
3277 2159 3399 2226 quia
3431 2161 3537 2212 vita
3567 2177 3596 2214 a

2026 2245 2357 2314 professione
2385 2243 2696 2299 discordans
2742 2245 2962 2313 abrogat
3007 2248 3242 2301 inlustris
3272 2249 3598 2302 tituliho.;o-

2024 2350 2139 2388 rem
2183 2349 2282 2404 per
2325 2334 2660 2399 indignorum
2709 2342 2922 2388 actuum
2967 2335 3246 2390 vilitatem.
3300 2336 3446 2391 Unde
3477 2354 3596 2394 cum

2023 2441 2162 2496 pene
2212 2425 2411 2478 nullam
2459 2421 2884 2478 Christianorum
2928 2427 3164 2480 omnium
3195 2436 3428 2496 partem,
3462 2444 3597 2498 pene

2027 2521 2229 2574 nullum
2263 2519 2620 2575 Ecclesiarum
2660 2519 2897 2573 omnium
2946 2520 3194 2586 angulum
3236 2537 3342 2576 non
3383 2521 3596 2590 plenum

2023 2611 2169 2665 omni
2195 2609 2488 2665 offensione
2515 2617 2569 2664 et
2597 2609 2740 2662 omni
2783 2609 3054 2663 lethalium
3097 2619 3436 2679 peccatorum
3477 2612 3596 2668 labe

2021 2701 2296 2755 videamus
2319 2741 2332 2764 ,
2386 2699 2512 2768 quid
2561 2707 2643 2752 est
2688 2699 2740 2752 in
2766 2713 2874 2767 quo
2903 2699 3056 2753 nobis
3083 2699 3148 2754 de
3169 2699 3471 2756 Christiano
3499 2716 3597 2756 no-

2020 2789 2166 2844 mine
2211 2789 2563 2853 blandiamur,
2611 2803 2730 2842 cum
2780 2789 2962 2856 utique
3009 2789 3113 2843 hoc
3161 2789 3278 2858 ipso
3309 2790 3476 2858 magis
3498 2805 3596 2860 per

2022 2894 2217 2934 nomen
2265 2878 2684 2932 sacratissimum
2714 2879 2790 2932 rei
2819 2879 2987 2933 simus
3009 2919 3024 2944 ,
3068 2879 3192 2948 quia
3221 2895 3250 2932 a
3279 2889 3467 2934 sancto
3495 2896 3594 2935 no-

2022 2971 2166 3023 mine
2211 2968 2612 3038 discrepamus?
2653 2967 2784 3021 Nam
2826 2974 2880 3022 et
2909 2967 3028 3022 ideo
3057 2969 3175 3038 plus
3202 2969 3300 3023 sub
3327 2969 3596 3038 religionis

339 3070 437 3115 tres
465 3063 570 3115 viri
597 3063 651 3116 in
689 3063 855 3116 medio
883 3063 1028 3132 ejus,
1077 3060 1217 3127 Noe,
1263 3069 1312 3116 et
1359 3061 1576 3128 Daniel,
1607 3060 1792 3126 etJob,
1820 3078 1920 3116 non
1951 3069 1994 3132 ς
2028 3060 2182 3114 titulo
2209 3057 2378 3113 Deum
2427 3058 2664 3112 Ludimus
2687 3097 2703 3125 ,
2751 3058 2874 3127 quia
2910 3059 3068 3128 positi
3105 3059 3160 3114 in
3187 3060 3444 3128 religione
3472 3074 3596 3130 pec-

329 3149 629 3205 liberabunt
654 3151 794 3222 ﬁlias
827 3161 877 3207 et
894 3152 1054 3222 ﬁlias.
1098 3150 1210 3222 Ipsi
1237 3152 1333 3206 soli
1363 3151 1490 3206 salvi
1511 3161 1660 3206 erunt
1700 3151 1912 3224 (Ezech.

2021 3165 2224 3206 camus.

1499 3304 1835 3362 STEPHANI
1872 3305 2138 3362 BALUZII
2178 3304 2404 3360 NOTAE.

401 3453 427 3480 ι
456 3441 640 3496 Antea
687 3441 1022 3512 edideramus
1059 3441 1405 3512 privilegium,
1426 3441 1595 3498 secuti
1624 3439 1913 3512 olitionem

336 3511 694 3568 Pithoaanam.
725 3509 877 3565 Nunc
902 3525 1031 3565 vero
1058 3509 1208 3578 sequi
1239 3509 1436 3578 placuit
1456 3512 1771 3577 scripturam
1799 3509 1918 3578 libri

331 3580 698 3642 Corbeiensis,
729 3580 788 3634 in‘
820 3595 929 3647 quo
955 3577 1184 3636 habetur
1205 3577 1279 3635 uti
1309 3595 1406 3635 nos
1443 3579 1797 3649 reposuimus.
1829 3577 1918 3633 Sic

331 3651 493 3705 etiam
525 3649 786 3718 scriptum
814 3650 973 3704 fuisse
999 3651 1053 3704 in
1083 3650 1374 3719 archetypo
1412 3665 1480 3705 ex
1501 3665 1608 3718 quo
1637 3663 1917 3719 expressus

333 3720 623 3800 estcodex
645 3735 752 3800 quo
781 3719 1150 3800 Brass‘icanus”
1169 3718 1435 3800 utebatur.
1468 3718 1916 3800 hinc’colligi-po-

335 3789 617 3861 “3514(1qu
666 3787 752 3843 ille
785 3789 962 3861 edidit
985 3787 1316 3861 Privilegiym
1355 3791 1547 3861 dicere.
1591 3788 1707 3861 Quo
1753 3788 1916 3861 etiam

335 3857 494 3912 modo
529 3857 692 3912 habet
737 3857 900 3912 editio
929 3857 1489 3913 Romana'Galesinii.
1522 3859 1591 3912 At
1631 3859 1686 3912 in
1729 3858 1916 3912 codice

336 3925 653 3998 Colbprtino
673 3927 868 3998 legitur
889 3929 1208 3998 privilegium
1233 3928 1416 3982 ditare.

402 3995 433 4036 ι
459 3996 615 4052 Idem
639 3997 828 4064 codex,
858 3995 1135 4068 prodeam.

2093 3449 2118 3479 ο
2141 3438 2256 3492 Non
2285 3437 2622 3509 existimabat
2647 3451 2775 3509 ergo
2803 3437 3081 3509 Salvianus
3096 3437 3436 3509 innumeram
3467 3455 3593 3509 pro-

2021 3508 2252 3562 ditorum
2295 3507 2566 3560 hominum
2605 3507 2993 3576 multitudinem
3021 3507 3590 3576 sull'ragiorpaucorum

2019 3577 2283 3632 honorum
2313 3591 2344 3630 a
2372 3576 2720 3644 praesentibus
2745 3575 2898 3644 malis
2927 3590 3082 3644 posse
3109 3575 3338 3644 defendi.

2092 3645 2119 3684 ά
2149 3641 2424 3700 Editiones
2451 3645 2747 3704 Brassicani
2775 3651 2829 3698 et
2855 3641 3109 3698 Galesinii
3135 3661 3148 3697 :
3183 3641 3284 3708 Qui
3321 3661 3414 3699 nos
3441 3644 3591 3700 Clario

2018 3717 2214 3770 stianos
2239 3731 2349 3769 esse
2377 3715 2618 3768 diximus.
2644 3711 2880 3768 Pithteus
2900 3729 2964 3768 ex
2986 3728 3084 3767 suo
3103 3713 3290 3769 codice
3321 3731 3335 3782 ς
3369 3713 3467 3779 Qui
3497 3733 3591 3770 nos

2020 3785 2338 3840 Christianos
2365 3801 2475 3838 esse
2493 3785 2726 3838 dicimus.

2094 3867 2118 3893 ι’
2142 3854 2277 3922 Hinc
2319 3855 2584 3922 colligitur
2609 3854 2782 3907 adhuc
2809 3851 3014 3922 saeculo
3033 3852 3124 3906 illo
3151 3861 3393 3922 sanctum
3430 3854 3590 3922 fuisse

2019 3925 2193 3979 visum
2215 3921 2504 3978 Christiani
2533 3938 2745 3977 nomen.
2780 3921 2908 3976 Vide
2934 3921 3090 3988 infra,
3115 3936 3237 3992 pag.
3270 3921 3338 3976 59
3358 3932 3413 3978 et
3435 3921 3522 3978 79.

1305 4216 1781 4325 LIBER
1865 4211 2642 4342 QUARTUS.

406 4489 517 4562 59
552 4487 594 4542 ι.
635 4487 934 4544 Disceditur
969 4487 1148 4558 itaque
1185 4489 1252 4544 ab
1281 4487 1370 4542 illa
1399 4503 1559 4557 quam
1589 4503 1748 4558 supra
1777 4487 1919 4542 dixi-
1949 4487 1996 4546 D
2023 4484 2254 4539 hominis
2298 4482 2585 4538 Christiani
2635 4485 2798 4553 lldes,
2851 4484 3080 4544 fideliter
3117 4499 3143 4528 ι
3171 4489 3440 4548 Christum
3486 4507 3589 4550 ere

337 4595 456 4634 mus
504 4577 795 4633 Christiani
843 4578 1072 4634 nominis
1118 4579 1470 4648 praerogativa
1495 4617 1511 4644 ,
1561 4586 1620 4632 ut
1648 4586 1912 4647 putemus,

334 4670 462 4738 quia
494 4668 664 4723 simus
691 4668 894 4724 cunctis
920 4668 1165 4736 gentibus
1185 4669 1564 4737 religiosiores,
1595 4667 1792 4722 debere
1818 4681 1918 4721 nos

335 4773 458 4813 esse
486 4758 654 4813 etiam
682 4757 949 4812 fortiores.
1009 4757 1140 4811 Nam
1167 4773 1288 4812 cum
1306 4797 1321 4824 ,
1349 4765 1409 4812 ut
1435 4757 1689 4821 diximus,
1721 4757 1822 4811 hoc
1849 4756 1918 4810 sit

2021 4573 2149 4628 dere
2171 4611 2187 4633 .
2237 4581 2294 4628 et
2339 4573 2443 4629 hoc
2482 4575 2552 4628 sit
2577 4573 2845 4632 Christum
2876 4576 3105 4634 fideliter
3129 4581 3370 4645 credere,
3400 4579 3596 4638 Christi

2021 4662 2270 4717 mandata
2299 4679 2543 4730 servare,
2581 4664 2638 4718 ﬁt
2664 4666 2864 4734 absque
2891 4667 3054 4723 dubio
3089 4676 3145 4723 ut
3185 4686 3285 4726 nec
3313 4669 3468 4726 ﬁdem
3499 4672 3597 4726 ha-

2024 4756 2150 4810 beat
2175 4757 2266 4826 qui
2295 4755 2522 4812 inﬁdelis
2549 4767 2662 4819 est,
2695 4773 2793 4812 nec
2819 4757 3088 4814 Christum
3115 4761 3300 4817 credat
3324 4763 3417 4832 qui
3444 4762 3602 4818 Chri-

1525 4912 1860 4971 STEPllANI
1897 4914 2165 4970 BALUZII
2203 4914 2430 4971 NOTAE.

407 5058 435 5087 ι
461 5046 528 5102 In
559 5047 794 5101 editione
807 5044 1084 5100 Pithmana
1111 5046 1303 5113 legitur
1334 5064 1347 5098 :
1382 5045 1522 5100 Nam
1550 5062 1683 5112 cum,
1710 5057 1764 5100 ut
1785 5047 1922 5101 dixi-

337 5135 470 5182 mus,
504 5119 602 5170 hor
641 5118 710 5170 sit
731 5117 950 5170 hominis
979 5116 1255 5185 Christiani
1285 5116 1434 5185 ﬁdes,
1469 5117 1690 5185 ﬁdeliter
1731 5116 1921 5172 Christi

334 5193 590 5244 mndata
617 5201 840 5250 servare,
862 5197 964 5240 etc.
992 5184 1096 5239 Sed
1137 5184 1305 5240 codex
1353 5184 1690 5240 Corbeicnsis
1719 5186 1877 5242 habet
1902 5205 1915 5240 :

334 5257 485 5312 Nam
515 5272 653 5319 cum,
683 5264 739 5308 ut
770 5256 1024 5320 diximus,
1053 5255 1103 5307 ἡ.
1127 5272 1174 5308 s.
1197 5255 1248 5306 h.
1274 5270 1320 5308 ει
1349 5255 1496 5323 ﬁdes,
1529 5255 1751 5324 ﬁdeliter
1771 5255 1920 5312 Chri-

333 5337 472 5383 stum
513 5325 742 5390 credere,
785 5335 837 5380 et
873 5325 968 5378 hoc
1011 5325 1079 5378 sit
1119 5323 1374 5378 Christum
1421 5323 1642 5394 ﬁdeliter
1689 5326 1912 5390 credere,

333 5395 534 5452 Christi
557 5395 802 5451 mandata
830 5411 1050 5454 servare.
1076 5402 1178 5448 etc.
1209 5395 1392 5448 Recte.
1425 5397 1640 5450 Dixerat
1661 5395 1802 5450 enim
1829 5412 1917 5450 su-

334 5482 457 5548 pra,
482 5481 610 5548 pag.
633 5464 740 5548 4.2.:
755 5463 965 5548 ‘Opin‘or
985 5463 1204 5548 ﬁdeliter
1223 5465 1478 5548 hominem
1497 5463 1702 5548 Christo
1729 5464 1912 5548 crede-

334 5532 413 5599 re,
439 5532 502 5589 id
526 5532 621 5599 tit,
645 5532 846 5605 ﬁdelem
869 5532 1134 5594 Decesse,
1158 5537 1253 5588 hoc
1279 5543 1374 5598 est,
1399 5534 1618 5604 ﬁdeliter
1647 5534 1740 5588 Dei
1767 5551 1916 5588 mmi-

335 5605 468 5659 data
511 5621 729 5660 seruare.
770 5603 1015 5660 Etherius
1043 5611 1097 5656 et
1122 5603 1313 5658 Beatus
1345 5605 1432 5659 lib.
1465 5620 1481 5659 l
1521 5607 1775 5660 adversus
1804 5603 1912 5657 Eli-

2024 5049 2256 5124 pandum
2289 5067 2302 5101 :
2345 5045 2475 5124 Non
2511 5057 2586 5124 est
2619 5045 2948 5124 Christianus
2993 5055 3079 5124 qui
3106 5064 3250 5124 recte
3294 5071 3396 5110 non
3439 5061 3598 5112 credit

2023 5118 2298 5191 Christum.
2329 5117 2650 5191 Athanasius
2677 5119 2730 5172 in
2759 5120 2985 5191 epistola
3005 5117 3080 5176 'ad
3103 5121 3401 5191 Epictetum
3431 5129 3596 5181 relata

2023 5188 2075 5265 in
2125 5188 2363 5265 antiqua.
2395 5187 2639 5265 versione
2676 5191 2898 5265 concilii
2947 5187 3221 5261 Ephesini,
3273 5211 3394 5265 pag.
3445 5196 3593 5250 466:

2021 5259 2122 5310 Aut
2145 5255 2394 5334 quomodo
2416 5273 2528 5334 esse
2565 5255 2847 5334 Christiani
2875 5255 3086 5334 possunt
3114 5255 3401 5334 qui—dicam!
3438 5266 3597 5320 alium

2019 5343 2137 5400 esse
2159 5326 2352 5400 Filium
2380 5336 2429 5379 et
2450 5326 2608 5400 alium
2631 5327 2734 5400 pei
2772 5326 2990 5400 Verbum
3011 5326 3366 5400 ?Au?gustinns
3393 5349 3598 5388 serium

2022 5412 2089 5451 ne
2111 5395 2144 5450 9
2167 5397 2232 5451 de
2257 5396 2441 5468 decem
2469 5395 2696 5452 Chordis
2723 5413 2840 5468 cap.
2869 5398 2922 5460 4,
2955 5400 3007 5454 in
3039 5395 3172 5454 nova
3208 5403 3442 5456 editione
3462 5421 3474 5454 ε
3497 5401 3598 5465 Qui

2019 5467 2156 5540 enim
2179 5482 2282 5520 non
2311 5465 2374 5519 de
2391 5468 2564 5540 futuro
2590 5465 3010 5540 credulo'cogitat,
3041 5485 3134 5522 nec
3157 5481 3426 5539 propterea
3449 5470 3598 5526 Chri-

2018 5537 2218 5610 stianus
2251 5544 2332 5610 est
2349 5535 2407 5610 ut
2428 5535 2486 5610 id
2511 5537 2648 5607 quod
2673 5537 2728 5589 in
2756 5535 3024 5606 ﬁne'Deus
3064 5535 3317 5608 pro-mittit
3345 5542 3593 5610 accipiat,

2021 5607 2246 5660 nondum
2273 5603 2599 5662 Christianus
2622 5615 2720 5658 est.
