4006 6182
374 250 439 314 71
1352 252 1407 307 s.
1450 236 1764 308 suum
1801 248 1946 303 nas:

2053 247 2263 302 [esse
2301 245 2728 301 Paessvmm
3567 244 3632 310 π

375 370 442 427 sti
471 366 721 424 mandata
769 366 1075 428 conculcat;
1126 365 1189 418 ac
1236 377 1331 433 per
1372 365 1475 419 hoc
1505 372 1676 419 totum
1706 364 1757 417 in
1786 362 1837 416 id
1868 378 1954 417 re-
1983 366 2030 421 Α
2058 361 2174 413 sine
2203 361 2453 429 operibus
2480 360 2637 413 bonis
2665 374 2821 428 posse
2849 357 3226 427 prodesse?Et
3254 361 3437 430 utique
3466 361 3636 418 multo

376 459 625 521 volvitur,
676 466 736 511 ut
778 457 869 525 qui
910 454 1200 509 Christiani
1247 456 1354 524 5'0
1402 455 1635 508 nominis
1681 469 1817 524 opus
1845 469 1954 507 non

377 533 521 619 agit,
569 548 904 603 Christianus
951 563 1057 599 non
1106 562 1225 601 esse
1267 547 1528 599 videatur.
1578 546 1783 601 Nomen
1811 545 1953 600 enim

376 642 491 696 sine
539 650 658 695 actu
706 651 865 708 atque
912 638 1090 693 ofﬁcio
1119 656 1245 703 suo,
1273 640 1404 693 nihil
1433 649 1530 693 est.
1574 640 1725 704 Nam,
1761 652 1783 677 α
1817 641 1955 695 sicut

376 734 452 787 ait
478 732 692 801 quidam
724 730 750 768 δ
783 731 834 784 in
884 731 1096 799 scriptis
1141 732 1281 795 suis,
1322 731 1448 798 quid
1479 740 1560 785 est
1590 732 1729 786 aliud
1759 732 1943 799 princi-

377 832 532 893 patus
558 824 673 875 sine
720 824 1033 875 meritorum
1063 821 1407 881 sublimitate,
1459 822 1557 875 nisi
1587 823 1805 875 honoris
1837 823 1956 875 titu-

377 913 458 966 lus
485 912 601 966 siuc
628 912 873 974 homine;
923 919 1014 963 aut
1058 911 1185 979 quid
1231 920 1312 964 est
1358 912 1588 977 dign‘tas
1634 913 1686 964 in
1716 912 1950 979 indigno,

377 1002 478 1057 nisi
525 1008 899 1054 ornamentum
945 1001 997 1053 in
1048 1000 1198 1054 luto?
1235 1000 1418 1068 itaque
1466 1011 1523 1054 ut
1564 1002 1750 1055 iisdem
1780 1003 1954 1055 verbis

374 1093 536 1146 etiam
567 1106 664 1144 nos
693 1099 927 1155 utamur,
980 1091 1107 1159 quid
1154 1100 1237 1145 est
1279 1092 1417 1144 aliud
1446 1101 1690 1146 sanctum
1724 1093 1953 1146 vocabu-

374 1183 485 1238 lum
528 1184 644 1236 sine
685 1183 898 1246 merito,
951 1182 1052 1235 nisi
1103 1188 1477 1236 ornamentum
1522 1183 1573 1236 in
1622 1184 1769 1237 luto?
1816 1186 1954 1238 sicut

375 1274 537 1327 etiam
567 1288 664 1343 per
690 1273 897 1327 divinas
941 1272 1147 1326 litteras
1193 1288 1345 1326 sacer
1392 1289 1569 1327 sermo
1619 1282 1844 1328 testatus
1873 1283 1955 1327 est

374 1366 558 1421 dicens
588 1384 598 1418 :
631 1364 863 1419 Circulus
905 1382 1086 1418 mtre::s
1128 1366 1181 1417 in
1212 1360 1417 1418 naribus
1457 1368 1563 1418 suis
1587 1405 1599 1427 ,
1632 1366 1813 1418 mulier
1840 1366 1955 1436 pul-

375 1455 500 1508 chra
528 1464 576 1507 et
596 1456 741 1525 fatua
774 1450 949 1524 (Prov.
987 1471 1057 1519 ιιι,
1089 1453 1200 1523 22).
1244 1454 1309 1507 Ει
1339 1455 1388 1507 in
1418 1456 1572 1509 nobis
1594 1456 1771 1524 itaque
1799 1454 1953 1509 Chri-

372 1548 603 1601 stianum
632 1547 948 1600 vocabulum
989 1545 1142 1608 quasi
1186 1561 1406 1599 aureum
1434 1546 1599 1604 decus
1624 1554 1707 1600 est
1731 1565 1742 1598 :
1772 1561 1880 1615 quo
1908 1547 1953 1601 si

376 1637 593 1705 indigne
623 1637 855 1700 utimur,
888 1635 944 1688 lit
981 1646 1038 1688 ut
1066 1649 1189 1689 sues
1217 1650 1336 1690 cum
1366 1644 1683 1689 ornamento
1721 1651 1839 1690 esse
1881 1636 1953 1690 vi-

2058 453 2189 522 plns‘
2207 462 2290 507 est
2316 453 2471 506 iidem
2501 452 2699 505 habere
2729 466 2887 520 quam
2916 467 3113 506 nomen
3139 470 3150 503 :
3184 453 3307 522 quia
3336 468 3531 507 nomen
3554 464 3633 510 est

2055 543 2372 598 vocabulum
2400 543 2663 607 hominis,
2710 542 2836 595 lides
2863 550 3040 596 autem
3070 542 3272 597 fructus
3301 553 3383 598 est
3414 548 3631 599 mentis.

2057 636 2123 690 Et
2169 646 2346 691 tamen
2396 637 2539 691 hunc
2585 636 2754 705 ipsum
2804 634 2925 688 ﬁdei
2967 633 3194 690 fructum
3249 637 3634 695 infructuosum

2056 726 2346 797 Apostolus
2382 727 2496 781 sine
2534 726 2783 795 operibus
2824 726 2979 779 bonis
3007 740 3126 779 esse
3158 734 3383 780 testatur
3410 727 3632 783 dicens:

2057 818 2217 873 Fides
2256 821 2366 872 sine
2408 817 2643 885 operibus
2690 827 2891 871 mortua
2929 827 3004 870 est
3030 816 3166 888 (Jac.
3194 835 3249 882 ιι,
3280 819 3387 887 l7).
3440 818 3506 873 Et
3534 822 3629 875 ite-

2057 916 2172 963 rum
2200 927 2212 961 :
2246 908 2393 963 Sicut
2414 912 2548 961 cnim
2572 926 2753 976 cerpus
2775 911 2885 961 sine
2904 910 3105 978 spiritu,
3137 911 3212 962 sic
3239 911 3368 980 ﬁdes
3390 914 3500 965 sine
3524 928 3638 980 ope-

2055 1000 2194 1054 ribus
2223 1011 2425 1054 mortua
2454 1010 2528 1053 est
2560 999 2743 1071 (Ibid.,
2775 999 2886 1067 9.6).
2930 998 3323 1070 Additquoque
3359 1004 3632 1071 asperiora

2056 1092 2297 1161 quaedam
2330 1092 2392 1143 ait
2423 1089 2829 1144 confundendos
2853 1106 2948 1146 eos
2973 1093 3065 1161 qui
3093 1093 3194 1145 sibi
3217 1094 3633 1162 praesumptione

2056 1182 2374 1236 Christiana:
2405 1180 2524 1235 lidei
2556 1182 2918 1235 blandiuntur.

2125 1273 2189 1326 ll.
2232 1273 2338 1325 Sed
2368 1273 2499 1324 dicet
2528 1273 2713 1342 aliquis
2744 1289 2760 1324 .'
2794 1271 2867 1324 Tu
2896 1272 3049 1342 ﬁdem
3079 1273 3253 1337 babes,
3285 1284 3334 1327 et
3356 1290 3449 1346 ego
3478 1292 3631 1346 Opera

2056 1364 2237 1418 habeo.
2272 1363 2496 1417 Ostende
2523 1364 2647 1415 nti/.i
2674 1365 2784 1416 sine
2810 1362 3047 1433 operibus
3082 1364 3236 1433 [idem
3268 1374 3424 1428 tuam,
3453 1376 3502 1418 et
3540 1382 3628 1434 ego

2056 1456 2323 1510 ostendam
2366 1454 2457 1508 tibi
2493 1471 2558 1508 ea:
2606 1455 2840 1523 operibus
2886 1455 3041 1524 ﬁdem
3084 1472 3249 1508 meum
3285 1455 3471 1525 (Ibid.,
3520 1457 3628 1523 48).

2058 1545 2175 1613 Quo
2204 1547 2387 1615 utique
2408 1546 2511 1599 hoc
2541 1544 2756 1609 indicat,
2783 1554 2932 1598 actus
2968 1544 3138 1599 bonos
3169 1544 3485 1600 Christiana)
3516 1546 3630 1602 ﬁdei

2056 1636 2209 1703 quasi
2239 1645 2403 1689 testes
2444 1650 2562 1689 esse
2589 1652 2601 1687 :
2634 1636 2755 1702 quia
2787 1635 3120 1688 Christianus
3164 1636 3263 1689 nisi
3303 1651 3465 1706 opera
3493 1638 3631 1692 bona

372 1727 612 1782 deamur.
676 1728 915 1795 Denique
974 1727 1066 1794 qui
1113 1726 1228 1781 vult
1272 1726 1488 1795 plenius
1509 1728 1647 1782 scire
1689 1728 1948 1781 vocabula
1983 1725 2025 1783 ll
2055 1725 2258 1791 fecerit,
2297 1725 2453 1779 ﬁdem
2482 1741 2632 1779 suam
2656 1726 2867 1794 penitus
2887 1725 3188 1795 approbare
3214 1742 3320 1780 non
3350 1729 3538 1796 possit,
3571 1742 3630 1783 ac

373 1820 503 1873 nihil
536 1834 655 1873 esse
701 1821 816 1873 sine
863 1820 1042 1880 rebus,
1078 1819 1325 1888 respiciat
1353 1820 1624 1888 quomodo
1647 1820 1953 1874 innumera-

370 1909 506 1964 biles
533 1910 714 1978 populi
742 1949 757 1973 ,
789 1909 1121 1963 cessantibus
1148 1909 1379 1974 meritis,
1411 1910 1570 1962 etiam
1595 1911 1808 1964 nomina
1840 1926 1951 1979 per-

372 1999 641 2053 dideruut.
683 1999 972 2052 Duodecim
1012 1999 1355 2052 lleiimeorum
1395 2000 1585 2062 tribus,
1618 2015 1739 2054 cum
1769 2000 1953 2055 electa:

372 2090 642 2159 quondam
673 2105 702 2143 a
734 2089 843 2143 Deo
874 2098 1073 2148 essent,
1107 2091 1215 2143 duo
1244 2090 1459 2143 nomina
1486 2103 1826 2146 sacrosancta
1857 2108 1951 2147 ac-

373 2186 654 2248 ceperunt.
729 2178 963 2247 Populus
1020 2180 1161 2233 enim
1224 2180 1315 2232 Dei
1364 2188 1418 2234 et
1466 2179 1627 2235 Israel
1673 2183 1951 2251 appellata:

371 2279 512 2325 sunt.
554 2270 643 2324 Sic
669 2271 867 2340 quippe
914 2270 1179 2337 legimus:
1229 2272 1393 2335 Audi,
1444 2273 1659 2342 populus
1702 2291 1860 2338 meus,
1904 2284 1952 2328 et

371 2359 582 2430 loquor;
616 2359 800 2424 Israel,
832 2370 880 2411 et
912 2362 1223 2429 testiﬁcabor
1244 2360 1330 2414 tibi
1354 2360 1522 2432 (Psal.
1553 2380 1711 2425 LXXX,
1744 2362 1820 2431 9).
1849 2364 1949 2418 Er-

370 2464 437 2518 go
465 2450 632 2505 Judzei
661 2451 947 2521 aliquando
974 2461 1289 2521 utrumque,
1334 2470 1476 2509 nunc
1511 2465 1777 2509 neutrum.
1818 2457 1948 2512 Nam

371 2555 472 2595 nec
501 2541 593 2594 Dei
625 2542 852 2610 populus
879 2540 983 2595 dici
1012 2550 1192 2611 potest
1220 2544 1310 2613 qui
1338 2546 1537 2599 cultum
1567 2546 1665 2599 Dei
1687 2547 1798 2614 jam
1820 2548 1946 2601 olim

371 2632 611 2702 reliquit,
643 2631 744 2687 dcc
772 2632 957 2687 videns
987 2633 1151 2687 Deum
1184 2635 1276 2703 qui
1303 2634 1395 2689 Dei
1426 2635 1616 2690 Filium
1645 2636 1944 2705 denegavit,

369 2725 506 2779 sicut
533 2725 789 2794 scriptum
832 2734 943 2779 est:
979 2722 1147 2779 Israel
1190 2743 1303 2779 vero
1337 2743 1415 2779 me
1462 2744 1564 2781 non
1607 2730 1867 2799 cognorit,
1900 2740 1950 2783 et

370 2814 587 2885 populus
619 2828 758 2869 incus
807 2832 887 2869 me
928 2832 1030 2869 non
1060 2817 1309 2870 intellexit
1347 2816 1499 2888 (Isai.
1534 2835 1570 2881 ι,
1603 2819 1680 2887 5).
1723 2818 1949 2889 Propter

370 2906 513 2977 quod
563 2908 723 2961 etiam
770 2908 893 2961 alibi
924 2908 1063 2962 Deus
1106 2918 1292 2963 noster
1331 2907 1398 2963 de
1442 2907 1745 2964 Iudaeorum
1792 2910 1948 2980 plebe

370 2999 607 3069 loquitur
635 2999 698 3053 ad
753 3000 1070 3069 prophetam
1118 3001 1340 3057 dicens:
1403 3001 1541 3057 Voca
1588 3020 1772 3058 nomen
1812 3006 1942 3076 ejus,

2053 1833 2149 1887 per
2194 1819 2299 1873 hoc
2350 1817 2495 1887 quod
2539 1818 2772 1887 probare
2817 1833 2921 1871 non
2970 1818 3142 1871 valeat
3189 1818 3311 1887 quia
3370 1820 3473 1885 sit,
3556 1822 3630 1875 sic

2052 1910 2270 1963 omnino
2304 1908 2607 1964 habendum
2655 1924 2773 1963 esse
2825 1909 2981 1977 quasi
3021 1926 3126 1964 non
3157 1910 3243 1963 sit.
3289 1910 3419 1963 Nam
3472 1925 3630 1979 quam

2053 2018 2150 2071 pro
2180 2002 2326 2055 nullo
2356 2002 2457 2056 hoc
2485 1999 2784 2055 habendum
2811 2002 3164 2066 exi-timaret,
3188 2001 3239 2053 in
3266 1991 3488 2055 subditis
3516 2009 3628 2056 sta-

2053 2094 2144 2146 tim
2168 2093 2282 2162 ipse
2312 2092 2645 2145 demenstrat
2672 2092 2855 2145 dicens
2878 2091 2944 2144 ad
2965 2090 3324 2145 Christianum
3355 2110 3366 2144 :
3403 2091 3477 2145 Tu
3523 2109 3629 2146 cre~

2052 2184 2129 2235 dis
2159 2184 2278 2254 quia
2322 2184 2429 2252 62
2475 2198 2608 2234 unus
2648 2191 2722 2234 est
2752 2180 2909 2235 Deus.
2943 2179 3077 2233 Bene
3098 2182 3247 2251 facis.
3282 2179 3348 2233 Et
3375 2182 3628 2235 dtemones

2051 2274 2286 2338 credunt,
2321 2282 2369 2326 et
2415 2273 2810 2325 contremiscunt
2857 2269 3044 2342 (Ibid.,
3078 2267 3186 2337 19).
3218 2267 3629 2324 Consideremus

2050 2366 2175 2434 quid
2199 2364 2429 2419 voluerit
2454 2364 2557 2417 hoc
2584 2364 2704 2415 loco
2732 2360 3020 2431 Apostolus
3055 2360 3265 2425 dicere;
3299 2376 3397 2415 nee
3445 2362 3629 2415 irasca-

2050 2472 2170 2509 mur
2196 2456 2389 2508 divinis
2414 2453 2752 2513 testimoniis,
2777 2452 2870 2506 sed
2894 2449 3326 2520 acquiescamus;
3369 2466 3469 2507 nec
3498 2468 3630 2506 con-

2051 2546 2393 2609 tradicamus,
2452 2544 2547 2598 sed
2601 2540 2959 2613 proﬁciamus.
3011 2542 3085 2594 Tu
3126 2541 3311 2606 credis,
3356 2543 3529 2612 inquit
3567 2536 3629 2598 ad

2050 2638 2409 2692 Christianum
2430 2650 2607 2689 sermo
2632 2633 2860 2697 divinus,
2892 2633 3027 2704 quod
3052 2633 3187 2688 Deus
3210 2651 3340 2688 unus
3361 2644 3456 2689 est.
3491 2634 3628 2688 Bene

2050 2730 2200 2800 facis.
2234 2726 2304 2780 Et
2352 2727 2608 2780 daemones
2644 2724 2874 2787 credunt,
2926 2733 2976 2776 et
3025 2726 3440 2778 contremiscunt.
3485 2725 3630 2779 Nun-

2049 2818 2177 2888 quid
2222 2819 2419 2872 erravit
2448 2817 2754 2887 Apostolus,
2789 2826 2844 2870 ut
2890 2817 3121 2871 hominis
3143 2816 3431 2872 Christiani
3473 2815 3625 2871 ﬁdem

2052 2907 2281 2963 (ltcmoni
2342 2907 2725 2977 compararet?
2799 2906 2914 2960 Non
2988 2907 3189 2975 utique.
3265 2906 3372 2961 Sed
3444 2916 3622 2962 osten-

2050 2999 2176 3055 dere
2230 2998 2356 3053 illud
2407 2996 2591 3053 volens
2635 2997 2780 3067 quod
2814 3014 2971 3068 supra
3000 2997 3197 3052 dictum
3219 3006 3319 3064 est,
3344 3000 3466 3067 quia
3514 3000 3626 3054 sine

368 3087 493 3145 Non
523 3091 707 3145 diiecta
753 3091 892 3164 (Ose.
931 3094 1076 3158 ιι,ἓό
1114 3092 1262 3147 liam.
1301 3111 1370 3159 lx,
1402 3093 1517 3164 9.5).
1559 3094 1626 3147 Et
1656 3096 1846 3150 iterum
1877 3097 1943 3151 ad
1973 3079 2017 3139 C
2050 3093 2301 3162 operibus
2347 3090 2503 3146 bonis
2556 3090 2683 3144 nihil
2726 3091 2822 3143 sibi
2851 3106 2945 3160 per
2976 3086 3093 3144 ﬁdei
3125 3084 3626 3176 superciliumusur.

366 3180 576 3236 Iudaeos
605 3182 748 3252 ipsos
774 3201 786 3236 :
828 3182 930 3237 Vos
949 3200 1051 3237 non
1080 3186 1202 3238 estis
1229 3186 1443 3254 populus
1472 3203 1631 3250 meus,
1662 3197 1712 3241 et
1730 3205 1822 3258 ego
1843 3206 1945 3242 non

366 3289 481 3326 sum
511 3273 648 3333 Deus
671 3283 831 3327 rester
852 3273 1035 3345 (Ibid,
1105 3275 1139 3345 ).
1174 3274 1282 3330 Cur
1318 3285 1495 3333 autem
1526 3279 1630 3333 hoc
1668 3278 1735 3333 de
1759 3280 1837 3333 eis
1864 3281 1945 3334 di-

365 3372 529 3428 ceret,
562 3365 675 3434 ipse
704 3366 826 3419 alibi
856 3366 1135 3420 evidenter
1179 3367 1430 3422 ostendit.
1489 3367 1580 3424 Sic
1606 3370 1802 3439 quippe
1830 3372 1902 3425 ait
1927 3388 1941 3424 :

363 3456 758 3530 Dereliquerunt
794 3475 973 3512 renum
1012 3476 1260 3531 aquarum
1315 3463 1614 3521 virentium,
1670 3463 1943 3517 Dominum

364 3547 497 3618 (Jer.
532 3566 658 3615 xvn,
692 3550 805 3621 15).
847 3550 914 3604 Et
942 3552 1173 3605 iterum:
1215 3552 1463 3619 Verbum,
1498 3555 1699 3624 inquit,
1736 3556 1943 3611 Domini

363 3638 702 3707 projecerunt,
743 3647 794 3691 et
831 3641 1085 3708 sapientia
1118 3641 1261 3693 nulla
1289 3652 1364 3694 est
1402 3644 1455 3695 in
1485 3644 1606 3695 illis.
1642 3644 1793 3709 Quod
1824 3647 1944 3714 qui-

361 3726 480 3780 dem
513 3728 675 3781 timeo
703 3730 806 3798 61
839 3745 906 3781 ne
955 3745 1062 3782 non
1111 3731 1280 3797 magis
1329 3740 1456 3787 tunc
1500 3733 1566 3787 de
1613 3736 1691 3788 eis
1720 3736 1821 3790 dici
1852 3752 1943 3806 po-

363 3816 562 3881 tuerit,
613 3832 773 3886 quam
819 3818 887 3871 de
934 3819 1088 3873 nobis
1135 3835 1278 3873 nunc
1318 3821 1420 3875 dici
1450 3826 1655 3892 possit:
1687 3828 1812 3896 quia
1841 3843 1941 3883 nec

362 3907 538 3961 verbis
566 3907 859 3963 Dominicis
904 3910 1336 3980 obtemperamus
1360 3955 1373 3977 ,
1421 3923 1475 3969 et
1503 3917 1595 3986 qui
1625 3919 1800 3973 verbis
1828 3920 1939 3976 Do—

362 3998 489 4050 mini
519 4015 625 4053 non
655 4001 1017 4070 obsequimur,
1068 4005 1384 4072 sapientiam
1426 4009 1665 4077 profecto
1695 4012 1747 4065 in
1787 4014 1941 4068 nobis

361 4092 575 4160 penitus
597 4107 703 4146 non
735 4093 1014 4147 habemus.
1055 4095 1165 4150 Nisi
1195 4096 1421 4154 fortasse
1443 4101 1708 4157 credimus
1735 4106 1942 4173 sapien-

361 4194 442 4238 ter
471 4200 570 4239 nos
610 4184 777 4239 Deum
824 4200 1110 4254 spernere,
1160 4200 1215 4242 et
1243 4190 1344 4245 hoc
1373 4191 1544 4261 ipsum
1570 4194 1712 4263 quod
1740 4193 1939 4249 Christi

360 4276 607 4330 mandata
637 4280 1047 4345 contemnimus,
1080 4298 1338 4335 summam
1370 4284 1707 4353 prudentiam
1726 4286 1939 4355 judica-

363 4385 500 4423 mus.
543 4369 634 4423 Est
664 4371 878 4440 quidem
928 4389 1087 4428 causa
1130 4392 1226 4429 cur
1252 4376 1355 4431 hoc
1382 4378 1452 4430 ita
1482 4380 1787 4435 existimare
1816 4398 1937 4436 cre-

2053 3201 2177 3254 pare
2206 3185 2447 3249 deberet,
2484 3194 2503 3219 ε
2531 3182 2728 3236 idcirco
2776 3182 2850 3235 ait
2903 3191 2957 3236 et
3002 3198 3031 3235 a
3087 3182 3416 3237 dznmouibus
3459 3183 3625 3238 Deum

2049 3276 2193 3332 credi
2221 3295 2232 3328 :
2258 3277 2461 3330 scilicet
2489 3281 2547 3329 ut
2573 3275 2711 3330 sicut
2731 3275 3020 3338 daemones,
3048 3290 3169 3329 cum
3193 3275 3356 3328 Deum
3386 3275 3627 3339 credant,

2052 3381 2226 3425 tamen
2252 3371 2303 3424 in
2332 3370 2683 3440 perversitate
2709 3367 3017 3437 perdurant,
3052 3368 3123 3421 ita
3151 3376 3200 3421 et
3233 3366 3493 3436 quosdam
3522 3368 3626 3421 ho-

2048 3463 2218 3515 mines
2271 3461 2421 3530 quasi
2467 3460 2834 3515 credulitatem
2865 3458 3245 3513 dxemoniaeam
3269 3458 3487 3521 habere,
3537 3460 3626 3527 qui

2047 3570 2166 3609 cum
2197 3569 2254 3607 se
2296 3553 2464 3608 Deum
2490 3552 2711 3607 credere
2742 3558 3006 3615 asserant,
3033 3559 3212 3604 tamen
3236 3566 3265 3605 a
3295 3551 3437 3605 malo
3458 3550 3627 3620 'opere

2049 3661 2153 3698 non
2201 3652 2431 3699 cessant.
2484 3644 2764 3712 Subjungit
2804 3651 2984 3697 autem
3030 3642 3096 3697 ad
3124 3643 3381 3713 pudorem
3411 3652 3463 3697 et
3493 3658 3625 3698 con-

2046 3734 2442 3789 demnationem
2472 3735 2747 3788 hominum
2776 3742 3140 3802 peccatorum,
3165 3749 3273 3787 non
3300 3734 3519 3788 credere
3546 3750 3625 3787 so-

2046 3826 2153 3880 lum
2185 3825 2455 3879 dmmones
2477 3825 2573 3878 Dei
2602 3840 2819 3889 nomen,
2850 3823 2945 3878 sed
2970 3824 3129 3878 etiam
3155 3824 3345 3878 timere
3390 3832 3446 3878 et
3493 3839 3624 3878 con-

2045 3917 2391 3970 tremiscere:
2450 3916 2552 3969 hoc
2592 3923 2674 3980 est
2720 3914 2899 3969 dicere
2928 3932 2941 3966 :
2972 3913 3108 3979 Quid
3163 3915 3255 3967 tibi
3283 3914 3556 3976 blandiris,
3589 3930 3623 3965 ο

2045 4007 2225 4065 homo,
2257 4006 2496 4074 quisquis
2526 4020 2602 4069 es,
2632 4003 2965 4069 credulitate,
2985 4018 3105 4072 qum
3126 4004 3240 4057 sine
3264 4004 3625 4071 timoreatquc

2045 4098 2304 4165 obsequio
2328 4097 2420 4151 Dei
2451 4095 2596 4150 nulla
2617 4096 2738 4150 est?
2768 4095 2965 4163 aliquid
2982 4096 3098 4165 plus
3112 4094 3381 4148 daemones
3405 4094 3624 4147 habent.

2047 4189 2125 4241 Tu
2155 4189 2296 4243 enim
2317 4203 2480 4242 unam
2509 4203 2620 4241 rem
2642 4187 2809 4241 habes
2836 4184 3224 4247 tantummodo,
3254 4185 3328 4237 illi
3361 4184 3512 4237 duas.
3544 4182 3623 4237 Tu

2044 4281 2411 4335 credulitatem
2441 4280 2625 4340 babes,
2656 4295 2762 4333 non
2788 4278 2953 4332 habes
2988 4278 3262 4340 timorem;
3295 4276 3368 4328 illi
3396 4276 3626 4329 creduli-

2045 4381 2210 4425 tatem
2255 4372 2455 4425 habent
2484 4372 2685 4441 pariter
2713 4378 2766 4423 et
2797 4369 3059 4422 timorem.
3093 4366 3229 4432 Quid
3257 4366 3469 4420 miraris
3497 4382 3628 4433 ergo

358 4457 566 4513 damur.
630 4460 758 4514 Nam
799 4469 948 4516 tanto
983 4480 1249 4517 consensu
1296 4481 1485 4520 omnes
1514 4478 1733 4535 peccata
1761 4471 1944 4540 sequi-

2053 4464 2087 4519 si
2119 4462 2409 4519 credimur?
2430 4461 2568 4527 Quid
2589 4461 2799 4515 miraris
2826 4460 2871 4514 si
2902 4460 3245 4527 castigamur,
3277 4458 3396 4512 siin
3421 4457 3509 4526 jus
3528 4458 3625 4512 ho-

360 4564 496 4615 mur,
535 4552 683 4618 quasi
727 4552 918 4607 summi
960 4552 1166 4606 consilii
1208 4554 1605 4623 conspiratione
1634 4573 1935 4626 peccemus.

360 4636 486 4702 Qua:
533 4655 651 4692 cum
695 4642 762 4693 ita
812 4641 951 4705 sint,
1001 4658 1119 4712 qua:
1166 4644 1305 4697 ratio
1352 4653 1518 4699 estut
1556 4647 1654 4716 ipsi
1679 4664 1779 4703 nos
1806 4648 1941 4706 falsa

360 4729 611 4797 opinione
661 4730 935 4795 fallamus,
986 4734 1354 4789 existimantes
1398 4736 1601 4793 scilicet
1628 4742 1751 4809 quia
1781 4740 1939 4797 Chri-

360 4821 518 4874 stiani
547 4836 663 4874 esse
692 4823 947 4890 dicamur,
991 4827 1134 4895 quod
1177 4828 1428 4897 opitulari
1454 4832 1606 4885 nobis
1636 4832 1775 4886 inter
1802 4837 1938 4891 mala

360 4925 478 4977 quae
506 4909 710 4976 agimus
738 4927 933 4966 nomen
962 4915 1158 4970 bonum
1187 4920 1373 4987 possit,
1406 4935 1525 4974 cum
1554 4920 1781 4992 Spiritus
1810 4942 1940 4981 san-

362 5010 476 5053 ctus
518 5016 618 5053 nec
671 4998 824 5053 iidem
870 5003 1086 5071 quidem
1126 5006 1267 5061 dicat
1294 5008 1600 5066 hominibus
1627 5011 1943 5073 Christianis

2045 4557 2206 4611 stium
2234 4555 2516 4619 tradimur,
2546 4554 2589 4609 si
2613 4554 2935 4608 inlirmiores
2964 4552 3211 4607 omnibus
3239 4552 3458 4606 sumus?
3503 4552 3576 4606 Si'
3597 4567 3627 4605 e

2046 4651 2273 4705 miseria:
2311 4656 2527 4712 postne,
2582 4648 2697 4702 sive
2742 4644 3098 4708 inﬁrmitates,
3145 4645 3258 4699 sive
3298 4644 3622 4703 eversiones,

2046 4744 2159 4797 sive
2199 4741 2535 4809 raytivitates
2583 4748 2637 4793 et
2667 4754 2805 4808 pene
2834 4738 3089 4806 improhre
3133 4736 3441 4792 servitutcs.
3475 4735 3626 4787 testi-

2050 4833 2229 4887 monia
2253 4839 2377 4884 sunt
2399 4831 2519 4883 mali
2544 4830 2682 4883 servi
2705 4837 2759 4884 et
2785 4829 2909 4884 boni
2936 4827 3157 4881 domini.
3196 4824 3475 4892 Quomodo
3500 4825 3621 4877 mali

2048 4924 2228 4979 servi?
2271 4923 2393 4991 quia
2441 4922 2634 4991 patior,
2679 4920 2883 4977 scilicet
2914 4920 2997 4974 vel
3028 4935 3094 4974 ex
3122 4926 3293 4989 parte,
3325 4917 3468 4986 quod
3515 4933 3626 4969 me-

2048 5033 2190 5072 reor.
2221 5015 2504 5082 Quomodo
2534 5015 2659 5069 boni
2689 5013 2929 5068 domini?
2953 5012 3077 5081 quia
3103 5010 3335 5065 ostendit
3364 5009 3491 5081 quid
3513 5023 3626 5062 me-

1542 5123 1879 5184 STEPllANl
1917 5132 2186 5189 BALUle
2224 5128 2449 5186 NOTAE.

433 5235 458 5264 ι
490 5226 661 5283 Locus
691 5237 772 5283 est
791 5225 1025 5283 Salviani
1050 5242 1117 5283 ex
1147 5229 1235 5283 lib.
1264 5247 1299 5285 ιι
1331 5232 1598 5290 Adversus
1621 5235 1932 5295 Avaritiam.

362 5297 515 5365 Quod
545 5309 719 5354 autem
752 5299 892 5353 hunc
939 5298 1113 5354 locum
1144 5301 1322 5356 laudet
1351 5303 1629 5360 Salvianus
1657 5307 1721 5361 iis
1762 5312 1940 5365 verbis

362 5384 482 5437 qua:
510 5370 746 5445 indicare
776 5370 1059 5445 videantth
1090 5370 1309 5427 alterius
1351 5373 1497 5428 illum
1525 5379 1800 5445 scriptoris
1824 5395 1941 5435 esse

364 5454 525 5512 quam
580 5438 834 5512 Salviaui,
875 5440 996 5512 hinc
1036 5439 1228 5494 factum
1287 5451 1344 5497 ut
1382 5438 1807 5512 pronuntiaverit
1854 5449 1940 5504 Pi-

368 5511 539 5585 sum-ns
567 5510 938 5585 dubitariqpn
959 5509 1238 5585 immerito
1257 5509 1435 5585 posse
1474 5530 1540 5568 an
1570 5515 1803 5572 Salviani
1834 5520 1942 5575 sint

370 5577 487 5654 libri
510 5590 740 5656 quatuor
760 5581 822 5656 :ni
848 5579 1137 5656 Ec..lcst_ant
1166 5577 1483 5656 catholicam
1513 5587 1696 5656 scripti
1724 5590 1822 5644 sub
1844 5607 1941 5645 no—

370 5647 513 5700 mine
552 5647 832 5705 Timothei.
891 5650 1003 5717 Qua
1031 5652 1094 5706 de
1139 5669 1195 5705 rc
1218 5654 1335 5707 vide
1380 5669 1498 5723 qua:
1528 5647 1664 5710 infra
1692 5658 1941 5717 dicuntur

2046 5242 2097 5295 in
2128 5241 2440 5295 orrcfatione
2467 5250 2651 5295 nostra
2681 5241 2745 5293 ad
2770 5239 2932 5294 libros
2962 5239 3097 5292 illos.

2045 5242 2097 5295 in
2128 5241 2440 5310 prrcfatione
2467 5250 2651 5295 nostra
2681 5241 2745 5293 ad
2770 5239 2932 5294 libros
2962 5239 3097 5292 illos.

2118 5311 2143 5350 ι’
2173 5313 2408 5367 Salvian.
2460 5312 2550 5366 lib.
2602 5327 2638 5365 ιι
2683 5310 2749 5363 ad
2796 5310 3088 5365 Ecclesiam
3136 5309 3482 5375 catholicam,
3515 5312 3629 5366 sive

2047 5383 2314 5437 Adversus
2344 5382 2654 5443 Avaritiam,
2690 5394 2807 5448 pag.
2836 5380 2959 5434 9.52.
3518 5424 3541 5435 ν

2120 5464 2141 5490 ε
2175 5451 2299 5506 Hcce
2328 5460 2410 5506 est
2431 5451 2588 5506 lectio
2617 5452 2815 5506 codicis
2834 5450 3191 5505 Corbeiensis.
3228 5449 3357 5504 Nam
3388 5449 3630 5505 Pithmus

2046 5522 2276 5576 habebat
2309 5540 2321 5574 :
2353 5521 2616 5590 Usurpare
2653 5520 2872 5574 deberet.
2907 5519 3111 5576 Idcirco
3141 5530 3310 5574 autem
3339 5538 3369 5573 a
3402 5522 3627 5575 dromon.

2049 5592 2215 5646 Nemo
2237 5608 2342 5645 non
2376 5591 2535 5651 videt,
2561 5591 2772 5661 opinor,
2798 5593 3066 5646 saniorem
3087 5606 3204 5647 esse
3228 5591 3511 5647 lectionem
3533 5605 3626 5645 co-

2045 5662 2180 5719 dicis
2208 5661 2569 5716 Corbeiensis.
