4006 6182
276 271 340 329 75
1347 263 1432 319 DE
1467 261 1992 320 GUBERNATIONE
2031 259 2140 316 DEI
2179 258 2303 315 LIB.
2347 259 2433 314 lV.
3468 248 3535 306 7‘

278 396 511 446 reamur,
533 379 636 434 etsi
667 395 773 434 non
804 378 1013 447 inrogat
1031 392 1147 446 quae
1170 390 1488 430 mereamur.
1541 373 1858 429 Clementis-
1887 379 1932 438 Α
1962 373 2194 455 animam
2239 385 2411 435 suam,
2465 384 2529 424 ac
2572 382 2669 438 per
2711 368 2815 422 hoc
2861 382 2967 420 non
2994 366 3126 420 satis
3152 380 3182 419 a
3204 365 3360 420 nobis
3386 378 3536 420 aecu-

278 476 410 530 sima
440 472 586 526 enim
635 486 699 525 ac
745 469 1122 538 benignissima
1150 467 1500 536 castigatione
1528 466 1730 521 mavult
1751 465 1858 536 63

280 583 377 621 nos
403 563 679 632 corrigere
704 576 862 631 quam
885 561 1081 631 perire.
1106 560 1215 614 Nos
1261 558 1543 628 siquidem,
1600 564 1861 627 quantum

280 657 347 711 ad
366 655 594 710 crimina
623 660 805 708 nostra
833 652 1085 721 pertinet,
1112 650 1397 705 letbalibus
1418 647 1693 718 suppliciis
1718 645 1861 714 digni

282 761 484 801 sumus.
516 742 624 799 Sed
653 740 743 796 ille
770 743 891 812 plus
912 741 1291 795 misericordia
1319 740 1556 794 tribuens
1583 753 1742 807 quam
1774 751 1863 792 se-

281 834 516 901 veritati,
541 826 744 889 mavult
771 850 869 889 nos
880 832 1160 887 clementis
1180 847 1420 886 censura:
1443 834 1865 899 temperamento

283 929 595 994 emendare,
626 942 789 996 quam
805 926 959 996 plaga
984 925 1142 993 justa:
1175 933 1198 961 ι
1227 922 1568 978 coercitionis
1598 918 1862 974 occidere.

284 1022 559 1087 ingratum
579 1017 737 1073 nobis
755 1031 875 1071 esse
903 1015 1045 1083 quod
1068 1013 1339 1078 caedimur,
1372 1013 1500 1087 satis
1526 1019 1706 1065 certus
1726 1022 1863 1072 sum;

285 1109 380 1165 sed
426 1108 556 1178 quid
601 1107 860 1160 miramur
887 1104 932 1157 si
978 1110 1264 1173 peccantes
1305 1118 1404 1156 nos
1431 1100 1573 1155 Deus
1601 1099 1863 1159 verberat,

287 1215 408 1254 enm
440 1198 540 1267 ipsi
573 1202 859 1266 peccantes
882 1193 1122 1249 servulos
1148 1190 1523 1246 verberemus?
1547 1188 1732 1258 lnjusti
1777 1187 1867 1254 ju-

287 1290 436 1344 dices
459 1301 642 1342 sumus
667 1302 679 1336 :
711 1282 1065 1339 homunculos
1087 1297 1185 1336 nos
1212 1280 1466 1350 flagellari
1501 1294 1530 1333 a
1553 1279 1663 1332 Deo
1716 1278 1871 1331 nolu-

288 1395 428 1443 mus,
447 1391 570 1432 cum
592 1375 691 1445 ipsi
708 1372 1031 1429 conditionis
1053 1380 1246 1427 nostra“:
1265 1370 1507 1425 homines
1524 1367 1866 1437 flagellemus.

290 1470 401 1526 Sed
430 1484 531 1524 nec
559 1468 727 1521 miror
746 1464 887 1534 quod
917 1472 1023 1518 tam
1051 1463 1216 1531 iniqui
1238 1463 1290 1516 in
1314 1462 1415 1516 hac
1439 1475 1498 1516 re
1528 1474 1729 1514 sumus.
1763 1457 1870 1511 Na—

292 1560 412 1616 tura
445 1561 498 1613 in
520 1557 674 1612 nobis
693 1564 749 1610 et
775 1544 1010 1624 nequitia
1036 1552 1245 1608 servilis
1276 1560 1376 1605 est.
1408 1551 1667 1605 Volumus
1706 1549 1873 1603 delin-

290 1668 481 1722 quere,
505 1658 562 1705 et
584 1647 833 1703 nolumus
853 1644 1143 1701 verberari.
1176 1643 1283 1714 Ipsi
1308 1643 1360 1695 in
1383 1642 1535 1696 nobis
1553 1654 1732 1694 mores
1751 1645 1874 1693 sunt

1962 463 2117 520 sandi
2143 469 2269 517 sunt
2286 462 2379 530 qui
2400 460 2582 515 divino
2605 473 2852 514 sermone
2878 465 3219 513 excusantur.
3252 454 3404 523 Quod
3444 471 3537 510 au-

1961 559 2071 607 tem
2100 551 2169 606 de
2200 551 2355 605 furtis
2374 564 2650 604 servorum
2674 547 2919 613 dicimus,
2947 547 3051 601 hoc
3079 547 3240 601 etiam
3269 545 3337 601 de
3381 544 3537 615 fuga;

1962 642 2127 695 immo
2156 639 2257 695 hoc
2278 639 2476 694 rectius
2502 638 2570 693 de
2594 636 2735 705 fuga,
2765 638 2891 707 quia
2915 635 2982 690 ad
3015 634 3190 704 fugam
3218 650 3406 691 servos
3433 649 3541 689 non

1962 729 2189 784 miseris:
2246 736 2473 790 tantum,
2529 726 2625 781 sed
2673 726 2833 780 etiam
2885 724 3145 793 supplicia
3192 723 3540 792 compellunt.

1967 820 2167 874 Pavent
2193 819 2393 888 quippe
2421 825 2651 879 actores,
2683 822 2880 885 pavent
2911 824 2934 851 α
2965 813 3308 876 silentiarios,
3349 822 3547 881 pavent

1965 922 2378 982 procuratores:
2408 924 2577 979 prope
2600 916 2657 963 ut
2685 909 2825 962 inter
2874 908 3006 962 istos
3045 921 3234 960 omnes
3279 906 3545 960 nullorum

1967 998 2143 1054 minus
2163 1000 2305 1053 servi
2333 999 2440 1052 sint
2467 1013 2625 1066 quam
2654 997 2993 1052 dominorum
3023 1010 3242 1051 suorum
3273 1014 3285 1048 :
3318 996 3385 1050 ab
3425 1010 3544 1050 om-

1970 1089 2125 1143 nibus
2153 1089 2446 1154 cazduntur,
2473 1090 2541 1143 ab
2567 1090 2817 1144 omnibus
2844 1095 3213 1144 conteruntur.
3266 1086 3406 1154 Quid
3434 1102 3549 1141 am-

1970 1176 2109 1250 plius
2136 1180 2240 1235 dici
2261 1181 2471 1249 potest?
2500 1179 2649 1234 Multi
2677 1194 2955 1235 servorum
2989 1178 3007 1217 τ
3040 1179 3110 1234 ad
3147 1178 3394 1233 dominos
3421 1193 3550 1233 suos

1971 1271 2303 1341 confugiunt,
2334 1271 2459 1325 dum
2479 1286 2769 1326 conservos
2792 1271 3000 1326 timent.
3037 1268 3187 1325 Unde
3228 1270 3438 1324 illorum
3466 1268 3550 1323 fu-

1971 1376 2092 1430 gam
2146 1376 2255 1415 non
2305 1369 2412 1414 tam
2461 1361 2528 1416 ad
2566 1376 2661 1416 eos
2688 1361 2947 1416 debemus
2970 1361 3172 1415 referre
3199 1360 3292 1429 qui
3320 1359 3546 1429 fugiunt.

1972 1465 2131 1520 quam
2176 1449 2241 1505 ad
2269 1466 2364 1505 eos
2407 1452 2498 1519 qui
2527 1450 2709 1520 fugere
2737 1451 3085 1521 compellunt.
3128 1450 3247 1504 Vim
3278 1451 3553 1520 patiuntur

1975 1541 2340 1597 infelicissimi.
2377 1542 2643 1597 Famulari
2685 1552 2897 1613 aptant,
2954 1552 3013 1598 et
3056 1542 3238 1610 fugere
3269 1551 3550 1611 coguntur.

1976 1633 2261 1689 Discedere
2290 1649 2320 1687 a
2349 1634 2573 1690 servitio
2593 1634 2932 1690 dominorum
2961 1651 3180 1690 suorum
3206 1636 3425 1690 omnino
3454 1650 3545 1689 no-

292 1743 462 1814 quiin
492 1738 717 1796 servulis
744 1736 980 1792 nostris:
1013 1749 1200 1790 omnes
1220 1734 1465 1789 volumus
1488 1733 1704 1801 impune
1749 1744 1876 1799 pec-
1908 1728 1948 1785 Il
1981 1725 2113 1788 lunt,
2170 1732 2225 1778 ct
2273 1740 2656 1780 conservorum
2709 1741 2928 1780 suorum
2956 1728 3269 1782 crudelitate
3299 1744 3403 1780 non
3430 1744 3555 1797 pcr-

291 1847 439 1885 care.
492 1829 751 1897 Denique,
804 1826 849 1880 si
896 1825 1147 1887 mentior,
1203 1830 1426 1877 cunctos
1458 1821 1699 1875 consulo.
1730 1818 1877 1886 Nego

296 1923 461 1975 ullum
484 1934 623 1984 esse,
650 1917 942 1986 quamlibet
982 1916 1159 1983 magni
1187 1913 1423 1968 criminis
1465 1927 1638 1974 reum,
1684 1910 1775 1980 qui
1820 1924 1878 1964 se

294 2010 608 2079 acquiescat
634 2007 829 2061 debere
858 2005 1113 2074 torqueri.
1140 2003 1274 2057 Hinc
1321 2017 1450 2072 ergo
1478 2000 1731 2071 cognosci
1783 2016 1879 2069 po-

294 2097 401 2154 test
428 2114 593 2169 quam
622 2098 801 2165 inique
829 2111 891 2151 ac
915 2094 1223 2165 pravissime
1265 2093 1384 2147 aliis
1424 2090 1745 2147 severissimi
1792 2102 1880 2144 su-

293 2208 437 2255 mus,
458 2190 617 2243 nobis
638 2185 1103 2254 indulgentissimi;
1127 2184 1243 2238 aliis
1263 2182 1458 2253 asperi,
1483 2182 1637 2236 nobis
1651 2179 1875 2233 remissi.

294 2272 356 2336 In
411 2279 608 2336 eodem
662 2278 886 2332 crimine
936 2276 1184 2345 punimus
1229 2274 1381 2339 alios,
1418 2287 1517 2327 nos
1537 2270 1876 2325 absolvimus.

294 2373 351 2426 in
363 2370 656 2425 tolerabilis
670 2382 892 2438 prorsus
912 2375 967 2420 et
986 2365 1333 2420 contumaciae
1358 2371 1411 2418 et
1436 2358 1877 2432 praesumptionis.

296 2462 410 2517 Nec
440 2473 738 2529 agnoscere
764 2446 1007 2511 volumus
1035 2456 1088 2509 in
1110 2455 1265 2509 nobis
1292 2460 1516 2519 reatum,
1548 2459 1603 2508 et
1627 2450 1884 2505 audemus

292 2552 368 2605 de
389 2551 511 2604 aliis
538 2561 801 2616 usurpare
834 2545 1109 2614 judicium.
1144 2543 1279 2611 Quid
1308 2558 1429 2597 esse
1456 2542 1701 2610 injustius
1732 2539 1886 2593 nobis

294 2649 395 2696 aut
412 2640 545 2710 quid
573 2639 879 2710 perversius
904 2639 1118 2707 potest?
1147 2636 1202 2691 ω
1231 2638 1403 2707 ipsum
1433 2637 1608 2691 scelus
1647 2636 1699 2690 in
1730 2634 1885 2689 nobis

293 2730 589 2803 probabile
613 2744 732 2784 esse
747 2725 1007 2790 ducimus,
1030 2725 1174 2795 quod
1202 2727 1255 2780 in
1276 2726 1395 2780 aliis
1414 2725 1749 2780 severissime
1770 2724 1886 2778 vin~

295 2823 567 2879 dicamus.
613 2819 682 2873 Et
716 2819 839 2875 ideo
891 2834 1000 2872 non
1054 2817 1170 2872 sine
1197 2831 1358 2873 causa
1381 2815 1449 2870 ad
1475 2831 1572 2870 nos
1597 2813 1887 2885 Apostolus

294 2916 541 2970 clamat:
573 2909 794 2981 Propter
821 2908 956 2981 quod
982 2906 1348 2962 inexcusabilis
1374 2923 1446 2971 es,
1478 2923 1507 2960 ο
1536 2906 1686 2960 homo
1721 2906 1887 2959 omnis

294 3010 381 3078 qui
397 3005 637 3078 judicas.
654 3002 719 3056 In
744 3018 842 3073 quo
870 3002 1006 3055 enim
1031 3000 1190 3054 alium
1210 3000 1440 3071 judicas,
1470 3007 1515 3052 te
1541 2997 1750 3070 ipsumb
1767 3012 1889 3052 con-

1978 1816 2261 1871 mittuntur
2281 1824 2340 1871 ut
2357 1816 2612 1872 serviant.
2663 1817 2948 1874 Mendaces
2974 1833 3188 1888 quoque
3216 1834 3334 1875 esse
3378 1821 3559 1876 dicun-

1979 1914 2084 1962 tur.
2116 1907 2197 1962 Λᾶ
2222 1907 2557 1964 mendacium
2596 1909 2944 1965 nihilominus
2967 1915 3071 1982 35
3102 1913 3384 1967 atrocitate
3429 1927 3559 1982 prtu-

1980 1998 2148 2052 sentis
2174 1998 2423 2068 supplicii
2448 2006 2808 2055 coarctantur.
2839 1999 3111 2071 Siquidem
3134 1999 3259 2054 dum
3282 2003 3560 2056 tormentis

1981 2106 2040 2146 se
2067 2091 2255 2145 volunt
2279 2091 2540 2157 eximere,
2570 2092 2923 2148 mentiuntur.
2954 2092 3091 2159 Quid
3144 2101 3321 2147 autem
3368 2094 3559 2148 mirum

1981 2188 2065 2235 est
2116 2181 2161 2235 si
2211 2181 2422 2252 positus
2462 2183 2515 2237 in
2545 2191 2691 2237 metu
2730 2197 2917 2238 servus
2936 2184 3150 2239 mentiri
3181 2186 3560 2255 mavultquam

1982 2271 2271 2351 flagellari?
2313 2273 2651 2329 Accusantur
2701 2277 2864 2329 etiam
2903 2276 3039 2342 gulae
3087 2285 3142 2331 et
3168 2277 3373 2331 ventris
3399 2276 3561 2331 avidi.

1984 2365 2092 2422 Nec
2119 2366 2223 2422 hoc
2251 2381 2447 2420 novum
2475 2375 2577 2421 est.
2611 2364 2778 2436 Magis
2802 2366 3068 2422 desidem!
3093 2370 3446 2433 saturitatem,
3473 2370 3563 2438 qui

1982 2460 2178 2515 famem
2201 2474 2341 2529 saepe
2362 2459 2628 2514 toleravit.
2660 2458 2765 2514 Sed
2794 2468 2933 2524 esto,
2965 2476 3071 2514 non
3101 2460 3339 2530 perferat
3369 2460 3393 2513 f
3422 2476 3559 2516 mem

1982 2551 2157 2621 panis,
2188 2549 2381 2605 famem
2407 2559 2554 2605 certe
2576 2550 2776 2620 perfert
2801 2551 3144 2618 deliciarum;
3176 2561 3232 2607 et
3262 2553 3381 2608 ideo
3415 2554 3566 2622 igne.

1985 2641 2238 2695 scendum
2267 2648 2350 2695 est
2369 2641 2413 2695 si
2441 2640 2650 2695 avidius
2677 2642 2880 2710 expetit
2904 2641 3049 2710 quod
3078 2643 3125 2696 ei
3143 2642 3344 2711 jngiter
3389 2643 3563 2698 deest.

1987 2728 2069 2784 Tu
2088 2744 2217 2786 vero
2244 2730 2457 2794 nobilis,
2484 2738 2542 2785 tu
2564 2741 2693 2786 vero
2720 2731 2887 2796 dives,
2911 2733 3001 2801 qui
3026 2740 3053 2780 8
3077 2733 3395 2788 immanibus
3408 2735 3568 2789 bonis

1986 2820 2181 2887 affluis,
2211 2824 2302 2892 qui
2331 2823 2434 2879 hoc
2462 2824 2578 2893 ipso
2600 2824 2764 2878 Deum
2785 2825 2983 2880 sanctis
3017 2826 3269 2896 operibus
3298 2827 3566 2882 honorare

1985 2913 2106 2985 plus
2129 2914 2295 2971 debes
2313 2915 2459 2983 quod
2486 2913 2761 2972 beneﬁciis
2782 2915 2920 2969 illius
2940 2917 3057 2971 sine
3097 2919 3396 2973 cassatione
3451 2934 3568 2989 per-

1991 3002 2218 3071 frueris;
2248 3005 2526 3061 videamus
2543 3007 2587 3060 si
2617 3012 2786 3072 actus,
2820 3023 2926 3060 non
2956 3006 3077 3061 dico
3106 3017 3340 3074 sanctos,
3364 3010 3461 3066 sed
3484 3011 3569 3066 vel

296 3097 558 3160 damnas;
599 3093 775 3147 eadem
815 3093 949 3146 enim
983 3093 1097 3162 agis
1130 3106 1243 3162 qua:
1273 3089 1482 3161 judicas
1521 3087 1697 3161 (Rom.
1729 3104 1785 3154 ιι,
1816 3086 1892 3158 l).
1920 3084 1965 3146 C
1998 3095 2246 3151 innoxios
2291 3096 2477 3151 habes.
2518 3095 2588 3150 Et
2638 3097 2776 3166 quis,
2810 3104 2869 3151 ut
2894 3099 3138 3167 superius
3166 3099 3295 3166 dixi,
3325 3100 3568 3169 divitum,

366 3186 463 3240 lll.
498 3184 605 3239 Sed
629 3198 736 3238 non
758 3181 968 3248 eadem,
992 3181 1162 3249 inquit
1189 3179 1379 3249 aliquis
1401 3195 1468 3234 ex
1487 3178 1756 3242 divitibus,
1781 3194 1889 3232 non

297 3277 496 3331 eadem
526 3288 625 3328 nos
654 3273 858 3341 agimus
878 3286 996 3340 qua:
1018 3271 1160 3325 servi
1189 3278 1371 3339 agunt.
1412 3269 1492 3323 Ex
1536 3269 1706 3325 servis
1747 3268 1891 3323 enim

298 3367 450 3424 fures
478 3383 542 3421 ac
571 3364 777 3434 fugitivi
805 3372 947 3426 sunt,
981 3376 1048 3418 ex
1077 3363 1246 3418 servis
1273 3362 1407 3430 gula:
1434 3377 1498 3417 ac
1526 3362 1701 3416 ventri
1745 3360 1889 3429 jugi-

301 3469 384 3515 ter
410 3458 737 3514 servientes.
767 3456 962 3511 Verum
990 3463 1071 3510 est
1098 3468 1218 3510 esse
1242 3455 1358 3510 haec
1385 3454 1514 3507 vitia
1542 3452 1652 3525 64
1703 3456 1889 3507 servo-

302 3567 444 3605 rum.
481 3548 590 3604 Sed
628 3547 781 3618 plura
810 3554 994 3601 tamen
1035 3554 1161 3600 sunt
1187 3561 1252 3600 ac
1294 3544 1498 3615 majora
1531 3542 1888 3606 dominorum,

303 3641 558 3711 quamvis
587 3654 695 3692 non
717 3636 976 3692 omnium.
1000 3636 1313 3706 Excipiendi
1332 3636 1477 3691 enim
1504 3634 1718 3706 quidam
1746 3641 1889 3699 sunt,

302 3729 399 3784 sed
428 3726 745 3799 paucissimi
770 3744 784 3778 :
814 3741 951 3797 quos
978 3725 1101 3780 ideo
1130 3741 1236 3779 non
1282 3726 1521 3789 nomino,
1552 3739 1620 3779 ne
1648 3740 1756 3779 non
1785 3731 1894 3779 tam

303 3836 402 3874 eos
451 3815 785 3873 nominando
818 3814 1056 3878 laudare,
1088 3830 1247 3884 quam
1276 3815 1410 3883 alios
1436 3830 1544 3870 non
1568 3813 1895 3869 nominando

303 3912 499 3966 videar
524 3910 817 3981 publicare.
867 3908 945 3963 Ac
970 3906 1202 3977 primum
1236 3904 1396 3973 servi,
1421 3907 1467 3963 si
1487 3908 1630 3963 fures
1654 3914 1796 3969 sunt,
1827 3905 1897 3960 ad

305 4000 601 4055 furandum
649 3999 871 4056 forsitan
924 4005 1164 4066 egestate
1207 4005 1506 4067 coguntur:
1539 3997 1662 4065 quia
1686 3997 1896 4051 etiamsi

303 4094 389 4145 eis
418 4090 690 4160 stipendia
741 4091 934 4145 usitata
979 4097 1316 4158 praestentur,
1366 4087 1738 4145 consuetudini
1785 4089 1898 4144 haec

306 4184 489 4252 magis
509 4197 670 4251 quam
694 4179 1027 4238 sufficientius
1054 4182 1417 4248 satisfaciunt;
1450 4191 1503 4238 et
1532 4183 1604 4237 ita
1627 4194 1648 4221 ε
1673 4182 1899 4252 implent

306 4287 583 4327 canonem
624 4273 768 4341 quod
815 4288 922 4327 non
969 4273 1187 4343 explent
1214 4274 1544 4338 satietatem;
1592 4288 1656 4328 ac
1677 4288 1773 4342 per
1795 4273 1901 4328 hoc

306 4363 531 4433 culpam
558 4362 727 4431 ipsam
752 4363 933 4433 inopia
952 4364 1129 4420 minus
1147 4364 1465 4434 culpabilem
1495 4363 1641 4429 facit,
1671 4365 1795 4433 quia
1811 4379 1899 4419 ex-

1989 3190 2188 3259 prmter
2206 3199 2429 3255 paucos,
2464 3200 2572 3241 non
2599 3187 2808 3241 cunctis
2836 3187 3147 3244 criminibus
3175 3188 3402 3245 infectus
3453 3192 3573 3246 est?

1989 3273 2058 3329 Et
2083 3275 2229 3344 quod
2251 3289 2452 3345 paucos
2479 3276 2709 3346 excipio,
2732 3277 2937 3331 utinam
2966 3279 3144 3349 plures
3182 3288 3341 3349 atque
3387 3296 3572 3336 omnes

1991 3366 2164 3436 excipi
2205 3366 2419 3421 liceret!
2439 3364 2597 3420 Salus
2623 3374 2740 3421 erat
2768 3367 3026 3433 omnium,
3069 3370 3376 3425 innocentia
3405 3370 3572 3441 pluri-

1990 3468 2220 3508 morum.
2264 3452 2449 3522 Neque
2494 3468 2595 3522 ego
2635 3471 2775 3510 nunc
2810 3455 2879 3511 de
2916 3457 3027 3513 ullo
3066 3458 3208 3524 dico,
3257 3461 3357 3514 nisi
3396 3460 3464 3515 de
3504 3476 3572 3517 eo

1991 3551 2199 3597 tantum
2238 3543 2331 3612 qui
2369 3544 2422 3597 in
2463 3558 2523 3600 se
2569 3542 2622 3598 id
2669 3544 2814 3613 quod
2856 3544 2978 3601 dico
3023 3562 3143 3604 esse
3182 3551 3477 3618 cognoscit.
3510 3550 3568 3605 Si

1993 3637 2135 3689 enim
2154 3642 2307 3689 extra
2329 3635 2711 3691 conscientiam
2731 3650 2884 3690 suam
2906 3645 3032 3691 sunt
3053 3652 3404 3708 quaecumque
3429 3640 3569 3705 dico,

1994 3739 2330 3794 nequaquam
2373 3725 2441 3780 ad
2481 3725 2729 3794 injuriam
2776 3726 2893 3796 ejus
2930 3736 3177 3799 spectant
3214 3738 3408 3785 cuncta
3455 3744 3574 3799 qua:

1995 3815 2135 3871 dico.
2177 3814 2234 3870 Si
2261 3822 2440 3871 autem
2477 3816 2531 3869 in
2574 3830 2636 3872 se
2673 3831 2794 3872 esse
2831 3818 2979 3874 novit
3013 3832 3134 3887 quae
3161 3818 3371 3890 loquor,
3406 3834 3512 3875 non
3541 3834 3574 3875 a

1995 3919 2115 3961 mea
2150 3905 2252 3960 sibi
2288 3904 2394 3960 hoc
2434 3904 2614 3974 lingua
2638 3906 2743 3961 dici
2782 3908 3032 3970 aestimet,
3062 3907 3157 3963 sed
3186 3924 3216 3962 a
3243 3908 3574 3964 conscientia

1997 4010 2113 4049 sua.
2136 3994 2213 4051 Ac
2240 3995 2471 4065 primum
2494 4003 2552 4049 ut
2576 3994 2644 4051 de
2670 3997 2812 4051 vitiis
2834 3997 3116 4053 servilibus
3140 3998 3334 4064 dicam,
3359 4000 3403 4053 si
3434 3998 3573 4067 fugi-

1997 4086 2138 4164 tivus
2157 4094 2239 4140 est
2257 4100 2464 4151 servus,
2489 4085 2741 4156 fugitivus
2761 4103 2820 4143 es
2839 4088 3003 4144 etiam
3025 4096 3080 4143 tu
3101 4088 3252 4144 dives
3271 4105 3335 4145 ae
3356 4090 3568 4144 nobilis.

1998 4173 2196 4231 Omnes
2221 4177 2364 4230 enim
2397 4176 2683 4232 Dominum
2710 4193 2865 4232 suum
2897 4178 3124 4247 fugiunt,
3154 4180 3245 4248 qui
3274 4178 3445 4248 legem
3469 4180 3577 4235 Do-

1999 4268 2130 4321 mini
2157 4266 2552 4335 derclinquunt.
2578 4266 2713 4333 Quid
2739 4281 2888 4335 ergo,
2913 4267 3078 4333 dives,
3104 4269 3292 4339 culpas
3310 4270 3363 4324 in
3384 4273 3576 4325 servo?
3646 4330 3652 4337 κ

1999 4357 2104 4412 hoc
2129 4355 2263 4412 facis
2287 4356 2430 4425 quod
2463 4364 2519 4411 et
2553 4357 2659 4411 ille.
2709 4357 2802 4413 Ille
2842 4356 3096 4428 fugitivus
3123 4368 3208 4416 est
3243 4360 3445 4415 domini
3468 4362 3573 4425 sui,

307 4453 572 4509 cusabilis
598 4451 724 4508 furti
745 4469 867 4509 reus
894 4463 977 4509 est
1002 4456 1095 4524 qui
1120 4456 1187 4509 ad
1217 4456 1412 4511 {unum
1441 4458 1559 4525 cogi
1588 4457 1798 4512 videtur
1816 4457 1900 4511 in-
1932 4442 1980 4502 D
2004 4458 2058 4503 et
2093 4455 2151 4501 tu
2189 4448 2285 4501 tai.
2316 4447 2424 4502 Sed
2452 4448 2555 4502 hoc
2578 4448 2894 4517 culpabilior
2920 4456 2976 4503 tu
3000 4464 3158 4518 quam
3186 4450 3294 4514 ille,
3326 4451 3451 4519 quia
3488 4451 3577 4506 ille

307 4546 483 4602 ritus.
506 4544 638 4599 Nam
660 4554 715 4600 et
741 4545 1014 4616 Scriptura
1035 4548 1392 4603 ecclesiastica
1429 4547 1582 4616 quasi
1629 4547 1898 4603 subexcu—

306 4651 443 4691 ειη
468 4633 861 4705 quodammodo
891 4637 1205 4692 miscrorum
1228 4639 1464 4692 omnium
1494 4654 1661 4692 noxas
1693 4638 1903 4694 videtur

309 4727 508 4782 dicens
551 4742 565 4778 :
616 4723 742 4779 Non
779 4726 991 4797 grandis
1036 4735 1113 4781 est
1158 4728 1324 4797 culpa
1376 4743 1489 4781 cum
1539 4729 1652 4797 quis
1700 4731 1902 4799 furatus

308 4818 527 4888 fuerit:
571 4818 775 4887 furatur
813 4818 947 4870 enim
985 4826 1043 4869 ut
1086 4820 1388 4872 esurientem
1430 4819 1639 4889 intpleat
1676 4821 1904 4873 animam

316 4905 505 4975 ξΡνου.
529 4921 602 4972 v1,
628 4904 744 4975 ὅθ).
773 4903 801 4943 ἀ
834 4904 893 4961 ln
941 4904 1247 4963 Salomone.
1301 4907 1534 4963 Furatur
1584 4916 1642 4963 ut
1689 4909 1904 4978 expleat

2004 4530 2136 4610 fugit
2159 4539 2377 4595 forsitan
2405 4540 2606 4594 malum
2638 4540 2937 4608 dominum,
2964 4550 3020 4597 et
3048 4550 3106 4597 tu
3131 4543 3351 4597 bonum.
3386 4543 3578 4599 incon-

2006 4634 2286 4687 tinentiam
2313 4646 2527 4701 quoque
2547 4632 2749 4687 ventris
2772 4620 3010 4687 in‘servo
3029 4634 3226 4701 arguis.
3251 4632 3307 4688 In
3337 4634 3429 4688 illo
3458 4649 3576 4688 rara

2007 4734 2090 4782 est
2128 4741 2224 4797 per
2261 4725 2626 4791 indigentiam,
2670 4724 2724 4778 in
2766 4731 2820 4778 te
2862 4723 3173 4792 quotidiana
3215 4739 3312 4795 per
3344 4726 3577 4796 cOpiam.

2013 4817 2170 4872 Vides
2189 4829 2317 4884 ergo
2336 4816 2631 4886 apostolica
2659 4814 2925 4870 sententia
2947 4821 3002 4869 te
3029 4815 3368 4885 potissimum
3392 4817 3583 4872 verbe-

2009 4907 2136 4973 rari,
2181 4907 2349 4961 immo
2397 4913 2451 4961 te
2494 4906 2686 4971 solum,
2729 4903 2856 4981 quia
2900 4903 2955 4960 in
2999 4919 3108 4975 quo
3154 4904 3316 4963 alium
3352 4906 3580 4976 judicas,

1497 5021 1835 5079 STEPHANI
1871 4994 2143 5078 BALUZII
2176 5017 2401 5073 nom.

393 5119 424 5145 ι
453 5108 633 5163 Codex
660 5108 921 5176 Colbert.,
950 5113 1221 5166 toertionis
1246 5106 1492 5167 inridere.

389 5179 423 5216 1³
452 5179 527 5232 Ita
548 5194 770 5243 prorsus
820 5184 993 5236 codex
1028 5181 1367 5237 Corbeiensis
1406 5190 1461 5237 et
1487 5184 1746 5243 Colbcrt.,
1776 5197 1898 5238 cum

308 5249 491 5323 editio
532 5249 757 5323 Pithmi
787 5251 1008 5323 haberet
1044 5252 1287 5323 judicas.‘
1319 5253 1670 5307 Existimabat
1719 5261 1898 5308 autem

310 5320 713 5393 Rittershusius
747 5321 832 5375 hic
861 5320 1141 5393 legendum
1172 5337 1290 5377 esse
1321 5323 1651 5377 condemnas.
1688 5323 1902 5393 Repetit

308 5388 469 5460 infra
483 5387 765 5443 Salvianus
786 5387 1025 5460 pagf65,
1058 5393 1145 5445 66.

393 5469 421 5532 ἢ
454 5459 506 5532 id
534 5468 638 5532 est,
667 5460 990 5532 stipendium
1015 5464 1154 5532 quol
1182 5461 1353 5516 servis
1385 5460 1499 5516 dari
1528 5462 1825 5516 consuevit.

391 5529 423 5564 ⁸³
454 5527 626 5583 Verba
649 5527 791 5602 _b:cc
820 5527 1064 5585 videntur
1103 5547 1222 5586 esse
1259 5531 1546 5601 superflua,
1588 5540 1646 5602 et
1691 5534 1904 5602 sapiunt

306 5601 610 5669 glossema.
642 5598 843 5671 Verum
873 5609 1084 5655 exstant
1124 5604 1173 5655 in
1214 5598 1461 5655 omnibus
1488 5601 1718 5671 antiquis
1754 5598 1903 5656 codi-

311 5668 484 5725 cibus
506 5679 558 5722 et
587 5668 930 5722 editionibus.

616 5765 886 5824 Ριτιιοι.
938 5762 1094 5823 ιιιι.

2076 5118 2101 5149 ο
2130 5108 2401 5164 Admonet
2440 5107 2827 5164 Rittershusius
2853 5108 2959 5165 hoc
3000 5107 3123 5165 loco
3151 5107 3460 5167 Salvianum
3503 5111 3583 5166 in-

2005 5196 2173 5237 nuere
2209 5178 2477 5248 quoddam
2521 5194 2801 5235 servorum
2846 5193 3014 5251 genus
3058 5180 3151 5248 qui
3180 5182 3586 5251 compescenda:

2004 5263 2393 5320 conservorum
2408 5265 2639 5320 suorum
2675 5250 2973 5320 garrulitati
3003 5251 3274 5320 praepositi
3303 5257 3478 5315 erant,
3508 5252 3577 5304 si-

2005 5319 2237 5375 lentiarii
2263 5318 2509 5374 videlicet
2534 5319 2604 5374 ob
2630 5319 2734 5374 hoc
2759 5318 2883 5375 dicti
2910 5318 3053 5388 quod
3081 5318 3351 5375 silentium
3373 5321 3586 5376 caeteris

2006 5393 2352 5446 imperarent.

2132 5458 2349 5531 Juretus
2376 5458 2429 5512 in
2465 5457 2820 5531 Miscellaneis
2869 5457 2936 5513 ad
2985 5458 3363 5531 Symmachum
3404 5456 3496 5531 lib.
3529 5470 3583 5526 x,

2008 5531 2183 5602 epist._
2200 5528 2283 5593 lt),
2309 5531 2585 5602 contendit
2606 5529 2888 5602 legendum
2915 5528 3109 5602 esse',ga
3137 5529 3357 5602 dominis
3385 5529 3513 5602 suis.

2082 5610 2108 5649 α
2138 5597 2265 5653 Ηεοο
2290 5606 2373 5652 est
2418 5599 2576 5653 lectio
2605 5597 2723 5653 libri
2764 5597 3119 5654 Corbeiensis.
3169 5598 3508 5653 Colbertinus
3535 5607 3589 5655 et

2012 5670 2297 5733 editiones,
2328 5666 2579 5722 omnibus.
2963 5676 2968 5681 ‘

3098 5762 3140 5820 3
