4006 6182
419 272 488 327 75
1358 273 1418 329 ’8.
1456 270 1768 326 SALVIANI
1813 270 2269 326 MASSILIENSIS
2308 272 2728 328 PRESBYTERI
3620 278 3690 330 76

423 387 762 456 temetipsum
812 383 1152 441 condemnas.
1197 384 1306 456 66
1337 384 1537 438 Eadem
1566 386 1706 439 enim
1738 386 1851 452 agis
1882 399 2000 453 quae
2031 390 2075 444 Α
2103 400 2166 438 ac
2191 396 2335 440 metu
2365 387 2583 450 mortis;
2611 387 2661 440 in
2692 386 2942 440 divitibus
2966 384 3198 451 assidua,
3233 399 3328 455 spe
3359 400 3421 444 ac
3444 396 3466 424 ⁸
3494 387 3688 444 ﬁducia

414 478 624 549 jndicas
666 497 676 534 :
720 479 881 532 immo
930 492 1036 531 non
1089 476 1295 541 eadem,
1340 475 1432 530 sed
1481 476 1685 546 majora
1728 477 1896 530 multo
1939 491 2001 530 ac

417 569 696 638 nequiora.
729 565 786 620 in
820 567 910 621 illo
939 567 1138 636 quippe
1167 567 1327 620 etiam
1367 566 1766 635 infrequentem
1795 567 2001 620 ventris

417 656 878 728 intemperantiam
907 657 1082 726 punis,
1102 665 1158 710 et
1181 665 1236 710 tu
1262 655 1473 711 assidua
1505 656 1772 710 cruditate
1801 656 2003 710 disten-

414 749 580 804 deris.
598 747 818 802 Furtum
841 762 1076 816 quoque,
1105 756 1355 816 utputas,
1382 748 1576 802 servile
1591 748 1775 802 vitium
1805 758 1904 803 est.
1938 747 2002 801 Et

416 848 475 894 tu
487 839 705 904 furtum,
724 839 891 903 dives,
908 836 1057 904 facis,
1075 839 1292 906 quando
1309 854 1337 891 a
1367 839 1480 893 Deo
1503 840 1666 893 vetita
1690 839 1998 908 pncsumis:

414 945 605 986 omnes
623 930 886 999 siquidem
902 927 1041 984 furta
1063 928 1281 994 faciunt,
1297 930 1388 998 qui
1407 930 1610 984 inlicita
1637 931 1996 984 committunt.

485 1022 574 1078 IV.
614 1023 722 1079 Sed
745 1023 872 1093 quid
897 1037 998 1091 ego
1035 1031 1142 1076 tam
1177 1023 1382 1076 minute
1427 1030 1482 1076 et
1521 1023 1675 1091 quasi
1713 1022 2002 1090 allegorice

415 1112 486 1169 de
509 1113 611 1170 hoc
632 1113 840 1181 loquor,
873 1128 988 1169 cum
1011 1111 1340 1166 facinoribus
1363 1113 1716 1181 apertissimis
1736 1129 1842 1166 non
1865 1112 2001 1166 furta

416 1211 623 1258 tantum
655 1202 897 1268 divitum,
930 1203 1024 1258 sed
1052 1203 1332 1256 latrocinia
1373 1204 1828 1273 comprobentur?
1859 1204 2005 1270 Quo-

419 1305 505 1349 tus
525 1295 750 1364 quisque
774 1295 915 1349 enim
939 1293 1094 1362 juxta
1115 1293 1334 1348 divitem
1366 1310 1473 1348 non
1497 1310 1702 1364 pauper
1722 1305 1744 1332 ³·
1770 1306 1859 1350 aut
1881 1305 2001 1350 actu

419 1398 512 1441 aut
539 1395 680 1441 statu
723 1388 840 1441 est?
873 1386 1146 1457 Siquidem
1179 1386 1587 1454 pervasionibus
1615 1395 2003 1456 prmpotcntum

419 1487 512 1532 aut
547 1493 642 1532 sua
681 1477 927 1532 homines
969 1477 1241 1542 imbecilli,
1283 1484 1376 1531 aut
1411 1478 1573 1532 etiam
1612 1493 1671 1532 se
1708 1479 1853 1549 ipsos
1879 1496 2000 1533 cum

417 1569 529 1623 suis
554 1570 756 1639 pariter
789 1569 1061 1623 amittunt.
1099 1567 1169 1622 Ut
1197 1584 1304 1623 non
1333 1568 1602 1623 immerito
1631 1569 1698 1623 de
1762 1573 2003 1638 utrisque

419 1659 665 1727 personis
704 1674 858 1712 sacer
897 1673 1076 1712 sermo
1115 1665 1350 1712 testatus
1400 1658 1471 1712 sit
1516 1657 1700 1712 dicens
1735 1677 1746 1711 :
1788 1658 2003 1712 Venatio

2090 479 2454 547 impunitatis.
2488 479 2594 532 Nisi
2629 477 2764 532 forte
2788 479 2952 547 iniqui
2974 494 3175 544 sumus,
3199 478 3305 534 hoc
3324 479 3469 548 quod
3489 479 3688 536 divites

2095 564 2302 623 faciunt
2330 569 2396 622 ad
2427 576 2702 638 peccatum
2734 566 3034 632 referendo,
3066 568 3188 637 quia
3224 567 3301 622 illi
3328 584 3451 623 cum
3483 567 3503 609 ί
3537 571 3688 626 oeci-

2103 659 2236 713 dunt
2264 661 2506 714 servulos
2530 675 2676 722 suos,
2705 659 2792 728 jus
2813 668 3002 727 putant
3029 674 3166 722 esse,
3201 675 3308 714 non
3329 659 3553 717 crimen.
3579 660 3691 718 Nec

2103 751 2206 806 hoc
2235 750 2428 815 solum,
2461 751 2554 804 sed
2577 750 2765 804 eodem
2798 751 3075 819 privilegio
3101 750 3264 804 etiam
3293 749 3347 804 in
3376 751 3689 807 exercendo

2103 842 2448 912 impudicitia:
2477 858 2634 898 emno
2681 843 2989 896 abutuntur.
3025 842 3232 907 Quotus
3272 843 3416 896 enim
3461 844 3690 913 quisque

2103 942 2185 986 est
2231 931 2452 986 divitum
2483 933 2735 987 connubii
2789 939 3122 984 sacramenta
3153 946 3496 998 conservans,
3529 949 3689 1002 quem

2106 1041 2210 1078 non
2239 1023 2469 1077 libidinis
2497 1024 2646 1077 furor
2667 1024 2841 1092 rapiat
2869 1024 2920 1076 in
2943 1039 3200 1093 pneceps,
3228 1024 3312 1079 cui
3357 1040 3466 1081 non
3497 1026 3690 1082 domus

2104 1129 2167 1168 ac
2198 1111 2394 1166 familia
2414 1129 2510 1167 sua
2540 1121 2776 1168 scortum
2806 1113 2891 1176 sit,
2924 1124 2977 1166 et
3004 1113 3096 1181 qui
3121 1130 3245 1177 non,
3281 1114 3332 1166 in
3364 1129 3685 1183 quamcum-

2104 1220 2207 1273 que
2223 1219 2506 1273 personam
2523 1203 2824 1273 cupiditatis
2847 1203 3100 1272 improbae
3115 1203 3262 1257 calor
3271 1201 3520 1271 traxerit,
3547 1221 3688 1262 meu-

2105 1295 2174 1349 tis
2201 1303 2458 1362 sequatur
2487 1295 2784 1348 insaniam?
2813 1294 3104 1347 secundum
3133 1293 3261 1347 illud
3289 1295 3492 1350 scilicet
3541 1298 3686 1365 quod

2107 1385 2173 1438 de
2221 1385 2416 1440 talibus
2459 1385 2586 1438 dicit
2632 1399 2807 1440 sermo
2838 1383 3083 1438 divinus:
3117 1381 3252 1454 Equi
3291 1386 3606 1440 insanientes
3634 1389 3688 1442 in

2106 1479 2328 1550 feminas
2369 1479 2494 1550 facti
2534 1487 2653 1531 sunt
2686 1475 2816 1546 (Jer.
2842 1493 2892 1539 v,
2927 1475 3005 1546 8).
3035 1474 3168 1541 Quid
3193 1476 3332 1530 enim
3357 1477 3499 1530 aliud
3529 1493 3688 1547 quam

2105 1565 2173 1622 de
2202 1582 2260 1622 se
2286 1567 2485 1621 dictum
2515 1566 2617 1620 hoc
2643 1566 2854 1635 probat,
2887 1565 2978 1632 qui
3009 1571 3182 1618 totum
3235 1565 3530 1634 pervadere
3578 1567 3691 1623 vult

2105 1657 2394 1712 concubitu
2440 1656 2697 1727 quidquid
2755 1655 3089 1724 concupierit
3143 1655 3398 1724 aspectu?
3439 1655 3568 1709 Nam
3621 1656 3690 1712 de

419 1750 603 1813 leonis,
630 1765 823 1819 onager
841 1750 894 1801 in
917 1765 1086 1801 eremo
1109 1765 1126 1800 :
1153 1749 1229 1801 sic
1257 1763 1450 1818 pascua
1477 1757 1595 1801 sunt
1625 1747 1838 1801 divitum
1867 1766 2000 1818 pau-
2039 1753 2080 1812 Β
2105 1748 2418 1804 concubinis
2439 1748 2711 1816 quippiam
2732 1747 2835 1801 dici
2860 1745 3079 1800 forsitan
3107 1747 3271 1802 etiam
3291 1747 3547 1816 iujustum
3569 1763 3689 1804 esse

421 1853 564 1907 peres
595 1835 779 1907 (Eccli.
813 1853 925 1902 xm,
956 1835 1069 1907 ‘25).
1103 1836 1354 1904 Quamvis
1385 1837 1719 1910 tyrannidem
1736 1839 1872 1894 hanc
1894 1856 2000 1894 non

421 1941 684 1997 pauperes
726 1935 954 1992 tantum,
995 1927 1088 1982 sed
1125 1943 1262 1998 pene
1295 1929 1618 1983 universitas
1646 1931 1882 2000 patiatur
1911 1946 2004 1999 ge-

421 2019 566 2072 neris
591 2017 827 2070 humani.
853 2017 989 2084 Quid
1012 2026 1092 2074 est
1112 2019 1253 2072 enim
1276 2018 1419 2073 aliud
1439 2019 1671 2087 dignitas
1695 2021 2001 2076 sublimium

419 2120 582 2174 quam
609 2107 934 2176 proscriptio
961 2108 1255 2175 civitatum,
1289 2120 1381 2164 aut
1410 2109 1536 2178 quid
1567 2104 1710 2164 aliud
1739 2125 2003 2180 quorum-

419 2199 541 2253 dam
575 2213 712 2268 quos
753 2207 927 2265 taceo,
958 2197 987 2236 ι’
1027 2198 1342 2268 przefectura
1385 2215 1546 2269 quam
1590 2201 1803 2271 prteda?
1847 2203 2003 2258 Nulla

419 2291 681 2361 siquidem
746 2291 920 2361 major
975 2293 1425 2362 pauperculorum
1482 2303 1566 2349 est
1629 2294 1998 2365 depOpuiatio,

419 2396 585 2451 quam
614 2389 876 2452 potestas.
908 2381 985 2438 Ad
1013 2382 1117 2438 hoc
1145 2383 1285 2438 enim
1320 2393 1342 2423 ο
1374 2384 1550 2440 honor
1577 2400 1605 2439 a
1637 2387 1821 2456 paucis
1866 2388 2003 2442 emi-

419 2481 523 2536 tur,
557 2480 617 2526 ut
641 2478 956 2527 cunctorum
986 2472 1287 2526 vastatione
1307 2472 1564 2528 solvatur.
1589 2473 1708 2540 Quo
1738 2475 1864 2544 quid
1885 2491 2004 2532 esse

420 2561 706 2629 indignius,
755 2561 884 2630 quid
911 2561 1144 2630 iniquius
1172 2563 1386 2630 potest?
1417 2561 1665 2616 Reddunt
1712 2564 1891 2618 miseri
1919 2565 2003 2619 di-

419 2651 682 2719 gnitatum
731 2651 900 2719 pretia
951 2665 1085 2720 quas
1114 2665 1221 2705 non
1247 2659 1450 2706 emunt.
1479 2650 1874 2707 Commercium
1904 2669 2003 2708 ne-

423 2741 616 2807 sciunt,
649 2749 704 2794 et
745 2740 1070 2795 solutionem
1097 2741 1292 2795 sciunt.
1341 2739 1410 2794 Ut
1449 2741 1606 2810 pauci
1651 2741 2002 2808 illustreutur,

421 2831 653 2885 mundus
679 2831 956 2884 evertitur.
995 2829 1160 2885 Unius
1188 2830 1380 2896 honor,
1414 2830 1560 2885 orbis
1603 2831 1870 2889 excidium
1899 2842 2000 2887 est.

419 2921 663 2991 [ictuque
701 2921 878 2976 sciunt
903 2921 1006 2976 hoc
1055 2919 1340 2991 Hispanite,
1383 2922 1578 2990 quibus
1605 2922 1778 2978 solum
1809 2939 2004 2978 nomen

419 3012 665 3067 relictum
696 3020 799 3066 est.
829 3009 855 3048 ά
891 3010 1080 3066 Sciunt
1118 3010 1327 3077 Afriae,
1376 3026 1496 3081 quae
1544 3011 1777 3068 fuerunt.
1817 3013 2006 3069 Sciunt

2107 1837 2370 1903 videatur,
2399 1839 2523 1908 quia
2553 1839 2656 1892 hoc
2686 1838 2738 1891 in
2784 1837 3192 1906 comparatione
3236 1853 3394 1907 supra
3419 1837 3683 1894 dictorum

2106 1929 2426 1994 flagitiorum
2457 1928 2609 1997 quasi
2637 1942 2805 1997 genus
2834 1936 2916 1981 est
2943 1928 3226 1993 castitatis,
3269 1928 3525 1983 uxoribus
3553 1944 3689 2000 pau-

2105 2019 2184 2074 cis
2212 2033 2331 2074 esse
2359 2027 2693 2081 contentum,
2725 2024 2778 2070 ct
2809 2017 2945 2070 intra
2995 2025 3200 2072 certum
3254 2017 3538 2086 conjugum
3593 2034 3691 2071 nu-

2104 2125 2312 2166 merum
2359 2107 2541 2164 frenos
2589 2107 2869 2162 libidinum
2899 2108 3196 2162 continere.
3228 2104 3527 2176 Conjugum
3557 2108 3689 2173 dixi,

2105 2200 2229 2269 quia
2276 2199 2341 2253 ad
2390 2206 2595 2253 tantam
2641 2213 2730 2253 res
2773 2197 3158 2268 impudentiam
3185 2198 3354 2262 venit,
3386 2205 3445 2251 ut
3473 2197 3690 2252 ancillas

2105 2306 2228 2346 suas
2257 2290 2412 2344 multi
2433 2304 2629 2343 uxores
2656 2296 2865 2358 putent.
2893 2287 3066 2356 Atque
3095 2287 3297 2340 utinam
3335 2287 3473 2341 sicut
3500 2295 3689 2356 putan-

2104 2392 2193 2438 tur
2220 2397 2338 2438 esse
2359 2382 2512 2452 quasi
2539 2382 2813 2450 conjuges,
2849 2379 2918 2433 ita
2949 2379 3077 2434 solae
3114 2377 3442 2433 haberentur
3465 2379 3686 2433 uxores!

2103 2477 2216 2548 68
2240 2475 2371 2531 illud
2399 2475 2568 2544 magis
2595 2482 2792 2529 tetrum
2832 2489 2894 2529 ac
2941 2471 3276 2537 detestabile,
3305 2471 3449 2540 quod
3472 2473 3690 2540 quidam

2105 2568 2443 2622 matrimonia
2475 2569 2738 2622 honorata
2767 2565 2962 2629 sortiti,
2997 2565 3129 2618 alias
3176 2563 3277 2617 sibi
3324 2577 3535 2616 rursum
3573 2577 3690 2616 ser-

2105 2658 2226 2713 vilis
2248 2667 2418 2712 status
2439 2657 2699 2726 .coujugcs
2719 2663 2956 2720 sumunt,
2982 2653 3344 2710 deformantes
3371 2652 3538 2706 sancti
3561 2667 3693 2707 con-

2107 2750 2254 2805 nubii
2283 2749 2542 2804 honorem
2590 2763 2687 2817 per
2715 2745 2997 2814 degeneris
3043 2742 3380 2798 contubernii
3410 2742 3690 2808 vilitatem,

2109 2855 2216 2895 non
2237 2839 2615 2894 erubescentes
2643 2837 2865 2890 maritos
2887 2851 2944 2889 se
2973 2835 3089 2889 fieri
3110 2834 3422 2888 ancillarum
3449 2849 3686 2896 suarum,

2106 2933 2503 3004 przecipitantes
2544 2930 2752 2998 fastigia
2805 2929 3061 2984 nobilium
3117 2925 3580 2980 matrimoniorum
3638 2924 3690 2981 iu

2109 3025 2303 3080 cubilia
2352 3025 2583 3080 obscena
2638 3036 2912 3077 servarum
2945 3019 3124 3090 :digni
3147 3034 3368 3090 prorsus
3394 3018 3555 3072 etiam
3584 3015 3690 3071 illa-

421 3100 607 3157 δεηίω
633 3102 942 3166 densum:
973 3101 1065 3156 sed
1107 3117 1215 3156 ιιοη
1260 3102 1328 3156 ab
1365 3104 1634 3169 omnibus.
1684 3113 1740 3160 θι
1786 3105 1908 3160 ideo
1947 3105 2000 3159 ίη
2030 3118 2075 3181 C
2105 3131 2223 3171 rum
2263 3124 2426 3181 statu,
2457 3129 2683 3185 quarum
2723 3127 2782 3168 se
2810 3118 3000 3182 putant
3019 3111 3208 3180 dignos
3238 3125 3361 3165 esse
3390 3109 3687 3164 consortio.

422 3193 755 3262 paucissimis
769 3192 943 3247 adhuc
955 3192 1162 3262 angulis
1174 3193 1258 3248 vel
1277 3201 1492 3248 tenuem
1507 3195 1749 3264 spiritum
1765 3203 2002 3265 agentes,

423 3284 546 3354 quia
585 3299 676 3340 eas
720 3283 988 3338 interdum
1016 3299 1312 3354 paucorum
1358 3277 1638 3354 integritas
1688 3286 1836 3353 aluit,
1875 3301 2008 3358 quas

422 3377 710 3433 multorum
740 3379 924 3448 rapina
947 3377 1212 3433 vacuavit.

494 3465 560 3523 V.
611 3467 717 3524 Sed
765 3468 975 3537 evagati
1013 3467 1224 3536 longius
1269 3483 1476 3534 sumus,
1507 3468 1612 3538 67
1641 3467 1830 3525 dolore
1853 3486 2007 3526 com-

426 3561 581 3632 pulsi.
623 3559 786 3628 Ergo,
831 3569 889 3614 ut
927 3560 997 3615 ad
1047 3561 1325 3630 superiora
1366 3559 1668 3622 redeamus,
1699 3561 1825 3630 quid
1851 3562 2006 3615 estin

427 3668 536 3723 quo
581 3668 691 3708 non
732 3652 1017 3708 servilibus
1067 3653 1212 3706 vitiis
1251 3651 1416 3705 etiam
1443 3652 1654 3706 nobiles
1679 3653 2004 3722 polluantur,

429 3747 532 3801 nisi
585 3747 722 3801 forte
769 3746 890 3800 ideo
937 3745 1062 3814 quia
1109 3745 1198 3798 illa
1241 3759 1360 3812 quze
1386 3743 1440 3797 in
1466 3745 1637 3799 servis
1663 3754 1883 3814 peccata
1909 3761 2009 3814 pu-

429 3839 598 3903 niunt,
647 3837 748 3907 ipsi
776 3837 929 3906 quasi
957 3837 1102 3893 licita
1142 3837 1519 3892 committunt?
1542 3836 1783 3906 Denique
1812 3837 1879 3891 ad
1913 3837 2010 3892 has

427 3932 790 4002 pervasiones,
818 3945 972 4000 quas,
1005 3937 1063 3985 ut
1089 3943 1252 4000 supra
1271 3930 1400 3994 dixi,
1441 3929 1650 3984 nobiles
1676 3938 1860 3998 agunt,
1893 3945 2009 3985 ser-

429 4037 526 4079 vus
551 4033 652 4075 nec
679 4019 918 4091 aspirare
937 4019 1285 4090 permittitur.
1315 4019 1572 4087 Quamvis
1596 4020 1843 4074 mentiar.
1879 4019 2009 4088 Qui-

426 4112 548 4166 dam
570 4108 714 4166 enim
732 4125 799 4166 ex
818 4109 987 4166 servis
1012 4109 1219 4164 nobiles
1237 4107 1382 4175 facti,
1408 4117 1501 4165 ant
1518 4110 1669 4182 paria
1691 4119 1785 4165 aut
1805 4112 2006 4182 majora

427 4201 687 4258 fecerunt.
717 4199 828 4256 Sed
852 4201 957 4258 hoc
983 4208 1162 4256 tamen
1190 4198 1443 4272 imputari
1471 4201 1640 4258 servis
1669 4216 2009 4274 nequaquam

426 4296 625 4363 potest,
646 4291 791 4362 quod
809 4290 1126 4362 quibusdam
1146 4291 1356 4349 servilis
1379 4291 1617 4348 conditio
1646 4299 1751 4345 tam
1783 4291 2011 4350 feliciter

427 4383 606 4442 (uestiit.
637 4382 936 4440 Homicidia
960 4399 1175 4454 quoque
1203 4383 1257 4438 in
1284 4383 1454 4439 servis
1481 4398 1601 4438 rara
1629 4391 1770 4452 sunt,
1804 4391 2012 4442 terrore

2178 3205 2262 3261 Vl.
2296 3207 2412 3261 Non
2431 3206 2615 3260 dubito
2636 3221 2704 3259 ex
2726 3205 2789 3258 iis
2810 3204 3065 3273 plurimos
3086 3202 3177 3272 qui
3199 3211 3290 3256 aut
3310 3210 3433 3256 sunt
3456 3201 3683 3260 nobiles.

2107 3305 2202 3352 aut
2228 3296 2397 3351 videri
2427 3295 2632 3350 nobiles
2659 3293 2865 3355 volunt,
2888 3293 3120 3362 superbe
3158 3300 3214 3346 et
3233 3298 3585 3360 aspernanter
3611 3305 3694 3344 ac-

2105 3389 2307 3460 cipere,
2337 3385 2480 3456 quod
2503 3385 2628 3440 dum
2657 3383 3060 3440 consideramus
3088 3382 3203 3437 haec
3232 3381 3354 3435 talia
3384 3394 3502 3449 quae
3527 3378 3694 3434 locuti

2107 3493 2309 3541 sumus,
2330 3477 2504 3530 minus
2525 3472 2814 3542 ﬂagitiosos
2834 3472 3062 3526 diximus
3086 3486 3272 3526 servos
3291 3472 3548 3540 quosdam
3574 3484 3692 3524 esse

2106 3584 2268 3639 quam
2284 3569 2546 3623 dominos.
2570 3565 2676 3621 Sed
2698 3579 2819 3631 cum
2846 3563 2951 3618 hoc
2967 3577 3067 3631 ego
3099 3577 3204 3616 non
3227 3560 3294 3615 de
3315 3561 3582 3624 omnibus,
3597 3558 3691 3614 sed

2108 3659 2176 3714 de
2201 3659 2284 3713 bis
2303 3658 2395 3726 qui
2418 3658 2554 3711 tales
2581 3663 2705 3710 sunt
2731 3652 3150 3724 przedicaverim,
3175 3652 3352 3706 nullus
3383 3649 3536 3704 irasci
3575 3665 3693 3705 om-

2110 3749 2238 3804 nino
2267 3748 2426 3803 debet
2461 3746 2552 3815 qui
2590 3759 2929 3814 nequaquam
2958 3758 3016 3798 se
3045 3742 3206 3797 talem
3236 3757 3355 3797 esse
3382 3740 3690 3810 cognoscit;

2111 3849 2138 3889 8
2160 3853 2226 3894 ne
2246 3840 2350 3895 hoc
2373 3839 2488 3908 ipso
2509 3837 2652 3907 quod
2675 3836 2938 3897 irascitur,
2965 3834 3032 3888 de
3055 3843 3195 3889 coetu
3220 3831 3452 3902 ipsorum
3477 3845 3592 3886 esse
3614 3829 3695 3884 vi-

2108 3931 2313 3987 deatur.
2347 3928 2483 3995 Quin
2506 3929 2684 3999 potius
2703 3926 3024 3994 quicumque
3039 3939 3105 3978 ex
3127 3922 3392 3977 nobilibus
3416 3920 3530 3975 haec
3551 3919 3692 3973 male

2109 4023 2350 4086 horrent,
2385 4017 2539 4074 irasci
2569 4015 2763 4070 talibus
2789 4013 3013 4078 debent,
3043 4011 3187 4082 quod
3212 4009 3534 4066 facinoribus
3571 4023 3692 4064 sor-

2111 4109 2399 4167 didissimis
2425 4107 2716 4162 nobilitatis
2753 4117 2953 4158 nomen
2992 4100 3250 4156 infament
3280 4117 3294 4153 :
3325 4099 3447 4170 quia
3487 4098 3613 4154 licet
3636 4099 3692 4154 bi

2111 4201 2202 4270 qui
2232 4199 2365 4254 tales
2387 4205 2510 4253 sunt
2530 4210 2744 4250 omnem
2773 4200 2996 4263 gravent
3023 4191 3274 4262 populum
3304 4189 3689 4255 Christianum,

2110 4291 2414 4363 specialiter
2447 4297 2624 4343 tamen
2662 4287 2782 4341 illos
2819 4283 3064 4339 sordibus
3099 4283 3209 4337 suis
3247 4281 3508 4352 polluunt,
3549 4271 3693 4350 quo?

2113 4399 2230 4439 rum
2244 4397 2373 4454 pars
2397 4393 2517 4438 esse
2543 4379 2808 4435 dicuntur.
2826 4375 3068 4432 Diximus
3095 4374 3273 4444 itaque
3292 4372 3502 4429 nobiles
3528 4388 3691 4444 quos-

1532 4544 1542 4554 .
1597 4494 1935 4554 STEPHANI
1972 4495 2244 4555 BALUZII
2279 4492 2508 4554 ΝΟΤᾸΞ.

499 4607 534 4670 ιλ
555 4595 678 4670 Haec
706 4592 866 4670 laetio
897 4589 1009 4646 visa
1037 4595 1121 4670 est
1155 4587 1337 4670 sanior
1363 4601 1526 4670 quam
1552 4584 1852 4670 Pithasana,
1881 4606 2001 4660 quae
2031 4597 2078 4654 D
2102 4599 2257 4670 quant
2281 4583 2656 4662 quodammodo
2685 4581 2948 4658 violenter.
2999 4581 3131 4638 Vide
3169 4580 3274 4639 hoc
3314 4579 3436 4638 loco
3481 4579 3688 4636 Ritter-

430 4670 506 4724 sic
526 4666 688 4721 habet
719 4682 732 4716 :
759 4659 955 4725 Quotus
993 4660 1202 4733 quisque
1223 4659 1356 4733 enim
1392 4657 1548 4728 juxta
1569 4656 1781 4733 divitem
1808 4656 2002 4733 pauper

431 4746 519 4790 aut
543 4737 767 4788 intactus
793 4740 881 4786 aut
910 4726 1043 4786 tutus
1083 4726 1192 4783 est?
1233 4726 1480 4782 Nostram
1518 4726 1736 4799 adjuvat
1777 4726 1922 4799 quod
1947 4729 2004 4784 in

431 4821 528 4860 ora
573 4803 864 4858 Pithteante
887 4800 1142 4856 editionis
1171 4806 1483 4853 annotatum
1513 4804 1596 4849 est
1616 4797 1741 4852 alibi
1773 4797 1894 4866 legi,
1917 4816 2000 4853 au-

429 4885 540 4930 ctus
568 4881 656 4925 aut
676 4880 912 4925 statutus.
937 4869 1064 4936 Quae
1091 4877 1174 4924 est
1201 4869 1360 4923 lectio
1391 4866 1591 4922 codicis
1619 4866 1930 4923 Colbertini.

501 4943 530 4983 ι’
555 4941 808 4996 Sidonius
851 4941 944 4996 lib.
975 4956 1010 5004 ι,
1055 4941 1209 5010 epist.
1258 4939 1307 5004 7,
1350 4937 1416 4992 de
1446 4936 1695 4992 Arvando
1735 4937 2000 5010 loquens:

434 5013 808 5083 Prafecturam
853 5012 1072 5081 primam
1097 5010 1393 5080 gubernavit
1421 5023 1534 5083 cum
1574 5024 1768 5083 magna
1791 5009 2008 5083 popula-

433 5078 604 5148 ritate,
627 5078 1249 5154 con’sequentemquecum
1290 5079 1518 5154 magima
1540 5078 1887 5154 papulatione.
1923 5078 2010 5132 Vi-

432 5157 499 5209 de
529 5147 740 5209 rursum
765 5147 1012 5206 eumdem
1030 5147 1316 5218 Sidonium
1345 5148 1435 5202 lib.
1469 5164 1522 5212 li,
1542 5147 1707 5218 epist.
1744 5147 1791 5218 i.

509 5236 534 5264 ο
563 5222 654 5277 Sic
674 5220 1015 5277 innocentius
1038 5217 1125 5282 ιν,
1155 5218 1207 5270 in
1229 5217 1454 5286 epistola
1483 5217 1678 5288 scripta
1709 5217 1774 5272 ad
1803 5217 2010 5273 archie-

437 5296 715 5365 piscopum
737 5290 1135 5365 Narbonensem
1155 5294 1210 5341 ct
1230 5287 1292 5365 ad
1311 5287 1616 5365 episcopum
1634 5287 2007 5365 licleneusem,

436 5357 557 5436 qua:
577 5357 718 5417 edita
734 5357 1174 5442 estinadditione
1191 5357 1255 5440 ad
1280 5367 1437 5479 caput
1461 5357 1525 5409 l7
1549 5358 1638 5410 lib.
1665 5374 1754 5440 vni
1775 5358 1842 5412 de
1863 5358 2007 5440 Qun-

437 5433 618 5479 mmlin
642 5431 925 5479 sacerdotii
953 5436 1008 5479 et
1047 5444 1254 5479 unnern
1289 5446 1299 5478 :
1385 5436 1596 5479 eruntur
1621 5438 1773 5479 etiam
1803 5428 2007 5479 auidum

437 5426 620 5490 cordia
642 5430 925 5487 sacerdotii
953 5436 1008 5484 et
1046 5427 1254 5498 imperii
1289 5446 1299 5478 :
1339 5426 1596 5481 Feruntur
1621 5429 1773 5481 etiam
1803 5428 2009 5498 quidam

438 5522 548 5560 esse
587 5503 792 5567 Ballivi,
831 5501 1110 5573 praepositi,
1156 5508 1206 5552 et
1239 5498 1480 5573 apiriam
1521 5515 1692 5573 eorum
1730 5498 2011 5573 qu_i__inu_l.'o

441 5574 645 5628 charitts
675 5567 949 5629 solito'sua'
980 5578 1154 5625 emunt
1187 5567 1374 5638 o/ﬁCia,
1413 5584 1554 5638 spem
1586 5567 1898 5638 damnabilis
1935 5567 2009 5621 lu-

441 5645 514 5697 cri
537 5655 777 5711 ponentes
803 5646 853 5696 in
874 5643 1089 5697 servitiis
1117 5655 1203 5694 seu
1220 5636 1578 5711 exactionibus
1598 5655 1712 5711 qua:
1749 5636 1812 5690 ab
1840 5637 2014 5691 Eccieo

446 5709 555 5778 siis,
583 5714 865 5767 hominibus
893 5728 1086 5778 earum,
1119 5720 1168 5763 et
1196 5711 1424 5785 personis
1469 5709 1822 5762 ecclesiastica
1851 5719 2014 5764 extor-

2108 4663 2524 4782 81lgsliiantidscio
2562 4739 2628 4779 an
2650 4723 2858 4792 uspiam
2887 4721 3014 4777 alibi
3041 4720 3228 4792 Alrica
3253 4719 3469 4792 dicatur
3499 4720 3564 4792 in
3583 4735 3685 4792 nu-

2109 4811 2261 4854 mero
2287 4796 2499 4873 plurali.
2529 4793 2635 4850 Sed
2657 4787 3078 4873 salvianus,_qui
3105 4790 3308 4846 sciebat
3334 4805 3428 4873 sex
3448 4791 3514 4873 _in
3538 4787 3683 4844 Afri-

2111 4884 2172 4924 ca
2202 4859 2506 4949 provincias
2525 4878 2664 4946 esse,
2685 4862 2890 4949 plurali
2917 4859 3020 4917 sibi
3048 4875 3272 4916 numero
3301 4859 3559 4917 utendum
3584 4875 3687 4931 pu-

2113 4933 2244 4992 tavit
2269 4946 2327 4990 ut
2356 4950 2542 4990 omnes
2564 4933 2906 5002 significaret.

2187 5018 2210 5046 ο
2241 5007 2421 5077 Lupus
2439 4996 2800 5077 AEerrariensis
2829 5001 2881 5055 in
2912 4999 3049 5077 libro
3074 4998 3140 5052 de
3167 4997 3336 5054 tribus
3363 4996 3686 5077 Qutestioni:

2111 5079 2213 5132 bus
2241 5068 2360 5146 pag.
2389 5074 2497 5146 ’210
2531 5092 2542 5126 :
2578 5073 2708 5143 Spes
2749 5071 3068 5146 impunitatis
3104 5085 3293 5146 magna
3331 5078 3407 5123 est
3443 5068 3688 5140 peccandi

2110 5139 2366 5201 illecebra.
2400 5144 2532 5199 Vide
2559 5139 2677 5212 quze
2705 5157 2803 5195 nos
2822 5139 3362 5212 illicannotavimus.

2187 5215 2205 5254 ί
2239 5217 2349 5271 Sibi
2380 5216 2522 5270 enim
2551 5207 2601 5267 id
2631 5214 2791 5267 licere
2815 5209 3017 5264 domini
3048 5209 3308 5278 putabant
3334 5215 3557 5278 prepter
3580 5207 3685 5278 vim

2112 5286 2393 5356 potestatis
2446 5283 2647 5356 herilis,
2699 5289 2757 5356 u_t
2803 5277 3238 5356 pluribus_docet
3281 5277 3684 5356 Rittershusius.

2113 5345 2280 5411 Aliter
2309 5354 2580 5418 Germani,
2613 5345 2749 5421 apud
2772 5345 2925 5419 quos,
2958 5356 3016 5402 ut
3044 5347 3258 5401 Tacitus
3279 5349 3484 5410 scribit,
3523 5345 3691 5400 uerbe-

2111 5444 2229 5480 rare
2278 5441 2476 5480 servum
2529 5439 2588 5477 ac
2643 5421 2858 5476 vinculis
2895 5429 2945 5473 et
2995 5433 3148 5487 opere
3201 5433 3458 5482 coercere,
3499 5428 3688 5487 ratum.

2121 5496 2364 5550 Occidere
2391 5495 2574 5556 solent,
2625 5508 2726 5546 non
2775 5486 3049 5558 disciplina
3077 5494 3124 5558 et
3153 5489 3438 5551 severitate,
3481 5486 3570 5540 sed
3595 5488 3691 5540 im-

2118 5575 2236 5637 petu
2250 5576 2313 5637 _et
2343 5567 2442 5637 ira,
2464 5573 2519 5617 ut
2540 5563 2820 5637 inimicum,
2852 5556 2952 5613 nisi
2982 5556 3117 5630 quod
3144 5559 3368 5637 impune.

2192 5644 2216 5678 β
2247 5626 2461 5689 Tacitus
2492 5651 2504 5685 :
2539 5629 2679 5684 Nam
2708 5647 2820 5702 qua:
2866 5626 3038 5702 spreta
3067 5627 3380 5692 exolescunt,
3416 5627 3464 5679 si
3489 5626 3690 5679 irascao

2123 5725 2195 5772 re,
2228 5711 2402 5780 agnita
2429 5706 2474 5758 vi
2480 5703 2573 5756 den
2583 5711 2678 5754 tur.
