4006 6182
249 333 318 391 'n
1327 325 1412 385 ne
1447 326 1972 387 accensuros}:
2011 330 2124 386 υει
2161 329 2285 385 us.
2322 329 2408 384 Iv.
3434 290 3504 384 is

247 445 364 500 dam
390 455 512 497 esse
539 439 710 495 servis
732 437 1044 494 deteriores.
1067 438 1306 494 Diximus
1333 439 1512 509 utique
1541 448 1595 494 et
1622 441 1824 510 impro-
1853 448 1904 506 Α
1929 441 2089 496 modo
2109 440 2233 495 mali
2262 455 2381 496 esse
2402 447 2683 508 coguntur,
2709 454 2774 493 ne
2798 439 2929 495 viles
2949 439 3264 495 habeantur.
3289 436 3357 493 Et
3385 440 3505 494 ideo

247 539 494 594 babiliter
533 534 784 599 diximus,
814 532 916 587 nisi
943 531 1088 600 quod
1131 531 1362 587 diximus
1387 534 1816 603 comprobamus.

244 627 382 683 Ecce
408 626 554 680 enim
582 625 654 679 ab
681 624 786 698 hoc
823 623 1028 677 scelere
1052 622 1136 676 vel
1178 623 1411 678 maximo
1455 638 1624 693 prope
1652 623 1826 678 onmls

248 731 526 775 servorum
568 729 824 771 numerus
851 714 1098 768 immunis
1125 721 1224 769 est.
1255 713 1522 784 Numquid
1549 715 1691 768 enim
1730 713 1828 767 ali-

249 810 364 881 quis
399 823 465 862 ex
493 807 666 862 servis
692 806 877 861 turbas
904 805 1320 860 concubinarum
1363 805 1544 870 habet,
1574 803 1828 872 numquid

250 901 538 956 multarum
559 913 788 954 uxorum
811 898 933 952 labe
961 897 1232 966 polluitur,
1265 904 1320 951 et
1346 912 1536 950 canum
1561 895 1646 950 vel
1673 911 1828 950 suum

250 1007 400 1046 more
430 994 609 1044 tantas
628 994 782 1058 putat
808 987 1060 1055 conjuges
1080 1003 1204 1062 suas
1224 1001 1362 1052 esse,
1388 994 1616 1055 quantas
1638 993 1830 1056 potue-

249 1083 320 1137 rit
345 1081 554 1136 libidini
595 1079 916 1148 subjugare?
947 1090 970 1114 ⁸
1010 1077 1112 1132 Sed
1150 1077 1461 1146 responderi
1489 1077 1736 1132 videlicet
1762 1077 1828 1131 ad

251 1173 362 1229 lucc
397 1181 600 1242 potest,
638 1170 782 1240 quod
810 1170 984 1224 facere
1008 1169 1176 1223 servis
1204 1169 1302 1223 ista
1351 1184 1458 1222 non
1486 1168 1665 1223 liceat.
1697 1167 1831 1222 Nam

251 1263 492 1334 profecto
513 1261 772 1324 facerent,
793 1259 836 1314 si
857 1259 1058 1314 liceret.
1083 1257 1275 1314 Credo.
1304 1258 1408 1313 Sed
1437 1273 1554 1327 quas
1581 1258 1694 1313 ﬁeri
1724 1275 1831 1313 non

252 1353 433 1415 video,
462 1351 613 1422 quasi
643 1349 782 1405 facta
818 1349 1018 1404 habere
1046 1365 1152 1403 non
1200 1365 1436 1418 possum.
1471 1349 1498 1388 ι)
1529 1349 1833 1415 Quamlibet

251 1441 398 1496 enim
419 1442 528 1511 69
553 1441 605 1494 in
633 1440 712 1494 eis
738 1438 992 1508 improba:
1019 1449 1246 1500 mentes,
1265 1439 1553 1508 quamlibet
1571 1442 1725 1496 malae
1741 1454 1833 1494 cu-

253 1531 506 1602 piditates
519 1529 831 1594 sint,nullus
845 1543 939 1598 pro
967 1542 1034 1582 eo
1061 1528 1206 1596 quod
1239 1544 1345 1583 non
1376 1528 1607 1582 admittit
1631 1529 1834 1583 scelere

253 1619 492 1691 punitur.
519 1618 684 1672 Malos
705 1632 823 1672 esse
842 1632 1025 1672 servos
1045 1631 1108 1672 ac
1121 1617 1462 1673 detestabiles
1479 1618 1609 1672 satis
1628 1626 1832 1672 certum

250 1719 357 1766 est.
389 1709 496 1764 Sed
532 1709 637 1763 hoc
663 1707 846 1776 utique
884 1708 1097 1775 ingenui
1125 1721 1189 1762 ac
1214 1708 1421 1762 nobiles
1465 1708 1632 1776 magis
1676 1721 1832 1761 exse-

1929 547 2036 588 non
2064 533 2178 586 sine
2197 547 2357 587 causa
2387 530 2676 600 Apostolus
2703 529 2897 584 clamat
2925 548 2936 582 :
2965 529 3223 584 chulum
3253 538 3414 585 totum
3451 530 3530 582 in‘

1930 622 2067 676 malo
2093 624 2312 692 positum
2339 629 2417 675 est
2437 620 2478 691 (l
2499 619 2654 675 Joan.
2685 636 2736 682 v,
2764 617 2872 689 l9).
2901 618 2969 672 Et
2991 635 3174 674 verum
3194 628 3295 674 est.
3318 618 3508 676 Merito

1931 714 2073 767 enim
2103 722 2271 767 totum
2300 727 2418 766 esse
2447 712 2499 765 in
2528 712 2670 765 malo
2699 710 2911 775 dicitur,
2941 711 3028 764 ubi
3058 711 3182 766 boni
3207 712 3381 767 locum
3408 711 3502 766 ha-

1930 807 2060 861 bere
2101 823 2208 861 non
2249 813 2492 876 possunt.
2523 804 2797 872 Siquidem
2823 805 2892 857 ita
2935 812 3106 858 totum
3145 803 3508 874 iniquitatibus

1931 897 2149 967 plenum
2175 904 2275 960 est,
2317 904 2374 949 ut
2403 903 2494 948 aut
2520 895 2646 948 mali
2677 895 2783 948 sint
2807 894 2899 962 qui
2927 901 3051 947 sunt
3077 894 3130 947 in
3160 893 3273 958 illo,
3301 903 3393 948 aut
3418 894 3507 962 qui

1933 989 2061 1043 boni
2083 995 2225 1052 sunt,
2248 987 2538 1041 multorum
2560 985 2934 1056 persecutione
2955 985 3276 1040 crucientur.
3304 983 3504 1054 Itaque,

1934 1089 1993 1136 ut
2019 1079 2266 1143 diximus,
2291 1078 2335 1132 si
2357 1077 2671 1132 honoratior
2693 1075 2956 1145 quispiam
2976 1073 3222 1143 religioni
3251 1088 3310 1128 se
3337 1073 3503 1143 appli-

1934 1172 2131 1237 cuerit,
2165 1170 2306 1224 illico
2334 1170 2628 1223 honoratus
2667 1181 2785 1222 esse
2830 1167 3058 1232 desistit.
3093 1163 3195 1222 Ubi
3220 1167 3363 1221 enim
3390 1166 3512 1234 quis

1939 1275 1960 1302 ε
1975 1263 2261 1318 mutaverit
2283 1267 2690 1325 vestem,mutat
2712 1258 2958 1328 protinus
2977 1257 3288 1327 dignitatem
3307 1274 3321 1323 ;
3339 1257 3384 1310 si
3406 1257 3510 1311 fue-

1935 1356 2004 1410 rit
2024 1355 2284 1419 sublimis,
2308 1352 2367 1406 ﬁt
2393 1352 2760 1422 despicabilis;
2784 1351 2828 1405 si
2853 1351 3011 1404 fuerit
3031 1350 3506 1420 splendidissimus,

1937 1444 1996 1499 fit
2025 1445 2335 1509 vilissimus;
2362 1445 2404 1496 si
2429 1441 2586 1497 fuerit
2610 1449 2752 1496 totus
2769 1442 3009 1504 honoris,
3033 1440 3089 1493 lit
3118 1448 3262 1495 totus
3283 1440 3507 1508 injuria.

1935 1537 2000 1590 Et
2023 1537 2283 1591 mirantur
2309 1533 2562 1588 mundani
2580 1533 2797 1601 quidam
2823 1539 2879 1586 et
2899 1529 3157 1596 inﬁdeles,
3185 1531 3228 1584 si
3259 1530 3510 1586 olTensam

1937 1629 2031 1684 Dei
2059 1637 2150 1683 aut
2193 1626 2520 1682 iracundiam
2548 1622 2842 1695 perferunt,
2872 1622 2962 1692 qui
2995 1622 3156 1676 Deum
3182 1621 3206 1658 ἀ
3240 1621 3291 1675 in
3314 1622 3513 1677 sanctis

1935 1721 2185 1776 omnibus
2208 1715 2635 1788 persequuntur?
2661 1713 2920 1768 Perversa
2948 1712 3090 1766 enim
3118 1720 3242 1766 sunt
3270 1720 3324 1766 et
3352 1713 3403 1766 in
3432 1711 3510 1766 di-

251 1800 464 1865 crandi,
495 1800 541 1853 si
580 1799 634 1852 in
671 1805 816 1852 statu
851 1797 1162 1852 honestiore
1205 1796 1416 1866 pejores
1460 1805 1600 1851 sunt.
1633 1796 1751 1864 Quo
1779 1795 1837 1850 ﬁt

1940 1827 2149 1866 versum
2171 1817 2362 1865 cuncta
2389 1813 2614 1862 mutata.
2640 1803 2697 1859 Si
2729 1805 2902 1860 bonus
2928 1811 3009 1859 est
3037 1803 3300 1873 quispiam
3319 1843 3334 1868 ,
3362 1803 3511 1872 quasi

253 1900 316 1946 ut
343 1889 413 1945 ad
456 1889 606 1943 illum
632 1888 899 1958 perveniri
932 1887 1133 1942 exitum
1159 1887 1239 1940 rei
1285 1886 1442 1955 hujus
1473 1900 1697 1949 necesse
1741 1885 1830 1952 sit,

253 1997 367 2037 non
394 1988 455 2035 ut
471 1980 613 2035 servi
640 1979 749 2033 sint
773 1992 805 2032 a
824 1985 978 2032 reatu
996 1977 1243 2046 nequitia:
1261 1991 1372 2030 suae
1390 1975 1718 2040 absolvendi,
1740 1974 1834 2030 sed

255 2081 315 2127 ut
340 2070 557 2142 plurimi
583 2069 774 2124 divites
800 2068 971 2137 magis
1001 2068 1108 2122 sint
1127 2081 1405 2122 servorum
1432 2067 1835 2136 comparatione

249 2161 564 2217 damnandi.
597 2159 728 2214 Nam
769 2159 898 2213 illud
935 2157 1273 2212 latrocinium
1302 2172 1366 2211 ac
1392 2156 1567 2212 scelus
1603 2157 1723 2225 quis
1749 2156 1833 2210 di-

248 2268 360 2322 gne
386 2251 569 2320 eloqui
597 2251 785 2320 possit,
813 2248 956 2318 quod
1001 2263 1120 2302 cum
1150 2247 1392 2301 Romana
1420 2246 1718 2316 respublica
1749 2245 1836 2301 vel

248 2344 364 2414 jam
401 2348 638 2406 mortua,
665 2340 752 2395 vel
776 2346 923 2394 certe
945 2348 1244 2393 extremum
1271 2338 1516 2407 spiritum
1559 2352 1751 2406 agens,
1782 2336 1837 2391 in

249 2449 319 2490 ea
342 2441 496 2504 parte
523 2447 630 2501 qua
657 2431 831 2484 adhuc
857 2429 1038 2484 vivere
1056 2429 1288 2492 videtur,
1314 2428 1631 2482 tributorum
1658 2427 1838 2480 vincu-

247 2523 320 2578 lis
348 2521 503 2592 quasi
544 2519 853 2590 praedonum
898 2517 1145 2572 manibus
1188 2516 1517 2584 strangulata
1557 2515 1836 2580 moriatur,

247 2613 605 2668 inveniuntur
632 2618 812 2665 tamen
855 2609 1071 2680 plurimi
1099 2609 1324 2663 divitum
1364 2623 1590 2678 quorum
1639 2609 1838 2662 tributa

247 2718 525 2776 pauperes
571 2701 788 2757 ferunt?
815 2701 918 2756 hoc
943 2709 1044 2766 est,
1094 2700 1436 2754 inveniuntur
1460 2699 1672 2770 plurimi
1703 2699 1838 2754 divi-

248 2805 369 2852 tum
407 2809 641 2864 quorum
668 2793 862 2847 tributa
890 2805 1154 2862 pauperes
1179 2797 1392 2846 necant.
1421 2788 1487 2844 Et
1514 2790 1658 2860 quod
1686 2791 1830 2844 inve-

245 2886 359 2941 niri
387 2884 618 2939 dicimus
636 2882 910 2952 plurimos,
935 2882 1098 2935 timeo
1121 2895 1188 2936 ne
1208 2880 1384 2935 verius
1403 2879 1702 2935 diceremus
1722 2896 1840 2935 om-

245 2991 374 3031 nes.
407 2974 544 3028 Tam
571 2973 729 3044 pauci
755 2973 898 3026 enim
917 2971 1044 3026 mali
1071 2970 1228 3039 hujus
1246 2978 1492 3041 expertes
1519 2981 1661 3037 sunt,
1691 2972 1735 3024 si
1759 2977 1840 3024 ta-

243 3079 380 3120 men
413 3062 512 3116 ulli
551 3067 693 3125 sunt,
741 3061 881 3116 utin
921 3075 985 3116 ea
1031 3068 1182 3130 parte
1209 3074 1312 3128 qua
1349 3060 1544 3114 multos
1585 3059 1833 3124 diximus,

1936 1902 2108 1956 malus
2137 1899 2436 1970 spernitur,
2469 1897 2514 1952 si
2536 1896 2707 1951 malus
2747 1903 2849 1959 est,
2889 1893 3043 1963 quasi
3087 1894 3258 1949 bonus
3285 1893 3512 1948 honora-

1933 1999 2038 2046 tur.
2063 1991 2205 2045 Nihil
2229 1990 2408 2059 itaque
2445 1988 2639 2041 mirum
2665 1993 2748 2040 est
2774 1985 2819 2040 si
2849 1984 3119 2039 deteriora
3150 1981 3388 2052 quotidie
3417 1997 3513 2051 pa—

1935 2083 2113 2146 timur,
2143 2081 2235 2149 qui
2261 2079 2557 2134 deteriores
2583 2076 2822 2146 quotidie
2851 2091 3054 2131 sumus.
3082 2074 3148 2129 Et
3193 2091 3329 2130 nova
3371 2076 3512 2130 enim

1933 2171 2173 2241 quotidie
2211 2169 2456 2223 homines
2499 2167 2638 2221 mala
2669 2165 2892 2230 faciunt,
2925 2172 2980 2219 et
3003 2172 3183 2219 vetera
3213 2179 3319 2217 non
3349 2164 3509 2218 relin-

1933 2267 2125 2331 quunt.
2149 2258 2386 2328 Surgunt
2411 2256 2650 2312 recentia
2670 2254 2912 2320 crimina,
2937 2268 3036 2308 nec
3059 2252 3404 2323 repudiantur
3423 2268 3510 2306 an-

1935 2350 2105 2418 tiqua.

2003 2435 2136 2491 Vill.
2168 2435 2298 2502 Quis
2323 2448 2450 2502 ergo
2492 2440 2575 2487 est
2620 2430 2946 2488 causationis
2994 2430 3185 2484 locus?
3213 2429 3512 2498 Quamlibet

1936 2541 2126 2598 aspera
2151 2535 2206 2581 et
2251 2527 2473 2580 adversa
2523 2525 2806 2594 patiamur,
2835 2523 3044 2578 minora
3082 2523 3313 2593 patimur
3349 2537 3510 2593 quam

1936 2629 2223 2670 meremur.
2249 2613 2385 2680 Quid
2417 2613 2691 2682 querimur
2730 2611 2874 2682 quod
2907 2610 3040 2666 dure
3076 2619 3197 2680 agat
3236 2611 3513 2666 nobiscum

1936 2703 2116 2759 Deus?
2137 2703 2304 2757 Multo
2329 2717 2426 2756 nos
2464 2717 2586 2756 cum
2617 2701 2726 2756 Deo
2754 2700 2938 2755 durius
2961 2701 3185 2767 agimus.
3218 2698 3516 2754 Exacerba-

1937 2810 2056 2850 mus
2082 2793 2282 2865 quippe
2304 2806 2425 2846 eum
2456 2789 2852 2860 impuritatibus
2879 2790 3095 2853 nostris,
3119 2797 3174 2844 et
3202 2787 3268 2842 ad
3289 2787 3517 2858 punien-

1938 2886 2038 2941 dos
2064 2899 2163 2939 nos
2201 2882 2462 2937 trahimus
2489 2881 2733 2935 invitum.
2761 2881 2863 2951 71
2887 2878 3129 2947 Cumque
3165 2878 3281 2947 ejus
3317 2885 3520 2932 natura:

1937 2975 2009 3032 sit
2035 2989 2187 3030 mens
2207 2974 2302 3029 Dei
2331 2981 2493 3043 atque
2520 2971 2790 3040 majestas,
2824 2979 2883 3024 ut
2910 2970 3056 3025 nulla
3086 2969 3371 3024 iracundiae
3398 2983 3520 3039 pas-

1937 3066 2091 3122 sione
2112 3070 2414 3126 moveatur,
2441 3069 2586 3116 tanta
2611 3071 2787 3116 tamen
2812 3061 2864 3115 in
2888 3061 3042 3116 nobis
3061 3068 3401 3130 peccatorum
3425 3075 3520 3115 ex-

245 3168 450 3209 omoes
463 3166 602 3222 pene
613 3150 1050 3221 divitesreperire
1068 3150 1354 3220 possimus.
1371 3149 1511 3204 Ecce
1523 3150 1664 3204 enim
1677 3163 1844 3204 reme-
1868 3149 1915 3214 C
1944 3156 2215 3212 acerbalio
2243 3163 2345 3217 est,
2375 3162 2434 3208 ut
2462 3169 2559 3224 per
2586 3169 2685 3208 nos
2712 3160 2931 3222 cogatur
2955 3152 3134 3208 irasci.
3161 3150 3312 3218 Vim,
3341 3158 3402 3206 ut
3446 3152 3520 3206 ita

246 3247 342 3302 dia
369 3245 580 3316 pridem
606 3243 878 3298 nonnullis
903 3242 1122 3297 urbibus
1139 3241 1262 3295 data
1291 3241 1418 3311 quid
1446 3241 1587 3296 aliud
1614 3247 1839 3310 egerunt

246 3351 420 3407 quam
451 3345 510 3389 ut
530 3333 722 3388 divites
747 3339 968 3388 cunctos
995 3334 1258 3385 immunes
1284 3331 1590 3396 redderent,
1612 3330 1837 3386 misero-

251 3443 376 3482 rum
402 3426 604 3480 tributa
632 3423 992 3488 cumularent;
1024 3422 1126 3476 illis
1151 3429 1211 3476 ut
1238 3421 1578 3476 demerentur
1604 3421 1840 3489 vectiga-

255 3518 331 3571 lia
354 3525 562 3579 vetera,
594 3515 712 3568 istis
732 3521 791 3566 ut
817 3511 1140 3566 adderentur
1165 3526 1337 3576 nova;
1370 3511 1490 3565 illos
1518 3518 1576 3564 ut
1598 3510 1840 3568 decessio

255 3609 426 3663 etiam
452 3605 796 3660 minimarum
840 3600 1171 3656 funetionum
1211 3600 1592 3670 locupletaret,
1623 3601 1754 3654 istos
1782 3607 1842 3654 ut

257 3697 501 3753 accessio
529 3695 881 3750 maximarum
909 3691 1194 3762 afﬂigeret;
1226 3693 1300 3746 illi
1321 3699 1379 3746 ut
1401 3707 1586 3746 eorum
1613 3706 1733 3760 qua:
1759 3692 1839 3746 le-

257 3790 398 3844 viter
424 3786 672 3842 ferebant
701 3785 1068 3839 imminutione
1095 3785 1439 3849 ditescerent,
1454 3783 1541 3838 isti
1567 3791 1628 3836 ut
1653 3797 1840 3838 eorum

255 3894 379 3947 quae
399 3877 511 3947 jam
536 3876 675 3930 ferre
696 3890 804 3930 non
823 3881 1072 3944 poterant
1099 3873 1538 3943 multiplicatione
1561 3887 1840 3928 moreren-

257 3979 378 4033 tur;
398 3983 465 4022 ac
488 3967 569 4021 sic
589 3965 882 4021 remedium
911 3963 1040 4019 illud
1069 3964 1202 4019 alios
1229 3962 1573 4032 injustissime
1590 3964 1840 4030 erigeret,

257 4059 397 4112 alios
425 4055 770 4125 injustissime
794 4063 1041 4117 necaret;
1072 4053 1190 4108 aliis
1216 4060 1357 4108 esset
1377 4053 1843 4109 sceleratissimum

259 4147 564 4219 pnnmium,
577 4144 697 4198 aliis
708 4145 1176 4200 sceleratissimum
1188 4159 1471 4199 venenum.
1497 4141 1648 4198 Unde
1663 4143 1846 4200 adver-

261 4239 428 4294 timus
455 4237 599 4308 quod
627 4237 760 4291 nihil
800 4251 920 4290 esse
944 4244 999 4290 et
1025 4235 1278 4290 divitibus
1304 4235 1617 4291 sceleratius
1643 4240 1841 4306 potest,

261 4329 356 4399 qui
383 4326 637 4383 remediis
660 4326 771 4382 suis
796 4339 1060 4395 pauperes
1085 4325 1373 4395 perimunt,
1403 4331 1459 4380 et
1484 4325 1616 4380 nihil
1640 4339 1845 4395 paupe-

262 4417 413 4472 ribus
441 4415 724 4478 infelicius,
737 4429 876 4486 quos
904 4414 1011 4484 7o
1029 4413 1192 4469 etiam
1213 4413 1302 4468 illa
1339 4429 1460 4486 quin
1485 4429 1585 4484 pro
1609 4413 1848 4469 remedio

263 4507 474 4564 cunctis
499 4507 698 4562 dantur
717 4505 986 4561 occidunt.

338 4597 446 4653 VII.
468 4597 589 4652 1am
616 4611 746 4652 vero
773 4595 902 4651 illud
925 4595 1104 4664 quale,
1135 4609 1296 4665 quam
1335 4605 1599 4661 sanetum,
1627 4595 1773 4665 quod
1799 4598 1844 4653 si

267 4689 386 4760 quis
412 4705 481 4744 ex
509 4689 777 4744 nobilibus
802 4688 1044 4744 converti
1088 4688 1155 4742 ad
1183 4688 1352 4743 Deum
1381 4690 1624 4758 casperit,
1661 4689 1844 4744 statim

270 4780 531 4835 honorem
553 4777 844 4833 nobilitatis
864 4777 1094 4832 amittit?
1119 4777 1226 4832 Aut
1245 4786 1478 4846 quantus
1506 4779 1560 4834 in
1586 4779 1844 4834 Christia-

272 4885 340 4925 no
363 4871 568 4940 populo
592 4870 768 4925 honor
786 4866 983 4924 Christi
1007 4875 1110 4933 est,
1134 4869 1224 4924 ubi
1242 4869 1430 4938 religio
1459 4871 1745 4938 ignobilem
1769 4869 1846 4925 fa-

269 4962 378 5018 cit?
397 4960 593 5018 Statim
607 4960 751 5016 enim
772 4967 831 5014 ut
856 4960 977 5029 quis
1003 4959 1196 5030 melior
1220 4973 1342 5016 esse
1371 4963 1673 5026 tentaverit,
1697 4961 1850 5018 dete-

1937 3247 2182 3313 dixerim,
2211 3247 2434 3302 facimus
2452 3245 2640 3315 pietati
2665 3259 2794 3306 sum,
2821 3259 2884 3301 ac
2904 3259 3095 3299 manus
3121 3243 3520 3315 quodammodo

1939 3323 2208 3396 aderimus
2235 3337 2615 3394 misericordia:
2641 3351 2769 3392 suae.
2799 3335 3040 3405 Cumque
3067 3335 3183 3404 ejus
3218 3335 3520 3404 benignita-

1939 3431 2007 3485 tis
2048 3430 2203 3483 situt
2247 3428 2375 3482 velit
2403 3427 2558 3481 nobis
2600 3425 2800 3494 jugiter
2837 3440 3077 3495 parcere,
3119 3426 3328 3493 cogitur
3365 3423 3520 3478 malis

1939 3521 2136 3576 nostris
2173 3519 2375 3574 scelera
2405 3532 2524 3587 quae
2564 3515 2896 3571 admittimus
2941 3517 3231 3570 vindicare.
3262 3515 3339 3570 Ac
3381 3514 3520 3569 sicut

1940 3612 2016 3666 illi
2045 3611 2218 3667 solent
2252 3611 2344 3680 qui
2375 3607 2754 3663 munitissimas
2793 3607 2953 3663 urbes
2992 3608 3257 3674 obsident,
3286 3615 3380 3661 aut
3426 3607 3519 3661 lir-

1940 3701 2205 3756 missimas
2233 3715 2384 3755 arces
2411 3699 2622 3753 urbium
2650 3712 2845 3768 capere
2872 3705 2927 3751 et
2953 3697 3208 3752 subruere
3235 3703 3518 3758 conantur,

1943 3793 2190 3848 omnibus
2216 3791 2417 3860 absque
2441 3788 2604 3844 dubio
2631 3803 2725 3843 eas
2753 3796 2808 3843 et
2828 3788 3053 3842 telorum
3076 3796 3131 3841 et
3155 3788 3518 3843 machinarum

1943 3883 2228 3951 generibus
2255 3881 2674 3952 oppugnant,ita
2705 3895 2804 3935 nos
2833 3879 2899 3934 ad
2927 3879 3332 3950 expugnandam
3363 3880 3523 3934 mise-

1943 3973 2227 4030 ricordiam
2273 3973 2369 4028 Dei
2397 3973 2543 4027 omni
2588 3979 2932 4042 peccatorum
2961 3971 3269 4026 immanium
3293 3972 3517 4031 scelere,

1943 4063 2098 4134 quasi
2113 4063 2257 4118 omni
2269 4063 2496 4118 telorum
2510 4076 2706 4131 genere
2716 4075 3030 4132 pugnamus,
3043 4069 3097 4114 et
3111 4061 3162 4114 in
3163 4063 3184 4132 j
3191 4077 3220 4113 υ
3230 4062 3372 4116 riosu
3383 4077 3432 4116 m
3450 4077 3538 4116 no.

1944 4155 2027 4211 bis
2046 4155 2215 4210 Deum
2235 4154 2617 4218 existimamus,
2641 4168 2764 4208 cum
2781 4153 2878 4222 ipsi
2907 4152 3291 4220 injuriosissimi
3315 4151 3425 4205 Deo
3449 4155 3520 4207 si-

1946 4261 2085 4302 mus.
2111 4241 2296 4300 Omnis
2340 4243 2600 4314 siquidem
2627 4241 3049 4297 Christianorum
3078 4241 3315 4295 omnium
3341 4241 3521 4312 culpa,

1947 4335 2241 4392 divinitatis
2283 4333 2482 4402 injuria
2532 4341 2633 4387 est.
2667 4332 2802 4386 Nam
2847 4346 2967 4385 cum
3013 4330 3103 4385 illa
3127 4345 3246 4400 quae
3289 4331 3465 4386 facere
3494 4347 3523 4386 a

1949 4425 2061 4481 Deo
2084 4433 2329 4480 vetamur
2354 4421 2701 4487 admittimus,
2729 4420 2958 4476 vetantis
2972 4419 3119 4490 jussa
3141 4420 3437 4485 calcamus;
3460 4436 3524 4475 ac

1871 4513 1924 4575 D
1948 4529 2045 4587 per
2087 4516 2193 4571 hoc
2217 4513 2379 4585 impie
2407 4514 2462 4568 in
2508 4511 2899 4569 calamitatibus
2945 4512 3143 4567 nostris
3185 4511 3527 4568 severitatem

1951 4606 2186 4660 divinam
2214 4619 2545 4660 accusamus.
2576 4602 2684 4658 Nos
2711 4601 2910 4673 quippe
2949 4603 3102 4656 nobis
3128 4602 3410 4658 accusandi
3437 4618 3528 4657 su~

1950 4709 2090 4749 mus.
2119 4693 2250 4748 Nam
2290 4709 2412 4749 eum
2440 4708 2504 4748 ea
2539 4693 2732 4761 quibus
2776 4700 3120 4761 torqueamur
3164 4692 3525 4754 admittimus,

1952 4785 2053 4856 ipsi
2099 4792 2488 4839 tormentorum
2537 4791 2842 4837 nostrorum
2879 4791 3125 4837 auctores
3156 4797 3359 4837 sumus.
3390 4782 3528 4849 Quid

1949 4889 2080 4943 ergo
2105 4875 2174 4929 de
2209 4889 2486 4944 poenarum
2515 4872 2804 4927 acerbitate
2829 4871 3134 4942 querimur?
3159 4871 3530 4942 Unusquisque

1954 4974 2196 5020 nostrum
2234 4965 2348 5034 ipse
2374 4978 2434 5018 se
2459 4961 2632 5032 punit.
2660 4960 2729 5016 Et
2755 4961 2878 5018 ideo
2906 4961 3036 5017 illud
3063 4965 3434 5034 propheticum
3463 4962 3532 5018 ad

271 5051 429 5107 rioris
456 5051 758 5121 abjectione
777 5051 1037 5117 calcatur;
1062 5063 1127 5104 ac
1137 5064 1236 5120 per
1259 5050 1362 5107 hoc
1385 5065 1573 5107 omnes
1591 5051 1853 5122 quodam‘
1956 5071 2055 5111 nos
2079 5055 2275 5110 dicitur
2315 5072 2327 5108 :
2358 5053 2492 5108 Ecce
2519 5068 2693 5108 omnes
2712 5069 2801 5108 vos
2825 5055 2997 5126 ignem
3040 5054 3338 5118 accenditis,
3369 5064 3418 5111 et
3454 5054 3532 5108 ti-

1455 5181 1789 5241 STEPHANI
1825 5185 2095 5244 BALUZII
2130 5183 2354 5242 NOTIE.

277 5303 373 5418 ως
417 5291 602 5351 Codex
626 5285 1015 5350 Colbertinus“:
1045 5293 1154 5351 Sed
1192 5295 1262 5350 ad
1299 5295 1395 5350 hoc
1433 5297 1727 5369 responderi
1755 5318 1850 5371 po—

283 5432 543 5556 ὢῗὲἷι
579 5432 755 5490 codex
797 5441 854 5488 et
896 5432 984 5490 hic
1019 5441 1078 5489 et
1127 5434 1289 5504 paulo
1335 5441 1458 5505 post
1499 5435 1664 5492 habet
1687 5455 1852 5510 quan-

348 5581 371 5610 ε
401 5570 538 5647 llinc
561 5571 655 5647 illa
700 5571 980 5647 adversus_
996 5571 1383 5647 Tertullianum
1433 5578 1671 5647 querela,
1699 5578 1790 5647 qui
1819 5593 1849 5632 a

282 5645 400 5723 toga
425 5641 494 5723 ad
519 5642 738 5723 pallium
763 5649 822 5723 et
842 5639 1231 5723 (ut-Salvianus
1257 5645 1332 5723 ai_t
1355 5639 1473 5723 pag:
1499 5639 1852 5723 24l)_ad'phi-

284 5707 576 5782 losophiam
626 5707 898 5782 religionis
926 5714 1228 5768 transierat.
1286 5707 1392 5770 Sed
1423 5707 1561 5788 quid
1605 5707 1708 5772 sibi
1736 5707 1850 5771 'vutt

1955 5303 2082 5377 illud
2111 5301 2253 5373 quod
2289 5299 2571 5356 Salvianus
2596 5302 2690 5369 ait,
2723 5317 2819 5359 eos
2861 5304 2951 5377 qui
2977 5319 3044 5377 se
3062 5303 3327 5377 Religioni
3354 5307 3532 5377 appli-

1954 5373 2167 5435 cabant,
2197 5377 2398 5425 vestem
2426 5379 2633 5427 mutare
2671 5373 3050 5429 consuevisse?
3079 5374 3159 5429 An
3189 5373 3440 5432 monachi
3463 5379 3529 5432 il-

1955 5441 2126 5496 lorum
2152 5448 2448 5519 temporum
2492 5440 2669 5522 aliqua
2688 5443 2954 5550 peculiari
2981 5452 3128 5498 veste
3155 5443 3531 5502 diseerneban~

1955 5517 2041 5550 lnr
2064 5525 2091 5550 ει
2124 5517 2329 5550 mntan
2369 5508 2675 5550 hnnunlhnc
2737 5511 2866 5550 Vidn
2891 5512 3105 5550 Εςιιινίςιη
3171 5527 3272 5550 nam
3344 5513 3444 5550 ΑΜ
3473 5527 3526 5550 ΔΩ

1955 5517 2041 5563 tur
2064 5525 2094 5562 a
2124 5509 2329 5589 ctcteris
2347 5508 2712 5589 horninibus?
2737 5511 3125 5589 Vide_§alvian.
3171 5527 3290 5582 pag.
3344 5513 3444 5568 108
3473 5527 3532 5572 et

1955 5593 2073 5648 quae
2102 5585 2428 5632 ammtantur
2452 5577 2588 5633 infra
2611 5579 2676 5634 ad
2705 5595 2826 5650 pag.
2854 5580 2957 5634 586
2977 5588 3031 5634 et
3059 5577 3187 5649 seq:
3246 5577 3265 5580 ⁷

2025 5647 2139 5718 ἀίω
2168 5655 2268 5710 est,
2294 5647 2454 5718 indiisr
2467 5649 2559 5718 qui
2585 5658 2966 5718 convertuntur
2996 5648 3061 5701 ad
3095 5651 3280 5716 Deum,
3312 5662 3369 5706 ut
3399 5653 3533 5710 dixit

1955 5717 2116 5788 paulo
2147 5728 2288 5772 ante.
2322 5716 2453 5772 Vide
2483 5716 2603 5788 pag.
2637 5717 2754 5771 l08.
