4036 6180
499 263 570 320 79
1446 269 1500 326 S.
1539 271 1851 328 SALVIANI
1890 273 2344 334 MASSILIENSIS
2384 271 2802 333 PRESBYTER!
3679 286 3746 340 κο

495 399 574 438 res
602 382 837 453 praebetis
873 383 1135 452 ﬂammea:
1165 384 1492 455 ingredimini
1529 388 1581 439 in
1611 387 1773 441 lucem
1811 389 1946 458 ignis
1975 405 2060 442 ve-
2091 394 2140 453 Α
2167 407 2283 446 rum
2312 393 2570 447 mentium
2592 408 2780 447 manus
2807 391 3046 460 injiciant
3069 394 3230 450 etiam
3258 395 3309 450 in
3337 396 3528 454 Deum.
3557 395 3752 453 Posue—

497 476 590 528 stri
629 482 677 527 et
702 475 929 542 ﬂamma:
965 490 1116 544 quam
1160 473 1460 528 accendistis
1489 473 1644 542 (Isai.
1687 472 2070 544 I.,ll).Totum

493 580 724 635 namque
744 567 1034 620 humanum
1060 579 1226 633 genus
1256 565 1358 620 hoc
1377 565 1564 620 ordine
1594 567 1645 618 in
1673 581 1886 635 poenam
1915 575 2072 620 aeter-

465 673 616 731 lnam
661 658 788 723 ruit,
817 672 924 726 quo
971 656 1244 727 Scriptura
1274 658 1608 712 memoravit.
1642 656 1876 712 Primum
1926 659 2068 711 enim

489 751 664 819 ignem
687 739 949 816 accendit,
979 756 1164 820 postea
1197 749 1336 804 vires
1383 749 1590 816 ignibus
1609 750 1828 818 prabet,
1859 756 2068 818 postre-

485 855 576 894 mo
599 838 867 894 ﬂammam
896 839 1187 908 ingreditur
1210 854 1368 908 quam
1395 841 1623 908 paravit.
1655 838 1879 905 Quando
1910 840 2070 907 igitur

484 932 717 1002 primum
745 930 845 985 sibi
887 931 1050 985 homo
1078 938 1336 984 asternum
1381 927 1622 983 accendit
1669 929 1880 996 ignem?
1909 928 2068 982 Scili-

485 1029 573 1078 cet
599 1036 718 1077 cum
740 1021 969 1091 primum
996 1035 1220 1090 peccare
1247 1019 1450 1088 incipit.
1471 1017 1694 1084 Quando
1721 1025 1901 1073 autem
1926 1019 2068 1072 vires

485 1113 695 1182 ignibus
733 1113 970 1182 praebet?
998 1111 1132 1165 Cum
1179 1111 1363 1180 utique
1411 1111 1647 1180 peccatis
1696 1113 1799 1181 72
1848 1116 2066 1179 peccata

483 1205 784 1262 cumularit.
818 1203 1041 1272 Quando
1089 1217 1214 1258 vero
1264 1202 1441 1270 ignem
1485 1210 1743 1256 reternum
1786 1201 2066 1255 introibit?

483 1296 705 1364 Quando
735 1294 1188 1350 inremediabilem
1215 1292 1324 1361 jam
1355 1291 1620 1347 malorum
1650 1292 1888 1347 omnium
1920 1307 2064 1346 sum-

482 1403 623 1442 mam
653 1386 1007 1443 crescentium
1035 1385 1351 1439 delictorum
1382 1383 1660 1438 nimietate
1690 1383 2060 1452 compleverit,

479 1479 618 1534 sicut
645 1477 892 1532 Salvator
936 1486 1118 1532 noster
1167 1476 1234 1531 ad
1261 1475 1563 1531 Judzeorum
1609 1473 1878 1546 principes
1925 1475 2000 1528 ait
2047 1492 2058 1528 :

482 1569 696 1642 Implete
731 1586 1022 1623 mensuram
1052 1579 1254 1638 patrum
1283 1577 1581 1632 vestrorum,
1615 1577 1894 1638 serpentes,
1936 1584 2060 1638 pra-

478 1664 648 1733 genies
672 1663 957 1731 viperarum
988 1659 1199 1732 (Matth.
1233 1675 1381 1723 mn,
1423 1659 1509 1725 '52,
1542 1659 1652 1728 33).
1685 1657 1801 1712 Non
1844 1659 2000 1727 longe
2029 1673 2059 1712 a

2173 489 2292 534 runt
2309 484 2465 546 enim,
2489 483 2625 536 sicut
2656 482 2723 535 de
2749 481 2925 551 impiis
2953 482 3211 552 scriptum
3239 493 3341 550 est,
3372 484 3670 540 Posuerunt
3696 490 3751 542 in

2171 573 2349 627 cmlum
2377 590 2432 626 os
2459 590 2625 638 suum,
2644 583 2692 626 et
2718 574 2897 644 lingua
2923 590 3099 630 eorum
3125 579 3333 630 transiit
3349 593 3506 644 super
3533 589 3749 646 terram,

2168 673 2218 715 et
2247 663 2489 716 dixerunt
2516 679 2533 715 :
2568 661 2832 726 Quomodo
2847 665 2998 717 scibit
3024 664 3183 728 Deus,
3215 676 3264 720 et
3293 669 3336 720 si
3361 678 3436 721 est
3461 673 3678 724 scientia
3696 673 3752 726 in

2169 754 2369 807 excelso
2396 753 2565 821 (Psal.
2613 770 2776 818 Lxxu,
2809 753 2868 812 9.
2913 754 3040 825 li)?
3089 757 3154 810 Et
3191 757 3320 812 illud
3354 777 3366 811 :
3402 757 3524 814 Non
3568 762 3755 816 videbit

2168 861 2259 898 nec
2287 845 2532 916 intelliget
2572 844 2709 898 Deus
2753 845 2916 900 Jacob
2965 846 3132 917 (Psal.
3175 863 3330 913 xcm,
3366 848 3439 918 7).
3491 849 3572 906 Ad
3617 867 3754 920 quos

2166 933 2352 1002 utique
2382 935 2514 988 tales
2543 935 2837 989 rectissime
2866 936 3238 1004 propheticum
3267 938 3396 992 illud
3422 939 3612 995 referri
3655 957 3754 1011 po-

2167 1030 2271 1077 test
2305 1023 2491 1078 :Dixit
2537 1025 2784 1095 insipiens
2831 1029 2886 1078 in
2930 1025 3084 1079 corde
3127 1043 3220 1081 suo
3275 1044 3292 1080 :
3333 1027 3459 1082 Non
3498 1039 3575 1084 est
3613 1031 3753 1086 Deus

2169 1113 2338 1183 (Psal.
2371 1130 2460 1179 ur,
2495 1113 2568 1184 l).
2601 1114 2733 1168 Nam
2763 1115 2852 1183 qui
2891 1116 3024 1169 nihil
3052 1117 3218 1186 aspici
3261 1132 3292 1170 a
3321 1118 3432 1173 Deo
3462 1118 3752 1187 affirmant,

2165 1218 2336 1273 prope
2357 1212 2439 1258 est
2469 1213 2526 1258 ut
2553 1206 2640 1259 cui
2668 1214 2941 1274 aspectum
2970 1205 3231 1272 adimunt,
3261 1209 3421 1262 etiam
3448 1209 3474 1248 δ
3504 1211 3750 1267 substan-

2165 1297 2294 1350 tiam
2343 1297 2570 1363 tollant,
2602 1305 2656 1352 et
2683 1312 2844 1366 quem
2893 1298 3078 1353 dicunt
3123 1301 3346 1355 omnino
3388 1301 3461 1355 nil
3506 1317 3749 1370 cernere,

2163 1387 2344 1442 dicant
2396 1389 2555 1442 etiam
2606 1390 2825 1444 omnino
2879 1407 2988 1445 non
3037 1407 3175 1447 esse.
3235 1392 3301 1447 Et
3350 1395 3566 1463 quidem
3624 1399 3747 1454 licet

2164 1479 2364 1532 nullum
2403 1480 2689 1534 admodum
2737 1481 2934 1536 malum
2962 1483 3169 1539 facinus
3212 1487 3421 1542 ratione
3472 1489 3748 1558 subsistat,

2161 1573 2288 1641 quia
2335 1575 2530 1628 rationi
2574 1591 2680 1629 non
2720 1584 2944 1646 possunt
2969 1577 3170 1631 scelera
3211 1579 3495 1649 conjungi,
3544 1584 3746 1640 nullum

2163 1673 2339 1720 tamen
2382 1674 2495 1730 est,
2526 1674 2584 1720 ut
2623 1675 2770 1736 puto,
2812 1668 2898 1723 vel
2928 1668 3352 1724 inrationabilius
3382 1672 3462 1726 vel
3490 1673 3745 1730 insanius.

478 1753 807 1824 plenitudine
855 1760 1198 1822 peccatorum
1243 1759 1416 1815 erant,
1448 1751 1641 1818 quibus
1696 1750 1808 1819 ipse
1845 1749 2057 1804 dicebat
2088 1755 2134 1814 Β
2161 1755 2296 1824 Quid
2320 1757 2462 1812 enim
2494 1766 2601 1812 tam
2628 1757 2884 1813 furiosum
2932 1768 3015 1814 est
3059 1774 3216 1828 quam
3265 1771 3326 1814 υι
3372 1762 3580 1831 aliquis,
3624 1780 3744 1822 cum

477 1845 734 1899 Dominus
763 1852 819 1898 ut
845 1851 1064 1914 peccata
1104 1841 1452 1912 complerent.
1485 1839 1609 1894 Ideo
1639 1839 1840 1908 absque
1868 1838 2052 1903 dubio,

476 1945 534 1991 ut
559 1936 683 2004 quia
729 1935 874 2004 digni
895 1934 1006 2003 jam
1033 1933 1205 1989 salute
1252 1947 1359 1986 non
1390 1939 1589 1996 essent,
1624 1931 1908 2000 implerent
1954 1931 2055 1984 ini-

473 2027 737 2096 quitatum
769 2040 1046 2080 numerum
1092 2037 1200 2092 quo
1239 2022 1493 2092 perirent.
1531 2019 1684 2075 Unde
1721 2020 1885 2074 etiam
1933 2036 2054 2074 cum

471 2117 558 2173 lex
587 2125 740 2172 vetus
763 2122 981 2185 peccata
1023 2113 1454 2168 Amorrhaeorum
1481 2111 1746 2182 completa
1778 2126 1897 2166 esse
1937 2125 2052 2165 me-

471 2214 752 2271 morasset,
783 2205 858 2259 sic
900 2205 1108 2260 locutos
1135 2217 1253 2257 esse
1281 2201 1347 2256 ad
1383 2211 1626 2256 sanctum
1659 2199 1796 2254 Loth
1834 2201 2054 2268 angelos

469 2299 632 2354 refert
663 2317 675 2351 :
703 2297 892 2352 Omnes
915 2298 999 2368 qui
1033 2297 1105 2350 tui
1129 2303 1264 2360 sunt,
1289 2294 1416 2348 educ
1442 2294 1504 2348 de
1535 2295 1659 2348 urbe
1684 2295 1798 2346 hac.
1842 2293 2052 2348 Delebi-

467 2407 580 2444 mus
600 2391 734 2443 enim
757 2389 923 2442 locum
942 2389 1115 2450 istum,
1137 2402 1195 2439 eo
1216 2385 1350 2456 quod
1369 2386 1634 2438 increverit
1659 2385 1854 2437 clamor
1875 2401 2050 2438 eorum

467 2497 640 2534 coram
667 2479 913 2540 Domino,
939 2478 1025 2548 qui
1065 2477 1202 2529 misit
1230 2492 1322 2530 nos
1361 2485 1418 2528 ut
1444 2475 1718 2545 perdamus
1747 2475 1863 2528 illos
1893 2474 2043 2545 (Cen.

464 2589 576 2637 xxx,
605 2571 685 2636 12,
718 2570 823 2640 l3).
861 2571 956 2624 Diu
986 2568 1228 2639 profecto
1270 2567 1710 2636 ﬂagitiosissimus
1761 2567 1850 2622 ille
1878 2583 2050 2636 popu-

463 2665 548 2718 lus
568 2664 740 2731 ignem
765 2662 911 2717 illum
937 2659 1255 2716 accenderat
1279 2673 1388 2727 quo
1410 2658 1638 2728 peribat.
1669 2657 1735 2712 Et
1765 2657 1886 2713 ideo
1907 2673 2049 2713 com-

463 2757 621 2826 pletis
651 2753 1015 2822 iniquitatibus
1042 2753 1171 2817 suis,
1195 2752 1326 2806 arsit
1353 2749 1579 2805 ﬂammis
1606 2752 1889 2806 criminum
1918 2767 2046 2805 suo-

465 2863 602 2901 rum.
625 2845 755 2899 Tam
772 2844 910 2898 male
925 2844 1067 2898 enim
1083 2843 1150 2898 de
1167 2843 1276 2896 Deo
1299 2842 1512 2905 meruit,
1536 2849 1593 2895 ut
1613 2842 1907 2910 gehennam
1929 2856 2048 2910 qua:

465 2938 518 2990 in
541 2936 720 2990 futuro
740 2933 940 3003 judicio
965 2934 1084 2997 erit,
1116 2933 1277 2986 etiam
1307 2932 1360 2985 in
1391 2933 1492 2986 hoc
1517 2932 1710 2986 smculo
1735 2931 2040 2986 sustineret.

532 3026 622 3082 IX.
653 3025 758 3081 Sed
787 3025 915 3079 nulli
943 3031 1087 3087 sunt,
1120 3023 1290 3092 inquit
1315 3023 1526 3092 aliquis,
1552 3023 1764 3078 illorum
1790 3023 1937 3078 exitu
1965 3021 2046 3077 di-

2158 1849 2328 1905 Deum
2356 1857 2658 1905 creatorem
2680 1865 2860 1904 rerum
2889 1852 3126 1906 omnium
3152 1869 3256 1907 non
3282 1864 3458 1922 neget,
3486 1857 3743 1924 guberna-

2157 1948 2330 1995 torem
2360 1949 2539 2009 neget,
2567 1946 2622 1994 et
2649 1955 2770 1994 cum
2799 1939 3056 1996 factorem
3081 1957 3198 1996 esse
3228 1943 3473 2006 fateatur,
3497 1946 3638 2000 dicat
3660 1963 3743 2003 ηεξ

2154 2030 2355 2100 gligere
2400 2047 2519 2100 quae
2561 2031 2724 2087 fecit?
2771 2029 2934 2097 Quasi
2980 2047 3109 2086 vero
3149 2033 3262 2088 haec
3299 2034 3349 2088 ei
3379 2034 3741 2092 faciendorum

2156 2123 2392 2176 omnium
2441 2138 2566 2177 cura
2618 2121 2814 2184 fuerit,
2867 2132 2889 2162 ο
2924 2130 2983 2177 ιιι
3026 2123 3321 2191 negligeret
3349 2139 3467 2194 qua:
3507 2126 3740 2184 fecisset.

2155 2211 2267 2280 Ego
2297 2220 2476 2266 autem
2509 2213 2560 2267 iu
2591 2222 2797 2266 tantum
2826 2228 2947 2268 eum
2993 2228 3176 2268 curam
3221 2222 3586 2270 creaturarum
3612 2232 3737 2272 sua-

2155 2317 2271 2354 rum
2299 2302 2498 2357 habere
2525 2302 2674 2366 dico,
2700 2311 2757 2356 ut
2777 2303 2995 2372 probem
3018 2304 3327 2373 priusquam
3351 2305 3512 2359 etiam
3533 2315 3737 2362 crearet

2153 2389 2420 2446 habuisse.
2457 2391 2562 2446 Res
2591 2393 2785 2461 quippe
2809 2393 2919 2461 ipsa
2949 2393 3052 2448 hoc
3072 2393 3351 2448 evidenter
3371 2395 3624 2450 ostendit.
3649 2397 3741 2450 Ni-

2152 2480 2226 2532 hil
2252 2481 2394 2534 enim
2424 2481 2641 2545 fecerat,
2690 2481 2790 2535 nisi
2836 2496 3018 2536 curam
3047 2481 3274 2536 faciendi
3305 2483 3579 2540 habuisset
3606 2495 3736 2541 ante

2150 2585 2308 2638 quam
2341 2569 2558 2634 faceret,
2589 2571 2882 2640 pnesertim
2912 2587 3032 2626 cum
3075 2573 3236 2626 etiam
3272 2574 3324 2627 in
3355 2574 3471 2643 ipso
3500 2575 3736 2632 humano

2147 2673 2346 2726 genere
2375 2661 2549 2715 nullus
2587 2661 2654 2716 sit
2699 2659 2866 2716 ferme
2909 2661 3185 2716 hominum
3227 2671 3334 2717 tam
3365 2664 3529 2720 hebes
3546 2667 3637 2734 qui
3667 2667 3735 2722 ad

2150 2751 2253 2806 hoc
2278 2752 2477 2820 aliquid
2503 2760 2626 2820 agat
2653 2761 2815 2822 atque
2844 2752 2952 2823 74
2979 2753 3239 2822 perﬁciat,
3274 2763 3333 2808 ut
3361 2755 3592 2825 perfecta
3627 2773 3734 2812 non

2149 2850 2316 2896 curet.
2347 2842 2477 2895 Nam
2507 2850 2563 2896 et
2589 2843 2678 2911 qui
2706 2857 2889 2910 agrum
2915 2842 3130 2907 excolit,
3155 2843 3220 2897 ad
3242 2844 3346 2899 hoc
3365 2845 3494 2899 colit
3515 2854 3571 2900 ut
3591 2847 3732 2902 culta

2148 2941 2448 2987 conservet.
2476 2931 2543 2986 Et
2569 2933 2659 3001 qui
2689 2934 2898 2988 vineam
2929 2935 3166 3002 plantat,
3201 2935 3267 2990 ad
3296 2936 3399 2991 hoc
3427 2937 3630 3006 plantat
3675 2947 3732 2994 ut

2147 3022 2383 3092 plautata
2407 3023 2692 3077 custodiat.
2722 3023 2786 3076 Et
2807 3025 2896 3092 qui
2922 3025 3070 3078 initia
3097 3039 3314 3094 gregum
3344 3037 3631 3097 prurparat,
3663 3030 3728 3084 ad

461 3119 584 3186 gni,
623 3118 750 3185 quia
795 3115 924 3170 nulli
967 3115 1179 3168 illorum
1234 3114 1632 3184 impuritatihus
1671 3113 2040 3183 comparandi.
2071 3093 2115 3156 δ
2146 3113 2249 3167 hoc
2268 3122 2422 3181 parat
2443 3120 2500 3166 ut
2521 3129 2703 3168 curam
2725 3114 3142 3183 multiplicandis
3165 3093 3412 3184 gregibus
3435 3093 3726 3187 impendat.

462 3208 660 3264 .V'crum
682 3208 910 3262 fortasse
935 3205 1072 3261 istud
1097 3205 1184 3259 sit.
1206 3202 1450 3258 Attamen
1474 3205 1600 3273 quid
1632 3204 1870 3270 facimus,
1897 3203 2042 3274 quod

463 3300 709 3354 Salvator
747 3299 864 3368 ipse
892 3311 1076 3351 omnes
1102 3296 1193 3364 qui
1239 3295 1586 3362 Evangelium
1614 3309 1766 3348 suum
1819 3308 2039 3364 spreve-

462 3391 588 3454 rint,
617 3388 828 3458 pejores
856 3401 974 3441 esse
1022 3385 1377 3440 memoravit?
1407 3384 1646 3454 Denique
1694 3384 1760 3438 ad
1801 3382 2040 3453 Caphar-

459 3497 619 3537 naum
648 3481 725 3535 sic
752 3480 826 3533 ait
867 3497 879 3532 :
915 3477 972 3532 Si
1002 3479 1055 3531 in
1103 3476 1342 3531 Sodomis
1387 3478 1539 3546 facta:
1581 3476 1798 3546 fuissent
1833 3477 2039 3536 virtutes

460 3587 573 3642 qua:
593 3573 880 3642 factm-sunt
905 3571 959 3622 in
981 3577 1047 3632 te,
1075 3568 1292 3638 forsitan
1322 3567 1632 3620 mansissent
1652 3582 1809 3635 usque
1829 3567 1880 3618 in
1904 3566 2038 3618 [tunc

459 3666 612 3718 diem.
649 3662 1004 3716 Verumtamen
1031 3660 1145 3713 dico
1175 3659 1331 3722 vobis,
1363 3660 1484 3729 quia
1514 3668 1665 3712 terra:
1694 3657 2038 3712 Sodomorum

459 3754 718 3806 remissius
759 3753 854 3804 erit
883 3752 936 3804 in
973 3750 1057 3803 die
1075 3749 1262 3819 judicii
1287 3765 1440 3821 quam
1479 3747 1568 3802 tibi
1599 3747 1810 3819 (Matth.
1842 3765 1912 3814 XI,
1943 3747 2033 3814 25,

457 3845 571 3912 ﬁt).
603 3844 659 3899 Si
687 3842 989 3898 Sodomitas
1014 3842 1190 3896 minus
1217 3856 1336 3896 esse
1367 3839 1496 3896 dicit
1522 3841 1851 3895 damnabiles
1875 3856 2034 3908 quam

457 3945 678 3992 cunctos
698 3934 984 4003 Evangelia
1011 3934 1372 4003 negligentes,
1400 3934 1698 3988 certissima
1727 3947 1856 4001 ergo
1896 3934 2034 3989 ratio

456 4036 538 4083 est
564 4043 668 4098 qua
698 4035 750 4082 et
781 4041 896 4090 nos,
919 4025 1009 4094 qui
1037 4025 1089 4078 in
1117 4024 1360 4094 plurimis
1384 4023 1671 4093 Evangelia
1696 4025 2030 4094 negligimus,

453 4119 607 4190 pejus
648 4120 834 4173 timere
873 4117 1069 4189 aliquid
1099 4117 1420 4182 debeamus;
1453 4118 1748 4187 praesertim
1778 4134 1900 4173 cum
1926 4119 2034 4173 usi-

454 4211 580 4266 tatis
602 4210 713 4280 jam
755 4218 812 4264 et
841 4218 866 4246 ι
895 4209 1046 4278 quasi
1093 4206 1440 4264 familiaribus
1469 4209 1573 4279 73
1612 4209 1764 4263 malis
1792 4208 2031 4263 contenti

453 4315 572 4355 esse
602 4300 848 4355 nolimus.
889 4297 1005 4353 Non
1035 4297 1303 4352 sufﬁciunt
1339 4298 1480 4352 enim
1523 4297 1704 4352 multis
1743 4307 2030 4353 consuetu-

451 4389 641 4444 dinarii
682 4397 881 4452 reatus,
910 4403 1016 4443 non
1051 4386 1321 4442 sufficiunt
1361 4389 1514 4454 lites,
1556 4404 1664 4444 non
1713 4389 2025 4450 calumniae.

2143 3199 2211 3254 Et
2236 3202 2326 3271 qui
2356 3202 2574 3256 domum
2603 3203 2829 3256 :edilicat
2857 3204 2937 3258 vel
2967 3204 3368 3259 fundamentum
3415 3207 3575 3272 locat,
3626 3209 3726 3264 etsi

2143 3294 2369 3349 necdum
2399 3295 2779 3348 habitationem
2810 3304 3050 3364 paratam
3077 3296 3256 3363 habet,
3277 3297 3386 3365 jam
3408 3305 3586 3354 tamen
3612 3301 3725 3369 ipsa

2140 3399 2258 3453 qua:
2301 3386 2475 3440 adhuc
2520 3384 2698 3440 facere
2738 3387 2974 3451 molitur,
3025 3402 3120 3456 spe
3162 3386 3350 3442 futurae
3380 3389 3725 3444 habitationis

2139 3476 2498 3545 amplectitur.
2519 3475 2582 3528 Et
2598 3475 2724 3545 quid
2745 3476 2810 3530 de
2830 3476 3046 3532 homine
3069 3477 3172 3532 hoc
3193 3478 3402 3547 loquar,
3421 3495 3540 3536 cum
3563 3482 3723 3536 etiam

2139 3567 2358 3620 minima
2399 3567 2706 3620 animalium
2753 3580 2950 3634 genera
2999 3566 3293 3621 futurarum
3323 3584 3499 3623 rerum
3530 3569 3724 3625 aﬂectu

2138 3659 2318 3713 omnia
2342 3660 2545 3726 agant?
2574 3658 2832 3712 Formica:
2858 3659 2910 3712 in
2939 3659 3304 3714 subterraneis
3349 3660 3583 3716 latibulis
3624 3677 3723 3715 va-

2137 3748 2216 3802 ria
2241 3747 2450 3817 frugum
2478 3761 2676 3816 genera
2703 3748 3014 3813 candentes,
3063 3748 3128 3802 ad
3159 3749 3261 3804 hoc
3288 3759 3477 3804 cuncta
3505 3758 3724 3805 contra-

2136 3840 2269 3894 hunt
2297 3855 2361 3894 ac
2388 3847 2673 3908 reponunt,
2706 3839 2831 3908 quia
2860 3838 3050 3895 alfectu
3073 3840 3198 3894 vitm
3225 3856 3334 3894 sua:
3358 3841 3582 3909 diligunt
3602 3857 3722 3912 qua:

2135 3932 2452 3989 recondunt.
2483 3932 2644 4002 Apes,
2677 3948 2798 3987 cum
2828 3931 3135 3986 fundamina
3160 3929 3185 3968 δ
3217 3931 3350 3988 favis
3375 3942 3600 4002 ponunt,
3633 3935 3718 3989 vel

2133 4038 2254 4078 cum
2285 4037 2315 4077 e
2344 4022 2564 4077 ﬂoribus
2592 4031 2746 4076 natos
2774 4022 2993 4090 legunt,
3042 4036 3148 4090 qua
3177 4039 3336 4077 causa
3367 4023 3448 4077 vel
3479 4024 3719 4095 thymum

2127 4114 2238 4184 jam
2260 4114 2361 4168 nisi
2381 4113 2557 4167 studio
2579 4122 2634 4168 et
2653 4113 2948 4183 cupiditate
2969 4113 3160 4178 mellis,
3187 4113 3269 4166 vel
3297 4111 3544 4168 ﬂosculos
3564 4128 3720 4182 quos-

2130 4205 2254 4260 dam
2283 4205 2382 4259 nisi
2420 4203 2609 4258 futurre
2649 4194 2851 4258 sobolis
2895 4203 3158 4258 charitate
3203 4205 3528 4258 sectantur?
3577 4204 3716 4261 Deus

2130 4311 2280 4366 ergo,
2309 4297 2402 4366 qui
2429 4296 2590 4349 etiam
2617 4295 2852 4349 minimis
2879 4294 3236 4348 animantibus
3275 4295 3418 4348 hunc
3463 4294 3711 4349 allectum

2128 4388 2329 4458 proprii
2358 4387 2537 4457 operis
2565 4387 2820 4452 inseruit,
2867 4400 2926 4440 se
2964 4385 3334 4440 tantummodo
3362 4385 3536 4440 solum
3565 4400 3716 4440 crea-

451 4497 560 4536 non
585 4481 802 4550 rapiare,
837 4494 944 4533 non
973 4476 1242 4534 sufficiunt
1273 4478 1594 4541 vinolentize,
1627 4495 1733 4534 non
1761 4479 2030 4536 suﬂiciunt
2059 4468 2106 4527 Ι)
2132 4487 2373 4534 terarum
2401 4494 2616 4533 suarum
2642 4493 2826 4533 amore
2853 4477 3101 4549 privavit,
3133 4477 3428 4546 praesertim
3456 4490 3577 4532 cum
3597 4491 3716 4532 om-

450 4571 888 4634 comessationes,
929 4584 1036 4623 non
1082 4567 1353 4624 sufﬁciunt
1404 4567 1682 4634 falsitates,
1717 4585 1823 4625 non
1875 4571 2026 4625 sulti-

449 4661 596 4720 ciunt
619 4659 871 4729 perjuria,
895 4675 1002 4714 non
1024 4657 1292 4714 sulftciunt
1319 4658 1603 4724 adulteria,
1626 4675 1733 4714 non
1755 4659 2028 4716 suﬂiciunt

449 4750 752 4816 homicidia,
796 4767 902 4805 non
943 4748 1211 4806 suﬂiciunt
1259 4750 1490 4819 denique
1517 4761 1707 4806 cuncta
1758 4752 1890 4816 ista,
1924 4752 2026 4808 etsi

447 4842 731 4897 atrocitate
760 4843 1216 4908 inhumanissima,
1257 4859 1316 4897 re
1357 4850 1535 4897 tamen
1579 4844 1692 4912 ipsa
1739 4844 1806 4898 ad
1831 4846 2022 4899 imma-

447 4948 542 4987 nas
597 4932 816 5001 injurias
857 4933 1197 5002 pertinentia,
1251 4935 1350 4989 nisi
1399 4934 1736 5005 blasphemas
1792 4935 2012 4992 furiosa—

2134 4573 2217 4628 nis
2247 4574 2299 4626 in
2327 4588 2428 4627 nos
2450 4587 2628 4627 rerum
2656 4571 2916 4624 bonarum
2945 4585 3097 4624 amor
3115 4584 3185 4623 ex
3204 4569 3344 4622 illius
3365 4568 3508 4623 bono
3530 4582 3713 4622 amore

2130 4664 2511 4720 descenderit?
2536 4664 2654 4734 Ipse
2681 4671 2765 4718 est
2789 4663 2932 4716 enim
2961 4661 3080 4717 fons
3116 4670 3171 4716 et
3197 4661 3347 4728 origo
3373 4667 3710 4723 cunctorum,

2130 4765 2186 4810 et
2212 4756 2336 4824 quia
2445 4757 2498 4808 in
2527 4757 2658 4825 ipso,
2689 4761 2746 4808 ut
2773 4753 3030 4823 scriptum
3057 4759 3171 4816 est,
3215 4759 3263 4804 et
3291 4752 3502 4803 vivimus
3529 4757 3581 4803 et
3606 4765 3713 4802 mo-

2129 4864 2302 4902 vemur
2338 4859 2388 4900 et
2427 4863 2601 4900 sumus
2632 4845 2764 4916 (Act.
2801 4860 2932 4909 xvu,
2959 4843 3085 4912 28),
3117 4844 3184 4896 ab
3213 4843 3329 4911 ipso
3359 4841 3542 4909 utique
3571 4837 3705 4892 aﬂ‘e-

2130 4946 2275 4994 ctum
2304 4952 2518 4993 omnem
2547 4951 2656 5004 quo
2686 4947 2707 4975 ε
2739 4936 2962 5005 pignora
2991 4941 3172 4989 nostra
3201 4945 3461 4996 amamus,
3493 4929 3707 4998 accepi-

1626 5048 1960 5103 STEPHANI
1998 5049 2264 5106 BALUZII
2300 5049 2528 5105 ΝΟΤιΕ.

517 5147 542 5210 f
569 5136 750 5210 (Sedes
779 5139 1036 5210 Colbert.,
1069 5139 1272 5210 quando
1303 5141 1637 5209 facilioribus.

516 5206 542 5245 δ
569 5207 826 5274 Legerem
854 5206 1099 5263 lubenter
1119 5206 1518 5264 subsistentiam.
1546 5211 1740 5265 Verum
1769 5214 1882 5268 hate
1908 5213 2015 5268 duo

445 5277 889 5348 vocabulaifacile
929 5288 1298 5348 permutantur
1324 5280 1376 5332 in
1407 5281 1678 5334 veteribus
1702 5280 1869 5336 libris.

520 5357 540 5384 ο
572 5345 661 5402 Sic
711 5345 990 5419 Hrabanils
1034 5349 1357 5416 redarguens
1384 5351 1665 5419 episcopos
1703 5353 1793 5419 qui
1824 5355 2015 5408 chore-

447 5417 694 5488 piscopos
722 5417 1104 5488 deprimebant,
1146 5434 1281 5486 quos
1310 5419 1406 5488 ipsi
1423 5417 1832 5479 ordinaverunt.
1863 5425 1936 5476 ait
1966 5424 2016 5477 in

446 5485 582 5562 libro
602 5485 675 5542 ide
703 5485 1110 5562 Chorepiscopis
1143 5485 1172 5539 εί
1197 5490 1277 5541 Ad
1305 5485 1427 5562 quid
1454 5507 1574 5559 ergo
1603 5493 1864 5545 invocatur
1895 5493 2018 5562 Spi-

448 5560 574 5609 ritus
629 5569 837 5612 sanctus
865 5558 1191 5632 coepiscopo
1238 5558 1544 5632 ordinatore
1571 5571 1624 5612 ut
1651 5558 2021 5632 sanctiﬁcatio-

446 5641 560 5698 nem
591 5643 821 5694 persona?
849 5627 1153 5683 ordinanda
1182 5627 1370 5681 tribuat
1401 5669 1414 5689 ,
1473 5631 1516 5682 si
1546 5631 1652 5698 ipse
1682 5627 1944 5686 invoéator
1973 5643 2022 5686 et

447 5695 715 5749 ordinator
741 5709 854 5766 post
881 5699 1331 5759 consecrationem,
1366 5714 1514 5769 quam
1546 5695 1640 5754 rite
1665 5704 1876 5772 peregit,
1899 5719 2020 5756 mox

2120 5144 2533 5214 reprehenderit?
2566 5141 2830 5213 Numquid
2881 5139 3042 5214 Deum
3087 5139 3484 5214 inridet,-cujus
3513 5137 3704 5190 donum

2119 5210 2300 5284 poscit,
2332 5231 2446 5266 cum
2472 5223 2649 5284 postea
2679 5210 2855 5284 ipsum
2868 5210 3063 5284 donum
3100 5210 3387 5277 spreverit?

2189 5282 2214 5320 ἀ
2244 5283 2425 5337 Codex
2453 5281 2714 5341 Colbert.,
2757 5281 2939 5333 mellis.

2195 5363 2218 5390 θ
2251 5352 2536 5420 Pignoruln
2581 5351 2840 5405 vocabulo
2886 5343 3408 5420 Salvianusﬂlibprps
3436 5346 3704 5420 nupturi-

2123 5438 2264 5477 mum
2296 5412 2558 5488 intelligit,
2604 5420 2766 5475 veluti
2815 5430 2932 5488 pag.
2969 5416 3087 5478 ΗΟ,
3122 5415 3240 5474 172,
3275 5416 3394 5480 188,
3430 5412 3700 5488 199,200,

2123 5492 2244 5554 2l2,
2276 5491 2400 5554 ‘25:],
2431 5484 2553 5555 234,
2577 5490 2700 5551 260,
2729 5484 2850 5541 9.65.
2884 5487 3150 5542 Interdum
3183 5484 3581 5555 tamenaccipit
3605 5501 3703 5553 pro

2125 5563 2227 5616 illis
2253 5563 2343 5630 qui
2368 5562 2513 5615 chari
2541 5554 2699 5613 nobis
2726 5567 2850 5630 sunt
2877 5573 2975 5628 pro
3005 5556 3332 5627 parentibus,
3361 5554 3612 5609 fratribus
3641 5567 3704 5606 ac

2121 5627 2398 5696 similibus,
2429 5637 2488 5684 ut
2523 5631 2574 5683 in
2603 5641 2722 5700 pag.
2755 5627 2876 5681 254.
