4006 6182
305 266 362 324 8i
1385 264 1474 320 DE
1510 256 2040 321 GUBERNATIONE
2078 261 2188 319 DEI
2226 263 2351 318 UB.
2394 262 2478 319 iV.
3493 259 3570 316 8‘1.

305 399 440 440 mus.
472 381 643 438 Totus
670 397 906 452 namque
929 379 1158 436 mundus
1181 388 1236 435 et
1263 387 1432 434 totum
1460 379 1749 433 humanum
1789 389 1886 444 ge-
1913 376 1960 435 A
1992 376 2130 432 Deus
2168 380 2222 431 in
2261 377 2426 432 nobis.
2475 376 2758 444 Quomodo
2790 375 3170 432 commendat?
3198 372 3414 429 Scilicet
3438 373 3571 442 quia

302 490 403 530 nus
427 474 620 544 pignus
646 482 730 529 cst
757 473 1027 529 Creatoris
1055 473 1157 526 sui.
1190 470 1257 526 Et
1285 470 1404 526 ideo
1427 485 1496 525 ex
1521 469 1626 524 hoc
1665 470 1783 538 ipso
1807 466 1886 521 af-

304 562 443 618 fectu
472 578 581 630 quo
604 577 788 616 amare
815 578 912 616 uos
938 561 1065 616 fecit
1091 561 1315 630 pignora
1343 567 1526 615 nostra
1545 600 1558 625 ,
1592 558 1885 626 intelligere

305 667 403 707 nos
428 652 598 706 voluit
642 661 902 721 quantum
932 652 1046 721 ipse
1074 659 1278 706 amaret
1307 651 1527 721 pignora
1577 664 1692 708 sua.
1734 648 1884 704 Sicut

304 746 464 808 enim,
513 752 572 797 ut
612 744 854 810 legimus,
896 743 1174 798 invisibilia
1213 743 1322 814 ejus
1368 759 1458 813 per
1511 758 1572 796 ea
1601 757 1714 812 qua:
1745 742 1884 811 facta

301 842 420 888 sunt
444 834 706 888 intellecta
727 835 1114 904 conspiciuntur
1135 832 1308 904 (Rom.
1335 849 1370 897 ι,
1400 831 1511 900 20),
1544 831 1617 885 ita
1646 844 1882 884 amorem

300 937 424 991 erga
448 939 549 978 nos
575 939 734 978 suum
755 938 852 993 per
871 938 994 978 eum
1022 937 1182 992 quem
1213 923 1366 977 nobis
1393 935 1516 990 erga
1548 929 1761 976 nostros
1789 921 1886 976 de-

299 1015 376 1070 dit
395 1031 659 1081 amorem,
687 1017 858 1071 voluit
882 1016 1124 1084 intelligi.
1155 1013 1221 1067 Et
1246 1015 1381 1069 sicut
1403 1029 1635 1079 omnem,
1667 1023 1726 1067 ut
1751 1013 1883 1067 scri-

297 1112 448 1174 ptum
477 1113 579 1170 est,
611 1105 990 1174 paternitatem
1035 1106 1088 1158 in
1117 1105 1255 1160 caelo
1284 1115 1340 1158 et
1368 1105 1421 1157 in
1448 1114 1588 1158 terra
1618 1119 1649 1156 a
1677 1117 1736 1157 se
1764 1103 1880 1172 ipso

299 1195 405 1267 75
430 1194 604 1248 voluit
631 1195 896 1248 nominari
927 1193 1145 1264 (Ephes.
1176 1210 1249 1256 ιιι,
1294 1191 1402 1261 15),
1435 1193 1512 1247 sic
1541 1207 1570 1246 ει
1602 1192 1754 1246 nobis
1782 1207 1879 1262 pa-

297 1285 394 1338 tris
420 1284 478 1338 in
507 1299 567 1339 se
594 1283 843 1339 affectum
874 1285 1039 1338 voluit
1069 1285 1305 1352 agnosci.
1338 1283 1403 1337 Et
1431 1283 1558 1353 quid
1583 1283 1754 1338 dicam
1784 1298 1880 1353 pa-

297 1374 438 1428 tris?
467 1373 629 1427 immo
677 1373 854 1442 potius
881 1373 1002 1442 plus
1042 1388 1202 1442 quam
1232 1373 1416 1442 patris.
1462 1371 1658 1426 Probat
1683 1371 1879 1442 quippe

294 1463 404 1518 hoc
428 1479 533 1518 vox
560 1463 857 1517 Salvatoris
901 1463 950 1517 in
981 1463 1271 1531 Evangelio
1301 1463 1524 1518 dicentis
1557 1480 1570 1515 :
1617 1462 1708 1517 Sic
1743 1465 1878 1516 enim

249 1589 256 1594 -
292 1551 480 1605 dilexit
519 1550 656 1604 Deus
689 1552 823 1604 hunc
868 1551 1131 1615 mundum,
1177 1562 1233 1605 ut
1266 1550 1460 1606 Filium
1499 1567 1647 1606 suum
1673 1552 1878 1605 unicum

290 1640 446 1694 daret
472 1658 564 1710 pro
585 1641 761 1694 mundi
791 1643 892 1694 vita
918 1641 1096 1711 (Ioan.
1129 1658 1202 1707 ιιι,
1238 1641 1344 1711 16).
1376 1641 1479 1696 Sed
1509 1651 1562 1695 et
1591 1642 1878 1712 Apostolus

1988 481 2096 521 non
2125 469 2451 523 merentibus
2479 476 2714 538 prastat.
2744 466 2800 522 Si
2820 466 2962 522 enim
2988 465 3188 522 sanctis
3206 472 3262 520 et
3287 463 3424 518 bene
3452 479 3566 520 me-

1985 556 2102 610 ritis
2129 557 2486 625 praestitisset,
2537 572 2644 611 non
2691 557 2970 611 videbatur
3007 570 3126 624 qua:
3173 569 3280 608 non
3308 552 3566 608 debuerat

1986 645 2315 714 przestitisse,
2349 645 2442 699 sed
2469 661 2586 715 quae
2614 645 2873 700 debuerat
2911 644 3224 699 reddidisse.
3267 640 3404 707 Quid
3433 651 3561 706 ergo

1985 750 2085 790 nos
2131 750 2230 803 pro
2272 735 2356 789 his
2403 735 2652 790 omnibus
2690 735 3054 798 retribuimus,
3089 733 3175 787 vel
3215 731 3394 801 potius
3436 727 3569 798 quid

1983 825 2283 879 retribuere
2340 824 2645 880 debemus?
2702 823 2936 878 Primum
2993 823 3196 878 scilicet
3246 821 3376 875 illud
3417 818 3562 888 quod

1983 917 2320 971 beatissimus
2348 917 2609 986 propheta
2655 917 2705 970 ei
2733 915 2931 970 debere
2955 929 3014 969 se
3041 922 3096 967 ει
3129 911 3458 966 redditurum
3485 924 3568 964 cs-

1981 1023 2039 1064 se
2063 1017 2294 1063 testatur
2321 1009 2506 1064 dicens
2539 1027 2551 1061 :
2587 1005 2726 1072 Quid
2753 1006 3034 1060 retribuam
3068 1003 3293 1057 Domino
3316 1017 3410 1073 pro
3449 1016 3562 1055 om-

1981 1102 2130 1155 nibus
2155 1117 2268 1171 qua:
2298 1099 2532 1155 retribuit
2559 1099 2725 1153 mihi?
2752 1097 2976 1152 Calicem
3017 1094 3262 1150 salutaris
3287 1093 3558 1162 accipiam,

1979 1202 2029 1247 et
2054 1208 2238 1246 nomen
2266 1191 2474 1246 Domini
2499 1189 2742 1246 invocabo
2770 1187 2941 1257 (Psal.
2974 1203 3093 1252 cxv,
3127 1184 3212 1249 ιε,
3240 1183 3352 1252 15).
3384 1180 3562 1236 Prima

1980 1299 2110 1354 ergo
2138 1285 2250 1339 haec
2276 1283 2564 1338 retributio
2593 1289 2693 1347 est,
2718 1287 2778 1335 ut
2804 1286 3032 1334 mortem
3053 1283 3228 1331 morte
3256 1273 3540 1330 reddamus

1980 1391 2043 1430 ac
2073 1391 2170 1444 pro
2200 1389 2266 1428 eo
2296 1375 2386 1442 qui
2415 1381 2660 1428 mortuus
2700 1379 2784 1426 est
2812 1385 2910 1441 pro
2948 1368 3121 1433 nobis,
3151 1381 3250 1422 nos
3270 1365 3562 1419 moriamur

1977 1479 2194 1530 omnes;
2225 1465 2439 1519 tametsi
2468 1463 2692 1518 minoris
2715 1462 2886 1516 multo
2915 1460 3075 1531 pretii
3101 1473 3248 1513 mors
3276 1462 3458 1510 nostra
3479 1460 3561 1507 est

1977 1569 2138 1622 quam
2167 1569 2284 1609 sua.
2315 1552 2434 1620 Quo
2460 1553 2517 1606 ﬁt
2540 1559 2606 1607 ut
2639 1553 2804 1608 etiam
2831 1552 2877 1606 si
2917 1557 3146 1606 mortem
3189 1546 3561 1615 suscipiamus,

1978 1645 2218 1701 debitum
2261 1653 2440 1700 tamen
2483 1659 2590 1700 non
2639 1643 2997 1699 exsolvamus.
3047 1638 3152 1694 Sed
3209 1646 3388 1692 tamen
3433 1634 3567 1703 quia

289 1728 461 1784 dicit:
493 1727 653 1793 Deus,
687 1729 876 1798 inquit,
925 1729 1064 1784 Filio
1101 1747 1193 1784 suo
1232 1747 1336 1784 non
1377 1731 1620 1800 pepercit.
1649 1730 1740 1783 sed
1783 1746 1876 1800 pro
1908 1731 1956 1791 B
1983 1735 2154 1805 majus
2167 1736 2368 1791 referre
2390 1751 2498 1790 non
2528 1749 2829 1804 possumus,
2853 1740 3026 1787 totum
3046 1728 3269 1784 reddere
3298 1725 3558 1790 videmur,

289 1819 442 1874 nobis
463 1819 698 1873 omnibus
721 1819 932 1872 tradidit
959 1821 1125 1874 illum.
1152 1817 1419 1884 Quomodo
1449 1836 1552 1874 non
1581 1821 1736 1874 etiam
1764 1836 1877 1873 cum

288 1911 385 1965 illo
412 1910 559 1966 nobis
588 1912 760 1964 omnia
793 1911 1001 1965 (leuarit
1031 1910 1216 1982 (Rom.
1247 1927 1356 1977 vm,
1389 1910 1526 1982 32)?

363 2000 431 2054 Χ.
464 2000 581 2055 Hoc
609 2007 692 2056 est
737 2016 865 2071 ergo
907 2002 1035 2056 illud
1063 2001 1208 2070 quod
1236 2016 1400 2071 supra
1430 2001 1559 2066 dixi,
1609 2001 1733 2069 quia
1759 2000 1878 2070 plus

290 2109 399 2150 nos
426 2100 575 2147 amat
626 2093 767 2148 Deus
795 2108 954 2163 quam
995 2093 1162 2147 ﬁlium
1203 2101 1378 2163 pater.
1426 2092 1657 2147 Evidens
1681 2092 1878 2161 quippe

287 2200 381 2240 res
400 2191 487 2239 est
512 2183 658 2253 quod
680 2198 839 2253 super
860 2182 1108 2238 aﬁ'eetum
1138 2182 1368 2237 ﬁliorum
1396 2197 1494 2237 nos
1521 2182 1663 2236 Deus
1683 2180 1873 2249 diligit,

287 2277 383 2346 qui
412 2285 636 2347 propter
662 2292 762 2332 nos
783 2277 889 2333 ﬁlio
919 2293 1016 2332 suo
1045 2293 1152 2332 non
1181 2279 1439 2347 pepercit.
1467 2277 1533 2331 Et
1559 2276 1688 2346 quid
1713 2275 1874 2345 plus?

287 2367 465 2432 Addo,
499 2376 553 2422 et
577 2368 682 2422 hoc
702 2365 812 2422 ﬁlio
831 2367 994 2436 justo,
1025 2376 1080 2422 et
1108 2368 1212 2424 hoc
1239 2367 1349 2423 ﬁlio
1376 2367 1667 2436 unigenito,
1691 2374 1746 2421 et
1771 2366 1876 2420 hoc

287 2457 402 2513 ﬁlio
432 2459 568 2514 Deo.
597 2458 664 2513 Et
691 2459 817 2528 quid
859 2459 964 2515 dici
1009 2460 1238 2530 amplius
1263 2460 1486 2530 potest?
1532 2457 1598 2512 Et
1626 2460 1730 2513 hoc
1774 2472 1872 2527 pro

282 2551 464 2616 nobis,
497 2551 550 2605 id
579 2558 680 2615 est,
710 2567 808 2621 pro
827 2552 1000 2616 malis,
1031 2568 1130 2622 pro
1160 2553 1371 2621 iniquis,
1404 2566 1500 2621 pro
1523 2550 1867 2620 impiissimis.

281 2643 420 2708 Quis
447 2643 717 2697 aestimare
743 2644 882 2699 hunc
908 2659 1034 2713 erga
1063 2660 1163 2699 nos
1184 2644 1279 2700 Dei
1301 2658 1541 2698 amorem
1565 2649 1745 2711 queat,
1770 2641 1872 2695 nisi

280 2734 430 2801 quod
455 2734 666 2802 justitia
685 2734 780 2789 Dei
803 2741 947 2788 tanta
971 2741 1071 2801 est,
1097 2742 1155 2790 ut
1175 2735 1227 2789 in
1249 2750 1373 2789 eum
1393 2734 1597 2804 aliquid
1617 2733 1872 2802 injustum

278 2822 482 2878 cadere
524 2840 632 2878 non
680 2825 891 2893 possit?
931 2824 1062 2878 Nam
1091 2834 1348 2895 quantum
1388 2824 1456 2878 ad
1483 2823 1746 2879 rationem
1772 2824 1871 2876 bu-

278 2929 502 2968 manam
529 2915 782 2984 pertinet,
835 2914 1083 2983 injustam
1128 2929 1243 2969 rem
1285 2914 1448 2969 homo
1476 2915 1700 2982 quilibet
1726 2913 1870 2969 fece-

279 3013 390 3069 rat,
420 3006 466 3059 si
496 3021 597 3075 pro
628 3006 870 3076 pessimis
898 3005 1064 3060 servis
1087 3004 1250 3059 ﬁlium
1272 3005 1472 3060 bonum
1496 3016 1522 3045 ι
1543 3004 1757 3061 fecisset
1784 3020 1870 3060 oc-

1979 1825 2022 1879 si
2055 1833 2224 1880 totum
2255 1823 2399 1894 quod
2428 1839 2712 1894 possumus
2744 1833 2767 1861 ο
2800 1821 3023 1876 reddere
3064 1832 3332 1874 curamus.
3375 1815 3560 1884 Itaque

1977 1917 2172 1986 prima,
2204 1925 2260 1970 ut
2288 1916 2418 1980 dixi,
2447 1916 2561 1971 hinc
2586 1913 2612 1953 δ
2640 1915 2924 1970 retributio
2946 1921 3048 1969 est.
3081 1909 3336 1966 Secunda»
3355 1916 3556 1972 autem,

1979 2015 2036 2060 ut
2062 2007 2108 2061 si
2147 2006 2386 2062 debitum
2412 2015 2588 2062 morte
2616 2022 2730 2063 non.
2752 2005 3028 2070 solvimus,
3059 2003 3144 2058 vel
3173 2015 3356 2058 amore
3384 1999 3559 2055 solva-

1977 2112 2116 2152 mus.
2147 2096 2280 2150 Nam
2311 2099 2427 2168 ipse
2453 2096 2702 2152 Salvator
2741 2094 2881 2160 ideo,
2915 2103 2974 2150 ut
3000 2095 3076 2149 ait
3101 2092 3408 2164 Apostolus,
3438 2106 3558 2145 mo-

1975 2186 2164 2240 riendo
2189 2201 2289 2256 pro
2318 2185 2474 2240 nobis
2501 2185 2882 2241 commendare
2905 2183 3079 2238 voluit
3103 2181 3352 2238 omnibus
3379 2180 3558 2234 chari-

1976 2284 2140 2330 tatem
2180 2292 2351 2343 suam,
2384 2284 2443 2331 ut
2468 2291 2568 2331 nos
2597 2275 2664 2331 ad
2703 2274 3026 2330 reddendam
3066 2275 3320 2343 pietatem
3356 2276 3558 2324 t’tanta'.

1975 2367 2352 2425 vicissitudinis
2373 2370 2588 2440 pietatis
2609 2384 2719 2424 suas
2747 2368 2985 2422 traheret
3023 2365 3290 2435 exemplo.
3321 2363 3390 2418 Et
3417 2363 3556 2418 sicut

1976 2459 2093 2513 illas
2135 2468 2341 2514 natura:
2383 2459 2725 2514 admirabiles
2763 2472 2999 2527 gemmas
3027 2457 3222 2522 ferunt,
3253 2469 3374 2526 qum
3411 2454 3555 2508 ferro

1974 2553 2196 2622 propius
2223 2552 2451 2607 admota:
2490 2553 2831 2608 durissimum
2882 2551 3006 2606 licet
3033 2549 3313 2620 chalybem
3363 2545 3558 2602 aﬁ‘ectu

1973 2645 2127 2712 quasi
2181 2646 2416 2714 spirante
2459 2645 2808 2715 suspendunt,
2867 2644 2940 2698 ita
2995 2642 3156 2697 etiam
3211 2639 3318 2706 ille,
3368 2639 3422 2692 id
3451 2647 3558 2703 est,

1971 2751 2177 2791 summa
2206 2744 2261 2790 et
2287 2736 2579 2790 clarissima
2607 2737 2710 2806 77
2745 2748 3026 2803 regnorum
3072 2730 3366 2787 caelestium
3405 2742 3555 2798 gem-

1971 2840 2076 2892 ma,
2107 2826 2211 2881 hoc
2239 2825 2444 2882 scilicet
2470 2827 2638 2881 voluit
2665 2834 2722 2880 ut
2745 2825 2872 2880 dum
2900 2839 2960 2880 se
2984 2825 3110 2879 licet
3136 2819 3434 2877 durissimis
3454 2834 3554 2874 no-

1970 2916 2053 2971 bis
2078 2916 2410 2972 descendens
2438 2916 2506 2972 de
2533 2916 2672 2972 cmlo
2717 2916 2940 2986 propius
2966 2914 3298 2984 adjungeret,
3340 2909 3558 2965 aﬁ‘ectui

1971 3023 2069 3063 suo
2117 3023 2216 3064 nos
2271 3008 2422 3078 quasi
2479 3007 2678 3064 amoris
2731 3008 2814 3064 sui
2859 3007 3105 3062 manibus
3133 3005 3466 3068 admoveret,
3494 3010 3555 3057 ut

279 3095 410 3150 cidi.
435 3095 543 3151 Sed
575 3098 757 3166 utique
778 3097 880 3153 hoc
903 3098 1068 3166 magis
1089 3097 1469 3152 inaestimabilis
1491 3097 1736 3167 pietas,et
1764 3099 1867 3155 hoc
1893 3100 1940 3166 α
1971 3107 2320 3170 agnoscentes
2358 3099 2540 3169 utique
2568 3097 2707 3154 dona
2745 3113 2841 3154 sua
2871 3112 2934 3152 ac
2960 3094 3238 3162 beneﬁcia,
3289 3094 3550 3162 intellige-

281 3187 456 3256 magis
494 3188 757 3242 mirabilis
807 3188 902 3244 Dei
930 3189 1098 3244 virtus
1127 3197 1225 3254 est,
1257 3189 1400 3258 quod
1446 3189 1520 3244 ita
1549 3189 1770 3259 intelligi
1798 3191 1866 3247 ab

282 3279 503 3332 homine
533 3280 842 3347 magnitudo
868 3279 1084 3348 justitiae
1110 3295 1220 3335 suae
1247 3297 1353 3336 non
1384 3289 1580 3352 potest,
1613 3289 1670 3336 ut
1696 3297 1862 3350 quan-

283 3375 397 3420 tum
428 3368 497 3422 ad
529 3369 948 3424 imbecillitatem
979 3373 1262 3426 humanam
1284 3374 1533 3442 pertinet,
1557 3388 1694 3442 pene
1723 3373 1864 3442 inju-

283 3457 443 3511 stitia:
492 3458 726 3527 Speciem
771 3460 1079 3528 magnitudo
1121 3461 1340 3530 justitizc
1367 3463 1564 3516 habere
1604 3464 1862 3518 videatur.

282 3545 354 3600 Et
381 3549 503 3602 ideo
534 3549 840 3619 Apostolus,
889 3551 954 3605 ad
983 3552 1313 3607 indicandam
1355 3553 1506 3607 nobis
1535 3553 1867 3622 aliquatenus

283 3639 478 3694 divina:
506 3641 887 3696 misericordiae
917 3643 1326 3698 immensitatcm
1345 3683 1358 3708 ,
1397 3643 1474 3698 sic
1503 3643 1576 3697 ait
1609 3662 1621 3696 :
1657 3643 1724 3697 Ut
1746 3645 1868 3714 quid

283 3730 421 3784 enim
470 3729 725 3792 Christus,
768 3747 880 3784 cum
922 3732 1088 3786 adhuc
1127 3735 1270 3804 impii
1308 3749 1546 3796 essemus,
1591 3735 1867 3789 secundum

283 3830 483 3890 tempus
523 3839 616 3890 pro
645 3823 815 3891 impiis
843 3832 1071 3876 mortuus
1107 3833 1182 3878 est
1212 3824 1236 3876 .9
1291 3823 1392 3877 Vix
1427 3825 1562 3878 enim
1601 3843 1693 3894 pro
1726 3826 1866 3894 justo

283 3910 398 3979 quis
427 3911 647 3980 moritur
676 3910 850 3982 (Rom.
877 3929 928 3977 v,
972 3911 1022 3973 6,
1059 3913 1132 3982 7).
1175 3913 1421 3967 Ostendit
1444 3913 1685 3983 profecto
1717 3917 1868 3970 nobis

285 4016 388 4052 una
437 4001 540 4055 hac
584 4003 847 4056 sententia
895 4004 1149 4072 pietatem
1196 4005 1311 4060 Dei.
1361 4005 1492 4060 Nam
1528 4006 1572 4059 si
1613 4006 1700 4059 vix
1730 4007 1868 4061 ullus

283 4082 620 4158 pro'summa
663 4091 867 4160 justitia
897 4105 1123 4149 mortem
1154 4098 1394 4166 suscipit,
1437 4099 1683 4166 probavit
1711 4097 1864 4152 Chri-

283 4190 397 4235 stus
427 4191 685 4251 quantum
725 4186 1028 4254 prarstiterit
1071 4204 1167 4257 pro
1199 4197 1381 4243 nostra
1430 4190 1706 4258 iniquitate
1744 4207 1864 4245 nlo-

289 4273 499 4329 rieudo.
533 4274 638 4330 Sed
683 4293 776 4332 cur
797 4280 898 4332 hoc
937 4279 1120 4333 iecerit
1144 4279 1414 4344 Dominus,
1446 4282 1627 4335 statim
1654 4282 1706 4335 in
1736 4281 1864 4336 sub-

281 4366 408 4421 ditis
456 4369 564 4438 76
634 4369 791 4424 docet
831 4371 1013 4425 dicens
1052 4390 1064 4423 :
1129 4370 1463 4426 Commendat
1506 4382 1673 4427 autem
1718 4391 1865 4428 suam

282 4564 362 4606 res.
405 4564 646 4616 essemus,
689 4549 919 4605 Christus
963 4570 1055 4620 pro
1095 4552 1241 4606 nobis
1300 4564 1528 4606 mortuus
1569 4564 1660 4619 est,
1701 4556 1858 4609 multo

283 4638 451 4707 magis
481 4639 635 4709 igitur
654 4641 927 4710 justi/irati
969 4659 1103 4696 nunc
1135 4645 1187 4696 in
1227 4646 1476 4714 sanguine
1507 4645 1698 4714 ipsius,
1731 4645 1860 4699 salvi

282 4732 476 4785 erimus
517 4733 580 4785 ab
608 4735 688 4786 ira
724 4751 814 4804 per
846 4736 1012 4804 ipsum
1043 4734 1205 4804 (Ibid.
1237 4735 1292 4801 8,
1335 4735 1411 4806 9).
1450 4735 1562 4790 Hoc
1587 4736 1702 4805 ipso
1728 4751 1855 4804 ergo

283 4824 642 4889 commendat,
675 4824 701 4863 δ
729 4826 853 4894 quia
898 4842 998 4895 pro
1027 4828 1202 4897 impiis
1229 4835 1471 4881 mortuus
1498 4835 1597 4882 est.
1642 4827 1858 4896 Majoris

282 4911 424 4964 enim
473 4914 632 4981 pretii
690 4924 773 4970 est
817 4915 1131 4970 beneﬁcium
1201 4916 1343 4985 quod
1389 4925 1670 4986 pnestatur
1715 4918 1854 4972 indi—

281 5000 416 5068 gnis.
441 5001 646 5059 Idcirco
686 5005 868 5074 itaque
896 5008 969 5060 ait
998 5026 1009 5060 :
1045 5006 1536 5062 Commendatsuam
1553 5008 1854 5064 charitatem

1968 3207 2146 3247 remus
2174 3191 2301 3260 quid
2341 3206 2440 3246 nos
2462 3205 2562 3261 pro
2589 3191 2816 3246 Domino
2844 3197 2954 3242 tam
2980 3188 3126 3243 bono
3154 3185 3328 3242 facere
3354 3197 3552 3239 conve-

1968 3284 2128 3348 niret,
2181 3297 2302 3338 cum
2332 3283 2423 3338 ille
2470 3298 2570 3352 pro
2617 3283 2771 3336 malis
2824 3282 2993 3336 servis
3039 3286 3186 3333 tanta
3236 3277 3464 3342 fecisset,
3497 3285 3552 3332 et

1967 3374 2328 3443 compleretur
2354 3373 2458 3427 hoc
2487 3373 2633 3441 quod
2673 3369 2963 3442 ApostOlus
2990 3371 3137 3434 dicit,
3173 3377 3234 3424 ut
3260 3367 3551 3422 mortiﬁca-

1968 3481 2148 3520 remur
2175 3465 2436 3520 charitate
2465 3464 2606 3520 illius
2633 3473 2745 3520 tota
2792 3464 2898 3530 die,
2930 3471 2984 3517 et
3031 3477 3206 3531 neque
3250 3461 3545 3525 tribulatio,

1967 3569 2140 3625 neque
2163 3555 2424 3624 angustia,
2456 3569 2632 3625 neque
2669 3554 2989 3625 persecutio,
3021 3568 3194 3623 neque
3233 3553 3420 3616 fames,
3451 3568 3549 3607 ne-

1967 3663 2072 3717 que
2114 3647 2343 3712 nuditas,
2386 3662 2561 3716 neque
2610 3646 2816 3716 gladius
2861 3655 3044 3716 posset
3083 3661 3184 3701 nos
3221 3660 3474 3715 separare
3514 3661 3546 3700 a

1968 3740 2229 3794 charitate
2256 3737 2275 3776 τ
2305 3739 2418 3805 Dei,
2443 3755 2562 3808 quae
2589 3749 2673 3794 est
2701 3739 2754 3792 in
2779 3736 2992 3793 Christo
3016 3737 3144 3793 Iesu
3173 3738 3400 3794 Domino
3445 3753 3546 3794 no-

1967 3837 2080 3882 stro
2104 3828 2278 3899 (Rom.
2311 3845 2419 3894 vui,
2450 3828 2540 3896 55,
2561 3823 2678 3893 59).

2040 3919 2130 3972 XI.
2161 3917 2295 3973 Cum
2324 3933 2454 3988 ergo
2499 3919 2612 3973 haec
2653 3933 2683 3972 a
2731 3919 2887 3974 nobis
2916 3918 3099 3973 deberi
3143 3918 3374 3974 Domino
3414 3915 3546 3974 satis

1969 4016 2172 4063 certum
2200 4008 2287 4071 sit,
2323 4007 2596 4063 videamus
2615 4009 2743 4078 quid
2772 4024 2871 4079 pro
2899 4008 2984 4064 bis
3012 4009 3220 4065 cunctis
3238 4008 3542 4074 reddimus,

1968 4111 2152 4167 quaeve
2181 4097 2388 4152 damus.
2436 4097 2575 4163 Quid
2613 4099 2817 4154 scilicet
2861 4100 2963 4154 nisi
3014 4106 3185 4154 totum
3233 4099 3362 4153 illud
3399 4099 3544 4167 quod

1966 4205 2129 4258 supra
2167 4187 2396 4242 diximus
2419 4227 2435 4254 ,
2483 4189 2740 4258 quidquid
2779 4189 3028 4244 indecens
3050 4229 3066 4254 ,
3107 4188 3364 4258 quidquid
3401 4189 3542 4243 indi-

1967 4295 2149 4350 gnum,
2180 4279 2434 4348 quidquid
2461 4279 2529 4334 ad
2555 4279 2800 4348 injuriam
2826 4280 2919 4334 Dei
2946 4280 3240 4350 pertinens,
3270 4288 3420 4334 actus
3439 4282 3542 4334 im-

1965 4371 2183 4442 probos,
2219 4386 2399 4426 mores
2427 4369 2734 4439 ﬁagitiosos,
2765 4373 3070 4436 ebrietates,
3100 4371 3539 4437 comessationes,

189 4499 210 4518 ,
283 4456 586 4512 charitatem
617 4459 754 4513 Deus
777 4463 826 4513 in
857 4461 1022 4516 nobis.
1060 4461 1200 4516 Nam
1226 4464 1270 4516 si
1296 4479 1408 4516 cum
1437 4463 1602 4516 adhuc
1623 4474 1858 4534 peccato-
1889 4467 1941 4528 1)
1964 4468 2216 4516 cruentas
2253 4476 2464 4528 manus,
2492 4461 2759 4517 fmditates
2789 4462 3021 4517 libidinis
3042 4502 3058 4528 ,
3087 4471 3114 4510 ε
3147 4461 3358 4532 rapidas
3387 4463 3541 4532 cupi-

1965 4552 2164 4607 ditates
2185 4590 2203 4618 ,
2231 4560 2288 4607 et
2312 4552 2568 4621 quidquid
2595 4552 2727 4607 illud
2769 4560 2852 4607 est
2893 4551 3037 4622 quod
3065 4553 3184 4621 plus
3209 4559 3385 4621 potest
3413 4567 3541 4607 cor.-

1963 4645 2188 4699 scientia
2236 4643 2435 4700 habere
2494 4659 2655 4713 quam
2702 4660 2898 4699 sermo.
2954 4641 3081 4708 Qui:
3130 4644 3266 4698 enim
3297 4683 3312 4708 ,
3370 4644 3542 4716 inquit

1963 4734 2268 4805 Apostolus,
2301 4737 2356 4788 in
2386 4738 2584 4789 occulto
2611 4736 2744 4804 ﬁunt
2770 4734 2832 4787 ab
2862 4734 2956 4799 eis,
2997 4743 3143 4805 turpe
3169 4744 3246 4789 est
3274 4736 3428 4790 etiam
3456 4736 3541 4790 di~

1964 4843 2076 4880 cere
2105 4825 2320 4899 (Ephes.
2353 4843 2404 4891 v,
2439 4824 2546 4894 i2).
2589 4824 2700 4880 Nec
2732 4825 2906 4880 solum
2938 4825 3060 4880 hoc.
3093 4825 3229 4881 Nam
3256 4827 3361 4882 hoc
3388 4835 3543 4883 vetus

1963 4927 2063 4982 est,
2110 4923 2164 4971 et
2193 4926 2298 4970 tam
2342 4903 2682 4986 przcsentitim
2716 4921 3017 4985 temporum
3048 4929 3208 4984 quam
3237 4915 3540 4986 praeterito-

1961 5024 2100 5062 rum.
2130 5007 2262 5062 Illud
2289 5006 2500 5074 gravius
2526 5012 2583 5060 et
2614 5005 2906 5074 lugubrius,
2942 5006 3088 5078 quod
3121 5007 3358 5078 peccatis
3384 5015 3538 5063 vetc-

1464 5116 1804 5172 STEPHANI
1833 5117 2099 5175 BAEUZII
2135 5117 2361 5174 ΝΟΤᾹΞ.

353 5219 581 5290 fﬁodex
611 5221 872 5290 Colbert.,
901 5226 1164 5279 occidisset
1193 5234 1417 5279 tantum.

347 5287 876 5365 bAC_odex_‘Col_bert.,
931 5294 995 5347 ab
1021 5296 1210 5365 impiis.
1257 5295 1531 5351 Editioncs
1559 5297 1856 5352 Brassicani

282 5365 335 5412 et
356 5355 632 5434 Galesinii,
666 5361 727 5415 ob
756 5355 960 5434 impios.

351 5427 533 5510 cnllaee
579 5439 690 5510 est_
717 5427 881 5510 editio
935 5434 1248 5510 Drassicani
1279 5444 1334 5489 et
1370 5435 1644 5510 Gal_cs_inii.
1671 5437 1856 5494 Codex

283 5493 622 5573 Corlieiensis
675 5501 838 5556 habet
885 5504 1094 5558 reddere
1121 5505 1416 5572 reddamus,
1446 5507 1706 5573 Colbert.,
1741 5493 1855 5563 red-

289 5565 447 5618 bibere
475 5569 770 5624 reddamus.

349 5635 372 5672 ⁸
402 5635 593 5694 Codex
615 5639 876 5708 COUlel'l.,
910 5643 1197 5698 redhibitio.

2035 5242 2063 5306 °_
2083 5228 2554 5306 Codex'Colbert”
2589 5233 2774 5306 ‘Tanta
2822 5233 3175 5306 uicissitudine
3199 5237 3405 5306 pietatis
3430 5252 3538 5293 sua

1961 5300 2201 5380 traheret.
2246 5297 2360 5380 Yox
2398 5302 2629 5371 exemplo
2671 5303 2779 5358 illic
2805 5303 2974 5380 deest.
3023 5297 3276 5380 Codicem
3303 5321 3455 5380 suum
3483 5317 3537 5362 et

1961 5376 2171 5422 veteres
2200 5369 2461 5425 editiones
2502 5369 2716 5428 secutus
2743 5382 2826 5428 est
2863 5372 3122 5429 Pithmus.
3160 5373 3266 5428 Nos
3293 5374 3532 5430 codicem

1961 5438 2358 5492 Corbeiensem.

2040 5506 2056 5545 ι
2089 5506 2165 5560 ita
2192 5508 2363 5562 codex
2405 5508 2760 5568 Corbeicnsis.
2794 5511 3137 5568 Colbertiuus
3173 5520 3228 5567 et
3272 5509 3535 5573 editiones

1961 5577 2160 5632 habent
2185 5575 2393 5633 Christi.
3377 5620 3380 5622 ν

2036 5657 2057 5695 8
2091 5646 2392 5718 Legenduru
2422 5648 2578 5715 forte,
2611 5650 2817 5706 rabidas
2848 5649 3186 5723 rupiditates..
