  <div class='ocr_page' id='page_1' title='image "/cluster/home/n/w/nwhite01/storage/ocr_20150623/53/hvd.32044073505091/049.png"; bbox 0 0 4006 6182; ppageno 0'>
   <div class='ocr_carea' id='block_1_1' title="bbox 432 260 3702 326">
    <p class='ocr_par' dir='ltr' id='par_1_1' title="bbox 432 260 3702 326">
     <span class='ocr_line' id='line_1_1' title="bbox 432 260 3702 326; baseline -0.003 0"><span class='ocrx_word' id='word_1_1' title='bbox 432 267 504 326; x_wconf 71' lang='grc'><strong>83</strong></span> <span class='ocrx_word' id='word_1_2' title='bbox 1413 267 1470 324; x_wconf 82' lang='grc'><strong>5.</strong></span> <span class='ocrx_word' id='word_1_3' title='bbox 1511 265 1826 322; x_wconf 68' lang='lat' dir='ltr'><strong>SALVIANI</strong></span> <span class='ocrx_word' id='word_1_4' title='bbox 1864 262 2320 319; x_wconf 71' lang='lat' dir='ltr'><strong>MASSILIENSlS</strong></span> <span class='ocrx_word' id='word_1_5' title='bbox 2355 260 2782 318; x_wconf 71' lang='lat' dir='ltr'><strong>PRESBYTER!</strong></span> <span class='ocrx_word' id='word_1_6' title='bbox 3633 261 3702 318; x_wconf 65' lang='lat' dir='ltr'><strong>8i</strong></span> 
     </span>
    </p>
   </div>
   <div class='ocr_carea' id='block_1_2' title="bbox 429 372 3702 446">
    <p class='ocr_par' dir='ltr' id='par_1_2' title="bbox 429 372 3702 446">
     <span class='ocr_line' id='line_1_2' title="bbox 429 372 3702 446; baseline 0 -17"><span class='ocrx_word' id='word_1_7' title='bbox 429 375 578 430; x_wconf 89' lang='lat' dir='ltr'><strong>ribus</strong></span> <span class='ocrx_word' id='word_1_8' title='bbox 603 391 740 431; x_wconf 90' lang='lat' dir='ltr'><strong>nova</strong></span> <span class='ocrx_word' id='word_1_9' title='bbox 769 377 1015 434; x_wconf 81' lang='lat' dir='ltr'><strong>addimus</strong></span> <span class='ocrx_word' id='word_1_10' title='bbox 1037 418 1052 443; x_wconf 88' lang='lat'><strong>,</strong></span> <span class='ocrx_word' id='word_1_11' title='bbox 1090 393 1192 433; x_wconf 91' lang='lat' dir='ltr'><strong>nec</strong></span> <span class='ocrx_word' id='word_1_12' title='bbox 1229 376 1403 432; x_wconf 89' lang='lat' dir='ltr'><strong>solum</strong></span> <span class='ocrx_word' id='word_1_13' title='bbox 1442 391 1600 441; x_wconf 89' lang='lat' dir='ltr'><strong>nova,</strong></span> <span class='ocrx_word' id='word_1_14' title='bbox 1641 374 1736 430; x_wconf 90' lang='lat' dir='ltr'><strong>sed</strong></span> <span class='ocrx_word' id='word_1_15' title='bbox 1763 373 2010 444; x_wconf 57' lang='lat' dir='ltr'><strong>quaedam</strong></span> <span class='ocrx_word' id='word_1_16' title='bbox 2041 384 2089 440; x_wconf 72' lang='grc' dir='ltr'>Α</span> <span class='ocrx_word' id='word_1_17' title='bbox 2117 391 2268 440; x_wconf 85' lang='lat' dir='ltr'><strong>mus;</strong></span> <span class='ocrx_word' id='word_1_18' title='bbox 2305 384 2361 430; x_wconf 90' lang='lat' dir='ltr'><strong>et</strong></span> <span class='ocrx_word' id='word_1_19' title='bbox 2399 376 2504 430; x_wconf 85' lang='lat' dir='ltr'><strong>hoc</strong></span> <span class='ocrx_word' id='word_1_20' title='bbox 2539 377 2722 446; x_wconf 92' lang='lat' dir='ltr'><strong>utique</strong></span> <span class='ocrx_word' id='word_1_21' title='bbox 2763 375 2880 446; x_wconf 87' lang='lat' dir='ltr'><strong>ipso</strong></span> <span class='ocrx_word' id='word_1_22' title='bbox 2908 373 3246 430; x_wconf 68' lang='lat' dir='ltr'><strong>manifestum</strong></span> <span class='ocrx_word' id='word_1_23' title='bbox 3291 381 3375 429; x_wconf 90' lang='lat' dir='ltr'><strong>est</strong></span> <span class='ocrx_word' id='word_1_24' title='bbox 3409 372 3553 444; x_wconf 88' lang='lat' dir='ltr'><strong>quod</strong></span> <span class='ocrx_word' id='word_1_25' title='bbox 3590 390 3702 430; x_wconf 88' lang='lat' dir='ltr'><strong>non</strong></span> 
     </span>
    </p>
   </div>
   <div class='ocr_carea' id='block_1_3' title="bbox 430 467 2022 540">
    <p class='ocr_par' dir='ltr' id='par_1_3' title="bbox 430 467 2022 540">
     <span class='ocr_line' id='line_1_3' title="bbox 430 467 2022 540; baseline -0.001 -18"><span class='ocrx_word' id='word_1_26' title='bbox 430 469 690 538; x_wconf 78' lang='lat' dir='ltr'><strong>paganica</strong></span> <span class='ocrx_word' id='word_1_27' title='bbox 731 485 794 524; x_wconf 91' lang='lat' dir='ltr'><strong>ac</strong></span> <span class='ocrx_word' id='word_1_28' title='bbox 822 470 1128 540; x_wconf 76' lang='lat' dir='ltr'><strong>prodigiosa</strong></span> <span class='ocrx_word' id='word_1_29' title='bbox 1171 477 1228 524; x_wconf 90' lang='lat' dir='ltr'><strong>et</strong></span> <span class='ocrx_word' id='word_1_30' title='bbox 1274 469 1327 524; x_wconf 91' lang='lat' dir='ltr'><strong>in</strong></span> <span class='ocrx_word' id='word_1_31' title='bbox 1355 468 1595 524; x_wconf 89' lang='lat' dir='ltr'><strong>ecclesiis</strong></span> <span class='ocrx_word' id='word_1_32' title='bbox 1624 467 1717 522; x_wconf 89' lang='lat' dir='ltr'><strong>Dei</strong></span> <span class='ocrx_word' id='word_1_33' title='bbox 1751 475 1879 522; x_wconf 91' lang='lat' dir='ltr'><strong>ante</strong></span> <span class='ocrx_word' id='word_1_34' title='bbox 1906 482 2022 536; x_wconf 40' lang='lat' dir='ltr'><strong>non.</strong></span> 
     </span>
    </p>
   </div>
   <div class='ocr_carea' id='block_1_4' title="bbox 433 558 2016 628">
    <p class='ocr_par' dir='ltr' id='par_1_4' title="bbox 433 558 2016 628">
     <span class='ocr_line' id='line_1_4' title="bbox 433 558 2016 628; baseline 0 -18"><span class='ocrx_word' id='word_1_35' title='bbox 433 560 576 624; x_wconf 84' lang='lat' dir='ltr'><strong>visa;</strong></span> <span class='ocrx_word' id='word_1_36' title='bbox 617 559 885 628; x_wconf 93' lang='lat' dir='ltr'><strong>iactantes</strong></span> <span class='ocrx_word' id='word_1_37' title='bbox 920 561 1124 615; x_wconf 84' lang='lat' dir='ltr'><strong>scilicet</strong></span> <span class='ocrx_word' id='word_1_38' title='bbox 1165 558 1419 628; x_wconf 86' lang='lat' dir='ltr'><strong>profanas</strong></span> <span class='ocrx_word' id='word_1_39' title='bbox 1445 560 1499 612; x_wconf 92' lang='lat' dir='ltr'><strong>in</strong></span> <span class='ocrx_word' id='word_1_40' title='bbox 1531 559 1699 613; x_wconf 85' lang='lat' dir='ltr'><strong>Deum</strong></span> <span class='ocrx_word' id='word_1_41' title='bbox 1727 572 1920 622; x_wconf 90' lang='lat' dir='ltr'><strong>voces,</strong></span> <span class='ocrx_word' id='word_1_42' title='bbox 1962 565 2016 611; x_wconf 91' lang='lat' dir='ltr'><strong>et</strong></span> 
     </span>
    </p>
   </div>
   <div class='ocr_carea' id='block_1_5' title="bbox 429 648 2018 718">
    <p class='ocr_par' dir='ltr' id='par_1_5' title="bbox 429 648 2018 718">
     <span class='ocr_line' id='line_1_5' title="bbox 429 648 2018 718; baseline 0.002 -18"><span class='ocrx_word' id='word_1_43' title='bbox 429 648 820 702; x_wconf 85' lang='lat' dir='ltr'><strong>contumeliose</strong></span> <span class='ocrx_word' id='word_1_44' title='bbox 843 648 1300 718; x_wconf 90' lang='lat' dir='ltr'><strong>blasphemantes,</strong></span> <span class='ocrx_word' id='word_1_45' title='bbox 1331 648 1571 704; x_wconf 88' lang='lat' dir='ltr'><strong>dicentes</strong></span> <span class='ocrx_word' id='word_1_46' title='bbox 1592 649 1758 702; x_wconf 91' lang='lat' dir='ltr'><strong>Deum</strong></span> <span class='ocrx_word' id='word_1_47' title='bbox 1782 649 2018 703; x_wconf 81' lang='lat' dir='ltr'><strong>incurio-</strong></span> 
     </span>
    </p>
   </div>
   <div class='ocr_carea' id='block_1_6' title="bbox 427 736 2011 808">
    <p class='ocr_par' dir='ltr' id='par_1_6' title="bbox 427 736 2011 808">
     <span class='ocr_line' id='line_1_6' title="bbox 427 736 2011 808; baseline 0.002 -19"><span class='ocrx_word' id='word_1_48' title='bbox 427 751 583 802; x_wconf 82' lang='lat' dir='ltr'><strong>sum,</strong></span> <span class='ocrx_word' id='word_1_49' title='bbox 623 736 791 791; x_wconf 90' lang='lat' dir='ltr'><strong>Deum</strong></span> <span class='ocrx_word' id='word_1_50' title='bbox 835 754 944 794; x_wconf 91' lang='lat' dir='ltr'><strong>non</strong></span> <span class='ocrx_word' id='word_1_51' title='bbox 973 738 1373 805; x_wconf 88' lang='lat' dir='ltr'><strong>intendentem,</strong></span> <span class='ocrx_word' id='word_1_52' title='bbox 1416 739 1586 794; x_wconf 91' lang='lat' dir='ltr'><strong>Deum</strong></span> <span class='ocrx_word' id='word_1_53' title='bbox 1634 739 2011 808; x_wconf 71' lang='lat' dir='ltr'><strong>negligentem,</strong></span> 
     </span>
    </p>
   </div>
   <div class='ocr_carea' id='block_1_7' title="bbox 430 823 2015 898">
    <p class='ocr_par' dir='ltr' id='par_1_7' title="bbox 430 823 2015 898">
     <span class='ocr_line' id='line_1_7' title="bbox 430 823 2015 898; baseline 0.001 -18"><span class='ocrx_word' id='word_1_54' title='bbox 430 823 600 880; x_wconf 88' lang='lat' dir='ltr'><strong>Deum</strong></span> <span class='ocrx_word' id='word_1_55' title='bbox 630 839 738 881; x_wconf 92' lang='lat' dir='ltr'><strong>non</strong></span> <span class='ocrx_word' id='word_1_56' title='bbox 769 827 1189 895; x_wconf 82' lang='lat' dir='ltr'><strong>gubernantem,</strong></span> <span class='ocrx_word' id='word_1_57' title='bbox 1213 843 1278 882; x_wconf 92' lang='lat' dir='ltr'><strong>ac</strong></span> <span class='ocrx_word' id='word_1_58' title='bbox 1305 843 1402 898; x_wconf 86' lang='lat' dir='ltr'><strong>per</strong></span> <span class='ocrx_word' id='word_1_59' title='bbox 1425 829 1528 883; x_wconf 91' lang='lat' dir='ltr'><strong>hoc</strong></span> <span class='ocrx_word' id='word_1_60' title='bbox 1556 837 1612 882; x_wconf 89' lang='lat' dir='ltr'><strong>et</strong></span> <span class='ocrx_word' id='word_1_61' title='bbox 1636 827 2015 883; x_wconf 89' lang='lat' dir='ltr'><strong>immisericor-</strong></span> 
     </span>
    </p>
   </div>
   <div class='ocr_carea' id='block_1_8' title="bbox 430 915 2016 988">
    <p class='ocr_par' dir='ltr' id='par_1_8' title="bbox 430 915 2016 988">
     <span class='ocr_line' id='line_1_8' title="bbox 430 915 2016 988; baseline 0.002 -19"><span class='ocrx_word' id='word_1_62' title='bbox 430 915 553 970; x_wconf 91' lang='lat' dir='ltr'><strong>dem</strong></span> <span class='ocrx_word' id='word_1_63' title='bbox 583 925 640 970; x_wconf 94' lang='lat' dir='ltr'><strong>et</strong></span> <span class='ocrx_word' id='word_1_64' title='bbox 667 919 1102 988; x_wconf 62' lang='lat' dir='ltr'><strong>impraastabilem</strong></span> <span class='ocrx_word' id='word_1_65' title='bbox 1127 959 1142 982; x_wconf 95' lang='lat'><strong>,</strong></span> <span class='ocrx_word' id='word_1_66' title='bbox 1185 919 1536 974; x_wconf 86' lang='lat' dir='ltr'><strong>inhumanum</strong></span> <span class='ocrx_word' id='word_1_67' title='bbox 1559 959 1575 985; x_wconf 97' lang='lat'><strong>,</strong></span> <span class='ocrx_word' id='word_1_68' title='bbox 1618 934 1887 988; x_wconf 87' lang='lat' dir='ltr'><strong>asperum,</strong></span> <span class='ocrx_word' id='word_1_69' title='bbox 1917 917 2016 973; x_wconf 87' lang='lat' dir='ltr'><strong>du-</strong></span> 
     </span>
    </p>
   </div>
   <div class='ocr_carea' id='block_1_9' title="bbox 433 1009 2016 1082">
    <p class='ocr_par' dir='ltr' id='par_1_9' title="bbox 433 1009 2016 1082">
     <span class='ocr_line' id='line_1_9' title="bbox 433 1009 2016 1082; baseline 0.001 -20"><span class='ocrx_word' id='word_1_70' title='bbox 433 1025 572 1064; x_wconf 91' lang='lat' dir='ltr'><strong>rum.</strong></span> <span class='ocrx_word' id='word_1_71' title='bbox 603 1009 739 1065; x_wconf 83' lang='lat' dir='ltr'><strong>Nam</strong></span> <span class='ocrx_word' id='word_1_72' title='bbox 767 1011 860 1081; x_wconf 89' lang='lat' dir='ltr'><strong>qui</strong></span> <span class='ocrx_word' id='word_1_73' title='bbox 890 1027 998 1066; x_wconf 87' lang='lat' dir='ltr'><strong>non</strong></span> <span class='ocrx_word' id='word_1_74' title='bbox 1026 1012 1321 1082; x_wconf 81' lang='lat' dir='ltr'><strong>respiciens</strong></span> <span class='ocrx_word' id='word_1_75' title='bbox 1353 1019 1409 1066; x_wconf 88' lang='lat' dir='ltr'><strong>et</strong></span> <span class='ocrx_word' id='word_1_76' title='bbox 1442 1011 1741 1066; x_wconf 84' lang='lat' dir='ltr'><strong>incuriosus</strong></span> <span class='ocrx_word' id='word_1_77' title='bbox 1763 1019 1819 1065; x_wconf 90' lang='lat' dir='ltr'><strong>et</strong></span> <span class='ocrx_word' id='word_1_78' title='bbox 1845 1009 2016 1079; x_wconf 87' lang='lat' dir='ltr'><strong>negli-</strong></span> 
     </span>
    </p>
   </div>
   <div class='ocr_carea' id='block_1_10' title="bbox 433 1102 2016 1173">
    <p class='ocr_par' dir='ltr' id='par_1_10' title="bbox 433 1102 2016 1173">
     <span class='ocr_line' id='line_1_10' title="bbox 433 1102 2016 1173; baseline 0.001 -19"><span class='ocrx_word' id='word_1_79' title='bbox 433 1115 566 1169; x_wconf 90' lang='lat' dir='ltr'><strong>gens</strong></span> <span class='ocrx_word' id='word_1_80' title='bbox 594 1116 713 1156; x_wconf 90' lang='lat' dir='ltr'><strong>esse</strong></span> <span class='ocrx_word' id='word_1_81' title='bbox 740 1102 957 1168; x_wconf 90' lang='lat' dir='ltr'><strong>dicitur,</strong></span> <span class='ocrx_word' id='word_1_82' title='bbox 995 1103 1122 1173; x_wconf 88' lang='lat' dir='ltr'><strong>quid</strong></span> <span class='ocrx_word' id='word_1_83' title='bbox 1150 1109 1397 1173; x_wconf 83' lang='lat' dir='ltr'><strong>superest</strong></span> <span class='ocrx_word' id='word_1_84' title='bbox 1425 1104 1526 1158; x_wconf 80' lang='lat' dir='ltr'><strong>nisi</strong></span> <span class='ocrx_word' id='word_1_85' title='bbox 1549 1110 1608 1157; x_wconf 92' lang='lat' dir='ltr'><strong>ut</strong></span> <span class='ocrx_word' id='word_1_86' title='bbox 1635 1117 1794 1171; x_wconf 87' lang='lat' dir='ltr'><strong>asper</strong></span> <span class='ocrx_word' id='word_1_87' title='bbox 1822 1104 1930 1173; x_wconf 76' lang='lat'><strong>78</strong></span> <span class='ocrx_word' id='word_1_88' title='bbox 1957 1111 2016 1158; x_wconf 89' lang='lat' dir='ltr'><strong>et</strong></span> 
     </span>
    </p>
   </div>
   <div class='ocr_carea' id='block_1_11' title="bbox 435 1192 2018 1264">
    <p class='ocr_par' dir='ltr' id='par_1_11' title="bbox 435 1192 2018 1264">
     <span class='ocr_line' id='line_1_11' title="bbox 435 1192 2018 1264; baseline 0.002 -19"><span class='ocrx_word' id='word_1_89' title='bbox 435 1192 599 1247; x_wconf 91' lang='lat' dir='ltr'><strong>durus</strong></span> <span class='ocrx_word' id='word_1_90' title='bbox 628 1201 682 1247; x_wconf 93' lang='lat' dir='ltr'><strong>et</strong></span> <span class='ocrx_word' id='word_1_91' title='bbox 711 1193 1033 1250; x_wconf 91' lang='lat' dir='ltr'><strong>inhumanus</strong></span> <span class='ocrx_word' id='word_1_92' title='bbox 1061 1211 1179 1251; x_wconf 89' lang='lat' dir='ltr'><strong>esse</strong></span> <span class='ocrx_word' id='word_1_93' title='bbox 1197 1195 1438 1250; x_wconf 85' lang='lat' dir='ltr'><strong>dicatur?</strong></span> <span class='ocrx_word' id='word_1_94' title='bbox 1459 1193 1504 1249; x_wconf 88' lang='grc' dir='ltr'><strong>Ο</strong></span> <span class='ocrx_word' id='word_1_95' title='bbox 1526 1209 1721 1250; x_wconf 62' lang='lat' dir='ltr'><strong>caecam</strong></span> <span class='ocrx_word' id='word_1_96' title='bbox 1744 1193 2018 1264; x_wconf 87' lang='lat' dir='ltr'><strong>impuden-</strong></span> 
     </span>
    </p>
   </div>
   <div class='ocr_carea' id='block_1_12' title="bbox 432 1283 2011 1353">
    <p class='ocr_par' dir='ltr' id='par_1_12' title="bbox 432 1283 2011 1353">
     <span class='ocr_line' id='line_1_12' title="bbox 432 1283 2011 1353; baseline 0.002 -18"><span class='ocrx_word' id='word_1_97' title='bbox 432 1283 596 1336; x_wconf 86' lang='lat' dir='ltr'><strong>tiam!</strong></span> <span class='ocrx_word' id='word_1_98' title='bbox 630 1299 664 1338; x_wconf 94' lang='lat' dir='ltr'><strong>o</strong></span> <span class='ocrx_word' id='word_1_99' title='bbox 703 1285 1017 1353; x_wconf 88' lang='lat' dir='ltr'><strong>sacrilegam</strong></span> <span class='ocrx_word' id='word_1_100' title='bbox 1047 1287 1444 1341; x_wconf 85' lang='lat' dir='ltr'><strong>temeritatem!</strong></span> <span class='ocrx_word' id='word_1_101' title='bbox 1489 1285 1606 1339; x_wconf 87' lang='lat' dir='ltr'><strong>Non</strong></span> <span class='ocrx_word' id='word_1_102' title='bbox 1634 1283 1832 1339; x_wconf 82' lang='lat' dir='ltr'><strong>sufﬁcit</strong></span> <span class='ocrx_word' id='word_1_103' title='bbox 1869 1284 2011 1339; x_wconf 90' lang='lat' dir='ltr'><strong>enim</strong></span> 
     </span>
    </p>
   </div>
   <div class='ocr_carea' id='block_1_13' title="bbox 431 1374 2011 1444">
    <p class='ocr_par' dir='ltr' id='par_1_13' title="bbox 431 1374 2011 1444">
     <span class='ocr_line' id='line_1_13' title="bbox 431 1374 2011 1444; baseline 0.001 -18"><span class='ocrx_word' id='word_1_104' title='bbox 431 1374 587 1428; x_wconf 88' lang='lat' dir='ltr'><strong>nobis</strong></span> <span class='ocrx_word' id='word_1_105' title='bbox 610 1375 756 1443; x_wconf 79' lang='lat' dir='ltr'><strong>quod</strong></span> <span class='ocrx_word' id='word_1_106' title='bbox 791 1376 1026 1444; x_wconf 85' lang='lat' dir='ltr'><strong>peccatis</strong></span> <span class='ocrx_word' id='word_1_107' title='bbox 1066 1376 1542 1431; x_wconf 85' lang='lat' dir='ltr'><strong>innumerabilibus</strong></span> <span class='ocrx_word' id='word_1_108' title='bbox 1575 1375 1817 1439; x_wconf 75' lang='lat' dir='ltr'><strong>involuti,</strong></span> <span class='ocrx_word' id='word_1_109' title='bbox 1849 1376 1928 1429; x_wconf 89' lang='lat' dir='ltr'><strong>rei</strong></span> <span class='ocrx_word' id='word_1_110' title='bbox 1958 1375 2011 1429; x_wconf 90' lang='lat' dir='ltr'><strong>in</strong></span> 
     </span>
    </p>
   </div>
   <div class='ocr_carea' id='block_1_14' title="bbox 428 1465 2013 1530">
    <p class='ocr_par' dir='ltr' id='par_1_14' title="bbox 428 1465 2013 1530">
     <span class='ocr_line' id='line_1_14' title="bbox 428 1465 2013 1530; baseline 0.001 -12"><span class='ocrx_word' id='word_1_111' title='bbox 428 1466 678 1519; x_wconf 87' lang='lat' dir='ltr'><strong>omnibus</strong></span> <span class='ocrx_word' id='word_1_112' title='bbox 705 1465 820 1520; x_wconf 90' lang='lat' dir='ltr'><strong>Deo</strong></span> <span class='ocrx_word' id='word_1_113' title='bbox 846 1481 1028 1521; x_wconf 91' lang='lat' dir='ltr'><strong>sumus</strong></span> <span class='ocrx_word' id='word_1_114' title='bbox 1045 1505 1060 1530; x_wconf 93' lang='lat'><strong>,</strong></span> <span class='ocrx_word' id='word_1_115' title='bbox 1106 1467 1208 1521; x_wconf 90' lang='lat' dir='ltr'><strong>nisi</strong></span> <span class='ocrx_word' id='word_1_116' title='bbox 1248 1467 1408 1521; x_wconf 90' lang='lat' dir='ltr'><strong>etiam</strong></span> <span class='ocrx_word' id='word_1_117' title='bbox 1437 1475 1779 1522; x_wconf 81' lang='lat' dir='ltr'><strong>accusatores</strong></span> <span class='ocrx_word' id='word_1_118' title='bbox 1807 1465 1904 1520; x_wconf 89' lang='lat' dir='ltr'><strong>Dei</strong></span> <span class='ocrx_word' id='word_1_119' title='bbox 1940 1467 2013 1520; x_wconf 90' lang='lat' dir='ltr'><strong>si-</strong></span> 
     </span>
    </p>
   </div>
   <div class='ocr_carea' id='block_1_15' title="bbox 429 1555 2013 1635">
    <p class='ocr_par' dir='ltr' id='par_1_15' title="bbox 429 1555 2013 1635">
     <span class='ocr_line' id='line_1_15' title="bbox 429 1555 2013 1635; baseline 0.003 -27"><span class='ocrx_word' id='word_1_120' title='bbox 429 1572 566 1611; x_wconf 87' lang='lat' dir='ltr'><strong>mus.</strong></span> <span class='ocrx_word' id='word_1_121' title='bbox 599 1555 667 1611; x_wconf 88' lang='lat' dir='ltr'><strong>Et</strong></span> <span class='ocrx_word' id='word_1_122' title='bbox 693 1572 830 1626; x_wconf 68' lang='lat' dir='ltr'><strong>quae,</strong></span> <span class='ocrx_word' id='word_1_123' title='bbox 862 1572 1014 1627; x_wconf 89' lang='lat' dir='ltr'><strong>rogo,</strong></span> <span class='ocrx_word' id='word_1_124' title='bbox 1051 1558 1257 1613; x_wconf 91' lang='lat' dir='ltr'><strong>homini</strong></span> <span class='ocrx_word' id='word_1_125' title='bbox 1283 1573 1407 1628; x_wconf 86' lang='lat' dir='ltr'><strong>spes</strong></span> <span class='ocrx_word' id='word_1_126' title='bbox 1444 1559 1567 1625; x_wconf 91' lang='lat' dir='ltr'><strong>erit,</strong></span> <span class='ocrx_word' id='word_1_127' title='bbox 1597 1557 1689 1635; x_wconf 89' lang='lat' dir='ltr'><strong>qui</strong></span> <span class='ocrx_word' id='word_1_128' title='bbox 1718 1558 1893 1627; x_wconf 86' lang='lat' dir='ltr'><strong>ipsum</strong></span> <span class='ocrx_word' id='word_1_129' title='bbox 1921 1573 2013 1612; x_wconf 91' lang='lat' dir='ltr'><strong>ac-</strong></span> 
     </span>
    </p>
   </div>
   <div class='ocr_carea' id='block_1_16' title="bbox 428 1647 1219 1718">
    <p class='ocr_par' dir='ltr' id='par_1_16' title="bbox 428 1647 1219 1718">
     <span class='ocr_line' id='line_1_16' title="bbox 428 1647 1219 1718; baseline 0.001 -17"><span class='ocrx_word' id='word_1_130' title='bbox 428 1655 580 1702; x_wconf 90' lang='lat' dir='ltr'><strong>cusat</strong></span> <span class='ocrx_word' id='word_1_131' title='bbox 604 1647 837 1716; x_wconf 88' lang='lat' dir='ltr'><strong>iudicem</strong></span> <span class='ocrx_word' id='word_1_132' title='bbox 859 1647 1219 1718; x_wconf 82' lang='lat' dir='ltr'><strong>iudicandus?</strong></span> 
     </span>
    </p>
   </div>
   <div class='ocr_carea' id='block_1_17' title="bbox 2115 465 3698 535">
    <p class='ocr_par' dir='ltr' id='par_1_17' title="bbox 2115 465 3698 535">
     <span class='ocr_line' id='line_1_17' title="bbox 2115 465 3698 535; baseline 0 -15"><span class='ocrx_word' id='word_1_133' title='bbox 2115 466 2336 535; x_wconf 88' lang='lat' dir='ltr'><strong>respicit</strong></span> <span class='ocrx_word' id='word_1_134' title='bbox 2356 481 2442 521; x_wconf 84' lang='lat' dir='ltr'><strong>res</strong></span> <span class='ocrx_word' id='word_1_135' title='bbox 2464 466 2726 520; x_wconf 90' lang='lat' dir='ltr'><strong>humanas</strong></span> <span class='ocrx_word' id='word_1_136' title='bbox 2748 465 2909 531; x_wconf 88' lang='lat' dir='ltr'><strong>Deus,</strong></span> <span class='ocrx_word' id='word_1_137' title='bbox 2939 466 3061 535; x_wconf 88' lang='lat' dir='ltr'><strong>quia</strong></span> <span class='ocrx_word' id='word_1_138' title='bbox 3088 481 3209 521; x_wconf 92' lang='lat' dir='ltr'><strong>cum</strong></span> <span class='ocrx_word' id='word_1_139' title='bbox 3238 465 3491 520; x_wconf 89' lang='lat' dir='ltr'><strong>meliores</strong></span> <span class='ocrx_word' id='word_1_140' title='bbox 3510 466 3698 533; x_wconf 87' lang='lat' dir='ltr'><strong>simus,</strong></span> 
     </span>
    </p>
   </div>
   <div class='ocr_carea' id='block_1_18' title="bbox 2116 555 3697 626">
    <p class='ocr_par' dir='ltr' id='par_1_18' title="bbox 2116 555 3697 626">
     <span class='ocr_line' id='line_1_18' title="bbox 2116 555 3697 626; baseline 0.001 -16"><span class='ocrx_word' id='word_1_141' title='bbox 2116 555 2476 611; x_wconf 88' lang='lat' dir='ltr'><strong>deterioribus</strong></span> <span class='ocrx_word' id='word_1_142' title='bbox 2505 557 2865 626; x_wconf 87' lang='lat' dir='ltr'><strong>subjugamur.</strong></span> <span class='ocrx_word' id='word_1_143' title='bbox 2915 564 2994 611; x_wconf 84' lang='lat' dir='ltr'><strong>An</strong></span> <span class='ocrx_word' id='word_1_144' title='bbox 3023 558 3273 612; x_wconf 89' lang='lat' dir='ltr'><strong>meliores</strong></span> <span class='ocrx_word' id='word_1_145' title='bbox 3306 558 3474 612; x_wconf 90' lang='lat' dir='ltr'><strong>simus</strong></span> <span class='ocrx_word' id='word_1_146' title='bbox 3500 557 3697 612; x_wconf 85' lang='lat' dir='ltr'><strong>barba—</strong></span> 
     </span>
    </p>
   </div>
   <div class='ocr_carea' id='block_1_19' title="bbox 2115 646 3696 726">
    <p class='ocr_par' dir='ltr' id='par_1_19' title="bbox 2115 646 3696 726">
     <span class='ocr_line' id='line_1_19' title="bbox 2115 646 3696 726; baseline 0.002 -26"><span class='ocrx_word' id='word_1_147' title='bbox 2115 647 2191 701; x_wconf 92' lang='lat' dir='ltr'><strong>ris</strong></span> <span class='ocrx_word' id='word_1_148' title='bbox 2214 686 2230 713; x_wconf 91' lang='lat'><strong>,</strong></span> <span class='ocrx_word' id='word_1_149' title='bbox 2255 646 2368 714; x_wconf 89' lang='lat' dir='ltr'><strong>iam</strong></span> <span class='ocrx_word' id='word_1_150' title='bbox 2397 649 2716 726; x_wconf 82' lang='lat' dir='ltr'><strong>videbimus.</strong></span> <span class='ocrx_word' id='word_1_151' title='bbox 2749 646 2909 703; x_wconf 89' lang='lat' dir='ltr'><strong>Certe</strong></span> <span class='ocrx_word' id='word_1_152' title='bbox 2933 689 2948 713; x_wconf 95' lang='lat'><strong>,</strong></span> <span class='ocrx_word' id='word_1_153' title='bbox 2990 648 3135 718; x_wconf 92' lang='lat' dir='ltr'><strong>quod</strong></span> <span class='ocrx_word' id='word_1_154' title='bbox 3165 664 3271 703; x_wconf 90' lang='lat' dir='ltr'><strong>non</strong></span> <span class='ocrx_word' id='word_1_155' title='bbox 3314 656 3397 703; x_wconf 91' lang='lat' dir='ltr'><strong>est</strong></span> <span class='ocrx_word' id='word_1_156' title='bbox 3441 649 3661 704; x_wconf 90' lang='lat' dir='ltr'><strong>dubium</strong></span> <span class='ocrx_word' id='word_1_157' title='bbox 3681 691 3696 715; x_wconf 89' lang='lat'><strong>,</strong></span> 
     </span>
    </p>
   </div>
   <div class='ocr_carea' id='block_1_20' title="bbox 2116 737 3698 808">
    <p class='ocr_par' dir='ltr' id='par_1_20' title="bbox 2116 737 3698 808">
     <span class='ocr_line' id='line_1_20' title="bbox 2116 737 3698 808; baseline 0.003 -18"><span class='ocrx_word' id='word_1_158' title='bbox 2116 738 2368 792; x_wconf 90' lang='lat' dir='ltr'><strong>meliores</strong></span> <span class='ocrx_word' id='word_1_159' title='bbox 2396 753 2514 792; x_wconf 91' lang='lat' dir='ltr'><strong>esse</strong></span> <span class='ocrx_word' id='word_1_160' title='bbox 2535 738 2810 793; x_wconf 88' lang='lat' dir='ltr'><strong>debemus.</strong></span> <span class='ocrx_word' id='word_1_161' title='bbox 2842 737 2910 792; x_wconf 86' lang='lat' dir='ltr'><strong>Et</strong></span> <span class='ocrx_word' id='word_1_162' title='bbox 2930 739 3034 793; x_wconf 91' lang='lat' dir='ltr'><strong>hoc</strong></span> <span class='ocrx_word' id='word_1_163' title='bbox 3057 739 3173 808; x_wconf 90' lang='lat' dir='ltr'><strong>ipso</strong></span> <span class='ocrx_word' id='word_1_164' title='bbox 3195 740 3378 806; x_wconf 88' lang='lat' dir='ltr'><strong>utique</strong></span> <span class='ocrx_word' id='word_1_165' title='bbox 3401 737 3698 794; x_wconf 85' lang='lat' dir='ltr'><strong>deteriores</strong></span> 
     </span>
    </p>
   </div>
   <div class='ocr_carea' id='block_1_21' title="bbox 2114 828 3703 899">
    <p class='ocr_par' dir='ltr' id='par_1_21' title="bbox 2114 828 3703 899">
     <span class='ocr_line' id='line_1_21' title="bbox 2114 828 3703 899; baseline 0.001 -16"><span class='ocrx_word' id='word_1_166' title='bbox 2114 843 2320 893; x_wconf 86' lang='lat' dir='ltr'><strong>sumus,</strong></span> <span class='ocrx_word' id='word_1_167' title='bbox 2346 828 2390 882; x_wconf 90' lang='lat' dir='ltr'><strong>si</strong></span> <span class='ocrx_word' id='word_1_168' title='bbox 2420 829 2669 883; x_wconf 85' lang='lat' dir='ltr'><strong>meliores</strong></span> <span class='ocrx_word' id='word_1_169' title='bbox 2697 845 2805 884; x_wconf 91' lang='lat' dir='ltr'><strong>non</strong></span> <span class='ocrx_word' id='word_1_170' title='bbox 2833 844 3035 893; x_wconf 90' lang='lat' dir='ltr'><strong>sumus,</strong></span> <span class='ocrx_word' id='word_1_171' title='bbox 3068 829 3160 899; x_wconf 90' lang='lat' dir='ltr'><strong>qui</strong></span> <span class='ocrx_word' id='word_1_172' title='bbox 3188 829 3440 883; x_wconf 89' lang='lat' dir='ltr'><strong>meliores</strong></span> <span class='ocrx_word' id='word_1_173' title='bbox 3467 843 3586 885; x_wconf 86' lang='lat' dir='ltr'><strong>esse</strong></span> <span class='ocrx_word' id='word_1_174' title='bbox 3609 829 3703 884; x_wconf 80' lang='lat' dir='ltr'><strong>de-</strong></span> 
     </span>
    </p>
   </div>
   <div class='ocr_carea' id='block_1_22' title="bbox 2113 918 3698 990">
    <p class='ocr_par' dir='ltr' id='par_1_22' title="bbox 2113 918 3698 990">
     <span class='ocr_line' id='line_1_22' title="bbox 2113 918 3698 990; baseline 0.002 -17"><span class='ocrx_word' id='word_1_175' title='bbox 2113 918 2323 973; x_wconf 89' lang='lat' dir='ltr'><strong>bemus.</strong></span> <span class='ocrx_word' id='word_1_176' title='bbox 2369 919 2721 974; x_wconf 88' lang='lat' dir='ltr'><strong>Crimiuosior</strong></span> <span class='ocrx_word' id='word_1_177' title='bbox 2759 921 2902 975; x_wconf 89' lang='lat' dir='ltr'><strong>enim</strong></span> <span class='ocrx_word' id='word_1_178' title='bbox 2930 921 3084 990; x_wconf 88' lang='lat' dir='ltr'><strong>culpa</strong></span> <span class='ocrx_word' id='word_1_179' title='bbox 3131 926 3246 986; x_wconf 92' lang='lat' dir='ltr'><strong>est,</strong></span> <span class='ocrx_word' id='word_1_180' title='bbox 3277 920 3369 974; x_wconf 89' lang='lat' dir='ltr'><strong>ubi</strong></span> <span class='ocrx_word' id='word_1_181' title='bbox 3414 919 3698 976; x_wconf 88' lang='lat' dir='ltr'><strong>honestior</strong></span> 
     </span>
    </p>
   </div>
   <div class='ocr_carea' id='block_1_23' title="bbox 2114 1005 3696 1080">
    <p class='ocr_par' dir='ltr' id='par_1_23' title="bbox 2114 1005 3696 1080">
     <span class='ocr_line' id='line_1_23' title="bbox 2114 1005 3696 1080; baseline 0.003 -20"><span class='ocrx_word' id='word_1_182' title='bbox 2114 1015 2305 1061; x_wconf 89' lang='lat' dir='ltr'><strong>status.</strong></span> <span class='ocrx_word' id='word_1_183' title='bbox 2333 1005 2390 1062; x_wconf 90' lang='lat' dir='ltr'><strong>Si</strong></span> <span class='ocrx_word' id='word_1_184' title='bbox 2422 1018 2443 1046; x_wconf 72' lang='grc' dir='ltr'><strong>ο</strong></span> <span class='ocrx_word' id='word_1_185' title='bbox 2472 1008 2788 1064; x_wconf 88' lang='lat' dir='ltr'><strong>honoratior</strong></span> <span class='ocrx_word' id='word_1_186' title='bbox 2813 1016 2897 1064; x_wconf 87' lang='lat' dir='ltr'><strong>est</strong></span> <span class='ocrx_word' id='word_1_187' title='bbox 2915 1023 3144 1080; x_wconf 89' lang='lat' dir='ltr'><strong>persona</strong></span> <span class='ocrx_word' id='word_1_188' title='bbox 3165 1009 3460 1079; x_wconf 89' lang='lat' dir='ltr'><strong>peccantis,</strong></span> <span class='ocrx_word' id='word_1_189' title='bbox 3488 1010 3696 1079; x_wconf 87' lang='lat' dir='ltr'><strong>peccati</strong></span> 
     </span>
    </p>
   </div>
   <div class='ocr_carea' id='block_1_24' title="bbox 2114 1098 3700 1170">
    <p class='ocr_par' dir='ltr' id='par_1_24' title="bbox 2114 1098 3700 1170">
     <span class='ocr_line' id='line_1_24' title="bbox 2114 1098 3700 1170; baseline 0.001 -16"><span class='ocrx_word' id='word_1_190' title='bbox 2114 1112 2332 1169; x_wconf 90' lang='lat' dir='ltr'><strong>quoque</strong></span> <span class='ocrx_word' id='word_1_191' title='bbox 2359 1098 2531 1168; x_wconf 87' lang='lat' dir='ltr'><strong>major</strong></span> <span class='ocrx_word' id='word_1_192' title='bbox 2574 1100 2792 1154; x_wconf 75' lang='lat' dir='ltr'><strong>invidia.</strong></span> <span class='ocrx_word' id='word_1_193' title='bbox 2824 1099 3044 1155; x_wconf 85' lang='lat' dir='ltr'><strong>Furtum</strong></span> <span class='ocrx_word' id='word_1_194' title='bbox 3087 1101 3140 1155; x_wconf 90' lang='lat' dir='ltr'><strong>in</strong></span> <span class='ocrx_word' id='word_1_195' title='bbox 3183 1101 3330 1155; x_wconf 88' lang='lat' dir='ltr'><strong>omni</strong></span> <span class='ocrx_word' id='word_1_196' title='bbox 3365 1100 3584 1170; x_wconf 87' lang='lat' dir='ltr'><strong>quidem</strong></span> <span class='ocrx_word' id='word_1_197' title='bbox 3611 1109 3700 1156; x_wconf 90' lang='lat' dir='ltr'><strong>est</strong></span> 
     </span>
    </p>
   </div>
   <div class='ocr_carea' id='block_1_25' title="bbox 2113 1186 3698 1266">
    <p class='ocr_par' dir='ltr' id='par_1_25' title="bbox 2113 1186 3698 1266">
     <span class='ocr_line' id='line_1_25' title="bbox 2113 1186 3698 1266; baseline 0.003 -24"><span class='ocrx_word' id='word_1_198' title='bbox 2113 1186 2333 1244; x_wconf 89' lang='lat' dir='ltr'><strong>homine</strong></span> <span class='ocrx_word' id='word_1_199' title='bbox 2359 1190 2559 1244; x_wconf 90' lang='lat' dir='ltr'><strong>malum</strong></span> <span class='ocrx_word' id='word_1_200' title='bbox 2586 1189 2818 1266; x_wconf 76' lang='lat' dir='ltr'><strong>facinus;</strong></span> <span class='ocrx_word' id='word_1_201' title='bbox 2856 1189 2949 1245; x_wconf 84' lang='lat' dir='ltr'><strong>sed</strong></span> <span class='ocrx_word' id='word_1_202' title='bbox 2978 1189 3332 1246; x_wconf 85' lang='lat' dir='ltr'><strong>damnabilius</strong></span> <span class='ocrx_word' id='word_1_203' title='bbox 3368 1191 3571 1260; x_wconf 85' lang='lat' dir='ltr'><strong>absque</strong></span> <span class='ocrx_word' id='word_1_204' title='bbox 3597 1190 3698 1246; x_wconf 86' lang='lat' dir='ltr'><strong>du-</strong></span> 
     </span>
    </p>
   </div>
   <div class='ocr_carea' id='block_1_26' title="bbox 2113 1276 3688 1350">
    <p class='ocr_par' dir='ltr' id='par_1_26' title="bbox 2113 1276 3688 1350">
     <span class='ocr_line' id='line_1_26' title="bbox 2113 1276 3688 1350; baseline 0.002 -20"><span class='ocrx_word' id='word_1_205' title='bbox 2113 1276 2205 1332; x_wconf 92' lang='lat' dir='ltr'><strong>bio</strong></span> <span class='ocrx_word' id='word_1_206' title='bbox 2256 1287 2474 1333; x_wconf 89' lang='lat' dir='ltr'><strong>senator</strong></span> <span class='ocrx_word' id='word_1_207' title='bbox 2517 1277 2727 1333; x_wconf 88' lang='lat' dir='ltr'><strong>furatur</strong></span> <span class='ocrx_word' id='word_1_208' title='bbox 2774 1281 2950 1348; x_wconf 86' lang='lat' dir='ltr'><strong>aliqua</strong></span> <span class='ocrx_word' id='word_1_209' title='bbox 3000 1295 3160 1349; x_wconf 90' lang='lat' dir='ltr'><strong>quam</strong></span> <span class='ocrx_word' id='word_1_210' title='bbox 3210 1281 3390 1336; x_wconf 84' lang='lat' dir='ltr'><strong>intima</strong></span> <span class='ocrx_word' id='word_1_211' title='bbox 3439 1296 3688 1350; x_wconf 86' lang='lat' dir='ltr'><strong>persona.</strong></span> 
     </span>
    </p>
   </div>
   <div class='ocr_carea' id='block_1_27' title="bbox 2113 1366 3698 1440">
    <p class='ocr_par' dir='ltr' id='par_1_27' title="bbox 2113 1366 3698 1440">
     <span class='ocr_line' id='line_1_27' title="bbox 2113 1366 3698 1440; baseline 0.002 -19"><span class='ocrx_word' id='word_1_212' title='bbox 2113 1366 2335 1422; x_wconf 88' lang='lat' dir='ltr'><strong>Cunctis</strong></span> <span class='ocrx_word' id='word_1_213' title='bbox 2357 1368 2639 1424; x_wconf 89' lang='lat' dir='ltr'><strong>fornicatio</strong></span> <span class='ocrx_word' id='word_1_214' title='bbox 2662 1371 3024 1436; x_wconf 89' lang='lat' dir='ltr'><strong>interdicitur;</strong></span> <span class='ocrx_word' id='word_1_215' title='bbox 3047 1370 3140 1425; x_wconf 81' lang='lat' dir='ltr'><strong>sed</strong></span> <span class='ocrx_word' id='word_1_216' title='bbox 3165 1372 3377 1440; x_wconf 85' lang='lat' dir='ltr'><strong>gravius</strong></span> <span class='ocrx_word' id='word_1_217' title='bbox 3401 1371 3572 1426; x_wconf 85' lang='lat' dir='ltr'><strong>multo</strong></span> <span class='ocrx_word' id='word_1_218' title='bbox 3610 1379 3698 1426; x_wconf 82' lang='lat' dir='ltr'><strong>est</strong></span> 
     </span>
    </p>
   </div>
   <div class='ocr_carea' id='block_1_28' title="bbox 2114 1455 3691 1534">
    <p class='ocr_par' dir='ltr' id='par_1_28' title="bbox 2114 1455 3691 1534">
     <span class='ocr_line' id='line_1_28' title="bbox 2114 1455 3691 1534; baseline 0.003 -21"><span class='ocrx_word' id='word_1_219' title='bbox 2114 1457 2141 1497; x_wconf 75' lang='grc' dir='ltr'><strong>(ι</strong></span> <span class='ocrx_word' id='word_1_220' title='bbox 2168 1461 2213 1514; x_wconf 89' lang='lat' dir='ltr'><strong>si</strong></span> <span class='ocrx_word' id='word_1_221' title='bbox 2251 1461 2318 1515; x_wconf 91' lang='lat' dir='ltr'><strong>de</strong></span> <span class='ocrx_word' id='word_1_222' title='bbox 2346 1461 2492 1515; x_wconf 90' lang='lat' dir='ltr'><strong>clero</strong></span> <span class='ocrx_word' id='word_1_223' title='bbox 2522 1462 2714 1530; x_wconf 89' lang='lat' dir='ltr'><strong>aliquis</strong></span> <span class='ocrx_word' id='word_1_224' title='bbox 2749 1477 2911 1532; x_wconf 91' lang='lat' dir='ltr'><strong>quam</strong></span> <span class='ocrx_word' id='word_1_225' title='bbox 2940 1464 2986 1518; x_wconf 90' lang='lat' dir='ltr'><strong>si</strong></span> <span class='ocrx_word' id='word_1_226' title='bbox 3029 1465 3097 1518; x_wconf 93' lang='lat' dir='ltr'><strong>de</strong></span> <span class='ocrx_word' id='word_1_227' title='bbox 3131 1455 3334 1534; x_wconf 80' lang='lat' dir='ltr'><strong>populo</strong></span> <span class='ocrx_word' id='word_1_228' title='bbox 3376 1462 3691 1519; x_wconf 83' lang='lat' dir='ltr'><strong>foruicetur.</strong></span> 
     </span>
    </p>
   </div>
   <div class='ocr_carea' id='block_1_29' title="bbox 2113 1551 3749 1629">
    <p class='ocr_par' dir='ltr' id='par_1_29' title="bbox 2113 1551 3749 1629">
     <span class='ocr_line' id='line_1_29' title="bbox 2113 1551 3749 1629; baseline 0.002 -24"><span class='ocrx_word' id='word_1_229' title='bbox 2113 1551 2190 1606; x_wconf 88' lang='lat' dir='ltr'><strong>Ita</strong></span> <span class='ocrx_word' id='word_1_230' title='bbox 2218 1561 2274 1606; x_wconf 91' lang='lat' dir='ltr'><strong>et</strong></span> <span class='ocrx_word' id='word_1_231' title='bbox 2300 1568 2400 1607; x_wconf 89' lang='lat' dir='ltr'><strong>nos</strong></span> <span class='ocrx_word' id='word_1_232' title='bbox 2425 1554 2515 1621; x_wconf 89' lang='lat' dir='ltr'><strong>qui</strong></span> <span class='ocrx_word' id='word_1_233' title='bbox 2546 1552 2835 1608; x_wconf 86' lang='lat' dir='ltr'><strong>Christiani</strong></span> <span class='ocrx_word' id='word_1_234' title='bbox 2866 1563 2921 1608; x_wconf 93' lang='lat' dir='ltr'><strong>et</strong></span> <span class='ocrx_word' id='word_1_235' title='bbox 2947 1555 3197 1609; x_wconf 89' lang='lat' dir='ltr'><strong>catholici</strong></span> <span class='ocrx_word' id='word_1_236' title='bbox 3224 1569 3344 1609; x_wconf 91' lang='lat' dir='ltr'><strong>esse</strong></span> <span class='ocrx_word' id='word_1_237' title='bbox 3372 1554 3613 1619; x_wconf 75' lang='lat' dir='ltr'><strong>dicimur,</strong></span> <span class='ocrx_word' id='word_1_238' title='bbox 3644 1555 3695 1609; x_wconf 90' lang='lat' dir='ltr'><strong>si</strong></span> <span class='ocrx_word' id='word_1_239' title='bbox 3739 1618 3749 1629; x_wconf 40' lang='lat'><strong>.</strong></span> 
     </span>
    </p>
   </div>
   <div class='ocr_carea' id='block_1_30' title="bbox 2113 1643 3694 1714">
    <p class='ocr_par' dir='ltr' id='par_1_30' title="bbox 2113 1643 3694 1714">
     <span class='ocr_line' id='line_1_30' title="bbox 2113 1643 3694 1714; baseline 0 -16"><span class='ocrx_word' id='word_1_240' title='bbox 2113 1643 2288 1698; x_wconf 88' lang='lat' dir='ltr'><strong>simile</strong></span> <span class='ocrx_word' id='word_1_241' title='bbox 2339 1643 2537 1710; x_wconf 91' lang='lat' dir='ltr'><strong>aliquid</strong></span> <span class='ocrx_word' id='word_1_242' title='bbox 2583 1643 2934 1698; x_wconf 87' lang='lat' dir='ltr'><strong>barbarorum</strong></span> <span class='ocrx_word' id='word_1_243' title='bbox 2979 1644 3376 1714; x_wconf 85' lang='lat' dir='ltr'><strong>impuritatibus</strong></span> <span class='ocrx_word' id='word_1_244' title='bbox 3428 1644 3694 1709; x_wconf 83' lang='lat' dir='ltr'><strong>facimus,</strong></span> 
     </span>
    </p>
   </div>
   <div class='ocr_carea' id='block_1_31' title="bbox 499 1733 3697 1809">
    <p class='ocr_par' dir='ltr' id='par_1_31' title="bbox 499 1733 3697 1809">
     <span class='ocr_line' id='line_1_31' title="bbox 499 1733 3697 1809; baseline 0 -18"><span class='ocrx_word' id='word_1_245' title='bbox 499 1737 612 1791; x_wconf 81' lang='lat' dir='ltr'><strong>Xll.</strong></span> <span class='ocrx_word' id='word_1_246' title='bbox 644 1735 702 1793; x_wconf 88' lang='lat' dir='ltr'><strong>Si</strong></span> <span class='ocrx_word' id='word_1_247' title='bbox 728 1751 878 1806; x_wconf 84' lang='lat' dir='ltr'><strong>ergo,</strong></span> <span class='ocrx_word' id='word_1_248' title='bbox 907 1738 1175 1809; x_wconf 88' lang='lat' dir='ltr'><strong>inquiunt,</strong></span> <span class='ocrx_word' id='word_1_249' title='bbox 1198 1739 1412 1808; x_wconf 87' lang='lat' dir='ltr'><strong>respicit</strong></span> <span class='ocrx_word' id='word_1_250' title='bbox 1445 1753 1533 1794; x_wconf 89' lang='lat' dir='ltr'><strong>res</strong></span> <span class='ocrx_word' id='word_1_251' title='bbox 1559 1739 1820 1793; x_wconf 90' lang='lat' dir='ltr'><strong>humanas</strong></span> <span class='ocrx_word' id='word_1_252' title='bbox 1845 1737 2005 1803; x_wconf 90' lang='lat' dir='ltr'><strong>Deus,</strong></span> <span class='ocrx_word' id='word_1_253' title='bbox 2039 1738 2085 1796; x_wconf 86' lang='grc' dir='ltr'>Β</span> <span class='ocrx_word' id='word_1_254' title='bbox 2113 1733 2326 1801; x_wconf 81' lang='lat' dir='ltr'><strong>gravius</strong></span> <span class='ocrx_word' id='word_1_255' title='bbox 2356 1749 2616 1788; x_wconf 83' lang='lat' dir='ltr'><strong>erramus.</strong></span> <span class='ocrx_word' id='word_1_256' title='bbox 2657 1734 2904 1790; x_wconf 79' lang='lat' dir='ltr'><strong>Atrocius</strong></span> <span class='ocrx_word' id='word_1_257' title='bbox 2942 1736 3086 1789; x_wconf 91' lang='lat' dir='ltr'><strong>enim</strong></span> <span class='ocrx_word' id='word_1_258' title='bbox 3123 1737 3222 1791; x_wconf 91' lang='lat' dir='ltr'><strong>sub</strong></span> <span class='ocrx_word' id='word_1_259' title='bbox 3255 1737 3424 1790; x_wconf 89' lang='lat' dir='ltr'><strong>sancti</strong></span> <span class='ocrx_word' id='word_1_260' title='bbox 3462 1737 3697 1791; x_wconf 90' lang='lat' dir='ltr'><strong>nominis</strong></span> 
     </span>
    </p>
   </div>
   <div class='ocr_carea' id='block_1_32' title="bbox 426 1825 2016 1896">
    <p class='ocr_par' dir='ltr' id='par_1_32' title="bbox 426 1825 2016 1896">
     <span class='ocr_line' id='line_1_32' title="bbox 426 1825 2016 1896; baseline -0.002 -14"><span class='ocrx_word' id='word_1_261' title='bbox 426 1828 468 1882; x_wconf 88' lang='lat' dir='ltr'><strong>si</strong></span> <span class='ocrx_word' id='word_1_262' title='bbox 491 1836 666 1892; x_wconf 86' lang='lat' dir='ltr'><strong>curat,</strong></span> <span class='ocrx_word' id='word_1_263' title='bbox 697 1828 744 1881; x_wconf 92' lang='lat' dir='ltr'><strong>si</strong></span> <span class='ocrx_word' id='word_1_264' title='bbox 781 1825 973 1895; x_wconf 84' lang='lat' dir='ltr'><strong>diligit,</strong></span> <span class='ocrx_word' id='word_1_265' title='bbox 1001 1827 1048 1882; x_wconf 87' lang='lat' dir='ltr'><strong>si</strong></span> <span class='ocrx_word' id='word_1_266' title='bbox 1090 1827 1387 1896; x_wconf 84' lang='lat' dir='ltr'><strong>gubernat,</strong></span> <span class='ocrx_word' id='word_1_267' title='bbox 1419 1842 1516 1882; x_wconf 92' lang='lat' dir='ltr'><strong>cur</strong></span> <span class='ocrx_word' id='word_1_268' title='bbox 1559 1841 1657 1881; x_wconf 91' lang='lat' dir='ltr'><strong>nos</strong></span> <span class='ocrx_word' id='word_1_269' title='bbox 1695 1827 2016 1880; x_wconf 90' lang='lat' dir='ltr'><strong>inlirmiores</strong></span> 
     </span>
    </p>
   </div>
   <div class='ocr_carea' id='block_1_33' title="bbox 427 1914 2016 1986">
    <p class='ocr_par' dir='ltr' id='par_1_33' title="bbox 427 1914 2016 1986">
     <span class='ocr_line' id='line_1_33' title="bbox 427 1914 2016 1986; baseline -0.003 -14"><span class='ocrx_word' id='word_1_270' title='bbox 427 1918 678 1973; x_wconf 87' lang='lat' dir='ltr'><strong>omnibus</strong></span> <span class='ocrx_word' id='word_1_271' title='bbox 714 1917 964 1986; x_wconf 86' lang='lat' dir='ltr'><strong>gentibus</strong></span> <span class='ocrx_word' id='word_1_272' title='bbox 991 1925 1048 1973; x_wconf 93' lang='lat' dir='ltr'><strong>et</strong></span> <span class='ocrx_word' id='word_1_273' title='bbox 1073 1918 1382 1973; x_wconf 90' lang='lat' dir='ltr'><strong>miseriores</strong></span> <span class='ocrx_word' id='word_1_274' title='bbox 1415 1931 1534 1973; x_wconf 87' lang='lat' dir='ltr'><strong>esse</strong></span> <span class='ocrx_word' id='word_1_275' title='bbox 1569 1917 1874 1986; x_wconf 85' lang='lat' dir='ltr'><strong>permittit?</strong></span> <span class='ocrx_word' id='word_1_276' title='bbox 1906 1914 2016 1968; x_wconf 89' lang='lat' dir='ltr'><strong>Cur</strong></span> 
     </span>
    </p>
   </div>
   <div class='ocr_carea' id='block_1_34' title="bbox 427 2007 2016 2081">
    <p class='ocr_par' dir='ltr' id='par_1_34' title="bbox 427 2007 2016 2081">
     <span class='ocr_line' id='line_1_34' title="bbox 427 2007 2016 2081; baseline 0 -19"><span class='ocrx_word' id='word_1_277' title='bbox 427 2010 572 2066; x_wconf 86' lang='lat' dir='ltr'><strong>vinci</strong></span> <span class='ocrx_word' id='word_1_278' title='bbox 596 2025 626 2064; x_wconf 91' lang='lat' dir='ltr'><strong>a</strong></span> <span class='ocrx_word' id='word_1_279' title='bbox 653 2009 903 2066; x_wconf 86' lang='lat' dir='ltr'><strong>barbaris</strong></span> <span class='ocrx_word' id='word_1_280' title='bbox 929 2010 1165 2081; x_wconf 81' lang='lat' dir='ltr'><strong>patitur?</strong></span> <span class='ocrx_word' id='word_1_281' title='bbox 1196 2007 1308 2065; x_wconf 89' lang='lat' dir='ltr'><strong>Cur</strong></span> <span class='ocrx_word' id='word_1_282' title='bbox 1322 2009 1429 2079; x_wconf 89' lang='lat' dir='ltr'><strong>juri</strong></span> <span class='ocrx_word' id='word_1_283' title='bbox 1453 2009 1686 2064; x_wconf 88' lang='lat' dir='ltr'><strong>hostium</strong></span> <span class='ocrx_word' id='word_1_284' title='bbox 1711 2007 2016 2076; x_wconf 83' lang='lat' dir='ltr'><strong>subiugari?</strong></span> 
     </span>
    </p>
   </div>
   <div class='ocr_carea' id='block_1_35' title="bbox 431 2100 2014 2171">
    <p class='ocr_par' dir='ltr' id='par_1_35' title="bbox 431 2100 2014 2171">
     <span class='ocr_line' id='line_1_35' title="bbox 431 2100 2014 2171; baseline 0.001 -18"><span class='ocrx_word' id='word_1_285' title='bbox 431 2101 776 2169; x_wconf 81' lang='lat' dir='ltr'><strong>Brevissime,</strong></span> <span class='ocrx_word' id='word_1_286' title='bbox 803 2110 866 2158; x_wconf 89' lang='lat' dir='ltr'><strong>ut</strong></span> <span class='ocrx_word' id='word_1_287' title='bbox 885 2101 998 2171; x_wconf 89' lang='lat' dir='ltr'><strong>iam</strong></span> <span class='ocrx_word' id='word_1_288' title='bbox 1026 2109 1154 2156; x_wconf 88' lang='lat' dir='ltr'><strong>ante</strong></span> <span class='ocrx_word' id='word_1_289' title='bbox 1181 2101 1290 2156; x_wconf 80' lang='lat' dir='ltr'><strong>dixi</strong></span> <span class='ocrx_word' id='word_1_290' title='bbox 1306 2142 1320 2169; x_wconf 96' lang='lat'><strong>,</strong></span> <span class='ocrx_word' id='word_1_291' title='bbox 1356 2101 1478 2156; x_wconf 89' lang='lat' dir='ltr'><strong>ideo</strong></span> <span class='ocrx_word' id='word_1_292' title='bbox 1508 2116 1607 2156; x_wconf 88' lang='lat' dir='ltr'><strong>nos</strong></span> <span class='ocrx_word' id='word_1_293' title='bbox 1632 2101 1873 2170; x_wconf 87' lang='lat' dir='ltr'><strong>perferre</strong></span> <span class='ocrx_word' id='word_1_294' title='bbox 1901 2100 2014 2154; x_wconf 73' lang='lat' dir='ltr'><strong>haec</strong></span> 
     </span>
    </p>
   </div>
   <div class='ocr_carea' id='block_1_36' title="bbox 429 2189 2016 2263">
    <p class='ocr_par' dir='ltr' id='par_1_36' title="bbox 429 2189 2016 2263">
     <span class='ocr_line' id='line_1_36' title="bbox 429 2189 2016 2263; baseline -0.001 -18"><span class='ocrx_word' id='word_1_295' title='bbox 429 2191 568 2246; x_wconf 87' lang='lat' dir='ltr'><strong>mala</strong></span> <span class='ocrx_word' id='word_1_296' title='bbox 605 2193 832 2263; x_wconf 82' lang='lat' dir='ltr'><strong>patitur,</strong></span> <span class='ocrx_word' id='word_1_297' title='bbox 874 2192 1001 2263; x_wconf 85' lang='lat' dir='ltr'><strong>quia</strong></span> <span class='ocrx_word' id='word_1_298' title='bbox 1031 2206 1304 2248; x_wconf 82' lang='lat' dir='ltr'><strong>meremur</strong></span> <span class='ocrx_word' id='word_1_299' title='bbox 1340 2199 1400 2247; x_wconf 91' lang='lat' dir='ltr'><strong>ut</strong></span> <span class='ocrx_word' id='word_1_300' title='bbox 1427 2192 1531 2247; x_wconf 88' lang='lat' dir='ltr'><strong>ista</strong></span> <span class='ocrx_word' id='word_1_301' title='bbox 1567 2192 1852 2261; x_wconf 89' lang='lat' dir='ltr'><strong>patiamur.</strong></span> <span class='ocrx_word' id='word_1_302' title='bbox 1886 2189 2016 2245; x_wconf 82' lang='lat' dir='ltr'><strong>Res-</strong></span> 
     </span>
    </p>
   </div>
   <div class='ocr_carea' id='block_1_37' title="bbox 428 2281 2015 2353">
    <p class='ocr_par' dir='ltr' id='par_1_37' title="bbox 428 2281 2015 2353">
     <span class='ocr_line' id='line_1_37' title="bbox 428 2281 2015 2353; baseline 0.001 -18"><span class='ocrx_word' id='word_1_303' title='bbox 428 2283 688 2351; x_wconf 89' lang='lat' dir='ltr'><strong>piciamus</strong></span> <span class='ocrx_word' id='word_1_304' title='bbox 709 2283 852 2337; x_wconf 89' lang='lat' dir='ltr'><strong>enim</strong></span> <span class='ocrx_word' id='word_1_305' title='bbox 879 2282 947 2336; x_wconf 91' lang='lat' dir='ltr'><strong>ad</strong></span> <span class='ocrx_word' id='word_1_306' title='bbox 978 2283 1356 2353; x_wconf 81' lang='lat' dir='ltr'><strong>turpitudines,</strong></span> <span class='ocrx_word' id='word_1_307' title='bbox 1378 2282 1447 2338; x_wconf 90' lang='lat' dir='ltr'><strong>ad</strong></span> <span class='ocrx_word' id='word_1_308' title='bbox 1475 2281 1692 2350; x_wconf 83' lang='lat' dir='ltr'><strong>ﬂagitia,</strong></span> <span class='ocrx_word' id='word_1_309' title='bbox 1715 2281 1782 2336; x_wconf 85' lang='lat' dir='ltr'><strong>ad</strong></span> <span class='ocrx_word' id='word_1_310' title='bbox 1808 2281 2015 2336; x_wconf 86' lang='lat' dir='ltr'><strong>scelera</strong></span> 
     </span>
    </p>
   </div>
   <div class='ocr_carea' id='block_1_38' title="bbox 431 2371 2012 2442">
    <p class='ocr_par' dir='ltr' id='par_1_38' title="bbox 431 2371 2012 2442">
     <span class='ocr_line' id='line_1_38' title="bbox 431 2371 2012 2442; baseline -0.001 -16"><span class='ocrx_word' id='word_1_311' title='bbox 431 2372 520 2426; x_wconf 89' lang='lat' dir='ltr'><strong>illa</strong></span> <span class='ocrx_word' id='word_1_312' title='bbox 551 2380 577 2409; x_wconf 78' lang='grc' dir='ltr'>ι</span> <span class='ocrx_word' id='word_1_313' title='bbox 605 2371 860 2426; x_wconf 72' lang='lat' dir='ltr'><strong>Romana:</strong></span> <span class='ocrx_word' id='word_1_314' title='bbox 888 2372 1062 2441; x_wconf 89' lang='lat' dir='ltr'><strong>plebis</strong></span> <span class='ocrx_word' id='word_1_315' title='bbox 1092 2388 1212 2442; x_wconf 66' lang='lat' dir='ltr'><strong>quae</strong></span> <span class='ocrx_word' id='word_1_316' title='bbox 1245 2388 1406 2442; x_wconf 89' lang='lat' dir='ltr'><strong>supra</strong></span> <span class='ocrx_word' id='word_1_317' title='bbox 1433 2372 1696 2435; x_wconf 82' lang='lat' dir='ltr'><strong>diximus,</strong></span> <span class='ocrx_word' id='word_1_318' title='bbox 1728 2379 1784 2426; x_wconf 92' lang='lat' dir='ltr'><strong>et</strong></span> <span class='ocrx_word' id='word_1_319' title='bbox 1811 2371 2012 2426; x_wconf 89' lang='lat' dir='ltr'><strong>intelli-</strong></span> 
     </span>
    </p>
   </div>
   <div class='ocr_carea' id='block_1_39' title="bbox 427 2460 2010 2530">
    <p class='ocr_par' dir='ltr' id='par_1_39' title="bbox 427 2460 2010 2530">
     <span class='ocr_line' id='line_1_39' title="bbox 427 2460 2010 2530; baseline -0.001 -16"><span class='ocrx_word' id='word_1_320' title='bbox 427 2473 614 2527; x_wconf 80' lang='lat' dir='ltr'><strong>gemus</strong></span> <span class='ocrx_word' id='word_1_321' title='bbox 657 2460 702 2514; x_wconf 83' lang='lat' dir='ltr'><strong>si</strong></span> <span class='ocrx_word' id='word_1_322' title='bbox 743 2461 1138 2530; x_wconf 90' lang='lat' dir='ltr'><strong>protectionem</strong></span> <span class='ocrx_word' id='word_1_323' title='bbox 1183 2462 1380 2516; x_wconf 89' lang='lat' dir='ltr'><strong>mereri</strong></span> <span class='ocrx_word' id='word_1_324' title='bbox 1420 2476 1745 2530; x_wconf 87' lang='lat' dir='ltr'><strong>possumus,</strong></span> <span class='ocrx_word' id='word_1_325' title='bbox 1795 2476 1915 2516; x_wconf 90' lang='lat' dir='ltr'><strong>cum</strong></span> <span class='ocrx_word' id='word_1_326' title='bbox 1957 2461 2010 2514; x_wconf 91' lang='lat' dir='ltr'><strong>in</strong></span> 
     </span>
    </p>
   </div>
   <div class='ocr_carea' id='block_1_40' title="bbox 429 2550 2012 2621">
    <p class='ocr_par' dir='ltr' id='par_1_40' title="bbox 429 2550 2012 2621">
     <span class='ocr_line' id='line_1_40' title="bbox 429 2550 2012 2621; baseline -0.001 -18"><span class='ocrx_word' id='word_1_327' title='bbox 429 2559 580 2603; x_wconf 89' lang='lat' dir='ltr'><strong>tanta</strong></span> <span class='ocrx_word' id='word_1_328' title='bbox 603 2550 910 2619; x_wconf 83' lang='lat' dir='ltr'><strong>impuritate</strong></span> <span class='ocrx_word' id='word_1_329' title='bbox 933 2551 1196 2606; x_wconf 79' lang='lat' dir='ltr'><strong>vivamus.</strong></span> <span class='ocrx_word' id='word_1_330' title='bbox 1219 2551 1404 2620; x_wconf 87' lang='lat' dir='ltr'><strong>itaque</strong></span> <span class='ocrx_word' id='word_1_331' title='bbox 1424 2551 1549 2621; x_wconf 89' lang='lat' dir='ltr'><strong>quia</strong></span> <span class='ocrx_word' id='word_1_332' title='bbox 1573 2551 1678 2605; x_wconf 92' lang='lat' dir='ltr'><strong>hoc</strong></span> <span class='ocrx_word' id='word_1_333' title='bbox 1697 2555 2012 2617; x_wconf 86' lang='lat' dir='ltr'><strong>argumento</strong></span> 
     </span>
    </p>
   </div>
   <div class='ocr_carea' id='block_1_41' title="bbox 411 2635 2014 2716">
    <p class='ocr_par' dir='ltr' id='par_1_41' title="bbox 411 2635 2014 2716">
     <span class='ocr_line' id='line_1_41' title="bbox 411 2635 2014 2716; baseline 0 -24"><span class='ocrx_word' id='word_1_334' title='bbox 411 2638 646 2716; x_wconf 84' lang='lat' dir='ltr'><strong>plurimi</strong></span> <span class='ocrx_word' id='word_1_335' title='bbox 679 2655 787 2694; x_wconf 89' lang='lat' dir='ltr'><strong>non</strong></span> <span class='ocrx_word' id='word_1_336' title='bbox 817 2639 1012 2710; x_wconf 88' lang='lat' dir='ltr'><strong>respici</strong></span> <span class='ocrx_word' id='word_1_337' title='bbox 1039 2655 1127 2701; x_wconf 77' lang='lat' dir='ltr'><strong>res</strong></span> <span class='ocrx_word' id='word_1_338' title='bbox 1147 2640 1410 2696; x_wconf 89' lang='lat' dir='ltr'><strong>humanas</strong></span> <span class='ocrx_word' id='word_1_339' title='bbox 1436 2656 1466 2694; x_wconf 89' lang='lat' dir='ltr'><strong>a</strong></span> <span class='ocrx_word' id='word_1_340' title='bbox 1497 2640 1610 2695; x_wconf 92' lang='lat' dir='ltr'><strong>Deo</strong></span> <span class='ocrx_word' id='word_1_341' title='bbox 1635 2640 1838 2704; x_wconf 89' lang='lat' dir='ltr'><strong>dicunt,</strong></span> <span class='ocrx_word' id='word_1_342' title='bbox 1868 2635 2014 2709; x_wconf 87' lang='lat' dir='ltr'><strong>quod</strong></span> 
     </span>
    </p>
   </div>
   <div class='ocr_carea' id='block_1_42' title="bbox 432 2729 2012 2800">
    <p class='ocr_par' dir='ltr' id='par_1_42' title="bbox 432 2729 2012 2800">
     <span class='ocr_line' id='line_1_42' title="bbox 432 2729 2012 2800; baseline 0.003 -17"><span class='ocrx_word' id='word_1_343' title='bbox 432 2730 644 2796; x_wconf 85' lang='lat' dir='ltr'><strong>miseri,</strong></span> <span class='ocrx_word' id='word_1_344' title='bbox 684 2730 832 2800; x_wconf 92' lang='lat' dir='ltr'><strong>quod</strong></span> <span class='ocrx_word' id='word_1_345' title='bbox 869 2730 1163 2786; x_wconf 90' lang='lat' dir='ltr'><strong>imbecilles</strong></span> <span class='ocrx_word' id='word_1_346' title='bbox 1201 2731 1396 2797; x_wconf 91' lang='lat' dir='ltr'><strong>simus,</strong></span> <span class='ocrx_word' id='word_1_347' title='bbox 1441 2729 1570 2800; x_wconf 90' lang='lat' dir='ltr'><strong>quid</strong></span> <span class='ocrx_word' id='word_1_348' title='bbox 1607 2732 1914 2786; x_wconf 81' lang='lat' dir='ltr'><strong>meremur?</strong></span> <span class='ocrx_word' id='word_1_349' title='bbox 1953 2731 2012 2788; x_wconf 89' lang='lat' dir='ltr'><strong>Si</strong></span> 
     </span>
    </p>
   </div>
   <div class='ocr_carea' id='block_1_43' title="bbox 431 2820 2011 2890">
    <p class='ocr_par' dir='ltr' id='par_1_43' title="bbox 431 2820 2011 2890">
     <span class='ocr_line' id='line_1_43' title="bbox 431 2820 2011 2890; baseline 0.001 -15"><span class='ocrx_word' id='word_1_350' title='bbox 431 2821 575 2876; x_wconf 89' lang='lat' dir='ltr'><strong>enim</strong></span> <span class='ocrx_word' id='word_1_351' title='bbox 606 2821 658 2874; x_wconf 92' lang='lat' dir='ltr'><strong>in</strong></span> <span class='ocrx_word' id='word_1_352' title='bbox 688 2821 853 2875; x_wconf 89' lang='lat' dir='ltr'><strong>tantis</strong></span> <span class='ocrx_word' id='word_1_353' title='bbox 880 2820 1052 2886; x_wconf 87' lang='lat' dir='ltr'><strong>vitiis,</strong></span> <span class='ocrx_word' id='word_1_354' title='bbox 1087 2820 1142 2875; x_wconf 88' lang='lat' dir='ltr'><strong>in</strong></span> <span class='ocrx_word' id='word_1_355' title='bbox 1188 2828 1338 2875; x_wconf 89' lang='lat' dir='ltr'><strong>tanta</strong></span> <span class='ocrx_word' id='word_1_356' title='bbox 1378 2820 1722 2890; x_wconf 86' lang='lat' dir='ltr'><strong>improbitate</strong></span> <span class='ocrx_word' id='word_1_357' title='bbox 1748 2821 2011 2888; x_wconf 84' lang='lat' dir='ltr'><strong>viventes,</strong></span> 
     </span>
    </p>
   </div>
   <div class='ocr_carea' id='block_1_44' title="bbox 431 2893 2010 2982">
    <p class='ocr_par' dir='ltr' id='par_1_44' title="bbox 431 2893 2010 2982">
     <span class='ocr_line' id='line_1_44' title="bbox 431 2893 2010 2982; baseline 0 -15"><span class='ocrx_word' id='word_1_358' title='bbox 431 2911 774 2977; x_wconf 79' lang='lat' dir='ltr'><strong>fortissimos,</strong></span> <span class='ocrx_word' id='word_1_359' title='bbox 800 2893 1210 2968; x_wconf 60' lang='lat' dir='ltr'><strong>florentissimos</strong></span> <span class='ocrx_word' id='word_1_360' title='bbox 1237 2913 1684 2982; x_wconf 88' lang='lat' dir='ltr'><strong>beatissimosque</strong></span> <span class='ocrx_word' id='word_1_361' title='bbox 1712 2927 1830 2967; x_wconf 90' lang='lat' dir='ltr'><strong>esse</strong></span> <span class='ocrx_word' id='word_1_362' title='bbox 1855 2920 2010 2982; x_wconf 90' lang='lat' dir='ltr'><strong>pate-</strong></span> 
     </span>
    </p>
   </div>
   <div class='ocr_carea' id='block_1_45' title="bbox 432 3004 2008 3076">
    <p class='ocr_par' dir='ltr' id='par_1_45' title="bbox 432 3004 2008 3076">
     <span class='ocr_line' id='line_1_45' title="bbox 432 3004 2008 3076; baseline 0.001 -18"><span class='ocrx_word' id='word_1_363' title='bbox 432 3013 598 3067; x_wconf 86' lang='lat' dir='ltr'><strong>retur,</strong></span> <span class='ocrx_word' id='word_1_364' title='bbox 623 3004 858 3074; x_wconf 89' lang='lat' dir='ltr'><strong>suspicio</strong></span> <span class='ocrx_word' id='word_1_365' title='bbox 885 3004 1114 3061; x_wconf 76' lang='lat' dir='ltr'><strong>fortasse</strong></span> <span class='ocrx_word' id='word_1_366' title='bbox 1137 3005 1317 3076; x_wconf 90' lang='lat' dir='ltr'><strong>aliqua</strong></span> <span class='ocrx_word' id='word_1_367' title='bbox 1344 3021 1464 3060; x_wconf 84' lang='lat' dir='ltr'><strong>esse</strong></span> <span class='ocrx_word' id='word_1_368' title='bbox 1490 3012 1703 3074; x_wconf 87' lang='lat' dir='ltr'><strong>poterat</strong></span> <span class='ocrx_word' id='word_1_369' title='bbox 1730 3005 1873 3074; x_wconf 93' lang='lat' dir='ltr'><strong>quod</strong></span> <span class='ocrx_word' id='word_1_370' title='bbox 1903 3022 2008 3060; x_wconf 92' lang='lat' dir='ltr'><strong>non</strong></span> 
     </span>
    </p>
   </div>
   <div class='ocr_carea' id='block_1_46' title="bbox 2117 1824 3696 1898">
    <p class='ocr_par' dir='ltr' id='par_1_46' title="bbox 2117 1824 3696 1898">
     <span class='ocr_line' id='line_1_46' title="bbox 2117 1824 3696 1898; baseline 0.003 -20"><span class='ocrx_word' id='word_1_371' title='bbox 2117 1824 2450 1894; x_wconf 85' lang='lat' dir='ltr'><strong>professione</strong></span> <span class='ocrx_word' id='word_1_372' title='bbox 2472 1842 2774 1895; x_wconf 90' lang='lat' dir='ltr'><strong>peccamus.</strong></span> <span class='ocrx_word' id='word_1_373' title='bbox 2801 1827 2902 1882; x_wconf 88' lang='lat' dir='ltr'><strong>Ubi</strong></span> <span class='ocrx_word' id='word_1_374' title='bbox 2922 1828 3199 1882; x_wconf 84' lang='lat' dir='ltr'><strong>sublimior</strong></span> <span class='ocrx_word' id='word_1_375' title='bbox 3217 1835 3302 1884; x_wconf 91' lang='lat' dir='ltr'><strong>est</strong></span> <span class='ocrx_word' id='word_1_376' title='bbox 3319 1829 3696 1898; x_wconf 59' lang='lat' dir='ltr'><strong>praerogativa,</strong></span> 
     </span>
    </p>
   </div>
   <div class='ocr_carea' id='block_1_47' title="bbox 2117 1916 3697 1988">
    <p class='ocr_par' dir='ltr' id='par_1_47' title="bbox 2117 1916 3697 1988">
     <span class='ocr_line' id='line_1_47' title="bbox 2117 1916 3697 1988; baseline 0.005 -21"><span class='ocrx_word' id='word_1_377' title='bbox 2117 1918 2290 1983; x_wconf 88' lang='lat' dir='ltr'><strong>major</strong></span> <span class='ocrx_word' id='word_1_378' title='bbox 2318 1925 2399 1969; x_wconf 87' lang='lat' dir='ltr'><strong>est</strong></span> <span class='ocrx_word' id='word_1_379' title='bbox 2440 1917 2614 1986; x_wconf 90' lang='lat' dir='ltr'><strong>culpa.</strong></span> <span class='ocrx_word' id='word_1_380' title='bbox 2666 1916 2783 1986; x_wconf 79' lang='lat' dir='ltr'><strong>ipsa</strong></span> <span class='ocrx_word' id='word_1_381' title='bbox 2821 1917 2966 1972; x_wconf 92' lang='lat' dir='ltr'><strong>enim</strong></span> <span class='ocrx_word' id='word_1_382' title='bbox 3008 1933 3220 1973; x_wconf 91' lang='lat' dir='ltr'><strong>errores</strong></span> <span class='ocrx_word' id='word_1_383' title='bbox 3248 1927 3464 1974; x_wconf 90' lang='lat' dir='ltr'><strong>nostros</strong></span> <span class='ocrx_word' id='word_1_384' title='bbox 3506 1919 3697 1988; x_wconf 85' lang='lat' dir='ltr'><strong>religio</strong></span> 
     </span>
    </p>
   </div>
   <div class='ocr_carea' id='block_1_48' title="bbox 2115 2005 3698 2076">
    <p class='ocr_par' dir='ltr' id='par_1_48' title="bbox 2115 2005 3698 2076">
     <span class='ocr_line' id='line_1_48' title="bbox 2115 2005 3698 2076; baseline 0.001 -18"><span class='ocrx_word' id='word_1_385' title='bbox 2115 2019 2275 2073; x_wconf 88' lang='lat' dir='ltr'><strong>quam</strong></span> <span class='ocrx_word' id='word_1_386' title='bbox 2306 2005 2636 2074; x_wconf 89' lang='lat' dir='ltr'><strong>prolitemur,</strong></span> <span class='ocrx_word' id='word_1_387' title='bbox 2677 2015 2914 2062; x_wconf 90' lang='lat' dir='ltr'><strong>accusat.</strong></span> <span class='ocrx_word' id='word_1_388' title='bbox 2944 2006 3298 2063; x_wconf 90' lang='lat' dir='ltr'><strong>Criminosior</strong></span> <span class='ocrx_word' id='word_1_389' title='bbox 3323 2016 3405 2062; x_wconf 92' lang='lat' dir='ltr'><strong>est</strong></span> <span class='ocrx_word' id='word_1_390' title='bbox 3446 2007 3562 2076; x_wconf 88' lang='lat' dir='ltr'><strong>ejus</strong></span> <span class='ocrx_word' id='word_1_391' title='bbox 3595 2008 3698 2062; x_wconf 91' lang='lat' dir='ltr'><strong>im-</strong></span> 
     </span>
    </p>
   </div>
   <div class='ocr_carea' id='block_1_49' title="bbox 2115 2094 3698 2165">
    <p class='ocr_par' dir='ltr' id='par_1_49' title="bbox 2115 2094 3698 2165">
     <span class='ocr_line' id='line_1_49' title="bbox 2115 2094 3698 2165; baseline 0.002 -16"><span class='ocrx_word' id='word_1_392' title='bbox 2115 2094 2406 2164; x_wconf 89' lang='lat' dir='ltr'><strong>pudicitia,</strong></span> <span class='ocrx_word' id='word_1_393' title='bbox 2446 2097 2538 2163; x_wconf 89' lang='lat' dir='ltr'><strong>qui</strong></span> <span class='ocrx_word' id='word_1_394' title='bbox 2568 2097 2876 2165; x_wconf 87' lang='lat' dir='ltr'><strong>promiserit</strong></span> <span class='ocrx_word' id='word_1_395' title='bbox 2915 2097 3236 2152; x_wconf 87' lang='lat' dir='ltr'><strong>castitatem.</strong></span> <span class='ocrx_word' id='word_1_396' title='bbox 3273 2108 3296 2136; x_wconf 76' lang='grc' dir='ltr'><strong>ε</strong></span> <span class='ocrx_word' id='word_1_397' title='bbox 3341 2098 3555 2153; x_wconf 73' lang='lat' dir='ltr'><strong>Fmdius</strong></span> <span class='ocrx_word' id='word_1_398' title='bbox 3581 2097 3698 2152; x_wconf 90' lang='lat' dir='ltr'><strong>ine-</strong></span> 
     </span>
    </p>
   </div>
   <div class='ocr_carea' id='block_1_50' title="bbox 2115 2185 3699 2258">
    <p class='ocr_par' dir='ltr' id='par_1_50' title="bbox 2115 2185 3699 2258">
     <span class='ocr_line' id='line_1_50' title="bbox 2115 2185 3699 2258; baseline 0.004 -20"><span class='ocrx_word' id='word_1_399' title='bbox 2115 2185 2351 2250; x_wconf 88' lang='lat' dir='ltr'><strong>briatur,</strong></span> <span class='ocrx_word' id='word_1_400' title='bbox 2404 2186 2750 2241; x_wconf 89' lang='lat' dir='ltr'><strong>sobrietatem</strong></span> <span class='ocrx_word' id='word_1_401' title='bbox 2797 2186 2972 2242; x_wconf 86' lang='lat' dir='ltr'><strong>fronte</strong></span> <span class='ocrx_word' id='word_1_402' title='bbox 3016 2188 3373 2258; x_wconf 54' lang='lat' dir='ltr'><strong>praetendens.</strong></span> <span class='ocrx_word' id='word_1_403' title='bbox 3422 2187 3564 2242; x_wconf 79' lang='lat' dir='ltr'><strong>Nihil</strong></span> <span class='ocrx_word' id='word_1_404' title='bbox 3611 2196 3699 2244; x_wconf 79' lang='lat' dir='ltr'><strong>est</strong></span> 
     </span>
    </p>
   </div>
   <div class='ocr_carea' id='block_1_51' title="bbox 2114 2275 3696 2347">
    <p class='ocr_par' dir='ltr' id='par_1_51' title="bbox 2114 2275 3696 2347">
     <span class='ocr_line' id='line_1_51' title="bbox 2114 2275 3696 2347; baseline 0.003 -19"><span class='ocrx_word' id='word_1_405' title='bbox 2114 2275 2433 2345; x_wconf 88' lang='lat' dir='ltr'><strong>philosopho</strong></span> <span class='ocrx_word' id='word_1_406' title='bbox 2467 2277 2673 2346; x_wconf 89' lang='lat' dir='ltr'><strong>turpius</strong></span> <span class='ocrx_word' id='word_1_407' title='bbox 2701 2276 2826 2330; x_wconf 91' lang='lat' dir='ltr'><strong>vitia</strong></span> <span class='ocrx_word' id='word_1_408' title='bbox 2856 2277 3086 2332; x_wconf 84' lang='lat' dir='ltr'><strong>obscena</strong></span> <span class='ocrx_word' id='word_1_409' title='bbox 3114 2277 3361 2344; x_wconf 90' lang='lat' dir='ltr'><strong>sectanti,</strong></span> <span class='ocrx_word' id='word_1_410' title='bbox 3390 2277 3515 2347; x_wconf 87' lang='lat' dir='ltr'><strong>quia</strong></span> <span class='ocrx_word' id='word_1_411' title='bbox 3554 2291 3696 2347; x_wconf 61' lang='lat' dir='ltr'><strong>prm-</strong></span> 
     </span>
    </p>
   </div>
   <div class='ocr_carea' id='block_1_52' title="bbox 2115 2365 3700 2435">
    <p class='ocr_par' dir='ltr' id='par_1_52' title="bbox 2115 2365 3700 2435">
     <span class='ocr_line' id='line_1_52' title="bbox 2115 2365 3700 2435; baseline 0 -15"><span class='ocrx_word' id='word_1_412' title='bbox 2115 2374 2200 2421; x_wconf 91' lang='lat' dir='ltr'><strong>ter</strong></span> <span class='ocrx_word' id='word_1_413' title='bbox 2226 2380 2346 2421; x_wconf 88' lang='lat' dir='ltr'><strong>eam</strong></span> <span class='ocrx_word' id='word_1_414' title='bbox 2373 2365 2766 2421; x_wconf 77' lang='lat' dir='ltr'><strong>deformitatem</strong></span> <span class='ocrx_word' id='word_1_415' title='bbox 2793 2381 2954 2435; x_wconf 90' lang='lat' dir='ltr'><strong>quam</strong></span> <span class='ocrx_word' id='word_1_416' title='bbox 2981 2367 3110 2420; x_wconf 87' lang='lat' dir='ltr'><strong>vitia</strong></span> <span class='ocrx_word' id='word_1_417' title='bbox 3153 2368 3206 2421; x_wconf 92' lang='lat' dir='ltr'><strong>in</strong></span> <span class='ocrx_word' id='word_1_418' title='bbox 3253 2381 3313 2421; x_wconf 91' lang='lat' dir='ltr'><strong>se</strong></span> <span class='ocrx_word' id='word_1_419' title='bbox 3342 2366 3569 2431; x_wconf 89' lang='lat' dir='ltr'><strong>habent,</strong></span> <span class='ocrx_word' id='word_1_420' title='bbox 3610 2380 3700 2420; x_wconf 89' lang='lat' dir='ltr'><strong>sa-</strong></span> 
     </span>
    </p>
   </div>
   <div class='ocr_carea' id='block_1_53' title="bbox 2113 2455 3702 2526">
    <p class='ocr_par' dir='ltr' id='par_1_53' title="bbox 2113 2455 3702 2526">
     <span class='ocr_line' id='line_1_53' title="bbox 2113 2455 3702 2526; baseline 0.001 -16"><span class='ocrx_word' id='word_1_421' title='bbox 2113 2457 2329 2526; x_wconf 69' lang='lat' dir='ltr'><strong>pientiae</strong></span> <span class='ocrx_word' id='word_1_422' title='bbox 2364 2455 2381 2494; x_wconf 75' lang='grc' dir='ltr'><strong>ί</strong></span> <span class='ocrx_word' id='word_1_423' title='bbox 2406 2457 2622 2511; x_wconf 90' lang='lat' dir='ltr'><strong>nomine</strong></span> <span class='ocrx_word' id='word_1_424' title='bbox 2650 2456 2771 2526; x_wconf 75' lang='lat' dir='ltr'><strong>plus</strong></span> <span class='ocrx_word' id='word_1_425' title='bbox 2796 2465 3030 2511; x_wconf 86' lang='lat' dir='ltr'><strong>notatur.</strong></span> <span class='ocrx_word' id='word_1_426' title='bbox 3063 2455 3132 2510; x_wconf 90' lang='lat' dir='ltr'><strong>Et</strong></span> <span class='ocrx_word' id='word_1_427' title='bbox 3158 2472 3257 2510; x_wconf 88' lang='lat' dir='ltr'><strong>nos</strong></span> <span class='ocrx_word' id='word_1_428' title='bbox 3282 2457 3442 2524; x_wconf 89' lang='lat' dir='ltr'><strong>igitur</strong></span> <span class='ocrx_word' id='word_1_429' title='bbox 3468 2456 3522 2510; x_wconf 92' lang='lat' dir='ltr'><strong>in</strong></span> <span class='ocrx_word' id='word_1_430' title='bbox 3551 2456 3702 2511; x_wconf 88' lang='lat' dir='ltr'><strong>omni</strong></span> 
     </span>
    </p>
   </div>
   <div class='ocr_carea' id='block_1_54' title="bbox 2114 2544 3702 2615">
    <p class='ocr_par' dir='ltr' id='par_1_54' title="bbox 2114 2544 3702 2615">
     <span class='ocr_line' id='line_1_54' title="bbox 2114 2544 3702 2615; baseline 0 -15"><span class='ocrx_word' id='word_1_431' title='bbox 2114 2547 2350 2600; x_wconf 89' lang='lat' dir='ltr'><strong>humano</strong></span> <span class='ocrx_word' id='word_1_432' title='bbox 2397 2559 2593 2613; x_wconf 90' lang='lat' dir='ltr'><strong>genere</strong></span> <span class='ocrx_word' id='word_1_433' title='bbox 2635 2545 3024 2615; x_wconf 74' lang='lat' dir='ltr'><strong>philoSOphiam</strong></span> <span class='ocrx_word' id='word_1_434' title='bbox 3066 2545 3424 2602; x_wconf 86' lang='lat' dir='ltr'><strong>Christianam</strong></span> <span class='ocrx_word' id='word_1_435' title='bbox 3469 2544 3702 2615; x_wconf 82' lang='lat' dir='ltr'><strong>professi</strong></span> 
     </span>
    </p>
   </div>
   <div class='ocr_carea' id='block_1_55' title="bbox 2114 2637 3702 2708">
    <p class='ocr_par' dir='ltr' id='par_1_55' title="bbox 2114 2637 3702 2708">
     <span class='ocr_line' id='line_1_55' title="bbox 2114 2637 3702 2708; baseline -0.002 -14"><span class='ocrx_word' id='word_1_436' title='bbox 2114 2654 2300 2694; x_wconf 88' lang='lat' dir='ltr'><strong>sumus</strong></span> <span class='ocrx_word' id='word_1_437' title='bbox 2321 2678 2337 2703; x_wconf 93' lang='lat'><strong>,</strong></span> <span class='ocrx_word' id='word_1_438' title='bbox 2371 2653 2436 2694; x_wconf 90' lang='lat' dir='ltr'><strong>ac</strong></span> <span class='ocrx_word' id='word_1_439' title='bbox 2462 2653 2558 2708; x_wconf 89' lang='lat' dir='ltr'><strong>per</strong></span> <span class='ocrx_word' id='word_1_440' title='bbox 2599 2639 2702 2693; x_wconf 91' lang='lat' dir='ltr'><strong>hoc</strong></span> <span class='ocrx_word' id='word_1_441' title='bbox 2739 2637 3037 2694; x_wconf 91' lang='lat' dir='ltr'><strong>deteriores</strong></span> <span class='ocrx_word' id='word_1_442' title='bbox 3063 2652 3163 2694; x_wconf 89' lang='lat' dir='ltr'><strong>nos</strong></span> <span class='ocrx_word' id='word_1_443' title='bbox 3203 2637 3408 2694; x_wconf 90' lang='lat' dir='ltr'><strong>cunctis</strong></span> <span class='ocrx_word' id='word_1_444' title='bbox 3451 2637 3702 2706; x_wconf 90' lang='lat' dir='ltr'><strong>gentibus</strong></span> 
     </span>
    </p>
   </div>
   <div class='ocr_carea' id='block_1_56' title="bbox 2115 2729 3702 2800">
    <p class='ocr_par' dir='ltr' id='par_1_56' title="bbox 2115 2729 3702 2800">
     <span class='ocr_line' id='line_1_56' title="bbox 2115 2729 3702 2800; baseline -0.003 -14"><span class='ocrx_word' id='word_1_445' title='bbox 2115 2731 2260 2786; x_wconf 88' lang='lat' dir='ltr'><strong>credi</strong></span> <span class='ocrx_word' id='word_1_446' title='bbox 2295 2737 2456 2798; x_wconf 90' lang='lat' dir='ltr'><strong>atque</strong></span> <span class='ocrx_word' id='word_1_447' title='bbox 2485 2729 2670 2784; x_wconf 87' lang='lat' dir='ltr'><strong>haberi</strong></span> <span class='ocrx_word' id='word_1_448' title='bbox 2702 2743 2924 2785; x_wconf 89' lang='lat' dir='ltr'><strong>necesse</strong></span> <span class='ocrx_word' id='word_1_449' title='bbox 2951 2738 3054 2796; x_wconf 89' lang='lat' dir='ltr'><strong>est,</strong></span> <span class='ocrx_word' id='word_1_450' title='bbox 3085 2731 3208 2800; x_wconf 90' lang='lat' dir='ltr'><strong>quia</strong></span> <span class='ocrx_word' id='word_1_451' title='bbox 3237 2730 3333 2785; x_wconf 91' lang='lat' dir='ltr'><strong>sub</strong></span> <span class='ocrx_word' id='word_1_452' title='bbox 3355 2737 3462 2783; x_wconf 91' lang='lat' dir='ltr'><strong>tam</strong></span> <span class='ocrx_word' id='word_1_453' title='bbox 3492 2742 3702 2797; x_wconf 65' lang='lat' dir='ltr'><strong>magna:</strong></span> 
     </span>
    </p>
   </div>
   <div class='ocr_carea' id='block_1_57' title="bbox 2117 2819 3700 2891">
    <p class='ocr_par' dir='ltr' id='par_1_57' title="bbox 2117 2819 3700 2891">
     <span class='ocr_line' id='line_1_57' title="bbox 2117 2819 3700 2891; baseline -0.001 -16"><span class='ocrx_word' id='word_1_454' title='bbox 2117 2820 2467 2891; x_wconf 88' lang='lat' dir='ltr'><strong>professionis</strong></span> <span class='ocrx_word' id='word_1_455' title='bbox 2511 2820 2730 2875; x_wconf 88' lang='lat' dir='ltr'><strong>nomine</strong></span> <span class='ocrx_word' id='word_1_456' title='bbox 2769 2820 3026 2886; x_wconf 87' lang='lat' dir='ltr'><strong>vivimus,</strong></span> <span class='ocrx_word' id='word_1_457' title='bbox 3057 2828 3115 2875; x_wconf 91' lang='lat' dir='ltr'><strong>et</strong></span> <span class='ocrx_word' id='word_1_458' title='bbox 3155 2820 3314 2890; x_wconf 90' lang='lat' dir='ltr'><strong>positi</strong></span> <span class='ocrx_word' id='word_1_459' title='bbox 3356 2821 3410 2874; x_wconf 90' lang='lat' dir='ltr'><strong>in</strong></span> <span class='ocrx_word' id='word_1_460' title='bbox 3438 2819 3700 2888; x_wconf 79' lang='lat' dir='ltr'><strong>religione</strong></span> 
     </span>
    </p>
   </div>
   <div class='ocr_carea' id='block_1_58' title="bbox 2113 2927 2414 2982">
    <p class='ocr_par' dir='ltr' id='par_1_58' title="bbox 2113 2927 2414 2982">
     <span class='ocr_line' id='line_1_58' title="bbox 2113 2927 2414 2982; baseline -0.013 -14"><span class='ocrx_word' id='word_1_461' title='bbox 2113 2927 2414 2982; x_wconf 89' lang='lat' dir='ltr'><strong>peccamus.</strong></span> 
     </span>
    </p>
   </div>
   <div class='ocr_carea' id='block_1_59' title="bbox 2185 2998 3698 3070">
    <p class='ocr_par' dir='ltr' id='par_1_59' title="bbox 2185 2998 3698 3070">
     <span class='ocr_line' id='line_1_59' title="bbox 2185 2998 3698 3070; baseline -0.001 -15"><span class='ocrx_word' id='word_1_462' title='bbox 2185 3000 2318 3055; x_wconf 76' lang='lat' dir='ltr'><strong>Xlll.</strong></span> <span class='ocrx_word' id='word_1_463' title='bbox 2352 2998 2458 3054; x_wconf 89' lang='lat' dir='ltr'><strong>Sed</strong></span> <span class='ocrx_word' id='word_1_464' title='bbox 2487 3000 2600 3055; x_wconf 85' lang='lat' dir='ltr'><strong>scio</strong></span> <span class='ocrx_word' id='word_1_465' title='bbox 2624 3000 2869 3070; x_wconf 89' lang='lat' dir='ltr'><strong>plurimis</strong></span> <span class='ocrx_word' id='word_1_466' title='bbox 2899 2999 3234 3054; x_wconf 88' lang='lat' dir='ltr'><strong>intolerabile</strong></span> <span class='ocrx_word' id='word_1_467' title='bbox 3270 2999 3458 3064; x_wconf 91' lang='lat' dir='ltr'><strong>videri,</strong></span> <span class='ocrx_word' id='word_1_468' title='bbox 3499 2999 3546 3053; x_wconf 89' lang='lat' dir='ltr'><strong>si</strong></span> <span class='ocrx_word' id='word_1_469' title='bbox 3573 2999 3698 3053; x_wconf 86' lang='lat' dir='ltr'><strong>bar-</strong></span> 
     </span>
    </p>
   </div>
   <div class='ocr_carea' id='block_1_60' title="bbox 433 3088 3697 3167">
    <p class='ocr_par' dir='ltr' id='par_1_60' title="bbox 433 3088 3697 3167">
     <span class='ocr_line' id='line_1_60' title="bbox 433 3088 3697 3167; baseline -0.002 -18"><span class='ocrx_word' id='word_1_470' title='bbox 433 3096 727 3165; x_wconf 87' lang='lat' dir='ltr'><strong>respiceret</strong></span> <span class='ocrx_word' id='word_1_471' title='bbox 772 3096 978 3151; x_wconf 86' lang='lat' dir='ltr'><strong>scelera</strong></span> <span class='ocrx_word' id='word_1_472' title='bbox 1016 3095 1382 3151; x_wconf 82' lang='lat' dir='ltr'><strong>Romanorum</strong></span> <span class='ocrx_word' id='word_1_473' title='bbox 1411 3097 1551 3151; x_wconf 89' lang='lat' dir='ltr'><strong>Deus</strong></span> <span class='ocrx_word' id='word_1_474' title='bbox 1573 3136 1588 3160; x_wconf 92' lang='lat'><strong>,</strong></span> <span class='ocrx_word' id='word_1_475' title='bbox 1620 3096 1714 3165; x_wconf 89' lang='lat' dir='ltr'><strong>qui</strong></span> <span class='ocrx_word' id='word_1_476' title='bbox 1751 3103 1859 3149; x_wconf 86' lang='lat' dir='ltr'><strong>tam</strong></span> <span class='ocrx_word' id='word_1_477' title='bbox 1896 3111 2010 3150; x_wconf 89' lang='lat' dir='ltr'><strong>ma-</strong></span> <span class='ocrx_word' id='word_1_478' title='bbox 2035 3101 2082 3167; x_wconf 79' lang='lat' dir='ltr'>c</span> <span class='ocrx_word' id='word_1_479' title='bbox 2112 3090 2256 3144; x_wconf 88' lang='lat' dir='ltr'><strong>baris</strong></span> <span class='ocrx_word' id='word_1_480' title='bbox 2284 3089 2578 3144; x_wconf 88' lang='lat' dir='ltr'><strong>deteriores</strong></span> <span class='ocrx_word' id='word_1_481' title='bbox 2607 3105 2726 3145; x_wconf 90' lang='lat' dir='ltr'><strong>esse</strong></span> <span class='ocrx_word' id='word_1_482' title='bbox 2753 3091 3013 3144; x_wconf 90' lang='lat' dir='ltr'><strong>dicamur.</strong></span> <span class='ocrx_word' id='word_1_483' title='bbox 3045 3088 3114 3142; x_wconf 84' lang='lat' dir='ltr'><strong>Et</strong></span> <span class='ocrx_word' id='word_1_484' title='bbox 3137 3089 3265 3158; x_wconf 90' lang='lat' dir='ltr'><strong>quid</strong></span> <span class='ocrx_word' id='word_1_485' title='bbox 3294 3088 3517 3144; x_wconf 87' lang='lat' dir='ltr'><strong>facimus</strong></span> <span class='ocrx_word' id='word_1_486' title='bbox 3549 3089 3697 3157; x_wconf 90' lang='lat' dir='ltr'><strong>quod</strong></span> 
     </span>
    </p>
   </div>
   <div class='ocr_carea' id='block_1_61' title="bbox 433 3185 2012 3255">
    <p class='ocr_par' dir='ltr' id='par_1_61' title="bbox 433 3185 2012 3255">
     <span class='ocr_line' id='line_1_61' title="bbox 433 3185 2012 3255; baseline 0.001 -15"><span class='ocrx_word' id='word_1_487' title='bbox 433 3187 531 3250; x_wconf 82' lang='lat' dir='ltr'><strong>tos,</strong></span> <span class='ocrx_word' id='word_1_488' title='bbox 566 3194 674 3239; x_wconf 86' lang='lat' dir='ltr'><strong>tam</strong></span> <span class='ocrx_word' id='word_1_489' title='bbox 717 3185 987 3255; x_wconf 90' lang='lat' dir='ltr'><strong>perditos,</strong></span> <span class='ocrx_word' id='word_1_490' title='bbox 1024 3186 1213 3242; x_wconf 88' lang='lat' dir='ltr'><strong>beatos</strong></span> <span class='ocrx_word' id='word_1_491' title='bbox 1241 3201 1362 3240; x_wconf 90' lang='lat' dir='ltr'><strong>esse</strong></span> <span class='ocrx_word' id='word_1_492' title='bbox 1388 3195 1681 3255; x_wconf 90' lang='lat' dir='ltr'><strong>pateretur.</strong></span> <span class='ocrx_word' id='word_1_493' title='bbox 1711 3185 1846 3239; x_wconf 91' lang='lat' dir='ltr'><strong>Cum</strong></span> <span class='ocrx_word' id='word_1_494' title='bbox 1881 3202 2012 3241; x_wconf 89' lang='lat' dir='ltr'><strong>vero</strong></span> 
     </span>
    </p>
   </div>
   <div class='ocr_carea' id='block_1_62' title="bbox 432 3277 2014 3353">
    <p class='ocr_par' dir='ltr' id='par_1_62' title="bbox 432 3277 2014 3353">
     <span class='ocr_line' id='line_1_62' title="bbox 432 3277 2014 3353; baseline 0.001 -22"><span class='ocrx_word' id='word_1_495' title='bbox 432 3288 539 3353; x_wconf 85' lang='lat' dir='ltr'><strong>tam</strong></span> <span class='ocrx_word' id='word_1_496' title='bbox 569 3277 791 3353; x_wconf 82' lang='lat' dir='ltr'><strong>vitiosos</strong></span> <span class='ocrx_word' id='word_1_497' title='bbox 809 3318 828 3344; x_wconf 89' lang='lat'><strong>,</strong></span> <span class='ocrx_word' id='word_1_498' title='bbox 857 3285 966 3332; x_wconf 88' lang='lat' dir='ltr'><strong>tam</strong></span> <span class='ocrx_word' id='word_1_499' title='bbox 995 3278 1293 3348; x_wconf 88' lang='lat' dir='ltr'><strong>improbos,</strong></span> <span class='ocrx_word' id='word_1_500' title='bbox 1324 3279 1564 3334; x_wconf 82' lang='lat' dir='ltr'><strong>inﬁrmos</strong></span> <span class='ocrx_word' id='word_1_501' title='bbox 1599 3287 1656 3334; x_wconf 89' lang='lat' dir='ltr'><strong>et</strong></span> <span class='ocrx_word' id='word_1_502' title='bbox 1682 3279 2014 3334; x_wconf 88' lang='lat' dir='ltr'><strong>miserrimos</strong></span> 
     </span>
    </p>
   </div>
   <div class='ocr_carea' id='block_1_63' title="bbox 429 3369 2012 3441">
    <p class='ocr_par' dir='ltr' id='par_1_63' title="bbox 429 3369 2012 3441">
     <span class='ocr_line' id='line_1_63' title="bbox 429 3369 2012 3441; baseline 0.001 -18"><span class='ocrx_word' id='word_1_503' title='bbox 429 3383 552 3423; x_wconf 88' lang='lat' dir='ltr'><strong>esse</strong></span> <span class='ocrx_word' id='word_1_504' title='bbox 566 3369 776 3438; x_wconf 88' lang='lat' dir='ltr'><strong>iubeat,</strong></span> <span class='ocrx_word' id='word_1_505' title='bbox 805 3369 1208 3425; x_wconf 79' lang='lat' dir='ltr'><strong>evidentissima</strong></span> <span class='ocrx_word' id='word_1_506' title='bbox 1234 3377 1402 3438; x_wconf 84' lang='lat' dir='ltr'><strong>patet,</strong></span> <span class='ocrx_word' id='word_1_507' title='bbox 1435 3379 1492 3426; x_wconf 89' lang='lat' dir='ltr'><strong>et</strong></span> <span class='ocrx_word' id='word_1_508' title='bbox 1518 3371 1684 3441; x_wconf 87' lang='lat' dir='ltr'><strong>aspici</strong></span> <span class='ocrx_word' id='word_1_509' title='bbox 1712 3385 1814 3426; x_wconf 84' lang='lat' dir='ltr'><strong>nos</strong></span> <span class='ocrx_word' id='word_1_510' title='bbox 1838 3385 1871 3424; x_wconf 83' lang='lat' dir='ltr'><strong>a</strong></span> <span class='ocrx_word' id='word_1_511' title='bbox 1898 3370 2012 3426; x_wconf 88' lang='lat' dir='ltr'><strong>Deo</strong></span> 
     </span>
    </p>
   </div>
   <div class='ocr_carea' id='block_1_64' title="bbox 429 3460 2012 3533">
    <p class='ocr_par' dir='ltr' id='par_1_64' title="bbox 429 3460 2012 3533">
     <span class='ocr_line' id='line_1_64' title="bbox 429 3460 2012 3533; baseline 0.001 -16"><span class='ocrx_word' id='word_1_512' title='bbox 429 3471 487 3517; x_wconf 82' lang='lat' dir='ltr'><strong>et</strong></span> <span class='ocrx_word' id='word_1_513' title='bbox 525 3460 752 3530; x_wconf 89' lang='lat' dir='ltr'><strong>iudicari</strong></span> <span class='ocrx_word' id='word_1_514' title='bbox 775 3500 796 3528; x_wconf 91' lang='lat'><strong>,</strong></span> <span class='ocrx_word' id='word_1_515' title='bbox 834 3461 960 3533; x_wconf 89' lang='lat' dir='ltr'><strong>quia</strong></span> <span class='ocrx_word' id='word_1_516' title='bbox 989 3461 1094 3518; x_wconf 88' lang='lat' dir='ltr'><strong>hoc</strong></span> <span class='ocrx_word' id='word_1_517' title='bbox 1132 3462 1365 3532; x_wconf 87' lang='lat' dir='ltr'><strong>patimur</strong></span> <span class='ocrx_word' id='word_1_518' title='bbox 1400 3462 1547 3533; x_wconf 85' lang='lat' dir='ltr'><strong>quod</strong></span> <span class='ocrx_word' id='word_1_519' title='bbox 1584 3479 1876 3519; x_wconf 87' lang='lat' dir='ltr'><strong>meremur.</strong></span> <span class='ocrx_word' id='word_1_520' title='bbox 1903 3461 2012 3518; x_wconf 87' lang='lat' dir='ltr'><strong>Sed</strong></span> 
     </span>
    </p>
   </div>
   <div class='ocr_carea' id='block_1_65' title="bbox 432 3551 2012 3624">
    <p class='ocr_par' dir='ltr' id='par_1_65' title="bbox 432 3551 2012 3624">
     <span class='ocr_line' id='line_1_65' title="bbox 432 3551 2012 3624; baseline 0.001 -18"><span class='ocrx_word' id='word_1_521' title='bbox 432 3551 626 3607; x_wconf 89' lang='lat' dir='ltr'><strong>mereri</strong></span> <span class='ocrx_word' id='word_1_522' title='bbox 665 3565 766 3607; x_wconf 91' lang='lat' dir='ltr'><strong>nos</strong></span> <span class='ocrx_word' id='word_1_523' title='bbox 791 3551 994 3622; x_wconf 84' lang='lat' dir='ltr'><strong>absque</strong></span> <span class='ocrx_word' id='word_1_524' title='bbox 1019 3551 1182 3610; x_wconf 90' lang='lat' dir='ltr'><strong>dubio</strong></span> <span class='ocrx_word' id='word_1_525' title='bbox 1215 3569 1323 3609; x_wconf 90' lang='lat' dir='ltr'><strong>non</strong></span> <span class='ocrx_word' id='word_1_526' title='bbox 1365 3562 1654 3624; x_wconf 90' lang='lat' dir='ltr'><strong>putamus;</strong></span> <span class='ocrx_word' id='word_1_527' title='bbox 1686 3563 1742 3608; x_wconf 90' lang='lat' dir='ltr'><strong>et</strong></span> <span class='ocrx_word' id='word_1_528' title='bbox 1775 3553 1902 3609; x_wconf 90' lang='lat' dir='ltr'><strong>hinc</strong></span> <span class='ocrx_word' id='word_1_529' title='bbox 1928 3563 2012 3608; x_wconf 88' lang='lat' dir='ltr'><strong>est</strong></span> 
     </span>
    </p>
   </div>
   <div class='ocr_carea' id='block_1_66' title="bbox 429 3645 2018 3716">
    <p class='ocr_par' dir='ltr' id='par_1_66' title="bbox 429 3645 2018 3716">
     <span class='ocr_line' id='line_1_66' title="bbox 429 3645 2018 3716; baseline 0.001 -18"><span class='ocrx_word' id='word_1_530' title='bbox 429 3645 572 3712; x_wconf 78' lang='lat' dir='ltr'><strong>quod</strong></span> <span class='ocrx_word' id='word_1_531' title='bbox 597 3645 769 3714; x_wconf 85' lang='lat' dir='ltr'><strong>magis</strong></span> <span class='ocrx_word' id='word_1_532' title='bbox 795 3647 879 3701; x_wconf 90' lang='lat' dir='ltr'><strong>rei</strong></span> <span class='ocrx_word' id='word_1_533' title='bbox 907 3652 962 3700; x_wconf 89' lang='lat' dir='ltr'><strong>et</strong></span> <span class='ocrx_word' id='word_1_534' title='bbox 989 3647 1262 3701; x_wconf 85' lang='lat' dir='ltr'><strong>criminosi</strong></span> <span class='ocrx_word' id='word_1_535' title='bbox 1289 3662 1492 3710; x_wconf 82' lang='lat' dir='ltr'><strong>sumus,</strong></span> <span class='ocrx_word' id='word_1_536' title='bbox 1529 3646 1650 3716; x_wconf 83' lang='lat' dir='ltr'><strong>quia</strong></span> <span class='ocrx_word' id='word_1_537' title='bbox 1699 3661 1806 3700; x_wconf 88' lang='lat' dir='ltr'><strong>non</strong></span> <span class='ocrx_word' id='word_1_538' title='bbox 1847 3660 2018 3714; x_wconf 88' lang='lat' dir='ltr'><strong>agno-</strong></span> 
     </span>
    </p>
   </div>
   <div class='ocr_carea' id='block_1_67' title="bbox 437 3734 2014 3805">
    <p class='ocr_par' dir='ltr' id='par_1_67' title="bbox 437 3734 2014 3805">
     <span class='ocr_line' id='line_1_67' title="bbox 437 3734 2014 3805; baseline 0 -17"><span class='ocrx_word' id='word_1_539' title='bbox 437 3735 635 3790; x_wconf 83' lang='lat' dir='ltr'><strong>scimus</strong></span> <span class='ocrx_word' id='word_1_540' title='bbox 681 3735 823 3804; x_wconf 84' lang='lat' dir='ltr'><strong>quod</strong></span> <span class='ocrx_word' id='word_1_541' title='bbox 864 3749 1154 3790; x_wconf 87' lang='lat' dir='ltr'><strong>meremur.</strong></span> <span class='ocrx_word' id='word_1_542' title='bbox 1195 3734 1426 3789; x_wconf 81' lang='lat' dir='ltr'><strong>Maxima</strong></span> <span class='ocrx_word' id='word_1_543' title='bbox 1471 3735 1668 3805; x_wconf 85' lang='lat' dir='ltr'><strong>quippe</strong></span> <span class='ocrx_word' id='word_1_544' title='bbox 1715 3735 2014 3789; x_wconf 79' lang='lat' dir='ltr'><strong>accusatrix</strong></span> 
     </span>
    </p>
   </div>
   <div class='ocr_carea' id='block_1_68' title="bbox 439 3824 2016 3894">
    <p class='ocr_par' dir='ltr' id='par_1_68' title="bbox 439 3824 2016 3894">
     <span class='ocr_line' id='line_1_68' title="bbox 439 3824 2016 3894; baseline 0.002 -17"><span class='ocrx_word' id='word_1_545' title='bbox 439 3824 716 3878; x_wconf 86' lang='lat' dir='ltr'><strong>hominum</strong></span> <span class='ocrx_word' id='word_1_546' title='bbox 748 3825 1034 3878; x_wconf 85' lang='lat' dir='ltr'><strong>noxiorum</strong></span> <span class='ocrx_word' id='word_1_547' title='bbox 1060 3832 1142 3880; x_wconf 88' lang='lat' dir='ltr'><strong>est</strong></span> <span class='ocrx_word' id='word_1_548' title='bbox 1169 3825 1475 3894; x_wconf 86' lang='lat' dir='ltr'><strong>usurpatrix</strong></span> <span class='ocrx_word' id='word_1_549' title='bbox 1505 3825 1824 3880; x_wconf 66' lang='lat' dir='ltr'><strong>innocentiaa</strong></span> <span class='ocrx_word' id='word_1_550' title='bbox 1865 3840 2016 3880; x_wconf 90' lang='lat' dir='ltr'><strong>arro-</strong></span> 
     </span>
    </p>
   </div>
   <div class='ocr_carea' id='block_1_69' title="bbox 435 3915 2014 3987">
    <p class='ocr_par' dir='ltr' id='par_1_69' title="bbox 435 3915 2014 3987">
     <span class='ocr_line' id='line_1_69' title="bbox 435 3915 2014 3987; baseline 0 -17"><span class='ocrx_word' id='word_1_551' title='bbox 435 3917 638 3984; x_wconf 81' lang='lat' dir='ltr'><strong>gantia.</strong></span> <span class='ocrx_word' id='word_1_552' title='bbox 679 3915 825 3971; x_wconf 81' lang='lat' dir='ltr'><strong>Inter</strong></span> <span class='ocrx_word' id='word_1_553' title='bbox 850 3917 1048 3972; x_wconf 87' lang='lat' dir='ltr'><strong>multos</strong></span> <span class='ocrx_word' id='word_1_554' title='bbox 1088 3917 1348 3987; x_wconf 88' lang='lat' dir='ltr'><strong>siquidem</strong></span> <span class='ocrx_word' id='word_1_555' title='bbox 1379 3916 1691 3974; x_wconf 82' lang='lat' dir='ltr'><strong>earumdem</strong></span> <span class='ocrx_word' id='word_1_556' title='bbox 1731 3918 2014 3972; x_wconf 89' lang='lat' dir='ltr'><strong>criminum</strong></span> 
     </span>
    </p>
   </div>
   <div class='ocr_carea' id='block_1_70' title="bbox 435 4007 2007 4077">
    <p class='ocr_par' dir='ltr' id='par_1_70' title="bbox 435 4007 2007 4077">
     <span class='ocr_line' id='line_1_70' title="bbox 435 4007 2007 4077; baseline 0.001 -17"><span class='ocrx_word' id='word_1_557' title='bbox 435 4021 557 4062; x_wconf 84' lang='lat' dir='ltr'><strong>reos</strong></span> <span class='ocrx_word' id='word_1_558' title='bbox 602 4007 779 4062; x_wconf 89' lang='lat' dir='ltr'><strong>nullus</strong></span> <span class='ocrx_word' id='word_1_559' title='bbox 805 4014 890 4062; x_wconf 89' lang='lat' dir='ltr'><strong>est</strong></span> <span class='ocrx_word' id='word_1_560' title='bbox 916 4007 1257 4064; x_wconf 87' lang='lat' dir='ltr'><strong>eriminosior</strong></span> <span class='ocrx_word' id='word_1_561' title='bbox 1293 4023 1456 4077; x_wconf 89' lang='lat' dir='ltr'><strong>quam</strong></span> <span class='ocrx_word' id='word_1_562' title='bbox 1497 4009 1590 4077; x_wconf 91' lang='lat' dir='ltr'><strong>qui</strong></span> <span class='ocrx_word' id='word_1_563' title='bbox 1616 4022 1675 4062; x_wconf 92' lang='lat' dir='ltr'><strong>se</strong></span> <span class='ocrx_word' id='word_1_564' title='bbox 1721 4015 1874 4077; x_wconf 89' lang='lat' dir='ltr'><strong>putat</strong></span> <span class='ocrx_word' id='word_1_565' title='bbox 1900 4023 2007 4062; x_wconf 89' lang='lat' dir='ltr'><strong>non</strong></span> 
     </span>
    </p>
   </div>
   <div class='ocr_carea' id='block_1_71' title="bbox 432 4098 2013 4170">
    <p class='ocr_par' dir='ltr' id='par_1_71' title="bbox 432 4098 2013 4170">
     <span class='ocr_line' id='line_1_71' title="bbox 432 4098 2013 4170; baseline 0.003 -18"><span class='ocrx_word' id='word_1_566' title='bbox 432 4098 798 4154; x_wconf 80' lang='lat' dir='ltr'><strong>criminosum.</strong></span> <span class='ocrx_word' id='word_1_567' title='bbox 830 4099 1018 4170; x_wconf 73' lang='lat' dir='ltr'><strong>itaque</strong></span> <span class='ocrx_word' id='word_1_568' title='bbox 1046 4108 1102 4155; x_wconf 92' lang='lat' dir='ltr'><strong>et</strong></span> <span class='ocrx_word' id='word_1_569' title='bbox 1129 4116 1228 4156; x_wconf 90' lang='lat' dir='ltr'><strong>nos</strong></span> <span class='ocrx_word' id='word_1_570' title='bbox 1273 4101 1376 4156; x_wconf 90' lang='lat' dir='ltr'><strong>hoc</strong></span> <span class='ocrx_word' id='word_1_571' title='bbox 1403 4100 1576 4156; x_wconf 89' lang='lat' dir='ltr'><strong>solum</strong></span> <span class='ocrx_word' id='word_1_572' title='bbox 1617 4101 1774 4154; x_wconf 90' lang='lat' dir='ltr'><strong>malis</strong></span> <span class='ocrx_word' id='word_1_573' title='bbox 1811 4101 2013 4156; x_wconf 87' lang='lat' dir='ltr'><strong>nostris</strong></span> 
     </span>
    </p>
   </div>
   <div class='ocr_carea' id='block_1_72' title="bbox 433 4190 2010 4264">
    <p class='ocr_par' dir='ltr' id='par_1_72' title="bbox 433 4190 2010 4264">
     <span class='ocr_line' id='line_1_72' title="bbox 433 4190 2010 4264; baseline 0.001 -20"><span class='ocrx_word' id='word_1_574' title='bbox 433 4190 632 4246; x_wconf 86' lang='lat' dir='ltr'><strong>addere</strong></span> <span class='ocrx_word' id='word_1_575' title='bbox 660 4207 979 4261; x_wconf 87' lang='lat' dir='ltr'><strong>possumus,</strong></span> <span class='ocrx_word' id='word_1_576' title='bbox 1023 4200 1085 4248; x_wconf 89' lang='lat' dir='ltr'><strong>ut</strong></span> <span class='ocrx_word' id='word_1_577' title='bbox 1129 4208 1227 4249; x_wconf 91' lang='lat' dir='ltr'><strong>nos</strong></span> <span class='ocrx_word' id='word_1_578' title='bbox 1255 4193 1504 4248; x_wconf 78' lang='lat' dir='ltr'><strong>innoxios</strong></span> <span class='ocrx_word' id='word_1_579' title='bbox 1543 4192 1862 4262; x_wconf 90' lang='lat' dir='ltr'><strong>iudicemus.</strong></span> <span class='ocrx_word' id='word_1_580' title='bbox 1902 4194 2010 4264; x_wconf 85' lang='lat'><strong>79</strong></span> 
     </span>
    </p>
   </div>
   <div class='ocr_carea' id='block_1_73' title="bbox 433 4279 2009 4356">
    <p class='ocr_par' dir='ltr' id='par_1_73' title="bbox 433 4279 2009 4356">
     <span class='ocr_line' id='line_1_73' title="bbox 433 4279 2009 4356; baseline 0.003 -21"><span class='ocrx_word' id='word_1_581' title='bbox 433 4279 541 4336; x_wconf 80' lang='lat' dir='ltr'><strong>Sed</strong></span> <span class='ocrx_word' id='word_1_582' title='bbox 570 4291 686 4336; x_wconf 91' lang='lat' dir='ltr'><strong>esto</strong></span> <span class='ocrx_word' id='word_1_583' title='bbox 718 4283 913 4354; x_wconf 90' lang='lat' dir='ltr'><strong>(inquit</strong></span> <span class='ocrx_word' id='word_1_584' title='bbox 940 4284 1133 4354; x_wconf 89' lang='lat' dir='ltr'><strong>aliquis</strong></span> <span class='ocrx_word' id='word_1_585' title='bbox 1159 4292 1415 4354; x_wconf 89' lang='lat' dir='ltr'><strong>peccator</strong></span> <span class='ocrx_word' id='word_1_586' title='bbox 1441 4291 1497 4340; x_wconf 90' lang='lat' dir='ltr'><strong>et</strong></span> <span class='ocrx_word' id='word_1_587' title='bbox 1524 4283 1550 4321; x_wconf 75' lang='grc' dir='ltr'><strong>ι)</strong></span> <span class='ocrx_word' id='word_1_588' title='bbox 1573 4283 2009 4356; x_wconf 88' lang='lat' dir='ltr'><strong>malignissimus)</strong></span> 
     </span>
    </p>
   </div>
   <div class='ocr_carea' id='block_1_74' title="bbox 435 4372 2014 4444">
    <p class='ocr_par' dir='ltr' id='par_1_74' title="bbox 435 4372 2014 4444">
     <span class='ocr_line' id='line_1_74' title="bbox 435 4372 2014 4444; baseline 0.003 -19"><span class='ocrx_word' id='word_1_589' title='bbox 435 4379 602 4436; x_wconf 81' lang='lat' dir='ltr'><strong>certe,</strong></span> <span class='ocrx_word' id='word_1_590' title='bbox 627 4372 770 4442; x_wconf 92' lang='lat' dir='ltr'><strong>quod</strong></span> <span class='ocrx_word' id='word_1_591' title='bbox 803 4374 988 4441; x_wconf 85' lang='lat' dir='ltr'><strong>negari</strong></span> <span class='ocrx_word' id='word_1_592' title='bbox 1011 4389 1116 4428; x_wconf 90' lang='lat' dir='ltr'><strong>non</strong></span> <span class='ocrx_word' id='word_1_593' title='bbox 1141 4382 1340 4444; x_wconf 80' lang='lat' dir='ltr'><strong>potest,</strong></span> <span class='ocrx_word' id='word_1_594' title='bbox 1370 4373 1621 4428; x_wconf 89' lang='lat' dir='ltr'><strong>meliores</strong></span> <span class='ocrx_word' id='word_1_595' title='bbox 1647 4375 1891 4429; x_wconf 86' lang='lat' dir='ltr'><strong>barbaris</strong></span> <span class='ocrx_word' id='word_1_596' title='bbox 1920 4391 2014 4429; x_wconf 85' lang='lat' dir='ltr'><strong>su-</strong></span> 
     </span>
    </p>
   </div>
   <div class='ocr_carea' id='block_1_75' title="bbox 2114 3178 3699 3250">
    <p class='ocr_par' dir='ltr' id='par_1_75' title="bbox 2114 3178 3699 3250">
     <span class='ocr_line' id='line_1_75' title="bbox 2114 3178 3699 3250; baseline -0.003 -13"><span class='ocrx_word' id='word_1_597' title='bbox 2114 3197 2288 3238; x_wconf 61' lang='lat' dir='ltr'><strong>causaz</strong></span> <span class='ocrx_word' id='word_1_598' title='bbox 2313 3189 2512 3237; x_wconf 68' lang='lat' dir='ltr'><strong>nostra:</strong></span> <span class='ocrx_word' id='word_1_599' title='bbox 2535 3182 2638 3236; x_wconf 92' lang='lat' dir='ltr'><strong>hoc</strong></span> <span class='ocrx_word' id='word_1_600' title='bbox 2664 3182 2796 3234; x_wconf 91' lang='lat' dir='ltr'><strong>nihil</strong></span> <span class='ocrx_word' id='word_1_601' title='bbox 2821 3181 3048 3250; x_wconf 87' lang='lat' dir='ltr'><strong>prolicit,</strong></span> <span class='ocrx_word' id='word_1_602' title='bbox 3078 3180 3123 3234; x_wconf 91' lang='lat' dir='ltr'><strong>si</strong></span> <span class='ocrx_word' id='word_1_603' title='bbox 3151 3179 3489 3234; x_wconf 89' lang='lat' dir='ltr'><strong>intolerabile</strong></span> <span class='ocrx_word' id='word_1_604' title='bbox 3516 3178 3568 3232; x_wconf 91' lang='lat' dir='ltr'><strong>id</strong></span> <span class='ocrx_word' id='word_1_605' title='bbox 3597 3194 3699 3233; x_wconf 91' lang='lat' dir='ltr'><strong>no-</strong></span> 
     </span>
    </p>
   </div>
   <div class='ocr_carea' id='block_1_76' title="bbox 2113 3267 3699 3342">
    <p class='ocr_par' dir='ltr' id='par_1_76' title="bbox 2113 3267 3699 3342">
     <span class='ocr_line' id='line_1_76' title="bbox 2113 3267 3699 3342; baseline -0.004 -13"><span class='ocrx_word' id='word_1_606' title='bbox 2113 3273 2195 3329; x_wconf 89' lang='lat' dir='ltr'><strong>bis</strong></span> <span class='ocrx_word' id='word_1_607' title='bbox 2231 3287 2354 3328; x_wconf 88' lang='lat' dir='ltr'><strong>esse</strong></span> <span class='ocrx_word' id='word_1_608' title='bbox 2395 3272 2682 3327; x_wconf 87' lang='lat' dir='ltr'><strong>videatur?</strong></span> <span class='ocrx_word' id='word_1_609' title='bbox 2720 3273 2831 3342; x_wconf 77' lang='lat'><strong>80</strong></span> <span class='ocrx_word' id='word_1_610' title='bbox 2867 3270 3035 3324; x_wconf 91' lang='lat' dir='ltr'><strong>Immo</strong></span> <span class='ocrx_word' id='word_1_611' title='bbox 3078 3284 3295 3325; x_wconf 90' lang='lat' dir='ltr'><strong>causam</strong></span> <span class='ocrx_word' id='word_1_612' title='bbox 3324 3276 3561 3324; x_wconf 89' lang='lat' dir='ltr'><strong>nostram</strong></span> <span class='ocrx_word' id='word_1_613' title='bbox 3590 3267 3699 3323; x_wconf 91' lang='lat' dir='ltr'><strong>hoc</strong></span> 
     </span>
    </p>
   </div>
   <div class='ocr_carea' id='block_1_77' title="bbox 2111 3369 3697 3442">
    <p class='ocr_par' dir='ltr' id='par_1_77' title="bbox 2111 3369 3697 3442">
     <span class='ocr_line' id='line_1_77' title="bbox 2111 3369 3697 3442; baseline -0.003 -14"><span class='ocrx_word' id='word_1_614' title='bbox 2111 3373 2282 3442; x_wconf 89' lang='lat' dir='ltr'><strong>magis</strong></span> <span class='ocrx_word' id='word_1_615' title='bbox 2311 3380 2584 3442; x_wconf 87' lang='lat' dir='ltr'><strong>aggravat,</strong></span> <span class='ocrx_word' id='word_1_616' title='bbox 2618 3371 2663 3426; x_wconf 91' lang='lat' dir='ltr'><strong>si</strong></span> <span class='ocrx_word' id='word_1_617' title='bbox 2687 3370 2985 3428; x_wconf 89' lang='lat' dir='ltr'><strong>deteriores</strong></span> <span class='ocrx_word' id='word_1_618' title='bbox 3010 3370 3196 3436; x_wconf 90' lang='lat' dir='ltr'><strong>simus,</strong></span> <span class='ocrx_word' id='word_1_619' title='bbox 3224 3377 3279 3424; x_wconf 91' lang='lat' dir='ltr'><strong>et</strong></span> <span class='ocrx_word' id='word_1_620' title='bbox 3305 3369 3557 3424; x_wconf 88' lang='lat' dir='ltr'><strong>meliores</strong></span> <span class='ocrx_word' id='word_1_621' title='bbox 3593 3383 3697 3424; x_wconf 88' lang='lat' dir='ltr'><strong>nos</strong></span> 
     </span>
    </p>
   </div>
   <div class='ocr_carea' id='block_1_78' title="bbox 2109 3469 3697 3542">
    <p class='ocr_par' dir='ltr' id='par_1_78' title="bbox 2109 3469 3697 3542">
     <span class='ocr_line' id='line_1_78' title="bbox 2109 3469 3697 3542; baseline -0.006 -11"><span class='ocrx_word' id='word_1_622' title='bbox 2109 3489 2231 3531; x_wconf 88' lang='lat' dir='ltr'><strong>esse</strong></span> <span class='ocrx_word' id='word_1_623' title='bbox 2256 3473 2556 3528; x_wconf 90' lang='lat' dir='ltr'><strong>credamus.</strong></span> <span class='ocrx_word' id='word_1_624' title='bbox 2589 3469 2690 3536; x_wconf 84' lang='lat' dir='ltr'><strong>Qui</strong></span> <span class='ocrx_word' id='word_1_625' title='bbox 2710 3473 2866 3535; x_wconf 80' lang='lat' dir='ltr'><strong>enim,</strong></span> <span class='ocrx_word' id='word_1_626' title='bbox 2894 3471 3067 3542; x_wconf 92' lang='lat' dir='ltr'><strong>inquit</strong></span> <span class='ocrx_word' id='word_1_627' title='bbox 3093 3469 3402 3540; x_wconf 85' lang='lat' dir='ltr'><strong>Apostolus,</strong></span> <span class='ocrx_word' id='word_1_628' title='bbox 3431 3485 3486 3523; x_wconf 87' lang='lat' dir='ltr'><strong>se</strong></span> <span class='ocrx_word' id='word_1_629' title='bbox 3511 3469 3697 3523; x_wconf 70' lang='lat' dir='ltr'><strong>existi-</strong></span> 
     </span>
    </p>
   </div>
   <div class='ocr_carea' id='block_1_79' title="bbox 2113 3563 3698 3644">
    <p class='ocr_par' dir='ltr' id='par_1_79' title="bbox 2113 3563 3698 3644">
     <span class='ocr_line' id='line_1_79' title="bbox 2113 3563 3698 3644; baseline -0.007 -15"><span class='ocrx_word' id='word_1_630' title='bbox 2113 3583 2224 3630; x_wconf 83' lang='lat' dir='ltr'><strong>mat</strong></span> <span class='ocrx_word' id='word_1_631' title='bbox 2250 3571 2446 3644; x_wconf 82' lang='lat' dir='ltr'><strong>aliquid</strong></span> <span class='ocrx_word' id='word_1_632' title='bbox 2464 3587 2594 3636; x_wconf 83' lang='lat' dir='ltr'><strong>esse,</strong></span> <span class='ocrx_word' id='word_1_633' title='bbox 2625 3586 2740 3624; x_wconf 84' lang='lat' dir='ltr'><strong>cum</strong></span> <span class='ocrx_word' id='word_1_634' title='bbox 2765 3569 2897 3624; x_wconf 82' lang='lat' dir='ltr'><strong>nihil</strong></span> <span class='ocrx_word' id='word_1_635' title='bbox 2923 3570 3009 3636; x_wconf 86' lang='lat' dir='ltr'><strong>sit,</strong></span> <span class='ocrx_word' id='word_1_636' title='bbox 3037 3585 3092 3623; x_wconf 72' lang='lat' dir='ltr'><strong>se</strong></span> <span class='ocrx_word' id='word_1_637' title='bbox 3116 3570 3284 3640; x_wconf 84' lang='lat' dir='ltr'><strong>ipsum</strong></span> <span class='ocrx_word' id='word_1_638' title='bbox 3310 3567 3524 3621; x_wconf 81' lang='lat' dir='ltr'><strong>seducit.</strong></span> <span class='ocrx_word' id='word_1_639' title='bbox 3551 3563 3698 3637; x_wconf 84' lang='lat' dir='ltr'><strong>Opus</strong></span> 
     </span>
    </p>
   </div>
   <div class='ocr_carea' id='block_1_80' title="bbox 2115 3669 3698 3742">
    <p class='ocr_par' dir='ltr' id='par_1_80' title="bbox 2115 3669 3698 3742">
     <span class='ocr_line' id='line_1_80' title="bbox 2115 3669 3698 3742; baseline -0.004 -14"><span class='ocrx_word' id='word_1_640' title='bbox 2115 3683 2284 3728; x_wconf 81' lang='lat' dir='ltr'><strong>autem</strong></span> <span class='ocrx_word' id='word_1_641' title='bbox 2311 3689 2462 3727; x_wconf 82' lang='lat' dir='ltr'><strong>suum</strong></span> <span class='ocrx_word' id='word_1_642' title='bbox 2487 3671 2665 3742; x_wconf 85' lang='lat' dir='ltr'><strong>probet</strong></span> <span class='ocrx_word' id='word_1_643' title='bbox 2692 3671 2842 3726; x_wconf 83' lang='lat' dir='ltr'><strong>homo</strong></span> <span class='ocrx_word' id='word_1_644' title='bbox 2875 3669 3017 3742; x_wconf 83' lang='lat' dir='ltr'><strong>(Gal.</strong></span> <span class='ocrx_word' id='word_1_645' title='bbox 3058 3687 3129 3734; x_wconf 84' lang='lat' dir='ltr'><strong>vt,</strong></span> <span class='ocrx_word' id='word_1_646' title='bbox 3162 3670 3224 3734; x_wconf 78' lang='lat'><strong>5,</strong></span> <span class='ocrx_word' id='word_1_647' title='bbox 3258 3669 3337 3739; x_wconf 70' lang='grc'><strong>4).</strong></span> <span class='ocrx_word' id='word_1_648' title='bbox 3376 3669 3537 3739; x_wconf 83' lang='lat' dir='ltr'><strong>Operi</strong></span> <span class='ocrx_word' id='word_1_649' title='bbox 3565 3681 3698 3736; x_wconf 83' lang='lat' dir='ltr'><strong>ergo</strong></span> 
     </span>
    </p>
   </div>
   <div class='ocr_carea' id='block_1_81' title="bbox 2113 3768 3699 3840">
    <p class='ocr_par' dir='ltr' id='par_1_81' title="bbox 2113 3768 3699 3840">
     <span class='ocr_line' id='line_1_81' title="bbox 2113 3768 3699 3840; baseline -0.005 -12"><span class='ocrx_word' id='word_1_650' title='bbox 2113 3783 2299 3830; x_wconf 90' lang='lat' dir='ltr'><strong>nostro</strong></span> <span class='ocrx_word' id='word_1_651' title='bbox 2327 3772 2585 3828; x_wconf 90' lang='lat' dir='ltr'><strong>debemus</strong></span> <span class='ocrx_word' id='word_1_652' title='bbox 2612 3770 2862 3837; x_wconf 88' lang='lat' dir='ltr'><strong>credere,</strong></span> <span class='ocrx_word' id='word_1_653' title='bbox 2901 3786 3007 3825; x_wconf 91' lang='lat' dir='ltr'><strong>non</strong></span> <span class='ocrx_word' id='word_1_654' title='bbox 3033 3769 3301 3840; x_wconf 86' lang='lat' dir='ltr'><strong>epinioni;</strong></span> <span class='ocrx_word' id='word_1_655' title='bbox 3342 3768 3558 3832; x_wconf 89' lang='lat' dir='ltr'><strong>rationi,</strong></span> <span class='ocrx_word' id='word_1_656' title='bbox 3587 3783 3699 3822; x_wconf 89' lang='lat' dir='ltr'><strong>non</strong></span> 
     </span>
    </p>
   </div>
   <div class='ocr_carea' id='block_1_82' title="bbox 2115 3865 3701 3940">
    <p class='ocr_par' dir='ltr' id='par_1_82' title="bbox 2115 3865 3701 3940">
     <span class='ocr_line' id='line_1_82' title="bbox 2115 3865 3701 3940; baseline -0.006 -10"><span class='ocrx_word' id='word_1_657' title='bbox 2115 3873 2355 3940; x_wconf 89' lang='lat' dir='ltr'><strong>libidini;</strong></span> <span class='ocrx_word' id='word_1_658' title='bbox 2388 3871 2640 3937; x_wconf 90' lang='lat' dir='ltr'><strong>veritati,</strong></span> <span class='ocrx_word' id='word_1_659' title='bbox 2684 3887 2793 3925; x_wconf 91' lang='lat' dir='ltr'><strong>non</strong></span> <span class='ocrx_word' id='word_1_660' title='bbox 2820 3869 3104 3925; x_wconf 83' lang='lat' dir='ltr'><strong>voluntati.</strong></span> <span class='ocrx_word' id='word_1_661' title='bbox 3135 3869 3299 3938; x_wconf 84' lang='lat' dir='ltr'><strong>Igitur</strong></span> <span class='ocrx_word' id='word_1_662' title='bbox 3331 3869 3455 3937; x_wconf 91' lang='lat' dir='ltr'><strong>quia</strong></span> <span class='ocrx_word' id='word_1_663' title='bbox 3485 3882 3592 3922; x_wconf 90' lang='lat' dir='ltr'><strong>non</strong></span> <span class='ocrx_word' id='word_1_664' title='bbox 3619 3865 3701 3920; x_wconf 85' lang='lat' dir='ltr'><strong>fe-</strong></span> 
     </span>
    </p>
   </div>
   <div class='ocr_carea' id='block_1_83' title="bbox 2113 3966 3696 4040">
    <p class='ocr_par' dir='ltr' id='par_1_83' title="bbox 2113 3966 3696 4040">
     <span class='ocr_line' id='line_1_83' title="bbox 2113 3966 3696 4040; baseline -0.006 -11"><span class='ocrx_word' id='word_1_665' title='bbox 2113 3973 2342 4029; x_wconf 90' lang='lat' dir='ltr'><strong>rendum</strong></span> <span class='ocrx_word' id='word_1_666' title='bbox 2371 3971 2587 4040; x_wconf 90' lang='lat' dir='ltr'><strong>quidam</strong></span> <span class='ocrx_word' id='word_1_667' title='bbox 2635 3969 2980 4034; x_wconf 80' lang='lat' dir='ltr'><strong>existimant,</strong></span> <span class='ocrx_word' id='word_1_668' title='bbox 3030 3975 3090 4022; x_wconf 90' lang='lat' dir='ltr'><strong>ut</strong></span> <span class='ocrx_word' id='word_1_669' title='bbox 3125 3966 3418 4022; x_wconf 90' lang='lat' dir='ltr'><strong>deteriores</strong></span> <span class='ocrx_word' id='word_1_670' title='bbox 3455 3973 3548 4020; x_wconf 90' lang='lat' dir='ltr'><strong>aut</strong></span> <span class='ocrx_word' id='word_1_671' title='bbox 3584 3980 3696 4020; x_wconf 89' lang='lat' dir='ltr'><strong>non</strong></span> 
     </span>
    </p>
   </div>
   <div class='ocr_carea' id='block_1_84' title="bbox 2114 4065 3698 4136">
    <p class='ocr_par' dir='ltr' id='par_1_84' title="bbox 2114 4065 3698 4136">
     <span class='ocr_line' id='line_1_84' title="bbox 2114 4065 3698 4136; baseline -0.006 -7"><span class='ocrx_word' id='word_1_672' title='bbox 2114 4075 2284 4129; x_wconf 90' lang='lat' dir='ltr'><strong>multo</strong></span> <span class='ocrx_word' id='word_1_673' title='bbox 2325 4073 2488 4128; x_wconf 89' lang='lat' dir='ltr'><strong>etiam</strong></span> <span class='ocrx_word' id='word_1_674' title='bbox 2528 4070 2779 4125; x_wconf 88' lang='lat' dir='ltr'><strong>meliores</strong></span> <span class='ocrx_word' id='word_1_675' title='bbox 2805 4067 3048 4123; x_wconf 90' lang='lat' dir='ltr'><strong>barbaris</strong></span> <span class='ocrx_word' id='word_1_676' title='bbox 3070 4066 3389 4136; x_wconf 86' lang='lat' dir='ltr'><strong>iudicemur,</strong></span> <span class='ocrx_word' id='word_1_677' title='bbox 3421 4065 3698 4120; x_wconf 89' lang='lat' dir='ltr'><strong>videamus</strong></span> 
     </span>
    </p>
   </div>
   <div class='ocr_carea' id='block_1_85' title="bbox 2117 4164 3693 4242">
    <p class='ocr_par' dir='ltr' id='par_1_85' title="bbox 2117 4164 3693 4242">
     <span class='ocr_line' id='line_1_85' title="bbox 2117 4164 3693 4242; baseline -0.008 -14"><span class='ocrx_word' id='word_1_678' title='bbox 2117 4181 2209 4228; x_wconf 90' lang='lat' dir='ltr'><strong>aut</strong></span> <span class='ocrx_word' id='word_1_679' title='bbox 2233 4171 2504 4242; x_wconf 90' lang='lat' dir='ltr'><strong>quomodo</strong></span> <span class='ocrx_word' id='word_1_680' title='bbox 2549 4170 2800 4224; x_wconf 90' lang='lat' dir='ltr'><strong>meliores</strong></span> <span class='ocrx_word' id='word_1_681' title='bbox 2827 4166 2992 4222; x_wconf 90' lang='lat' dir='ltr'><strong>simus</strong></span> <span class='ocrx_word' id='word_1_682' title='bbox 3014 4208 3029 4234; x_wconf 93' lang='lat'><strong>,</strong></span> <span class='ocrx_word' id='word_1_683' title='bbox 3062 4173 3156 4221; x_wconf 90' lang='lat' dir='ltr'><strong>aut</strong></span> <span class='ocrx_word' id='word_1_684' title='bbox 3197 4165 3390 4236; x_wconf 87' lang='lat' dir='ltr'><strong>quibus</strong></span> <span class='ocrx_word' id='word_1_685' title='bbox 3427 4164 3693 4220; x_wconf 90' lang='lat' dir='ltr'><strong>barbaris.</strong></span> 
     </span>
    </p>
   </div>
   <div class='ocr_carea' id='block_1_86' title="bbox 2119 4265 3698 4338">
    <p class='ocr_par' dir='ltr' id='par_1_86' title="bbox 2119 4265 3698 4338">
     <span class='ocr_line' id='line_1_86' title="bbox 2119 4265 3698 4338; baseline -0.008 -10"><span class='ocrx_word' id='word_1_686' title='bbox 2119 4273 2234 4327; x_wconf 90' lang='lat' dir='ltr'><strong>Duo</strong></span> <span class='ocrx_word' id='word_1_687' title='bbox 2259 4272 2402 4328; x_wconf 91' lang='lat' dir='ltr'><strong>enim</strong></span> <span class='ocrx_word' id='word_1_688' title='bbox 2423 4283 2618 4338; x_wconf 86' lang='lat' dir='ltr'><strong>genera</strong></span> <span class='ocrx_word' id='word_1_689' title='bbox 2644 4269 2698 4322; x_wconf 92' lang='lat' dir='ltr'><strong>in</strong></span> <span class='ocrx_word' id='word_1_690' title='bbox 2721 4267 2866 4323; x_wconf 90' lang='lat' dir='ltr'><strong>omni</strong></span> <span class='ocrx_word' id='word_1_691' title='bbox 2894 4274 3054 4335; x_wconf 88' lang='lat' dir='ltr'><strong>gente</strong></span> <span class='ocrx_word' id='word_1_692' title='bbox 3081 4265 3319 4320; x_wconf 90' lang='lat' dir='ltr'><strong>omnium</strong></span> <span class='ocrx_word' id='word_1_693' title='bbox 3343 4265 3698 4318; x_wconf 89' lang='lat' dir='ltr'><strong>barbarorum</strong></span> 
     </span>
    </p>
   </div>
   <div class='ocr_carea' id='block_1_87' title="bbox 2117 4359 3699 4436">
    <p class='ocr_par' dir='ltr' id='par_1_87' title="bbox 2117 4359 3699 4436">
     <span class='ocr_line' id='line_1_87' title="bbox 2117 4359 3699 4436; baseline -0.008 -10"><span class='ocrx_word' id='word_1_694' title='bbox 2117 4379 2263 4436; x_wconf 88' lang='lat' dir='ltr'><strong>sunt,</strong></span> <span class='ocrx_word' id='word_1_695' title='bbox 2289 4370 2340 4424; x_wconf 93' lang='lat' dir='ltr'><strong>id</strong></span> <span class='ocrx_word' id='word_1_696' title='bbox 2369 4377 2468 4434; x_wconf 85' lang='lat' dir='ltr'><strong>est,</strong></span> <span class='ocrx_word' id='word_1_697' title='bbox 2499 4374 2591 4422; x_wconf 87' lang='lat' dir='ltr'><strong>aut</strong></span> <span class='ocrx_word' id='word_1_698' title='bbox 2620 4376 2644 4415; x_wconf 73' lang='grc' dir='ltr'><em>ε</em></span> <span class='ocrx_word' id='word_1_699' title='bbox 2675 4366 3068 4430; x_wconf 63' lang='lat' dir='ltr'><strong>haereticorum,</strong></span> <span class='ocrx_word' id='word_1_700' title='bbox 3101 4370 3193 4418; x_wconf 90' lang='lat' dir='ltr'><strong>aut</strong></span> <span class='ocrx_word' id='word_1_701' title='bbox 3218 4376 3567 4434; x_wconf 88' lang='lat' dir='ltr'><strong>paganorum.</strong></span> <span class='ocrx_word' id='word_1_702' title='bbox 3600 4359 3699 4415; x_wconf 83' lang='lat' dir='ltr'><strong>His</strong></span> 
     </span>
    </p>
   </div>
   <div class='ocr_carea' id='block_1_88' title="bbox 1637 4458 2541 4517">
    <p class='ocr_par' dir='ltr' id='par_1_88' title="bbox 1637 4458 2541 4517">
     <span class='ocr_line' id='line_1_88' title="bbox 1637 4458 2541 4517; baseline -0.007 0"><span class='ocrx_word' id='word_1_703' title='bbox 1637 4461 1971 4517; x_wconf 83' lang='lat' dir='ltr'><strong>STEPHANI</strong></span> <span class='ocrx_word' id='word_1_704' title='bbox 2008 4460 2275 4516; x_wconf 81' lang='lat' dir='ltr'><strong>BALUle</strong></span> <span class='ocrx_word' id='word_1_705' title='bbox 2312 4458 2541 4514; x_wconf 75' lang='lat' dir='ltr'><strong>NOTIE.</strong></span> 
     </span>
    </p>
   </div>
   <div class='ocr_carea' id='block_1_89' title="bbox 510 4554 2095 4626">
    <p class='ocr_par' dir='ltr' id='par_1_89' title="bbox 510 4554 2095 4626">
     <span class='ocr_line' id='line_1_89' title="bbox 510 4554 2095 4626; baseline 0.001 -17"><span class='ocrx_word' id='word_1_706' title='bbox 510 4563 536 4591; x_wconf 77' lang='grc' dir='ltr'>ἰ</span> <span class='ocrx_word' id='word_1_707' title='bbox 559 4554 614 4608; x_wconf 91' lang='lat' dir='ltr'><strong>ld</strong></span> <span class='ocrx_word' id='word_1_708' title='bbox 642 4565 744 4626; x_wconf 90' lang='lat' dir='ltr'><strong>est,</strong></span> <span class='ocrx_word' id='word_1_709' title='bbox 775 4554 1004 4609; x_wconf 84' lang='lat' dir='ltr'><strong>Romani</strong></span> <span class='ocrx_word' id='word_1_710' title='bbox 1032 4555 1235 4626; x_wconf 81' lang='lat' dir='ltr'><strong>populi,</strong></span> <span class='ocrx_word' id='word_1_711' title='bbox 1268 4563 1329 4609; x_wconf 89' lang='lat' dir='ltr'><strong>ut</strong></span> <span class='ocrx_word' id='word_1_712' title='bbox 1364 4554 1507 4610; x_wconf 82' lang='lat' dir='ltr'><strong>dicet</strong></span> <span class='ocrx_word' id='word_1_713' title='bbox 1529 4554 1662 4610; x_wconf 88' lang='lat' dir='ltr'><strong>infra</strong></span> <span class='ocrx_word' id='word_1_714' title='bbox 1691 4569 1823 4626; x_wconf 76' lang='lat' dir='ltr'><strong>pag.</strong></span> <span class='ocrx_word' id='word_1_715' title='bbox 1845 4554 1940 4622; x_wconf 87' lang='lat'><strong>80,.</strong></span> <span class='ocrx_word' id='word_1_716' title='bbox 1963 4564 2016 4610; x_wconf 92' lang='lat' dir='ltr'><strong>et</strong></span> <span class='ocrx_word' id='word_1_717' title='bbox 2047 4560 2095 4619; x_wconf 88' lang='lat' dir='ltr'><strong>D</strong></span> 
     </span>
    </p>
   </div>
   <div class='ocr_carea' id='block_1_90' title="bbox 441 4624 1218 4694">
    <p class='ocr_par' dir='ltr' id='par_1_90' title="bbox 441 4624 1218 4694">
     <span class='ocr_line' id='line_1_90' title="bbox 441 4624 1218 4694; baseline -0.006 -12"><span class='ocrx_word' id='word_1_718' title='bbox 441 4625 665 4694; x_wconf 73' lang='lat' dir='ltr'><strong>Romani</strong></span> <span class='ocrx_word' id='word_1_719' title='bbox 693 4626 950 4690; x_wconf 83' lang='lat' dir='ltr'><strong>nominis,</strong></span> <span class='ocrx_word' id='word_1_720' title='bbox 974 4639 1096 4694; x_wconf 84' lang='lat' dir='ltr'><strong>pag.</strong></span> <span class='ocrx_word' id='word_1_721' title='bbox 1129 4624 1218 4677; x_wconf 72' lang='lat'><strong>82.</strong></span> 
     </span>
    </p>
   </div>
   <div class='ocr_carea' id='block_1_91' title="bbox 412 4690 1112 4758">
    <p class='ocr_par' dir='ltr' id='par_1_91' title="bbox 412 4690 1112 4758">
     <span class='ocr_line' id='line_1_91' title="bbox 412 4690 1112 4758; baseline 0.003 -13"><span class='ocrx_word' id='word_1_722' title='bbox 412 4690 422 4702; x_wconf 76' lang='grc'><strong><em>⁸</em></strong></span> <span class='ocrx_word' id='word_1_723' title='bbox 509 4692 538 4731; x_wconf 67' lang='grc' dir='ltr'>δ</span> <span class='ocrx_word' id='word_1_724' title='bbox 563 4693 748 4758; x_wconf 88' lang='lat' dir='ltr'><strong>Corh.,</strong></span> <span class='ocrx_word' id='word_1_725' title='bbox 779 4690 1112 4749; x_wconf 69' lang='lat' dir='ltr'><strong>malissinttis.</strong></span> 
     </span>
    </p>
   </div>
   <div class='ocr_carea' id='block_1_92' title="bbox 516 4761 877 4818">
    <p class='ocr_par' dir='ltr' id='par_1_92' title="bbox 516 4761 877 4818">
     <span class='ocr_line' id='line_1_92' title="bbox 516 4761 877 4818; baseline 0.008 -3"><span class='ocrx_word' id='word_1_726' title='bbox 516 4773 538 4801; x_wconf 74' lang='grc' dir='ltr'><strong>ο</strong></span> <span class='ocrx_word' id='word_1_727' title='bbox 565 4761 837 4818; x_wconf 83' lang='lat' dir='ltr'><strong>Juvenalis</strong></span> <span class='ocrx_word' id='word_1_728' title='bbox 864 4783 877 4817; x_wconf 88' lang='lat'><strong>:</strong></span> 
     </span>
    </p>
   </div>
   <div class='ocr_carea' id='block_1_93' title="bbox 502 4851 1711 4918">
    <p class='ocr_par' dir='ltr' id='par_1_93' title="bbox 502 4851 1711 4918">
     <span class='ocr_line' id='line_1_93' title="bbox 502 4851 1711 4918; baseline 0.006 -18"><span class='ocrx_word' id='word_1_729' title='bbox 502 4873 510 4885; x_wconf 73' lang='grc' dir='ltr'><em>ι</em></span> <span class='ocrx_word' id='word_1_730' title='bbox 560 4851 717 4918; x_wconf 67' lang='lat' dir='ltr'><strong>Omne</strong></span> <span class='ocrx_word' id='word_1_731' title='bbox 739 4857 884 4918; x_wconf 83' lang='lat' dir='ltr'><strong>animi</strong></span> <span class='ocrx_word' id='word_1_732' title='bbox 911 4858 1076 4905; x_wconf 85' lang='lat' dir='ltr'><strong>vitium</strong></span> <span class='ocrx_word' id='word_1_733' title='bbox 1098 4864 1232 4907; x_wconf 88' lang='lat' dir='ltr'><strong>tanto</strong></span> <span class='ocrx_word' id='word_1_734' title='bbox 1256 4858 1566 4918; x_wconf 79' lang='lat' dir='ltr'><strong>conspectius</strong></span> <span class='ocrx_word' id='word_1_735' title='bbox 1588 4855 1637 4906; x_wconf 86' lang='lat' dir='ltr'><strong>in</strong></span> <span class='ocrx_word' id='word_1_736' title='bbox 1653 4869 1711 4907; x_wconf 84' lang='lat' dir='ltr'><strong>se</strong></span> 
     </span>
    </p>
   </div>
   <div class='ocr_carea' id='block_1_94' title="bbox 558 4916 1836 4995">
    <p class='ocr_par' dir='ltr' id='par_1_94' title="bbox 558 4916 1836 4995">
     <span class='ocr_line' id='line_1_94' title="bbox 558 4916 1836 4995; baseline -0.001 -29"><span class='ocrx_word' id='word_1_737' title='bbox 558 4916 756 4966; x_wconf 83' lang='lat' dir='ltr'><strong>Crimen</strong></span> <span class='ocrx_word' id='word_1_738' title='bbox 777 4917 924 4966; x_wconf 81' lang='lat' dir='ltr'><strong>habet</strong></span> <span class='ocrx_word' id='word_1_739' title='bbox 945 4925 1126 4979; x_wconf 82' lang='lat' dir='ltr'><strong>quanto</strong></span> <span class='ocrx_word' id='word_1_740' title='bbox 1143 4922 1294 4995; x_wconf 66' lang='lat' dir='ltr'><strong>maior</strong></span> <span class='ocrx_word' id='word_1_741' title='bbox 1311 4916 1394 4982; x_wconf 80' lang='lat' dir='ltr'><strong>qui</strong></span> <span class='ocrx_word' id='word_1_742' title='bbox 1417 4926 1588 4982; x_wconf 80' lang='lat' dir='ltr'><strong>peccat</strong></span> <span class='ocrx_word' id='word_1_743' title='bbox 1609 4919 1836 4968; x_wconf 89' lang='lat' dir='ltr'><strong>habetur.</strong></span> 
     </span>
    </p>
   </div>
   <div class='ocr_carea' id='block_1_95' title="bbox 511 5042 2028 5118">
    <p class='ocr_par' dir='ltr' id='par_1_95' title="bbox 511 5042 2028 5118">
     <span class='ocr_line' id='line_1_95' title="bbox 511 5042 2028 5118; baseline -0.002 -19"><span class='ocrx_word' id='word_1_744' title='bbox 511 5043 910 5118; x_wconf 49' lang='lat' dir='ltr'><strong>#Hermaqnus,</strong></span> <span class='ocrx_word' id='word_1_745' title='bbox 929 5045 1361 5118; x_wconf 81' lang='lat' dir='ltr'><strong>archiepiscopus</strong></span> <span class='ocrx_word' id='word_1_746' title='bbox 1379 5044 1735 5110; x_wconf 87' lang='lat' dir='ltr'><strong>Coloniensis,</strong></span> <span class='ocrx_word' id='word_1_747' title='bbox 1761 5044 1814 5098; x_wconf 91' lang='lat' dir='ltr'><strong>in</strong></span> <span class='ocrx_word' id='word_1_748' title='bbox 1835 5042 2028 5118; x_wconf 85' lang='lat' dir='ltr'><strong>Enchi-</strong></span> 
     </span>
    </p>
   </div>
   <div class='ocr_carea' id='block_1_96' title="bbox 438 5113 2023 5184">
    <p class='ocr_par' dir='ltr' id='par_1_96' title="bbox 438 5113 2023 5184">
     <span class='ocr_line' id='line_1_96' title="bbox 438 5113 2023 5184; baseline -0.003 -13"><span class='ocrx_word' id='word_1_749' title='bbox 438 5116 577 5172; x_wconf 85' lang='lat' dir='ltr'><strong>ridio</strong></span> <span class='ocrx_word' id='word_1_750' title='bbox 608 5117 730 5170; x_wconf 70' lang='lat' dir='ltr'><strong>vitae</strong></span> <span class='ocrx_word' id='word_1_751' title='bbox 755 5113 1072 5170; x_wconf 68' lang='lat' dir='ltr'><strong>Christiana:</strong></span> <span class='ocrx_word' id='word_1_752' title='bbox 1102 5113 1276 5184; x_wconf 79' lang='lat' dir='ltr'><strong>(quod</strong></span> <span class='ocrx_word' id='word_1_753' title='bbox 1295 5117 1382 5171; x_wconf 91' lang='lat' dir='ltr'><strong>edi</strong></span> <span class='ocrx_word' id='word_1_754' title='bbox 1409 5118 1550 5170; x_wconf 90' lang='lat' dir='ltr'><strong>solet</strong></span> <span class='ocrx_word' id='word_1_755' title='bbox 1576 5123 1697 5170; x_wconf 87' lang='lat' dir='ltr'><strong>cum</strong></span> <span class='ocrx_word' id='word_1_756' title='bbox 1726 5115 2023 5184; x_wconf 82' lang='lat' dir='ltr'><strong>canonibus</strong></span> 
     </span>
    </p>
   </div>
   <div class='ocr_carea' id='block_1_97' title="bbox 437 5182 2020 5255">
    <p class='ocr_par' dir='ltr' id='par_1_97' title="bbox 437 5182 2020 5255">
     <span class='ocr_line' id='line_1_97' title="bbox 437 5182 2020 5255; baseline -0.003 -14"><span class='ocrx_word' id='word_1_757' title='bbox 437 5186 651 5241; x_wconf 91' lang='lat' dir='ltr'><strong>concilii</strong></span> <span class='ocrx_word' id='word_1_758' title='bbox 700 5185 1045 5255; x_wconf 79' lang='lat' dir='ltr'><strong>provincialis</strong></span> <span class='ocrx_word' id='word_1_759' title='bbox 1091 5182 1236 5254; x_wconf 84' lang='lat' dir='ltr'><strong>quod</strong></span> <span class='ocrx_word' id='word_1_760' title='bbox 1284 5201 1426 5255; x_wconf 83' lang='lat' dir='ltr'><strong>anno</strong></span> <span class='ocrx_word' id='word_1_761' title='bbox 1475 5185 1611 5239; x_wconf 74' lang='grc'><strong>1556</strong></span> <span class='ocrx_word' id='word_1_762' title='bbox 1657 5184 1844 5239; x_wconf 87' lang='lat' dir='ltr'><strong>habuit</strong></span> <span class='ocrx_word' id='word_1_763' title='bbox 1882 5182 2020 5255; x_wconf 85' lang='lat' dir='ltr'><strong>idem</strong></span> 
     </span>
    </p>
   </div>
   <div class='ocr_carea' id='block_1_98' title="bbox 439 5253 2019 5326">
    <p class='ocr_par' dir='ltr' id='par_1_98' title="bbox 439 5253 2019 5326">
     <span class='ocr_line' id='line_1_98' title="bbox 439 5253 2019 5326; baseline -0.004 -14"><span class='ocrx_word' id='word_1_764' title='bbox 439 5253 917 5326; x_wconf 71' lang='lat' dir='ltr'><strong>archiepiscopus)</strong></span> <span class='ocrx_word' id='word_1_765' title='bbox 966 5253 1123 5326; x_wconf 81' lang='lat' dir='ltr'><strong>titulo</strong></span> <span class='ocrx_word' id='word_1_766' title='bbox 1176 5256 1272 5326; x_wconf 24' lang='lat' dir='ltr'><strong>de“</strong></span> <span class='ocrx_word' id='word_1_767' title='bbox 1304 5253 1663 5326; x_wconf 80' lang='lat' dir='ltr'><strong>Sacramenta</strong></span> <span class='ocrx_word' id='word_1_768' title='bbox 1691 5253 2019 5326; x_wconf 61' lang='lat' dir='ltr'><strong>pauitantia,</strong></span> 
     </span>
    </p>
   </div>
   <div class='ocr_carea' id='block_1_99' title="bbox 440 5323 2019 5394">
    <p class='ocr_par' dir='ltr' id='par_1_99' title="bbox 440 5323 2019 5394">
     <span class='ocr_line' id='line_1_99' title="bbox 440 5323 2019 5394; baseline -0.006 -13"><span class='ocrx_word' id='word_1_769' title='bbox 440 5327 555 5382; x_wconf 75' lang='lat' dir='ltr'><strong>hzec</strong></span> <span class='ocrx_word' id='word_1_770' title='bbox 583 5323 943 5394; x_wconf 17' lang='lat' dir='ltr'><strong>ititergeintera</strong></span> <span class='ocrx_word' id='word_1_771' title='bbox 970 5325 1158 5380; x_wconf 80' lang='lat' dir='ltr'><strong>scribit</strong></span> <span class='ocrx_word' id='word_1_772' title='bbox 1181 5343 1193 5377; x_wconf 90' lang='lat'>:</span> <span class='ocrx_word' id='word_1_773' title='bbox 1225 5323 1312 5378; x_wconf 76' lang='lat' dir='ltr'><strong>Ex</strong></span> <span class='ocrx_word' id='word_1_774' title='bbox 1337 5341 1554 5394; x_wconf 80' lang='lat' dir='ltr'><strong>persona</strong></span> <span class='ocrx_word' id='word_1_775' title='bbox 1581 5323 1820 5378; x_wconf 67' lang='lat' dir='ltr'><strong>deﬂetum</strong></span> <span class='ocrx_word' id='word_1_776' title='bbox 1845 5323 1904 5392; x_wconf 83' lang='lat' dir='ltr'><strong>ﬁt</strong></span> <span class='ocrx_word' id='word_1_777' title='bbox 1929 5337 2019 5373; x_wconf 85' lang='lat' dir='ltr'><strong>ca—</strong></span> 
     </span>
    </p>
   </div>
   <div class='ocr_carea' id='block_1_100' title="bbox 441 5392 2022 5467">
    <p class='ocr_par' dir='ltr' id='par_1_100' title="bbox 441 5392 2022 5467">
     <span class='ocr_line' id='line_1_100' title="bbox 441 5392 2022 5467; baseline -0.004 -17"><span class='ocrx_word' id='word_1_778' title='bbox 441 5396 671 5467; x_wconf 47' lang='lat' dir='ltr'><strong>pitalium</strong></span> <span class='ocrx_word' id='word_1_779' title='bbox 719 5392 940 5467; x_wconf 68' lang='lat' dir='ltr'><strong>Gravius</strong></span> <span class='ocrx_word' id='word_1_780' title='bbox 975 5406 1148 5467; x_wconf 68' lang='lat' dir='ltr'><strong>peccat</strong></span> <span class='ocrx_word' id='word_1_781' title='bbox 1185 5392 1425 5467; x_wconf 74' lang='lat' dir='ltr'><strong>sacerdos</strong></span> <span class='ocrx_word' id='word_1_782' title='bbox 1463 5403 1561 5467; x_wconf 70' lang='lat' dir='ltr'><strong>aut</strong></span> <span class='ocrx_word' id='word_1_783' title='bbox 1596 5395 2022 5467; x_wconf 49' lang='lat' dir='ltr'><strong>princepsjuam</strong></span> 
     </span>
    </p>
   </div>
   <div class='ocr_carea' id='block_1_101' title="bbox 444 5461 2022 5538">
    <p class='ocr_par' dir='ltr' id='par_1_101' title="bbox 444 5461 2022 5538">
     <span class='ocr_line' id='line_1_101' title="bbox 444 5461 2022 5538; baseline -0.004 -17"><span class='ocrx_word' id='word_1_784' title='bbox 444 5461 612 5526; x_wconf 79' lang='lat' dir='ltr'><strong>laicus</strong></span> <span class='ocrx_word' id='word_1_785' title='bbox 630 5473 721 5520; x_wconf 87' lang='lat' dir='ltr'><strong>aut</strong></span> <span class='ocrx_word' id='word_1_786' title='bbox 740 5461 986 5538; x_wconf 69' lang='lat' dir='ltr'><strong>privatus.</strong></span> <span class='ocrx_word' id='word_1_787' title='bbox 1029 5463 1201 5538; x_wconf 81' lang='lat' dir='ltr'><strong>uga:</strong></span> <span class='ocrx_word' id='word_1_788' title='bbox 1219 5466 1274 5518; x_wconf 83' lang='lat' dir='ltr'><strong>in</strong></span> <span class='ocrx_word' id='word_1_789' title='bbox 1295 5464 1546 5538; x_wconf 25' lang='lat' dir='ltr'><strong>orelaici,‘</strong></span> <span class='ocrx_word' id='word_1_790' title='bbox 1562 5461 1616 5538; x_wconf 70' lang='lat' dir='ltr'><strong>at</strong></span> <span class='ocrx_word' id='word_1_791' title='bbox 1642 5461 1811 5538; x_wconf 74' lang='lat' dir='ltr'><strong>inquit</strong></span> <span class='ocrx_word' id='word_1_792' title='bbox 1831 5461 2022 5538; x_wconf 58' lang='lat' dir='ltr'><strong>Hiero:</strong></span> 
     </span>
    </p>
   </div>
   <div class='ocr_carea' id='block_1_102' title="bbox 445 5531 2024 5660">
    <p class='ocr_par' dir='ltr' id='par_1_102' title="bbox 445 5531 2024 5660">
     <span class='ocr_line' id='line_1_102' title="bbox 445 5531 2024 5657; baseline -0.002 -69"><span class='ocrx_word' id='word_1_793' title='bbox 445 5552 649 5616; x_wconf 64' lang='lat' dir='ltr'><strong>uymus,</strong></span> <span class='ocrx_word' id='word_1_794' title='bbox 679 5531 830 5618; x_wconf 72' lang='lat' dir='ltr'><strong>titing</strong></span> <span class='ocrx_word' id='word_1_795' title='bbox 848 5542 1002 5618; x_wconf 60' lang='lat' dir='ltr'><strong>sunt;</strong></span> <span class='ocrx_word' id='word_1_796' title='bbox 1029 5537 1085 5590; x_wconf 88' lang='lat' dir='ltr'><strong>in</strong></span> <span class='ocrx_word' id='word_1_797' title='bbox 1113 5531 1202 5592; x_wconf 77' lang='lat' dir='ltr'><strong>ore</strong></span> <span class='ocrx_word' id='word_1_798' title='bbox 1219 5535 1500 5615; x_wconf 77' lang='lat' dir='ltr'><strong>sacerdotis</strong></span> <span class='ocrx_word' id='word_1_799' title='bbox 1530 5531 1863 5657; x_wconf 53' lang='lat' dir='ltr'><strong>blagghemia.</strong></span> <span class='ocrx_word' id='word_1_800' title='bbox 1889 5531 2024 5612; x_wconf 81' lang='lat' dir='ltr'><strong>Addi</strong></span> 
     </span>
     <span class='ocr_line' id='line_1_103' title="bbox 450 5601 2021 5660; baseline -0.004 -2"><span class='ocrx_word' id='word_1_801' title='bbox 450 5603 536 5659; x_wconf 74' lang='lat' dir='ltr'><strong>hic</strong></span> <span class='ocrx_word' id='word_1_802' title='bbox 579 5613 759 5660; x_wconf 79' lang='lat' dir='ltr'><strong>potest</strong></span> <span class='ocrx_word' id='word_1_803' title='bbox 805 5619 1026 5660; x_wconf 75' lang='lat' dir='ltr'><strong>instams</strong></span> <span class='ocrx_word' id='word_1_804' title='bbox 1072 5606 1224 5660; x_wconf 91' lang='lat' dir='ltr'><strong>locus</strong></span> <span class='ocrx_word' id='word_1_805' title='bbox 1251 5621 1319 5660; x_wconf 82' lang='lat' dir='ltr'><strong>ex</strong></span> <span class='ocrx_word' id='word_1_806' title='bbox 1347 5603 1572 5660; x_wconf 84' lang='lat' dir='ltr'><strong>emstola</strong></span> <span class='ocrx_word' id='word_1_807' title='bbox 1698 5602 1754 5657; x_wconf 91' lang='lat' dir='ltr'><strong>S.</strong></span> <span class='ocrx_word' id='word_1_808' title='bbox 1790 5601 2021 5657; x_wconf 80' lang='lat' dir='ltr'><strong>Leonis:</strong></span> 
     </span>
    </p>
   </div>
   <div class='ocr_carea' id='block_1_103' title="bbox 450 5619 2026 5756">
    <p class='ocr_par' dir='ltr' id='par_1_103' title="bbox 450 5619 2026 5756">
     <span class='ocr_line' id='line_1_104' title="bbox 450 5619 2021 5675; baseline -0.004 -17"><span class='ocrx_word' id='word_1_809' title='bbox 450 5619 536 5659; x_wconf 81' lang='lat' dir='ltr'><strong>me</strong></span> <span class='ocrx_word' id='word_1_810' title='bbox 579 5619 759 5674; x_wconf 81' lang='lat' dir='ltr'><strong>poteSt</strong></span> <span class='ocrx_word' id='word_1_811' title='bbox 805 5619 1026 5675; x_wconf 77' lang='lat' dir='ltr'><strong>tnSIgnts</strong></span> <span class='ocrx_word' id='word_1_812' title='bbox 1075 5619 1224 5662; x_wconf 91' lang='lat' dir='ltr'><strong>locus</strong></span> <span class='ocrx_word' id='word_1_813' title='bbox 1251 5621 1319 5660; x_wconf 81' lang='lat' dir='ltr'><strong>ex</strong></span> <span class='ocrx_word' id='word_1_814' title='bbox 1347 5619 1572 5675; x_wconf 83' lang='lat' dir='ltr'><strong>eptswta</strong></span> <span class='ocrx_word' id='word_1_815' title='bbox 1601 5619 1672 5657; x_wconf 73' lang='grc' dir='ltr'><strong><em>Μ</em></strong></span> <span class='ocrx_word' id='word_1_816' title='bbox 1698 5619 1754 5657; x_wconf 73' lang='grc' dir='ltr'><strong>δ.</strong></span> <span class='ocrx_word' id='word_1_817' title='bbox 1790 5619 1983 5657; x_wconf 72' lang='lat' dir='ltr'><strong>Leonis</strong></span> <span class='ocrx_word' id='word_1_818' title='bbox 2009 5619 2021 5652; x_wconf 89' lang='lat'><strong>:</strong></span> 
     </span>
     <span class='ocr_line' id='line_1_105' title="bbox 450 5671 2026 5756; baseline -0.004 -28"><span class='ocrx_word' id='word_1_819' title='bbox 450 5671 793 5728; x_wconf 78' lang='lat' dir='ltr'><strong>Sacerdon</strong></span> <span class='ocrx_word' id='word_1_820' title='bbox 829 5677 966 5730; x_wconf 72' lang='lat' dir='ltr'><strong>enim</strong></span> <span class='ocrx_word' id='word_1_821' title='bbox 995 5682 1099 5730; x_wconf 85' lang='lat' dir='ltr'><strong>tam</strong></span> <span class='ocrx_word' id='word_1_822' title='bbox 1138 5675 1394 5730; x_wconf 64' lang='lat' dir='ltr'><strong>excellens</strong></span> <span class='ocrx_word' id='word_1_823' title='bbox 1432 5682 1508 5728; x_wconf 73' lang='lat' dir='ltr'><strong>est</strong></span> <span class='ocrx_word' id='word_1_824' title='bbox 1552 5673 1732 5727; x_wconf 81' lang='lat' dir='ltr'><strong>electio</strong></span> <span class='ocrx_word' id='word_1_825' title='bbox 1755 5712 1770 5740; x_wconf 90' lang='lat'><strong>,</strong></span> <span class='ocrx_word' id='word_1_826' title='bbox 1819 5680 1875 5756; x_wconf 71' lang='lat' dir='ltr'><strong>ut</strong></span> <span class='ocrx_word' id='word_1_827' title='bbox 1917 5671 2026 5726; x_wconf 82' lang='lat' dir='ltr'><strong>Ita&#39;c</strong></span> 
     </span>
    </p>
   </div>
   <div class='ocr_carea' id='block_1_104' title="bbox 2119 4546 3700 4626">
    <p class='ocr_par' dir='ltr' id='par_1_104' title="bbox 2119 4546 3700 4626">
     <span class='ocr_line' id='line_1_106' title="bbox 2119 4546 3700 4626; baseline -0.005 -18"><span class='ocrx_word' id='word_1_828' title='bbox 2119 4570 2232 4626; x_wconf 75' lang='lat' dir='ltr'><strong>qua:</strong></span> <span class='ocrx_word' id='word_1_829' title='bbox 2258 4555 2327 4626; x_wconf 85' lang='lat' dir='ltr'><strong>in_</strong></span> <span class='ocrx_word' id='word_1_830' title='bbox 2353 4553 2486 4626; x_wconf 66' lang='lat' dir='ltr'><strong>aliis</strong></span> <span class='ocrx_word' id='word_1_831' title='bbox 2512 4549 2771 4626; x_wconf 34' lang='lat' dir='ltr'><strong>membris.</strong></span> <span class='ocrx_word' id='word_1_832' title='bbox 2792 4548 3037 4626; x_wconf 57' lang='lat' dir='ltr'><strong>Ecclesiae</strong></span> <span class='ocrx_word' id='word_1_833' title='bbox 3065 4563 3184 4626; x_wconf 57' lang='lat' dir='ltr'><strong>non</strong></span> <span class='ocrx_word' id='word_1_834' title='bbox 3218 4555 3463 4626; x_wconf 58' lang='lat' dir='ltr'><strong>vagantur</strong></span> <span class='ocrx_word' id='word_1_835' title='bbox 3489 4546 3558 4598; x_wconf 85' lang='lat' dir='ltr'><strong>ad</strong></span> <span class='ocrx_word' id='word_1_836' title='bbox 3584 4547 3700 4626; x_wconf 72' lang='lat' dir='ltr'><strong>cul-</strong></span> 
     </span>
    </p>
   </div>
   <div class='ocr_carea' id='block_1_105' title="bbox 2118 4615 3698 4694">
    <p class='ocr_par' dir='ltr' id='par_1_105' title="bbox 2118 4615 3698 4694">
     <span class='ocr_line' id='line_1_107' title="bbox 2118 4615 3698 4694; baseline -0.003 -20"><span class='ocrx_word' id='word_1_837' title='bbox 2118 4615 2237 4694; x_wconf 59' lang='grc' dir='ltr'><strong>ραηι</strong></span> <span class='ocrx_word' id='word_1_838' title='bbox 2256 4663 2271 4686; x_wconf 90' lang='grc'><em>,</em></span> <span class='ocrx_word' id='word_1_839' title='bbox 2311 4623 2364 4674; x_wconf 84' lang='lat' dir='ltr'><strong>in</strong></span> <span class='ocrx_word' id='word_1_840' title='bbox 2409 4621 2513 4694; x_wconf 64' lang='lat' dir='ltr'><strong>illis</strong></span> <span class='ocrx_word' id='word_1_841' title='bbox 2545 4632 2724 4694; x_wconf 84' lang='lat' dir='ltr'><strong>tamen_</strong></span> <span class='ocrx_word' id='word_1_842' title='bbox 2752 4619 3036 4694; x_wconf 54' lang='lat' dir='ltr'><strong>habeantur</strong></span> <span class='ocrx_word' id='word_1_843' title='bbox 3061 4615 3423 4694; x_wconf 64' lang='lat' dir='ltr'><strong>illicita._Vide</strong></span> <span class='ocrx_word' id='word_1_844' title='bbox 3451 4623 3698 4671; x_wconf 82' lang='lat' dir='ltr'><strong>sanctum</strong></span> 
     </span>
    </p>
   </div>
   <div class='ocr_carea' id='block_1_106' title="bbox 2118 4686 3320 4759">
    <p class='ocr_par' dir='ltr' id='par_1_106' title="bbox 2118 4686 3320 4759">
     <span class='ocr_line' id='line_1_108' title="bbox 2118 4686 3320 4759; baseline -0.006 -13"><span class='ocrx_word' id='word_1_845' title='bbox 2118 4686 2434 4759; x_wconf 80' lang='lat' dir='ltr'><strong>Cregorium</strong></span> <span class='ocrx_word' id='word_1_846' title='bbox 2463 4691 2554 4744; x_wconf 89' lang='lat' dir='ltr'><strong>lib.</strong></span> <span class='ocrx_word' id='word_1_847' title='bbox 2587 4706 2678 4753; x_wconf 89' lang='lat' dir='ltr'><strong>vn,</strong></span> <span class='ocrx_word' id='word_1_848' title='bbox 2711 4689 2896 4742; x_wconf 89' lang='lat' dir='ltr'><strong>indict.</strong></span> <span class='ocrx_word' id='word_1_849' title='bbox 2925 4687 2980 4751; x_wconf 73' lang='lat'><strong>2,</strong></span> <span class='ocrx_word' id='word_1_850' title='bbox 3011 4687 3167 4756; x_wconf 90' lang='lat' dir='ltr'><strong>epist.</strong></span> <span class='ocrx_word' id='word_1_851' title='bbox 3201 4686 3320 4759; x_wconf 67' lang='lat' dir='ltr'><strong>ll&#39;l.</strong></span> 
     </span>
    </p>
   </div>
   <div class='ocr_carea' id='block_1_107' title="bbox 2195 4755 3700 4828">
    <p class='ocr_par' dir='ltr' id='par_1_107' title="bbox 2195 4755 3700 4828">
     <span class='ocr_line' id='line_1_109' title="bbox 2195 4755 3700 4828; baseline -0.003 -13"><span class='ocrx_word' id='word_1_852' title='bbox 2195 4755 2429 4815; x_wconf 56' lang='lat' dir='ltr'><strong>e&#39;Codex</strong></span> <span class='ocrx_word' id='word_1_853' title='bbox 2485 4759 2722 4814; x_wconf 90' lang='lat' dir='ltr'><strong>Colbert.</strong></span> <span class='ocrx_word' id='word_1_854' title='bbox 2789 4766 2844 4812; x_wconf 90' lang='lat' dir='ltr'><strong>et</strong></span> <span class='ocrx_word' id='word_1_855' title='bbox 2896 4755 3107 4812; x_wconf 84' lang='lat' dir='ltr'><strong>veteres</strong></span> <span class='ocrx_word' id='word_1_856' title='bbox 3163 4756 3464 4822; x_wconf 89' lang='lat' dir='ltr'><strong>editiones,</strong></span> <span class='ocrx_word' id='word_1_857' title='bbox 3513 4755 3700 4828; x_wconf 68' lang='lat' dir='ltr'><strong>{adfor</strong></span> 
     </span>
    </p>
   </div>
   <div class='ocr_carea' id='block_1_108' title="bbox 2119 4831 2417 4886">
    <p class='ocr_par' dir='ltr' id='par_1_108' title="bbox 2119 4831 2417 4886">
     <span class='ocr_line' id='line_1_110' title="bbox 2119 4831 2417 4886; baseline -0.013 0"><span class='ocrx_word' id='word_1_858' title='bbox 2119 4831 2417 4886; x_wconf 74' lang='lat' dir='ltr'><strong>iuebriator.</strong></span> 
     </span>
    </p>
   </div>
   <div class='ocr_carea' id='block_1_109' title="bbox 2198 4898 3324 4962">
    <p class='ocr_par' dir='ltr' id='par_1_109' title="bbox 2198 4898 3324 4962">
     <span class='ocr_line' id='line_1_111' title="bbox 2198 4898 3324 4962; baseline -0.005 -8"><span class='ocrx_word' id='word_1_859' title='bbox 2198 4900 2217 4939; x_wconf 71' lang='grc' dir='ltr'><em>ι</em></span> <span class='ocrx_word' id='word_1_860' title='bbox 2250 4901 2390 4954; x_wconf 89' lang='lat' dir='ltr'><strong>ldem</strong></span> <span class='ocrx_word' id='word_1_861' title='bbox 2421 4898 2592 4952; x_wconf 77' lang='lat' dir='ltr'><strong>codex</strong></span> <span class='ocrx_word' id='word_1_862' title='bbox 2621 4906 2674 4952; x_wconf 90' lang='lat' dir='ltr'><strong>et</strong></span> <span class='ocrx_word' id='word_1_863' title='bbox 2701 4905 2912 4952; x_wconf 89' lang='lat' dir='ltr'><strong>veteres</strong></span> <span class='ocrx_word' id='word_1_864' title='bbox 2939 4898 3090 4962; x_wconf 90' lang='lat' dir='ltr'><strong>edit.,</strong></span> <span class='ocrx_word' id='word_1_865' title='bbox 3121 4913 3324 4951; x_wconf 84' lang='lat' dir='ltr'><strong>nomen.</strong></span> 
     </span>
    </p>
   </div>
   <div class='ocr_carea' id='block_1_110' title="bbox 2196 4963 3703 5036">
    <p class='ocr_par' dir='ltr' id='par_1_110' title="bbox 2196 4963 3703 5036">
     <span class='ocr_line' id='line_1_112' title="bbox 2196 4963 3703 5036; baseline 0 -18"><span class='ocrx_word' id='word_1_866' title='bbox 2196 4979 2220 5018; x_wconf 74' lang='grc' dir='ltr'><strong>ε</strong></span> <span class='ocrx_word' id='word_1_867' title='bbox 2252 4970 2330 5024; x_wconf 84' lang='lat' dir='ltr'><strong>Ad</strong></span> <span class='ocrx_word' id='word_1_868' title='bbox 2359 4971 2500 5023; x_wconf 91' lang='lat' dir='ltr'><strong>hunc</strong></span> <span class='ocrx_word' id='word_1_869' title='bbox 2540 4969 2713 5021; x_wconf 89' lang='lat' dir='ltr'><strong>locum</strong></span> <span class='ocrx_word' id='word_1_870' title='bbox 2753 4969 2987 5036; x_wconf 79' lang='lat' dir='ltr'><strong>respexit</strong></span> <span class='ocrx_word' id='word_1_871' title='bbox 3025 4966 3304 5022; x_wconf 89' lang='lat' dir='ltr'><strong>Salvianus</strong></span> <span class='ocrx_word' id='word_1_872' title='bbox 3332 4963 3486 5036; x_wconf 78' lang='lat' dir='ltr'><strong>infra,</strong></span> <span class='ocrx_word' id='word_1_873' title='bbox 3516 4965 3568 5017; x_wconf 92' lang='lat' dir='ltr'><strong>in</strong></span> <span class='ocrx_word' id='word_1_874' title='bbox 3598 4964 3703 5018; x_wconf 85' lang='lat' dir='ltr'><strong>ini-</strong></span> 
     </span>
    </p>
   </div>
   <div class='ocr_carea' id='block_1_111' title="bbox 2123 5031 3703 5107">
    <p class='ocr_par' dir='ltr' id='par_1_111' title="bbox 2123 5031 3703 5107">
     <span class='ocr_line' id='line_1_113' title="bbox 2123 5031 3703 5107; baseline -0.004 -13"><span class='ocrx_word' id='word_1_875' title='bbox 2123 5042 2200 5096; x_wconf 80' lang='lat' dir='ltr'><strong>t‘io</strong></span> <span class='ocrx_word' id='word_1_876' title='bbox 2243 5041 2334 5095; x_wconf 92' lang='lat' dir='ltr'><strong>lib.</strong></span> <span class='ocrx_word' id='word_1_877' title='bbox 2379 5055 2434 5101; x_wconf 88' lang='lat' dir='ltr'><strong>v,</strong></span> <span class='ocrx_word' id='word_1_878' title='bbox 2457 5051 2578 5107; x_wconf 85' lang='lat' dir='ltr'><strong>pag.</strong></span> <span class='ocrx_word' id='word_1_879' title='bbox 2611 5036 2715 5090; x_wconf 78' lang='lat'><strong>95:</strong></span> <span class='ocrx_word' id='word_1_880' title='bbox 2769 5031 2903 5101; x_wconf 75' lang='lat' dir='ltr'><strong>Quia</strong></span> <span class='ocrx_word' id='word_1_881' title='bbox 2951 5037 3050 5090; x_wconf 82' lang='lat' dir='ltr'><strong>duo</strong></span> <span class='ocrx_word' id='word_1_882' title='bbox 3088 5037 3318 5105; x_wconf 77' lang='lat' dir='ltr'><strong>superius</strong></span> <span class='ocrx_word' id='word_1_883' title='bbox 3363 5031 3703 5090; x_wconf 81' lang='lat' dir='ltr'><strong>barbarorum</strong></span> 
     </span>
    </p>
   </div>
   <div class='ocr_carea' id='block_1_112' title="bbox 2122 5109 3705 5182">
    <p class='ocr_par' dir='ltr' id='par_1_112' title="bbox 2122 5109 3705 5182">
     <span class='ocr_line' id='line_1_114' title="bbox 2122 5109 3705 5182; baseline -0.006 -18"><span class='ocrx_word' id='word_1_884' title='bbox 2122 5127 2308 5182; x_wconf 87' lang='lat' dir='ltr'><strong>genera</strong></span> <span class='ocrx_word' id='word_1_885' title='bbox 2335 5109 2411 5163; x_wconf 77' lang='lat' dir='ltr'><strong>vel</strong></span> <span class='ocrx_word' id='word_1_886' title='bbox 2438 5117 2602 5162; x_wconf 83' lang='lat' dir='ltr'><strong>sectas</strong></span> <span class='ocrx_word' id='word_1_887' title='bbox 2627 5124 2735 5182; x_wconf 89' lang='lat' dir='ltr'><strong>ess_e</strong></span> <span class='ocrx_word' id='word_1_888' title='bbox 2761 5109 3171 5182; x_wconf 67' lang='lat' dir='ltr'><strong>memoravimus,</strong></span> <span class='ocrx_word' id='word_1_889' title='bbox 3202 5120 3522 5182; x_wconf 71' lang='lat' dir='ltr'><strong>paganorum</strong></span> <span class='ocrx_word' id='word_1_890' title='bbox 3549 5115 3705 5182; x_wconf 39' lang='lat' dir='ltr'><strong>atque</strong></span> 
     </span>
    </p>
   </div>
   <div class='ocr_carea' id='block_1_113' title="bbox 2125 5173 3702 5243">
    <p class='ocr_par' dir='ltr' id='par_1_113' title="bbox 2125 5173 3702 5243">
     <span class='ocr_line' id='line_1_115' title="bbox 2125 5173 3702 5243; baseline -0.005 -10"><span class='ocrx_word' id='word_1_891' title='bbox 2125 5173 2507 5241; x_wconf 62' lang='lat' dir='ltr'><strong>haereticorum,</strong></span> <span class='ocrx_word' id='word_1_892' title='bbox 2548 5185 2650 5231; x_wconf 87' lang='lat' dir='ltr'><strong>etc.</strong></span> <span class='ocrx_word' id='word_1_893' title='bbox 2684 5177 3039 5231; x_wconf 88' lang='lat' dir='ltr'><strong>Barbarorum</strong></span> <span class='ocrx_word' id='word_1_894' title='bbox 3068 5175 3158 5243; x_wconf 89' lang='lat' dir='ltr'><strong>qui</strong></span> <span class='ocrx_word' id='word_1_895' title='bbox 3187 5173 3314 5228; x_wconf 83' lang='lat' dir='ltr'><strong>tunc</strong></span> <span class='ocrx_word' id='word_1_896' title='bbox 3344 5175 3394 5226; x_wconf 90' lang='lat' dir='ltr'><strong>in</strong></span> <span class='ocrx_word' id='word_1_897' title='bbox 3425 5173 3702 5243; x_wconf 29' lang='lat' dir='ltr'><strong>orbeARo-</strong></span> 
     </span>
    </p>
   </div>
   <div class='ocr_carea' id='block_1_114' title="bbox 2123 5241 3708 5318">
    <p class='ocr_par' dir='ltr' id='par_1_114' title="bbox 2123 5241 3708 5318">
     <span class='ocr_line' id='line_1_116' title="bbox 2123 5241 3708 5318; baseline -0.004 -15"><span class='ocrx_word' id='word_1_898' title='bbox 2123 5265 2283 5304; x_wconf 88' lang='lat' dir='ltr'><strong>mano</strong></span> <span class='ocrx_word' id='word_1_899' title='bbox 2312 5248 2594 5318; x_wconf 73' lang='lat' dir='ltr'><strong>imperium</strong></span> <span class='ocrx_word' id='word_1_900' title='bbox 2620 5247 2890 5318; x_wconf 73' lang='lat' dir='ltr'><strong>agitabant</strong></span> <span class='ocrx_word' id='word_1_901' title='bbox 2918 5247 3032 5318; x_wconf 73' lang='lat' dir='ltr'><strong>lucc</strong></span> <span class='ocrx_word' id='word_1_902' title='bbox 3055 5241 3209 5318; x_wconf 69' lang='lat' dir='ltr'><strong>erant</strong></span> <span class='ocrx_word' id='word_1_903' title='bbox 3230 5242 3507 5318; x_wconf 69' lang='lat' dir='ltr'><strong>vocabuia.</strong></span> <span class='ocrx_word' id='word_1_904' title='bbox 3524 5241 3708 5318; x_wconf 57' lang='lat' dir='ltr'><strong>fran-</strong></span> 
     </span>
    </p>
   </div>
   <div class='ocr_carea' id='block_1_115' title="bbox 2122 5311 3704 5387">
    <p class='ocr_par' dir='ltr' id='par_1_115' title="bbox 2122 5311 3704 5387">
     <span class='ocr_line' id='line_1_117' title="bbox 2122 5311 3704 5387; baseline -0.005 -14"><span class='ocrx_word' id='word_1_905' title='bbox 2122 5320 2172 5374; x_wconf 90' lang='lat' dir='ltr'><strong>ei</strong></span> <span class='ocrx_word' id='word_1_906' title='bbox 2195 5359 2210 5382; x_wconf 92' lang='lat'><strong>,</strong></span> <span class='ocrx_word' id='word_1_907' title='bbox 2242 5311 2515 5382; x_wconf 79' lang='lat' dir='ltr'><strong>Saxones,</strong></span> <span class='ocrx_word' id='word_1_908' title='bbox 2549 5311 2746 5387; x_wconf 74' lang='lat' dir='ltr'><strong>Mauri,</strong></span> <span class='ocrx_word' id='word_1_909' title='bbox 2785 5315 3028 5387; x_wconf 55' lang='lat' dir='ltr'><strong>Scythm,</strong></span> <span class='ocrx_word' id='word_1_910' title='bbox 3059 5313 3243 5387; x_wconf 71' lang='lat' dir='ltr'><strong>Alani,</strong></span> <span class='ocrx_word' id='word_1_911' title='bbox 3276 5312 3453 5387; x_wconf 81' lang='lat' dir='ltr'><strong>Hunni</strong></span> <span class='ocrx_word' id='word_1_912' title='bbox 3470 5351 3492 5387; x_wconf 30' lang='grc' dir='ltr'><strong>,Α</strong></span> <span class='ocrx_word' id='word_1_913' title='bbox 3512 5311 3704 5387; x_wconf 75' lang='lat' dir='ltr'><strong>Cothi,</strong></span> 
     </span>
    </p>
   </div>
   <div class='ocr_carea' id='block_1_116' title="bbox 2122 5381 3710 5452">
    <p class='ocr_par' dir='ltr' id='par_1_116' title="bbox 2122 5381 3710 5452">
     <span class='ocr_line' id='line_1_118' title="bbox 2122 5381 3710 5452; baseline -0.004 -10"><span class='ocrx_word' id='word_1_914' title='bbox 2122 5388 2368 5442; x_wconf 82' lang='lat' dir='ltr'><strong>Vandali.</strong></span> <span class='ocrx_word' id='word_1_915' title='bbox 2409 5385 2628 5451; x_wconf 87' lang='lat' dir='ltr'><strong>Franci,</strong></span> <span class='ocrx_word' id='word_1_916' title='bbox 2659 5381 2934 5450; x_wconf 81' lang='lat' dir='ltr'><strong>Sa’xonés,</strong></span> <span class='ocrx_word' id='word_1_917' title='bbox 2963 5384 3158 5445; x_wconf 83' lang='lat' dir='ltr'><strong>Mauri,</strong></span> <span class='ocrx_word' id='word_1_918' title='bbox 3191 5381 3434 5452; x_wconf 68' lang='lat' dir='ltr'><strong>scytlue,</strong></span> <span class='ocrx_word' id='word_1_919' title='bbox 3466 5381 3622 5452; x_wconf 84' lang='lat' dir='ltr'><strong>Alani</strong></span> <span class='ocrx_word' id='word_1_920' title='bbox 3649 5391 3710 5436; x_wconf 89' lang='lat' dir='ltr'><strong>et</strong></span> 
     </span>
    </p>
   </div>
   <div class='ocr_carea' id='block_1_117' title="bbox 2124 5451 3712 5526">
    <p class='ocr_par' dir='ltr' id='par_1_117' title="bbox 2124 5451 3712 5526">
     <span class='ocr_line' id='line_1_119' title="bbox 2124 5451 3712 5526; baseline -0.004 -13"><span class='ocrx_word' id='word_1_921' title='bbox 2124 5458 2300 5513; x_wconf 82' lang='lat' dir='ltr'><strong>Hunni</strong></span> <span class='ocrx_word' id='word_1_922' title='bbox 2322 5498 2336 5518; x_wconf 87' lang='lat'><strong>,</strong></span> <span class='ocrx_word' id='word_1_923' title='bbox 2377 5457 2570 5526; x_wconf 80' lang='lat' dir='ltr'><strong>pagani</strong></span> <span class='ocrx_word' id='word_1_924' title='bbox 2606 5465 2792 5526; x_wconf 86' lang='lat' dir='ltr'><strong>erant,</strong></span> <span class='ocrx_word' id='word_1_925' title='bbox 2835 5465 2895 5510; x_wconf 89' lang='lat' dir='ltr'><strong>ut</strong></span> <span class='ocrx_word' id='word_1_926' title='bbox 2921 5455 2975 5526; x_wconf 90' lang='lat' dir='ltr'><strong>in</strong></span> <span class='ocrx_word' id='word_1_927' title='bbox 3013 5454 3206 5526; x_wconf 79' lang='lat' dir='ltr'><strong>pagina</strong></span> <span class='ocrx_word' id='word_1_928' title='bbox 3220 5451 3304 5526; x_wconf 66' lang='grc' dir='ltr'><strong>Δ86</strong></span> <span class='ocrx_word' id='word_1_929' title='bbox 3329 5452 3472 5526; x_wconf 81' lang='lat' dir='ltr'><strong>dicet</strong></span> <span class='ocrx_word' id='word_1_930' title='bbox 3499 5451 3712 5526; x_wconf 80' lang='lat' dir='ltr'><strong>Salvia-</strong></span> 
     </span>
    </p>
   </div>
   <div class='ocr_carea' id='block_1_118' title="bbox 2127 5522 3711 5594">
    <p class='ocr_par' dir='ltr' id='par_1_118' title="bbox 2127 5522 3711 5594">
     <span class='ocr_line' id='line_1_120' title="bbox 2127 5522 3711 5594; baseline -0.004 -10"><span class='ocrx_word' id='word_1_931' title='bbox 2127 5544 2256 5589; x_wconf 88' lang='lat' dir='ltr'><strong>nus;</strong></span> <span class='ocrx_word' id='word_1_932' title='bbox 2287 5522 2484 5588; x_wconf 58' lang='lat' dir='ltr'><strong>exteri,</strong></span> <span class='ocrx_word' id='word_1_933' title='bbox 2515 5523 2802 5594; x_wconf 86' lang='lat' dir='ltr'><strong>Christiani</strong></span> <span class='ocrx_word' id='word_1_934' title='bbox 2831 5522 3066 5594; x_wconf 82' lang='lat' dir='ltr'><strong>quidem,</strong></span> <span class='ocrx_word' id='word_1_935' title='bbox 3098 5522 3192 5579; x_wconf 87' lang='lat' dir='ltr'><strong>sed</strong></span> <span class='ocrx_word' id='word_1_936' title='bbox 3219 5523 3474 5586; x_wconf 66' lang='lat' dir='ltr'><strong>hmretici,</strong></span> <span class='ocrx_word' id='word_1_937' title='bbox 3507 5522 3711 5578; x_wconf 82' lang='lat' dir='ltr'><strong>Ariana</strong></span> 
     </span>
    </p>
   </div>
   <div class='ocr_carea' id='block_1_119' title="bbox 2126 5593 3710 5669">
    <p class='ocr_par' dir='ltr' id='par_1_119' title="bbox 2126 5593 3710 5669">
     <span class='ocr_line' id='line_1_121' title="bbox 2126 5593 3710 5669; baseline -0.006 -16"><span class='ocrx_word' id='word_1_938' title='bbox 2126 5597 2345 5669; x_wconf 74' lang='lat' dir='ltr'><strong>perfidia</strong></span> <span class='ocrx_word' id='word_1_939' title='bbox 2363 5595 2600 5669; x_wconf 83' lang='lat' dir='ltr'><strong>_in_abuti.</strong></span> <span class='ocrx_word' id='word_1_940' title='bbox 2661 5593 2772 5669; x_wconf 63' lang='lat' dir='ltr'><strong>lios</strong></span> <span class='ocrx_word' id='word_1_941' title='bbox 2817 5593 2957 5650; x_wconf 87' lang='lat' dir='ltr'><strong>enim</strong></span> <span class='ocrx_word' id='word_1_942' title='bbox 2987 5594 3077 5669; x_wconf 61' lang='lat' dir='ltr'><strong>de</strong></span> <span class='ocrx_word' id='word_1_943' title='bbox 3120 5608 3450 5669; x_wconf 80' lang='lat' dir='ltr'><strong>paganorum</strong></span> <span class='ocrx_word' id='word_1_944' title='bbox 3477 5605 3710 5669; x_wconf 82' lang='lat' dir='ltr'><strong>numero</strong></span> 
     </span>
    </p>
   </div>
   <div class='ocr_carea' id='block_1_120' title="bbox 2126 5661 3704 5738">
    <p class='ocr_par' dir='ltr' id='par_1_120' title="bbox 2126 5661 3704 5738">
     <span class='ocr_line' id='line_1_122' title="bbox 2126 5661 3704 5738; baseline -0.008 -13"><span class='ocrx_word' id='word_1_945' title='bbox 2126 5661 2325 5738; x_wconf 75' lang='lat' dir='ltr'><strong>excipit</strong></span> <span class='ocrx_word' id='word_1_946' title='bbox 2357 5664 2637 5722; x_wconf 84' lang='lat' dir='ltr'><strong>Salvianus</strong></span> <span class='ocrx_word' id='word_1_947' title='bbox 2671 5663 2786 5734; x_wconf 84' lang='lat' dir='ltr'><strong>ipse</strong></span> <span class='ocrx_word' id='word_1_948' title='bbox 2821 5677 2939 5736; x_wconf 86' lang='lat' dir='ltr'><strong>pag.</strong></span> <span class='ocrx_word' id='word_1_949' title='bbox 2983 5663 3081 5731; x_wconf 80' lang='lat'><strong>96,.</strong></span> <span class='ocrx_word' id='word_1_950' title='bbox 3110 5661 3211 5720; x_wconf 78' lang='lat' dir='ltr'><strong>ubi</strong></span> <span class='ocrx_word' id='word_1_951' title='bbox 3228 5675 3548 5718; x_wconf 88' lang='lat' dir='ltr'><strong>enumerans</strong></span> <span class='ocrx_word' id='word_1_952' title='bbox 3575 5661 3704 5714; x_wconf 84' lang='lat' dir='ltr'><strong>bar-</strong></span> 
     </span>
    </p>
   </div>
  </div>
