4006 6182
335 251 416 309 35
1323 289 1328 294 .
1433 247 1514 303 ou
1551 241 2077 303 GUBERNATIONE
2118 245 2224 298 nm
2264 247 2387 301 LIB.
2431 247 2514 302 IV.
3514 250 3586 309 86

332 378 466 434 ergo
501 363 765 427 omnibus,
797 371 1056 432 quantum
1086 360 1151 416 ad
1195 362 1366 429 legem
1393 361 1625 414 divinam
1666 356 1913 428 pertinet,
1945 359 1992 412 A
2021 357 2194 410 cultor
2221 359 2325 413 dici
2346 376 2453 414 non
2476 361 2839 429 potest‘nialus
2860 362 3049 416 cultor.
3083 362 3264 432 Neque
3291 365 3434 419 enim
3459 363 3587 420 colit

332 454 459 509 dico
488 468 587 507 nos
615 453 733 508 sine
762 453 1164 522 comparatione
1211 451 1489 515 meliores;
1521 457 1776 518 quantum
1817 462 1914 502 au-

336 551 447 596 tem
481 543 548 596 ad
575 542 740 596 vitam
772 543 972 597 et'vitre
996 549 1134 606 acta“,
1165 539 1323 595 doleo
1353 554 1414 594 ac
1443 539 1634 608 plango
1663 552 1780 592 esse
1818 551 1914 606 pe-

328 629 500 698 jores.
533 629 789 696 Quamvis
816 631 869 686 id
899 632 1071 702 ipsum
1119 639 1296 685 tamen
1321 670 1335 696 ,
1383 638 1444 684 ut
1481 638 1606 683 ante
1635 629 1745 697 jam
1773 627 1915 682 dixi-

334 733 473 784 mus,
507 729 617 773 non
656 719 900 775 de‘omni
940 721 1152 790 penitus
1183 729 1206 756 ι
1232 719 1458 774 Romani
1484 718 1667 788 populi
1697 719 1914 774 univer-

332 809 496 864 sitate
534 804 792 866 dicamus.
831 809 1053 882 Excipio
1091 812 1233 865 enim
1261 811 1492 881 primum
1520 826 1706 866 omnes
1731 811 1758 849 δ
1789 812 1914 867 reli-

330 899 520 966 giosos
541 901 784 965 ,edeinde
829 903 1116 958 nonnullos
1143 902 1303 956 etiam
1332 895 1614 958 saeculares
1652 902 1914 971 religiosis

331 1005 514 1059 pares,
559 1000 652 1047 aut
671 993 727 1049 si
753 992 806 1049 id
833 993 990 1048 nimis
1015 993 1214 1063 grande
1239 1001 1340 1058 est,
1386 993 1562 1063 aliqua
1588 1001 1766 1048 tamen
1794 995 1914 1050 reli-

329 1081 500 1149 giosis
526 1081 879 1138 honestorum
916 1092 1131 1140 actuum
1156 1085 1423 1156 probitate
1447 1085 1784 1154 consimiles;
1816 1103 1914 1142 cte-

330 1180 481 1226 teros
507 1185 639 1229 vero
676 1183 769 1228 aut
809 1190 996 1230 omnes
1015 1215 1031 1240 ,
1074 1182 1167 1230 aut
1192 1190 1332 1246 pene
1351 1190 1568 1243 omnes,
1587 1178 1762 1247 magis
1787 1193 1912 1234 reos

329 1275 453 1316 esse
477 1276 641 1330 quam
665 1263 938 1320 barbaros.
968 1264 1080 1320 Hoc
1107 1273 1190 1321 est
1215 1274 1393 1321 autem
1421 1266 1738 1323 deteriorem
1767 1284 1906 1337 esse,

328 1353 506 1422 magis
534 1369 686 1408 reum
725 1370 863 1411 esse.
897 1355 1079 1425 Itaque
1101 1358 1224 1426 quia
1262 1359 1502 1414 nonnulli
1536 1360 1908 1416 inrationabile

327 1449 494 1512 atque
535 1444 826 1500 absurdum
865 1446 1191 1502 arbitrantur
1210 1485 1225 1511 ,
1257 1455 1318 1502 ut
1361 1457 1454 1503 aut
1491 1448 1787 1506 deteriores
1814 1459 1908 1507 aut

327 1546 437 1585 non
466 1533 693 1588 multum
720 1535 882 1589 etiam
923 1535 1173 1592 meliores
1199 1537 1440 1593 barbaris
1463 1539 1782 1607 iudicemur,
1827 1541 1906 1596 vi-

322 1619 572 1688 deamus,
604 1631 661 1678 ut
687 1625 817 1690 dixi,
848 1635 941 1680 aut
971 1628 1263 1696 quomodo,
1292 1635 1384 1682 aut
1410 1629 1601 1698 quibus
1637 1629 1899 1688 barbaris.

2019 448 2110 514 qui
2142 463 2253 502 rem
2284 459 2524 504 sanctam
2555 459 2740 505 sancte
2770 466 2874 505 non
2904 451 3049 516 colit,
3083 466 3146 506 ac
3172 467 3270 522 per
3295 453 3400 508 hoc
3425 467 3585 510 accu-

2018 537 2184 592 satrix
2213 541 2380 594 nostri
2411 548 2493 595 est
2517 541 2601 596 lex
2633 542 2746 610 ipsa
2774 556 2932 610 quam
2961 543 3204 598 colimus.

2085 627 2223 682 XIV.
2256 627 2482 684 Remota
2511 646 2638 700 ergo
2668 633 2799 700 legis
2827 635 3192 702 prmrogativa,
3223 650 3342 704 quae
3369 649 3467 690 nos
3494 644 3584 691 aut

2015 716 2146 770 nihil
2174 719 2394 774 omnino
2414 719 2933 789 adjuvat,eautetiam
2955 724 3097 792 justa
3126 725 3584 782 animadversione

2015 807 2360 876 condemnat,
2387 810 2551 864 vitam
2571 811 2920 866 barbarorum
2941 821 3102 882 atque
3133 824 3457 882 nostrorum,
3477 823 3582 871 stu-

2013 895 2122 962 dia,
2146 912 2342 964 mores,
2364 899 2492 954 vitia
2514 915 2905 969 comparemus.
2929 899 3113 970 Injusti
3132 911 3255 958 sunt
3274 904 3504 970 barbari,
3527 913 3582 960 et

2013 1002 2113 1044 nos
2126 989 2229 1044 hoc
2243 1005 2456 1056 sumus;
2487 991 2633 1045 avari
2647 999 2772 1046 sunt
2793 992 3024 1058 barbari,
3047 1001 3101 1047 et
3127 1008 3226 1048 nos
3244 993 3350 1050 hoc
3367 1009 3549 1050 sumus
3567 1014 3580 1060 ;

2013 1077 2254 1133 infideles
2277 1087 2401 1133 sunt
2425 1080 2656 1144 barbari,
2687 1088 2739 1134 et
2769 1096 2868 1135 nos
2892 1082 2995 1136 hoc
3019 1096 3227 1147 sumus;
3259 1083 3436 1152 cupidi
3461 1092 3581 1138 sunt

2011 1166 2245 1232 barbari,
2274 1180 2329 1224 et
2350 1185 2451 1226 nos
2470 1170 2571 1226 hoc
2601 1186 2815 1237 sumus;
2848 1172 3098 1242 impudici
3123 1182 3248 1228 sunt
3272 1174 3502 1243 barbari,
3527 1185 3580 1233 et

2009 1271 2110 1311 nos
2131 1258 2235 1313 hoc
2253 1273 2466 1325 sumus;
2491 1261 2728 1315 omnium
2748 1260 2974 1330 denique
3001 1263 3397 1332 improbitatem
3423 1274 3582 1338 atque

2011 1345 2379 1416 impurltatum
2409 1349 2556 1419 pleni
2592 1357 2718 1404 sunt
2754 1349 2994 1415 barbari,
3039 1363 3093 1406 et
3119 1367 3218 1407 nos
3245 1353 3348 1410 hoc
3375 1369 3578 1411 sumus.

2014 1436 2172 1492 °'Sed
2201 1438 2511 1508 responderi
2553 1438 2780 1496 fortasse
2806 1441 2976 1509 possit
3007 1459 3020 1493 τ
3061 1440 3202 1510 Ergo
3229 1443 3275 1498 si
3314 1459 3471 1514 pares
3500 1445 3580 1500 vi-

2009 1527 2247 1582 tiositate
2274 1529 2514 1585 barbaris
2542 1545 2744 1594 sumus,
2773 1543 3001 1587 cur'non
3041 1548 3224 1588 sumus
3257 1535 3418 1590 etiam
3456 1536 3578 1591 viri-

2008 1613 2109 1672 b'us
2150 1620 2346 1688 pares?
2373 1618 2506 1674 Cum
2556 1622 2696 1676 enim
2727 1622 2914 1678 similis
2949 1624 3021 1678 sit
3064 1624 3375 1695 improbitas
3418 1637 3579 1697 atque

325 1713 442 1784 εεο
469 1717 614 1771 enim
642 1726 838 1787 pater
861 1733 954 1774 eos
982 1721 1351 1776 tantummodo
1380 1721 1742 1777 Romanorum
1771 1738 1908 1792 quos
1935 1710 1981 1771 Β
2011 1708 2149 1764 idem
2169 1719 2369 1778 reatus,
2393 1720 2487 1766 aut
2511 1719 2618 1766 tam
2643 1712 2808 1767 fortes
2828 1713 3142 1768 deberemus
3161 1731 3280 1770 esse
3303 1733 3402 1773 nos
3420 1733 3578 1788 quam

322 1805 490 1875 paulo
529 1815 658 1862 ante
683 1809 984 1874 nominavi,
1017 1817 1240 1867 αξιοι-οε
1285 1815 1381 1866 ειη
1401 1824 1619 1878 omnes,
1651 1820 1742 1867 aut
1769 1829 1907 1884 pene
2007 1808 2132 1854 sunt
2159 1800 2256 1865 illi,
2290 1810 2384 1856 aut
2411 1811 2558 1858 certe
2588 1811 2694 1857 tam
2723 1804 2937 1859 invalidi
2967 1819 3128 1873 quam
3151 1822 3250 1861 nos
3275 1822 3479 1872 sumus,
3504 1809 3578 1863 illi

320 1909 536 1959 omnes,
560 1895 782 1966 majoris
807 1906 989 1954 reatus
1015 1900 1136 1956 dico
1164 1909 1220 1956 et
1245 1901 1627 1958 criminosioris
1645 1903 1768 1958 vitae
1787 1919 1906 1960 esse
2006 1907 2125 1948 esse
2144 1892 2418 1948 deberem.
2451 1894 2650 1950 verum
2679 1904 2780 1962 θεῖν
2807 1911 2871 1950 ac
2897 1911 2995 1966 Per
3018 1897 3122 1954 hoc
3147 1907 3392 1968 ευρθτθεῑ
3417 1908 3477 1955 ιιι
3504 1900 3576 1956 “li

317 1999 488 2054 quam
531 1985 810 2043 barbaros.
839 1987 1094 2044 Irasceris
1135 1989 1357 2046 forsitan
1383 1991 1476 2060 qui
1503 1991 1618 2047 haec
1645 1991 1776 2060 legis
1798 2031 1813 2057 ,
1850 2004 1892 2048 et

2006 1984 2348 2039 nocentiores
2375 1985 2481 2038 sint
2508 1985 2606 2055 qui
2627 1985 2964 2041 infirmiores.
2997 1987 3276 2052 Quomodo
3307 1989 3412 2046 hoc
3449 2006 3577 2060 pro-

315 2077 654 2136 condemnas
681 2080 901 2152 insuper
925 2095 1044 2151 quae
1071 2081 1221 2151 legis.
1252 2081 1370 2138 Non
1393 2081 1599 2152 refugio
1621 2100 1902 2141 censuram

313 2177 493 2226 tuam.
541 2169 892 2239 Condemna,
938 2174 984 2228 si
1022 2175 1292 2240 mentior;
1321 2175 1620 2231 condemna
1643 2217 1657 2243 ,
1704 2177 1750 2232 si
1793 2193 1901 2233 non

315 2261 661 2329 probavero;
689 2264 1006 2331 condemna,
1036 2265 1080 2318 si
1109 2264 1161 2318 id
1186 2265 1329 2333 quod
1357 2280 1558 2332 assero,
1601 2283 1708 2321 non
1737 2268 1900 2324 etiam

311 2352 428 2422 ει
477 2351 786 2422 Scripturas
830 2368 1008 2410 sacras
1052 2353 1250 2409 dixisse
1298 2362 1687 2410 monstravero.
1736 2355 1902 2424 Igitur

310 2440 412 2508 qui
441 2440 698 2496 meliores
739 2457 840 2498 nos
876 2443 1045 2498 multo
1073 2444 1278 2500 cunctis
1305 2459 1423 2513 qua:
1451 2453 1577 2500 sunt
1604 2445 1656 2500 in
1701 2447 1898 2504 mundo

309 2529 572 2596 gentibus
603 2529 920 2599 iudicamus,
958 2547 1058 2588 nec
1083 2533 1214 2603 ipse,
1247 2533 1338 2603 qui
1367 2533 1640 2589 Romanos
1682 2535 1801 2591 dico
1843 2537 1896 2592 in

310 2618 571 2688 plurimis
597 2621 894 2677 deteriores
917 2661 933 2687 ,
960 2622 1165 2691 abnego
1204 2623 1256 2678 in
1297 2622 1611 2692 quibusdam
1639 2639 1758 2680 esse
1784 2641 1898 2682 me-

307 2707 503 2764 liores.
539 2708 661 2764 Vita
689 2712 831 2766 enim
851 2749 866 2776 ,
899 2720 962 2766 ut-
983 2710 1092 2766 dixi
1115 2749 1132 2775 ,
1181 2719 1243 2768 et
1261 2713 1495 2783 peccatis
1531 2725 1715 2770 sumus
1740 2713 1896 2770 dcte--

308 2798 526 2866 riores;
575 2799 691 2868 lege
718 2808 896 2857 autem
923 2802 1184 2859 catholica
1212 2803 1330 2859 sine
1347 2806 1750 2874 comparatione
1788 2821 1898 2864 me-

309 2889 503 2944 liores.
547 2889 653 2946 Sed
691 2891 820 2947 illud
857 2891 1302 2948 considerandum
1332 2901 1440 2960 est,
1482 2894 1606 2962 quia
1635 2895 1778 2964 quod
1805 2896 1900 2960 lex,

305 2979 461 3034 bona
489 2987 592 3046 est,
635 2989 880 3036 nostrum
921 2998 1029 3038 non
1054 2991 1163 3048 est;
1194 2982 1338 3052 quod
1373 2992 1550 3039 autem
1579 2985 1720 3041 male
1757 2987 1893 3042 vivi-

2002 2074 2226 2129 bamus?
2261 2073 2478 2130 Scilicet
2506 2075 2649 2145 quia,
2679 2078 2787 2147 82
2813 2083 2873 2130 ut
2898 2077 3142 2146 superius
3169 2077 3332 2133 locuti
3372 2095 3573 2147 sumus,

2003 2165 2185 2221 omnia
2229 2179 2296 2221 ex
2338 2165 2541 2235 judicio
2591 2165 2756 2220 Deum
2809 2165 2984 2220 facere
3032 2169 3463 2223 monstravimus.
3517 2170 3573 2225 Si

2001 2259 2163 2324 enim,
2193 2267 2253 2313 ut
2279 2259 2534 2328 scriptum
2564 2267 2664 2323 est,
2696 2261 2749 2312 in
2772 2261 2909 2314 omni
2932 2261 3042 2314 loco
3070 2260 3203 2314 oculi
3234 2260 3440 2315 Domini
3468 2278 3575 2331 spe-

2002 2349 2243 2402 culantur
2273 2347 2431 2403 bonos
2459 2358 2508 2402 et
2535 2349 2699 2403 malos
2732 2348 2909 2420 (Prov.
2939 2367 3026 2413 xv,
3059 2350 3134 2420 '5),
3169 2359 3223 2405 ct
3245 2355 3394 2419 juxta
3426 2351 3571 2421 Apo-

1998 2441 2217 2506 stolum,
2239 2441 2492 2512 judicium
2517 2436 2613 2494 Dei
2634 2450 2709 2494 est
2736 2442 3011 2494 secundum
3033 2443 3293 2496 ueritatem
3318 2443 3370 2494 in
3398 2459 3570 2497 omnes

1998 2531 2161 2585 malos
2201 2529 2376 2600 (Rom.
2409 2546 2478 2596 ιι,
2510 2529 2586 2598 2),
2617 2528 2858 2584 videmus
2886 2546 2985 2584 nos
3025 2531 3116 2599 qui
3147 2547 3254 2586 non
3283 2531 3571 2587 desinimus

1997 2621 2136 2676 mala
2167 2635 2353 2690 agere,»
2368 2636 2434 2676 ex
2451 2619 2656 2690 judicio
2679 2619 2810 2691 justi
2837 2621 2934 2676 Dei
2964 2637 3148 2691 famas
3175 2623 3390 2676 malitia:
3413 2626 3571 2678 susti-

1996 2727 2144 2768 nere.
2176 2711 2285 2768 Sed
2311 2711 2518 2778 eadem,
2551 2712 2745 2782 inquis,
2777 2712 2919 2766 mala
2958 2713 3122 2768 etiam
3143 2712 3356 2768 barbari
3383 2722 3566 2781 agunt.

1995 2811 2051 2859 et
2082 2811 2258 2858 tamen
2288 2817 2397 2857 non
2425 2809 2550 2856 sunt
2578 2809 2687 2855 tam
2711 2801 2893 2855 miseri
2921 2815 3080 2871 quam
3104 2816 3200 2856 nos
3225 2817 3426 2857 sumus.
3455 2801 3570 2859 IIoc

1994 2908 2122 2963 ergo
2145 2894 2386 2959 interest,
2410 2891 2554 2961 quod
2570 2890 2671 2946 etsi
2692 2890 2879 2946 eadem
2905 2898 3067 2959 agant
3095 2891 3444 2961 barbarique
3470 2907 3568 2948 nos

1994 2985 2203 3053 agimus
2230 3022 2246 3047 ,
2296 2998 2396 3038 nos
2443 2989 2620 3036 tamen
2668 2981 2877 3049 majore
2926 2979 3219 3036 offensione
3264 2996 3563 3051 peccamus.

303 3084 464 3136 mus,
487 3078 731 3126 nostrum
751 3083 852 3128 est.
883 3072 949 3128 Et
967 3074 1100 3131 nihil
1120 3075 1305 3145 utique
1327 3075 1481 3131 nobis
1506 3076 1726 3147 prodest
1746 3081 1890 3148 quod
1918 3069 1964 3131 C
1997 3074 2226 3131 Possunt
2246 3075 2385 3129 enim
2415 3080 2599 3128 nostra
2630 3080 2686 3126 et
2711 3071 3064 3126 barbarorum
3086 3073 3212 3126 vitia
3241 3088 3358 3127 esse
3385 3075 3564 3143 paria;

305 3161 402 3216 lex
431 3170 518 3216 est
556 3163 738 3229 bona,
780 3163 826 3219 si
865 3164 973 3218 vita
1009 3173 1192 3220 nostra
1218 3172 1272 3220 et
1299 3167 1637 3222 conversatio
1666 3184 1773 3223 non
1808 3177 1892 3225 est

305 3251 475 3306 bona.
508 3250 621 3307 Lex
649 3254 792 3308 enim
831 3253 993 3319 bona,
1032 3255 1268 3310 muneris
1295 3263 1377 3311 est
1405 3255 1633 3325 Christi;
1657 3259 1766 3314 vita
1793 3276 1888 3316 au-

309 3350 420 3396 tem
451 3357 563 3398 non
588 3343 750 3411 bona,
780 3345 1017 3401 criminis
1045 3346 1234 3402 nostri.
1263 3345 1433 3402 Imrno
1454 3348 1559 3404 hoc
1586 3352 1754 3419 magis
1773 3354 1886 3408 θυι-

307 3430 522 3498 pabiles
555 3446 756 3499 sumus,
788 3434 834 3489 si
855 3434 1027 3504 legem
1053 3436 1250 3491 bonam
1277 3437 1522 3505 colimus,
1552 3446 1606 3493 et
1629 3441 1753 3496 mali
1773 3443 1888 3499 cul.

307 3529 458 3575 tores
487 3537 692 3578 sumus.
725 3521 862 3590 Quin
892 3525 1069 3595 potius
1094 3541 1194 3581 nec
1219 3527 1472 3596 cultores,
1504 3528 1548 3584 si
1576 3530 1702 3584 mali
1727 3549 1739 3583 :
1763 3534 1886 3602 quia

1996 3169 2090 3225 sed
2117 3168 2173 3223 in
2210 3167 2297 3222 his
2323 3175 2504 3220 tamen
2548 3164 2694 3219 vitiis
2731 3177 2954 3219 necesse
2991 3171 3072 3218 est
3119 3173 3340 3234 peccata
3386 3173 3566 3222 nostra

1993 3275 2112 3315 esse
2140 3258 2406 3328 graviora.
2431 3255 2564 3310 Nam
2585 3269 2706 3310 cum
2727 3269 2934 3320 omnes,
2957 3260 3016 3308 ut
3039 3261 3163 3308 ante
3176 3253 3287 3324 jam
3315 3253 3562 3321 diximus,

1991 3352 2207 3408 barbari
2237 3357 2328 3403 aut
2366 3348 2559 3418 pagani
2589 3348 2698 3402 sint
2724 3353 2814 3401 aut
2841 3347 3102 3409 haeretici,
3136 3355 3194 3402 ut
3220 3347 3287 3403 de
3323 3349 3564 3418 paganis,

1991 3443 2116 3512 quia
2142 3440 2292 3512 prior
2318 3439 2531 3494 illorum
2553 3453 2706 3492 error
2733 3446 2831 3504 est,
2855 3439 3003 3508 prius
3022 3439 3215 3504 dicam,
3239 3453 3368 3508 gens
3396 3439 3563 3496 Saxo-

1993 3548 2118 3588 num
2148 3530 2260 3585 fera
2287 3537 2388 3593 est,
2419 3525 2446 3566 ά
2486 3526 2811 3584 Francorum
2841 3524 3088 3589 inﬁdelis,
3117 3527 3440 3597 Gepidarum
3476 3531 3560 3582 in-

1491 3639 1829 3700 STEPHANI
1862 3643 2132 3700 BALUZII
2171 3637 2396 3695 NOTAE.

309 3747 468 3800 baros
497 3748 589 3815 qui
616 3745 902 3801 Christiani
931 3755 1102 3808 erant,
1135 3748 1230 3802 sed
1258 3747 1512 3811 haeretici,
1544 3751 1619 3805 ait
1645 3770 1657 3804 :
1692 3751 1884 3811 Omnes

307 3825 477 3887 autem
509 3818 596 3887 isti
626 3817 688 3870 de
707 3817 885 3887 quibus
917 3817 1188 3886 loquimur,
1227 3826 1316 3870 aut
1350 3817 1573 3873 Vandali
1600 3833 1750 3887 sunt,
1794 3835 1885 3878 aut

309 3883 483 3959 Gothi.
531 3883 671 3959 am
705 3883 1043 3959 definitionis
1063 3887 1349 3952 ltwreticis,
1376 3903 1588 3959 quorum
1616 3883 1883 3947 innumera

307 3955 578 4008 multitudo
606 3965 702 4020 est,
730 3956 858 4010 nihil
885 3956 1118 4010 dicimus.

380 4035 408 4062 ι
437 4024 493 4078 Id
521 4031 628 4101 est,
672 4040 856 4101 earum
881 4025 1275 4101 _gentium__qum
1302 4025 1547 4101 Romano
1574 4036 1686 4101 tum
1715 4031 1883 4101 impe-

307 4094 388 4168 rio
416 4094 706 4168 parebant,
734 4096 850 4168 _sifve
878 4095 1016 4148 intra
1045 4094 1251 4150 Italiam
1269 4137 1284 4160 ,
1329 4097 1449 4168 sive
1469 4097 1607 4152 intra
1635 4094 1878 4168 Galliam,

307 4161 628 4233 Hispanias,
676 4163 945 4228 Africam,
995 4172 1088 4219 aut
1133 4174 1354 4221 caeteras
1418 4165 1645 4222 Romani
1674 4161 1882 4233 imperii

305 4234 635 4308 provincias.
681 4234 862 4301 Neque
902 4233 1046 4288 enim
1097 4233 1324 4308 _Romani
1351 4237 1552 4308 pepuli
1593 4233 1882 4308 appellatio

304 4301 444 4372 apud
477 4301 800 4376 _Salvianum
851 4303 1146 4358 coercenda
1184 4313 1266 4376 est
1303 4301 1579 4360 ad'urbem
1609 4301 1766 4376 quam
1797 4309 1882 4364 di-

303 4371 434 4426 cunt
475 4371 744 4446 Romam,
786 4380 1066 4446 postquam
1113 4374 1392 4446 univgarsus
1434 4377 1579 4446 orbis
1610 4371 1730 4446 j'ure
1768 4378 1883 4434 Ro-

306 4455 474 4515 manae
515 4441 745 4496 civitatis
789 4441 1164 4515 donatusgest.
1225 4445 1357 4515 Tum
1398 4445 1537 4498 enim
1570 4441 1651 4515 (ut
1680 4445 1880 4503 Plinius

305 4511 380 4585 ait
409 4511 499 4564 lib.
530 4527 606 4585 in,
638 4527 759 4585 cap.
792 4508 857 4580 5)
899 4513 1085 4585 una__in
1117 4519 1231 4566 toto
1257 4514 1387 4585 orbe
1415 4508 1723 4585 cunctarum
1751 4531 1879 4585 gen-

306 4582 434 4651 tium
465 4582 635 4648 patria
667 4580 805 4636 facta
834 4588 934 4634 est.
974 4580 1262 4650 Eleganter
1288 4583 1466 4651 itaque
1502 4583 1731 4641 Rutilius
1755 4580 1877 4641 Nu»

305 4650 569 4705 manantis
590 4667 602 4702 :

423 4739 609 4804 Fecisti
627 4742 827 4801 patriam
844 4741 1048 4804 diversis
1064 4743 1293 4804 gentibus
1309 4757 1478 4791 unam:

486 4801 676 4853 Profuit
707 4804 896 4853 invictis
918 4811 968 4852 te
989 4801 1267 4852 dominante
1294 4805 1415 4866 capi.

371 4927 554 4996 Neque
583 4927 878 4982 audiendus
918 4925 1184 4992 Lacerda,
1236 4929 1326 4996 qui
1360 4929 1449 4983 lib.
1483 4946 1500 4983 ι
1529 4930 1878 4986 Adversario-

305 5011 414 5070 rum
432 5012 647 5070 _sacror.
678 5012 798 5066 cap.
827 4997 875 5058 I,
908 4997 1178 5070 existimat
1201 4997 1497 5070 Romanum
1520 5015 1713 5070 nomen
1737 5002 1876 5070 apud

303 5065 608 5120 Salvianum
638 5065 834 5120 nomen
862 5082 980 5120 esse
1006 5067 1297 5136 religionis,
1331 5083 1436 5120 non
1466 5069 1660 5136 gentis,
1689 5084 1752 5124 ac
1771 5065 1872 5125 'ca-

303 5137 525 5191 tholicos
567 5137 694 5191 olim
735 5143 957 5191 vocatos
995 5135 1158 5191 fuisse
1199 5135 1503 5200 Romanos,
1555 5145 1616 5193 ut
1653 5153 1717 5193 ea
1747 5148 1873 5194 nota

301 5207 749 5276 distinguerentur
786 5205 854 5260 ab
881 5206 1164 5260 haereticis.
1203 5205 1335 5276 Nam
1373 5215 1427 5261 et
1455 5208 1565 5276 ipse
1593 5209 1876 5264 Salvianus

300 5277 372 5329 ait
407 5273 617 5346 in’pag.
658 5273 727 5327 96
767 5276 1097 5330 innumeram
1146 5275 1308 5346 fuisse
1344 5273 1733 5332 multitudinem
1761 5278 1873 5333 Ro-

301 5345 578 5400 manorum
625 5345 993 5399 haereticorum
1016 5383 1031 5407 ,
1080 5345 1156 5398 uti
1184 5360 1310 5398 mox
1339 5346 1674 5410 dicebamus;
1706 5355 1762 5402 et
1787 5364 1876 5404 res

303 5415 409 5484 ipsa
444 5416 642 5470 clamat
668 5415 973 5469 Salvianum
992 5455 1007 5480 ,
1036 5431 1158 5470 cum
1190 5413 1461 5471 Romanos
1488 5417 1649 5482 dicit,
1679 5419 1873 5473 intelli-

300 5499 424 5608 iéere
470 5500 566 5566 eos
611 5485 705 5554 qui
751 5484 985 5539 nondum
1045 5493 1389 5540 excusserant
1429 5485 1614 5555 jugum
1665 5489 1871 5559 imperii

349 5569 547 5608 omam.

349 5569 547 5609 omam.

369 5623 392 5661 δ
423 5623 482 5679 Id
515 5631 634 5691 est,
684 5623 908 5678 clericos
953 5625 1240 5682 monachos
1285 5633 1341 5680 et
1383 5627 1602 5682 omnino
1646 5641 1740 5682 eos
1782 5628 1870 5695 qui

1985 3755 2223 3811 severius
2261 3752 2383 3805 vitae
2420 3749 2716 3802 institutum
2757 3743 3159 3814 profitebantur,
3204 3760 3340 3815 quos
3381 3752 3559 3804 statim

1985 3823 2210 3894 opponit
2255 3817 2633 3894 saecularibus,
2689 3824 2941 3894 tanquam
2996 3828 3163 3894 genus
3210 3816 3482 3894 hominum
3530 3838 3560 3874 a

1985 3881 2209 3947 stultitia
2247 3888 2422 3944 szeculi
2457 3895 2738 3940 remotum.
2781 3881 2977 3937 Eadem
3019 3884 3360 3940 distinctione
3397 3890 3561 3944 utitur

1984 3965 2146 4019 etiam
2190 3959 2326 4036 infra
2367 3971 2488 4026 pag.
2535 3953 2673 4036 1.0.8:
2715 3956 2880 4036 Atque
2917 3954 3013 4036 hoc
3045 3955 3280 4036 uidelicet
3306 3955 3561 4036 laici_tau~

1985 4031 2244 4087 tummodo
2267 4070 2281 4092 ,
2332 4023 2459 4081 νήπι’
2482 4025 2691 4097 quidam
2736 4023 2891 4097 etiam
2935 4023 3269 4097 clericorum?
3291 4027 3561 4097 saeculares

1993 4091 2363 4161 tantummodo,
2392 4091 2505 4148 non'
2528 4093 2672 4148 multi
2699 4094 2850 4146 etiam
2880 4093 3140 4162 religiosi?
3170 4091 3236 4147 Et
3263 4108 3384 4162 pag.
3415 4093 3518 4150 268
3545 4117 3556 4150 ;

1994 4168 2048 4224 Ν
2053 4187 2145 4225 oua
2167 4171 2350 4241 quippe
2378 4165 2602 4241 amentia
2632 4172 2736 4216 tam
2751 4165 3034 4241 saeculares
3063 4178 3211 4241 quam
3236 4164 3388 4241 etiam
3408 4181 3559 4235 quos-

1991 4241 2112 4294 dam
2157 4231 2418 4308 r'eli'gioais
2442 4235 2716 4308 _professos
2744 4231 2950 4308 incessit
2981 4231 3229 4308 homines.
3275 4231 3553 4308 |t_e_m'pag.

1988 4309 2128 4364 982:
2163 4299 2304 4362 Illud
2339 4299 2515 4358 durius
2556 4299 2704 4373 atque
2745 4299 3041 4373 molestius,
3068 4301 3204 4373 quod
3240 4299 3474 4373 quidam,
3502 4299 3558 4357 ut

1988 4380 2228 4442 arbizror,
2259 4377 2485 4447 ﬁliorum
2531 4367 2752 4447 tuorum
2775 4367 2866 4423 sub
2895 4367 3158 4447 religionis
3184 4367 3347 4447 titulo
3376 4390 3408 4447 ᾳ
3437 4367 3549 4428 reli-

1986 4451 2138 4519 gioue
2165 4439 2501 4520 dissentiunt,
2548 4451 2597 4494 et
2634 4441 2806 4520 habitu
2844 4439 3010 4520 magis
3034 4441 3280 4520 _swculum
3314 4443 3557 4520 reliquere

2033 4535 2139 4572 tam
2178 4533 2349 4570 sensu.
2391 4513 2746 4582 Hieronymus
2775 4509 3080 4582 ingepistola
3109 4510 3176 4563 ad
3202 4509 3554 4582 Nepotianum

2021 4602 2052 4642 e
2079 4586 2199 4641 Vita
2227 4585 2542 4640 clericorum
2568 4578 2866 4634 {Nonnulli
2895 4579 3031 4632 enim
3058 4588 3178 4632 sunt
3207 4578 3412 4635 ditiores
3441 4598 3554 4636 mo-

1907 4633 1959 4692 η
1983 4633 2577 4728 ιῖἇσῄἑῖιιῖᾁῖνῇξῇὲῖᾴὴε
2621 4633 2944 4728 πραεξεπτα...
2960 4645 3035 4728 βε
3062 4647 3114 4702 in
3141 4633 3423 4728 Epitaphio
3442 4633 3562 4707 se-

1981 4716 2278 4794 potiani'ad
2309 4716 2651 4794 Heliodorum
2677 4737 2689 4771 :
2734 4718 2875 4794 Sint_
2891 4716 3100 4794 ditiores
3119 4716 3374 4794 _mouac/ti
3401 4736 3556 4792 quam

1982 4786 2189 4865 fuerant
2225 4793 2521 4848 saeculares.
2578 4787 2742 4842 Iidem
2771 4786 2884 4865 ‘qui.
2923 4787 3012 4841 hic
3055 4787 3154 4842 sub
3180 4786 3548 4865 religiosorum

1982 4854 2198 4918 nomine
2243 4868 2616 4932 opponuntur_
2631 4854 2972 4932 saecularibus
2995 4897 3009 4921 ,
3042 4857 3213 4932 sancti
3236 4873 3273 4932 ‘a
3291 4854 3552 4913 Salviano

1977 4932 2226 4988 dicuntur
2252 4926 2372 5001 p’a'g.
2404 4927 2507 4982 229
2533 4946 2544 4980 :
2577 4927 2684 4982 Sed
2704 4926 2828 4978 dicit
2850 4927 3071 5001 fortasse
3091 4928 3292 5001 aliquis,
3317 4943 3420 4982 non
3439 4931 3552 4999 qui-

1979 5001 2093 5055 dem
2114 4997 2363 5056 debitores
2389 5014 2491 5052 non
2511 5013 2623 5051 esse
2641 5003 2848 5051 sanctos
2865 5035 2881 5059 ,
2917 4997 3007 5051 sed
3037 4997 3196 5050 multo
3226 5006 3392 5052 tamen
3439 4997 3552 5054 ma-

1972 5071 2096 5141 jora
2134 5072 2396 5124 hominum
2427 5066 2758 5141 saecularium
2795 5082 2906 5120 esse
2946 5064 3148 5141 debita,
3190 5077 3552 5141 quamquam”

1983 5135 2133 5209 'plura
2152 5146 2386 5210 peccata.
2423 5136 2740 5210 Sanctorum
2767 5149 2930 5210 porro
2958 5135 3313 5210 appellatione
3341 5135 3552 5191 Salvia—

1982 5205 2107 5278 num
2152 5205 2610 5278 comprehendere
2644 5206 2939 5278 monachos
2979 5205 3091 5278 ipse
3120 5221 3216 5261 nos
3242 5205 3400 5260 docet
3424 5219 3544 5278 pag.

1980 5277 2120 5331 188:
2153 5277 2240 5332 Ita
2279 5275 2438 5348 igitur
2481 5284 2531 5330 et
2566 5277 2620 5348 in
2661 5275 2958 5340 monachis,
3000 5275 3056 5330 id
3075 5284 3174 5341 cst,
3203 5278 3396 5330 sanctis
3426 5275 3544 5340 Dei,

1975 5348 2217 5419 Afrorum
2244 5345 2488 5419 probatur
2509 5345 2699 5400 odium.

2052 5416 2464 5494 7_Reposui_tnus
2504 5422 2740 5494 veterem
2762 5416 3094 5494 lectionem,
3127 5428 3284 5494 quam
3321 5419 3546 5494 vetusta;

1976 5478 2239 5544 editiones
2267 5486 2469 5543 habent
2487 5492 2542 5541 et
2557 5485 2728 5542 codex
2755 5478 3110 5541 Colbertinus.
3145 5478 3204 5536 In
3233 5478 3542 5538 Corbeiensi

1976 5559 2342 5632 scriptumest
2374 5576 2387 5611 :
2416 5557 2849 5632 Sed_respondcre
2876 5557 3114 5632 fortasse.
3135 5551 3321 5632 aliquis
3359 5561 3542 5621 potest.

2046 5625 2068 5663 ⁶¹
2086 5618 2222 5682 Infra
2236 5627 2336 5682 hac
2351 5640 2462 5696 pag.
2485 5645 2494 5680 :
2517 5618 2781 5696 Numquid
2795 5618 2900 5678 tant
2911 5635 3088 5677 accusa
3096 5618 3210 5675 bilis
3221 5618 3424 5677 France
3434 5641 3488 5675 ru
3497 5641 3544 5675 ut
