4006 6182
453 345 522 402 87
1371 347 1427 404 s.
1467 348 1778 404 SALV’lANl
1819 346 2275 403 sussmmsrs
2316 335 2736 404 PRESBYTER!
3642 343 3713 402 sa

452 465 684 521 humana
711 502 727 529 ,
774 472 799 501 ι
839 459 1148 518 Chunormu
1190 461 1485 531 impudica;
1526 448 1763 516 omnium
1793 461 2025 529 denique
2051 465 2096 522 Α
2127 477 2246 516 cum
2274 477 2333 516 se
2372 460 2556 530 jurant
2602 477 2698 530 per
2743 457 3012 531 Christum
3052 474 3171 525 esse
3206 457 3459 515 facturos.
3490 456 3709 515 Etcum

453 554 691 624 gentium
720 552 1074 609 barbarorum
1102 550 1130 590 δ
1156 552 1287 619 vita,
1319 552 1598 621 vitiositas.
1638 552 1742 611 Sed
1776 553 2032 621 numquid

453 645 699 701 eumdem
728 651 939 698 reatum
966 643 1169 698 habent
1212 642 1425 704 illorum
1468 642 1592 703 vitia
1621 658 1780 712 quem
1829 651 2029 708 nostra,

454 735 712 803 numquid
754 741 864 788 tam
893 734 1181 790 criminosa
1220 733 1657 797 est‘Chunornm
1704 733 2029 804 impudicitia

448 840 611 893 quam
649 832 831 880 nostra
857 864 873 886 ,
916 823 1175 894 numquid
1206 832 1312 882 tam
1359 825 1674 887 accusabilis
1701 823 2029 880 Francorum

448 913 669 984 perfidia
691 928 854 983 quam
875 921 1077 979 nostra,
1101 920 1195 981 aut
1215 921 1322 967 tam
1342 913 1776 983 reprehensibilis
1799 913 2032 969 ebrietas

452 1004 608 1058 Alani
635 1019 797 1075 quam
831 1003 1066 1059 ebrietas
1105 1000 1414 1069 Christiani,
1446 1011 1542 1059 aut
1564 1010 1676 1057 tam
1712 1002 2031 1073 damnabilis

450 1094 720 1163 rapacitas
749 1093 941 1147 Albani
966 1109 1127 1164 quam
1157 1094 1422 1167 rapacitas
1446 1093 1773 1149 Christiani?
1802 1093 1859 1149 Si
1884 1092 2031 1148 fallat

449 1168 672 1240 Chunus
692 1185 776 1238 vel
807 1182 1030 1254 Gepida,
1061 1184 1187 1253 quid
1216 1184 1410 1239 mirum
1430 1193 1533 1248 est,
1562 1185 1653 1254 qui
1692 1184 1901 1265 culpam
1930 1198 2028 1253 pe~

450 1276 595 1330 nitus
618 1273 868 1330 falsitatis
889 1276 1136 1343 ignorat?
1162 1274 1219 1330 Si
1246 1274 1452 1346 pejcret
1471 1275 1727 1351 Francus,
1750 1274 1877 1344 quid
1903 1274 2029 1333 novi

447 1366 647 1431 faciet,
692 1366 785 1435 qui
831 1363 1123 1436 perjurium
1153 1366 1326 1436 ipsum
1371 1366 1638 1427 sermonis
1677 1379 1846 1437 genus
1877 1373 2031 1436 putat

447 1468 587 1519 esse,
618 1470 725 1508 non
753 1454 1033 1515 criminis?
1055 1452 1122 1518 Et
1149 1454 1277 1523 quid
1298 1455 1491 1510 mirum
1520 1455 1565 1510 si
1586 1456 1691 1512 hoc
1721 1455 1933 1511 barbari
1954 1456 2029 1512 ita

445 1543 690 1609 credunt,
736 1543 827 1612 qui
866 1543 1038 1612 legem
1078 1549 1134 1598 et
1175 1543 1344 1597 Deum
1388 1545 1668 1610 nesciunt,
1703 1560 1824 1604 cum
1856 1543 2031 1614 major

446 1633 560 1691 fere
596 1634 827 1690 Romani
857 1635 1087 1705 nominis
1126 1636 1305 1709 portio
1326 1637 1401 1705 ita
1439 1637 1728 1704 existimet,
1754 1652 1875 1707 qua:
1901 1653 2028 1708 pec—

447 1739 573 1780 care
599 1739 659 1780 se
704 1724 891 1779 novit?
918 1725 1051 1779 Nam
1077 1734 1136 1780 ut
1162 1725 1229 1780 de
1257 1726 1364 1782 alio
1391 1727 1668 1783 hominum
1696 1742 1892 1798 genere
1918 1744 2025 1784 non

2133 554 2391 623 scriptum
2440 554 2555 608 sit:
2608 550 2732 612 Non
2779 552 3067 614 nominabis
3114 570 3300 625 nomen
3353 552 3567 607 Domini
3609 552 3712 608 Dei

2133 644 2206 697 tui
2231 645 2287 697 in
2312 660 2495 711 vanum
2528 641 2719 714 (Exod.
2749 658 2840 708 ιι,
2888 642 2974 711 7),
3010 643 3064 696 in
3105 643 3158 697 id
3204 644 3506 698 reverentia
3553 642 3710 696 Chri-

2132 731 2200 785 sti
2228 730 2443 795 decidit,
2467 737 2525 786 ut
2546 731 2685 785 inter
2710 740 2932 786 emteras
2951 731 3132 795 steculi
3154 732 3419 801 vanitates
3446 732 3578 786 nihil
3597 732 3713 801 jam

2131 835 2269 890 pene
2296 821 2485 877 vanius
2514 833 2676 887 quam
2706 819 2904 885 Christi
2943 835 3139 875 nomen
3163 834 3283 889 esse
3306 820 3569 876 videatur.
3600 821 3710 876 Dc-
3737 824 3749 877 ἵ

2130 911 2295 980 nique
2340 912 2494 966 multi
2522 928 2627 966 non
2657 913 2860 968 otiosas
2900 912 3269 968 tantummodo
3306 929 3394 969 res
3438 921 3495 969 et
3520 900 3745 980 aniles,‘

2131 1002 2225 1075 sed
2249 1002 2361 1074 84
2381 1003 2543 1057 etiam
2570 1003 2773 1071 scelera
2800 1004 3043 1073 quadam
3071 1020 3130 1060 se
3153 1004 3336 1075 jurant
3374 1020 3474 1077 per
3513 1005 3713 1063 Christi

2128 1107 2327 1168 nomen
2355 1108 2474 1153 esse
2495 1085 2752 1163 facturos’.
2781 1092 2880 1149 Hic
2900 1095 3041 1149 enim
3077 1094 3333 1164 loquendi
3360 1111 3489 1152 usus
3515 1104 3599 1152 est
3625 1104 3711 1152 ta-

2130 1181 2306 1239 libus:
2351 1182 2456 1258 Per
2498 1183 2767 1239 Christum
2795 1186 2919 1254 quia
2946 1186 3079 1241 tollo
3107 1186 3254 1252 illud,
3297 1184 3402 1241 Per
3439 1184 3710 1243 Christum

2128 1275 2255 1343 quia
2308 1275 2456 1329 οωάο
2493 1275 2663 1342 illum,
2712 1273 2814 1332 Per
2848 1273 3117 1331 Christum
3156 1278 3282 1346 quia
3307 1278 3495 1343 occido
3534 1279 3709 1335 illum.

2130 1364 2212 1419 Ad
2231 1365 2336 1420 hoc
2363 1380 2450 1419 res
2477 1366 2689 1446 recidit,
2708 1375 2765 1421 ut
2793 1382 2914 1432 cum
2943 1383 3040 1437 per
3065 1354 3263 1441 Christi
3287 1385 3481 1430 nomen
3498 1368 3715 1440 jurave-

2128 1454 2256 1519 rint,
2285 1462 2478 1524 putent
2507 1471 2565 1510 se
2593 1456 2793 1510 scelera
2824 1457 2985 1530 etiam
3012 1458 3262 1527 religiose
3294 1474 3416 1515 esse
3450 1459 3710 1517 facturos.

2129 1545 2368 1615 Denique
2391 1546 2519 1616 quid
2537 1548 2668 1603 mihi
2692 1549 2791 1619 ipsi
2820 1550 3058 1603 evenerit
3084 1549 3281 1622 dicam.
3301 1551 3435 1607 Cum
3461 1558 3586 1606 ante
3613 1552 3715 1607 ali-

2127 1638 2444 1708 quantulum
2474 1646 2703 1708 tempus,
2734 1638 2908 1694 victus
2936 1653 3098 1708 prece
3135 1639 3412 1713 cujusdam
3439 1642 3713 1712 pauperis,

2128 1726 2536 1801 praepotentiori
2564 1726 2772 1782 cuidam
2795 1726 3172 1797 supplicarem,
3202 1729 3491 1784 obsecrans
3519 1745 3586 1786 ne
3608 1730 3711 1799 ho-

445 1815 619 1870 dicam
637 1857 653 1882 ,
685 1814 1088 1879 consideremus
1111 1818 1253 1873 solas
1278 1819 1673 1887 negotiatorum
1701 1827 1756 1875 et
1786 1830 1809 1859 α
1836 1821 2028 1879 sirico-
2059 1806 2104 1868 Β
2130 1817 2262 1889 mini
2289 1816 2505 1890 misero_
2527 1826 2582 1872 et
2609 1823 2895 1890 egestuoso
2922 1833 3037 1872 rem
3077 1833 3141 1873 ac
3180 1819 3531 1874 substantiam
3560 1835 3715 1875 suam

445 1920 563 1958 rum
594 1905 834 1960 omnium
876 1905 1091 1972 turbas,
1123 1923 1243 1979 qua:
1271 1907 1529 1976 majorem
1557 1908 1725 1967 ferme
1753 1910 2030 1976 civitatum

447 1995 816 2052 universarum
828 2003 1038 2065 partem
1053 2007 1470 2070 occupaverunt,
1488 2000 1532 2054 si
1550 2000 1691 2057 aliud
1704 2001 1811 2072 83
1828 2008 1909 2056 est
1921 2002 2028 2065 vita

446 2086 671 2139 istorum
700 2085 941 2143 omnium
960 2101 1122 2156 quam
1151 2088 1426 2144 meditatio
1454 2089 1562 2145 doli
1591 2099 1645 2145 et
1666 2093 1856 2146 tritura
1886 2108 2031 2147 men-

445 2174 585 2229 dacii
608 2213 627 2241 ,
671 2184 765 2229 aut
811 2176 859 2230 si
886 2192 996 2245 non
1027 2179 1204 2247 perire
1232 2177 1522 2235 admodum
1563 2181 1727 2236 verba
1764 2183 2029 2238 aestimant

444 2281 566 2335 qua:
598 2266 729 2320 nihil
760 2266 1102 2343 loquentibus
1130 2278 1373 2339 prosunt.
1409 2270 1612 2337 Tantus
1637 2273 1777 2342 apud
1806 2273 1905 2329 hos
1930 2273 2027 2329 Dei

445 2360 622 2414 honor
649 2365 733 2414 est
770 2360 1063 2429 prohibens
1087 2362 1251 2417 etiam
1273 2361 1668 2432 jusjurandum,
1693 2372 1754 2420 ut
1792 2365 2027 2439 singula-

444 2465 559 2509 rem
605 2450 915 2519 existiment
959 2451 1190 2507 fructum
1238 2454 1478 2508 omnium
1527 2454 1841 2525 perjurium.
1888 2455 2028 2531 Quid

445 2556 576 2609 ergo
605 2542 796 2594 mirum
846 2542 1107 2598 barbaros
1148 2542 1369 2610 fallere,
1414 2545 1508 2613 qui
1536 2545 1786 2601 falsitatis
1823 2548 2026 2604 crimen

444 2635 740 2702 ignorant?
782 2634 923 2702 Nihil
968 2636 1111 2691 enim
1155 2644 1468 2707 contemptu
1514 2646 1681 2706 agunt
1726 2640 2024 2696 cmlestium

444 2731 857 2794 praeceptorum,
881 2735 1149 2794 praecepta
1178 2724 1390 2781 Domini
1417 2727 1736 2795 nescientes,
1767 2729 1891 2796 quia
1916 2744 2024 2784 non

444 2813 573 2868 facit
601 2814 802 2882 aliquid
829 2822 1018 2881 contra
1049 2814 1222 2885 legem
1254 2815 1387 2885 legis
1415 2816 1651 2885 ignarus.
1683 2816 1877 2873 Noster
1894 2831 2023 2887 ergo

444 2904 531 2959 hic
569 2905 912 2974 peculiariter
938 2914 1123 2962 reatus
1163 2914 1247 2962 est
1272 2908 1365 2976 qui
1410 2908 1582 2976 legem
1629 2908 1863 2979 divinam
1892 2910 2023 2985 legi-

443 3012 584 3062 mus,
614 3004 671 3051 et
697 2997 886 3065 legalia
928 3012 1142 3068 semper
1166 3000 1367 3071 scripta
1406 3000 1690 3069 violamns,
1731 3002 1825 3072 qui
1854 3002 2021 3067 Deum

447 3105 603 3144 nosse
631 3105 730 3149 nos
756 3090 1003 3157 dicimus,
1032 3100 1088 3147 et
1108 3091 1260 3161 jussa
1290 3093 1432 3148 illius
1460 3109 1526 3150 ac
1550 3104 1818 3165 prazcepta
1843 3095 2019 3152 calca-

2131 1885 2363 1975 tolleret,
2390 1921 2460 1961 ne
2484 1884 2781 1967 subsidium
2801 1913 2856 1962 et
2882 1908 3076 1976 stipem
3106 1923 3214 1978 quo
3240 1917 3529 1979 paupertas
3571 1910 3715 1966 illius

2131 1998 2425 2075 nitebatur,
2455 1998 2717 2064 auferret;
2750 2006 2864 2059 tum
2891 1998 3005 2078 ille,
3030 2000 3122 2071 qui
3150 2001 3267 2071 ejus
3292 2002 3455 2057 rebus
3492 2003 3581 2058 siti
3617 2018 3713 2058 ra-

2130 2086 2254 2142 bida
2293 2087 2610 2156 inhiaverat,
2661 2103 2725 2143 ac
2769 2087 3003 2157 prmdam
3045 2088 3159 2159 jam
3203 2104 3300 2159 spe
3330 2098 3384 2145 et
3420 2091 3714 2161 cupiditate

2131 2189 2157 2228 8
2181 2179 2553 2235 ardentissima
2584 2180 2957 2249 devoraverat,
2989 2174 3284 2253 reSpiciens
3315 2199 3379 2254 ac
3404 2184 3622 2259 vibrans
3659 2185 3714 2239 in

2129 2288 2192 2329 os
2219 2288 2399 2328 meum
2424 2280 2605 2344 truces
2624 2272 2828 2339 oculos,
2847 2280 3034 2343 utpote
3062 2274 3155 2345 qui
3183 2274 3300 2329 tolli
3327 2274 3430 2329 sibi
3457 2289 3488 2329 a
3508 2290 3596 2329 me
3621 2291 3715 2345 pu-

2130 2370 2270 2423 taret
2309 2360 2335 2398 ¹ι
2358 2363 2617 2434 quidquid
2645 2363 2761 2434 ipse
2788 2363 2942 2418 alteri
2981 2350 3343 2437 nontulisset,
3375 2380 3714 2435 nequaquam

2128 2455 2234 2510 hoc
2273 2454 2418 2523 quod
2464 2463 2703 2525 peterem
2735 2453 2909 2510 facere
2930 2468 2989 2509 se
3015 2470 3175 2525 posse
3213 2455 3530 2526 respondit:
3560 2458 3717 2526 quasi

2126 2561 2257 2600 vero
2278 2544 2432 2614 jussu
2460 2551 2551 2599 aut
2577 2545 2781 2615 scripto
2809 2545 2864 2615 id
2902 2560 3057 2618 sacro
3098 2543 3300 2600 faceret
3325 2545 3471 2615 quod
3497 2546 3718 2623 penitus

2126 2635 2403 2706 praeterire
2432 2650 2539 2689 non
2578 2643 2779 2705 posset.
2812 2635 3052 2706 Cumque
3080 2650 3180 2706 ego
3207 2652 3425 2701 causam
3462 2652 3570 2706 qua
3608 2637 3717 2695 hoc

2127 2722 2243 2780 fieri
2264 2740 2371 2779 non
2399 2724 2601 2779 valeret
2618 2738 2932 2793 qumrerem,
2955 2724 3091 2780 dixit
3109 2710 3223 2781 rem
3242 2726 3711 2788 violentissimam,

2127 2824 2182 2874 et
2209 2817 2296 2873 cui
2316 2815 2612 2872 contradici
2632 2816 2846 2887 penitus
2859 2832 2968 2870 non
2992 2816 3232 2872 deberet.
3255 2815 3268 2854 ί
3293 2815 3493 2883 Juravi,
3518 2817 3711 2885 inquit,

2131 2910 2148 2947 ι
2176 2923 2274 2979 per
2300 2906 2569 2964 Christum
2598 2920 2686 2961 res
2732 2905 2873 2961 illius
2915 2922 2945 2959 a
2974 2921 3063 2961 me
3103 2920 3222 2961 esse
3262 2905 3545 2962 tollendas.
3574 2904 3712 2961 Vide

2124 3013 2253 3069 ergo
2281 3014 2349 3053 an
2370 2998 2573 3069 possim
2596 2996 2681 3051 vel
2707 2996 2929 3051 debeam
2967 3011 3076 3051 non
3106 2995 3337 3061 efﬁcere,
3368 2995 3514 3065 quod
3537 2996 3707 3051 etiam

2124 3087 2444 3161 interposito
2481 3086 2678 3142 Christi
2725 3086 2941 3142 nomine
2981 3101 3068 3141 me
3113 3086 3223 3141 dixi
3262 3101 3382 3142 esse
3423 3085 3707 3141 facturum.

436 3194 592 3244 .llllls;
635 3194 700 3240 ae
737 3194 834 3248 per
860 3181 967 3239 hoc
991 3197 1113 3237 cum
1154 3197 1276 3243 eum
1322 3199 1643 3253 spernamus
1674 3199 1835 3254 quem
1863 3184 1971 3249 coli
1992 3200 2024 3240 a
2052 3178 2097 3240 C
2130 3179 2266 3235 Tum
2313 3193 2432 3248 ego,
2468 3177 2635 3251 (quid
2661 3178 2802 3233 enim
2833 3178 3062 3248 amplius
3085 3176 3338 3245 facerem,
3365 3177 3454 3232 cui
3493 3192 3581 3233 res
3602 3185 3713 3233 tam

446 3268 600 3322 nobis
626 3269 895 3326 credimus
918 3278 1082 3343 atque
1099 3271 1385 3342 jactamus,
1411 3274 1464 3331 id
1483 3275 1660 3347 ipsum
1679 3274 2025 3349 quodcultus
2122 3271 2271 3349 justa
2292 3270 2685 3327 obtendebatur
2709 3278 2764 3325 et
2791 3268 3052 3342 sancta?)
3095 3267 3276 3339 audita
3322 3268 3712 3338 religiosissimi

445 3358 538 3413 Dei
567 3359 794 3427 videtur,
828 3362 1019 3431 injuria
1044 3372 1145 3418 est.

513 3446 625 3503 XV.
669 3450 929 3520 Denique,
962 3461 1021 3509 ut
1038 3454 1107 3509 de
1135 3456 1370 3524 peccatis
1393 3457 1511 3513 aliis
1539 3458 1669 3513 nihil
1683 3459 1876 3526 dicam,
1902 3460 2023 3529 quis

443 3548 525 3594 est
566 3542 786 3603 omnino
831 3544 1107 3614 hominum
1155 3549 1523 3616 saecularium,
1559 3559 1757 3621 praeter
1800 3569 2023 3623 paucos,

444 3631 533 3700 qui
584 3647 690 3686 non
720 3634 788 3688 ad
818 3636 921 3690 hoc
949 3651 1162 3707 semper
1205 3635 1402 3692 Christi
1456 3654 1652 3694 nomen
1698 3641 1751 3705 in
1795 3656 1890 3699 ore
1927 3642 2024 3695 ha-

444 3721 569 3783 beat
612 3732 670 3795 ut
698 3724 948 3794 pejeret?
976 3726 1128 3793 Unde
1174 3728 1335 3782 etiam
1362 3730 1734 3800 pervulgatum
1773 3733 1876 3787 hoc
1912 3731 2024 3788 fere

443 3818 498 3866 et
544 3812 686 3881 apud
727 3815 936 3870 nobiles
986 3822 1041 3879 et
1093 3816 1236 3885 apud
1285 3818 1545 3885 ignobiles
1574 3818 1599 3857 ά
1630 3830 2023 3877 sacramentum

443 3911 527 3957 est
581 3920 593 3955 :
644 3901 747 3958 Per
797 3904 1066 3960 Christum
1113 3908 1238 3976 quia
1286 3909 1392 3964 hoc
1439 3909 1597 3976 facio,
1625 3910 1728 3967 Per
1753 3911 2023 3968 Christum

446 3990 569 4058 quia
586 3992 700 4057 hoc
719 4008 839 4061 ago,
872 3992 976 4049 Per
1000 3992 1272 4052 Christum
1291 3999 1416 4066 quia
1446 3999 1579 4054 nihil
1614 4002 1758 4057 aliud
1781 4003 2023 4060 dicturus

446 4095 582 4146 sum,
617 4079 717 4137 l’cr
751 4080 1022 4140 Christum
1067 4088 1192 4157 quia
1222 4088 1296 4142 nil
1337 4089 1480 4146 aliud
1525 4101 1743 4149 acturus
1769 4109 1907 4149 sum.
1956 4094 2025 4149 Et

447 4172 574 4241 quid
594 4173 786 4243 plura?
813 4176 870 4231 lu
901 4177 952 4231 id
981 4178 1194 4247 penitus
1220 4179 1447 4237 deducta
1474 4198 1563 4238 res
1582 4193 1666 4239 est
1692 4194 1769 4249 ut,
1801 4185 1939 4241 sicut
1957 4184 2024 4241 de

448 4276 472 4303 ε
494 4267 715 4334 paganis
736 4268 980 4325 barbaris
1007 4272 1153 4341 prius
1180 4272 1426 4343 diximus,
1469 4273 1668 4332 Christi
1692 4294 1890 4333 nomen
1917 4294 2023 4334 non

447 4348 689 4426 videatur
708 4359 820 4425 jam
855 4371 1249 4418 sacramentum
1277 4381 1427 4433 esse,
1459 4367 1553 4441 sed
1581 4384 1778 4424 sermo.
1807 4368 1941 4423 Nam
1970 4370 2024 4423 in

448 4452 652 4511 tantum
680 4449 823 4518 apud
847 4451 1105 4520 plurimos
1128 4471 1324 4510 nomen
1354 4457 1458 4512 hoc
1495 4459 1647 4527 parvi
1676 4460 1941 4528 penditur,
1966 4468 2025 4514 ut

2127 3361 2347 3422 sceleris
2373 3361 2607 3433 ratione,
2632 3360 2874 3416 discessi.

2196 3451 2332 3509 XVI.
2374 3452 2473 3528 llic
2520 3469 2660 3518 nunc
2702 3453 2976 3523 interrogo
3005 3469 3191 3521 omnes
3229 3453 3321 3523 qui
3348 3468 3492 3507 sana:
3513 3453 3710 3509 mentis

2125 3554 2251 3602 sunt
2282 3565 2295 3599 :
2345 3545 2475 3612 Quis
2503 3560 2756 3618 umquam
2785 3543 3027 3613 crederet
3067 3561 3239 3615 usque
3268 3546 3321 3599 in
3352 3546 3489 3601 hanc
3515 3553 3711 3600 contu-

2125 3637 2339 3691 meliam
2386 3635 2483 3691 Dei
2528 3650 2934 3706 progressuram
2966 3651 3085 3691 esse
3113 3636 3363 3691 humana:
3400 3636 3714 3707 cupiditatis

2125 3727 2424 3793 audaciam,
2442 3734 2503 3781 ut
2523 3726 2575 3780 id
2594 3728 2769 3797 ipsum
2793 3727 2845 3781 in
2861 3742 2970 3797 quo
2990 3726 3187 3783 Christi
3207 3728 3454 3798 injuriam
3483 3728 3709 3795 faciunt,

2123 3814 2304 3871 dicant
2330 3830 2390 3870 se
2417 3815 2487 3870 ob
2507 3813 2707 3870 Christi
2744 3831 2941 3871 nomen
2979 3831 3100 3873 esse
3126 3818 3395 3874 facturos?
3426 3816 3472 3874 0
3499 3818 3708 3874 intesti—

2123 3906 2319 3963 mabile
2364 3907 2568 3963 facinus
2595 3913 2650 3962 et
2677 3903 3079 3977 prodigiosum!
3102 3907 3244 3975 Quid
3289 3924 3396 3964 non
3426 3924 3570 3967 ausa:
3597 3909 3711 3965 sint

2124 3998 2379 4069 improbae
2424 3997 2660 4053 mentes!
2704 3995 2929 4053 Armant
2968 4012 3028 4053 se
3056 3998 3123 4055 ad
3142 3999 3569 4056 latrocinandum
3594 4002 3707 4073 85

2122 4105 2222 4160 per
2240 4087 2439 4144 Christi
2469 4103 2665 4144 nomen
2680 4104 2696 4155 ;
2711 4097 2987 4145 auctorem
3014 4089 3415 4158 quodammodo
3436 4090 3520 4152 sui
3545 4090 3713 4146 scele-

2122 4184 2199 4237 ris
2221 4183 2389 4237 Deum
2419 4181 2651 4237 faciunt!
2678 4188 2736 4236 et
2761 4195 2885 4235 cum
2915 4180 3229 4245 interdictor
3248 4196 3311 4250 ac
3329 4180 3712 4258 vindexvmalo-

2124 4291 2244 4330 rum
2264 4275 2503 4329 omnium
2523 4272 2768 4328 Christus
2792 4274 2880 4336 sit,
2893 4272 3077 4333 dicunt
3102 4289 3161 4335 se
3181 4273 3354 4339 scelus
3379 4271 3524 4343 quod
3543 4281 3711 4342 agunt

2124 4380 2285 4435 agere
2311 4380 2411 4435 pro
2438 4364 2671 4419 Christo.
2704 4364 2772 4418 Et
2798 4364 2866 4419 de
2894 4364 3078 4419 hostili
3106 4364 3389 4432 iniquitate
3416 4363 3707 4433 conqueri-

2125 4473 2263 4518 mur,
2311 4464 2366 4511 et
2404 4456 2716 4526 pagapnieam
2759 4455 3062 4510 barbariem
3106 4454 3351 4524 pejerare
3386 4453 3705 4510 causamur!

451 4535 789 4610 (numquam
836 4542 1012 4597 minus
1061 4545 1298 4613 cogitent
1347 4547 1620 4618 quippiam
1664 4549 1839 4604 facere
1865 4564 2027 4618 quam
2056 4540 2102 4598 D
2129 4549 2341 4616 Quanto
2369 4548 2576 4601 minore
2620 4554 2845 4616 peccato
2873 4545 2949 4599 illi
2990 4561 3090 4627 per
3128 4544 3391 4601 daemonia
3436 4543 3703 4616 pejerant,

1631 4654 1965 4727 STEPHANI
2003 4656 2271 4730 BALUZII
2309 4653 2514 4710 NOTAE
2525 4696 2536 4708 .

444 4758 663 4840 perfidia
686 4776 836 4840 quam
889 4764 1105 4840 nostra?
1126 4763 1346 4840 Et_m_ox
1379 4764 1489 4840 :_Si
1526 4766 1717 4836 pejeret
1759 4766 1810 4840 Ε
1812 4785 2019 4833 rancus,

442 4828 707 4917 quid‘novi
728 4832 901 4899 faciet,
933 4834 1018 4903 qui
1045 4905 1056 4916 .
1087 4835 1370 4917 perjuﬁgm
1405 4828 1838 4917 ipsu‘n'i'sqmonis
1864 4828 2020 4917 genus

445 4904 592 4977 putat
639 4914 766 4977 esse,
825 4916 954 4977 non.
981 4904 1250 4977 criminis?
1275 4904 1497 4977 Flavius
1515 4904 1775 4977 Vjopiscus
1802 4904 2019 4963 in'Pro-

444 4966 566 5047 culo
599 4984 629 5047 ε¹
648 4966 784 5047 Ipsis
822 4970 1433 5047 prodentibusnlfruneis,
1459 4966 1638 5047 (inibit)
1667 4978 1923 5046 familiare
1946 4987 2023 5031 est

444 5035 661 5110 ridendo
679 5035 836 5106 ﬁdem
864 5041 1121 5110 frangere.
1156 5042 1287 5099 Vide
1312 5035 1745 5099 Rittershusiu'm.

516 5106 668 5182 “_lta_
701 5106 1027 5182 constanter
1064 5112 1233 5167 codex
1274 5112 1633 5169 Corbeiensis.
1684 5115 1803 5182 Quo
1857 5117 2019 5172 etiam

445 5175 609 5255 modo
656 5177 848 5245 legitur
893 5181 1031 5250 apud
1061 5182 1195 5255 alios
1212 5192 1488 5255 auctores.
1523 5175 1767 5241 Detracta
1791 5195 1871 5243 est
1897 5188 2022 5241 dein

444 5243 619 5324 littera
646 5243 830 5324 δίψη
842 5243 1011 5324 secus
1038 5267 1103 5324 a_c_
1129 5253 1182 5324 in
1212 5252 1503 5320 Ludovico,
1537 5255 1813 5323 Lothario,
1847 5257 2023 5312 Hilde-

444 5317 645 5401 ricolet
666 5318 814 5401 aliis;
842 5317 1018 5401 [Editio
1048 5321 1241 5401 Pithoei
1268 5317 1669 5401 semper‘habet
1699 5317 1898 5401 Hunni.

520 5384 545 5423 b
568 5385 749 5460 Codex
777 5386 1013 5444 Colbert.
1042 5399 1097 5447 et
1119 5402 1330 5449 veteres
1358 5384 1508 5460 e'dit.,
1539 5412 1643 5448 una
1669 5398 1937 5451 viliositas.

520 5454 967 5538 {.llittershusius
1019 5472 1204 5517 monet
1236 5454 1539 5538 legendum
1574 5469 2016 5538 esse_sericorum.

447 5525 733 5606 institores
778 5530 1080 5606 sericarum
1113 5525 1340 5606 vestium
1361 5534 1622 5606 nominat
1668 5535 2022 5606 Hieronymus

449 5594 539 5675 lib:
578 5612 592 5649 I
639 5599 935 5675 hadversus
968 5600 1492 5675 Jovinianum.)’ide
1531 5604 1827 5672 Sidonium,
1859 5594 1950 5663 lib.
1981 5624 2016 5674 ι,

452 5666 699 5747 ιἰνξςῑλὸι
722 5671 873 5747 etibi
903 5670 1309 5747 savaronem‘et
1336 5672 1698 5747 Sirmondum.

523 5734 549 5775 ἀ
590 5734 931 5796 Ceddi-limus
962 5743 1044 5798 hic
1073 5744 1212 5798 bona
1236 5742 1335 5799 ﬁde
1357 5745 1639 5800 lectionem
1668 5745 1862 5801 codicis
1888 5745 2021 5802 Cor-

2126 4767 2378 4849 beiensis.
2436 4766 2493 4819 In
2518 4765 2661 4849 aliis
2714 4764 2913 4835 quippe
2954 4765 3276 4836 cditionibus
3303 4767 3403 4822 ista
3430 4783 3539 4822 non
3566 4767 3707 4827 bene

2125 4836 2382 4911 disposita
2411 4843 2553 4891 sunt.
2956 4904 2968 4916 .
3025 4903 3039 4916 .

2198 4917 2222 4986 ξ
2250 4906 2316 4986 εει.
2335 4906 2789 4986 εξίεβτξιξςίεκειι
2815 4905 2996 4986 (1993"!
3024 4921 3078 4959 ιη
3108 4907 3350 4986 praxim
3379 4908 3592 4986 easine-

2199 4975 2220 5015 ί
2249 4976 2489 5031 Mirabile
2535 4974 2751 5032 fallendi
2798 4974 3236 5046 artificiumeic
3271 4974 3409 5046 apud
3435 4977 3700 5045 Tacitum,

2125 5047 2410 5102 Annalium
2447 5047 2539 5100 lib.
2584 5064 2653 5113 ιι,
2686 5046 2949 5101 Domitius
3004 5044 3162 5101 Celer
3221 5044 3400 5112 aiebat
3430 5067 3443 5101 :
3475 5044 3705 5104 Periisse

2123 5117 2487 5200 Conueniunt;
2507 5118 2636 5200 nulli
2660 5118 3177 5200 jactarttius'ntmrent
3195 5134 3347 5200 qurum
3373 5118 3457 5200 qui
3476 5120 3705 5200 maxime

2123 5187 2383 5243 uelantur.
2403 5186 2555 5253 Quod
2583 5183 2820 5245 imitatus
2841 5192 2923 5241 est
2949 5183 3235 5242 Famianus
3248 5183 3460 5252 Strada,
3485 5187 3576 5241 lib.
3595 5204 3612 5242 ι
3634 5188 3705 5242 de

2124 5258 2274 5312 Bello
2302 5258 2517 5325 Belgica
2550 5275 2565 5308 :
2595 5256 2743 5314 Nulli
2765 5254 3050 5328 jactantius
3077 5256 3234 5325 ﬁdem
3279 5274 3431 5312 suam
3470 5257 3703 5328 obligant

2122 5344 2287 5399 quant
2298 5330 2387 5399 qui
2413 5329 2636 5399 erasin“:
2663 5329 2875 5389 violant.

2197 5407 2222 5453 ε
2249 5394 2433 5452 Codex
2461 5394 2721 5465 Colbert.,
2753 5402 3067 5461 acutissima.

2195 5466 2223 5504 δ
2245 5466 2390 5549 Idem
2440 5468 2611 5549 codex
2656 5464 2714 5549 et
2762 5469 2929 5527 editio
2950 5468 3206 5533 Galcsinii
3239 5484 3252 5520 :
3286 5464 3437 5531 Quod
3463 5467 3571 5538 ipse
3597 5466 3702 5520 ali-

2126 5538 2329 5609 quando
2349 5555 2452 5593 non
2475 5539 2689 5592 tulisset.

2130 5678 2164 5693 η,
2206 5605 2221 5645 ί
2379 5623 2554 5693 νοςςῇ
2586 5625 2677 5693 per
2698 5607 3343 5693 Claristumnquiendesunt
3371 5606 3428 5689 in
3452 5606 3570 5693 aliis

2128 5678 2382 5740 tionibus,
2412 5675 2604 5732 addita:
2638 5685 2764 5732 sunt
2795 5693 2863 5733 ex
2906 5675 3092 5736 codice
3121 5678 3450 5735 Corbeiensi.
3476 5675 3703 5731 Prorsus

2125 5748 2280 5803 bene.
2315 5746 2463 5812 Vide,
2495 5747 2678 5818 lector.
2707 5746 2979 5806 l‘robabis.
3166 5748 3183 5755 “”
