4036 6180
328 310 413 385 so
1390 326 1475 384 nr:
1510 321 2035 379 GUBERNA‘HONE
2075 322 2183 377 om
2221 323 2348 380 un.
2389 325 2475 381 iV.
3503 330 3572 385 ao

327 454 482 507 quam
528 453 628 494 nos
655 455 752 510 per
794 439 1099 494 Christum!
1140 437 1354 504 Quanto
1397 430 1620 491 minoris
1665 436 1902 491 criminis
1929 440 1973 493 Α
2005 435 2178 491 simile
2205 452 2324 505 qua:
2343 437 2887 507 dicimus?Numquid
2909 437 3013 493 dici
3040 438 3106 493 de
3127 436 3327 493 Chunis
3356 447 3533 508 potest
3561 457 3574 466 -

292 545 411 582 ,res
449 536 532 583 est
567 527 716 584 lovis
758 544 954 584 nomen
991 527 1295 591 ludificare,
1341 541 1501 595 quam
1539 524 1771 580 Christi!
1821 524 1900 580 lbi

326 618 483 671 homo
502 627 584 673 est
598 627 862 685 mortuus,
887 634 987 689 per
998 633 1156 688 quem
1176 617 1415 686 iuratur;
1444 617 1533 672 hic
1559 616 1699 671 Deus
1727 617 1896 680 vivus,

322 709 409 776 qui
437 707 728 777 peieratur.
751 709 829 764 Ibi
857 725 959 764 nec
978 710 1139 764 homo
1165 708 1334 774 ullus;
1355 707 1445 762 hic
1475 706 1615 762 Deus
1640 720 1896 761 summus.

324 797 417 852 llic
435 813 555 851 cum
576 798 797 852 maximi
826 799 1144 854 sacramenti
1173 799 1244 852 sit
1271 797 1553 866 deieratio,
1577 810 1800 851 necesse
1820 803 1901 850 est

321 888 537 942 maximi
564 888 635 941 sit
653 897 835 943 reatus
856 895 912 943 et
939 887 1235 958 peieratio;
1260 888 1333 943 ibi
1359 903 1481 942 cum
1500 899 1669 956 prope
1698 885 1901 939 nullum

321 980 389 1033 sit
415 988 443 1016 ι
465 964 865 1047 iuramentum,
899 979 1104 1034 nullum
1155 985 1368 1035 constat
1412 993 1532 1034 esse
1583 976 1895 1047 periurium.

322 1070 448 1125 Nam
489 1086 612 1126 cum
640 1070 785 1126 Deus
828 1086 935 1126 non
962 1071 1029 1126 sit
1063 1085 1164 1141 per
1201 1085 1362 1141 quem
1407 1069 1653 1138 iuratur,
1680 1082 1789 1122 non
1819 1075 1903 1123 est

318 1160 612 1230 periurium
663 1175 791 1215 cum
838 1159 1133 1232 peieratur.
1187 1148 1432 1229 Denique
1484 1158 1581 1227 qui
1624 1158 1738 1213 vult
1764 1157 1902 1211 scire

318 1266 473 1319 quam
510 1266 702 1306 verum
746 1251 835 1312 sit.
868 1250 1053 1305 audiat
1094 1249 1312 1305 beatum
1341 1248 1640 1318 apostolum
1678 1245 1901 1301 Paulum

321 1342 432 1411 ipsa
460 1340 578 1396 haec
605 1355 726 1411 qua:
772 1354 870 1395 nos
910 1339 1134 1395 dicimus
1160 1339 1556 1409 praedicantem.
1587 1337 1677 1393 Sic
1702 1337 1904 1406 quippe

322 1430 395 1483 ait
422 1448 436 1483 :
469 1430 680 1485 Scimus
708 1439 878 1484 autem
915 1432 1159 1502 quoniam
1185 1445 1509 1501 quwcumque
1535 1428 1619 1482 lea:
1655 1428 1898 1499 loquitur,

315 1521 391 1574 Itis
413 1522 579 1591 quiin
607 1520 719 1590 lege
744 1528 867 1574 sicut
889 1520 1114 1592 loquitur
1134 1520 1153 1589 (
1174 1520 1404 1584 Roman,
1428 1517 1536 1589 l9).
1570 1516 1637 1571 Et
1664 1517 1857 1572 iterum
1883 1534 1896 1569 :

322 1608 363 1663 Π
367 1607 433 1672 bi,
451 1609 646 1677 inquit,
669 1624 774 1663 non
794 1617 873 1663 est
890 1609 992 1673 lex,
1016 1624 1112 1662 nec
1130 1608 1487 1679 praevaricatio
1503 1604 1678 1678 (Rom.
1695 1621 1766 1668 IV,
1786 1602 1897 1674 15).

315 1700 528 1754 Duabus
562 1698 652 1755 his
675 1699 957 1754 sententiis
982 1699 1117 1753 duas
1143 1697 1420 1753 evidenter
1447 1695 1694 1765 exposuit
1718 1701 1900 1764 partes

318 1789 535 1857 generis
558 1787 800 1854 humani,
827 1796 980 1843 extra
1024 1788 1197 1856 legem
1235 1785 1461 1856 positos,
1491 1792 1548 1839 et
1572 1784 1626 1839 in
1669 1784 1788 1853 lege
1812 1785 1897 1839 vi-

312 1888 514 1936 ventes.
548 1880 651 1946 Qui
673 1888 799 1943 sunt
826 1880 988 1949 igitur
1008 1895 1150 1934 nunc
1178 1879 1233 1933 in
1252 1878 1371 1947 lege
1397 1877 1595 1948 positi?
1622 1875 1723 1943 Qui
1749 1876 1895 1932 scili-

312 1978 393 2025 cet
415 1969 527 2024 nisi
554 1968 866 2034 Christiani,
908 1971 1054 2024 sicut
1072 1970 1186 2039 ipse
1232 1967 1522 2037 Apostolus
1548 1967 1668 2032 fuit,
1697 1967 1790 2036 qui
1829 1966 1898 2022 de

310 2074 365 2114 se
390 2061 466 2113 ait
500 2077 515 2111 :
541 2057 674 2115 Sine
698 2059 811 2131 lege
833 2058 929 2114 Dei
957 2076 1061 2114 non
1088 2075 1220 2121 sum,
1244 2059 1336 2113 sed
1355 2060 1410 2112 in
1440 2058 1549 2129 lege
1574 2074 1686 2111 sum
1707 2056 1897 2112 Christi

311 2149 361 2219 (ἰ
380 2149 504 2204 Cor.
537 2166 614 2214 Ix,
643 2149 706 2202 21
727 2152 768 2221 ).
800 2148 903 2216 Qui
931 2150 1090 2220 igitur
1115 2150 1232 2204 sine
1261 2149 1379 2218 lege
1403 2146 1643 2203 Christi?
1665 2148 1766 2214 Qui
1794 2149 1898 2203 nisi

310 2241 500 2310 pagani
549 2240 817 2307 homines,
863 2241 1037 2309 legem
1076 2240 1398 2296 dominicam
1447 2238 1783 2293 nescientes?
1830 2236 1898 2292 Et

308 2331 425 2391 ideo
457 2331 531 2386 de
562 2331 651 2386 his
674 2331 807 2388 dicit
836 2350 849 2385 :
885 2330 982 2386 Ubi
1010 2349 1111 2385 non
1146 2339 1224 2387 est
1251 2331 1357 2396 lex,
1395 2347 1490 2384 nec
1517 2331 1892 2402 prmaricatio.

310 2421 462 2488 “Quo
479 2438 594 2477 uno
610 2424 797 2492 utique
812 2423 1041 2479 ostendit
1055 2422 1390 2479 Christianos
1403 2430 1631 2488 tantum,
1643 2436 1764 2477 cum
1779 2435 1899 2491 pec-

309 2513 569 2578 caverint,
608 2512 742 2582 legis
778 2513 1215 2583 praevaricatores
1249 2527 1400 2579 esse;
1442 2526 1683 2583 paganos
1716 2519 1897 2567 autem

306 2605 394 2672 qui
416 2606 603 2674 legem
624 2607 893 2673 nesciunt,
911 2606 1025 2661 sine
1046 2607 1487 2675 praevaricatione
1504 2621 1748 2677 peccare,
1772 2606 1897 2677 quia

307 2694 484 2752 nullus
512 2702 698 2764 potest
717 2694 833 2764 ejus
868 2696 948 2750 rei
977 2696 1354 2764 praevaricator
1378 2711 1496 2752 esse
1521 2711 1683 2765 quam
1707 2697 1892 2751 nescit.

306 2782 408 2838 Nos
436 2798 576 2852 ergo
604 2791 813 2843 tantum
843 2785 1278 2854 pmvaricatores
1302 2785 1498 2840 divina:
1516 2785 1668 2854 legis,
1698 2786 1811 2854 qui,
1841 2793 1898 2840 ut

304 2875 568 2946 scriptum
599 2883 681 2933 est
707 2875 895 2941 (Rom.
929 2892 984 2938 ιι,
1018 2875 1106 2942 21,
1132 2892 1268 2947 seqq.
1287 2874 1328 2945 ),
1358 2876 1530 2944 legem
1571 2876 1812 2944 legimus,
1844 2882 1900 2931 et

306 2981 409 3021 non
428 2965 660 3024 facimus
675 2982 796 3031 eam
813 2984 828 3034 ;
851 2967 965 3038 86
989 2982 1054 3027 ac
1070 2982 1169 3037 per
1187 2968 1291 3027 hoc
1309 2968 1439 3022 nihil
1460 2974 1541 3024 est
1559 2967 1703 3023 aliud
1723 2968 1898 3023 scien-

305 3055 372 3110 tia
401 3066 594 3112 nostra
608 3072 767 3127 quam
789 3058 961 3128 culpa,
984 3058 1077 3126 qui
1100 3058 1165 3113 ad
1193 3058 1299 3114 hoc
1327 3059 1698 3115 tantummodo
1717 3059 1894 3128 legem

2002 525 2141 582 Ecce
2199 528 2385 596 quales
2442 535 2564 583 sunt
2620 530 2713 598 qui
2764 528 3051 587 Christiani
3114 545 3232 586 esse
3289 531 3575 586 dicuntur?

1999 614 2265 684 Numquid
2296 617 2365 672 de
2400 617 2701 674 Saxonibus
2737 629 2830 673 aut
2867 619 3088 676 Francis
3118 639 3132 674 :
3164 620 3306 677 Ecce
3349 636 3469 691 quae
3495 622 3577 676 fa-

2000 709 2148 763 ciunt
2186 710 2276 777 qui
2316 724 2376 764 se
2417 717 2665 765 asserunt
2702 709 2899 766 Christi
2941 725 3060 767 esse
3097 713 3365 767 cultores?
3407 712 3577 767 Num-

1999 798 2128 867 quid
2182 807 2403 868 propter
2453 798 2759 854 Maurorum
2802 800 2997 856 efferes
3046 814 3228 857 mores
3257 803 3344 857 lex
3389 816 3573 857 sacro-

2001 902 2185 950 sancta
2225 896 2506 965 culpatur?
2546 894 2812 964 Numquid
2854 894 3171 968 Scytharum
3216 903 3309 950 aut
3343 893 3577 965 Gepida-

1999 1000 2119 1039 rum
2146 985 2569 1040 inhumanissimi
2604 985 2739 1041 ritus
2777 986 2831 1040 in
2870 985 3212 1041 maledictum
3240 994 3400 1054 atque
3436 987 3579 1042 blasd

1999 1074 2269 1143 phemiam
2318 1088 2513 1128 nomen
2540 1074 2753 1129 Domini
2782 1074 3073 1130 Salvatoris
3096 1076 3388 1131 inducunt?
3413 1076 3576 1131 Num-

2001 1162 2127 1233 quid
2182 1163 2289 1217 dici
2324 1163 2393 1218 de
2451 1164 2574 1219 ullis
2629 1165 2855 1220 istorum
2912 1173 3093 1235 potest
3140 1184 3153 1220 :
3205 1164 3307 1220 Ubi
3347 1173 3430 1221 est
3492 1165 3574 1221 lex

2001 1252 2266 1307 catholica
2290 1266 2450 1321 quam
2479 1253 2739 1309 credunt?
2760 1255 2861 1309 Ubi
2885 1263 3009 1310 sunt
3036 1256 3251 1326 pietatis
3277 1264 3333 1310 et
3359 1256 3576 1311 castita-

2003 1344 2070 1398 tis
2099 1353 2365 1413 prmeepta
2395 1358 2514 1413 qua:
2538 1345 2787 1401 discunt?
2821 1346 3113 1415 Evangelia
3152 1347 3355 1416 legunt,
3395 1357 3450 1403 et
3476 1350 3579 1402 im-

2000 1432 2181 1504 pudici
2208 1439 2365 1500 sunt;
2401 1435 2675 1503 apostolos
2703 1435 2946 1502 audiunt,
2974 1439 3079 1508 87
3116 1446 3171 1492 et
3211 1438 3579 1503 inebriantur;

2001 1521 2271 1577 Christum
2313 1531 2631 1592 sequuntur,
2677 1533 2733 1578 et
2776 1526 3022 1595 rapiunt;
3070 1527 3237 1581 vitam
3278 1528 3577 1597 improbam

2002 1620 2185 1682 agunt,
2215 1619 2279 1688 et
2312 1614 2536 1683 probam
2565 1614 2736 1683 legem
2766 1615 2967 1671 habere
2993 1631 3053 1671 se
3082 1616 3282 1671 dicunt.
3315 1617 3581 1686 Numquid

2000 1702 2117 1757 haec
2137 1702 2205 1757 de
2222 1703 2331 1757 ulla
2353 1704 2575 1757 istarum
2597 1705 2835 1773 gentium
2855 1706 2960 1761 dici
2981 1708 3221 1776 queunt?
3235 1706 3352 1762 Non
3376 1709 3580 1777 utique.

1930 1792 1974 1851 Β
2002 1793 2078 1848 De
2102 1794 2465 1864 nobisquippe
2485 1795 2664 1849 omnia
2685 1796 2785 1851 ista
2804 1795 3067 1852 dicuntur.
3083 1797 3139 1851 In
3170 1798 3324 1853 nobis
3343 1797 3585 1855 Christus

1995 1885 2202 1955 patitur
2225 1885 2576 1955 opprobium,
2621 1887 2675 1940 in
2724 1888 2880 1944 nobis
2917 1890 3119 1959 patitur
3156 1890 3245 1946 lex
3284 1888 3583 1947 Christiana

1996 1973 2362 2029 maledictum.
2394 1973 2472 2031 De
2499 1976 2656 2031 nobis
2702 1978 2845 2032 enim
2868 1978 3061 2034 dicitur
3089 1980 3215 2035 illud
3254 1981 3396 2051 quod
3424 1998 3583 2052 supra

1995 2063 2230 2119 diximus
2264 2081 2277 2117 :
2302 2064 2443 2120 Ecce
2468 2067 2654 2135 quales
2678 2076 2799 2122 sunt
2826 2069 2918 2137 qui
2944 2067 3214 2125 Christum
3241 2072 3442 2127 colunt.
3460 2070 3583 2125 Fal-

1996 2170 2115 2209 sum
2144 2155 2305 2224 plane
2324 2154 2456 2209 illud
2482 2163 2567 2210 est
2587 2157 2733 2226 quod
2753 2158 2902 2213 aiunt
2926 2176 2985 2215 se
3010 2160 3154 2215 bona
3183 2161 3409 2228 discere,
3440 2162 3584 2231 quod

1990 2241 2199 2312 iactant
2236 2258 2298 2298 se
2346 2252 2547 2299 sanctae
2588 2246 2723 2315 legis
2762 2257 3031 2318 praecepta
3072 2252 3327 2307 retinere.
3357 2251 3414 2307 Si
3439 2254 3582 2307 enim

1996 2338 2139 2393 bona
2166 2339 2453 2405 discerent,
2476 2340 2602 2396 boni
2627 2349 2825 2398 essent.
2858 2342 3004 2400 Talis
3035 2345 3278 2415 profecto
3305 2354 3453 2402 secta
3481 2356 3583 2412 est,

1997 2430 2185 2498 quales
2205 2438 2261 2486 et.
2279 2438 2596 2488 sectatores.
2623 2432 2738 2490 Hoc
2758 2444 2882 2490 sunt
2909 2436 3109 2506 absque
3134 2437 3296 2495 dubio
3316 2439 3462 2509 quod
3484 2440 3582 2495 do-

1998 2530 2205 2577 centur.
2231 2523 2472 2593 Apparet
2499 2525 2680 2594 itaque
2710 2534 2764 2581 et
2792 2527 3084 2598 prophetas
3111 2544 3247 2598 quos
3268 2530 3468 2585 habent
3487 2531 3583 2585 im-

1997 2614 2287 2684 puritatem
2317 2615 2535 2681 docere,
2567 2626 2623 2672 et
2670 2620 2943 2688 apostolos
2971 2636 3108 2689 quos
3155 2621 3339 2690 legunt
3383 2622 3582 2677 nefaria

1997 2705 2260 2769 sanxisse,
2292 2712 2349 2760 et
2394 2705 2685 2775 Evangelia
2730 2711 2923 2777 quibus
2965 2711 3295 2776 imbuuntur,
3324 2713 3438 2767 lucc
3467 2728 3582 2781 qua:

1998 2795 2098 2865 ipsi
2120 2794 2321 2851 faciunt
2343 2796 2652 2866 praedicare.
2684 2799 2965 2856 Postremo
2992 2810 3178 2857 saneta
3212 2817 3241 2857 a
3268 2800 3582 2857 Christianis

1999 2887 2208 2955 tierent,
2238 2890 2283 2944 si
2303 2886 2546 2945 Christus
2570 2900 2753 2946 sancta
2779 2892 3065 2949 docuisset.
3096 2892 3372 2949 Estimari
3404 2896 3582 2963 itaque

1998 2977 2066 3034 de
2097 2981 2394 3036 cultoribus
2438 2983 2550 3038 suis
2593 2992 2772 3054 potest
2808 2985 2898 3040 ille
2939 2987 3029 3054 qui
3058 2987 3270 3041 colitur.
3303 2986 3582 3053 Quomodo

1999 3073 2140 3126 enim
2186 3071 2359 3127 bonus
2387 3073 2644 3142 magister
2669 3083 2770 3141 est,
2812 3075 2965 3144 cuius
2992 3084 3099 3130 tam
3144 3078 3316 3132 malos
3344 3076 3581 3132 videmus

304 3149 557 3203 novimus
582 3155 644 3203 ut
668 3149 876 3218 maiore
912 3146 1211 3205 oﬂensione
1239 3164 1523 3219 peccemus
1556 3166 1569 3203 :
1601 3150 1724 3219 quia
1752 3150 1897 3220 quod
1923 3156 1967 3216 (Σ
2000 3172 2117 3213 esse
2143 3157 2470 3230 discipulos?
2489 3161 2605 3216 cEx
2632 3163 2750 3232 ipso
2768 3164 2911 3219 enim
2929 3162 3217 3220 Christiani
3242 3174 3383 3232 sunt,
3412 3166 3581 3234 ipsum

305 3237 545 3299 lectione
586 3246 644 3301 et
689 3238 853 3294 corde
899 3240 1165 3306 novimus,
1184 3239 1402 3297 libidine
1448 3255 1512 3296 ac
1557 3240 1900 3310 despectione

307 3329 605 3383 calcamus.
636 3326 706 3381 Et
750 3328 872 3385 ideo
917 3330 1217 3387 rectissime
1262 3332 1616 3401 apostolicum
1664 3332 1794 3387 illud
1831 3333 1899 3388 ad

304 3433 525 3474 omnem
574 3418 773 3475 dicitur
821 3419 1185 3483 Christianum
1218 3440 1231 3475 π
1265 3420 1368 3487 Qui
1393 3424 1449 3477 in
1495 3423 1606 3494 lege
1637 3425 1897 3494 gloriaris,

308 3525 395 3578 per
431 3511 922 3579 praevaricationem
966 3511 1093 3583 legis
1135 3511 1301 3567 Deum
1345 3513 1647 3567 inhonorae.
1695 3511 1898 3569 Nomen

309 3598 440 3653 enim
460 3596 562 3651 Dei
587 3616 679 3669 per
696 3616 783 3655 vos
798 3600 1180 3671 blasphematur
1197 3603 1332 3657 inter
1344 3604 1549 3674 genter(
1567 3601 1725 3670 Ibid.,
1799 3608 1901 3671 25,

306 3687 369 3759 Ἠ
387 3688 429 3759 ).
461 3689 635 3758 Cujus
661 3705 793 3760 ergo
820 3692 1062 3747 criminis
1089 3693 1169 3747 rei
1196 3693 1306 3748 sint
1331 3691 1652 3759 Christiani,
1684 3709 1752 3748 ex
1796 3693 1901 3750 hoc

311 3794 414 3838 uno
446 3779 676 3849 intelligi
697 3788 894 3850 potest,
909 3782 1036 3851 quia
1057 3782 1152 3838 Dei
1174 3798 1371 3845 nomen
1392 3782 1671 3838 infamant.
1695 3784 1897 3840 Etcum

308 3869 571 3941 scriptum
592 3871 665 3926 sit
690 3871 846 3927 nobis
874 3879 933 3927 ut
959 3873 1139 3928 omnia
1169 3873 1424 3929 faciamus
1476 3875 1529 3929 in
1549 3875 1775 3943 gloriam
1802 3875 1898 3930 Dei

308 3959 358 4026 (ι
385 3958 514 4015 Cor.
546 3977 610 4026 x,
634 3961 695 4016 51
719 3961 758 4031 ),
802 3978 901 4019 nos
926 3978 959 4019 e
983 3964 1196 4026 diverso
1220 3973 1410 4021 cuncta
1458 3965 1511 4020 in
1540 3966 1637 4020 Dei
1675 3966 1898 4022 iacimus

308 4052 577 4122 iniuriam.
609 4053 849 4124 Cumque
876 4056 991 4126 ipse
1017 4054 1266 4116 Salvator
1285 4065 1469 4114 noster
1487 4057 1554 4112 ad
1583 4073 1681 4112 nos
1708 4058 1890 4127 quoti-

306 4143 389 4198 die
441 4144 683 4200 clamet:
725 4146 817 4202 Sic
871 4148 1039 4203 luceat
1094 4149 1185 4203 lux
1236 4158 1404 4204 rastra
1459 4167 1632 4204 coram
1670 4151 1893 4205 homini-

306 4233 415 4302 bus,
446 4247 506 4290 ut
548 4237 752 4293 rideant
801 4239 903 4308 ﬁlii
950 4240 1213 4295 hominum
1262 4258 1416 4312 opera
1444 4252 1612 4296 restra
1656 4242 1817 4308 bona,
1844 4254 1896 4299 et

307 4329 644 4398 magni/iacnt
672 4328 880 4384 Patrem
900 4340 1122 4385 vestrum
1143 4332 1226 4404 qui
1254 4333 1306 4386 in
1323 4333 1458 4387 caelis
1484 4341 1561 4386 est
1583 4332 1803 4403 (Matth.
1836 4351 1889 4397 v,

309 4412 433 4485 l6),
466 4430 571 4471 nos
598 4416 673 4471 ita
711 4418 937 4474 vivimus
971 4421 1276 4476 econtrario
1303 4430 1362 4476 ut
1391 4420 1483 4477 lilii
1510 4422 1785 4478 hominum
1815 4425 1890 4478 vi-

2001 3246 2243 3314 audiunt,
2300 3246 2327 3285 ἀ
2376 3250 2554 3319 ipsum
2599 3251 2802 3320 legunt.
2854 3251 3166 3324 Promptum
3215 3261 3299 3309 est
3337 3254 3583 3309 omnibus

2000 3337 2201 3394 Christi
2231 3341 2534 3410 intelligere
2561 3343 2879 3399 doctrinam.
2912 3343 3049 3399 Vide
3092 3343 3428 3400 Christianos
3456 3345 3582 3415 quid

2001 3437 2181 3498 agant,
2206 3437 2261 3484 et
2286 3431 2565 3487 evidenter
2589 3442 2745 3502 potes
2777 3444 2800 3472 ⁸
2831 3435 2899 3490 de
2920 3432 3135 3489 Christo
3158 3435 3297 3490 scire
3321 3433 3450 3503 quid
3481 3434 3582 3488 do-

2000 3526 2140 3575 ceat.
2172 3519 2415 3589 Denique
2443 3536 2605 3590 quam
2632 3537 2798 3592 prave
2835 3539 2897 3578 ac
2926 3522 3127 3578 nefarie
3152 3524 3345 3594 pagani
3370 3538 3582 3594 semper

2000 3608 2069 3665 de
2095 3610 2265 3666 sacris
2293 3611 2588 3667 Dominicis
2635 3613 2841 3681 opinati
2878 3614 3002 3678 sint,
3034 3613 3229 3668 docent
3273 3624 3582 3684 persecuto-

2000 3717 2119 3757 rum
2144 3702 2458 3757 immanium
2495 3704 2883 3760 cruentissimze
2921 3706 3264 3773 quaestiones,
3293 3705 3385 3775 qui
3415 3706 3469 3760 in
3495 3720 3581 3760 sa-

2000 3793 2216 3850 criﬁciis
2234 3793 2554 3852 Christianis
2582 3795 2715 3850 nihil
2744 3795 2887 3851 aliud
2914 3811 3073 3865 quam
3103 3797 3311 3867 impura
3339 3795 3581 3867 quaedam

1999 3881 2116 3938 ﬁeri
2159 3891 2323 3954 atque
2349 3884 2706 3940 abominanda
2753 3887 3067 3942 credebant.
3099 3886 3371 3957 Siquidem
3420 3888 3581 3942 etiam

2002 3974 2155 4029 initia
2174 3976 2290 4045 ipsa
2315 3984 2513 4031 nostra:
2538 3977 2815 4046 religionis
2842 3994 2950 4034 non
2988 3979 3088 4034 nisi
3115 3995 3146 4034 a
3175 3979 3385 4036 duobus
3410 3980 3579 4034 maxi-

1999 4063 2103 4118 mis
2129 4062 2460 4121 facinoribus
2484 4067 2616 4122 oriri
2639 4067 3041 4124 arbitrabantur
3073 4087 3085 4122 :
3116 4070 3350 4139 primum
3377 4070 3581 4126 scilicet

1999 4154 2322 4212 homicidio:
2355 4156 2569 4224 deinde,
2600 4158 2744 4226 quod
2763 4159 3050 4215 homicidio
3070 4167 3152 4214 est
3174 4161 3408 4227 gravius,
3431 4160 3580 4216 ince-

1997 4253 2117 4313 stu;
2139 4262 2241 4302 nec
2268 4247 2556 4303 homicidio
2575 4248 2749 4303 solum
2777 4257 2832 4304 et
2851 4250 3077 4315 incestu,
3107 4250 3224 4314 sed,
3247 4250 3387 4318 quod
3409 4250 3578 4306 scele-

1996 4337 2167 4391 ratius
2195 4338 2412 4407 quidem
2441 4345 2544 4404 est,
2577 4337 2781 4394 incestu
2805 4339 2923 4410 ipso
2943 4348 2998 4394 et
3024 4340 3340 4407 homicidio;
3372 4342 3576 4397 incestu

1996 4434 2228 4481 matrum
2248 4436 2709 4482 sacrosanctarum
2721 4436 2776 4483 et
2796 4429 3084 4484 homicidio
3093 4433 3199 4502 88
3218 4431 3578 4485 innocentium

307 4505 470 4563 deant
500 4524 669 4580 opera
696 4519 880 4568 nostra
910 4514 1133 4577 mala,et
1159 4514 1534 4584 blasphement
1555 4514 1769 4573 Patrem
1800 4534 1900 4573 no-
1924 4519 1976 4578 D
2003 4500 2371 4587 parvulorum,
2403 4531 2540 4586 quos
2585 4533 2693 4573 non
2723 4518 2891 4575 occidi
2920 4500 3125 4574 tantum
3166 4500 3204 4574 a
3242 4520 3575 4583 Christianis,

306 4606 473 4653 strum
506 4600 599 4670 qui
627 4609 710 4655 est
737 4601 789 4656 in
815 4602 986 4659 cmlis.

375 4690 537 4746 XVII.
577 4692 707 4759 Quae
748 4710 868 4750 cum
917 4695 991 4750 ita
1033 4695 1162 4761 sint,
1209 4710 1402 4765 magna
1444 4698 1691 4754 videlicet
1741 4699 1896 4754 nobis

307 4783 663 4850 prterogativa
681 4782 749 4839 de
780 4783 997 4842 nomine
1023 4783 1444 4843 Christianitatis
1461 4787 1688 4842 blandiri
1712 4804 1895 4858 possu-

309 4884 444 4932 mus,
473 4873 568 4939 qui
591 4871 664 4938 ita
706 4873 913 4943 agimus
966 4889 1032 4930 ac
1062 4875 1291 4942 vivimus
1319 4883 1379 4936 ut
1405 4876 1512 4933 hoc
1539 4876 1712 4946 ipsum
1748 4877 1892 4945 quod

308 4956 645 5017 Christianus
663 4964 894 5034 populus
913 4979 1033 5023 esse
1058 4965 1303 5034 dicimur,
1325 4968 1674 5038 opprobrium
1696 4966 1894 5024 Christi

308 5063 425 5107 esse
469 5051 767 5120 videamur.
798 5053 869 5108 At
905 5069 937 5110 e
964 5054 1178 5117 diverso
1204 5057 1262 5114 in
1285 5058 1508 5127 paganis
1546 5058 1673 5127 quid
1700 5059 1891 5115 horum

2000 4607 2115 4673 sed,
2146 4607 2289 4677 quod
2314 4608 2485 4676 magis
2507 4608 2921 4663 abominandum
2949 4617 3049 4672 est,
3079 4609 3238 4663 etiam
3266 4610 3443 4663 vorari
3465 4609 3578 4664 exi-

1996 4699 2325 4765 stimabant;
2356 4708 2411 4755 et
2433 4700 2545 4755 haec
2565 4700 2745 4755 omnia
2771 4700 2837 4754 ad
2865 4698 3182 4768 placandum
3209 4699 3396 4763 Deum,
3425 4702 3577 4770 quasi

1997 4787 2108 4843 ullo
2157 4787 2397 4844 facinore
2438 4788 2610 4856 magis
2653 4789 2825 4858 possit
2860 4787 3094 4854 oiTendi;
3137 4787 3204 4842 ad
3244 4790 3575 4859 purgandum

1996 4879 2453 4950 piaculum,quasi
2467 4879 2631 4933 ullum
2660 4877 2805 4931 aliud
2831 4878 3000 4948 maius
3019 4886 3188 4946 esset;
3219 4880 3284 4933 ad
3299 4895 3573 4936 commen-

1996 4968 2228 5024 dandum
2256 4967 2594 5031 sacriﬁcium,
2617 4968 2769 5036 quasi
2791 4968 2953 5023 ullam
2973 4984 3087 5024 rem
3124 4968 3382 5024 Dominus
3406 4970 3578 5038 magis

1995 5060 2167 5129 possit
2218 5060 2473 5124 horrere;
2521 5057 2589 5112 ad
2624 5059 3035 5129 promerendam
3081 5060 3243 5113 vitam
3292 5068 3570 5124 aeternam,

1480 5146 1817 5204 STEPHANI
1852 5148 2123 5205 BALUZII
2160 5148 2386 5203 NOTAE.

382 5243 408 5305 ξ
437 5233 627 5305 Codex,
661 5234 898 5301 Colbert.
941 5243 996 5291 et
1025 5244 1235 5305 veteres
1276 5237 1429 5305 edit.,
1475 5237 1885 5294 Sam-amentum.
1926 5257 1939 5267 ’

306 5298 779 5424 ξὲἓιξιὲξὲρίθηείε
815 5298 872 5359 et
907 5306 1072 5361 editio
1113 5303 1391 5364 Pithoeana
1414 5298 1626 5362 habent
1664 5310 1739 5364 uti
1790 5326 1891 5375 nos

314 5387 587 5426 "culturus.

327 5508 357 5573 2
382 5441 408 5479 δ
439 5442 510 5564 lsi
540 5441 715 5497 codex
740 5442 1102 5503 Corbciensis.
1134 5445 1471 5501 Colbertiuus
1499 5454 1554 5500 et
1582 5444 1846 5504 editiones
1870 5467 1882 5502 :

360 5528 423 5563 tto
486 5523 603 5564 iClO.

360 5528 423 5563 tto
452 5523 603 5564 dicto.

322 5523 357 5573 ἐ
385 5597 406 5618 τ
441 5581 654 5636 Tacitus
701 5581 922 5649 loquens
963 5583 1030 5637 de
1057 5583 1408 5637 Christianis:
1434 5585 1623 5642 Auctor
1664 5588 1882 5641 nominis

312 5650 423 5717 ejus
451 5650 697 5724 Christus,
719 5653 812 5724 qui
846 5652 1045 5706 Tiberio
1090 5654 1412 5724 imperitante
1454 5671 1542 5724 per
1581 5667 1880 5724 procurato-

309 5735 416 5771 mn
446 5721 683 5777 Pontium
706 5720 933 5776 Pilatum
957 5720 1201 5794 supplicia
1232 5720 1591 5792 a/i‘ectus'erati

2065 5236 2091 5276 ἀ
2123 5239 2249 5293 Haec
2276 5240 2472 5292 desunt
2509 5238 2562 5292 in
2600 5240 2787 5294 codice
2823 5237 3134 5297 Colbertiuo
3159 5252 3214 5297 et
3241 5243 3293 5297 in
3323 5242 3571 5298 editioni-

1974 5308 2093 5377 ,bus
2129 5308 2430 5364 Brassicani
2450 5315 2505 5362 et
2530 5306 2803 5365 Galesinii.

2064 5388 2087 5416 ο
2117 5378 2303 5435 Codex
2352 5378 2512 5434 Corb.
2571 5388 2625 5449 et
2663 5378 2827 5433 editio
2858 5376 3069 5443 Pithmi,
3100 5379 3162 5432 de
3188 5381 3298 5449 ipso
3339 5379 3559 5435 Clm'sto.

1990 5447 2149 5513 Male,
2180 5456 2237 5502 ut
2258 5450 2469 5518 opinor.
2494 5447 2702 5503 Sufﬁcit
2730 5449 2870 5503 enim
2901 5447 3216 5518 alterutrum
3244 5447 3434 5501 horum
3464 5466 3562 5503 vo-

1987 5515 2318 5572 cabulorum.
2351 5518 2531 5574 Codex
2561 5519 2900 5573 Colliertinus
2921 5518 3083 5570 habet
3102 5515 3322 5579 Christo,
3342 5532 3446 5571 non
3471 5518 3564 5571 hac

1985 5587 2077 5661 bet
2110 5588 2242 5661 ipso.
2274 5586 2474 5661 Contra
2501 5588 2762 5661 editiones
2788 5585 3090 5661 §_ra_ssicmti
3116 5592 3168 5641 et
3189 5582 3445 5642 Galesinii
3471 5587 3562 5641 ha-
3640 5656 3645 5661 .

1984 5654 2279 5726 bent-ipso,
2309 5658 2402 5713 sed
2426 5674 2531 5713 non
2562 5657 2759 5713 habent
2778 5655 3000 5723 (Μήδῳ,
