4006 6182
379 279 439 334 9⁸
1323 274 1378 329 S.
1420 268 1728 327 SALVIANI
1771 263 2228 322 MASSILIENSIS
2267 260 2689 318 PRESBYTERI
3581 260 3650 316 93

379 389 534 458 quasi
556 403 683 442 vero
711 387 873 444 etiam
903 389 948 444 si
980 385 1145 456 possit
1173 384 1256 439 bis
1278 385 1437 440 rebus
1458 383 1646 452 accipi,
1667 381 1800 436 tanti
1827 388 1970 436 esset
1999 381 2046 438 A
2074 376 2419 445 acquiescunt
2446 375 2548 443 legi
2563 383 2617 429 et
2638 373 2812 428 sciunt
2837 373 3162 428 voluntatem
3186 372 3320 442 ejus,
3343 382 3398 428 et
3427 376 3655 444 probant

381 478 450 533 ad
471 494 590 532 eam
621 492 719 548 per
735 477 939 532 scelera
966 483 1071 529 tam
1101 473 1353 530 immania
1385 473 1673 545 perveniri.

456 567 638 623 XVIII.
690 567 991 634 Intelligere
1038 579 1167 634 ergo
1195 581 1481 636 possumus
1523 573 1616 619 aut
1641 563 1828 634 quales
1854 576 1975 618 esse

391 659 588 729 pagani
615 657 940 712 crediderint
976 655 1329 721 Christianos,
1371 656 1461 724 qui
1481 655 1676 710 talibus
1703 651 1975 708 sacriﬁciis

389 749 560 803 Deum
599 748 860 812 colerent,
890 755 984 800 aut
1028 746 1243 816 qualem
1271 746 1560 801 sollicitent
1587 744 1753 798 Deum
1781 744 1972 812 ipsum,

387 843 476 908 qui
518 840 634 894 haec
655 854 808 894 sacra
849 838 1140 893 docuisset.
1172 838 1241 891 Et
1266 839 1370 892 hoc
1396 854 1493 894 cur
1512 838 1622 892 ita?
1659 835 1767 891 Cur
1793 836 1978 905 utique

389 931 491 984 nisi
521 931 590 984 ob
618 945 714 985 eos
733 930 828 999 qui
855 927 1148 986 Christiani
1187 944 1306 983 esse
1334 929 1586 983 dicuntur
1613 937 1668 982 et
1693 944 1802 982 non
1831 933 1974 989 sunt,

388 1024 481 1093 qui
507 1038 604 1092 per
631 1018 830 1091 ﬂagitia
861 1038 928 1078 ac
955 1021 1314 1092 turpitudines
1344 1036 1470 1075 suas
1492 1035 1688 1074 nomen
1708 1019 1980 1087 religionis

391 1111 672 1176 infamant,
705 1113 816 1182 qui,
844 1119 902 1166 ut
929 1112 1184 1182 scriptum
1213 1119 1324 1177 est,
1354 1127 1443 1165 ore
1484 1111 1712 1181 fatentur
1749 1126 1804 1163 se
1831 1125 1982 1162 nosse

391 1204 576 1266 Deum,
603 1207 754 1273 factis
776 1214 946 1258 autem
963 1212 1171 1274 negant,
1194 1219 1307 1256 cum
1327 1204 1434 1258 sint
1455 1201 1819 1256 abominabiles
1833 1209 1883 1254 et
1895 1201 1980 1254 in-

393 1295 607 1359 creduli,
638 1294 708 1347 ad
732 1311 879 1348 omne
898 1303 1068 1348 autent
1093 1310 1219 1363 opus
1243 1292 1428 1346 bonum
1448 1291 1650 1362 reprobi
1674 1290 1799 1360 (Tit.
1814 1307 1850 1354 ι,
1867 1288 1977 1356 16),

393 1401 487 1454 per
529 1401 675 1454 quos,
710 1391 771 1438 ut
809 1384 1054 1452 legimus,
1085 1385 1168 1438 via
1213 1385 1440 1438 veritatis
1472 1383 1854 1452 blasphematur
1900 1380 1982 1451 (ll

395 1472 539 1527 Petr.
574 1488 630 1536 ιι,
661 1472 739 1543 2),
786 1482 841 1527 et
868 1481 1266 1529 sacrosanctum
1299 1473 1511 1528 Domini
1549 1472 1644 1527 Dei
1671 1487 1868 1527 nomen
1893 1487 1983 1525 sa-

391 1562 714 1628 crilegorum
767 1563 1047 1618 hominum
1083 1563 1460 1619 maledictione
1503 1561 1757 1617 violatur.
1810 1562 1982 1628 Quam

393 1651 574 1718 gravis
603 1659 783 1707 autem
827 1667 892 1708 ac
929 1653 1218 1722 singularis
1243 1652 1439 1722 piaculi
1465 1653 1667 1707 malum
1694 1653 1764 1707 sit
1791 1667 1984 1707 nomen

2074 483 2194 536 quae
2223 468 2432 536 potiora
2478 474 2631 532 sunt;
2680 466 2771 534 qui
2801 465 3000 519 habent
3046 465 3273 520 formam
3319 467 3557 523 scientia:
3600 479 3654 524 et

2073 560 2317 615 veritatis
2348 559 2400 613 in
2444 559 2591 626 lege;
2633 558 2727 628 qui
2772 556 3064 627 praedicant
3110 573 3217 612 non
3259 557 3560 625 furandum,
3599 569 3655 615 et

2075 652 2341 716 furantur;
2367 651 2459 721 qui
2475 651 2658 718 legunt
2680 664 2787 703 non
2811 648 3203 714 mmcbandum,
3221 657 3277 704 et
3289 649 3653 719 mmchantur;

2075 745 2168 814 qui
2210 745 2266 800 in
2296 744 2413 812 lege
2441 743 2757 812 gloriantur,
2791 751 2846 797 et
2874 757 2970 811 per
2996 742 3492 812 prmvaricationem
3525 741 3659 811 legis

2079 837 2246 892 Deum
2287 837 2398 907 90
2437 835 2765 890 inhonorant
2801 833 2979 904 (Rom.
3010 851 3066 897 ιι,
3106 834 3192 900 l7,
3219 835 3407 907 seqq.).
3442 833 3507 888 Et
3536 835 3658 891 ideo

2079 927 2184 981 hoc
2203 927 2321 996 ipso
2341 924 2634 980 Christiani
2657 924 2955 980 deteriores
2975 932 3117 988 sunt,
3142 925 3234 993 qui
3261 925 3514 980 meliores
3539 939 3662 980 esse

2079 1016 2359 1071 deberent.
2387 1014 2503 1068 Non
2525 1015 2667 1069 enim
2695 1014 2929 1084 probant
2955 1013 3100 1082 quod
3119 1013 3459 1084 proﬁtentur,
3482 1025 3536 1070 et
3561 1015 3662 1069 im-

2080 1112 2324 1177 pugnant
2372 1105 2764 1176 professionem
2813 1119 2961 1160 suam
3010 1105 3249 1160 moribus
3293 1105 3449 1160 suis:
3494 1104 3664 1174 magis

2082 1199 2228 1254 enim
2275 1195 2594 1252 damnabilis
2637 1202 2721 1250 est
2762 1192 2964 1249 malitia
3003 1209 3164 1263 quam
3193 1195 3379 1248 titulus
3411 1194 3668 1252 bonitatis

2083 1297 2317 1354 accusat,
2349 1295 2406 1343 et
2430 1295 2611 1342 reatus
2639 1286 2786 1356 impii
2807 1293 2889 1341 est
2908 1285 3052 1355 pium
3083 1301 3300 1340 nomen.
3326 1284 3476 1340 Unde
3502 1286 3667 1340 etiam

2084 1380 2336 1435 Salvator
2373 1379 2427 1433 in
2457 1378 2778 1448 Apocalypsi
2801 1378 2868 1432 ad
2894 1377 3129 1447 tepidum
3158 1377 3518 1431 Christianum
3542 1377 3617 1431 ait
3647 1395 3662 1429 :

2091 1468 2304 1524 Utinam
2352 1477 2442 1522 aut
2486 1467 2684 1522 calidus
2728 1484 2864 1522 esses
2895 1476 2984 1520 aut
3015 1467 3265 1538 frigidus!
3295 1465 3450 1520 Nunc
3477 1477 3668 1532 autem,

2087 1561 2207 1629 quia
2229 1557 2430 1628 tepidus
2453 1574 2524 1620 es,
2557 1557 2804 1627 incipiam
2833 1564 2880 1610 te
2903 1569 3132 1610 evomere
3150 1573 3216 1610 ea:
3234 1571 3323 1612 ore
3349 1572 3460 1611 meo
3485 1556 3668 1628 (Apoc.

2089 1665 2165 1712 ut,
2201 1645 2287 1710 i5,
2321 1646 2442 1715 16).
2485 1645 2711 1701 Omnem
2757 1643 3120 1702 Christianum
3172 1646 3431 1701 Dominus
3468 1645 3571 1701 ﬁde
3607 1660 3674 1700 ac.

397 1739 705 1797 Divinitatis
730 1742 783 1796 in
817 1742 1210 1812 blasphemiam
1239 1743 1479 1811 gentium
1509 1743 1660 1810 dare,
1686 1742 1846 1796 etiam
1876 1742 1985 1796 Da~-
2017 1744 2062 1804 Β
2090 1740 2282 1809 spiritu
2301 1737 2454 1807 jubet
2482 1753 2603 1792 esse
2628 1737 2942 1792 ferventem.
2976 1735 3067 1792 Sic
3095 1737 3238 1792 enim
3265 1737 3522 1806 scriptmn
3551 1743 3631 1791 est
3657 1753 3671 1789 :

397 1829 486 1884 vid
516 1830 810 1886 beatissimi
840 1831 1133 1886 edocemur
1159 1833 1428 1903 exemplo,
1459 1833 1554 1902 qui
1582 1848 1703 1888 cum
1737 1830 1989 1901 suffragio

393 1917 720 1991 justitiarum
769 1936 986 1977 suarum
1015 1907 1274 1977 {sternam
1313 1938 1414 1993 pro
1451 1923 1836 1979 offensionibus
1880 1923 1992 1978 suis

400 2025 618 2078 poenam
645 2026 745 2080 per
773 2027 932 2066 unam
955 2020 1163 2066 tantum
1186 2013 1578 2070 confessionem
1599 2013 1855 2069 meruerit
1873 2028 1995 2070 eva-

398 2100 549 2166 dere,
575 2100 734 2170 hujus
756 2110 936 2156 tamen
960 2103 1199 2158 criminis
1228 2105 1436 2158 veniam
1471 2119 1572 2159 nec
1597 2119 1695 2174 per
1722 2105 1990 2175 poeniten-

400 2191 533 2246 tiam
562 2195 990 2262 patrocinantem
1033 2195 1208 2264 potuit
1238 2196 1550 2266 impetrare.
1596 2196 1728 2250 Nam
1778 2211 1900 2252 cum
1941 2196 1992 2251 ei

398 2298 614 2338 errores
639 2285 1195 2354 propriosconlitenti
1221 2285 1430 2341 Nathan
1451 2287 1718 2357 propheta
1735 2286 1988 2341 dixisset:

402 2371 690 2428 Transtulit
713 2374 853 2429 Deus
881 2384 1144 2444 peccatum
1163 2386 1301 2430 tuum
1319 2393 1336 2430 :
1354 2394 1457 2431 non
1473 2378 1729 2442 morieris,
1760 2376 1994 2432 subdidit

399 2465 582 2519 statim
615 2483 628 2519 :
679 2465 1044 2520 Verumtamen
1080 2467 1202 2538 quia
1225 2465 1582 2538 blasphemare
1619 2468 1787 2538 feciin
1816 2468 1993 2522 inimi-

401 2571 489 2609 cos
511 2553 722 2608 Domini
763 2564 973 2626 propter
999 2554 1205 2610 verbum
1234 2555 1329 2610 hoc
1346 2597 1361 2621 ,
1391 2556 1534 2626 ﬁlius
1558 2557 1642 2628 qui
1665 2572 1733 2610 ea:
1756 2565 1805 2608 te
1842 2565 1994 2610 natus

403 2653 480 2698 est
505 2645 751 2699 morietur
774 2644 848 2715 (ll
879 2644 1008 2717 Reg.
1040 2663 1135 2711 xu,
1163 2645 1249 2711 l5,
1282 2645 1392 2718 ll).
1425 2645 1491 2700 Et
1523 2645 1650 2715 quid
1681 2654 1804 2716 post
1840 2647 1995 2701 haec?

405 2735 664 2806 Deposito
709 2739 916 2793 scilicet
960 2738 1288 2804 diademate,
1319 2739 1575 2810 projectis
1607 2734 1722 2810 89
1747 2740 1992 2806 gemmis,

404 2829 580 2883 exutis
622 2829 894 2898 purpuris,
925 2839 950 2866 ⁸
982 2838 1193 2886 remoto
1217 2832 1365 2886 omni
1390 2831 1676 2902 splendore
1711 2830 1871 2899 regiae
1916 2831 1998 2885 di-

407 2919 642 2988 gnitatis,
667 2935 789 2974 cum
818 2935 918 2990 pro
940 2921 1020 2976 his
1041 2921 1291 2976 omnibus
1309 2922 1598 2986 solitarius,
1622 2936 1862 2991 gemens,
1884 2921 2000 2976 clu-

407 3027 521 3075 sus,
553 3027 714 3066 sacco
762 3012 1054 3082 squalidus,
1085 3012 1211 3068 ﬂetu
1241 3013 1514 3079 madidus,
1545 3014 1725 3069 cinere
1752 3012 1998 3068 sordida-

2095 1829 2161 1885 Ut
2182 1832 2342 1884 simus
2373 1830 2556 1898 spiritu
2592 1830 2877 1892 ferventes,
2907 1826 3135 1882 Domino
3177 1829 3447 1881 servientes
3477 1827 3502 1899 (ι
3520 1825 3673 1881 Rom.

2091 1937 2185 1985 xu,
2206 1920 2389 1989 il).ln
2415 1921 2518 1974 hoc
2541 1933 2670 1988 ergo
2691 1917 2904 1974 fervore
2920 1911 3140 1989 spirilus
3167 1916 3286 1973 ﬁdei
3308 1917 3570 1986 religiosa:
3597 1934 3675 1972 ar-

2092 2013 2192 2067 dor
2221 2010 2542 2076 ostenditur,
2571 2010 2639 2065 de
2678 2025 2789 2079 quo
2831 2009 3025 2065 ardore
3051 2012 3143 2080 qui
3172 2011 3462 2081 plurimum
3494 2009 3674 2074 habet,

2093 2101 2306 2158 fervens
2335 2117 2455 2157 esse
2481 2101 2793 2169 agnoscitur
2821 2101 3022 2168 tidelis;
3055 2101 3146 2170 qui
3177 2101 3308 2156 nihil
3336 2101 3554 2157 omnino
3584 2101 3678 2155 ha-

2091 2195 2202 2258 bet,
2230 2191 2450 2261 frigidus
2471 2207 2592 2247 esse
2613 2191 2934 2260 intelligitur
2955 2200 3009 2246 et
3032 2207 3304 2263 paganus;
3327 2193 3416 2260 qui
3443 2207 3570 2247 vero
3597 2192 3678 2244 in-
3756 2195 3761 2199 '

2095 2291 2177 2337 ter
2204 2292 2493 2352 utrumque
2522 2282 2609 2336 vel
2631 2289 2881 2336 neutrum
2911 2290 3018 2348 est,
3055 2282 3266 2352 tepidus
3293 2289 3456 2351 atque
3483 2297 3680 2336 exosus

2095 2384 2180 2429 est
2214 2375 2443 2430 Domino
2471 2372 2852 2430 Christianus:
2903 2383 2957 2427 et
2996 2374 3117 2429 ideo
3164 2374 3230 2429 ad
3277 2389 3398 2429 eum
3446 2375 3679 2429 dicitur:

2099 2466 2312 2521 Utinam
2355 2475 2443 2519 aut
2489 2465 2685 2520 calidus
2713 2481 2848 2519 esses
2877 2476 2966 2518 aut
3012 2465 3264 2536 frigidus!
3293 2461 3448 2518 Nunc
3490 2476 3682 2528 autem,

2097 2560 2216 2629 quia
2241 2557 2441 2628 tepidus
2469 2573 2541 2620 es,
2583 2557 2828 2626 incipiant
2869 2567 2916 2610 te
2955 2573 3182 2610 eromere
3201 2571 3266 2609 ea:
3295 2573 3382 2610 ore
3407 2572 3552 2620 meo;
3582 2555 3682 2609 hoc

2097 2660 2180 2706 est
2209 2651 2388 2706 dicere
2422 2669 2434 2703 :
2460 2649 2672 2705 Utinam
2705 2658 2798 2704 aut
2817 2650 3051 2705 calorem
3079 2659 3134 2707 et
3162 2650 3317 2706 fidem
3343 2651 3572 2707 haberes
3593 2651 3685 2706 bo-

2097 2759 2288 2798 norum
2317 2742 2774 2806 Christianorum,
2801 2752 2895 2797 aut
2947 2751 3093 2798 certe
3139 2742 3302 2812 frigus
3337 2751 3391 2797 et
3433 2743 3685 2811 ignoran-

2097 2836 2227 2890 tiam
2256 2836 2622 2906 paganorum!
2657 2828 2763 2890 Aut
2811 2835 2953 2890 enim
2992 2832 3123 2891 ﬁdes
3168 2845 3222 2891 te
3268 2836 3440 2891 calida
3467 2835 3578 2890 Deo
3606 2837 3686 2891 in-

2099 2929 2358 2994 sinuaret,
2417 2937 2510 2982 aut
2563 2936 2712 2983 certe
2768 2927 2834 2982 ad
2889 2943 3122 2998 prmsens
3151 2927 3323 2984 adhuc
3358 2929 3492 2997 legis
3534 2929 3686 2998 igno-

2101 3018 2275 3072 rantia
2332 3004 2672 3086 aliquatenus
2731 3026 3036 3073 excusaret.
3103 3018 3254 3074 Nunc
3321 3027 3499 3073 autem
3560 3019 3686 3088 quia

409 3113 526 3169 tus,
557 3104 723 3158 vitam
760 3105 972 3175 parvuli
1018 3105 1103 3159 sui
1131 3112 1212 3159 tot
1241 3105 1685 3160 lamentationum
1731 3103 1995 3172 suffragiis
2019 3113 2066 3174 (ζ
2095 3106 2365 3164 Christum
2401 3108 2511 3177 jam
2568 3109 2850 3176 agnovisti,
2901 3116 2955 3163 et
3007 3109 3233 3177 negligis
3260 3123 3420 3178 quem
3461 3110 3683 3178 agnovi-

409 3201 634 3268 peteret,
668 3203 722 3250 et
750 3196 1052 3266 piissimum
1080 3197 1249 3251 Deum
1287 3205 1433 3251 tanta
1455 3211 1676 3266 precum
1705 3195 1998 3250 ambitione
2097 3198 2185 3264 sti,
2235 3200 2326 3267 qui
2380 3205 2660 3268 susceptus
2712 3214 2771 3254 es
2823 3199 2978 3268 quasi
3027 3201 3168 3255 intra
3209 3216 3272 3256 os
3308 3201 3402 3256 Dei
3446 3215 3544 3271 per
3564 3199 3685 3255 fidei

411 3288 668 3359 pulsaret,
702 3289 780 3342 sic
819 3303 1016 3358 rogans
1045 3295 1101 3343 et
1151 3289 1444 3344 obsecrans
1481 3289 1724 3344 obtinere
1768 3304 1876 3344 non
1900 3303 2000 3358 po-
2098 3289 2446 3357 agnitionem,
2469 3288 2774 3359 projicieris
2823 3305 2921 3360 per
2954 3298 3228 3361 teporem;
3260 3290 3406 3361 quod
3457 3289 3683 3360 quidem

411 3380 545 3444 tuit;
570 3395 690 3434 cum
714 3391 914 3445 tamen,
947 3381 1095 3450 quod
1125 3381 1471 3436 fortissimum
1500 3383 1808 3452 petentibus
1843 3381 1999 3451 adju-

411 3477 650 3525 mentum
679 3479 779 3536 est,
803 3471 1213 3542 impetraturum
1244 3489 1303 3528 se
1326 3472 1477 3541 quod
1505 3473 1583 3530 sic
1604 3489 1634 3528 a
1659 3474 1773 3529 Deo
1793 3481 2003 3544 peteret

413 3562 746 3618 credidisset.
777 3563 860 3618 Ex
897 3579 1005 3633 quo
1035 3565 1258 3634 intelligi
1289 3574 1469 3635 potest
1507 3567 1653 3634 quod
1679 3567 1881 3621 nullum
1903 3581 2001 3636 pe-

414 3653 557 3708 nitus
589 3653 812 3722 majoris
835 3655 1031 3724 piaeuli
1053 3657 1252 3710 crimen
1280 3663 1381 3720 est,
1410 3672 1574 3725 quam
1604 3655 2006 3727 blasphemandi

416 3757 630 3800 causam
668 3745 916 3813 gentibus
967 3745 1117 3800 dare.
1166 3745 1499 3816 Quicumque
1536 3748 1677 3802 enim
1707 3749 1823 3803 sine
1861 3749 2005 3804 blas-

420 3833 633 3902 phemia
655 3834 888 3888 aliorum
917 3835 1154 3903 graviter
1181 3837 1459 3899 erraverit,
1491 3837 1591 3892 sibi
1622 3847 1824 3893 tantum
1853 3837 2008 3894 ail‘ert

420 3924 842 3981 damnationem.
887 3927 988 3994 Qui
1014 3936 1196 3983 autem
1231 3930 1367 3983 alios
1392 3929 1772 3999 blasphemare
1797 3928 2005 3996 fecerit,

421 4016 619 4071 multos
641 4031 823 4072 secum
852 4018 1152 4088 praecipitat
1180 4019 1232 4074 in
1263 4029 1488 4074 mortem
1510 4061 1525 4086 ,
1561 4028 1616 4074 et
1645 4035 1865 4076 necesse
1905 4020 2009 4076 erit

421 4115 481 4163 ut
505 4109 574 4162 sit
601 4123 700 4178 pro
730 4109 895 4164 tantis
916 4124 1042 4165 reus
1067 4117 1297 4178 quantos
1328 4127 1508 4166 secum
1539 4112 1762 4166 traxerit
1790 4111 1844 4165 in
1883 4125 2007 4164 rea-

423 4209 556 4254 tum.
608 4200 719 4256 Nec
767 4201 942 4256 solum
991 4201 1115 4266 hoc,
1165 4201 1261 4257 sed
1288 4203 1610 4272 quicumque
1639 4211 1891 4272 peccator
1936 4204 2008 4257 ita

423 4295 610 4358 peccat
641 4295 699 4344 ut
728 4291 862 4345 alios
905 4298 1081 4346 tamen
1111 4299 1337 4361 peccato
1372 4307 1471 4346 suo
1496 4292 1871 4362 blasphemare
1901 4308 2007 4346 non

425 4380 606 4444 faciat,
638 4388 915 4452 peccatum
940 4399 1096 4438 suum
1136 4384 1237 4453 ipsi
1276 4384 1431 4438 obest
1459 4386 1829 4440 tantummodo
1867 4385 2012 4455 quod

2100 3379 2264 3433 etiam
2315 3379 2506 3434 beatus
2559 3379 2838 3448 apostolus
2885 3377 3076 3435 Petrus
3116 3381 3393 3436 evidenter
3439 3383 3689 3452 exposuit

2101 3469 2287 3525 dicens
2316 3469 2383 3524 de
2412 3470 2618 3525 vitiosis
2658 3485 2720 3525 ac
2747 3471 2961 3540 tepidis,
3008 3470 3060 3525 id
3089 3479 3189 3537 est,
3219 3473 3360 3528 male
3388 3474 3690 3528 viventibus

2102 3561 2426 3615 Christianis
2458 3578 2470 3612 :
2504 3559 2689 3614 Melius
2709 3570 2821 3614 erat
2848 3562 2952 3615 illis
2978 3579 3082 3616 non
3107 3578 3407 3634 cognoscere
3428 3565 3690 3618 ceritatem

2103 3669 2256 3724 quam
2303 3652 2724 3723 cognoscentibus
2754 3662 3038 3708 retrorsum
3083 3656 3276 3724 reflecti
3305 3673 3336 3708 α
3367 3655 3553 3710 tradito
3592 3653 3692 3710 sibi

2107 3741 2370 3796 mandato.
2397 3741 2624 3812 Contigit
2643 3743 2747 3797 illis
2769 3760 2850 3796 res
2879 3746 2983 3798 veri
3005 3746 3255 3815 proverbii
3285 3762 3302 3798 :
3335 3745 3490 3800 Canis
3519 3764 3691 3800 rever-

2105 3849 2191 3886 sus
2221 3833 2290 3886 ad
2307 3850 2456 3887 suum
2479 3835 2736 3896 vomitum,
2760 3843 2811 3887 et
2834 3851 2922 3889 sus
2950 3836 3056 3889 lota
3079 3835 3106 3874 δ
3129 3838 3183 3889 in
3206 3835 3466 3891 rolutabro
3496 3838 3588 3890 luti
3616 3837 3690 3907 (Il

2108 3922 2253 3977 Petr.
2284 3940 2339 3988 ιι,
2366 3922 2453 3988 21,
2486 3923 2554 3976 22
2576 3923 2638 3994 ).'
2662 3924 2815 3991 Quod
2863 3934 2922 3979 ut
2965 3926 3242 3982 evidenter
3269 3926 3336 3981 de
3364 3927 3448 3982 his
3487 3927 3690 3982 dictum

2107 4018 2212 4086 91
2247 4015 2607 4084 intelligamus
2634 4016 2726 4085 qui
2763 4017 2862 4072 sub
2897 4016 3203 4073 Christiano
3243 4019 3460 4073 nomine
3488 4019 3540 4073 in
3569 4034 3691 4072 sor-

2111 4106 2268 4160 dibus
2296 4105 2481 4160 mundi
2529 4115 2693 4176 atque
2732 4107 3131 4178 impuritatibus
3174 4110 3383 4173 vivunt,
3414 4107 3535 4163 audi
3562 4109 3694 4177 quid

2111 4196 2178 4250 de
2207 4196 2408 4252 eisdem
2433 4198 2486 4251 in
2518 4198 2708 4252 eodem
2744 4198 2864 4253 loco
2892 4198 3036 4254 dicat
3070 4218 3082 4252 :
3126 4201 3186 4255 Si
3211 4202 3364 4264 enim,
3396 4201 3584 4270 inquit,
3609 4218 3694 4255 re-

2113 4291 2367 4360 fugientes
2387 4291 2825 4361 coinquinationes
2852 4292 3027 4344 mundi
3051 4293 3105 4345 in
3136 4293 3448 4363 agnitionem
3487 4293 3696 4348 Domini

2114 4380 2277 4434 nostri
2296 4390 2345 4433 et
2373 4381 2744 4434 conservatoris
2768 4379 2891 4433 Jesu
2913 4381 3122 4447 Christi,
3145 4381 3226 4435 his
3255 4399 3433 4436 rursus
3457 4383 3695 4453 impliciti

426 4475 753 4542 peccaverit,
783 4485 1185 4532 sacrosanctum
1213 4485 1392 4531 autem
1423 4478 1518 4532 Dei
1537 4494 1732 4533 nomen
1755 4480 2010 4549 sacrilega
2043 4484 2090 4544 ι)
2114 4480 2442 4542 superantur,
2478 4475 2618 4543 facta
2637 4482 2757 4526 sunt
2783 4473 2889 4527 illis
2928 4475 3204 4528 novissima
3232 4475 3408 4544 pejora
3437 4473 3698 4546 prioribus

427 4561 916 4631 blasphemantium
961 4565 1338 4620 maledictione
1385 4582 1493 4621 non
1540 4567 1700 4622 laedit.
1745 4569 1846 4635 Qui
1884 4585 2012 4625 vero

427 4651 797 4722 blasphemare
825 4656 960 4711 alios
978 4672 1208 4726 peccans
1237 4655 1444 4723 lbcerit,
1467 4673 1688 4713 necesse
1716 4671 1800 4713 est
1821 4676 2012 4730 pecca-

375 4764 379 4768 ·
431 4749 545 4798 tum
573 4742 729 4812 hujus
764 4761 923 4814 supra
962 4747 1202 4802 criminis
1247 4748 1464 4803 humani
1508 4763 1627 4802 esse
1673 4765 2010 4816 mensuram,

427 4831 558 4900 quia
586 4846 683 4901 per
710 4834 948 4888 convicia
971 4834 1323 4904 plurimorum
1352 4836 1777 4892 inaestimabilem
1805 4838 1916 4894 Deo
1946 4839 2017 4894 fa-

429 4923 508 4976 cit
536 4922 803 4990 iujuriam.

411 5005 416 5012 ’
505 5011 644 5066 XIX.
687 5011 801 5068 Hoc
829 5021 1028 5078 autem,
1053 5021 1113 5068 ut
1133 5013 1265 5079 dixi,
1295 5017 1492 5070 malum
1517 5017 1858 5087 peculiariter
1894 5027 2017 5073 tau-

433 5111 548 5157 tum
584 5102 1010 5159 Christianorum
1048 5114 1149 5169 est,
1192 5108 1316 5178 quia
1367 5123 1464 5178 per
1504 5124 1598 5164 eos
1647 5111 2018 5172 tantummodo

435 5194 833 5264 blasphematur
850 5195 1010 5262 Deus,
1034 5197 1127 5266 qui
1152 5198 1293 5252 bona
1315 5197 1528 5254 discunt
1547 5209 1602 5255 et
1625 5202 1765 5255 mala
1789 5199 2016 5266 faciunt;

435 5285 546 5351 qui,
574 5292 634 5340 ut
659 5285 917 5356 scriptum
955 5296 1066 5352 est,
1104 5288 1272 5344 Deum
1301 5291 1480 5346 verbis
1505 5291 1828 5346 conﬁtentur
1855 5301 1910 5347 et
1938 5291 2018 5346 fa-

439 5377 543 5432 ctis
571 5385 768 5446 negant
805 5376 950 5447 (Tit.
977 5395 1012 5445 ι,
1047 5377 1174 5450 16);
1206 5380 1318 5449 qui,
1350 5388 1409 5435 ut
1437 5381 1577 5436 idem
1619 5382 1894 5451 apostolus
1922 5383 2015 5448 ait,

2117 4563 2194 4627 (ll
2218 4562 2360 4616 Petr.
2395 4579 2448 4626 ιι,
2479 4561 2604 4628 20).
2648 4561 2800 4628 Quod
2827 4563 3042 4631 quidem
3090 4570 3145 4618 et
3189 4564 3379 4618 beatus
3421 4565 3698 4634 apostolus

2116 4654 2314 4708 Pau'us
2339 4655 2391 4708 in
2413 4654 2659 4709 eumdem
2689 4653 2904 4709 modum
2931 4655 3061 4710 dicit
3092 4676 3104 4708 ;
3139 4657 3465 4712 Circumcisio
3491 4657 3697 4728 quidem

2116 4747 2342 4818 prodest,
2373 4749 2416 4800 si
2439 4747 2598 4817 legem
2626 4748 2904 4802 custodias.
2949 4746 3010 4803 Si
3037 4758 3203 4803 autem
3231 4751 3598 4820 prtevaricator
3621 4749 3702 4802 le-

2117 4842 2193 4911 gis
2215 4841 2306 4904 sis,
2339 4839 2658 4892 circumcisio
2698 4849 2784 4892 tua
2822 4842 3130 4912 pra'putium
3158 4842 3294 4912 facta
3317 4857 3401 4894 esr
3424 4837 3610 4911 (Rom.
3636 4854 3697 4907 ιι,

2119 4929 2243 4999 25).
2275 4929 2744 4987 Circumcisionem
2788 4940 2961 4986 autem
2998 4926 3453 4988 Christianitatem
3501 4933 3688 4987 intelli~

2121 5022 2348 5093 gendam
2378 5023 2492 5092 ipse
2533 5021 2928 5079 evidentissime
2974 5025 3133 5080 docet
3161 5025 3344 5081 dicens
3373 5044 3386 5079 :
3429 5024 3543 5081 Nos
3563 5028 3697 5081 enim

2121 5131 2294 5168 sumus
2316 5115 2654 5180 circumcisio,
2684 5116 2768 5185 qui
2805 5116 2986 5185 spiritu
3007 5115 3115 5170 Deo
3159 5118 3422 5183 servimus,
3444 5127 3494 5171 et
3512 5135 3616 5171 non
3642 5119 3697 5172 in

2124 5221 2280 5258 carne
2303 5205 2607 5274 conﬁdimus
2635 5203 2886 5276 (Philipp.
2903 5222 2978 5272 ιιι,
3003 5206 3076 5273 5).
3111 5206 3188 5262 Ac
3209 5223 3307 5278 per
3331 5207 3436 5264 hoc
3456 5207 3702 5265 videmus

2125 5292 2270 5362 quod
2296 5292 2467 5347 malos
2493 5291 2826 5348 Christianos
2854 5297 3077 5364 paganis
3105 5305 3411 5367 comparat;
3443 5313 3541 5354 nec
3559 5313 3706 5354 com-

2129 5389 2285 5452 parat
2310 5389 2537 5447 tantum,
2569 5381 2661 5436 sed
2687 5399 2825 5452 pene
2865 5387 3156 5455 postponit,
3180 5387 3363 5444 dicens
3392 5405 3405 5441 :
3439 5387 3500 5444 Si
3531 5397 3707 5442 autem

1624 5496 1961 5550 STEPHANI
1998 5494 2268 5551 BALUZII
2307 5493 2534 5550 NOTAE.

513 5590 536 5616 ⁸
571 5580 845 5639 Editioucs
870 5585 1168 5642 Βηεείωηί
1201 5597 1254 5640 et
1282 5585 1533 5641 Galesiuii
1554 5626 1567 5648 ,
1607 5586 1822 5641 Remota
1850 5589 2015 5642 omnis

440 5651 730 5717 splendoris
752 5657 890 5724 regia
915 5656 1181 5726 dignitate.
1201 5657 1456 5722 l’ithteus,
1484 5666 1677 5711 remota
1700 5658 1838 5711 omni
1857 5658 2021 5729 splen-

2124 5585 2263 5640 doris
2292 5587 2416 5640 reaii
2437 5567 2704 5640 dignitate.

2199 5655 2224 5695 δ
2256 5654 2438 5712 Codex
2472 5654 2731 5724 Colbert.,
2766 5658 2907 5712 cani.
