4006 6182
309 305 376 363 93
1372 297 1456 354 DE
1491 298 2021 356 GUBERNATIONE
2058 300 2166 356 DE
2205 297 2334 362 LIB.
2386 303 2451 358 Υ.
3493 309 3558 362 94

306 420 606 491 praeputium
643 418 877 489 justitias
924 417 1050 488 legis
1078 415 1349 479 custodiat,
1375 431 1545 470 nonne
1581 415 1886 485 prwputium
1913 421 1957 476 Α
1991 414 2167 481 (Rom.
2195 430 2270 482 tv,
2299 414 2424 489 15).
2473 416 2550 472 Ac
2568 431 2667 486 per
2703 414 2808 470 hoc
2845 414 2888 470 si
2927 429 3035 470 non
3087 413 3502 485 praevaricantur
3527 433 3559 470 a

304 512 443 564 illius
471 509 527 562 in
569 509 1007 562 circumcisionem
1047 505 1400 577 reputabitur?
1433 503 1502 559 Et
1530 502 1787 576 judicabit
1833 506 1888 559 id

306 601 440 674 quod
465 616 532 655 ea:
553 608 745 653 natura
777 608 854 653 est
879 599 1201 670 praeputium,
1232 599 1392 669 legem
1427 585 1817 662 consummatis,
1841 605 1890 651 te

306 691 388 762 qui
416 706 506 760 per
535 688 762 744 litteram
787 696 840 742 et
880 688 1313 743 circumcisionem
1349 685 1717 756 prmuaricator
1763 686 1889 758 legis

302 797 355 834 es
376 779 555 851 (Rom.
579 794 638 844 ιι,
658 777 749 846 26,
776 777 901 848 27).
931 777 1010 834 Ac
1028 792 1126 847 per
1145 778 1249 832 hoc
1268 776 1629 844 intelligimus,
1650 784 1706 830 ut
1725 791 1886 845 supra

304 869 433 936 dixi,
465 869 846 939 culpabiliores
870 883 971 923 nos
997 868 1167 923 multo
1195 881 1332 932 esse,
1363 867 1453 935 qui
1481 866 1651 934 legem
1679 867 1774 921 Dei
1798 868 1887 921 ha-

305 960 492 1017 bemus
517 969 574 1016 et
600 960 922 1030 spernimus,
937 973 1100 1028 quam
1119 959 1238 1014 illos
1257 959 1349 1027 qui
1369 975 1469 1014 nec
1497 960 1695 1014 habent
1711 961 1886 1014 omni-

305 1066 372 1107 no
398 1065 506 1107 nec
532 1057 754 1105 norunt.
802 1049 972 1105 Nemo
1000 1050 1142 1105 enim
1185 1050 1367 1119 ignota
1403 1051 1719 1106 contemnit.
1750 1050 1887 1106 Con-

302 1139 884 1210 cupiscentiamguippe
910 1136 1217 1201 nesciebam,
1247 1136 1539 1206 Apostolus
1567 1140 1756 1208 inquit,
1784 1141 1888 1194 nisi

303 1228 383 1280 lea:
407 1227 603 1281 diceret
645 1245 665 1282 :
705 1225 833 1282 Non
877 1229 1199 1298 concupisces
1246 1226 1424 1299 (Rom.
1454 1243 1548 1291 vn,
1593 1228 1676 1298 7).
1703 1228 1887 1298 Neque

303 1315 445 1369 enim
463 1316 888 1386 prmvaﬁcantur
916 1331 946 1370 a
975 1316 1093 1384 lege
1119 1330 1281 1385 quam
1309 1331 1422 1372 non
1461 1317 1661 1373 habent
1692 1337 1705 1372 :
1739 1322 1881 1389 quia,

304 1415 362 1461 ut
407 1407 667 1477 scriptum
699 1415 802 1471 est,
838 1405 938 1462 Ubi
983 1422 1088 1461 non
1132 1417 1210 1462 est
1244 1408 1357 1474 lex,
1399 1425 1490 1462 nec
1529 1413 1884 1480 praevaricatio

303 1533 3146 1561 mm

1289 1593 1792 1747 LIBER
1848 1639 2575 1764 QUINTUS.

1987 506 2108 574 lege
2135 520 2295 574 quam
2325 522 2434 562 non
2461 506 2682 571 habent,
2730 517 2859 573 ergo
2905 519 3004 560 nec
3042 511 3393 560 contemnunt
3428 503 3561 573 legis

1988 598 2118 651 scita
2160 611 2279 666 qua:
2309 612 2416 652 non
2464 597 2662 652 habent
2693 614 2707 650 :
2744 596 2869 666 quia
2922 610 3108 659 nemo,
3140 603 3200 650 ut
3225 593 3356 660 dixi,
3382 601 3562 665 potest

1989 686 2262 757 despicere
2289 687 2432 757 quod
2459 689 2650 744 nescit.
2674 687 2784 742 Nos
2809 701 2938 756 ergo
2959 696 3015 742 et
3045 694 3444 757 contemptores
3463 701 3562 757 pa-

1991 777 2120 831 riter
2147 784 2202 831 et
2226 778 2660 846 prmvaricatores
2705 793 2906 840 sumus,
2939 792 3004 831 ac
3045 791 3144 845 per
3184 779 3288 832 hoc
3337 777 3560 847 paganis

1988 867 2304 932 deteriores,
2331 869 2457 937 quia
2485 867 2560 922 illi
2581 883 2687 923 non
2718 877 2913 922 norunt
2932 867 3026 922 Dei
3047 868 3317 934 mandata,
3348 885 3446 924 nos
3467 885 3563 924 no-

1993 959 2163 1015 vimus
2190 976 2204 1025 ;
2236 959 2312 1013 illi
2341 974 2405 1013 ea
2435 975 2541 1014 non
2579 959 2796 1023 habent,
2837 974 2936 1017 nos
2977 959 3266 1024 habemus;
3299 960 3373 1014 illi
3403 961 3557 1015 inau-

1988 1050 2098 1105 dita
2140 1067 2250 1106 non
2279 1051 2500 1114 faciunt,
2534 1066 2633 1106 nos
2672 1051 2809 1106 lecta
2840 1051 3125 1107 calcamus.
3171 1050 3237 1104 Et
3271 1051 3390 1106 ideo
3421 1049 3559 1120 apud

1990 1141 2112 1196 illos
2151 1141 2452 1211 ignorantia
2499 1151 2601 1206 est,
2650 1141 2790 1211 apud
2839 1158 2938 1196 nos
2983 1141 3380 1211 prmvaricatio;
3436 1142 3560 1211 quia

1991 1232 2216 1286 minoris
2259 1233 2498 1289 criminis
2552 1243 2732 1289 reatus
2785 1241 2868 1288 est
2923 1233 3093 1302 legem
3139 1233 3349 1288 nescire
3403 1245 3561 1303 quam

1987 1338 2262 1392 spernere.

373 1958 483 2029 92
515 1955 555 2011 l.
585 1955 710 2012 Scio
750 1955 1146 2012 inlldelissimos
1179 1968 1423 2024 quosque
1462 1963 1518 2012 et
1539 1957 1782 2012 veritatis
1809 1955 1890 2011 di-
1918 1964 1966 2023 Β
1996 1956 2267 2013 Dominica
2300 1957 2414 2026 lege
2443 1959 2717 2027 querimur
2743 1973 2901 2027 quam
2938 1960 3088 2027 queri
3127 1958 3193 2014 de
3221 1961 3424 2029 optimo
3451 1975 3564 2015 nte-

304 2052 444 2105 vinaa
470 2050 752 2118 incapaces
776 2047 956 2104 dicere
981 2046 1264 2101 adversum
1290 2046 1405 2101 haec
1431 2061 1590 2115 posse
1613 2061 1731 2116 quae
1753 2046 1890 2102 dixi-

303 2157 425 2196 mus
457 2158 471 2193 :
511 2137 572 2195 Si
609 2148 791 2194 tantus
823 2138 895 2196 sit
924 2136 1350 2192 Christianorum
1381 2136 1674 2192 inﬁdelium
1709 2144 1890 2192 reatus

307 2239 368 2286 ut
412 2232 537 2300 plus
579 2236 806 2300 peccent
860 2228 1332 2299 praetermittentes
1383 2226 1635 2281 mandata
1676 2226 1887 2281 Domini

305 2338 428 2392 qua:
455 2322 662 2387 sciant,
693 2336 854 2391 quam
883 2333 1100 2390 paganm
1135 2327 1323 2388 gentes
1349 2333 1468 2387 quae
1497 2318 1770 2383 nesciant,
1799 2333 1889 2372 sa-

309 2413 606 2469 lubriorem
633 2412 717 2466 his
755 2409 917 2467 fuisse
951 2410 1307 2479 ignorantiam
1347 2425 1509 2480 quam
1538 2409 1888 2478 agnitionem,

310 2512 364 2558 et
389 2512 580 2560 contra
606 2519 701 2559 eos
724 2517 846 2558 esse
869 2501 1155 2558 admodum
1182 2501 1326 2570 quod
1353 2501 1669 2570 agnoverint
1696 2499 1890 2554 verita-

315 2603 440 2648 tem.
497 2592 702 2660 Quibus
739 2592 844 2648 hoc
869 2591 1300 2662 respondendum
1327 2599 1440 2657 est,
1477 2607 1583 2646 non
1612 2591 1890 2646 veritatem

314 2683 395 2737 his
423 2683 638 2747 obesse,
670 2681 765 2738 sed
792 2683 958 2749 vitia;
989 2697 1092 2738 nec
1118 2682 1293 2752 legem
1321 2697 1539 2747 nocere,
1569 2682 1663 2737 sed
1690 2695 1887 2736 mores.

317 2783 340 2811 ⁸
372 2774 617 2842 Denique
648 2774 715 2830 da
744 2789 925 2830 mores
951 2774 1155 2839 bonos,
1199 2785 1253 2828 et
1291 2773 1424 2842 legis
1450 2773 1582 2828 scita
1611 2788 1711 2842 pro
1737 2773 1891 2827 nobis

314 2873 458 2920 sunt.
502 2865 655 2921 Tolle
681 2866 809 2921 vitia
829 2905 844 2929 ,
889 2865 978 2920 lex
1009 2865 1244 2936 prodest.
1295 2864 1502 2920 Scimus
1527 2865 1690 2930 enim,
1719 2863 1893 2931 inquit

319 2956 629 3026 Apostolus,
643 2957 761 3028 quia
790 2956 875 3010 lex
901 2955 1035 3010 bona
1055 2962 1159 3019 est,
1187 2956 1231 3008 si
1251 2955 1364 3026 quis
1392 2971 1455 3008 ea
1472 2954 1695 3026 legitime
1720 2961 1894 3008 utatur

317 3046 358 3114 (l
391 3047 526 3100 Tim.
559 3063 595 3110 ι,
621 3045 697 3118 8).
757 3045 1018 3115 Legitime
1045 3047 1226 3114 itaque
1263 3045 1379 3114 lego
1411 3052 1593 3112 utere,
1638 3053 1693 3100 et
1721 3046 1891 3113 legem

317 3135 410 3188 tibi
438 3135 636 3190 bonam
667 3136 782 3206 ipse
803 3135 994 3191 fecisti.
1036 3135 1240 3190 Scimus
1261 3137 1416 3200 enim,
1446 3134 1636 3203 inquit,
1666 3138 1786 3206 quia
1809 3135 1894 3190 lea:

316 3224 449 3280 bona
474 3234 583 3291 est,
609 3227 652 3280 si
683 3227 794 3297 quis
831 3243 892 3282 ea
931 3227 1155 3298 legitime
1189 3235 1397 3280 utatur:
1425 3227 1591 3280 sciens
1615 3227 1730 3289 hoc,
1757 3226 1893 3297 quod

1991 2047 2115 2102 dico
2144 2048 2425 2118 impatiens
2453 2057 2685 2117 aegrotus
2724 2050 2899 2103 solet:
2931 2050 3019 2118 qui
3049 2065 3166 2104 cum
3197 2051 3566 2118 ingravescere

1989 2140 2088 2193 sibi
2130 2140 2350 2195 morbos
2387 2141 2518 2194 vitio
2563 2157 2660 2196 suo
2699 2141 2908 2205 fecerit,
2951 2141 3268 2210 imperitiam
3307 2141 3567 2196 medentis

1991 2240 2226 2286 accusat.
2267 2231 2429 2298 Quasi
2457 2248 2586 2287 vero
2627 2247 2815 2286 curare
2852 2233 3012 2286 ullam
3043 2231 3404 2287 inﬁrmitatem
3432 2248 3567 2303 prte-

1989 2331 2143 2392 cepta
2186 2324 2419 2394 possint,
2448 2323 2492 2378 si
2523 2324 2573 2376 ei
2615 2339 2721 2377 non
2765 2322 3025 2377 obedierit
3062 2323 3330 2388 inﬁrmus;
3364 2331 3456 2377 aut
3481 2339 3567 2377 sa-

1992 2426 2123 2466 nare
2151 2427 2472 2480 quemquam
2485 2413 2825 2466 observantia
2865 2413 3042 2466 valeat
3068 2427 3225 2481 quam
3255 2413 3492 2467 medicus
3518 2414 3568 2467 ei

1992 2503 2243 2574 imperat,
2270 2504 2314 2558 si
2344 2518 2463 2558 eam
2490 2503 2590 2558 sibi
2618 2512 2852 2571 aagrotus
2881 2501 2994 2572 ipse
3022 2519 3127 2557 non
3156 2510 3390 2573 praestat.
3432 2501 3566 2569 Quid

1987 2592 2180 2663 juvant
2205 2594 2535 2648 stomachum
2571 2591 2596 2631 δ
2626 2592 2889 2646 absinthia
2909 2633 2924 2657 ,
2954 2592 2999 2646 si
3027 2593 3206 2646 statim
3240 2593 3413 2647 dulcia
3439 2592 3567 2646 sub-

1992 2687 2324 2757 sequantur?
2367 2685 2504 2752 Quid
2544 2685 2828 2741 conferunt
2865 2685 3178 2756 phrenetico
3218 2686 3427 2740 silentia
3463 2685 3568 2740 cir-

1995 2778 2408 2842 cumstantium,
2453 2793 2614 2847 quem
2653 2794 2780 2833 suus
2813 2778 3021 2832 clamor
3059 2777 3286 2833 occidit?
3311 2778 3413 2831 Aut
3442 2777 3567 2847 quid

1992 2867 2248 2936 prodesse
2275 2868 2471 2936 poterit
2512 2868 2807 2921 antidotum
2825 2907 2838 2932 ,
2870 2868 2953 2921 cui
2981 2865 3380 2937 superfunditur
3405 2881 3569 2921 vene-

1993 2958 2157 3012 num?
2183 2956 2256 3010 Et
2283 2958 2438 3012 nobis
2468 2958 2645 3026 itaque
2675 2957 2758 3012 lex
2787 2965 2868 3011 est
2897 2957 3215 3023 antidotum,
3245 2957 3336 3012 sed
3365 2956 3570 3010 vitiosi-

1993 3054 2076 3102 tas
2101 3063 2385 3102 venenum.
2449 3047 2651 3102 Saliare
2699 3063 2797 3102 nos
2847 3063 2952 3101 non
2990 3054 3170 3116 potest
3195 3047 3327 3115 legis
3356 3046 3568 3101 antido-

1993 3144 2106 3193 tum
2131 3177 2146 3204 ,
2196 3153 2332 3206 quos
2378 3138 2628 3193 occidunt
2663 3153 2870 3192 venena
2908 3138 3177 3192 vitiorum.
3235 3135 3340 3192 Sed
3363 3136 3474 3205 jam
3501 3136 3570 3190 de

1995 3229 2078 3284 his
2107 3237 2162 3283 et
2187 3237 2340 3283 antea
2367 3229 2495 3283 satis
2534 3229 2795 3295 diximus;
2835 3237 2889 3283 et
2917 3230 2960 3283 si
2991 3230 3063 3283 ita
3091 3243 3177 3283 res
3199 3229 3564 3298 postulaverit,

310 3319 451 3389 justo
473 3318 558 3372 lea:
586 3335 691 3372 non
722 3327 797 3374 est
832 3320 1000 3389 posita
1037 3317 1218 3389 (Ibid.,
1251 3317 1304 3384 8,
1335 3318 1412 3387 9).
1454 3320 1532 3373 Ac
1557 3333 1656 3387 per
1681 3318 1784 3372 hoc
1805 3317 1894 3386 ju»
1918 3313 1962 3373 C
1994 3319 2156 3374 etiam
2185 3327 2308 3388 post
2332 3319 2445 3374 huic
2467 3318 2686 3387 juvante
2714 3319 2825 3374 Deo
2853 3320 3030 3389 aliqua
3053 3319 3308 3374 dicemus.

315 3419 431 3464 stus
457 3425 580 3465 esse
607 3411 781 3479 incipe
804 3448 819 3473 ,
862 3417 918 3466 et
957 3410 1064 3465 eris
1099 3410 1236 3465 liber
1263 3425 1294 3464 a
1333 3409 1450 3478 lege
1477 3427 1488 3461 :
1518 3410 1641 3478 quia
1668 3424 1775 3463 non
1800 3424 1894 3478 po-

318 3511 422 3557 test
457 3502 546 3557 lex
582 3503 767 3556 venire
805 3509 994 3557 contra
1032 3515 1247 3566 mores,
1286 3515 1408 3570 qua:
1439 3500 1549 3569 jam
1585 3500 1809 3554 habetur
1836 3500 1891 3553 in

318 3593 577 3648 moribus.
621 3591 827 3646 Scimus
855 3593 1019 3656 enim,
1048 3591 1246 3660 inquit,
1293 3592 1415 3663 quia
1447 3591 1531 3644 lea:
1565 3589 1698 3645 bona
1722 3597 1817 3654 est,
1845 3590 1892 3644 si

316 3685 428 3754 quis
455 3700 519 3739 ea
539 3683 763 3754 legitime
789 3691 993 3736 utatur:
1023 3683 1188 3737 sciens
1212 3682 1327 3747 hoc,
1356 3682 1492 3754 quod
1503 3683 1645 3753 justo
1672 3685 1758 3736 lea:
1787 3698 1891 3736 non

316 3783 392 3827 est
421 3775 610 3843 posita,
637 3774 728 3827 sed
754 3773 960 3843 injustis
978 3811 993 3837 ,
1033 3782 1082 3827 et
1117 3789 1221 3827 non
1249 3773 1490 3837 subditis,
1520 3773 1612 3826 sed
1631 3772 1891 3827 sceleratis

316 3876 366 3918 et
387 3866 557 3935 impiis
584 3873 636 3919 et
663 3863 1011 3935 peccatoribus
1027 3873 1110 3930 ;et
1126 3866 1172 3918 si
1193 3865 1326 3936 quod
1355 3865 1497 3918 aliud
1524 3881 1668 3920 same
1694 3865 1890 3919 doctri-

319 3971 403 4010 na
451 3955 752 4008 aduersatur
790 3953 976 4025 (Ibid.,
1015 3953 1192 4024 8-10).
1250 3955 1326 4009 Ac
1364 3969 1461 4024 per
1493 3955 1595 4009 hoc
1634 3970 1740 4009 non
1779 3962 1890 4008 tam

319 4045 407 4100 lex
435 4045 559 4110 tibi,
600 4059 634 4099 0
670 4045 866 4111 homo,
903 4060 1066 4113 quam
1105 4052 1160 4100 tu
1189 4045 1292 4114 legi
1320 4045 1645 4110 adversaris;
1676 4059 1776 4100 nec
1803 4047 1891 4100 lex

318 4145 502 4190 contra
552 4143 608 4189 te
651 4135 788 4190 bene
836 4136 1193 4205 praecipiendo
1218 4176 1234 4201 ,
1281 4135 1375 4191 sed
1415 4144 1472 4190 tu
1500 4143 1688 4191 contra
1717 4137 1889 4206 legem

319 4226 455 4281 male
480 4225 710 4281 vivendo
734 4226 867 4295 agis.
897 4229 1001 4298 93
1029 4227 1196 4283 lmmo
1221 4228 1309 4282 illa
1335 4243 1434 4298 pro
1464 4240 1516 4284 te
1541 4236 1643 4294 est,
1672 4237 1729 4283 tu
1756 4245 1888 4284 con-

321 4324 398 4369 tra
429 4316 592 4368 illam.
633 4315 726 4370 llla
765 4317 906 4370 enim
951 4317 1045 4370 tibi
1075 4319 1306 4373 consulit
1344 4326 1529 4373 sancta
1553 4317 1800 4382 dicendo,
1830 4325 1890 4372 tu

319 4414 503 4459 contra
529 4405 674 4459 illam
702 4407 856 4461 venis
889 4422 1051 4476 prava
1089 4408 1361 4473 laciendo;
1401 4423 1500 4462 nec
1527 4415 1712 4462 contra
1740 4407 1888 4461 illam

322 4503 559 4562 tantum,
609 4497 702 4551 sed
743 4497 905 4552 etiam
945 4505 1132 4553 contra
1176 4504 1258 4564 te;
1302 4499 1402 4553 hoc
1432 4499 1548 4568 ipso
1575 4499 1716 4552 enim
1744 4499 1888 4566 quod

318 4596 503 4641 contra
536 4588 682 4642 illam
723 4598 778 4642 et
810 4597 997 4644 contra
1029 4599 1110 4653 te,
1142 4589 1264 4658 quia
1306 4589 1359 4643 in
1395 4589 1484 4642 illa
1520 4589 1665 4643 salus
1697 4597 1752 4643 et
1779 4589 1886 4642 vita

2065 3407 2127 3460 ll.
2168 3406 2388 3461 Interim
2434 3409 2560 3476 quia
2597 3419 2618 3446 ο
2651 3408 2757 3463 duo
2807 3409 3050 3478 superius
3101 3409 3447 3462 barbarorum
3476 3423 3569 3477 ge-

1993 3512 2119 3551 nera
2146 3497 2231 3551 vel
2276 3505 2451 3550 sectas
2499 3511 2617 3551 esse
2657 3498 3101 3562 memoravimus,
3131 3512 3458 3566 paganorum
3486 3507 3568 3551 at-

1991 3600 2096 3654 que
2124 3585 2495 3640 hmreticorum
2515 3624 2531 3651 ,
2559 3585 2683 3654 quia
2713 3585 2780 3640 de
2808 3587 3028 3655 paganis
3046 3586 3186 3654 jam,
3227 3595 3286 3640 ut
3314 3589 3566 3654 arbitror,

1993 3675 2348 3733 satisfecimus
2370 3716 2386 3742 ,
2426 3676 2494 3731 de
2538 3677 2802 3732 haereticis
2823 3691 3065 3746 quoque,
3098 3686 3156 3730 ut
3183 3693 3340 3732 causa
3370 3680 3564 3748 poscit,

1991 3769 2350 3839 subjiciamus.
2389 3768 2574 3825 Potest
2602 3770 2743 3824 enim
2779 3770 3040 3840 quispiam
3069 3769 3248 3826 dicere
3281 3788 3294 3824 :
3348 3769 3566 3826 Etiamsi

1993 3885 2022 3923 a
2052 3871 2275 3940 paganis
2319 3871 2406 3926 lex
2445 3871 2625 3926 divina
2667 3887 2775 3926 non
2814 3872 2992 3940 exigat
3019 3881 3076 3926 ut
3101 3872 3348 3927 mandata
3374 3871 3569 3927 faciant

1991 3985 2109 4039 qum
2138 3986 2244 4026 non
2273 3971 2468 4037 sciunt,
2499 3979 2646 4027 certe
2672 3972 2738 4026 ab
2768 3971 3031 4026 haereticis
3051 3972 3216 4039 exigit
3241 3973 3332 4042 qui
3359 3972 3563 4027 sciunt:

1991 4069 2177 4125 eadem
2221 4070 2366 4125 enim
2411 4072 2574 4124 etiam
2621 4071 2742 4124 illos
2790 4069 2970 4138 legere
3011 4085 3129 4139 qua:
3177 4087 3277 4126 nos
3321 4071 3564 4138 legimus,

1989 4171 2206 4226 eosdem
2235 4169 2373 4240 apud
2398 4170 2517 4225 illos
2540 4171 2833 4240 prephetas
2863 4169 2985 4234 Dei,
3015 4169 3232 4224 eosdem
3261 4171 3556 4238 apostolos,

1999 4268 2217 4324 eosdem
2243 4269 2596 4336 evangelistas
2624 4283 2774 4333 esse;
2805 4283 2869 4322 ac
2896 4283 2992 4337 per
3011 4269 3114 4322 hoc
3138 4276 3230 4322 aut
3257 4285 3364 4324 non
3389 4270 3566 4326 minus

1989 4369 2058 4424 ab
2082 4368 2186 4424 illis
2209 4369 2380 4437 legem
2409 4368 2604 4437 negligi
2631 4381 2792 4436 quam
2823 4383 2853 4420 a
2882 4368 3057 4431 nobis,
3088 4375 3179 4422 aut
3203 4368 3366 4422 etiam
3396 4369 3563 4423 multo

1989 4467 2188 4536 magis:
2219 4465 2328 4538 94
2353 4466 2478 4535 quia
2507 4481 2629 4522 cum
2658 4465 2844 4521 eadem
2870 4465 3051 4533 legant
3087 4463 3282 4532 scripta
3310 4478 3430 4532 qua:
3461 4479 3562 4518 no-

1991 4567 2110 4631 stri,
2139 4566 2302 4620 multa
2333 4564 2534 4621 faciunt
2561 4565 2830 4620 deteriora
2857 4578 3016 4632 quam
3044 4564 3231 4618 nostri.
3267 4563 3562 4631 Utrumque

320 4685 407 4730 ωι
433 4685 552 4732 est;
586 4693 652 4732 ac
679 4692 776 4746 per
804 4678 907 4732 hoc
933 4677 1056 4733 dum
1092 4679 1260 4744 legem
1293 4678 1526 4732 divinam
1553 4677 1778 4742 deseris,
1805 4692 1896 4731 sa-
1925 4679 1972 4738 ι)
1998 4679 2128 4735 ergo
2172 4665 2467 4720 videamus.
2526 4662 2748 4730 Eadem,
2792 4663 2994 4732 inquis,
3028 4663 3210 4730 legunt
3236 4663 3310 4717 illi
3337 4677 3454 4732 quae
3481 4662 3564 4717 le-

319 4767 476 4824 lutem
506 4769 781 4840 propriam
810 4769 1152 4838 derelinquis.
1206 4768 1325 4824 Non
1362 4769 1519 4825 aliter
1543 4783 1672 4838 ergo
1699 4784 1799 4824 nos
1824 4769 1891 4824 de

1994 4776 2189 4837 guntur
2213 4783 2244 4822 a
2273 4767 2445 4822 nobis.
2487 4765 2769 4833 Quomodo
2793 4763 3002 4829 eadem,
3031 4780 3150 4834 qua:
3175 4762 3201 4802 ά
3233 4765 3300 4820 ab
3327 4764 3564 4821 auctori-

1478 4873 1818 4932 STEPHANI
1851 4873 2119 4931 BALUZII
2156 4874 2382 4930 NOTAE.

321 5062 348 5117 ὁ
388 4993 586 5076 fidem
612 4991 786 5048 codex
809 4997 864 5046 et
894 4998 1102 5046 veteres
1128 4987 1393 5044 editiones
1423 5004 1436 5040 :
1469 4985 1700 5058 Denique
1726 5001 1892 5040 mores

351 5079 453 5117 οιη.

351 5079 432 5117 01η
439 5103 453 5116 .

388 5132 416 5171 δ
445 5132 602 5199 Hunc
629 5131 806 5186 locum
837 5129 912 5184 ita
941 5129 1274 5185 correximus
1299 5126 1515 5199 propria
1551 5126 1889 5199 auctoritate,

282 5221 287 5225 '
321 5197 602 5257 tamenetsi
629 5207 687 5254 et
713 5199 976 5254 editiones
1003 5205 1058 5253 et
1081 5195 1426 5266 manuscripti
1453 5195 1574 5250 libri
1609 5209 1890 5266 repugna-

322 5279 455 5327 rent.
490 5269 788 5335 Utrobique
816 5269 959 5322 enim
986 5268 1295 5323 constanter
1322 5262 1517 5334 legitur
1547 5283 1560 5316 :
1595 5262 1731 5328 Quid
1744 5264 1890 5335 juvat

320 5341 638 5395 stomachum
667 5339 972 5391 abstinentia
989 5376 1007 5403 ,
1031 5338 1098 5402 si,
1127 5344 1231 5392 etc.
1264 5335 1370 5391 Sed
1396 5336 1528 5389 vitio
1552 5335 1888 5388 librariorum

320 5410 541 5480 irrepsit
558 5410 652 5480 hic
663 5422 839 5480 error.
868 5405 1002 5480 Nam
1024 5406 1305 5480 Salvianus
1331 5405 1592 5480 absinthia
1607 5417 1890 5480 opponere

320 5473 485 5534 voluit
513 5478 778 5540 dulcibus,
808 5483 867 5530 ut
893 5476 1102 5531 silentia
1132 5475 1372 5540 clamori,
1403 5482 1457 5529 et
1477 5473 1774 5528 antidotum
1798 5486 1891 5525 ve-

324 5564 477 5603 neno.
511 5547 762 5601 Nostram
783 5544 1141 5613 conjecturam
1169 5541 1448 5599 conﬁrmat
1476 5545 1588 5613 ipse
1611 5540 1892 5596 Salvianus

322 5621 477 5673 etiam
507 5618 560 5672 in
593 5629 716 5687 pag.
759 5615 898 5687 l37__:
933 5614 1083 5687 Sicut
1102 5615 1259 5678 enim,
1291 5613 1480 5687 inquit,
1511 5613 1775 5687 optimi__ac
1804 5627 1891 5680 pe-

324 5688 547 5740 ritissimi
594 5682 781 5740 medici
831 5683 1155 5737 dissimilibus
1217 5682 1410 5737 morbis
1459 5699 1606 5736 curas
1663 5682 1890 5752 dispares

1993 4991 2264 5054 prwstant,
2287 4992 2435 5054 atque
2461 4981 2584 5054 aliis
2607 4998 2696 5054 per
2715 4981 2908 5054 dulcia
2927 4982 3265 5054 medicamina
3282 5022 3296 5046 ,
3329 4982 3445 5054 aliis
3472 4999 3564 5054 per

1991 5050 2172 5107 amara
2195 5050 2512 5108 succurrunt.
2541 5050 2690 5106 Unde
2711 5052 2922 5106 interim
2943 5053 3210 5120 colligitur
3233 5050 3561 5108 verissimam

1992 5139 2111 5191 esse
2153 5121 2254 5176 viri
2291 5122 2582 5191 doctissimi
2619 5121 2819 5191 Nicolai
2869 5121 3083 5190 Rigaltii
3112 5123 3561 5188 observationem,

1991 5189 2082 5262 qui
2120 5193 2173 5246 in
2212 5189 2520 5262 praefatione
2563 5191 2636 5262 a_d
2659 5190 3046 5262 Tertullianum
3084 5191 3359 5247 annotavit
3399 5191 3562 5262 etiam

1993 5259 2233 5316 veterum
2272 5260 2526 5314 librorum
2573 5259 2676 5316 ﬁde
2722 5261 3030 5316 falsissimas
3079 5262 3335 5317 lectiones
3369 5261 3556 5316 asseri.

1993 5330 2135 5384 Nam
2153 5339 2201 5384 et
2229 5338 2348 5383 sunt
2375 5329 2491 5401 libri
2514 5341 2721 5396 veteres,
2764 5331 2961 5401 inquit,
3006 5331 3420 5401 depravatissime
3447 5343 3564 5401 συντ

1992 5402 2149 5463 recti;
2171 5416 2329 5472 neque
2354 5400 2463 5453 ulla
2480 5417 2605 5472 spes
2629 5398 2934 5472 reducenda
2959 5398 3182 5472 unquam
3204 5400 3446 5462 ueritatis,
3461 5398 3561 5450 nisi

1994 5478 2098 5522 tam
2121 5479 2308 5524 veteres
2336 5471 2695 5524 nanciscamur
2720 5478 2776 5523 ut
2801 5471 2904 5524 sint
2927 5471 3066 5526 omni
3099 5476 3438 5523 correctorum
3461 5483 3560 5520 an-

1991 5541 2222 5610 tiquitate
2242 5541 2556 5594 vetustiores.

2068 5621 2088 5646 ε
2122 5608 2252 5662 Vide
2278 5623 2457 5678 supra,
2488 5624 2608 5678 pag.
2642 5608 2727 5662 80.
2911 5677 2917 5678 ί
3318 5675 3342 5678 η
3382 5643 3392 5654 -

2064 5678 2088 5714 ά
2120 5678 2176 5733 1η
2218 5674 2452 5734 editione
2492 5674 2776 5734 'Pithmana
2819 5677 3072 5748 scriptum
3112 5684 3197 5732 est
3225 5674 3584 5752 attdt'tet'ibum
