4006 6182
418 302 485 359 95
1373 298 1430 352 S.
1470 296 1779 352 SALVMNI
1819 293 2272 352 .‘ilASSlLlENSlS
2311 293 2727 348 PRESBYTERI
3606 295 3676 351 96

417 416 517 463 bus
543 407 811 476 quondam
843 406 996 460 malis
1022 411 1077 458 et
1106 404 1243 458 male
1271 413 1396 458 sunt
1428 405 1747 474 interpolata
1775 412 1829 458 et
1859 405 1996 458 male
2027 409 2070 464 Α
2101 420 2158 458 se
2185 419 2302 458 esse
2330 415 2673 473 praesumunt.
2728 404 2910 459 llonor
2936 405 3029 460 Dei
3051 406 3192 476 apud
3223 421 3320 462 nos
3347 414 3446 473 est,
3475 406 3571 462 sed
3600 407 3678 462 illi

421 499 652 554 tradita?
681 513 744 552 ac
791 511 887 566 per
930 496 1032 549 hoc
1072 493 1182 562 jam
1211 510 1318 548 non
1346 495 1554 559 eadem,
1583 497 1708 562 quia
1739 509 1849 548 non
1875 508 2000 562 pos-

419 597 544 645 sunt
584 588 796 656 penitus
831 585 934 639 dici
975 585 1086 652 ipsa
1125 597 1245 651 quae.
1285 593 1408 638 sunt
1455 584 1507 636 in
1535 584 1713 651 aliqua
1741 583 1820 636 sui
1851 593 2002 652 parte

422 680 630 732 vitiata.
683 676 1109 730 lncolumitatem
1151 675 1295 728 enim
1324 689 1429 727 non
1459 673 1661 727 habent
1684 687 1802 742 qua:
1826 673 2000 741 pleni-

422 769 660 822 tudinem
691 766 1067 835 perdiderunt,
1101 780 1200 819 nec
1228 772 1427 818 statum
1457 779 1610 818 suum
1640 763 1859 818 omnino
1888 779 2002 817 ser-

425 865 550 911 vant
577 873 695 925 qum
732 865 1186 911 sacramentorum
1229 856 1423 909 virtute
1465 855 1672 923 privata
1709 863 1853 908 sunt.
1894 854 2002 908 Nos

421 964 553 1016 ergo
585 957 787 1001 tantum
817 947 1120 1016 scripturas
1143 961 1320 999 sacras
1349 946 1564 1014 plenas,
1593 945 1893 1009 inviolatas,
1923 945 2003 997 in-

427 1047 604 1107 tegras
650 1039 939 1101 habemus,
993 1037 1084 1106 qui
1126 1051 1217 1090 eas
1245 1035 1330 1089 vel
1357 1038 1408 1089 in
1439 1037 1586 1090 lonte
1627 1051 1724 1089 suo
1750 1035 1998 1100 bibimus,

425 1131 512 1184 vel
539 1138 688 1183 certe
733 1129 800 1182 de
849 1127 1131 1196 purissimo
1179 1126 1325 1180 fonte
1371 1126 1586 1179 haustas
1636 1141 1733 1194 per
1759 1125 2001 1178 ministe-

427 1221 564 1274 rium
596 1229 622 1256 α
651 1234 798 1288 pune
846 1217 1208 1271 translationis
1254 1217 1545 1270 haurimus.
1613 1215 2004 1269 Nostantum-

427 1312 589 1368 modo
626 1312 761 1365 bene
799 1311 1039 1376 legimus.
1083 1314 1254 1375 Atque
1292 1308 1492 1360 utinam
1523 1322 1683 1374 quam
1707 1307 1842 1360 bene
1870 1305 2002 1372 legi-

429 1418 565 1465 mus,
603 1411 707 1454 tam
731 1401 866 1454 bene
895 1399 1334 1468 adimpleremus!
1387 1399 1492 1452 Sed
1525 1414 1715 1452 vereor
1741 1397 1881 1464 quod
1911 1399 2000 1464 qui

433 1508 538 1546 non
584 1493 720 1545 bene
768 1491 1151 1554 observamus,
1202 1506 1300 1542 nec
1344 1489 1479 1545 bene
1510 1489 1846 1543 lectitcmus:
1878 1489 2001 1555 quia

429 1581 606 1634 minor
634 1587 813 1633 reatus
838 1588 918 1631 est
947 1585 1129 1631 sancta
1162 1594 1266 1631 non
1298 1578 1500 1643 legere,
1531 1593 1689 1646 quam
1722 1578 1858 1630 lecta
1891 1577 2002 1629 vio-

431 1671 558 1724 lare.
601 1667 818 1722 Czeterm
843 1669 1039 1737 quippe
1069 1669 1312 1720 nationes
1347 1677 1438 1720 aut
1473 1683 1578 1721 non
1608 1668 1807 1720 habent
1833 1667 2001 1733 legem

2105 495 2205 548 hoc
2253 494 2576 546 arbitrantur
2621 495 2878 548 honorem
2919 494 3210 548 divinitatis
3237 510 3356 550 esse
3381 495 3527 564 quod
3553 511 3679 551 ere-

2102 585 2254 638 dunt.
2295 585 2575 638 lnot‘liciosi
2602 594 2745 649 sunt,
2769 585 2861 638 sed
2889 585 2990 640 illis
3017 586 3120 641 hoc
3147 591 3229 640 est
3255 600 3518 639 summum
3547 585 3682 640 reli-

2102 673 2277 741 gionis
2317 673 2572 727 oﬂicium.
2632 674 2783 743 lmpii
2830 681 2982 739 sunt,
3024 675 3119 729 sed
3147 675 3251 730 hoc
3279 682 3470 744 putant
3495 691 3680 730 veram

2103 782 2220 820 esse
2247 767 2520 836 pietatem.
2562 767 2758 821 Errant
2783 782 2912 835 ergo
2930 809 2944 831 ,
2977 768 3069 822 sed
3097 768 3240 822 bono
3267 767 3448 823 animo
3474 775 3677 834 errant,

2105 872 2210 910 non
2243 857 2387 920 odio,
2419 856 2512 909 sed
2540 856 2732 911 allectu
2763 858 2876 922 Dei,
2901 859 3169 912 honorare
3197 872 3256 912 se
3286 858 3566 912 Dominum
3596 866 3681 912 at-

2103 962 2206 1015 que
2231 961 2412 999 amare
2439 946 2739 1000 credentes.
2793 946 3046 1012 Quamvis
3083 963 3186 1001 non
3215 949 3451 1003 habeant
3474 957 3679 1002 rectam

2103 1037 2260 1089 ﬁdem
2280 1078 2292 1098 ,
2331 1037 2407 1089 illi
2432 1043 2610 1089 tamen
2639 1037 2744 1091 hoc
2771 1036 3063 1106 perfectam
3093 1037 3184 1090 Dei
3213 1038 3478 1091 testimant
3505 1037 3684 1091 chari-

2104 1134 2288 1180 tatem.
2333 1129 2350 1162 ί
2385 1125 2626 1191 Qualiter
2653 1142 2751 1194 pro
2773 1127 2875 1180 hoc
2898 1126 3014 1195 ipso
3037 1125 3180 1182 falsa:
3202 1126 3469 1195 opinionis
3495 1141 3682 1182 errore

2104 1219 2160 1272 in
2187 1219 2273 1272 die
2293 1218 2481 1286 judicii
2530 1219 2783 1287 puniendi
2822 1219 2956 1283 sint,
3005 1219 3180 1275 nullus
3209 1228 3386 1290 potest
3413 1221 3552 1275 scire
3578 1221 3683 1276 nisi

2099 1309 2283 1377 judex.
2324 1308 2535 1362 lnterim
2559 1307 2758 1362 idcirco
2787 1308 2866 1362 eis
2888 1347 2902 1372 ,
2935 1315 2994 1362 ut
3019 1323 3162 1372 reor,
3194 1308 3506 1378 patientiam
3538 1308 3680 1364 Deus

2103 1397 2440 1460 con'imodat,
2488 1398 2613 1466 quia
2645 1398 2788 1450 videt
2815 1412 2943 1462 eos,
2992 1398 3091 1452 etsi
3122 1414 3229 1452 non
3258 1406 3404 1453 recte
3430 1399 3677 1464 credere,

2110 1490 2301 1544 affectu
2338 1497 2514 1543 tamen
2560 1490 2662 1558 piae
2701 1490 2966 1558 opinionis
3016 1505 3224 1554 errare;
3274 1492 3506 1546 maxime
3552 1505 3680 1546 cum

2105 1581 2238 1634 sciat
2263 1595 2356 1633 eos
2380 1595 2443 1633 ea
2474 1578 2650 1633 facere
2677 1594 2794 1646 qua:
2831 1580 3107 1644 nesciunt,
3139 1588 3350 1634 nostros
3377 1587 3551 1634 autem
3579 1595 3680 1634 ne-

2104 1670 2302 1737 gligere
2327 1667 2472 1736 quod
2499 1669 2724 1722 credunt
2751 1685 2763 1720 :
2797 1683 2857 1722 ac
2893 1681 2983 1735 per
3011 1669 3113 1722 hoc
3154 1669 3271 1722 illos
3304 1669 3677 1735 magistrorum

434 1760 559 1823 Dei,
589 1766 679 1811 aut
710 1759 937 1812 debilem
981 1767 1036 1810 et
1074 1757 1511 1811 coavulncratam
1559 1756 1786 1821 habent;
1819 1771 1882 1808 ac
1910 1771 2005 1823 per
2040 1765 2080 1822 Β
2109 1775 2333 1830 peccare
2363 1759 2524 1823 vitio,
2556 1769 2768 1813 nostros
2800 1773 2927 1824 suo;
2961 1759 3078 1813 illos
3107 1759 3434 1826 ignorantes,
3465 1767 3678 1813 nostros

432 1850 564 1912 hoc,
594 1861 652 1902 ut
695 1850 958 1911 diximus,
1010 1863 1117 1901 non
1147 1848 1342 1900 habent
1369 1861 1487 1914 quae
1515 1847 1589 1900 sic
1615 1847 1830 1900 habent.
1873 1845 2003 1898 Nam

429 1941 529 1994 etsi
551 1941 638 2008 qui
661 1940 894 2006 gentium
916 1939 1259 1992 barbararum
1281 1939 1502 2006 suntqui
1529 1939 1580 1990 in
1604 1938 1750 1991 libris
1770 1938 1882 1991 suis
1901 1938 2003 1990 mi-

430 2047 528 2084 nus
555 2031 837 2082 videantur
882 2029 1210 2098 Seriptnram
1257 2044 1462 2082 sacram
1503 2029 1876 2097 interpolatam
1906 2029 2004 2081 ha-

430 2121 558 2173 bere
589 2120 669 2173 vel
709 2120 965 2182 lateram,
1015 2119 1215 2172 habent
1245 2128 1421 2172 tamen
1449 2127 1686 2172 veterum
1725 2118 2006 2186 magistro-

437 2225 552 2263 rum
583 2209 608 2247 δ
637 2209 922 2262 traditione
948 2219 1255 2277 corruptam
1275 2247 1291 2273 ,
1317 2225 1381 2263 ac
1410 2225 1506 2277 per
1533 2209 1636 2263 hoc
1666 2209 2004 2263 traditionem

432 2303 610 2371 potius
637 2317 797 2370 quam
830 2301 1158 2370 Scripturam
1191 2301 1407 2363 habent,
1435 2301 1559 2368 quia
1597 2301 1701 2355 hoc
1738 2316 1843 2354 non
1870 2300 2003 2354 reti-

437 2399 564 2446 nent
609 2391 753 2459 qnod
797 2391 992 2445 veritas
1035 2391 1168 2458 legis
1211 2392 1429 2454 suadet,
1482 2391 1574 2444 sed
1601 2391 1744 2459 quod
1773 2392 2007 2459 pravitas

431 2483 582 2536 mal-.13
629 2482 929 2536 traditionis
978 2482 1221 2536 inseruit.
1262 2481 1478 2535 Barbari
1518 2482 1713 2550 quippe
1742 2482 2003 2546 homines,

433 2573 710 2637 Romana,
737 2574 900 2628 immo
930 2574 1107 2642 potius
1132 2573 1378 2626 humanae
1399 2573 1709 2628 eruditionis
1737 2582 2004 2642 expertes,

431 2665 522 2735 qui
555 2676 576 2704 ο
609 2665 741 2719 nihil
767 2665 986 2718 omnino
1014 2665 1191 2718 sciunt
1217 2665 1316 2718 nisi
1337 2663 1477 2732 quod
1507 2678 1538 2716 a
1564 2663 1870 2717 doctoribus
1898 2664 2009 2716 suis

431 2755 684 2816 audiunt;
732 2755 876 2823 quod
923 2755 1172 2819 audiunt,
1220 2755 1324 2808 hoc
1361 2762 1692 2822 sequuntur:
1723 2769 1786 2808 ac
1810 2754 1886 2808 sic
1917 2770 2008 2807 ne-

432 2863 582 2902 cesse
627 2858 709 2902 est
770 2862 864 2900 eos
919 2847 1009 2916 qui
1065 2847 1229 2900 totius
1275 2846 1582 2900 litteratum
1645 2861 1708 2898 ac
1773 2845 2008 2898 scientiae

436 2938 648 3006 ignari,
697 2946 1088 2991 sacramentum
1145 2936 1336 2991 divina:
1379 2937 1508 3004 legis
1554 2936 1796 2991 doctrina
1841 2935 2008 3002 magis

434 3045 595 3098 quam
623 3028 854 3082 lectione
882 3035 1232 3096 cognoscunt,
1255 3027 1550 3080 doctrinam
1575 3026 1749 3096 potius
1778 3025 2007 3079 retinere

2108 1852 2366 1915 scientes;
2400 1850 2517 1904 illos
2546 1849 2597 1903 id
2627 1848 2802 1903 facere
2830 1849 2975 1918 quod
2993 1855 3182 1919 putent
3207 1858 3434 1914 rectum,
3461 1855 3679 1902 nostros

2105 1942 2248 2010 quod
2297 1942 2468 1995 sciant
2513 1956 2632 1995 esse
2681 1954 3009 2009 perversum.
3067 1937 3135 1993 Et
3173 1939 3457 2008 ideojusto
3479 1939 3681 2008 judicio

2105 2033 2226 2086 illos
2271 2031 2529 2101 patientia
2575 2029 2672 2084 Dei
2718 2030 2976 2092 sustinet,
3017 2037 3071 2084 et
3097 2044 3194 2084 nos
3223 2027 3682 2083 animadversione

2105 2122 2359 2197 castigat;
2389 2120 2512 2188 quia
2547 2119 2746 2187 ignosci
2776 2119 3108 2186 aliquatenus
3135 2118 3452 2188 ignorantia:
3479 2124 3678 2186 potest,

2105 2221 2445 2280 contemptus
2473 2212 2683 2265 veniam
2713 2225 2819 2264 non
2848 2223 3100 2266 meretur.
3143 2210 3232 2265 Sic
3261 2210 3402 2264 enim
3425 2217 3680 2278 scriptum

2107 2313 2189 2357 est
2215 2321 2226 2354 :
2261 2303 2446 2356 Serra:
2475 2303 2560 2374 qui
2590 2303 2751 2356 nescit
2779 2301 3089 2357 voluntatem
3119 2303 3315 2356 domini
3348 2302 3427 2354 ei
3445 2341 3458 2364 ,
3505 2311 3553 2353 ct
3579 2315 3683 2354 non

2109 2393 2236 2462 facit
2263 2407 2410 2455 eam,
2459 2390 2718 2460 vapulabit
2761 2391 2955 2458 paucis.
3017 2387 3118 2451 Qui
3159 2397 3334 2443 autem
3350 2393 3446 2443 scit
3471 2405 3604 2453 eam,
3633 2397 3685 2441 et

2112 2497 2213 2534 non
2247 2481 2372 2547 facit
2393 2497 2526 2543 eam,
2556 2478 2813 2549 vapulabit
2837 2478 3010 2532 multis
3042 2476 3190 2548 (Luc.
3223 2494 3314 2541 χιι,
3348 2479 3435 2541 47,
3470 2477 3582 2548 £8).

2179 2574 2264 2627 lll.
2304 2573 2422 2628 Non
2450 2589 2578 2642 ergo
2614 2572 2870 2626 miremur
2895 2573 3005 2642 96
3030 2571 3172 2639 quod
3201 2571 3380 2626 multis
3407 2571 3681 2637 credimur;

2109 2666 2233 2734 quia
2261 2681 2369 2718 non
2399 2664 2700 2730 inscientia,
2729 2663 2824 2718 sed
2846 2663 3138 2718 rebellione
3165 2677 3468 2732 peccamus.
3497 2660 3684 2716 Scien-

2108 2762 2193 2807 tes
2220 2753 2363 2806 enim
2407 2751 2547 2805 bona
2571 2793 2584 2817 ,
2623 2767 2730 2806 non
2770 2752 2906 2806 bene
2946 2751 3177 2820 agimus,
3226 2758 3282 2804 et
3309 2750 3685 2805 discretionem

2109 2841 2242 2896 recti
2271 2856 2336 2896 ac
2374 2841 2522 2910 pravi
2563 2841 2946 2909 intelligentes,
2985 2853 3148 2909 prava
3187 2847 3481 2904 sectamur;
3513 2839 3685 2906 legem

2109 2933 2373 3002 legimus,
2427 2939 2482 2986 et
2529 2932 2764 2999 legitima
2809 2931 3106 2994 calcamus,
3159 2938 3215 2984 et
3250 2929 3449 2984 adhoc
3477 2937 3687 2982 tantum

2109 3031 2499 3093 praeceptorum
2547 3037 2820 3075 sacrorum
2866 3021 3000 3076 scita
3049 3019 3446 3087 cognoscimus,
3474 3027 3531 3071 ut
3560 3033 3682 3086 gra-

435 3134 596 3186 quam
638 3119 828 3186 legem.
882 3119 1065 3185 Itaque
1111 3117 1189 3171 eis
1230 3116 1444 3170 traditio
1485 3116 1856 3183 magistrorum
1885 3129 2010 3168 suo-
2036 3113 2081 3176 C
2111 3114 2230 3168 vius
2275 3121 2399 3182 post
2444 3111 2725 3166 interdicta
2775 3126 3076 3180 peccemus.
3149 3110 3316 3164 Deum
3363 3109 3540 3164 colere
3587 3125 3689 3164 nos

436 3223 554 3262 rum
577 3209 686 3278 95
736 3215 790 3260 et
835 3207 1078 3261 doctrina
1127 3207 1419 3261 inveterata
1447 3206 1598 3274 quasi
1628 3206 1712 3259 lex
1741 3213 1854 3270 est,
1887 3205 2011 3273 quia

435 3299 540 3352 ltoc
585 3299 762 3351 sciunt
809 3297 1176 3351 tantummodo
1222 3296 1364 3364 quod
1413 3297 1692 3350 docentur.
1765 3295 2011 3350 llmretici

435 3405 564 3458 ergo
593 3397 750 3453 sunt,
779 3389 871 3444 sed
909 3405 1012 3443 non
1043 3390 1290 3442 scientes.
1333 3389 1570 3456 Denique
1600 3388 1737 3458 apud
1767 3405 1865 3443 nos
1889 3397 2014 3442 sunt

438 3481 672 3536 haeretici
698 3520 712 3545 ,
743 3479 881 3550 apud
909 3495 966 3532 se
995 3495 1099 3533 non
1125 3488 1269 3532 sunt.
1330 3479 1461 3532 Nam
1510 3479 1562 3532 in
1603 3487 1806 3532 tantum
1833 3493 1892 3532 se
1919 3493 2012 3532 ca-

438 3572 668 3626 tholicos
695 3587 813 3625 esse
848 3569 1121 3639 jndicant,
1166 3577 1223 3622 ut
1261 3585 1358 3622 nos
1399 3570 1543 3638 ipsos
1570 3570 1724 3623 titulo
1752 3569 2014 3623 haeretica:

437 3661 810 3732 appellationis
861 3660 1134 3714 infament.
1195 3659 1349 3724 Quod
1396 3672 1524 3726 ergo
1575 3659 1648 3711 illi
1683 3659 1837 3712 nobis
1861 3667 2007 3724 sunt,

440 3752 542 3805 hoc
570 3766 667 3804 nos
698 3751 820 3803 illis.
879 3748 986 3803 Nos
1033 3764 1128 3802 eos
1174 3748 1421 3815 iniuriam
1461 3747 1654 3800 divinze
1681 3749 2014 3815 generationi

439 3843 616 3896 facere
645 3841 775 3895 certi
803 3854 1004 3900 sumus,
1046 3838 1189 3906 quod
1225 3838 1486 3892 minorem
1529 3836 1686 3892 Patre
1715 3837 1902 3891 Filium
1931 3837 2004 3891 di-

439 3938 583 3984 cant.
624 3931 701 3982 llli
731 3945 826 3982 nos
854 3929 1138 3996 injuriosos
1164 3926 1310 3981 Patri
1339 3928 1663 3994 existimant,
1694 3929 1818 3997 quia
1846 3944 2018 3997 aequa-

440 4021 518 4075 les
547 4035 663 4074 esse
691 4019 987 4073 credamus.
1018 4017 1228 4072 Veritas
1249 4017 1388 4088 apud
1411 4033 1508 4071 nos
1532 4026 1629 4082 est,
1660 4019 1752 4074 sed
1776 4019 1848 4072 illi
1879 4020 2018 4089 apud

2114 3204 2356 3269 dicimus,
2385 3211 2440 3258 et
2467 3203 2679 3257 diabolo
2705 3203 3154 3272 obtemperamus.
3205 3201 3272 3255 Et
3303 3209 3426 3270 post
3451 3202 3564 3256 haec
3593 3217 3691 3256 vo-

2116 3295 2289 3349 lumus
2328 3302 2388 3348 ut
2435 3294 2576 3348 bona
2623 3307 2655 3347 a
2685 3293 2796 3348 Deo
2824 3293 3176 3363 accipiamus,
3218 3307 3339 3348 eum
3367 3292 3520 3346 malis
3547 3291 3692 3346 mala

2114 3401 2326 3455 semper
2372 3385 2660 3450 addamus;
2710 3384 2826 3439 ﬁeri
2869 3385 3202 3440 voluntatem
3250 3394 3487 3440 nostram
3517 3399 3546 3438 a
3577 3384 3690 3439 Deo

2115 3476 2357 3546 cupimus
2380 3515 2395 3541 ,
2437 3491 2557 3530 cum
2597 3476 2692 3530 Dei
2721 3490 2818 3530 nos
2847 3474 3022 3530 facere
3047 3477 3295 3530 nolimus.
3335 3476 3495 3541 Quasi
3525 3491 3687 3544 snpe-

2115 3568 2285 3622 riores
2314 3583 2411 3620 nos
2438 3567 2546 3620 Deo
2573 3567 2796 3633 agimus.
2839 3566 3094 3621 Volumus
3121 3575 3178 3620 ut
3202 3568 3462 3622 voluntati
3495 3577 3690 3620 nostra:

2111 3658 2251 3714 Deus
2275 3658 2472 3726 jugiter
2501 3665 2683 3726 pareat
2709 3695 2724 3721 ,
2773 3671 2892 3710 cum
2935 3672 3123 3710 omnes
3153 3672 3250 3710 nos
3274 3657 3536 3710 voluntati
3566 3657 3689 3725 ejus

2111 3749 2312 3816 jugitcr
2339 3761 2715 3817 repugnemus.
2755 3747 2860 3801 Sed
2889 3747 2977 3800 ille
3001 3745 3175 3814 justus
3201 3754 3312 3812 est,
3346 3747 3469 3801 licet
3490 3763 3589 3801 nos
3611 3748 3692 3802 si-

2119 3857 2240 3894 mus
2285 3839 2485 3908 injusti.
2544 3837 2782 3907 Castigat
2816 3838 2959 3892 enim
2987 3851 3123 3906 quos
3148 3838 3484 3906 castigandos
3512 3848 3690 3908 putat,

2121 3932 2322 4000 patitur
2363 3945 2497 3999 quos
2543 3937 2697 3998 putat
2741 3944 2859 3984 esse
2906 3930 3206 3999 patiendos.
3287 3929 3576 4000 Utrumque
3621 3933 3692 3987 ad

2120 4038 2280 4076 unam
2310 4036 2421 4076 rem
2443 4021 2558 4074 vult
2585 4021 2875 4090 prolicere,
2909 4028 2968 4074 ut
2995 4029 3050 4076 et
3073 4021 3352 4090 castigatio
3380 4021 3433 4075 in
3450 4007 3691 4078 catholi-

1623 4128 1956 4185 STEPHANI
1995 4129 2264 4184 BALUle
2304 4129 2525 4185 NOT/E.

441 4226 596 4292 Quod
626 4221 987 4295 Rittershusio
1012 4222 1299 4295 displicuit,
1330 4223 1419 4291 qui
1454 4229 1666 4295 censuit
1685 4222 1792 4295 legi
1821 4221 2016 4295 debere
2067 4261 2090 4274 ι
2123 4222 2243 4295 lidci
2293 4238 2420 4288 suae,
2453 4239 2640 4295 neque
2682 4225 2732 4278 in
2768 4223 3068 4295 sacerdotis
3087 4228 3167 4280 sui
3195 4225 3294 4282 ﬁde
3326 4227 3688 4295 conquiescat.

441 4294 751 4349 auctoribus.
782 4293 914 4347 Cum
938 4291 1116 4360 Itaque
1138 4292 1422 4346 lectionem
1449 4307 1609 4360 quam
1636 4291 2018 4346 Rittershusius

444 4366 677 4434 prtetulit
713 4364 944 4434 habeant
989 4359 1251 4434 editiones
1292 4359 1588 4434 Brassieani
1643 4370 1697 4434 et
1748 4359 2014 4434 Galesinii,

447 4431 556 4488 tum
593 4435 753 4490 etiam
800 4432 970 4486 codex
999 4431 1370 4494 Corbeiensis,
1400 4446 1516 4484 eam
1559 4431 1610 4484 in
1659 4431 1758 4485 hac
1785 4431 2018 4485 editione

447 4505 663 4558 retineri
693 4502 890 4556 debere
917 4501 1088 4553 visum
1110 4507 1208 4552 est.

519 4584 544 4611 ⁸
575 4572 834 4640 Loquitur
873 4571 941 4624 de
970 4569 1130 4623 variis
1157 4583 1430 4640 sacrorum
1459 4569 1743 4640 bibliorum
1773 4568 2018 4640 editioni—

2120 4293 2336 4360 Antiqui
2378 4294 2519 4348 enim
2556 4293 2727 4347 etiam
2760 4294 2978 4346 l'eminas
3025 4297 3328 4350 excitabant
3364 4297 3431 4349 ad
3447 4293 3694 4353 studium

2117 4378 2390 4437 sacrarum
2411 4364 2724 4437 litterarum.
2748 4363 2919 4437 Testis
2947 4363 3328 4437 Hieronymus.
3359 4367 3448 4432 qui
3478 4367 3529 4420 in
3579 4370 3696 4437 epi-

2119 4433 2254 4486 stola
2293 4431 2358 4485 ad
2403 4432 2755 4486 Gaudentium
2791 4433 2904 4485 vult
2940 4431 3168 4501 puellam
3203 4437 3340 4489 scire
3378 4431 3695 4491 memoriter

2119 4502 2372 4574 psalmos,
2398 4501 2562 4574 libros
2600 4502 2920 4574 salomonis,
2967 4501 3275 4574 Evangelia,
3322 4506 3594 4574 apostolos
3637 4516 3694 4560 et

2118 4569 2426 4644 prophetas.
2454 4571 2597 4625 Idem
2635 4569 2944 4644 ilatrcellatn
2975 4569 3153 4644 laudat
3181 4575 3230 4626 in
3266 4569 3379 4644 ejus
3409 4573 3693 4644 Epitaphio

448 4645 547 4698 bus
579 4627 698 4710 qua:
735 4650 848 4695 tum
896 4641 948 4694 in
1004 4655 1101 4710 usu
1150 4647 1320 4710 erant.
1360 4638 1666 4710 Catholicos
1717 4638 2018 4710 Scripturas
2047 4627 2093 4684 D
2119 4627 2261 4710 quod
2287 4639 3029 4710 divinarumAScripturarum
3067 4643 3227 4697 ardor
3263 4627 3319 4696 in
3347 4658 3406 4696 ea
3438 4627 3586 4698 esset:
3602 4627 3694 4699 in;

449 4707 650 4774 sacras,
682 4712 885 4779 plenas,
916 4709 1214 4772 inviolatas,
1234 4707 1676 4779 integrashabcre
1697 4708 2018 4779 ait,ha3_reti-

450 4798 543 4836 eos
570 4777 698 4835 vero
729 4779 1094 4848 interpolatas,
1124 4779 1264 4833 male
1291 4777 1527 4838 traditas,
1558 4778 1834 4848 laceratas,
1867 4777 2020 4848 debi-

455 4853 550 4915 les,
581 4847 990 4905 convulner’atas
1011 4887 1026 4913 ,
1075 4864 1139 4903 ac
1182 4857 1422 4903 veterum
1452 4847 1826 4914 magistrorum
1856 4847 2022 4901 tradi-

456 4923 600 4974 tione
629 4926 924 4987 corruptas.

524 4989 550 5028 δ
579 4985 929 5042 Existintabat
952 4985 1334 5041 Rittershusius
1362 4994 1665 5056 corruptam
1690 5000 1805 5040 esse
1833 4985 2025 5039 editio-

459 5075 580 5114 nem
625 5057 837 5121 Pithuei,
879 5071 997 5124 quae
1031 5056 1355 5110 traditionem
1398 5057 1573 5111 habet.
1619 5055 1796 5109 Visum
1844 5056 2024 5122 itaque

459 5131 531 5185 illi
561 5127 840 5194 legendum
883 5141 999 5180 esse
1047 5124 1338 5178 traditione.
1371 5126 1642 5180 Editiones
1670 5134 1843 5178 tamen
1868 5125 2025 5194 Bras-

457 5193 635 5254 sicani
650 5207 705 5250 et
729 5195 979 5251 Galesinii
1009 5194 1296 5263 praeferunt
1330 5196 1489 5248 etiam
1537 5196 1878 5248 traditionem.
1917 5193 2025 5246 Nos

458 5268 624 5324 secuti
651 5267 1022 5320 auctoritatem
1062 5264 1262 5318 codicis
1303 5264 1640 5318 Corbeiensis
1667 5273 1720 5317 et
1747 5264 2025 5332 eonjeetn»

459 5355 572 5392 ram
617 5336 952 5390 Rittershnsii
1004 5334 1311 5402 scripsimus
1360 5334 1648 5387 traditione.
1691 5333 1855 5386 Paulo
1902 5341 2026 5402 post

460 5408 736 5476 legebatur
765 5405 904 5475 apud
932 5404 1195 5476 Pitltmum
1217 5412 1303 5476 aut
1324 5420 1422 5476 per
1441 5403 1583 5476 hoc,
1615 5419 1732 5457 cum
1755 5411 1808 5456 et
1836 5418 2024 5476 sensus

461 5472 691 5546 postulet
711 5472 888 5543 legiac
913 5492 1002 5546 per
1029 5475 1140 5537 hoc,
1153 5481 1212 5546 _et
1240 5473 1300 5546 in
1323 5473 1422 5546 hac
1441 5472 1664 5546 lectione
1689 5473 2025 5527 consentiant

462 5541 666 5601 cadem:
687 5541 950 5600 edi—tiones
986 5552 1041 5598 et
1067 5543 1234 5597 codex
1262 5541 1616 5595 Corbeiensis.

538 5627 559 5654 ε
597 5617 909 5671 lixistimare
954 5615 1160 5668 videtur
1213 5612 1491 5666 Salvianus
1543 5624 1759 5664 necesse
1805 5625 1920 5664 esse
1970 5619 2027 5663 ut

467 5687 824 5756 nmisquisque
850 5685 1176 5741 Christianus
1206 5682 1441 5752 apprime
1465 5681 1698 5735 imbutus
1727 5683 1792 5735 sit
1820 5682 2026 5734 areanis

2121 4709 2408 4772 credibilis,
2434 4717 2489 4764 et
2515 4709 2580 4763 ad
2602 4708 2993 4763 Demetriadem
3023 4713 3280 4773 scribens,
3305 4728 3422 4766 eam
3450 4715 3696 4769 hortatur

2122 4786 2407 4851 utstatuat
2436 4788 2568 4846 quot
2614 4779 2758 4832 horis
2797 4787 3033 4851 sanctam
3080 4780 3408 4851 Scripturam
3457 4783 3696 4839 ediscere

2121 4847 2334 4912 debeat,
2363 4857 2565 4916 quanto
2595 4855 2834 4917 tempore
2858 4848 3054 4917 legere,
3081 4847 3282 4904 nonad
3309 4850 3568 4915 laborem,
3598 4854 3695 4907 sed

2125 4917 2189 4970 ad
2216 4917 2623 4973 delectationem
2670 4926 2724 4970 et
2761 4917 3162 4973 instructionem
3191 4921 3396 4975 animm.
3431 4921 3494 4974 Et
3515 4922 3699 4976 Victor

2125 4987 2358 5041 Vilensis
2406 4989 2456 5041 in
2489 4988 2638 5041 initio
2671 4987 2761 5040 lib.
2799 5003 2831 5040 v
2871 4988 2938 5042 de
2989 4987 3368 5043 Persecutione
3406 4991 3692 5046 Vandalica

2127 5056 2431 5130 Dionysiam
2473 5056 2756 5130 quamdam
2784 5065 3196 5130 commemorat,
3214 5074 3350 5130 qum
3392 5058 3697 5130 Scriptura-

2127 5141 2247 5178 rum
2271 5125 2580 5179 divinarum
2610 5125 2829 5195 scientia
2858 5127 3013 5195 plena
3045 5135 3180 5180 crat.
3214 5125 3570 5194 Leodegarius
3600 5130 3698 5184 dc-

2130 5197 2289 5262 nique
2331 5194 2916 5266 AAugustodunensiu’m
2987 5197 3268 5266 episc0pus
3343 5198 3410 5250 ad
3469 5209 3698 5254 matrem

2128 5280 2279 5318 suam
2324 5263 2599 5331 Sigradam
2648 5263 2903 5326 scribens,
2947 5263 3064 5332 quae
3115 5263 3188 5319 in
3210 5269 3590 5322 monasterium
3637 5284 3701 5323 se

2130 5333 2425 5407 abdiderat,
2457 5349 2522 5387 eo
2545 5334 2683 5387 inter
2703 5333 2803 5407 alia
2836 5344 3147 5407 argumento
3176 5350 3292 5389 eam
3323 5338 3524 5392 solatur
3551 5339 3701 5407 quod

2131 5418 2225 5472 pro
2252 5403 2534 5473 amissione
2563 5419 2738 5456 rerum
2769 5403 2989 5457 haberet
3008 5403 3336 5473 Scripturam
3364 5403 3600 5461 sanetam
3627 5408 3703 5462 di-

2130 5472 2484 5548 γίτιεηητῌιέίιΔ
2513 5473 2610 5527 luit
2667 5473 2963 5540 priscorum
3029 5472 3326 5544 temporum
3389 5477 3703 5548 simplicitas

2125 5551 2176 5595 et
2205 5542 2539 5594 conﬁdentia.

2199 5609 2223 5647 ἀ
2259 5610 2385 5664 Vide
2415 5613 2476 5663 ad
2510 5613 2649 5664 hunc
2676 5613 2851 5665 locum
2883 5611 3114 5669 Diarium
3147 5614 3393 5674 Litterar.
3425 5616 3538 5674 Ital.
3566 5625 3698 5675 tom.

2131 5680 2317 5746 XXIV,
2353 5696 2469 5752 pag.
2509 5681 2570 5735 l7
2597 5689 2647 5734 et
2679 5697 2827 5751 seqq.
