4006 6182
323 261 386 318 91
1402 261 1486 316 nc
1523 259 2051 318 GUBERNATIONE
2089 259 2198 315 om
2238 260 2364 315 LIB.
2403 260 2467 316 v.
3485 244 3575 324 'as

317 379 392 434 eis
416 376 678 448 peccandi
708 378 940 432 refrenet
969 375 1263 438 libidinem,
1292 351 1695 444 ct‘quandoque
1723 375 1897 429 hmre-
1925 378 1972 436 Α
2000 373 2117 427 lam
2145 389 2274 429 vero
2304 374 2432 429 illud
2461 375 2640 444 quale,
2673 389 2831 444 quam
2862 391 3058 430 szevum
3085 413 3101 440 ,
3150 389 3311 446 quam
3358 391 3423 429 ex
3471 377 3573 430 hac

319 468 454 524 ticos
480 467 739 536 patientia
780 465 873 520 Dei
913 463 1074 520 faciat
1119 465 1328 533 plenam
1362 461 1480 517 fidei
1507 479 1728 518 noscere
1759 465 1897 516 veri-

320 569 504 624 tatem,
535 558 768 612 maxime
797 573 915 612 cum
954 557 1087 610 sciat
1127 571 1220 610 eos
1247 555 1468 609 forsitan
1498 554 1759 610 catholica
1791 568 1898 607 non

319 651 566 718 indignos
596 648 699 702 fide
724 687 740 712 ,
787 662 923 716 quos
969 646 1148 700 videat
1174 645 1452 700 catholicis
1479 644 1601 697 vita:
1627 657 1902 711 compara-

319 741 464 794 tione
513 744 790 806 prmstare.
850 734 1047 788 Omnes
1083 742 1260 787 autem
1293 733 1378 786 isti
1411 731 1478 786 de
1505 731 1699 800 quibus
1728 729 1900 799 loqui-

323 846 462 894 mur,
497 836 594 882 aut
623 826 848 880 Vandali
878 834 1002 879 sunt
1030 831 1120 878 aut
1148 822 1328 878 Gothi.
1388 821 1520 876 Nam
1549 821 1614 876 de
1645 819 1898 873 Romanis

317 919 625 982 hmreticis,
674 931 904 985 quorum
951 916 1226 970 innumera
1271 913 1554 967 multitudo
1603 919 1716 974 est,
1765 912 1896 965 nihil

317 1011 544 1065 dicimus
569 1048 584 1070 ,
637 1021 809 1076 neque
837 1015 930 1060 aut
961 1005 1212 1059 Romanis
1239 1020 1332 1059 eos
1372 1011 1463 1058 aut
1487 1004 1733 1058 barbaris
1759 1018 1900 1058 com-

317 1115 600 1171 paramus,
656 1101 780 1169 quia
809 1107 862 1152 et
891 1097 1199 1150 inﬁdelitate
1230 1096 1484 1150 Romanis
1511 1103 1635 1149 sunt
1660 1094 1895 1149 deterio-

317 1208 442 1255 res,
491 1200 549 1246 et
597 1190 834 1247 foeditate
883 1191 1002 1242 vitae
1048 1189 1286 1242 barbaris
1316 1188 1598 1257 turpiores.
1661 1186 1765 1241 Sed
1795 1187 1898 1242 hoc

316 1297 414 1335 nos
442 1297 551 1336 non
577 1281 753 1335 solum
781 1295 886 1333 non
911 1279 1079 1346 juvat,
1111 1278 1202 1331 sed
1248 1279 1410 1331 etiam
1453 1292 1614 1347 supra
1661 1276 1713 1331 id
1753 1277 1898 1345 quod

317 1387 345 1424 a
378 1372 534 1426 nobis
575 1370 705 1440 ipsis
744 1383 1028 1437 gravamnr
1065 1375 1267 1436 gravat,
1299 1369 1422 1436 quia
1454 1374 1510 1422 et
1537 1367 1574 1421 ii
1598 1382 1736 1435 quos
1766 1368 1898 1422 tales

317 1477 602 1517 causamur
627 1476 775 1525 esse,
821 1459 1047 1514 Romani
1081 1467 1223 1513 sunt.
1268 1458 1419 1524 Unde
1457 1460 1755 1528 intelligere
1782 1475 1896 1528 pos«

315 1569 502 1609 sumus
551 1552 682 1622 quid
733 1559 1001 1606 mereatur
1058 1551 1233 1604 omnis
1285 1549 1526 1605 Romana
1574 1549 1893 1618 respublica,

317 1660 436 1698 cum
468 1659 596 1716 pars
643 1642 1005 1695 Romanorum
1053 1639 1289 1694 offundat
1317 1640 1485 1694 Deum
1523 1641 1652 1704 vita,
1687 1655 1814 1709 pars
1841 1647 1896 1693 et

319 1734 630 1788 infidelitate
659 1733 861 1802 pariter
887 1740 940 1785 et
962 1731 1088 1784 vita.
1128 1729 1288 1784 Salvo
1316 1744 1380 1784 eo
1409 1729 1553 1799 quod
1579 1731 1737 1784 etiam
1767 1730 1895 1798 ipsa:

317 1823 586 1893 quondam
628 1823 857 1877 hazreses
881 1822 1228 1876 barbarorum
1253 1828 1278 1856 ι
1299 1818 1365 1874 de
1389 1819 1613 1873 Romani
1644 1821 1895 1887 magiste-

317 1914 380 1967 rii
427 1913 696 1982 pravitate
743 1911 1047 1973 fluxerunt,
1096 1911 1200 1979 97
1255 1924 1318 1962 ac
1363 1909 1580 1978 perinde
1605 1911 1765 1964 etiam
1794 1909 1897 1963 hoc

319 2012 560 2057 nostrum
591 2002 793 2056 crimen
823 2008 930 2062 est,
968 1999 1109 2067 quod
1140 1999 1324 2068 populi
1353 1999 1699 2053 barbarorum
1731 1999 1898 2052 haere-

317 2095 405 2150 tici
435 2108 557 2148 esse
584 2100 880 2162 coeperunt.

385 2184 474 2236 ιν.
517 2181 688 2236 Porro
717 2190 895 2236 autem
925 2191 1180 2249 quantum
1210 2182 1276 2236 ad
1305 2185 1766 2237 conversationem
1797 2182 1898 2237 Go-

319 2275 533 2328 thorum
581 2281 673 2326 aut
720 2271 1080 2326 Vandalorum
1131 2274 1396 2342 pertinet,
1442 2275 1568 2342 quid
1597 2284 1678 2327 est
1709 2275 1759 2326 in
1787 2289 1894 2340 quo

317 2367 396 2420 eis
423 2371 520 2418 aut
567 2379 882 2434 prmponere
927 2381 1024 2419 nos
1067 2373 1159 2418 aut
1204 2366 1365 2419 etiam
1395 2382 1704 2435 comparare
1732 2367 1897 2435 possi-

317 2455 470 2507 mus?
501 2454 580 2508 Ac
627 2454 859 2522 primum
905 2461 962 2508 ut
1010 2453 1077 2508 de
1124 2453 1316 2508 affectu
1347 2463 1402 2508 et
1434 2456 1693 2510 charitate
1720 2456 1891 2518 dicam

320 2545 504 2612 (quam
556 2544 877 2612 praecipuam
920 2544 1176 2598 Dominus
1202 2544 1358 2600 docet
1385 2561 1503 2600 esse
1531 2547 1810 2610 virtutem,
1840 2555 1896 2600 et

319 2650 478 2704 quam
509 2652 620 2690 non
663 2637 837 2690 solum
884 2652 981 2706 per
1021 2653 1210 2693 omnes
1248 2637 1550 2707 Scripturas
1576 2654 1772 2703 sacras,
1803 2637 1895 2693 sed

319 2727 479 2779 etiam
508 2741 610 2795 per
635 2741 694 2780 se
723 2726 835 2795 ipse
860 2728 1200 2781 commendat
1225 2728 1444 2783 dicens:
1479 2727 1544 2782 In
1577 2731 1670 2783 lioc
1711 2726 1896 2784 scietur

318 2815 452 2885 quod
479 2815 718 2884 discipuli
739 2817 837 2868 mei
857 2818 998 2880 estis,
1029 2818 1074 2871 si
1106 2835 1189 2872 ros
1209 2820 1422 2873 invicem
1449 2820 1676 2890 diligatis
1704 2821 1719 2893 [
1731 2820 1889 2874 Joan.

321 2921 440 2970 xm,
471 2903 542 2958 ’55
563 2904 610 2976 ],
629 2921 816 2960 omnes
869 2922 928 2961 se
975 2907 1086 2962 fere
1128 2908 1380 2972 barbari,
1436 2912 1526 2980 qui
1575 2912 1732 2967 modo
1773 2920 1896 2967 sunt

2002 464 2115 533 ipsa
2145 465 2420 534 impietate
2447 464 2795 529 descendens,
2824 480 2985 534 quam
3009 467 3240 520 alienum
3262 481 3293 518 a
3314 466 3574 532 barbaris,

2001 568 2160 623 quam
2191 554 2452 609 familiare
2483 555 2754 622 Romanis,
2785 557 2926 626 quod
2958 573 3016 611 se
3045 558 3272 611 invicem
3294 559 3578 612 exactione

2000 650 2379 718 proscribunt:
2432 652 2594 704 immo
2643 667 2749 705 non
2796 653 3062 707 invicem:
3095 668 3217 706 nam
3246 653 3350 708 hoc
3378 651 3578 705 tolera~

2001 737 2163 791 bilius
2207 738 2375 792 ferme
2421 749 2564 793 esset
2608 740 2653 793 si
2699 749 2974 809 pateretur
3029 743 3253 810 quisque
3299 741 3577 812 sequod

2000 824 2230 891 fecerat;
2281 827 2407 880 illud
2435 828 2648 895 gravius
2675 837 2785 892 est,
2824 831 2968 897 quod
2999 830 3208 898 plurimi
3242 831 3580 899 proscribun-

2002 925 2089 970 tur
2130 932 2161 970 a
2209 918 2392 986 paucis
2413 957 2428 980 ,
2478 919 2670 986 quibus
2715 921 2924 974 exactio
2952 921 3159 990 publica
3187 921 3469 990 peculiaris
3496 930 3584 975 cst

2001 1007 2204 1075 prteda,
2234 1008 2324 1075 qui
2355 1007 2546 1062 ﬁsealis
2573 1010 2736 1062 debiti
2769 1010 2947 1064 titulos
2975 1011 3172 1064 faciunt
3200 1019 3431 1079 quaestus
3459 1026 3580 1066 esse

2004 1097 2268 1168 privatos;
2319 1104 2374 1150 et
2419 1098 2524 1152 hoc
2551 1113 2658 1151 non
2691 1100 2882 1152 summi
2917 1108 3118 1153 tantum
3139 1139 3154 1164 ,
3185 1099 3277 1153 sed
3307 1114 3442 1168 pene
3469 1100 3579 1152 infi-

2002 1188 2108 1252 mi;
2160 1202 2266 1254 nop
2309 1186 2518 1256 judices
2570 1188 2741 1241 solum
2771 1229 2785 1253 ,
2827 1188 2918 1243 sed
2947 1190 3108 1243 etiam
3132 1189 3398 1257 jndicibus
3427 1191 3576 1243 obse-

2001 1290 2245 1351 quentes.
2288 1281 2415 1347 Quae
2443 1282 2583 1335 enim
2614 1291 2736 1337 sunt
2764 1299 2872 1337 non
2901 1282 3061 1336 modo
3091 1283 3269 1346 urbes,
3299 1282 3393 1336 sed
3413 1282 3574 1336 etiam

2002 1371 2287 1440 municipia
2335 1378 2496 1439 atque
2545 1372 2671 1436 vici,
2722 1372 2811 1424 ubi
2859 1388 2968 1425 non
2997 1379 3129 1439 quot
3159 1372 3181 1408 δ
3210 1369 3436 1425 curiales
3462 1370 3577 1424 fue-

2002 1461 2129 1524 rint,
2161 1468 2241 1514 tot
2269 1461 2482 1530 tyranni
2512 1461 2656 1514 sint?
2683 1472 2704 1499 ο
2733 1460 3045 1529 Quanquam
3069 1459 3205 1514 forte
3235 1462 3337 1515 hoc
3359 1461 3579 1514 nomine

2003 1550 2103 1604 sibi
2150 1550 2505 1618 gratulentur,
2553 1550 2678 1617 quia
2726 1559 2919 1618 potens
2947 1559 3002 1604 et
3031 1551 3326 1604 honoratus
3352 1565 3469 1604 esse
3500 1551 3577 1602 vi—

2001 1639 2208 1693 deatur.
2267 1638 2398 1692 Nam
2447 1647 2502 1692 et
2547 1639 2783 1694 latrones
2831 1637 2997 1694 ferme
3048 1655 3237 1695 omnes
3263 1640 3494 1708 gaudent
3522 1649 3578 1692 et

1996 1734 2318 1802 gloriantur,
2364 1733 2410 1785 si
2451 1733 2746 1786 atrociores
2800 1732 3089 1786 admodum
3119 1748 3278 1801 quam
3307 1740 3431 1784 sunt
3459 1746 3578 1785 csso

1996 1824 2259 1878 dicantur.
2323 1821 2452 1888 Quis
2498 1836 2646 1890 ergo,
2699 1833 2757 1876 nt
2803 1823 2935 1887 dixi,
2984 1823 3133 1877 locus
3179 1831 3262 1877 est
3291 1823 3376 1876 ubi
3408 1839 3513 1876 non
3544 1838 3574 1875 a

1997 1913 2379 1983 principalibus
2416 1912 2688 1967 civitatum
2738 1913 3013 1966 viduarum
3059 1921 3112 1967 et
3142 1913 3464 1982 pupillorum
3491 1913 3576 1964 vi«

1999 2018 2148 2058 scera
2176 2003 2521 2067 devorentur,
2569 2012 2624 2057 et
2668 2020 2787 2058 cum
2819 2005 2900 2056 his
2930 2003 3093 2057 ferme
3123 2012 3430 2057 sanctorum
3459 2019 3575 2056 om-

2000 2093 2184 2145 nium?
2233 2091 2364 2144 Nam
2403 2100 2457 2145 et
2485 2092 2585 2145 bos
2613 2092 2760 2159 quasi
2795 2092 2979 2146 viduas
3007 2107 3070 2145 ac
3099 2093 3328 2160 pupillos
3355 2093 3577 2156 habent,

1998 2181 2123 2248 quia
2155 2180 2290 2233 tueri
2320 2195 2376 2233 se
2406 2189 2497 2231 aut
2526 2196 2622 2248 pro
2659 2181 2834 2233 studio
2867 2180 3216 2248 professionis
3235 2196 3344 2234 sua:
3366 2181 3576 2247 nolunt,

1998 2276 2093 2321 aut
2120 2284 2217 2337 pro
2264 2267 2568 2322 innocentia
2615 2277 2776 2336 atque
2825 2269 3122 2323 humilitate
3175 2285 3280 2324 non
3328 2279 3571 2339 possunt.

2000 2360 2164 2414 Nemo
2193 2361 2373 2430 itaque
2400 2361 2590 2415 horum
2621 2369 2766 2415 tutus
2794 2369 2876 2415 est
2897 2400 2912 2426 ,
2963 2375 3135 2429 neque
3164 2363 3258 2415 ulli
3286 2362 3574 2416 admodum

1997 2459 2193 2522 prmter
2239 2469 2475 2508 summos
2520 2469 2552 2506 a
2609 2453 2908 2507 vastatione
2961 2453 3228 2507 latrocinii
3272 2453 3575 2523 populantis

2003 2542 2268 2596 immunes
2290 2581 2304 2604 ,
2356 2541 2456 2594 nisi
2502 2542 2594 2608 qui
2625 2540 2820 2595 fuerint
2844 2541 2972 2610 ipsis
3000 2541 3298 2596 latronibus
3326 2556 3483 2611 pares
3511 2542 3566 2595 in

2001 2632 2104 2686 hac
2133 2633 2478 2696 conditione;
2533 2633 2697 2686 immo
2750 2633 2804 2686 in
2849 2633 2952 2687 hoc
2988 2633 3163 2686 scelus
3199 2647 3286 2687 res
3321 2633 3571 2687 devoluta

1998 2733 2098 2785 est,
2131 2733 2189 2778 ut
2216 2725 2317 2777 nisi
2345 2725 2462 2792 quis
2491 2725 2662 2778 malus
2691 2725 2870 2786 fuerit,
2902 2725 3081 2780 salvus
3108 2740 3226 2778 esse
3247 2740 3352 2778 non
3379 2724 3568 2793 possit.

2068 2815 2131 2869 V.
2163 2813 2268 2868 Sed
2310 2815 2557 2868 videlicet
2584 2829 2705 2868 cum
2742 2820 2822 2868 tot
2860 2815 2966 2868 sint
3005 2815 3097 2883 qui
3133 2815 3305 2868 bonos
3334 2819 3569 2875 vastant,

1998 2913 2121 2961 sunt
2143 2905 2371 2960 fortasse
2399 2905 2560 2973 aliqui
2582 2905 2674 2974 qui
2703 2904 2754 2957 in
2780 2905 2879 2959 hac
2899 2904 3198 2957 vastatione
3227 2910 3570 2966 succurrant;

321 2997 476 3050 unius
527 2996 706 3064 gentis
756 3004 812 3049 et
856 2998 997 3064 regis
1021 3039 1035 3062 ,
1090 3007 1273 3054 mutuo
1311 3009 1522 3064 amant,
1547 3015 1733 3055 omnes
1763 3017 1896 3070 pene
1923 3010 1968 3072 ρ
1999 2998 2108 3066 qui,
2153 3004 2210 3050 ut
2248 2997 2503 3065 scriptum
2545 3003 2644 3058 est,
2687 2995 2918 3063 eripiant
2945 3008 3168 3060 egenum
3200 3005 3253 3047 et
3283 3007 3572 3062 pauperem

322 3085 549 3140 Romani
595 3101 654 3140 se
701 3093 888 3140 mutuo
937 3097 1347 3157 persequuntur.
1407 3089 1536 3155 Quis
1581 3091 1722 3145 enim
1764 3091 1893 3144 civis

322 3191 423 3228 non
456 3175 660 3250 invidet
685 3176 826 3229 civi?
871 3174 998 3240 Quis
1046 3177 1187 3230 enim
1217 3178 1428 3246 plenam
1459 3180 1634 3232 vicino
1679 3180 1894 3234 exhibet

316 3268 674 3321 cbaritatem?
723 3265 920 3320 Omnes
964 3269 1160 3337 quippe
1211 3285 1241 3322 a
1281 3285 1358 3334 se,
1388 3271 1488 3324 etsi
1517 3271 1636 3325 loco
1663 3287 1769 3326 ltOtt
1800 3273 1892 3325 ab-

315 3367 482 3420 sunt,
534 3355 728 3409 affectu
778 3357 997 3420 absunt;
1057 3357 1156 3411 etsi
1204 3358 1534 3412 habitatione
1575 3360 1886 3427 junguntur,

315 3457 497 3501 mente
538 3445 789 3513 disjuncti
829 3454 971 3499 sunt.
1018 3446 1190 3514 Atque
1235 3447 1437 3500 utinam
1484 3449 1613 3511 hoc,
1664 3449 1785 3502 licet
1823 3449 1893 3500 sit

318 3537 604 3605 pessimum
637 3537 853 3599 malum,
885 3537 1085 3588 utinam
1115 3537 1258 3590 cives
1282 3546 1484 3590 tantum
1508 3546 1666 3606 atque
1695 3538 1886 3592 vicini!

316 3625 448 3679 Illud
496 3633 579 3680 est
627 3626 838 3691 gravius
861 3663 876 3687 ,
917 3624 1060 3692 quod
1091 3640 1190 3679 nec
1219 3627 1499 3694 propinqui
1528 3627 1739 3696 quidem
1770 3642 1893 3695 pro-

317 3716 634 3785 pinquitatis
667 3715 784 3782 jura
825 3723 1161 3769 conservant.
1220 3715 1349 3781 Quis
1379 3718 1518 3770 enim
1548 3733 1606 3773 se
1634 3719 1893 3788 proximis

317 3809 424 3860 suis
453 3807 758 3876 proximum
788 3805 998 3858 reddit?
1026 3805 1156 3871 Quis
1183 3807 1340 3860 solvit
1369 3807 1632 3872 charitati,
1664 3810 1804 3877 quod
1833 3826 1892 3864 se

317 3898 559 3965 agnoscit
602 3896 798 3949 debere
848 3896 929 3949 vel
977 3897 1212 3950 nomini?
1263 3895 1390 3962 Quis
1439 3897 1540 3951 hoc
1586 3907 1666 3951 est
1713 3899 1892 3953 animo

287 3987 461 4057 -quod
508 3988 765 4042 vocatur?
817 3985 946 4051 Quis
993 3994 1100 4040 tam
1150 3988 1480 4057 propinquus
1525 3990 1685 4042 corde
1731 4005 1888 4058 quam

317 4078 614 4144 sanguine,
659 4077 712 4130 in
762 4091 871 4144 quo
922 4093 1027 4130 non
1075 4077 1278 4131 luridus
1324 4079 1710 4134 malevolentia:
1748 4082 1892 4136 zelus

317 4166 496 4230 ardet,
539 4165 691 4234 cujus
726 4181 832 4220 non
874 4181 1088 4220 sensum
1120 4167 1255 4219 livor
1284 4167 1492 4231 invasit,
1524 4171 1608 4222 cui
1640 4186 1742 4224 non
1775 4187 1892 4240 pro-

316 4256 542 4323 speritas
579 4257 752 4310 aliena
790 4256 1103 4326 supplicium
1146 4257 1265 4310 est?
1293 4256 1420 4321 Quis
1449 4275 1554 4312 non
1587 4260 1782 4314 bonum
1812 4262 1889 4314 al-

1993 3089 2061 3144 de
2088 3103 2246 3142 manu
2269 3087 2562 3157 peccatoris
2594 3085 2764 3157 (Paul.
2797 3103 2974 3152 Lxxxt,
3007 3085 3084 3156 4).
3120 3085 3244 3140 Νοη
3272 3094 3347 3138 est
3374 3088 3459 3158 qui
3490 3088 3573 3156 fa-

1994 3182 2101 3233 ciat
2133 3180 2337 3244 bonum,
2373 3196 2474 3233 non
2513 3188 2588 3232 est
2621 3195 2746 3248 pene
2773 3195 2928 3248 usque
2972 3179 3040 3230 ad
3067 3195 3220 3231 unum
3253 3177 3424 3247 (Psal.
3455 3193 3566 3241 xm,

1995 3269 2070 3337 1).
2104 3269 2228 3323 Ideo
2256 3267 2406 3334 dixit,
2438 3286 2562 3339 pene
2585 3285 2742 3339 usque
2769 3268 2837 3320 ad
2865 3285 3018 3321 unum
3047 3268 3167 3336 quia
3201 3276 3346 3321 tanta
3375 3276 3456 3321 est
3485 3282 3571 3320 ra-

1994 3359 2124 3413 ritas
2170 3359 2453 3421 bonorum,
2507 3366 2566 3411 ut
2611 3373 2748 3427 pene
2799 3375 2936 3412 unus
2980 3373 3098 3413 esse
3146 3357 3408 3410 videatur.
3441 3354 3572 3420 Quis

1995 3448 2136 3502 enim
2165 3448 2370 3501 vexatis
2399 3456 2559 3514 atque
2588 3447 2951 3501 laborantibus
2994 3461 3152 3516 opem
3183 3447 3401 3510 tribuat,
3445 3461 3564 3499 cum

1993 3536 2357 3605 improborum
2399 3535 2674 3590 hominum
2713 3536 2978 3590 violentia:
3008 3536 3180 3606 etiam
3208 3537 3231 3571 ά
3264 3535 3569 3588 sacerdotes

1993 3627 2202 3680 Domini
2240 3642 2347 3680 non
2387 3626 2671 3680 resistant?
2700 3625 2834 3680 Nam
2874 3634 2966 3680 aut
3008 3635 3188 3681 tacent
3228 3627 3438 3696 plurimi
3469 3642 3564 3680 eo-

1991 3733 2128 3782 rum,
2154 3724 2246 3770 aut
2273 3717 2472 3771 similes
2499 3724 2624 3770 sunt
2653 3716 2968 3782 tacentibus,
3004 3717 3213 3790 etiamsi
3243 3718 3561 3786 loquantur;

1992 3817 2048 3864 et
2073 3810 2176 3864 hoc
2216 3809 2368 3863 multi
2397 3823 2504 3862 non
2535 3809 2914 3874 inconstantia,
2964 3809 3057 3864 sed
3085 3809 3331 3874 consilio,
3359 3815 3415 3862 ut
3461 3823 3563 3878 pu-

1996 3909 2130 3966 tant,
2174 3908 2335 3970 atque
2381 3902 2609 3955 ratione.
2640 3903 2749 3972 99
2786 3899 3064 3955 Exsertam
3105 3901 3249 3956 enim
3285 3900 3566 3954 veritatem

1991 3993 2232 4064 proferre
2261 3994 2465 4056 nolunt,
2497 3993 2619 4061 quia
2650 4008 2766 4047 eam
2796 4007 2955 4047 aures
2995 3994 3357 4061 improborum
3389 3992 3568 4062 homi-_

1992 4099 2089 4138 nes
2114 4084 2377 4138 sustinere
2405 4098 2512 4137 non
2543 4091 2802 4151 possunt;
2834 4097 2935 4137 nec
2953 4082 3127 4135 solum
3157 4081 3439 4148 refugiunt,
3469 4079 3566 4132 sed

1991 4175 2154 4229 etiam
2197 4173 2480 4228 °cderunt
2509 4181 2563 4227 et
2602 4179 2967 4236 exsecrantur,
2994 4179 3048 4224 et
3077 4185 3182 4224 non
3210 4169 3368 4223 modo
3408 4167 3562 4221 audi-

1989 4271 2100 4317 tam
2124 4280 2229 4317 nan
2269 4271 2584 4316 reverentur
2611 4272 2703 4315 aut
2732 4269 2994 4323 metuunt,
3027 4259 3121 4314 sed
3151 4258 3354 4327 majore
3394 4258 3558 4312 etiam

315 4347 500 4411 terius,
528 4347 728 4399 malum
759 4323 911 4400 suum
954 4346 1161 4400 credit?
1202 4344 1298 4399 Cui
1341 4352 1412 4400 ita
1442 4347 1635 4402 sufficit
1665 4349 1886 4406 felicitas
1920 4323 1965 4379 Ι)
1989 4353 2347 4423 superbientis
2374 4351 2687 4420 pervicacize
2710 4350 3074 4419 perduellione
3101 4323 3465 4403 contemnunt.
3493 4347 3563 4402 Et

315 4453 443 4501 sua,
491 4446 551 4491 ut
596 4437 761 4491 etiam
808 4438 969 4490 alium
1019 4437 1145 4489 velit
1175 4451 1292 4490 esse
1323 4435 1569 4492 felicem?
1600 4439 1802 4494 Novum
1833 4453 1887 4496 et

317 4530 677 4585 inmstimabile
721 4547 862 4585 nunc
907 4532 959 4584 in
1008 4531 1250 4600 plurimis
1297 4533 1492 4584 malum
1545 4540 1647 4586 est.
1690 4532 1884 4588 Parum

315 4624 468 4678 alicui
516 4633 599 4679 est
643 4623 687 4678 si
733 4624 846 4692 ipse
887 4624 954 4677 sit
999 4621 1152 4688 felix,
1199 4623 1296 4676 nisi
1329 4625 1462 4677 alter
1490 4624 1648 4678 fuerit
1676 4625 1878 4679 infelix.

1991 4446 2112 4502 ideo
2140 4453 2320 4499 tacent
2346 4444 2507 4497 etiam
2534 4444 2625 4512 qui
2646 4443 2791 4512 loqui
2822 4450 3064 4511 possunt,
3085 4441 3209 4495 dum
3233 4441 3359 4508 ipsis
3393 4439 3559 4492 inter-

1989 4536 2113 4590 dum
2140 4535 2156 4574 τ
2180 4535 2330 4589 malis
2354 4541 2606 4604 parcunt;
2635 4549 2734 4588 nec
2756 4534 2938 4588 volunt
2965 4534 3044 4587 eis
3071 4533 3177 4586 vim
3207 4541 3402 4601 aperta:
3432 4547 3560 4601 pro-

1988 4641 2137 4681 mere
2158 4625 2417 4689 veritatis,
2455 4640 2521 4679 ne
2549 4625 2745 4680 faciant
2773 4639 2867 4679 eos
2895 4623 3098 4692 ingesta
3140 4624 3312 4677 acrius
3336 4623 3564 4678 veritate

1483 4776 1814 4832 STEPHANI
1855 4779 2116 4834 BALUZH
2156 4777 2384 4833 ΝΟΤᾸΕ.

383 4901 403 4924 ³
435 4891 509 4945 De
559 4888 750 4943 Gothis
793 4897 1018 4941 testatur
1074 4888 1307 4942 Lilorus
1349 4891 1400 4944 in
1442 4891 1735 4956 Chrowico,
1789 4908 1884 4946 eos

316 4959 538 5015 Arianos
561 4961 730 5012 factos
758 4974 876 5012 esse
907 4961 957 5012 in
977 4959 1202 5024 gratiam
1235 4959 1470 5014 Valentis
1495 4961 1832 5028 imperatoris
1865 4980 1876 5013 :

316 5030 460 5100 (λυτιΞὶ
483 5031 552 5082 ad
583 5029 774 5082 Istrum
804 5028 985 5100 bifurie
1012 5027 1624 5100 in_d‘§olmerridigerno
1653 5039 1702 5081 et
1729 5031 1882 5082 Atha-

315 5099 420 5168 ιιι-ἱ.
438 5118 466 5151 ο
490 5100 640 5153 divisi
661 5106 779 5151 sunt
801 5095 1020 5167 regibus.
1048 5095 1154 5150 Sed
1177 5095 1509 5168 Fridigemus
1531 5099 1880 5153 Athalaricum

327 5167 547 5222 l’ali'ntis
569 5170 748 5221 Ariani
771 5168 1092 5235 imperatoris
1114 5169 1312 5222 auxilio
1329 5167 1594 5237 superans,
1635 5169 1880 5221 suadente

313 5239 478 5291 eadem
508 5243 559 5292 in
603 5239 669 5290 Im
669 5240 756 5308 jus
783 5237 1010 5308 ueneﬁcii
1047 5239 1266 5308 gratiam
1295 5254 1357 5290 ea:
1380 5238 1629 5290 catholico
1657 5239 1879 5291 Ariunua

304 5324 413 5386 cum
441 5311 578 5363 omni
609 5305 757 5379 gente
777 5305 1059 5360 Gothorum
1077 5306 1303 5374 effectus,
1327 5325 1550 5360 errorem
1570 5316 1771 5360 secutus
1800 5317 1875 5360 est

311 5391 484 5444 ipsius.

384 5445 602 5500 t'Paulo
644 5454 764 5514 post
809 5453 965 5498 vocat
999 5445 1335 5514 principales.
1387 5445 1440 5498 in
1487 5447 1702 5514 antiqua
1759 5465 1878 5502 ver-

310 5515 459 5596 sione
511 5516 726 5570 enncilii
774 5515 1021 5596 Ephesini
1067 5531 1188 5596 pag.
1392 5525 1445 5568 et
1495 5515 1630 5596 apud
1657 5515 1875 5595 Marium

314 5583 657 5638 Mermtorezn
689 5599 809 5654 pag.
837 5583 957 5654 62!,
977 5583 1188 5638 curialis
1217 5585 1428 5649 dicitur,
1458 5583 1548 5653 qui
1579 5585 1629 5637 in
1661 5589 1875 5654 antiqua

313 5655 552 5709 Versione
580 5655 792 5710 concilii
826 5653 1274 5709 Chalcedonensns
1325 5670 1442 5724 pag.
1479 5655 1632 5720 H37,
1658 5653 1878 5710 vocatur

2029 4891 2319 4946 rincinalis.

2029 4907 2158 4946 rmcn
2202 4907 2319 4946 ans.

1988 4907 2020 4961 Ρ
2050 4971 2079 5030 ελ
2100 4908 2250 5014 1111)ηο
2269 4961 2442 5014 locum
2473 4958 2609 5011 haud
2637 4973 2820 5012 sanum
2851 4959 3265 5030 existimaverim
3289 4961 3554 5030 equidem.

2056 5027 2250 5100 ‘anra
2301 5039 2542 5082 extremo
2579 5030 2669 5100 lib.
2721 5045 2772 5082 Iv
2815 5027 3070 5100 adversus
3119 5027 3391 5100 avaritiam
3434 5046 3554 5100 pag.

1983 5097 2087 5171 9.96
2121 5117 2132 5152 :
2167 5099 2447 5171 Inter/uec
2475 5099 2599 5171 quid
2631 5099 3002 5171 aguntquibus
3031 5101 3269 5171 loquendi
3293 5119 3324 5153 α
3355 5097 3558 5154 Chi-isio

1981 5169 2149 5241 ofﬁcia
2175 5167 2522 5241 mandantur?
2540 5167 2645 5222 Deo
2670 5167 3018 5241 displicent,si
3041 5167 3234 5241 tacent;
3251 5171 3558 5238 hominibus,

1980 5237 2338 5309 alloquuntur.
2364 5238 2438 5291 Ea
2489 5254 2616 5306 ergo
2663 5237 2760 5291 fuit
2790 5240 2938 5291 istius
2975 5240 3151 5293 sicculi
3197 5241 3478 5295 infelicitas
3503 5237 3559 5294 ut

1984 5307 2350 5378 sacerdotibus
2372 5326 2477 5362 non
2510 5309 2692 5364 liceret
2722 5309 2896 5377 eloqui
2925 5309 3067 5376 quod
3090 5310 3304 5373 vellent,
3334 5311 3424 5362 sed
3441 5310 3556 5378 pal-

1983 5377 2155 5447 panda
2201 5388 2380 5432 essent
2424 5379 2548 5432 vitia
2595 5378 2976 5446 subjixttorum.
3028 5378 3160 5433 Vide
3184 5394 3300 5446 qua:
3345 5378 3412 5430 de
3444 5377 3559 5433 huc

1980 5457 2296 5515 argumento
2335 5456 2585 5502 annotata
2630 5466 2660 5502 a
2709 5448 2863 5502 nobis
2886 5455 3009 5501 sunt
3059 5449 3123 5500 ad
3153 5457 3312 5516 caput
3343 5447 3409 5499 13
3436 5447 3556 5502 libri

1981 5517 2245 5585 Agobardi
2276 5518 2342 5572 de
2368 5517 2649 5586 Privilegio
2675 5528 2728 5573 ct
2753 5517 2878 5571 Jnre
2906 5517 3208 5570 sacerdotii.

2054 5598 2076 5624 ε
2105 5588 2288 5642 Codex
2318 5588 2554 5644 Coliiert.
2581 5599 2634 5642 et
2663 5598 2870 5641 veteres
2902 5587 3053 5649 cdit.,
3081 5587 3278 5638 adimit.

2057 5656 2074 5694 ί
2102 5658 2244 5712 Idem
2276 5659 2408 5714 liber
2437 5669 2488 5712 et
2514 5667 2720 5713 veteres
2744 5657 2892 5724 edit.,
2922 5655 3055 5710 male
3083 5665 3321 5725 parcunt.
