4006 6182
405 288 475 344 99
1236 277 1256 297 ⁸
1346 288 1400 344 S.
1440 282 1752 341 SALVIANI
1790 281 2246 340 MASSILIENSIS
2286 285 2701 345 PRESBYTER]

3567 285 3667 352 tuo

405 403 632 474 pejores.
649 400 794 456 Inter
813 402 925 458 haec
947 409 1222 457 vastantur
1243 419 1522 474 pauperes,
1546 402 1718 457 viduae
1738 410 1974 471 gemunt,
2007 404 2056 462 Α
2083 411 2255 468 erant,
2286 405 2412 472 quia
2455 421 2564 460 non
2611 407 3060 476 permittebantur
3088 424 3207 464 esse
3243 410 3388 478 quod
3418 409 3625 466 fuerant
3649 432 3663 479 ;

403 499 628 568 orphani
654 498 1052 568 proculcantur,
1083 500 1135 552 in
1177 506 1383 555 tantum
1422 507 1482 554 ut
1516 498 1672 554 multi
1711 510 1903 552 eorum
1932 503 1989 548 et

404 604 511 644 non
538 589 778 644 obscuris
804 589 1068 644 natalibus
1091 590 1220 645 editi
1252 599 1308 646 et
1332 590 1628 646 liberaliter
1653 589 1882 644 instituti
1914 586 1983 641 ad

402 675 585 730 hostes
629 675 846 744 fugiant,
880 692 946 732 ne
991 681 1383 746 persecutionis
1419 680 1646 750 publicae
1687 677 1984 732 afflictione

401 767 726 833 moriantur;
757 777 1056 836 quaerentes
1084 769 1289 824 scilicet
1315 769 1457 838 apud
1492 769 1756 823 barbaros
1786 767 1988 821 Roma-

401 870 524 909 nam
571 856 979 923 hmnanitatem,
1029 858 1154 926 quia
1182 858 1320 927 apud
1367 858 1641 911 Romanos
1691 857 1980 910 barbaram

401 949 846 1004 inhumanitatem
877 948 1016 1004 ferre
1039 966 1146 1005 non
1177 957 1422 1020 possunt.
1455 949 1521 1003 Et
1541 949 1786 1018 quamvis
1809 949 1876 1003 ab
1900 948 1984 1003 his

401 1041 469 1095 ad
498 1056 634 1109 quos
675 1042 990 1111 confugiunt
1029 1043 1336 1112 discrepent
1375 1043 1504 1109 ritu,
1542 1043 1850 1112 discrepent
1878 1041 1985 1095 lin-

401 1145 523 1199 gua,
555 1133 670 1202 ipso
702 1133 883 1196 etiam,
915 1140 973 1186 ut
1001 1131 1074 1187 ita
1103 1133 1298 1198 dicam,
1329 1124 1619 1203 corporum
1641 1141 1803 1202 atque
1830 1132 1986 1186 indu-

402 1222 606 1276 viarum
642 1222 1042 1277 harbariearum
1089 1222 1258 1277 fetore
1297 1223 1634 1286 dissentiant,
1664 1222 1871 1276 malunt
1899 1229 1983 1274 ta-

402 1327 526 1365 men
576 1313 628 1364 in
675 1313 916 1367 barbaris
963 1314 1074 1382 pati
1121 1314 1323 1368 cultum
1371 1313 1704 1375 dissimilem,
1737 1327 1898 1383 quam
1927 1312 1983 1367 in

405 1400 659 1456 Romanis
681 1402 993 1469 injustitiam
1018 1403 1345 1457 szevientem.
1366 1401 1550 1470 Itaque
1571 1403 1770 1472 passim
1801 1402 1885 1456 vel
1916 1401 1985 1456 ad

401 1487 625 1554 Gothos,
649 1491 732 1544 vel
761 1491 828 1544 ad
849 1501 874 1527 ι
897 1491 1191 1556 Bacaudas,
1217 1492 1301 1546 vel
1323 1492 1390 1546 ad
1418 1493 1556 1547 alios
1582 1492 1782 1560 ubique
1809 1489 1986 1546 domi-

401 1586 593 1633 nantes
622 1580 880 1635 barbaros
905 1581 1156 1649 migrant,
1184 1590 1238 1635 et
1266 1583 1653 1649 commigrasse
1681 1596 1790 1635 non
1813 1579 1987 1650 poeni-

2090 495 2368 565 coactique
2411 512 2536 552 sunt
2563 499 2727 552 vitam
2750 499 2941 554 saltem
2976 498 3284 566 defendere,
3316 502 3442 571 quia
3471 517 3530 557 se
3555 504 3669 572 jam

2087 584 2389 642 libertatem
2444 588 2696 643 videbant
2741 591 2957 659 penitus
3008 590 3320 661 perdidisse.
3347 621 3350 623 λ
3382 591 3487 646 Aut
3538 593 3670 661 quid

2089 678 2234 732 aliud
2260 679 2421 735 etiam
2447 697 2589 736 nunc
2609 683 2786 750 agitur
2811 699 2972 752 quam
3005 691 3132 739 tunc
3151 692 3330 740 actum
3352 693 3453 750 est,
3479 687 3533 741 id
3562 696 3665 752 est,

2087 776 2148 823 ut
2201 771 2292 839 qui
2341 770 2516 826 adhuc
2561 771 2821 827 Bacaudae
2867 789 2977 829 non
3030 781 3172 839 sunt,
3204 789 3323 829 esse
3369 777 3671 844 cogantur?

2088 859 2356 926 Quantum
2387 863 2531 916 enim
2558 863 2624 917 ad
2653 863 2761 918 vim
2785 873 2944 934 atque
2975 864 3198 934 injurias
3229 866 3485 935 pertinet,
3517 883 3669 922 com-

2085 949 2354 1018 pelluntur
2382 960 2440 1004 ut
2468 953 2635 1006 velint
2663 968 2801 1016 esse,
2827 953 2922 1007 sed
2958 953 3322 1008 imbecillitate
3360 954 3667 1024 impediun-

2086 1046 2174 1092 tur
2196 1047 2255 1092 ut
2283 1056 2390 1094 non
2425 1041 2552 1095 sint.
2585 1040 2675 1096 Sic
2701 1052 2823 1096 sunt
2853 1055 2980 1110 ergo
3005 1041 3158 1110 quasi
3185 1043 3385 1111 captivi
3405 1043 3535 1112 jugo
3563 1043 3669 1098 ho-

2085 1130 2245 1185 stium
2293 1133 2481 1200 pressi.
2534 1132 2790 1186 Tolerant
2831 1134 3152 1204 supplicium
3185 1134 3523 1199 necessitate,
3555 1151 3666 1190 non

2086 1226 2236 1273 voto.
2263 1217 2454 1274 Animo
2475 1220 2782 1276 desiderant
2808 1221 3133 1287 libertatem,
3165 1222 3260 1279 sed
3287 1238 3551 1277 summam
3582 1240 3672 1279 su-

2087 1309 2288 1364 stinent
2317 1313 2653 1368 servitutem.

2162 1403 2313 1472 101
2337 1402 2448 1457 Vli.
2473 1402 2550 1457 ita
2571 1418 2700 1472 ergo
2727 1410 2783 1458 et
2807 1419 2929 1458 cum
2949 1403 3197 1460 omnibus
3223 1402 3391 1459 ferme
3415 1404 3668 1460 humilio-

2084 1491 2233 1546 ribus
2261 1493 2454 1561 agitur.
2475 1492 2588 1547 Una
2610 1493 2753 1548 enim
2772 1507 2833 1548 re
2853 1492 2918 1548 ad
2946 1493 3078 1548 duas
3105 1493 3491 1550 diversissimas
3521 1509 3671 1550 coan-

2086 1589 2318 1638 ctantur.
2339 1584 2431 1639 Vis
2451 1599 2659 1639 summa
2687 1585 2853 1654 exigit
2879 1591 2936 1638 ut
2963 1594 2984 1624 ο
3003 1585 3242 1654 aspirare
3267 1583 3334 1638 ad
3362 1584 3666 1640 libertatem

403 1676 497 1722 tet.
525 1667 722 1723 Malunt
753 1670 894 1723 enim
932 1671 1030 1725 sub
1058 1671 1240 1740 specie
1285 1672 1612 1740 captivitatis
1639 1672 1823 1725 vivere
1846 1669 1985 1725 libe-
2015 1687 2064 1748 Β
2087 1673 2272 1738 velint,
2301 1673 2396 1727 sed
2424 1674 2612 1729 eadem
2635 1675 2716 1730 vis
2736 1690 2897 1744 posse
2925 1690 3034 1729 non
3055 1676 3182 1730 sinit
3208 1689 3329 1744 quae
3355 1675 3493 1730 velle
3517 1691 3669 1731 com-

402 1759 469 1821 ri,
498 1773 658 1827 quam
687 1761 786 1812 sub
806 1761 986 1828 specie
1014 1760 1276 1814 libertatis
1297 1775 1416 1815 esse
1441 1760 1656 1829 captivi.
1681 1760 1868 1828 itaque
1888 1774 1988 1814 no-

403 1862 526 1901 men
557 1848 753 1902 civium
783 1849 1166 1915 Romanorum,
1201 1851 1490 1920 aliquando
1533 1865 1639 1904 non
1668 1849 1842 1904 solum
1871 1864 1986 1903 ma-

403 1951 509 2006 gno
537 1938 878 2004 aestimatum,
909 1939 1005 1994 sed
1047 1954 1241 2009 magno
1276 1949 1534 2010 emptum,
1559 1955 1700 1994 nunc
1728 1939 1869 1994 ultro
1893 1955 1984 1994 re-

402 2029 654 2097 pudiatur
682 2044 745 2084 ac
773 2029 1001 2096 fugitur;
1036 2045 1134 2085 nec
1157 2031 1259 2084 vile
1287 2037 1514 2094 tantum,
1545 2028 1641 2084 sed
1669 2029 1832 2083 etiam
1855 2029 1988 2083 abo-

404 2118 655 2172 minabile
684 2134 821 2188 pene
850 2120 1094 2174 habetur.
1129 2119 1194 2174 Et
1221 2119 1363 2188 quod
1391 2135 1511 2174 esse
1543 2119 1716 2188 majus
1735 2119 1982 2174 testimo-

403 2209 553 2262 nium
581 2209 836 2264 Romanre
877 2211 1173 2279 iniquitatis
1215 2219 1410 2280 potest,
1443 2227 1604 2281 quam
1633 2210 1778 2280 quod
1813 2211 1981 2280 pleri-

403 2316 508 2370 que
536 2309 586 2356 et
620 2303 832 2357 honesti
857 2310 912 2357 et
932 2304 1156 2366 nobiles,
1201 2311 1256 2358 et
1281 2304 1473 2372 quibus
1510 2303 1786 2358 Romanus
1813 2311 1984 2358 status

402 2406 613 2446 summo
662 2401 717 2446 et
759 2391 1035 2462 splendori
1074 2408 1192 2448 esse
1238 2393 1422 2448 debuit
1458 2401 1514 2448 et
1537 2394 1751 2459 honori,
1784 2393 1851 2447 ad
1879 2393 1984 2450 hoc

402 2489 582 2537 tamen
623 2483 876 2538 Romana:
908 2485 1203 2554 iniquitatis
1231 2484 1549 2540 crudelitate
1574 2485 1833 2554 compulsi
1859 2494 1985 2540 sunt

401 2580 463 2626 ut
491 2573 662 2626 nolint
690 2588 807 2627 esse
837 2573 1098 2627 Romani?
1127 2573 1194 2628 Et
1215 2574 1341 2630 hinc
1360 2582 1442 2630 est
1461 2574 1605 2643 quod
1625 2575 1790 2630 etiam
1811 2575 1866 2629 hi
1893 2575 1984 2644 qui

403 2661 469 2715 ad
490 2663 746 2717 barbaros
773 2664 928 2734 100
949 2679 1054 2718 nou
1076 2663 1410 2732 confugiunt,
1429 2664 1644 2719 barbari
1666 2671 1843 2718 tamen
1866 2678 1986 2718 esse

402 2761 666 2822 coguntur
690 2770 702 2805 :
735 2754 940 2808 scilicet
965 2761 1020 2806 ut
1045 2761 1128 2808 est
1153 2768 1280 2823 pars
1304 2767 1496 2822 magna
1518 2752 1896 2823 Hispanorum,
1929 2763 1985 2809 et

403 2858 510 2898 non
537 2844 756 2898 minima
785 2845 1081 2909 Gallorum,
1105 2861 1294 2900 omnes
1314 2845 1546 2915 denique
1572 2859 1711 2914 quos
1737 2861 1833 2915 per
1860 2846 1980 2900 uni-

2086 1763 2256 1833 pellit.
2287 1763 2394 1818 Sed
2420 1765 2671 1835 imputari
2699 1766 2781 1820 his
2826 1773 3007 1835 potest
3034 1764 3260 1820 forsitan
3282 1765 3426 1834 quod
3452 1765 3556 1820 hoc
3574 1780 3669 1819 ve-

2088 1853 2190 1907 lint
2218 1855 2464 1910 homines
2492 1855 2585 1925 qui
2613 1856 2747 1911 nihil
2784 1857 2956 1925 magis
2996 1863 3257 1925 cuperent
3283 1869 3442 1924 quam
3473 1871 3540 1910 ne
3569 1871 3666 1910 co-

2087 1952 2344 2011 gerentur
2369 1946 2474 2000 hoc
2499 1946 2652 2001 velle.
2678 1945 2897 2001 Summa
2927 1948 3071 2002 enim
3098 1945 3382 2002 infelicitas
3411 1955 3493 2001 est
3520 1947 3668 2017 quod

2086 2035 2293 2090 volunt.
2321 2035 2454 2090 Nam
2495 2051 2615 2090 cum
2646 2036 2730 2092 his
2767 2037 2936 2092 multo
2963 2038 3154 2093 melius
3187 2037 3443 2106 agebatur
3471 2037 3516 2091 si
3557 2051 3668 2092 non

2087 2126 2542 2195 compellerentur
2587 2127 2691 2181 hoc
2737 2126 2896 2181 velle.
2927 2126 3036 2182 Sed
3079 2126 3207 2194 quid
3253 2132 3478 2195 possunt
3521 2123 3666 2178 aliud

2085 2216 2221 2270 velle
2249 2217 2450 2281 miseri,
2475 2217 2566 2287 qui
2587 2217 2875 2282 assiduum,
2899 2218 3064 2272 immo
3087 2219 3400 2272 continuum
3422 2217 3663 2272 exactio-

2085 2307 2169 2361 nis
2188 2307 2413 2376 publica;
2435 2307 2714 2377 patiuntur
2732 2307 3021 2373 excidium,
3043 2309 3237 2376 quibus
3261 2307 3503 2363 imminet
3522 2323 3668 2362 sem-

2085 2412 2185 2467 per
2223 2398 2400 2466 gravis
2427 2405 2483 2453 et
2526 2398 2795 2454 indefessa
2824 2399 3164 2469 proscriptio,
3197 2400 3286 2469 qui
3323 2399 3512 2453 domos
3540 2413 3666 2452 suas

2084 2487 2358 2554 deserunt,
2407 2504 2477 2544 ne
2517 2490 2573 2543 in
2610 2489 2740 2558 ipsis
2778 2489 3026 2545 domibus
3065 2495 3438 2558 torqueantur,
3471 2489 3661 2544 exsilia

2087 2586 2298 2648 petunt,
2325 2593 2393 2633 ne
2419 2579 2681 2649 supplicia
2710 2579 3044 2634 sustineant?
3074 2578 3331 2634 Leniores
3356 2578 3440 2632 his
3478 2579 3668 2633 hostes

2086 2684 2249 2740 quam
2272 2678 2553 2725 exactores
2573 2676 2717 2726 sunt.
2734 2669 2802 2724 Et
2820 2684 2908 2724 res
2933 2669 3047 2740 ipsa
3077 2670 3183 2725 hoc
3211 2669 3429 2724 indicat.
3455 2669 3535 2722 Ad
3559 2669 3665 2723 ho-

2085 2772 2195 2819 stes
2239 2762 2446 2833 fugiunt
2491 2770 2550 2817 ut
2577 2764 2682 2817 vim
2713 2761 3009 2818 exactiouis
3047 2761 3297 2816 evadant.
3331 2759 3400 2813 Et
3443 2760 3666 2830 quidem

2084 2854 2188 2910 hoc
2231 2855 2426 2929 ipsum,
2467 2856 2713 2924 quamvis
2756 2855 2948 2908 durum
2987 2862 3043 2908 et
3082 2853 3453 2916 inhumanum,
3485 2852 3666 2907 minus

403 2949 616 2990 versum
645 2934 946 2990 Romanum
966 2937 1154 2992 orbem
1177 2935 1307 2992 fecit
1333 2937 1574 2991 Romana
1597 2937 1848 3006 iniquitas
1869 2935 1980 3006 jam
2006 2967 2051 3031 ο
2084 2951 2263 2998 tamen
2283 2959 2447 3012 grave
2468 2953 2630 3013 atque
2653 2944 2902 2999 acerbum
2933 2950 3069 3009 erat,
3092 2943 3137 2998 si
3166 2958 3356 2997 omnes
3380 2943 3666 3011 aequaliter

402 3039 510 3080 non
541 3041 659 3080 esse
699 3024 989 3081 Romanos.

471 3116 559 3172 VI.
589 3117 660 3172 De
684 3117 942 3174 Bacaudis
960 3133 1103 3174 nunc
1122 3118 1249 3174 mihi
1277 3134 1457 3174 sermo
1485 3126 1586 3186 est,
1617 3116 1710 3188 qui
1736 3134 1834 3189 per
1859 3135 1976 3174 ma-~

401 3207 485 3262 los
507 3205 713 3275 judices
740 3215 796 3261 ct
823 3217 1076 3262 cruentos
1104 3207 1337 3278 Spoliati,
1371 3207 1572 3273 afﬂicti,
1601 3209 1794 3272 necati,
1826 3217 1977 3278 post-

2082 3041 2246 3103 atque
2273 3035 2328 3088 in
2350 3049 2634 3090 commune
2665 3035 2976 3090 tolerarent.
3001 3033 3136 3088 Illud
3159 3033 3430 3102 indignius
3453 3047 3517 3086 ac
3544 3046 3663 3101 pm-

2075 3127 2274 3198 .nalius,
2301 3127 2448 3197 quod
2473 3127 2710 3182 omnium
2734 3141 2872 3181 onus
2899 3142 3006 3181 non
3032 3141 3220 3180 omnes
3247 3124 3534 3188 sustinent,
3560 3122 3665 3176 im-

2081 3231 2172 3272 mo
2201 3217 2346 3286 quod
2373 3217 2733 3287 pauperculos
2759 3215 3008 3271 homines
3045 3215 3241 3270 tributa
3281 3213 3506 3267 divitum
3538 3228 3662 3283 pre-

401 3309 560 3364 (Ῑυειηι
582 3295 670 3364 ius
699 3295 956 3350 Romam?
986 3297 1246 3352 libertatis
1275 3298 1584 3365 amiserant.
1619 3297 1645 3336 δ
1675 3299 1840 3353 “iam
1880 3299 1980 3354 h0-
2081 3317 2250 3374 munt,
2283 3315 2336 3362 et
2365 3306 2686 3363 infirmiores
2724 3307 2902 3362 ferunt
2939 3307 3178 3361 sarcinas
3218 3304 3516 3359 fortiorum.
3550 3302 3663 3357 Nec

402 3402 589 3441 norem
636 3386 862 3442 Romani
903 3387 1137 3442 nominis
1177 3388 1542 3458 perdiderunt.
1575 3389 1644 3443 Et
1683 3389 1980 3460 imputatur

2084 3403 2184 3457 alia
2213 3417 2377 3458 causa
2405 3407 2486 3456 est
2513 3400 2660 3469 quod
2688 3401 2952 3454 sustinere
2979 3413 3089 3452 non
3126 3403 3371 3467 possunt,
3404 3394 3504 3449 nisi
3531 3394 3660 3463 quia

401 3477 483 3532 his
510 3477 790 3532 infelicitas
818 3494 932 3545 sua,
966 3478 1289 3548 imputamus
1318 3479 1401 3534 his
1427 3495 1624 3534 nomen
1654 3480 1978 3536 calamitatis
2079 3493 2252 3563 major
2272 3501 2356 3549 εει
2391 3493 2708 3548 miserorum
2737 3490 2948 3546 sarcina
2977 3503 3137 3557 quam
3165 3486 3409 3541 πίρωμις,
3441 3485 3548 3539 nos
3575 3485 3662 3537 di-

399 3581 527 3631 suae,
561 3567 886 3638 imputamus
907 3584 1101 3624 nomen
1129 3577 1274 3640 quod
1302 3570 1405 3639 ipsi
1431 3569 1674 3625 fecimus.
1706 3569 1774 3622 Et
1813 3586 1976 3626 voca-

399 3675 518 3715 mus
566 3661 812 3727 rebelles,
845 3677 1099 3716 vocamus
1128 3661 1384 3731 perditos,
1411 3677 1548 3730 quos
1575 3677 1697 3716 esse
1715 3662 1978 3730 compuli-

400 3767 518 3805 mus
561 3752 895 3807 criminosos.
929 3751 1132 3817 Quibus
1177 3751 1321 3806 enim
1368 3751 1487 3806 aliis
1528 3751 1689 3805 rebus
1717 3750 1976 3806 Bacauda:

401 3840 524 3896 lacti
551 3849 692 3905 sunt,
720 3843 818 3896 nisi
846 3841 1216 3910 iniquitatibus
1238 3841 1453 3906 nostris,
1483 3841 1584 3895 nisi
1615 3841 1974 3911 improbitati-

400 3931 497 3984 bus
519 3929 779 3998 judicum,
812 3931 914 3985 nisi
934 3945 1121 3985 eorum
1148 3931 1630 4002 proscriptionibus
1663 3938 1719 3986 et
1749 3932 1970 4002 rapinis,

398 4021 487 4092 qui
535 4021 829 4077 exaetionis
872 4021 1100 4092 publica:
1146 4037 1341 4078 nomen
1390 4022 1442 4077 in
1489 4030 1724 4091 quasstus
1769 4025 1973 4094 proprii

395 4111 754 4167 emolumenta
806 4120 1113 4177 verterunt,
1175 4120 1230 4168 et
1278 4112 1602 4169 indictiones
1658 4114 1972 4170 tributarias

394 4201 600 4274 pmdas
627 4217 752 4257 suas
779 4217 896 4258 esse
926 4203 1182 4269 fecerunt,
1215 4203 1308 4274 qui
1354 4203 1406 4258 in
1436 4203 1837 4260 similitudinem
1867 4206 1970 4259 im-

393 4292 630 4346 manium
675 4291 965 4348 bestiarum
1001 4309 1108 4348 non
1146 4302 1402 4349 rexerunt
1435 4294 1660 4349 traditos
1703 4295 1825 4362 sibi,
1876 4295 1970 4351 sed

392 4381 734 4443 devorarunt,
758 4399 859 4440 nec
883 4384 1070 4453 spoliis
1098 4394 1304 4439 tantum
1325 4385 1620 4450 hominum,
1646 4391 1706 4440 ut
1726 4385 1970 4455 plerique

392 4471 624 4529 latrones
660 4474 855 4541 solent,
898 4475 992 4530 sed
1021 4476 1346 4532 laceratione
1374 4477 1537 4530 etiam
1579 4484 1652 4541 et,
1685 4483 1743 4530 ut
1773 4478 1848 4532 ita
1888 4477 1969 4531 di-

2078 3584 2412 3638 versissimas
2448 3581 2934 3650 dissimillimasque
2971 3579 3265 3648 patiuntur,
3307 3575 3560 3629 invidiam
3601 3583 3660 3626 et

2079 3680 2392 3741 egestatem.
2426 3671 2627 3726 Invidia
2652 3679 2734 3726 est
2768 3671 2913 3725 enim
2956 3669 3012 3722 in
3039 3666 3326 3732 solutione,
3358 3675 3570 3735 egestas
3600 3665 3655 3718 iu

2079 3763 2348 3818 facultate.
2379 3761 2438 3817 Si
2465 3762 2722 3832 respicias
2741 3760 2884 3832 quod
2903 3758 3230 3830 dependunt,
3263 3757 3535 3812 abundare
3562 3772 3655 3809 ar~

2078 3853 2326 3920 bitreris;
2370 3852 2416 3907 si
2452 3853 2708 3922 respicias
2744 3849 2888 3920 quod
2931 3850 3150 3912 habent,
3192 3862 3352 3917 egere
3391 3847 3653 3916 reperies.

2078 3944 2207 4012 Quis
2233 3945 2504 3999 aestimare
2531 3959 2646 3999 rem
2669 3941 2825 4012 hujus
2851 3940 3148 4010 iniquitatis
3175 3939 3388 4009 potest?
3415 3937 3656 3992 Salutio-

2077 4050 2201 4090 nem
2244 4035 2512 4090 sustinent
2539 4034 2761 4089 divitum
2792 4040 2848 4088 et
2887 4029 3233 4099 indigentiam
3263 4027 3648 4082 mendicorum.

2076 4123 2204 4180 Plus
2228 4125 2398 4180 multo
2418 4129 2500 4180 est
2519 4122 2665 4192 quod
2685 4122 2924 4178 dicturus
2950 4135 3088 4176 sum.
3115 4117 3456 4188 Adjectiones
3477 4115 3653 4170 tribu-

2076 4217 2240 4274 tarias
2264 4215 2366 4288 ipsi
2393 4215 2662 4270 interdum
2689 4213 2882 4269 divites
2921 4211 3142 4276 faciunt,
3171 4225 3272 4282 pro
3297 4209 3489 4278 quibus
3517 4221 3652 4278 pau-

2075 4319 2233 4376 peres
2274 4305 2508 4360 solvunt.
2546 4303 2653 4359 Sed
2698 4303 2833 4360 dicis
2879 4319 2893 4355 :
2934 4299 3069 4355 Cum
3109 4300 3346 4369 ipsorum
3385 4299 3652 4353 maximus

2074 4408 2266 4450 census
2295 4393 2380 4460 sit,
2405 4401 2461 4448 et
2479 4393 2719 4464 ipsorum
2740 4392 2987 4447 maximas
3007 4391 3312 4461 pensiones,
3345 4390 3496 4461 102
3519 4403 3651 4457 quo.

2069 4482 2231 4538 modo
2261 4482 2312 4537 id
2339 4483 2454 4538 fieri
2482 4490 2681 4554 potest,
2714 4490 2774 4538 ut
2802 4482 2900 4554 ipsi
2942 4482 3044 4538 sibi
3063 4496 3263 4553 augere
3287 4481 3525 4537 debitum
3553 4495 3648 4535 vc-

391 4579 527 4631 cam,
558 4567 818 4635 sanguine
846 4567 1232 4638 pascebantur?
1269 4566 1345 4625 Ar
1373 4566 1450 4621 sic
1477 4573 1657 4621 actum
1684 4574 1766 4621 est
1794 4576 1853 4621 ut
1890 4568 1970 4623 la-
2068 4575 2204 4628 lint?
2232 4574 2417 4645 Neque
2445 4588 2546 4643 ego
2587 4574 2639 4629 id
2680 4573 2801 4630 dico
2824 4573 2968 4644 quod
3008 4575 3110 4629 sibi
3139 4581 3389 4641 augeant.
3433 4571 3562 4627 Nam
3592 4581 3648 4626 et

392 4658 630 4713 trociniis
652 4659 889 4728 iudicum
914 4659 1229 4729 strangulati
1257 4659 1503 4714 homines
1531 4666 1583 4713 et
1613 4660 1789 4713 necati
1832 4659 1966 4716 inci-
2067 4666 2189 4721 ideo
2218 4674 2432 4735 augent,
2463 4667 2589 4736 quia
2618 4683 2726 4722 non
2751 4668 2852 4722 sibi
2875 4674 3090 4736 augent.
3122 4667 3302 4722 Dicam
3342 4666 3639 4736 quomodo.

392 4753 580 4815 perent
607 4761 729 4802 esse
755 4751 912 4819 quasi
939 4750 1174 4818 barbari,
1219 4750 1344 4819 quia
1380 4765 1489 4805 non
1518 4749 1968 4821 permittebantur
2068 4753 2302 4809 Veniunt
2345 4755 2662 4827 plerumque
2709 4757 2833 4812 novi
2880 4758 3072 4822 nuntii,
3117 4757 3242 4812 novi
3281 4755 3573 4826 epistolarii
3618 4771 3647 4808 a

391 4846 508 4888 esse
553 4831 780 4890 Romani
829 4855 843 4890 :
887 4839 1273 4907 acquieverunt
1313 4839 1456 4897 enim
1496 4853 1616 4895 esse
1657 4832 1803 4908 quod
1855 4857 1964 4896 non
2068 4845 2290 4901 summis
2318 4845 2731 4902 sublimitatibus
2757 4846 2906 4900 missi
2955 4847 3047 4915 qui
3093 4845 3536 4902 commendantur
3566 4847 3645 4900 iu-

1574 4994 1908 5052 STEPHANI
1945 4997 2214 5056 BALUZII
2251 4999 2479 5056 NOTAE.

461 5123 1290 5206 'Alii,Boggudos,.8rassicauus
1309 5140 1365 5186 et
1391 5132 1712 5206 Galesinius,
1734 5131 1965 5206 Boagau-
2064 5135 2326 5206 putarem,
2370 5143 2576 5193 motum
2625 5137 2946 5204 agrestium,
2987 5150 3051 5192 ac
3102 5136 3440 5206 seditionem.
3490 5136 3646 5204 Quod

390 5196 502 5250 das.
526 5194 732 5250 Codex'
752 5194 1090 5252 Corbeiensis
1110 5210 1422 5255 constanter
1448 5203 1635 5267 habet,
1666 5194 1961 5258 Bacau'itas.
2067 5194 2083 5206 ’
2106 5207 2261 5260 robat
2275 5194 2456 5260 multis
2474 5194 2807 5261 testimoniis.
2834 5194 2967 5261 Vide
2982 5207 3142 5260 etiam
3163 5205 3370 5262 Justum
3385 5194 3642 5278 Lipsium,

390 5266 506 5328 Quo
555 5267 717 5321 etiam
770 5265 931 5320 modo
983 5269 1239 5328 scriptum
1275 5279 1357 5325 est
1388 5273 1525 5328 apud
1559 5271 1962 5328 Hieronvmum.
2066 5221 2160 5328 ΕΙ).
2185 5290 2242 5328 ιιι
2267 5275 2551 5328 Annalium
2593 5275 2763 5328 Taciti
2804 5275 3212 5328 Lindenbroeii.
3245 5278 3642 5328 observationes

389 5266 521 5346 Qud
555 5267 727 5346 etiam
770 5265 1239 5346 modo_scriptum
1275 5279 1357 5346 est
1388 5273 1540 5346 apud
1559 5265 1962 5346 Hieronymum,
2066 5265 2171 5346 lib.
2185 5290 2242 5329 ιιι
2267 5275 2552 5346 Annalium
2593 5275 2763 5330 Taciti
2804 5275 3212 5346 Lindenbrogii,
3236 5265 3646 5346 observationes

389 5335 615 5417 Idalium
634 5374 650 5402 ,
680 5342 735 5417 et
767 5335 1150 5417 alibi._N_omen
1189 5335 1438 5417 partium'
1470 5339 1590 5408 fuit,
1624 5335 1961 5417 nongentis,
2067 5344 2484 5417 in_.§tnmia_num
2507 5345 2871 5417 Marcellinum
2884 5335 3142 5417 pag.i8l,
3163 5335 3217 5402 et
3233 5345 3646 5403 Rittershusium

386 5413 450 5462 ut
475 5407 561 5480 vel
605 5420 673 5480 ex
706 5405 822 5480 ipso
845 5404 1096 5480 salviano
1135 5404 1350 5480 probari
1377 5404 1584 5480 potest.
1608 5404 1845 5466 Annotat
1870 5404 1964 5468 lo;
2068 5413 2137 5468 ad
2167 5413 2308 5469 hunc
2337 5413 2576 5469 Salviani
2597 5415 2796 5470 locum.

388 5475 599 5550 s_ephus_
610 5475 847 5550 Scaliger
891 5476 945 5532 in
981 5475 1534 5550 animadversionibus
1561 5481 1628 5536 ad
1655 5480 1962 5550 Chronicon
2143 5481 2169 5522 δ
2192 5481 2376 5540 Codex
2402 5482 2666 5550 Colbert.,
2693 5486 2847 5539 etiam
2867 5501 3072 5541 nomen.

389 5544 601 5618 [Eusebii
629 5545 1008 5618 latronestum
1046 5548 1227 5618 lingua
1259 5547 1534 5604 Gallorum
1553 5559 1775 5606 vocatos
1803 5549 1966 5605 fuisse
2145 5563 2169 5592 ο
2199 5552 2277 5608 Ita
2327 5570 2517 5610 omnes
2569 5544 2850 5609 editiones.
2897 5554 3003 5610 Sed
3038 5571 3228 5614 omnes
3265 5557 3387 5614 libri
3435 5566 3647 5614 veteres

389 5614 694 5696 Bacaudas,
751 5614 1314 5696 etuiiacaudar'etiam
1343 5618 1620 5696 _vocabulo
1674 5620 1963 5696 signiﬁcari
2070 5621 2380 5692 prmferunt,
2404 5623 3055 5696 Aspirareinlibertatem.

387 5682 526 5754 apud
555 5693 800 5740 auctores
821 5686 958 5743 illius
977 5690 1148 5744 aetatis
1169 5689 1528 5756 latrocinium,
1553 5682 1836 5744 tumultum
1859 5705 1961 5759 po-
