4006 6182
1808 213 1835 245 1

289 307 387 360 101

1386 307 1470 361 οε
1505 306 2034 366 GUBERNATIONE
2075 308 2184 364 DEI
2224 307 2346 363 un.
2414 306 2473 362 v.
2726 293 2750 318 ’

3449 301 3550 360 Itlz’.

285 403 552 479 lustribus
591 418 778 490 paucis
817 417 881 472 ad
925 417 1085 474 exitia
1113 417 1482 488 plurimorum.
1512 419 1883 475 Decernuntur
1905 427 1956 487 Α
1982 420 2231 474 medela?
2261 419 2323 473 Et
2347 419 2473 488 quid
2503 419 2693 489 plura?
2724 417 3009 477 Tributarii
3038 424 3256 480 omnino
3291 442 3558 500 pauperes
3629 419 3636 423 ’

288 514 375 568 his
402 527 546 566 nova
566 525 810 573 munera,
837 509 1199 564 decernuntur
1227 525 1378 563 nova:
1402 509 1737 565 indictiones.
1773 511 1876 565 De-

288 611 523 659 eernunt
570 609 822 670 potentes
867 598 1010 668 quod
1059 599 1270 653 solvant
1310 614 1592 669 pauperes,
1636 601 1878 655 decernit

288 694 467 764 gratia
494 693 718 746 divitum
748 691 890 759 quod
923 700 947 727 α
991 690 1180 760 perdat
1221 691 1374 744 turba
1405 691 1742 744 miserorum.
1773 690 1879 760 Ipsi

289 786 439 839 enim
470 784 521 836 in
547 782 695 836 nullo
724 781 962 835 sentiunt
989 779 1132 849 quod
1160 779 1474 834 decernunt.
1497 779 1600 834 Sed
1628 796 1731 833 non
1755 796 1880 850 pos-

288 885 447 937 sunt,
490 873 684 946 inquis,
731 889 840 926 non
880 870 1134 926 honorari
1179 877 1234 924 et
1262 870 1532 926 liberalius
1574 871 1740 941 accipi
1787 873 1880 940 qui

290 971 495 1022 fuerint
540 981 570 1019 a
611 963 906 1033 majoribus
946 963 1114 1017 missi.
1159 962 1345 1018 Estote
1392 977 1521 1032 ergo
1552 980 1648 1018 vos
1687 965 1881 1018 divites

288 1059 455 1130 primi
480 1059 532 1111 in
561 1055 909 1120 conferendo,
942 1056 1032 1124 qui
1067 1055 1195 1110 estis
1223 1055 1383 1125 primi
1429 1055 1482 1110 in
1517 1056 1875 1110 decernendo.

291 1149 484 1204 Estote
513 1148 667 1218 primi
709 1147 761 1200 in
802 1146 1050 1214 largitate
1091 1161 1291 1210 rerum,
1321 1146 1412 1214 qui
1454 1147 1610 1215 primi
1656 1147 1786 1200 estis
1827 1145 1880 1200 in

292 1241 616 1296 liberalitate
637 1239 942 1292 verborum.
979 1237 1079 1303 Qui
1107 1236 1203 1290 das
1227 1237 1293 1290 de
1323 1252 1461 1301 meo,
1494 1237 1560 1290 da
1591 1245 1644 1291 et
1667 1238 1734 1291 de
1766 1244 1876 1291 tuo.

289 1331 533 1384 Tametsi
557 1329 876 1392 rectissime,
903 1327 1144 1397 quisquis
1174 1327 1260 1380 ille
1289 1342 1348 1380 es
1375 1330 1465 1396 qui
1496 1329 1639 1382 solus
1676 1330 1758 1381 vis
1787 1345 1880 1382 ca-

288 1436 424 1490 pere
452 1420 696 1487 gratiam,
728 1417 874 1472 solus
900 1416 1162 1486 patereris
1191 1431 1501 1485 expensam.
1527 1415 1633 1470 Sed
1661 1419 1882 1488 acquie-

288 1513 494 1568 scimus
512 1524 780 1580 pauperes
801 1517 1010 1572 vestrze,
1035 1508 1246 1572 divites,
1271 1508 1553 1562 voluntati.
1577 1507 1728 1574 Quod
1751 1525 1884 1579 pau-

287 1604 372 1658 cis
395 1601 612 1670 jubetis,
657 1599 929 1654 solvamus
957 1612 1163 1652 omnes.
1195 1596 1331 1663 Quid
1365 1605 1474 1650 tam
1499 1596 1723 1664 justum,
1752 1597 1882 1666 quid

289 1701 406 1744 tam
427 1689 755 1744 humanum?
782 1686 1021 1741 Gravant
1042 1703 1142 1740 nos
1166 1687 1319 1740 novis
1339 1685 1533 1740 debitis
1553 1686 1770 1740 decreta
1793 1702 1883 1741 ve-
1916 1717 1958 1775 Β

288 1790 430 1836 stra.
459 1779 639 1833 Facite
681 1779 871 1832 saltem
911 1775 1149 1831 debitum
1194 1777 1366 1845 ipsum
1405 1777 1559 1829 vobis
1607 1776 1883 1830 nobiscum

289 1889 417 1930 esse
447 1886 749 1928 commune.
783 1868 920 1936 Quid
946 1869 1088 1923 enim
1117 1868 1347 1937 iniquius
1373 1883 1488 1922 esse
1516 1877 1610 1922 aut
1630 1867 1756 1938 quid
1796 1868 1881 1922 in-

291 1965 512 2034 dignius
549 1969 745 2034 potest,
770 1977 930 2030 quam
960 1969 1018 2014 ut
1041 1959 1140 2014 soli
1179 1960 1294 2014 sitis
1323 1959 1585 2012 immunes
1614 1973 1643 2011 a
1673 1957 1877 2022 debito,

289 2060 389 2129 qui
432 2065 655 2111 cunctos
699 2053 872 2108 facitis
914 2052 1218 2106 debitores?
1261 2050 1327 2103 Et
1354 2051 1569 2120 quidem
1597 2050 1882 2105 miserrimi

293 2161 566 2218 pauperes
590 2146 668 2200 sic
697 2152 868 2200 totum
897 2143 1000 2198 hoc
1036 2141 1179 2211 quod
1207 2141 1439 2195 diximus
1467 2141 1704 2205 solvunt,
1734 2139 1881 2208 quod

292 2252 404 2306 qua
435 2251 495 2290 re
523 2235 607 2290 vel
631 2249 735 2303 qua
767 2234 974 2287 ratione
1001 2232 1216 2286 solvant
1242 2231 1456 2301 penitus
1481 2231 1749 2298 ignorant.
1783 2228 1886 2284 Cui

305 2328 458 2382 enim
497 2326 624 2381 licet
662 2325 929 2381 discutere
974 2339 1069 2378 cur
1101 2323 1295 2387 solvat,
1327 2331 1419 2376 aut
1446 2323 1531 2378 cui
1560 2323 1888 2391 permittitur

295 2419 586 2487 explorare
601 2411 731 2481 quid
745 2412 1083 2468 debeat?Sed
1108 2423 1233 2468 tunc
1261 2413 1310 2467 id
1335 2399 1734 2468 evidentissime
1757 2429 1886 2483 pro-

299 2507 471 2569 ditur,
496 2520 618 2560 cum
648 2505 875 2559 invicem
900 2504 1002 2558 sibi
1026 2503 1218 2557 divites
1249 2504 1565 2568 irascuntur,
1596 2519 1718 2557 cum
1750 2504 1888 2557 ἱειόὶ-

297 2603 538 2665 gnautur
565 2595 725 2664 aliqui
755 2608 941 2648 eorum
967 2593 1111 2662 quod
1149 2591 1264 2647 sine
1292 2593 1516 2647 consilio
1547 2607 1610 2647 ac
1656 2601 1887 2648 tractatu

296 2703 403 2742 suo
447 2686 622 2756 aliqua
661 2685 878 2739 decreta
925 2684 1050 2738 sint.
1095 2682 1246 2736 Tune
1287 2697 1317 2736 a
1353 2681 1669 2750 quibusdam
1698 2697 1887 2737 eorum

298 2780 492 2832 audias
518 2778 621 2831 dici
654 2795 666 2828 :
699 2775 743 2830 0
778 2775 984 2830 facinus
1012 2773 1316 2842 indignum!
1363 2773 1478 2827 Duo
1507 2781 1598 2828 aut
1638 2782 1748 2828 tres
1777 2782 1888 2830 sla-

299 2876 464 2922 tuunt
490 2866 632 2936 quod
662 2867 861 2920 multos
882 2863 910 2902 δ
941 2872 1096 2919 necet
1127 2880 1140 2916 :
1173 2880 1202 2916 a
1244 2863 1428 2932 paucis
1456 2863 1765 2932 potentibus
1793 2862 1888 2917 de-

298 2959 545 3014 cernitur
571 2957 714 3027 quod
743 2973 773 3010 a
803 2957 982 3011 multis
1001 2957 1210 3009 miseris
1237 2954 1586 3024 dependatur.
1609 2955 1762 3026 103
1780 2953 1891 3010 Ho-

300 3052 426 3106 nori
458 3052 597 3104 enim
623 3068 722 3104 suo
763 3050 1124 3120 Unusquisque
1151 3049 1373 3103 divitum
1402 3057 1639 3118 praestat,
1673 3058 1729 3102 ut
1753 3050 1885 3104 nolit
1916 3019 1961 3082 c

298 3143 507 3212 aliquid
536 3159 593 3197 se
621 3144 846 3198 absente
885 3142 1120 3204 decerni,
1163 3157 1268 3196 non
1309 3139 1546 3209 justitim,
1599 3149 1656 3194 ut
1703 3142 1883 3210 iniqua

299 3234 444 3287 nolit
470 3248 527 3287 se
551 3242 814 3302 pricsente
841 3233 1116 3288 constitui.
1142 3232 1377 3299 Denique
1407 3229 1548 3299 quod
1572 3230 1624 3282 in
1653 3232 1773 3288 aliis
1800 3247 1886 3287 re-

297 3323 719 3392 prehenderant,
751 3322 848 3390 ipsi
886 3330 1073 3392 postea
1119 3331 1210 3375 aut
1239 3336 1335 3391 pro
1378 3327 1723 3390 contemptus
1750 3336 1885 3392 pric-

298 3411 450 3466 teriti
477 3412 699 3476 ultione,
733 3420 824 3466 aut
856 3428 954 3482 pro
990 3413 1273 3482 potestatis
1300 3413 1718 3486 praesumptione
1754 3427 1888 3467 con-

298 3502 549 3555 stituunt.
583 3500 660 3555 Ac
688 3517 784 3571 per
810 3501 912 3556 hoc
954 3501 1300 3556 infelicissimi
1341 3517 1606 3574 pauperes
1649 3506 1727 3559 sic
1761 3509 1886 3558 sunt

299 3593 455 3662 quasi
479 3593 622 3647 inter
649 3602 1022 3648 concertantes
1050 3594 1314 3664 procellas
1339 3595 1392 3648 in
1422 3597 1600 3651 medio
1625 3597 1758 3650 mari
1787 3610 1886 3665 po-

298 3683 409 3736 siti.
443 3682 593 3738 Nunc
639 3683 862 3738 istorum
907 3684 1128 3750 scilicet,
1173 3700 1319 3740 nunc
1367 3685 1580 3742 illorum
1637 3685 1884 3743 ﬂuctibus

301 3774 624 3827 obruuntur.

371 3862 506 3918 VIII.
545 3862 650 3918 Sed
669 3861 918 3918 videlicet
954 3864 1046 3933 qui
1074 3865 1126 3919 in
1154 3864 1258 3919 hac
1282 3873 1435 3935 parte
1464 3865 1631 3936 iniqui
1657 3874 1800 3931 sunt,
1829 3867 1884 3922 in

298 3955 404 4008 alia
448 3954 711 4009 moderati
758 3955 1100 4010 inveniuntur
1147 3963 1203 4011 et
1240 3955 1401 4026 justi‘,
1451 3971 1516 4012 ac
1561 3957 1882 4027 pravitatem

298 4045 459 4098 unius
485 4044 565 4098 rei
604 4044 826 4099 alterius
860 4046 1127 4114 probitate
1166 4055 1534 4116 compensant.
1572 4046 1706 4101 Nam
1747 4048 1886 4102 sicut

299 4138 354 4190 in
381 4151 550 4191 onere
577 4151 837 4191 novarum
865 4136 1214 4192 indictionum
1241 4153 1517 4208 pauperes
1538 4146 1780 4207 gravant,
1812 4138 1884 4192 ita

298 4229 352 4282 in
382 4242 646 4282 novorum
671 4225 1032 4282 remediorum
1052 4229 1409 4298 opitulatione
1437 4237 1741 4284 sustentant
1773 4246 1785 4281 :
1811 4228 1883 4284 si-

1982 527 2088 565 non
2119 519 2390 581 putantur,
2433 512 2534 566 nisi
2560 527 2682 566 cum
2722 513 2806 567 his
2836 514 3018 568 tributi
3041 518 3287 572 cumulus
3322 520 3554 589 imponi-

1983 611 2088 655 tur.
2119 602 2284 656 Extra
2312 618 2592 656 numerum
2622 613 2798 657 autem
2825 604 3228 660 tributariorum
3258 619 3403 676 sunt,
3432 626 3554 666 cum

1983 693 2219 746 remedia
2263 691 2586 746 dividuntur.
2619 692 2684 746 Et
2723 701 2967 762 putamus
2994 696 3136 765 quod
3167 713 3325 766 pinna
3365 700 3566 753 divina:

1983 783 2283 836 severitatis
2311 783 2509 849 indigni
2551 799 2751 847 sumus,
2783 799 2904 837 cum
2938 786 3015 840 sic
3042 802 3141 840 nos
3167 803 3382 858 semper
3422 806 3558 858 pau-

1984 887 2140 941 peres
2165 873 2483 942 puniamus?
2523 881 2615 925 aut
2641 875 2927 940 credimus,
2952 892 3071 929 cum
3101 877 3268 945 iniqui
3293 895 3390 933 nos
3414 881 3559 949 jugi-

1983 972 2065 1018 ter
2091 965 2275 1028 simus,
2308 965 2449 1034 quod
2479 964 2620 1019 Deus
2650 964 2825 1034 justus
2855 966 2906 1018 in
2939 982 3036 1021 nos
3064 969 3282 1021 omnino
3306 984 3423 1024 esse
3451 988 3557 1024 non

1983 1053 2218 1108 debeat?
2250 1053 2346 1107 Ubi
2373 1057 2512 1108 enim
2544 1062 2635 1108 aut
2665 1056 2716 1108 in
2740 1056 2934 1123 quibus
2973 1065 3117 1120 sunt,
3150 1057 3249 1111 nisi
3282 1059 3331 1111 in
3361 1059 3562 1113 Roma-

1987 1145 2068 1198 nis
2095 1152 2319 1205 tantum,
2345 1144 2458 1198 haec
2502 1145 2676 1197 mala?
2715 1143 2952 1210 Quorum
2982 1146 3241 1214 injustitia
3272 1157 3440 1213 tanta,
3465 1151 3565 1204 nisi

1987 1236 2210 1289 nostra?
2230 1233 2420 1288 Franci
2450 1235 2591 1289 enim
2622 1236 2725 1289 hoc
2747 1236 2922 1291 scelus
2943 1239 3203 1292 nesciunt.
3247 1240 3400 1310 104
3419 1239 3564 1293 Chu-

1987 1325 2041 1379 ni
2081 1325 2147 1379 ab
2176 1326 2260 1381 his
2295 1326 2588 1380 sceleribus
2618 1327 2880 1382 immunes
2917 1337 3058 1382 sunt.
3094 1328 3232 1383 Nihil
3263 1330 3454 1384 horum
3482 1340 3567 1385 est

1987 1415 2127 1484 apud
2147 1414 2434 1478 Vandalos,
2461 1416 2593 1469 nihil
2616 1416 2804 1471 horum
2831 1418 2972 1486 apud
2992 1417 3219 1473 Gothos.
3246 1419 3376 1474 'I‘am
3407 1421 3565 1489 longe

1985 1506 2128 1560 enim
2158 1515 2239 1559 est
2267 1514 2324 1559 ut
2349 1507 2462 1560 haec
2494 1507 2635 1561 inter
2661 1505 2866 1561 Gothos
2895 1509 3107 1562 barbari
3139 1511 3387 1575 tolerent,
3413 1521 3467 1565 ut
3499 1527 3567 1566 ne

1987 1594 2216 1649 Romani
2256 1595 2473 1666 quidem
2512 1599 2602 1664 qui
2633 1597 2773 1650 inter
2800 1614 2895 1652 eos
2923 1599 3109 1652 vivunt
3139 1601 3237 1654 ista
3272 1603 3563 1670 patiantur.

1987 1687 2169 1756 Itaque
2199 1704 2362 1742 unum
2405 1688 2513 1743 illic
2541 1688 2905 1742 Romanorum
2949 1691 3186 1744 omnium
3231 1699 3415 1745 votum
3462 1701 3568 1758 est,

1987 1793 2056 1832 ne
2083 1793 2336 1848 umquam
2376 1793 2471 1833 eos
2499 1793 2719 1833 necesse
2748 1779 2816 1832 sit
2847 1779 2898 1832 in
2918 1779 3005 1847 jus
3036 1781 3262 1835 transire
3293 1780 3568 1836 Romano-

1985 1882 2126 1921 rum.
2165 1865 2278 1921 Una
2304 1877 2360 1922 et
2378 1869 2722 1922 consentiens
2747 1869 2852 1923 illic
2881 1868 3137 1924 Romamn
3164 1872 3334 1940 plebis
3372 1873 3568 1937 oratio,

1986 1964 2046 2010 ut
2074 1957 2231 2012 liceat
2252 1958 2330 2012 eis
2357 1958 2522 2011 vitam
2552 1973 2713 2028 quam
2750 1967 2914 2027 agunt
2955 1974 3114 2026 agere
3144 1977 3264 2014 cum
3304 1962 3566 2016 barbaris.

1985 2043 2054 2099 Et
2082 2047 2337 2101 miramur
2374 2049 2420 2101 si
2449 2062 2558 2102 non
2583 2049 2870 2103 vincuntur
2909 2063 2939 2102 a
2968 2051 3168 2105 nostris
3196 2053 3438 2120 partibus
3459 2051 3567 2106 Go-

1991 2137 2088 2202 thi,
2117 2153 2240 2192 cum
2277 2137 2467 2192 malint
2491 2138 2630 2208 apud
2656 2153 2750 2194 eos
2771 2155 2890 2194 esse
2927 2155 3087 2209 quam
3122 2153 3143 2180 ο
3176 2143 3316 2212 apud
3344 2159 3440 2197 nos
3463 2143 3570 2198 Ro-

1989 2229 2171 2283 mani?
2198 2228 2383 2298 Itaque
2415 2244 2521 2283 non
2565 2229 2738 2284 solum
2768 2230 3107 2298 transfugere
3136 2233 3204 2287 ab
3242 2233 3320 2287 eis
3365 2234 3431 2286 ad
3472 2249 3570 2288 nos

1986 2320 2182 2375 fratres
2221 2320 2392 2375 nostri
2432 2321 2652 2376 omnino
2687 2321 2898 2386 nolunt,
2932 2323 3026 2377 sed
3056 2330 3115 2376 ut
3153 2323 3222 2378 ad
3262 2339 3355 2378 eos
3382 2327 3571 2380 confu-

1986 2412 2153 2480 giant,
2181 2427 2278 2466 nos
2306 2412 2634 2480 relinquunt.
2659 2409 2724 2465 Et
2743 2411 2962 2481 quidem
2993 2413 3172 2467 mirari
3196 2415 3395 2484 possim
3424 2417 3568 2484 quod

1987 2503 2092 2557 hoc
2119 2518 2228 2556 non
2268 2517 2457 2558 omnes
2485 2503 2704 2557 omnino
2739 2501 2977 2557 facerent
3007 2503 3274 2558 tributarii
3304 2520 3569 2575 pauperes

1988 2601 2044 2648 et
2081 2594 2368 2662 egestuosi,
2409 2594 2515 2648 nisi
2543 2594 2692 2662 quod
2720 2608 2823 2648 una
2855 2601 3060 2648 tantum
3089 2610 3251 2650 causa
3294 2605 3375 2650 est
3402 2612 3573 2666 quare

1989 2701 2096 2741 non
2119 2686 2338 2751 faciunt,
2361 2686 2485 2754 quia
2510 2686 2800 2741 transferre
2823 2686 2948 2741 illuc
2969 2687 3208 2742 resculas
3230 2696 3392 2757 atque
3419 2689 3572 2744 [tabi-

1988 2775 2309 2829 tatiuuculas
2336 2789 2461 2828 suas
2489 2773 2823 2844 familiasque
2852 2791 2958 2830 non
2988 2786 3234 2846 possunt.
3278 2777 3408 2832 Nam
3447 2795 3570 2835 cum

1988 2865 2229 2936 plerique
2257 2879 2442 2919 eorum
2473 2865 2678 2935 agellos
2701 2881 2765 2920 ac
2805 2867 3152 2922 tabernacula
3179 2883 3274 2921 sua
3320 2868 3574 2924 deserant

1992 2963 2050 3010 ut
2074 2956 2182 3010 vim
2207 2957 2504 3012 exactionis
2531 2957 2782 3021 evadant,
2825 2958 3094 3026 quomodo
3129 2973 3236 3014 non
3275 2973 3395 3028 qua:
3424 2975 3574 3015 com-

1991 3047 2261 3118 pelluntur
2283 3048 2532 3102 deserere
2559 3048 2776 3111 vellent,
2809 3048 2904 3103 sed
2931 3064 3134 3113 secum,
3159 3050 3209 3104 'si
3245 3050 3572 3118 possibilitas

1990 3146 2285 3208 pateretur,
2311 3139 2622 3193 auferrent?
2645 3139 2785 3207 Ergo
2809 3141 2934 3209 quia
2965 3142 3068 3196 hoc
3097 3157 3205 3196 non
3230 3144 3407 3198 valent
3427 3145 3572 3214 quod

1990 3228 2132 3284 forte
2161 3229 2637 3296 mallent,faciunt
2664 3231 2808 3299 quod
2832 3248 2999 3286 unum
3018 3233 3220 3287 valent.
3251 3233 3487 3287 Tradunt
3516 3249 3574 3289 se

1989 3321 2058 3376 ad
2098 3322 2354 3376 tuendum
2401 3323 2899 3392 protegendumque
2945 3323 3258 3392 majoribus,
3303 3325 3574 3379 dedititios

1989 3427 2050 3466 se
2077 3412 2299 3465 divitum
2330 3412 2546 3474 faciunt,
2591 3419 2644 3466 et
2672 3413 2824 3480 quasi
2855 3414 2908 3466 in
2945 3413 3034 3481 jus
3060 3429 3249 3467 eorum
3284 3414 3572 3467 ditionem-

1988 3515 2094 3572 que
2116 3500 2519 3556 transcendunt.
2537 3500 2648 3556 Nec
2669 3507 2848 3555 tamen
2872 3515 3034 3569 grave
3058 3503 3160 3556 hoc
3185 3511 3278 3555 aut
3299 3502 3571 3570 indignant

1988 3591 2296 3657 arbitrarer,
2341 3591 2506 3646 immo
2545 3591 2726 3662 potius
2770 3592 3071 3659 gratularer
3102 3593 3243 3647 banc
3287 3599 3568 3662 potentum

1987 3681 2410 3750 magnitudinem
2446 3683 2644 3753 quibus
2670 3698 2728 3738 se
2748 3698 3017 3754 pauperes
3056 3683 3279 3748 dedunt,
3312 3684 3357 3739 si
3386 3693 3570 3754 patro-

1987 3773 2126 3830 cinia
2168 3774 2268 3828 ista
2295 3789 2403 3828 non
2431 3774 2745 3842 venderent,
2777 3777 2822 3830 si
2866 3775 3010 3845 quod
3040 3791 3098 3831 se
3129 3775 3315 3831 dicunt
3343 3776 3570 3832 humiles

1986 3865 2285 3931 defensare,
2315 3866 2634 3922 humanitati
2677 3869 2992 3934 tribuerent,
3025 3884 3129 3922 non
3160 3869 3458 3940 cupiditati.
3498 3869 3572 3924 II-

1986 3956 2077 4012 lud
2119 3971 2282 4024 grave
2321 3971 2384 4012 ac
2419 3957 2774 4026 peracerbum
2802 3966 2904 4024 est,
2951 3958 3096 4028 quod
3141 3960 3243 4015 hac
3285 3961 3402 4029 lege
3433 3958 3570 4015 tueri

1984 4059 2251 4116 pauperes
2291 4046 2537 4102 videntur
2580 4056 2640 4102 ut
2680 4049 2930 4118 spolient,
2976 4049 3076 4104 hac
3119 4049 3238 4118 lege
3277 4050 3571 4105 defendunt

1985 4138 2211 4191 miseros
2257 4144 2317 4191 ut
2361 4138 2667 4192 miseriores
2713 4140 2910 4194 faciant
2958 4139 3314 4195 defendendo.
3373 4139 3570 4196 Omnes

1985 4230 2128 4284 enim
2151 4230 2242 4299 qui
2272 4227 2485 4283 defendi
2518 4229 2787 4293 videntur,
2818 4229 3190 4284 defensoribus
3215 4230 3324 4284 suis
3355 4244 3568 4284 onmem

298 4329 390 4376 cut
418 4321 634 4375 tributis
661 4321 815 4375 novis
853 4321 1090 4376 minores
1125 4322 1360 4376 maxime
1385 4321 1778 4392 deprimuntur,
1805 4321 1884 4376 sic
1912 4311 1963 4372 Ι)
1985 4318 2099 4375 fere
2125 4321 2479 4376 substantiam
2499 4335 2650 4374 suam
2687 4321 2840 4392 105
2867 4321 3183 4391 priusquam
3213 4320 3567 4376 defendantur

295 4411 552 4467 remediis
593 4411 750 4467 novis
794 4411 1027 4466 maxime
1070 4411 1438 4466 sublevantur.
1467 4410 1636 4467 [tumo
1672 4427 1772 4483 par
1799 4421 1884 4468 est

297 4501 553 4571 iniquitas
571 4500 628 4556 in
655 4509 915 4578 utroque.
935 4500 1070 4556 Nam
1097 4503 1235 4558 sicut
1260 4511 1386 4558 sunt
1414 4503 1468 4558 in
1497 4505 1879 4572 aggravatione

297 4608 562 4667 pauperes
581 4594 760 4664 primi,
791 4593 870 4649 ita
887 4579 942 4648 in
962 4593 1292 4651 relevatione
1311 4594 1590 4664 postremi.
1617 4592 1676 4649 Si
1705 4609 1878 4666 quan-

298 4685 368 4738 do
391 4684 556 4748 enim,
589 4692 648 4739 ut
687 4699 857 4754 nuper
880 4682 1082 4740 factum
1108 4692 1212 4750 est,
1257 4683 1484 4740 defectis
1521 4684 1743 4740 urbibus
1779 4685 1880 4740 mi-

301 4775 538 4829 nuendas
579 4775 634 4828 in
671 4774 854 4842 aliquo
895 4775 1202 4829 tributarias
1240 4773 1542 4829 functiones
1583 4783 1880 4844 potestates

300 4880 516 4920 summa:
557 4866 998 4931 existimaverint,
1032 4867 1174 4922 illico
1221 4869 1516 4922 remedium
1548 4869 1757 4923 cunctis
1783 4867 1878 4922 da-

304 4964 409 5010 tum
441 4956 545 5014 soli
587 4957 730 5012 inter
755 4971 814 5011 se
849 4957 1040 5013 divites
1068 4958 1391 5029 partiuntur.
1435 4959 1566 5026 Quis
1596 4969 1720 5013 tunc
1745 4974 1880 5029 pau-

304 5061 479 5114 perum
501 5048 785 5104 meminit?
813 5047 941 5115 Quis
960 5049 1026 5104 ad
1049 5051 1483 5106 communionem
1508 5049 1755 5107 beneficii
1777 5051 1878 5105 hu-

304 5138 448 5193 miles
473 5145 528 5194 et
554 5147 873 5207 egestuosos
913 5145 1132 5198 vocat?
1187 5139 1317 5207 Quis
1363 5156 1484 5196 eum
1530 5142 1623 5212 qui
1677 5143 1880 5212 primus

306 5233 380 5280 est
403 5243 615 5298 semper
643 5230 696 5283 in
726 5229 952 5294 sarcina,
986 5229 1071 5285 vel
1093 5230 1278 5284 ultimo
1307 5247 1427 5287 esse
1449 5233 1569 5287 loco
1597 5234 1798 5301 patitur
1821 5233 1873 5286 in

1985 4410 2268 4474 addicunt;
2319 4425 2384 4465 ac
2421 4411 2519 4476 sic,
2567 4418 2627 4465 ut
2675 4418 2857 4480 patres
2897 4410 3129 4464 habeant
3174 4409 3562 4477 defensionem,

1983 4498 2215 4570 perdunt
2244 4498 2336 4553 filii
2363 4499 2751 4554 haereditatem.
2786 4499 2966 4554 Tuitio
2994 4508 3274 4570 parentum
3305 4501 3564 4555 mendici-

1983 4597 2096 4645 tate
2123 4591 2406 4660 pignorum
2433 4598 2794 4659 mmparatur.
2818 4589 2957 4646 Ecce
2983 4604 3102 4660 qua:
3128 4599 3253 4644 sunt
3277 4591 3475 4645 auxilia
3498 4607 3562 4650 ac

1981 4679 2281 4751 patrocinia
2307 4679 2592 4750 majorum.
2619 4677 2761 4734 Nihil
2789 4681 3054 4750 susceptis
3082 4681 3342 4746 tribuunt,
3369 4680 3464 4736 sed
3490 4684 3566 4737 ri-

1981 4769 2056 4824 bi.
2081 4767 2195 4824 Hoc
2221 4769 2364 4824 enim
2386 4776 2544 4838 pacto
2563 4767 2768 4839 aliquid
2789 4769 3100 4839 parentibus
3127 4772 3454 4842 temporarie
3479 4782 3563 4828 at-

1982 4861 2254 4922 tribuitur,
2289 4869 2346 4915 ut
2369 4861 2420 4914 in
2443 4859 2622 4915 futuro
2655 4868 2826 4914 totum
2851 4861 2971 4914 filiis
2990 4859 3284 4917 auferatur.
3313 4858 3562 4918 Vendunt

1982 4953 2180 5024 itaque,
2206 4961 2261 5008 et
2288 4952 2503 5024 quidem
2524 4952 2841 5020 gravissimo
2868 4953 3043 5023 pretio
3064 4954 3302 5009 vendunt
3329 4953 3563 5025 majores
3645 5029 3650 5036 _

1980 5047 2197 5116 quidam
2226 5051 2418 5101 cuncta
2443 5059 2564 5114 qua:
2591 5053 2869 5114 priestant.
2898 5045 2966 5100 Et
2992 5047 3137 5117 quod
3169 5047 3279 5102 dixi
3301 5048 3558 5111 vendunt,

1981 5137 2182 5192 utinam
2209 5136 2505 5191 venderent
2531 5135 2731 5191 usitato
2760 5151 2908 5192 more
2936 5146 3100 5208 atque
3129 5139 3427 5193 communi!
3461 5139 3558 5192 ali-

1982 5229 2110 5301 quid
2152 5227 2372 5282 forsitan
2414 5235 2716 5282 remaneret
2749 5228 3098 5297 emptoribus.
3127 5227 3331 5282 Novum
3360 5229 3559 5299 quippe

1471 5337 1810 5394 STEPHANI
1850 5337 2114 5394 BALUZII
2153 5335 2378 5392 ΝΟΤᾹΞ.

374 5442 398 5470 α
442 5430 513 5485 Ita
565 5447 756 5487 omnes
801 5431 1078 5486 editiones.
1135 5429 1339 5498 Quibus
1387 5434 1656 5487 consentit
1702 5433 1874 5488 codex
1979 5449 2094 5487 esse
2117 5433 2277 5484 bona.

309 5501 654 5556 Corbeieusis.
689 5501 1008 5573 qutamen
1040 5501 1251 5573 mallem
1273 5503 1484 5572 pendat,
1527 5505 1783 5573 apertiori
1809 5520 1872 5558 ac
1989 5572 1994 5573 γ
2047 5514 2068 5541 ο
2105 5502 2226 5555 llcc
2268 5507 2350 5573 est
2389 5500 2545 5555 lectio
2590 5503 2826 5557 omnium
2869 5503 3182 5557 editionum.
3215 5502 3396 5558 Codex
3424 5522 3554 5559 vero

311 5573 552 5644 nobiliori
571 5587 752 5626 sensu.
789 5571 981 5644 Verum
1004 5572 1128 5641 quia
1173 5571 1297 5627 ferri
1337 5580 1515 5642 potest
1545 5571 1598 5628 et
1625 5589 1723 5628 vox
1747 5590 1867 5644 per-
1971 5572 2312 5628 Cnrbciensis
2341 5571 2521 5635 habet.
2553 5590 2711 5644 quam
2733 5574 2873 5644 apud
2917 5573 3199 5644 Romanos.
3235 5574 3363 5639 Quae
3396 5575 3556 5633 lectio

311 5641 557 5715 dat,i_iihil
587 5650 796 5715 mutare
821 5641 1104 5695 voluimus.
1145 5711 1155 5715 Α
1341 5641 1353 5715 ξ
1498 5713 1508 5715 _
1609 5713 1616 5715 Α
1747 5641 1754 5644 ’
1968 5659 2107 5715 sane
2151 5644 2305 5715 bona
2341 5652 2440 5715 est.
2493 5641 2599 5697 Sed
2632 5641 2775 5715 alia
2799 5644 2926 5696 mihi
2959 5642 3166 5696 videtur
3195 5658 3312 5700 esse
3342 5645 3555 5715 melior,

368 5711 392 5748 δ
415 5711 595 5766 Codex
622 5709 883 5775 Colbert.,
933 5720 1096 5764 nocet.
1129 5711 1302 5782 Atque
1342 5713 1454 5767 luce
1497 5713 1658 5769 lectio
1685 5721 1866 5781 potest
1967 5713 2112 5782 quod
2136 5713 2465 5770 manifestius
2493 5714 2758 5784 exprimat
2789 5721 3020 5767 mentem
3043 5715 3298 5770 auctoris.
