4036 6180
489 253 589 312 105

1436 254 1492 308 S.
1535 252 1848 311 SALVIANI
1887 201 2345 316 MASSI‘LIPENSIS
2385 259 2805 318 PRESCYTERI

3656 265 3751 328 ιοι

485 373 585 426 hoc
612 381 780 438 genus
808 366 1132 422 venditionis
1161 373 1214 422 et
1241 368 1531 437 emptionis
1557 377 1657 424 est.
1692 369 1952 426 Vcnditor
1979 373 2062 427 ni-
2092 379 2134 436 Α
2165 375 2302 440 bius,
2333 376 2477 444 quod
2520 376 2732 430 additur
2779 376 2902 432 huic
2949 378 3091 432 malo
3132 378 3325 435 smvius
3372 381 3590 437 malum.
3622 383 3752 441 Nam

480 461 556 516 hil
594 458 775 524 tradit,
807 465 861 511 et
890 465 1059 511 totum
1090 458 1304 526 accipit.
1336 457 1561 528 Emptor
1587 461 1722 514 nihil
1751 462 1969 531 accipit,
2009 473 2065 518 et

480 559 652 605 totum
682 551 893 620 penitus
921 549 1136 601 amittit.
1167 547 1410 619 Cumque
1437 551 1613 606 omnis
1645 551 1810 608 ferme
1844 565 2062 610 contra-

388 626 400 636 ’
481 649 597 696 ctus
615 644 720 696 hoc
742 642 794 694 in
816 656 874 694 se
896 639 1090 694 habeat
1109 647 1169 695 ut
1193 640 1391 695 invidia
1420 656 1584 711 penes
1605 651 1927 714 emptorem,
1951 645 2066 700 ino-

480 734 566 802 pia
605 747 770 802 pcnes
795 731 1132 786 venditorem
1159 747 1276 787 esse
1301 734 1566 801 videatur,
1598 737 1726 806 quia
1755 745 1968 806 emptor
1996 739 2064 793 ad

478 824 581 878 hoc
621 823 750 877 emit
792 831 850 876 ut
896 824 1249 878 substantiam
1280 839 1431 879 suam
1471 836 1685 894 augeat,
1718 829 1969 884 venditor
1995 829 2061 884 ad

477 913 578 968 hoc
604 913 786 967 vendit
814 920 871 967 ut
893 913 1098 968 minuat
1120 953 1136 982 ,
1173 914 1469 969 inauditum
1503 918 1606 971 hoc
1627 920 1940 976 commercii
1968 934 2061 989 ge-

475 1020 575 1060 nus
603 1012 711 1060 est:
742 1005 1107 1061 venditoribus
1133 1008 1325 1062 crescit
1346 1006 1589 1074 facultas,
1622 1011 1954 1078 emptoribus
1978 1013 2060 1066 ni-

476 1096 547 1149 hil
578 1103 820 1150 remanet
863 1097 966 1150 nisi
1005 1097 1120 1151 sola
1157 1097 1494 1154 mendicitas.
1528 1099 1659 1154 Nam
1707 1101 1838 1156 illud
1876 1103 2055 1173 quale,

474 1201 636 1255 quam
670 1201 773 1239 non
814 1185 1110 1250 ferendum,
1157 1197 1320 1259 atque
1348 1191 1784 1257 monstrigcrum,
1816 1202 1871 1247 et
1913 1195 2056 1263 quod

414 1340 431 1352 ο
474 1290 581 1328 non
603 1274 774 1329 dicam
801 1277 910 1346 pati
937 1277 1184 1332 humanae
1212 1288 1438 1344 mentes,
1465 1281 1559 1335 sed
1583 1283 1727 1351 quod
1756 1283 1940 1339 audire
1970 1285 2059 1338 vix

474 1373 725 1434 possunt;
757 1366 902 1437 quod
941 1367 1185 1438 plerique
1220 1383 1516 1438 pauperum
1547 1380 1707 1442 atque
1738 1374 2058 1428 miserorum

473 1457 690 1526 spoliati
719 1459 936 1513 resculis
963 1459 1091 1525 suis,
1120 1469 1174 1514 et
1195 1462 1534 1516 exterminati
1566 1463 1753 1531 agellis
1781 1465 1911 1530 suis,
1937 1481 2058 1520 eum

472 1563 587 1601 rem
626 1547 922 1614 amiserint,
957 1550 1274 1603 amissarum
1305 1560 1482 1605 tamen
1518 1567 1696 1606 rerum
1729 1554 1927 1610 tributa
1957 1570 2056 1624 pa-

475 1637 695 1702 tiuntur,
741 1653 864 1692 eum
913 1640 1179 1707 possessio
1227 1641 1294 1695 ab
1331 1641 1414 1696 his
1460 1643 1763 1708 recesserit,
1794 1645 2053 1714 capitatio
2091 1679 2129 1735 Β

475 1743 580 1781 non
620 1727 856 1783 recedit?
894 1728 1318 1799 Proprietatibus
1362 1741 1566 1796 carent,
1608 1741 1666 1787 et
1711 1737 2058 1804 vectigalibus

474 1819 792 1873 obruuntur.
823 1819 952 1886 Quis
989 1822 1253 1878 aestimare
1283 1823 1384 1878 hoc
1411 1824 1613 1877 malum
1641 1825 1848 1894 possit?
1878 1827 2059 1883 Rebus

473 1927 662 1966 eorum
705 1913 958 1967 incubant
997 1930 1342 1984 pervaseres,
1397 1926 1456 1972 et
1496 1917 1695 1973 tributa
1733 1921 1916 1975 miseri
1958 1937 2057 1990 pro

472 2001 850 2068 pervasoribus
877 2001 1110 2055 solvunt.
1147 2012 1171 2039 ι
1202 2001 1330 2058 Post
1356 2013 1583 2058 mortem
1613 2007 1800 2076 patris,
1825 2009 1938 2062 nati
1958 2009 2054 2063 ob-

471 2091 672 2160 sequiis
706 2091 846 2160 juris
889 2094 971 2146 sui
1017 2094 1217 2162 agellos
1262 2110 1371 2148 non
1412 2095 1629 2161 habent,
1661 2104 1718 2151 et
1746 2096 1772 2135 δ
1802 2112 2053 2166 agrorum

471 2199 695 2238 munere
735 2193 1050 2240 enecantur.
1098 2186 1174 2240 Ac
1203 2202 1299 2256 per
1325 2187 1431 2241 hoc
1458 2187 1534 2240 nil
1575 2189 1716 2242 aliud
1758 2190 2052 2245 sceleribus

473 2277 633 2332 tantis
662 2278 853 2345 agitur,
887 2279 991 2332 nisi
1021 2285 1080 2332 ut
1125 2279 1217 2348 qui
1251 2279 1460 2348 privata
1505 2281 1824 2349 pervasione
1867 2283 2053 2337 nudati

469 2374 613 2433 sunt,
664 2367 874 2436 publica
916 2367 1204 2422 afllietione
1233 2369 1551 2435 moriantur,
1589 2371 1744 2442 108
1781 2379 1835 2425 et
1862 2373 2054 2442 quibus

471 2471 586 2510 rem
625 2457 952 2527 depncdatio
999 2458 1141 2524 tulit,
1182 2458 1349 2512 vitam
1399 2459 1555 2512 tollat
1593 2461 1826 2516 exactio.
1867 2462 2056 2533 Itaque

469 2546 712 2600 nonnulli
733 2561 920 2600 eorum
948 2546 1016 2601 de
1037 2548 1234 2618 quibus
1261 2547 1551 2616 loquimur,
1584 2549 1676 2618 qui
1701 2559 1794 2604 aut
1833 2552 2050 2606 consul-

470 2636 636 2694 tiores
663 2644 806 2702 sunt,
837 2645 930 2691 aut
969 2653 1106 2708 quos
1131 2639 1406 2693 consultos
1434 2639 1727 2694 necessitas
1757 2640 1898 2708 fecit,
1931 2657 2051 2697 cum

469 2731 739 2786 domicilia
768 2739 930 2801 atque
959 2732 1160 2800 agellos
1185 2747 1311 2788 suos
1338 2739 1432 2786 aut
1472 2733 1882 2802 pervasionibus
1922 2751 2049 2805 per-

467 2821 602 2874 dunt
630 2829 723 2874 aut
752 2819 919 2889 fugati
949 2823 1016 2876 ab
1045 2822 1392 2876 exactoribus
1419 2821 1692 2888 deserunt,
1718 2825 1843 2894 quia
1869 2833 2052 2880 tenere

467 2926 575 2964 non
595 2915 840 2980 possunt,
867 2909 1059 2966 fundos
1087 2910 1353 2980 majorum
1381 2919 1656 2982 expetunt,
1683 2921 1738 2968 et
1765 2915 1946 2969 coloni
1969 2916 2049 2969 di-

2170 465 2530 534 suseipiuntur
2558 471 2615 519 ut
2645 466 2885 530 advenae,
2917 467 3049 521 fiunt
3076 467 3385 537 praejudicio
3407 469 3752 527 habitationis

2170 556 2431 625 indigenae
2463 575 2477 624 ;
2519 566 2574 612 et
2598 559 2846 628 exemplo
2875 559 3106 627 quodam
3138 559 3280 614 illius
3321 561 3579 617 malefica:
3618 580 3753 633 pra:-

2171 645 2408 714 potentis
2434 660 2552 713 quae
2584 647 2873 701 transferre
2897 647 3140 702 homines
3163 649 3215 702 in
3238 651 3436 705 bestias
3455 651 3750 720 dicebatur,

2171 734 2245 787 ita
2292 743 2348 789 et
2377 735 2463 790 isti
2493 751 2678 790 omnes
2705 738 2797 804 qui
2825 737 2962 790 intra
3014 737 3207 792 fundos
3231 738 3453 794 divitum
3481 743 3748 812 recipiun-

2172 833 2275 890 tur,
2321 827 2472 894 quasi
2503 825 2674 881 Circei
2722 828 2898 896 poculi
2953 829 3416 896 transliguratione
3454 842 3748 891 mutantur.

2165 913 2300 968 Nam
2340 931 2476 985 quos
2515 917 2811 986 suscipiunt
2839 925 2898 971 ut
2949 926 3235 972 extraneos
3262 926 3318 973 et
3345 920 3569 985 alienos,
3615 923 3750 978 ioci-

2165 1011 2319 1076 piunt
2339 1007 2538 1062 habere
2559 1009 2710 1076 quasi
2742 1010 3022 1078 proprios;
3053 1024 3190 1077 quos
3229 1024 3346 1065 esse
3368 1021 3577 1066 constat
3600 1014 3748 1081 inge-

2165 1113 2321 1163 nuos,
2375 1107 2657 1152 vertuntur
2685 1100 2738 1152 in
2786 1115 2992 1154 servos.
3042 1098 3111 1152 Et
3137 1101 3394 1155 miramur
3421 1103 3465 1155 si
3498 1119 3595 1156 nos
3622 1103 3747 1157 bar-

2163 1187 2277 1240 bari
2306 1189 2540 1256 capiunt,
2574 1202 2695 1243 cum
2723 1189 2914 1243 fratres
2955 1197 3168 1244 nostros
3210 1205 3308 1245 nos
3343 1189 3603 1247 faciamus
3628 1208 3749 1247 esse

2164 1277 2408 1346 captivos
2432 1279 2454 1332 ?
2482 1278 2565 1332 Nil
2594 1293 2722 1347 ergo
2750 1281 2944 1333 mirum
2971 1288 3054 1334 est
3080 1279 3226 1348 quod
3252 1282 3578 1336 vastationes
3623 1289 3749 1336 sunt

2164 1376 2325 1436 atque
2353 1369 2560 1424 excidia
2591 1370 2888 1424 civitatum.
2939 1370 3036 1424 Diu
3067 1370 3118 1424 id
3148 1370 3496 1440 plurimorum
3527 1388 3749 1443 oppres-

2163 1459 2313 1514 sione
2342 1460 2736 1515 elaboravimus
2790 1469 2847 1514 ut
2893 1460 3211 1530 captivando
3241 1461 3391 1527 alios,
3437 1463 3598 1516 etiam
3647 1465 3746 1533 ipsi

2166 1551 2524 1621 inciperemus
2551 1567 2669 1607 esse
2691 1552 2905 1623 captivi.
2934 1551 3206 1608 Sentimus
3226 1554 3389 1619 enim,
3418 1556 3518 1609 etsi
3544 1555 3748 1610 tardius

2169 1645 2320 1713 107
2349 1644 2520 1699 multo
2549 1659 2710 1713 quam
2739 1645 3098 1710 merebamur,
3132 1645 3395 1700 sentimus
3425 1647 3636 1701 tandem
3655 1647 3744 1701 illa

2161 1749 2279 1802 quae
2327 1733 2568 1800 fecimus,
2624 1743 2696 1800 et,
2741 1735 2894 1804 juxta
2946 1749 3250 1790 sermonem
3308 1751 3519 1791 sacrum
3569 1737 3741 1808 (Psal.

2160 1840 2356 1887 cxxvn,
2382 1823 2460 1895 2),
2486 1826 2699 1880 labores
2727 1840 2981 1879 manuum
3011 1834 3314 1880 nostrarum
3342 1828 3741 1895 manducamus,

2160 1929 2222 1968 ac
2266 1914 2414 1983 justo
2433 1913 2611 1983 judice
2640 1916 2751 1970 Deo
2780 1915 3036 1970 solvimus
3063 1931 3182 1984 qua:
3219 1915 3494 1972 debemus.
3543 1917 3746 1974 Miserti

2155 2005 2354 2074 quippe
2383 2006 2628 2060 exsulum
2651 2022 2756 2061 non
2785 2021 3000 2073 sumus;
3033 2021 3158 2062 ecce
3185 2006 3286 2077 ipsi
3303 2009 3516 2064 exsules
3536 2024 3741 2066 sumus.
3763 2051 3782 2055 -

2156 2093 2476 2163 Peregrinos
2517 2095 2702 2152 fraude
2743 2098 3012 2167 cepimus;
3059 2112 3186 2152 ecce
3215 2098 3313 2166 ipsi
3343 2097 3746 2166 peregrinamur

2162 2195 2182 2223 ε
2199 2192 2361 2254 atque
2381 2187 2707 2242 fraudamur.
2728 2186 3055 2256 Priejudiciis
3078 2196 3378 2258 temporum
3400 2188 3614 2258 ingenui
3635 2197 3744 2243 sta-

2156 2284 2241 2332 tus
2270 2277 2514 2333 homines
2539 2279 3012 2343 circumvenimus;
3044 2293 3169 2333 ecce
3204 2279 3305 2348 ipsi
3333 2294 3504 2348 nuper
3525 2279 3740 2348 quidem

2158 2368 2210 2421 in
2241 2367 2418 2422 alieno
2466 2368 2584 2423 solo
2627 2368 2809 2422 vivere
2838 2367 3115 2437 coepimus,
3164 2367 3258 2422 sed
3299 2367 3604 2437 prtejudicia
3629 2368 3742 2437 jam

2159 2456 2428 2511 timemus.
2454 2455 2522 2509 Et
2551 2472 2584 2510 ο
2611 2464 2808 2524 quanta
2835 2463 2917 2510 est
2939 2453 3166 2510 infidelis
3194 2457 3454 2510 malarum
3483 2458 3742 2512 mentium

2159 2547 2399 2601 czecitas!
2433 2546 2832 2602 damnationem
2863 2545 3179 2616 perferimus
3201 2531 3491 2617 iudicantis
3539 2548 3656 2612 Dei,
3686 2557 3743 2602 et

2154 2638 2382 2694 necdum
2412 2653 2510 2694 nos
2537 2639 2877 2707 agnoscimus
2899 2637 3151 2707 judicari.
3192 2635 3259 2692 Et
3286 2638 3551 2694 mirantur
3572 2639 3736 2709 aliqui

2153 2736 2480 2793 sanctorum,
2516 2727 2660 2798 quod
2690 2728 2937 2798 exemplo
2969 2736 3154 2784 nostro
3200 2730 3382 2784 cancri
3422 2731 3528 2783 nOn
3557 2742 3742 2785 cmens

2151 2821 2344 2876 dentur
2371 2822 2461 2890 qui
2490 2821 2622 2874 nihil
2651 2820 2825 2875 adhuc
2855 2819 2960 2874 tale
2987 2819 3306 2886 tolerarunt,
3328 2835 3448 2875 cum
3497 2827 3740 2876 tormen-

2155 2912 2222 2966 tis
2247 2921 2554 2966 nostrarum
2584 2910 2927 2980 iniquitatum
2957 2925 3057 2966 nec
3085 2910 3184 2980 ipsi
3210 2909 3426 2978 quidem
3452 2911 3544 2980 qui
3567 2911 3676 2982 jam
3707 2928 3740 2966 a

468 3002 634 3056 vitum
657 3000 805 3055 fiunt.
831 3003 909 3057 Ac
927 3003 1066 3058 sicut
1085 3003 1262 3058 solent
1281 3013 1374 3058 aut
1395 3004 1448 3058 hi
1470 3005 1561 3074 qui
1581 3005 1817 3060 hostium
1843 3013 2052 3062 terrore
2081 2997 2126 3058 C
2157 3003 2270 3058 Deo
2299 3002 2606 3072 plectimur,
2639 3001 2986 3069 corrigamur.
3020 2998 3064 3054 Ο
3093 3001 3396 3071 superbiam
3425 3017 3533 3057 non
3570 3002 3737 3057 feren-

465 3091 727 3162 compulsi
755 3091 823 3146 ad
850 3092 1073 3148 castella
1101 3107 1159 3148 se
1188 3093 1492 3160 conferunt,
1525 3103 1618 3148 aut
1647 3095 1698 3148 hi
1721 3096 1812 3165 qui
1839 3095 2049 3165 perdito

466 3187 706 3254 ingenuae
733 3185 1115 3239 incolumitatis
1137 3191 1278 3238 statu
1302 3184 1367 3238 ad
1393 3185 1598 3255 asylum
1619 3185 1833 3255 aliquod
1855 3185 2050 3255 despe-

465 3279 673 3333 ratione
696 3277 1043 3344 confugiunt;
1075 3279 1148 3330 ita
1175 3285 1228 3330 ct
1254 3276 1342 3330 isti
1367 3277 1460 3346 qui
1484 3276 1683 3332 habere
1709 3277 1938 3346 amplius
1962 3277 2048 3332 vel

463 3367 644 3422 sedem
675 3366 758 3420 vel
787 3366 1100 3434 dignitatem
1133 3381 1354 3420 suorum
1389 3367 1645 3420 natalium
1676 3382 1782 3422 non
1813 3374 2042 3436 queunt,

461 3457 588 3528 jugo
641 3473 700 3514 se
754 3458 1026 3528 inquilinm
1083 3456 1402 3526 abjectionis
1455 3457 1740 3524 addicuut,
1798 3458 1854 3512 in
1909 3457 2046 3513 hanc

463 3548 835 3602 necessitatem
875 3546 1076 3602 redacti
1116 3556 1175 3601 ut
1203 3556 1448 3602 extorres
1475 3563 1586 3602 non
1613 3547 1883 3604 facultatis
1924 3557 2044 3604 tan-

463 3649 593 3706 tum,
644 3641 736 3695 sed
783 3641 946 3696 etiam
991 3640 1314 3696 conditionis
1343 3655 1470 3705 sum,
1522 3647 1687 3710 atque
1733 3641 2044 3696 exsulantes

463 3747 570 3785 non
600 3747 630 3786 a
652 3732 812 3786 rebus
834 3738 1040 3785 tantum
1068 3731 1198 3794 suis,
1223 3729 1319 3784 sed
1339 3731 1499 3784 etiam
1522 3745 1552 3784 a
1574 3745 1632 3784 se
1657 3732 1807 3799 ipsis,
1833 3747 1896 3785 ac
1916 3747 2040 3800 per-

460 3822 647 3878 dentes
682 3838 862 3877 secum
900 3822 1080 3876 omnia
1116 3837 1232 3886 sua,
1263 3832 1319 3876 et
1357 3836 1540 3876 rerum
1583 3822 1917 3892 proprietate
1945 3838 2039 3878 ca—

460 3921 632 3978 reant,
664 3921 719 3967 et
740 3912 828 3981 jus
867 3912 1131 3967 libertatis
1157 3908 1428 3967 amittant.

527 4002 615 4057 lX.
657 4003 724 4057 Et
751 4002 985 4072 quidem,
1032 4002 1155 4070 quia
1209 4003 1284 4056 ita
1323 4002 1508 4058 infelix
1549 4003 1842 4059 necessitas
1872 4005 2034 4072 cogit,

459 4095 672 4150 ferenda
702 4104 988 4165 utcumque
1020 4101 1136 4150 erat
1173 4103 1411 4150 extrema
1442 4096 1558 4150 haec
1584 4111 1703 4151 sors
1751 4112 1959 4162 eorum,
1990 4099 2036 4152 si

457 4203 563 4244 non
591 4197 733 4244 esset
760 4186 961 4258 aliquid
1002 4187 1311 4242 extremius.
1360 4185 1494 4242 Illud
1544 4189 1758 4256 gravius
1798 4197 1852 4244 et
1875 4205 2032 4243 acer-

2153 3094 2306 3149 daml
2339 3092 2562 3148 Plurimi
2588 3107 2779 3163 pinnas
2807 3101 3152 3163 peccatorum
3194 3108 3413 3148 suorum
3442 3093 3735 3163 perferunt,

2149 3194 2205 3241 et
2232 3186 2529 3254 intelligere
2570 3199 2761 3240 causas
2789 3198 3072 3254 poenarum
3119 3199 3279 3239 nemo
3327 3184 3595 3252 dignatur.
3629 3185 3736 3240 Sed

2152 3285 2234 3332 est
2255 3291 2414 3332 causa
2445 3275 2663 3330 evidens
2690 3289 2808 3343 quas
2835 3274 2976 3329 hanc
2995 3274 3299 3343 superbiam
3326 3273 3482 3340 facit;
3512 3276 3735 3342 scilicet,

2152 3368 2278 3439 quia
2301 3368 2402 3424 etsi
2429 3367 2607 3436 aliqua
2628 3365 2739 3436 jam
2763 3366 3018 3436 patimur,
3043 3365 3282 3420 nondum
3305 3372 3482 3420 tamen
3502 3367 3735 3436 patimur

2151 3474 2270 3528 quas
2296 3473 2583 3513 meremur.
2639 3456 2808 3510 Tanta
2837 3462 2920 3511 est
2965 3455 3107 3510 enim
3135 3453 3504 3510 misericordia
3551 3455 3645 3510 Dei
3673 3463 3735 3509 ut

2149 3550 2250 3604 etsi
2279 3564 2378 3603 nos
2405 3547 2517 3617 pati
2543 3547 2659 3601 vult
2681 3545 2859 3615 aliqua
2886 3545 2953 3600 de
2988 3544 3212 3616 piaculis
3238 3529 3456 3611 nostris,
3487 3544 3622 3599 nolit
3647 3552 3732 3599 ta-

2148 3653 2270 3693 men
2298 3645 2491 3692 cuncta
2531 3637 2763 3691 tolerare
2794 3653 2807 3687 :
2840 3634 2963 3703 quia
2994 3635 3220 3701 castigat
3247 3633 3435 3699 malos,
3468 3648 3574 3688 non
3604 3633 3732 3688 red-

2145 3730 2224 3786 dit
2252 3729 2423 3794 mala;
2454 3736 2508 3782 et
2557 3740 2850 3795 agnoscere
2896 3741 2995 3780 nos
3039 3732 3260 3794 peccata
3308 3732 3489 3778 nostra
3527 3725 3733 3779 mavult

2144 3835 2307 3890 quam
2335 3819 2621 3874 sustinere.
2654 3817 2866 3873 Scilicet
2898 3825 2957 3870 ut
3000 3817 3104 3887 piis
3132 3831 3197 3871 ac
3224 3817 3522 3872 salubribus
3549 3817 3728 3885 flagel-

2147 3912 2212 3968 lis
2238 3910 2488 3967 ostendat
2522 3909 2677 3964 nobis
2714 3923 2832 3977 qua:
2876 3907 3015 3964 ferre
3065 3918 3388 3974 mereamhr,
3415 3909 3568 3979 juxta
3597 3907 3730 3964 illud

2146 4003 2353 4059 scilicet
2378 4001 2524 4056 beati
2552 3998 2797 4070 Apostoli
2825 3998 3024 4052 dictum
3062 4012 3170 4067 quo
3199 3999 3275 4052 ait
3307 4017 3319 4051 :
3354 3998 3573 4070 Ignoras
3601 4014 3726 4070 quo-

2145 4097 2286 4149 niam
2313 4095 2514 4149 bonitas
2544 4090 2642 4146 Dei
2671 4089 2738 4143 ad
2784 4090 3136 4161 paenitentiam
3166 4099 3213 4143 te
3251 4089 3496 4144 adducit?
3523 4089 3726 4144 Secun-

2142 4186 2262 4240 dum
2291 4185 2530 4238 duritiem
2556 4189 2726 4235 autem
2755 4188 2894 4232 tuam
2921 4188 2970 4232 et
2998 4195 3087 4233 cor
3122 4180 3439 4250 impaenitens
3471 4180 3723 4234 thesauri-

1636 4300 1974 4356 STEPHANI
2013 4299 2281 4355 BALUZII
2319 4296 2546 4352 ΝΟΤᾹΞ.

525 4418 553 4471 φ
578 4405 861 4484 _Editione_s
903 4407 1200 4484 Brassicani
1227 4416 1281 4464 et
1312 4409 1610 4484 Galesinii‘:
1647 4410 1770 4484 Post
1794 4420 2024 4484 mortem
2053 4413 2101 4472 ι)
2128 4425 2188 4465 se
2216 4409 2489 4484 dedititios
2533 4415 2658 4484 ante
2709 4407 2948 4484 fecerant
2991 4410 3192 4474 patres,
3235 4415 3486 4484 agrorum
3514 4411 3714 4484 tamen

454 4480 615 4548 patris
637 4480 766 4550 nati,
795 4478 1045 4550 obsequiis
1068 4479 1204 4548 juris
1243 4479 1500 4548 posthumi
1518 4519 1532 4541 ,
1558 4479 1694 4548 juris
1723 4483 1802 4532 sui
1831 4480 2025 4550 agellos

454 4547 556 4618 non
585 4548 786 4618 habent,
819 4557 868 4600 et
896 4547 964 4600 ad
1010 4547 1250 4618 agrorum
1279 4564 1462 4601 munus
1507 4547 1800 4602 enecantur.
1851 4547 2027 4604 Editio

455 4617 647 4691 Pithmi
679 4636 692 4691 ς
739 4617 862 4691 Post
904 4617 1115 4691 mortem
1145 4619 1306 4691 patris
1335 4618 1588 4687 post/ulmi
1627 4621 1750 4688 nati,
1777 4619 2027 4691 obsequiis

451 4689 581 4757 juris
609 4688 1052 4758 sui_agcllosnon
1083 4686 1289 4758 habent,
1327 4686 1374 4758 et
1403 4704 1642 4757 agrorum
1673 4686 1879 4742 munere
1907 4686 2028 4742 ene-

452 4756 876 4830 canturiflo‘dex
910 4757 1251 4830 corbeiensis
1283 4774 1295 4809 :
1330 4756 1455 4830 Post
1483 4767 1698 4811 mortem
1725 4761 1889 4830 patris
1918 4760 2029 4812 noti

452 4827 705 4896 obsequiis
727 4826 862 4897 juris
889 4829 973 4898 sui
998 4827 1192 4897 agellos
1212 4844 1315 4898 non
1346 4826 1551 4891 habent,
1581 4839 1630 4880 et
1652 4826 1894 4898 agrorum
1923 4844 2030 4881 mu-

451 4913 550 4968 nus
588 4895 882 4968 onerantur.
937 4895 1174 4968 Colbert.
1212 4915 1224 4948 :
1271 4895 1401 4968 Post
1448 4906 1665 4968 mortem
1688 4895 1871 4968 'patris
1919 4899 2032 4951 nati

452 4966 702 5035 obsequiis
739 4967 860 5036 viris
891 4967 1147 5036 postitumi
1168 4967 1304 5036 juris
1333 4968 1412 5020 sui
1445 4966 1655 5036 agellos,
1691 4966 1818 5031 etc.,
1846 4983 2029 5020 munus

451 5033 751 5088 onerantur.
783 5033 968 5103 Itaque
992 5033 1190 5092 ,Codex
1218 5033 1558 5092 Corbeiensis
1597 5053 1702 5091 non
1751 5038 1912 5091 habet
1933 5051 2030 5090 vo-

453 5119 570 5158 cem
599 5106 854 5173 posthumi
886 5121 903 5157 :
929 5120 1085 5173 quam
1115 5105 1378 5172 glossema
1409 5122 1545 5171 esse,
1577 5116 1633 5161 et
1660 5107 1726 5160 ab
1761 5122 1827 5160 eo
1868 5107 2032 5161 intro-

454 5173 666 5246 ductam
688 5175 780 5244 qui
803 5182 1016 5246 putaret
1041 5175 1126 5228 hic
1153 5176 1235 5242 agi
1260 5174 1325 5230 de
1349 5175 1469 5230 filiis
1493 5178 1630 5231 natis
1652 5184 1773 5246 post
1799 5185 2028 5229 mortem

450 5245 637 5314 patris,
681 5245 770 5313 qui
811 5245 966 5312 vulgo
1007 5246 1279 5313 posthumi
1316 5255 1596 5309 vocantur,
1644 5245 1770 5299 mihi
1810 5247 2027 5299 dubium

453 5329 558 5368 non
582 5324 680 5368 est.
721 5314 786 5367 Et
810 5315 948 5368 haud
976 5314 1134 5369 dubie
1164 5316 1215 5368 in
1247 5331 1342 5370 ora
1373 5317 1491 5370 libri
1531 5316 1763 5385 reposita
1789 5316 2023 5385 primum

449 5385 566 5449 luit,
595 5385 789 5438 deinde
830 5385 1046 5454 irrepsit
1072 5386 1124 5439 in
1175 5394 1400 5439 textum.
1430 5384 1628 5441 Verum
1666 5385 1921 5454 quisquis,
1937 5384 2024 5454 ille

450 5455 546 5507 fuit
580 5455 668 5524 qui
709 5455 848 5508 hanc
879 5453 1062 5510 vocem
1092 5455 1305 5523 adjecit,
1336 5471 1443 5524 non
1470 5455 1611 5524 cepit
1640 5469 1855 5524 sensum
1903 5453 2024 5524 Sal-

449 5522 613 5576 vianiI
643 5525 773 5578 Illud
800 5525 942 5579 enim
973 5522 1176 5578 tantum
1208 5525 1317 5578 vult
1343 5522 1643 5587 Salvianus,
1695 5522 1830 5578 filios
1860 5523 2026 5592 patri-

450 5594 548 5646 hus
575 5595 906 5661 superstites,
953 5609 1072 5650 cum
1104 5594 1171 5648 ad
1211 5593 1342 5664 illos
1360 5595 1627 5663 possessio
1673 5602 2022 5664 paternorum

451 5666 712 5720 bonorum
741 5680 849 5718 non
896 5664 1222 5734 perveniret,
1253 5662 1458 5719 sed’ad
1503 5662 1751 5734 potentes
1793 5677 2021 5734 quorum

2131 4479 2525 4535 conditionibus
2553 4477 2818 4532 obnoxios
2839 4476 3022 4541 fuisse,
3040 4489 3250 4544 proque
3276 4474 3342 4530 iis
3362 4474 3560 4528 tributa
3583 4489 3720 4544 pen-

2131 4549 2258 4604 dere
2286 4557 2523 4610 coactos,
2553 4553 2828 4610 tamquam
2869 4545 2951 4600 sui
2981 4552 3182 4599 essent.

2207 4617 2232 4656 δ
2274 4617 2350 4671 lta
2379 4617 2543 4671 editio
2587 4611 2800 4670 Pithmi.
2837 4614 3112 4668 Editioncs
3141 4613 3438 4668 Brassicani
3468 4622 3523 4667 et
3566 4611 3722 4669 Gale-

2132 4687 2251 4742 sinii
2281 4687 2481 4741 habent
2516 4685 2586 4738 ad
2623 4701 2865 4754 agrorum
2886 4699 3089 4737 munus.
3130 4682 3315 4754 Codex
3333 4682 3674 4738 Corbeiensis
3699 4725 3714 4748 ,

2131 4774 2372 4828 agrorum
2399 4772 2603 4828 munus.
2636 4752 2812 4828 Atque
2839 4769 2908 4828 ea
2931 4760 3188 4828 veterum
3234 4752 3531 4828 editionum
3560 4755 3722 4828 lectio

2132 4821 2262 4880 mihi
2307 4827 2595 4896 plurimum
2635 4821 2830 4893 placet.
2881 4822 2971 4876 Ait
3011 4823 3212 4892 quippe
3256 4821 3540 4878 Salvianus
3582 4823 3720 4877 ﬁlios

2139 4897 2279 4961 illos,
2309 4911 2429 4950 cum
2452 4909 2704 4964 agrorum
2733 4901 3078 4964 paternorum
3121 4907 3462 4964 possessores
3491 4908 3599 4964 non
3629 4907 3719 4964 es-

2136 4975 2275 5030 sent,
2292 4981 2390 5034 per
2408 4961 2672 5034 summam
2702 4961 2881 5016 tamen
2910 4961 3158 5029 injuriam
3187 4962 3254 5014 ad
3284 4961 3595 5034 pensionem
3621 4962 3719 5014 tri-

2135 5032 2388 5090 butorum
2415 5051 2479 5089 ac
2502 5033 2860 5100 vectigalium,
2893 5045 3012 5098 quae
3037 5038 3394 5085 tum‘munera
3429 5032 3714 5100 vocabant,

2135 5112 2353 5160 coactos
2383 5104 2563 5167 fuisse,
2596 5099 2838 5170 adeoque
2876 5106 3164 5170 prepterea
3205 5109 3458 5155 enecatos
3484 5099 3715 5169 quodam

2135 5176 2296 5229 modo
2324 5173 2668 5228 acerbissima
2699 5180 2752 5224 et
2792 5170 3122 5238 iniquissima
3151 5170 3472 5223 tributorum
3522 5171 3714 5223 intole-

2135 5245 2380 5298 rabilium
2428 5243 2726 5304 exactione,
2761 5239 3034 5308 quomodo
3085 5239 3129 5292 si
3188 5241 3292 5292 vita
3324 5241 3391 5292 ab
3419 5240 3497 5294 eis
3527 5253 3716 5308 posce-

2130 5321 2298 5368 retur.
2341 5312 2480 5366 lnfra
2516 5318 2762 5366 extremo
2798 5310 2933 5362 libro
2966 5315 3152 5373 sexto,
3185 5323 3307 5378 pag.
3345 5309 3444 5362 140
3477 5327 3488 5360 :
3521 5310 3715 5360 Aurum

2127 5383 2264 5447 quod
2292 5383 2581 5452 pendimus,
2611 5395 2825 5432 munera
2860 5394 3119 5452 vocamus.
3153 5378 3336 5452 Lectio
3379 5387 3558 5431 tamen
3597 5378 3714 5430 edi-

2128 5447 2626 5514 tionis'Pithmaum,
2651 5463 2812 5516 quam
2840 5447 3178 5511 retinuimus,
3202 5447 3343 5502 bona
3373 5457 3472 5513 est,
3505 5455 3560 5502 et
3587 5461 3715 5500 scn-

2126 5537 2242 5576 sum
2269 5523 2466 5576 bonum
2495 5518 2638 5581 facit,
2667 5515 2951 5570 tamenetsi
2982 5532 3090 5570 non
3123 5518 3197 5570 ita
3235 5517 3466 5571 nobilem
3497 5531 3561 5571 ac
3588 5515 3711 5569 alia.

2202 5602 2225 5630 ο
2268 5591 2392 5644 Haec
2412 5591 2606 5643 desunt
2647 5587 2699 5641 in
2732 5586 2920 5641 codice
2946 5583 3263 5642 Colbertino
3291 5595 3346 5641 et
3375 5587 3429 5643 in
3457 5584 3710 5641 editioni-

2126 5661 2226 5718 bus
2255 5659 2556 5716 Brassicani
2578 5667 2632 5713 et
2657 5656 2934 5712 Galesinii.
