4006 6182
252 338 339 395 105

1297 329 1387 385 DE
1424 326 1952 386 GUBERNATIONE
1991 326 2103 381 DEI
2143 325 2266 382 LIB.
2315 326 2374 382 γ.

3412 316 3511 378 106

248 467 324 507 ιω
351 448 437 504 tibi
466 449 605 502 iram
634 448 688 500 in
719 446 800 499 die
827 446 921 499 ira:
961 442 1137 516 (Rom.
1188 460 1243 511 η,
1277 441 1328 507 «ι,
1372 442 1449 514 5).
1480 441 1547 497 ΕΙ.
1574 457 1703 498 vere
1750 442 1823 495 ita
1850 445 1900 502 Α
1927 450 1982 496 et
2020 441 2388 497 testimonium
2437 439 2569 495 mihi
2594 440 2758 495 etiam
2805 440 3135 496 conscientia
3166 456 3261 496 sua
3305 442 3512 505 dicunt,

248 542 461 611 agimus,
506 547 567 592 ut
589 538 722 593 dicit
746 535 1054 606 Apostolus.
1088 536 1229 591 Deus
1257 536 1400 590 enim
1431 550 1530 590 nos
1569 540 1730 589 vocat
1758 533 1825 588 ad

246 631 627 706 ptenitentiam,
656 629 752 684 sed
777 644 878 684 nos
900 628 1322 683 thesaurizamns
1351 627 1507 681 iram.
1552 623 1694 682 Deus
1722 641 1822 680 nos

246 725 423 780 invitat
463 721 531 776 ad
563 720 796 785 veniam,
829 718 925 775 sed
967 734 1066 774 nos
1093 717 1333 788 quotidie
1376 716 1711 772 eumulamus
1739 713 1824 770 of-

243 814 460 870 fensam.
483 811 607 867 Vim
635 811 749 867 Deo
778 810 1002 865 facimus
1028 809 1186 881 1'08
1212 808 1584 877 iniquitatibus
1605 805 1820 869 nostris,

243 908 333 978 ipsi
376 907 432 961 in
461 920 566 960 nos
612 904 751 958 iram
792 902 1097 958 Divinitatis
1142 916 1430 955 armamus.
1475 898 1728 968 Cogimus
1755 898 1825 953 ad

242 997 568 1055 ulciscendas
595 996 881 1053 criminum
912 1002 1216 1050 nostrorum
1247 993 1608 1048 immanitates
1631 992 1822 1047 nolen-

243 1098 339 1146 tem
382 1089 582 1144 Deum.
630 1086 806 1157 Prope
835 1094 917 1145 est
956 1093 1017 1141 ut
1060 1100 1183 1141 eum
1213 1100 1319 1140 non
1362 1086 1739 1156 permittamus
1765 1090 1825 1138 ut

240 1186 435 1250 parcat.
470 1176 605 1233 Nam
635 1192 759 1233 eum
789 1177 843 1232 in
868 1191 995 1231 eum
1034 1176 1238 1230 nullum
1287 1190 1520 1245 unquam
1550 1174 1823 1243 injustitia:

240 1271 439 1338 signum
472 1268 671 1324 cadere
699 1277 791 1323 aut
829 1282 1092 1338 apparere
1120 1267 1308 1337 possit,
1352 1266 1430 1323 sic
1458 1267 1664 1333 agimus
1690 1274 1749 1320 ut
1776 1265 1822 1320 si

241 1360 587 1415 enormitates
616 1366 921 1414 nostrorum
966 1358 1229 1413 scelerum
1272 1374 1377 1412 non
1406 1358 1702 1424 ulciscitur,
1736 1358 1819 1412 in-

238 1448 402 1520 iustus
427 1464 553 1505 esse
583 1449 847 1504 videatur.

302 1537 365 1592 X.
408 1536 518 1592 Sed
548 1537 800 1594 videlicet
840 1546 1096 1609 peccator
1140 1537 1241 1593 fuit
1286 1538 1576 1610 aliquando
1604 1539 1817 1608 aliquis,

237 1628 457 1684 fortasse
482 1629 596 1697 jam
625 1644 733 1683 non
761 1630 877 1684 est?
903 1628 984 1683 An
1013 1636 1098 1683 est
1124 1629 1264 1685 ullus
1291 1630 1575 1684 criminum
1604 1629 1818 1697 modus,

236 1730 286 1777 et
313 1738 417 1777 non
449 1722 603 1791 prius
630 1728 715 1777 est
739 1729 797 1775 ut
835 1720 902 1776 de
928 1721 1032 1776 vita
1058 1721 1304 1776 homines
1331 1736 1493 1791 quam
1522 1721 1591 1776 de
1619 1720 1819 1790 iniqui-

1927 546 2048 586 cum
2078 532 2230 586 multi
2259 530 2370 595 alii,
2398 539 2512 585 tum
2540 531 2811 600 praecipue
2853 530 2929 585 illi
2958 545 3220 587 novorum
3250 531 3518 586 honorum

1928 623 2165 692 religiosi
2185 624 2496 695 ambitores,
2524 632 2582 679 et
2608 632 2733 694 post
2760 631 3040 694 acceptum
3062 625 3393 695 poenitentiae
3417 640 3521 681 no-

1926 732 2070 782 men,
2094 717 2439 787 amplissima:
2466 732 2532 772 ac
2554 717 2702 787 prius
2726 732 2833 772 non
2869 717 3065 772 habitae
3092 719 3379 788 potestatis
3404 733 3519 773 em-

1926 815 2129 878 ptores.
2163 806 2314 864 Adeo
2343 823 2451 863 non
2497 808 2783 863 smeulares
2822 816 3051 875 tantum,
3082 809 3179 864 sed
3204 810 3326 881 plus
3353 811 3517 866 etiam

1926 913 2087 968 quam
2116 900 2401 955 saeculares
2429 914 2548 955 esse
2571 898 2889 966 voluerunt;
2915 908 2974 954 ut
3004 915 3112 955 non
3141 899 3411 957 sufﬁceret
3440 902 3519 957 eis

1925 988 2070 1059 quod
2099 998 2224 1045 ante
2250 989 2481 1056 fuerant,
2515 990 2617 1045 nisi
2639 990 2760 1060 plus
2785 997 2966 1045 essent
2987 997 3173 1059 postea
3198 1006 3360 1060 quam
3386 989 3517 1046 fuis-

1924 1090 2064 1137 sent.
2097 1081 2379 1148 Quomodo
2408 1081 2571 1151 igitur
2592 1081 2727 1136 tales
2754 1080 2841 1135 isti
2865 1081 3236 1151 pmnitentiam
3266 1096 3324 1137 se
3346 1082 3517 1150 egisse

1926 1187 2032 1227 non
2058 1173 2324 1242 pasnitent
2347 1189 2360 1239 ;
2384 1172 2527 1227 sicut
2552 1172 2715 1227 etiam
2745 1172 2821 1226 illi
2850 1172 2919 1227 de
2942 1173 3296 1227 conversione
3322 1188 3386 1228 ac
3408 1172 3516 1228 Deo

1925 1263 2127 1333 aliquid
2155 1263 2441 1332 cogitasse,
2464 1264 2556 1332 qui
2583 1278 2615 1318 a
2644 1263 2964 1332 coniugibus
2992 1264 3225 1334 propriis
3253 1263 3515 1319 abstinen-

1928 1361 2026 1420 tes,
2059 1370 2092 1408 a
2120 1369 2302 1409 rerum
2331 1355 2629 1409 alienarum
2658 1356 2979 1424 pervasione
3006 1371 3114 1409 non
3141 1356 3430 1422 abstinent,
3462 1364 3518 1413 et

1924 1460 2046 1500 cum
2091 1444 2450 1515 proﬁteantur
2476 1445 2866 1501 continentiam
2894 1460 3201 1516 corporum,
3234 1445 3262 1484 ι)
3289 1446 3519 1503 inconti-

1928 1535 2110 1591 nentia
2179 1536 2584 1591 debacchantur
2637 1536 2961 1592 animorum.
3038 1537 3246 1593 Novum
3297 1554 3519 1609 prorsus

1923 1627 2295 1683 conversionis
2322 1642 2510 1695 genus.
2538 1627 2708 1682 Licita
2760 1644 2869 1682 non
2895 1626 3118 1695 faciunt,
3149 1637 3207 1684 et
3251 1641 3273 1669 ε
3316 1630 3517 1687 inlicita

1924 1719 2286 1775 committunt.
2318 1718 2647 1789 Temperant
2670 1734 2701 1774 a
2732 1720 3040 1785 concubitu,
3086 1730 3142 1775 et
3169 1737 3277 1776 non
3307 1728 3515 1793 tempe-

236 1821 337 1868 tate
373 1810 698 1868 discedant?
734 1811 865 1878 Quis
893 1812 1039 1866 enim
1068 1827 1176 1867 non
1206 1827 1328 1866 cum
1358 1812 1487 1881 ipsis
1525 1811 1821 1881 iniquitati-
1852 1821 1896 1880 Β
1924 1818 2047 1864 rant
2092 1826 2122 1864 a
2169 1811 2379 1881 rapina.
2428 1809 2567 1876 Quid
2594 1810 2727 1879 agis,
2760 1810 2924 1866 stulta
2950 1812 3263 1881 persuasio?
3291 1810 3515 1868 Peccata

234 1904 325 1959 bus
342 1904 457 1959 suis
479 1904 728 1968 moritur,
752 1911 807 1957 et
846 1917 969 1957 cum
999 1902 1129 1971 ipsis
1157 1901 1445 1956 admodum
1483 1910 1644 1972 atque
1666 1904 1718 1957 in
1741 1905 1821 1974 ip-

235 1997 301 2053 sis
326 1997 627 2053 sceleribus
656 1995 957 2066 sepelitur?
988 1992 1055 2047 Ut
1084 2009 1212 2049 vere
1239 1994 1307 2049 de
1331 1994 1412 2049 his
1440 1996 1820 2065 propheticum

235 2090 355 2144 illud
380 2088 693 2143 rectissime
739 2087 842 2141 dici
870 2085 1039 2155 possit
1088 2102 1100 2137 :
1134 2083 1385 2155 Sepulcra
1412 2101 1607 2149 eorum,
1641 2085 1821 2141 domus

234 2193 398 2233 eorum
427 2178 484 2229 in
517 2185 806 2239 cateruam;
836 2184 886 2228 et
912 2173 1198 2244 comparati
1245 2183 1366 2227 sunt
1406 2174 1653 2244 jamentis
1690 2176 1822 2228 insi-

235 2269 503 2340 pientibus,
536 2277 588 2321 et
633 2266 827 2321 similes
875 2267 1001 2337 [acti
1029 2274 1148 2317 sunt
1181 2265 1286 2318 illis
1318 2264 1489 2336 (Psal.
1520 2281 1696 2329 xum,
1730 2265 1817 2330 12,

236 2358 334 2429 l5).
358 2359 550 2432 ﬁtque
604 2357 809 2411 utinam
850 2354 1140 2425 jumentis!
1193 2353 1384 2409 Melius
1411 2355 1613 2426 quippe
1658 2355 1821 2412 fuerit

238 2448 464 2502 belluina
498 2447 855 2518 imprudentia
896 2446 1160 2501 deviasse.
1190 2443 1324 2500 Illud
1354 2447 1507 2515 pejus
1551 2454 1607 2501 et
1633 2448 1818 2502 crimi-

235 2543 428 2605 nosius,
458 2541 588 2610 quia
618 2556 727 2594 non
748 2540 1050 2608 ignorantia
1067 2539 1183 2605 Dei,
1208 2539 1302 2595 sed
1327 2539 1674 2610 despectione
1699 2556 1822 2612 pec-

233 2642 435 2687 carunt.
470 2632 649 2702 Atque
697 2632 801 2687 hoc
841 2631 1090 2687 videlicet
1122 2632 1246 2688 laici
1289 2632 1678 2700 tantummodo,
1708 2650 1818 2690 non

234 2723 439 2791 quidam
471 2723 639 2777 etiam
692 2722 1051 2778 clericorum?
1090 2723 1378 2779 smculares
1421 2725 1814 2794 tantummodo,

233 2829 333 2868 non
361 2814 519 2869 multi
548 2814 710 2869 etiam
734 2814 1008 2882 religiosi?
1033 2814 1197 2870 immo
1219 2815 1317 2870 sub
1338 2819 1520 2886 specie
1538 2817 1819 2886 religionis

234 2905 369 2961 vitiis
397 2905 747 2962 saecularibus
784 2906 1076 2976 mancipati
1109 2925 1121 2959 :
1153 2907 1245 2976 qui
1290 2907 1497 2963 scilicet
1527 2917 1649 2979 post
1674 2918 1818 2966 vete-

233 3012 344 3050 rum
388 2994 715 3065 llagitiorum
768 2998 967 3067 probra
1028 3005 1084 3052 et
1128 2997 1351 3052 crimina
1398 2998 1556 3054 titulo
1602 3000 1819 3059 sibimet

233 3086 533 3142 sanctitatis
560 3087 839 3157 inscripto,
863 3102 971 3142 non
997 3088 1411 3143 conversatione
1434 3089 1545 3155 alii,
1576 3090 1669 3144 sed
1690 3107 1817 3161 pro-

1927 1901 2205 1957 interdixit
2250 1902 2412 1967 Deus,
2460 1897 2487 1939 ἀ
2516 1916 2626 1956 non
2655 1903 3016 1957 matrimonia.
3048 1902 3165 1957 Non
3194 1905 3514 1960 conveniunt

1924 1991 2117 2047 vestris
2161 1991 2353 2046 studiis
2391 1990 2531 2046 facta
2562 1999 2761 2047 vestra.
2809 1991 2928 2047 Non
2957 1992 3165 2049 debetis
3210 2009 3328 2050 esse
3359 1996 3516 2052 amici

1924 2081 2231 2147 criminum,
2255 2082 2348 2151 qui
2376 2081 2557 2137 dicitis
2594 2097 2692 2137 vos
2716 2091 2739 2120 °
2769 2091 3066 2139 sectatores
3093 2100 3213 2140 esse
3238 2086 3514 2141 virtutum.

1924 2170 2318 2241 Przeposterum
2340 2179 2424 2226 est
2451 2172 2596 2241 quod
2618 2172 2797 2242 agitis.
2829 2173 2945 2228 Non
2965 2182 3050 2229 est
3079 2175 3185 2230 hoc
3210 2179 3514 2245 conversio,

1921 2264 2017 2318 sed
2056 2264 2285 2318 aversio.
2330 2262 2465 2330 Quia
2512 2264 2626 2333 jam
2675 2264 2904 2334 pridem,
2953 2274 3013 2320 ut
3042 2266 3183 2322 fama
3226 2276 3327 2331 est,
3379 2285 3519 2339 oyus

1922 2353 2086 2407 etiam
2126 2354 2341 2409 honesti
2372 2355 2701 2409 matrimonii
2746 2356 3057 2427 reliquistis,
3099 2359 3316 2413 tandem
3344 2375 3375 2414 a
3401 2376 3513 2416 sce-

1922 2441 2034 2497 lere
2062 2451 2291 2499 cessate.
2324 2442 2392 2500 Et
2420 2443 2636 2513 quidem
2656 2444 2861 2515 justum
2890 2455 2993 2514 est,
3024 2456 3082 2503 ut
3109 2450 3176 2505 ab
3206 2452 3355 2507 omni
3392 2468 3511 2508 sce-

1920 2535 2051 2591 lere.
2084 2536 2193 2591 Sed
2238 2544 2418 2592 tamen
2450 2538 2494 2592 si
2538 2553 2643 2592 non
2690 2541 2759 2595 ab
2787 2541 2956 2606 omni,
2988 2542 3111 2611 quia
3160 2543 3263 2599 hoc
3288 2543 3511 2603 fortasse

1920 2627 2110 2683 durum
2138 2636 2192 2683 et
2230 2630 2561 2700 impossibile
2589 2645 2710 2686 esse
2732 2632 2968 2700 creditis,
3001 2642 3151 2690 certe
3177 2637 3260 2691 vel
3290 2653 3320 2691 a
3342 2640 3512 2693 maxi—

1920 2736 2011 2776 mo
2066 2722 2491 2795 et‘prodigioso.
2526 2722 2675 2788 Esto,
2717 2708 2874 2794 juxta
2930 2735 3002 2793 te,
3041 2728 3367 2798 quicumque
3425 2733 3511 2786 ille

1920 2828 1998 2878 es,
2032 2813 2189 2868 vicini
2233 2822 2377 2869 stare
2417 2831 2523 2870 non
2561 2816 2798 2871 valeant.
2845 2815 3005 2884 Esto,
3048 2834 3314 2890 pauperes
3352 2823 3509 2877 habi-

1920 2915 2038 2963 tare
2102 2924 2210 2963 non
2267 2897 2492 2978 possint.
2557 2907 2717 2975 Esto,
2778 2911 2852 2966 sis
2915 2923 3235 2981 persecutor
3306 2917 3507 2972 multo-

1919 3015 2035 3053 rum
2066 2999 2285 3069 inopum
2324 3008 2673 3070 vastatorque
2728 3002 3069 3059 miserorum.
3120 3004 3252 3061 Esto
3282 3007 3507 3064 afflictnr

1920 3094 2183 3156 omnium,
2211 3092 2501 3147 dummodo
2547 3100 2949 3150 extraneorum.
2999 3096 3259 3166 Tandem,
3304 3116 3506 3170 quieso,

234 3176 458 3234 fessione
496 3194 693 3234 nomen
726 3186 931 3263 tantum
958 3179 1323 3247 demutavere,
1353 3197 1461 3236 non
1509 3182 1730 3243 vitam.ﬂ
1759 3191 1813 3239 et
1841 3200 1885 3263 ρ
1917 3184 2002 3237 vel
2032 3185 2135 3238 tuis
2158 3199 2353 3254 parce;
2387 3193 2444 3239 et
2488 3186 2532 3240 si
2583 3202 2690 3241 non
2718 3188 2967 3245 omnibus
2992 3190 3117 3255 tuis,
3168 3194 3293 3261 quia
3339 3196 3505 3251 etiam

232 3284 491 3324 summam
543 3268 711 3324 divini
737 3256 913 3324 cultus
958 3270 1200 3325 habitum
1241 3272 1411 3341 magis
1446 3288 1607 3342 quam
1635 3284 1814 3330 actum

233 3359 617 3423 existimantes,
651 3367 854 3414 vestem
876 3360 1248 3417 tantummodo
1270 3376 1491 3427 exuere,
1520 3379 1629 3419 non
1659 3380 1813 3420 men-

236 3455 359 3503 tem.
390 3448 547 3504 Unde
593 3450 670 3504 illi
699 3465 756 3505 se
783 3450 992 3505 minore
1020 3451 1219 3506 invidia
1245 3453 1562 3510 criminosas
1589 3464 1812 3526 putant;

233 3539 468 3607 quicum
519 3541 888 3610 paenitentiam
935 3543 1086 3612 quasi
1141 3543 1316 3611 egisse
1363 3544 1629 3613 dicantur,
1676 3550 1816 3604 sicut

232 3645 405 3685 mores
432 3631 713 3701 pristinos,
747 3631 820 3685 ita
861 3633 1022 3687 etiam
1052 3633 1293 3689 habitum
1331 3650 1440 3690 non
1483 3636 1811 3707 relinquunt.

233 3720 359 3776 Nam
381 3724 563 3778 taliter
589 3722 756 3778 ferme
777 3723 958 3778 omnia
980 3732 1163 3793 agunt,
1192 3734 1251 3779 ut
1278 3741 1372 3782 eos
1393 3742 1501 3782 non
1525 3736 1633 3783 tam
1655 3737 1813 3799 putes

232 3821 382 3868 antea
411 3814 784 3884 paenitentiam
814 3815 1097 3869 criminum
1126 3816 1299 3884 egisse
1332 3832 1494 3885 quam
1524 3831 1712 3888 postea
1739 3821 1815 3890 ip-

232 3902 334 3957 sius
355 3905 689 3974 paenitentia:
716 3906 999 3970 pmnitere,
1043 3922 1142 3963 nec
1188 3916 1299 3961 tam
1328 3908 1475 3979 prius
1501 3912 1814 3980 ptenituisse

237 3997 387 4068 109
412 3997 557 4066 quod
582 3998 723 4051 male
745 3997 974 4052 vixerint
1002 4012 1161 4068 quam
1191 4010 1376 4070 postea
1405 4002 1550 4071 quod
1591 4018 1651 4059 se
1686 4020 1813 4075 pro-

228 4088 470 4142 miserint
493 4088 634 4143 bene
660 4102 780 4143 esse
809 4088 1064 4146 victuros.
1094 4088 1284 4145 Sciunt
1308 4106 1395 4147 me
1426 4107 1609 4148 verum
1638 4094 1806 4166 loqui,

1922 3275 2026 3329 hoc
2068 3273 2291 3329 forsitan
2320 3290 2609 3331 onerosum
2639 3277 2735 3333 tibi
2776 3287 2831 3333 et
2869 3294 3035 3349 grave
3070 3282 3280 3352 iudicas
3322 3288 3366 3342 si
3404 3291 3507 3346 tuis

1904 3368 2170 3433 _omnibus
2196 3369 2353 3439 110
2378 3383 2587 3438 parcas,
2619 3386 2784 3441 parce
2811 3373 3001 3428 saltem
3034 3376 3117 3430 vel
3144 3378 3249 3433 illis
3281 3381 3385 3435 tuis
3412 3383 3505 3451 qui

1924 3467 1976 3512 te
2006 3475 2112 3513 non
2135 3459 2381 3515 affinibus
2406 3468 2611 3515 tantum
2635 3462 2752 3517 aliis
2777 3471 2870 3518 aut
2897 3466 3234 3538 propinquis,
3266 3471 3359 3526 sed
3382 3488 3505 3543 per-

1921 3549 2068 3604 sonis
2094 3549 2257 3604 etiam
2283 3550 2696 3607 devinctissimis
2743 3562 2799 3609 et
2844 3556 3159 3625 pignoribus
3177 3561 3503 3621 eharissimis

1920 3639 2290 3709 praetulerunt.
2322 3639 2390 3695 Et
2416 3642 2543 3711 quid
2574 3642 2749 3698 dicam
2799 3644 2867 3701 de
2912 3646 3225 3717 pignoribus
3255 3667 3318 3708 ac
3346 3652 3502 3711 ﬁliis!

1918 3729 2278 3787 Prmtulerunt
2308 3746 2360 3788 te
2387 3734 2548 3789 etiam
2589 3736 2872 3794 animabus
2898 3756 3037 3810 pene
3061 3758 3125 3798 ac
3146 3747 3344 3815 spebus
3370 3751 3501 3818 suis,

1918 3839 2027 3877 non
2055 3823 2270 3893 quidem
2319 3823 2686 3893 laudabiliter;
2733 3836 2788 3882 et
2834 3845 3075 3888 errorem
3113 3851 3271 3891 suum
3312 3841 3405 3909 qui
3431 3842 3502 3897 ita

1917 3914 2045 3983 egit,
2077 3915 2191 3984 ipse
2215 3916 2510 3984 cognoscit.
2543 3916 2650 3973 Sed
2677 3920 2805 3989 quid
2825 3923 2892 3976 ad
2915 3930 2967 3977 te
2990 3930 3192 3994 tamen,
3213 3930 3300 3986 cui
3328 3932 3500 4003 ipsum

1917 4008 2020 4062 hoc
2044 4008 2293 4079 praestitit
2318 4008 2465 4077 quod
2486 4012 2720 4067 erravit?
2758 4013 2873 4070 Hoc
2911 4018 3055 4072 enim
3096 4020 3215 4089 plus
3235 4024 3285 4078 ei
3315 4025 3497 4091 debes,

1914 4100 2041 4169 quia
2070 4099 2373 4156 dilectionis
2412 4109 2516 4157 tuae
2559 4104 2837 4160 nimietate
2865 4110 3128 4179 peccavit.
3160 4110 3346 4170 Cacus
3372 4102 3495 4187 qui-

1387 4200 1725 4261 STEPHANI
1764 4206 2035 4264 BALUZII
2068 4207 2296 4266 NOTAE.

296 4323 321 4348 ι·
361 4311 545 4367 Secnti
587 4328 771 4367 sumus
796 4314 900 4369 hoc
927 4314 1049 4370 loco
1078 4316 1454 4373 auctoritatem
1484 4318 1802 4376 editionum.

228 4380 407 4437 Codex
428 4380 773 4437 Corbeiensis
797 4384 877 4438 sic
900 4385 1096 4440 habet:
1118 4384 1189 4438 Et
1216 4397 1423 4441 sumant
1449 4388 1609 4444 divini
1639 4392 1805 4446 cultus

228 4452 455 4525 habitum
478 4454 647 4523 magis
673 4470 826 4525 quam
862 4464 1060 4517 actum,
1091 4457 1445 4513 existimantes
1473 4469 1659 4514 vestem
1690 4471 1807 4515 tan-

227 4523 486 4600 tummodo
514 4523 721 4600 exuere,
752 4539 860 4600 non
889 4534 1126 4600 mentem.
1161 4526 1251 4581 Sic
1289 4542 1420 4600 ergo
1449 4544 1548 4583 nos
1576 4532 1808 4600 scripse-

225 4607 402 4646 ramus
425 4594 478 4646 in
507 4592 681 4660 prima
702 4592 959 4648 editione.
984 4593 1091 4648 Sed
1112 4611 1253 4651 nunc
1276 4592 1447 4652 visum
1471 4608 1554 4655 est
1572 4592 1837 4657 retinere.

226 4671 460 4717 veterem
491 4662 800 4717 lectionem.

291 4731 321 4818 li
361 4731 640 4818 [mncodes
653 4721 1033 4818 Forbeiensis.
1052 4732 1120 4786 Et
1150 4734 1220 4788 ita
1237 4735 1529 4818 legendum
1550 4754 1669 4818 esse
1680 4756 1812 4818 _mo-
1840 4730 1887 4788 Ι)
1916 4721 2009 4818 illa
2022 4721 2190 4801 inlini
2216 4721 2620 4818 ii‘aﬁ'ﬁii'éeﬁ'ﬁs

224 4810 414 4882 nuerat
443 4801 839 4882 Rittershusius
875 4817 976 4873 pro
1004 4808 1070 4859 e'o
1109 4806 1254 4874 quod
1300 4801 1564 4864 editiones
1608 4811 1811 4868 habent

222 4872 273 4923 in
298 4872 754 4926 incontinentiam.

292 4940 583 5015 {Sanctus
610 4940 906 5015 Gregorius
925 4943 1016 5015 lib.
1045 4961 1116 5009 rx,
1149 4946 1302 5015 epist.
1333 4946 1436 5001 39:
1464 4946 1599 5014 Quia
1625 4951 1812 5006 illicita

222 5026 273 5062 se
313 5013 493 5076 fecisse
536 5014 863 5076 meminerat,
883 5012 1216 5070 laudabiliter
1250 5033 1284 5069 α
1316 5017 1469 5071 licitis
1488 5012 1806 5075 abstinebat.

224 5077 364 5158 fide
391 5081 482 5158 lib.
528 5097 598 5135 vn
641 5080 939 5158 Capitular.
969 5099 1089 5155 cap.
1123 5085 1209 5153 61,
1240 5093 1296 5141 et
1331 5085 1579 5158 Capitula
1622 5089 1807 5146 Karoli

221 5148 373 5222 Calvi
393 5152 472 5207 tit.
506 5167 692 5216 xxvul,
724 5148 843 5222 cap.
878 5152 963 5207 12.

285 5218 315 5257 ει
356 5221 582 5295 Damnat
610 5237 707 5276 eos
745 5218 836 5291 qui
877 5224 1259 5280 continentiam
1300 5227 1546 5295 professi,
1578 5229 1792 5285 interim

219 5302 254 5365 a_
274 5305 448 5345 rerum
478 5292 778 5365 alienarum
800 5295 1117 5365 pervasione
1144 5311 1248 5350 non
1273 5292 1652 5365 abhorrebant,
1672 5301 1795 5355 abs-

220 5359 444 5414 tinentes
481 5376 512 5414 a
556 5360 745 5425 licitis,
778 5359 835 5417 et
881 5363 1063 5420 illicita
1109 5367 1524 5423 committentes.
1591 5359 1793 5426 Deinde

218 5429 370 5510 addit
403 5431 627 5510 peccata
657 5431 1001 5510 interdixisse
1043 5434 1241 5510 Deum,
1293 5454 1401 5492 non
1429 5440 1791 5508 matrimonia,

292 5498 748 5581 est-,r'castosﬂv'iri
766 5510 824 5556 et
851 5505 1035 5559 uxoris
1069 5498 1367 5581 amplexus.
1404 5510 1652 5564 Attamen
1681 5498 1791 5567 non

215 5570 287 5621 ait
308 5570 505 5647 licitum
534 5570 756 5647 cuilibet
783 5586 901 5647 esse
937 5576 1127 5643 quovis
1155 5570 1397 5647 tempore
1440 5595 1663 5635 uxorem
1688 5582 1789 5636 du-

213 5653 356 5694 cere.
378 5638 556 5720 “Quod
599 5639 723 5697 ideo
755 5643 922 5720 visum
1090 5638 1372 5720 annotare,
1420 5664 1487 5704 ne
1515 5651 1636 5720 quis
1664 5652 1789 5707 hinc

212 5722 333 5782 gum
378 5709 540 5782 Baleo
567 5711 1033 5782 contraPapistici
1060 5716 1324 5771 caelibatus
1352 5709 1631 5774 assertores
1677 5723 1789 5776 eol-

212 5774 341 5851 ligat
385 5780 543 5835 licere
586 5774 952 5837 sacerdotibus
980 5802 1203 5842 uxorem
1247 5788 1460 5845 ducere.
1493 5788 1625 5847 Nam
1665 5774 1786 5848 Sal-

494 5874 768 5936 ινιτ-εισι..
817 5876 975 5942 LIII.

1910 4324 2099 4407 vianus
2122 4326 2217 4409 hic.
2237 4341 2345 4381 non
2385 4327 2623 4410 loquitur
2641 4329 3141 4410 deﬂsacerdotibus,
3172 4341 3267 4396 sed
3293 4342 3360 4398 de
3388 4345 3491 4400 illis

1911 4402 2173 4471 qui,.eu_m
2204 4402 2255 4450 in
2295 4402 2544 4471 conjugio
2568 4402 2843 4456 constituti
2878 4415 3076 4470 essent,
3105 4412 3495 4471 continentiam

1912 4463 2321 4543 profitebantur.
2351 4463 2503 4543 (ξμοό
2544 4478 2705 4543 aetate
2748 4472 2835 4527 illa
2866 4463 3494 4543 vulgatissimum'fuisso

1913 4537 2092 4614 multis
2126 4538 2447 4614 testimoniis
2478 4538 2677 4614 _conl_ici
2723 4551 2923 4611 posset.
2960 4537 3242 4606 'Videndus
3289 4537 3495 4614 tantum

1912 4605 2211 4693 §ellviailqs,
2224 4623 2368 4693 [eum
2392 4609 2446 4662 in
2477 4605 2738 4692 hoelpco;
2766 4620 2876 4693 Eum
2896 4615 3073 4693 etiam
3102 4605 3236 4693 infra
3272 4605 3472 4693 p.356

1913 4674 2037 4757 .251,
2068 4674 2190 4729 235.
2223 4675 2486 4759 caeterum
2516 4693 2582 4733 ex
2620 4670 2737 4803 ipso
2766 4680 3017 4762 Salviano
3045 4670 3493 4757 probatui-vfu-iss’e

1916 4746 2001 4798 illa
2030 4753 2189 4801 aetate
2216 4747 2429 4803 aliquod
2453 4760 2620 4803 genus
2679 4765 2915 4803 ominum
2943 4755 3033 4803 (mi
3064 4759 3300 4803 omlihnm
3329 4767 3490 4803 νίιιιηι

2278 4755 2429 4830 iqupd
2453 4755 2915 4831 genushpminum
2943 4755 3301 4831 quigcaalibem
3329 4767 3490 4823 vitam

2238 4818 2489 4893 nimirum
2533 4818 2831 4893 religiosos.
2863 4818 2996 4879 Nam
3039 4827 3094 4882 in
3142 4829 3279 4889 libro
3326 4818 3489 4893 toi-iiii

1918 4884 2174 4969 adversus
2201 4888 2478 4969 avaritiam
2495 4884 2826 4969 [edarguens
2847 4907 2943 4969 eos
2966 4898 3057 4969 qui
3083 4884 3307 4969 ορρέᾷο
3329 4884 3491 4964 Eam;

1916 4964 2201 5048 tates‘suas
2229 4957 2301 5048 ita
2332 4958 2470 5011 inter
2495 4957 2693 5048 liberos
2720 4976 2851 5048 suos
2884 4957 3194 5025 dividebant
3217 4957 3484 5048 otiis—qni

1916 5026 2167 5080 stnculum
2196 5028 2522 5113 reliquerant
2560 5028 2948 5113 usumfructum
2990 5043 3195 5095 tantum
3224 5026 3489 5113 magis;

1914 5110 2024 5148 sum
2052 5093 2441 5177 permitterent,
2472 5100 2854 5177 proprietatem
2883 5093 3254 5177 denegarem,r
3268 5093 3487 5174 iiiis“:

1915 5180 2061 5220 nulm
2084 5166 2136 5218 in
2161 5178 2287 5289 ἕως.
2319 5165 2415 5219 261
2446 5165 2696 5248 parentes
2720 5170 2842 5228 illos
2891 5174 2993 5233 hac
3022 5165 3242 5237 ratione
3273 5165 3495 5244 ﬁcii?“
3560 5228 3569 5237 ρ

1915 5250 2052 5289 suum
2090 5235 2156 5289 de
2180 5236 2379 5289 endere
2404 5237 2591 5289 solitos
2622 5246 2681 5289 ut
2724 5240 2966 5289 diam-pm
3003 5264 3108 5289 nnn
3158 5252 3355 5289 anno...
3404 5259 3484 5289 ι.;η

1896 5250 2052 5315 suum
2090 5235 2379 5291 defendere
2404 5235 2591 5293 solitos
2622 5246 2681 5315 ut
2724 5240 2967 5315 dicerent
3003 5264 3109 5306 non
3158 5235 3486 5315 de’béié'iiis;

1895 5304 2186 5384 quidquam
2227 5322 2537 5384 mansurum
2578 5311 2809 5380 relinqui
2855 5316 2947 5384 qui
2996 5304 3135 5374 ﬁlios
3166 5304 3488 5381 *n'dii'imiiiéi

1897 5383 2020 5457 rent
2068 5376 2262 5457 quibus
2316 5377 2601 5457 facultates
2666 5376 2791 5457 suas
2845 5376 3485 5457 relinquerentaQ—aib’as

1895 5447 2050 5523 enim,
2107 5448 2365 5523 inquiunt,
2417 5449 2650 5523 religant
2684 5447 3031 5512 substantiam
3085 5447 3325 5517 relicturi
3361 5447 3485 5523 in};

1895 5515 2040 5595 ﬁlios
2064 5515 2477 5595 non’liabentes?
2505 5518 2929 5595 Quibusverbis
2962 5526 3242 5585 manifeste
3276 5515 3478 5595 indicia

1897 5585 2180 5641 Salvianus
2201 5587 2363 5643 fuisse
2391 5595 2505 5643 tum
2526 5590 2742 5665 aliquod
2762 5592 2884 5646 vitae
2918 5593 3222 5665 institutum

1898 5672 2038 5712 nexa
2068 5665 2185 5712 erat
2212 5668 2485 5728 perpetuae
2504 5661 2767 5728 professio
2786 5664 3150 5722 continentia).

1975 5738 1998 5765 ο
2037 5728 2220 5811 (Eodex
2240 5727 2428 5811 (ξφ-ὒν
2452 5727 2825 5811 adfectatores;
2854 5730 3092 5792 Colhert.
3123 5749 3180 5795 et
3215 5741 3484 5811 editiones

1895 5796 2195 5855 Brassicani
2224 5807 2278 5854 et
2297 5796 2579 5867 Galesinii,
2608 5796 2890 5871 e/fectores.

1919 4814 2198 4883 ducerent,

3179 5904 3215 5965 ὁ
