4036 6180
438 372 539 426 107

1366 353 1422 408 8.
1466 345 1776 407 SALYIAM
1817 339 2274 399 MASSlLlENSlS
2314 329 2742 393 PRESBYTERI

3589 323 3691 377 108

444 487 562 540 dem
578 481 746 535 factus
761 482 843 532 est
857 470 1047 528 affectu
1059 476 1175 534 tuo,
1190 473 1248 523 et
1265 472 1487 520 notatnr
1505 478 1535 517 a
1551 462 1757 519 unctis
1769 467 1928 527 atque
1941 471 2018 511 re-
2045 469 2092 524 Α
2121 454 2352 523 majores
2377 458 2502 506 sunt
2546 454 2816 519 potestate
2832 485 2847 511 ,
2879 451 2935 500 et
2970 443 3204 497 minores
3228 437 3548 494 humilitate.
3576 435 3693 491 Scis

445 570 809 646 prehenditur.
826 563 932 620 Sed
940 572 1003 617 tu
1018 570 1195 616 tamen
1210 559 1317 613 hoc
1328 555 1497 624 magis
1508 555 1556 609 ei
1570 552 1835 608 obnoxius
1850 549 2021 603 factus

442 683 523 733 es,
550 664 673 734 quia
703 676 762 716 se
807 657 875 712 ab
907 654 1156 710 omnibus
1180 649 1310 705 fecit
1330 663 1431 718 pro
1459 653 1552 701 tuo
1581 657 1767 699 amore
1792 638 2017 710 culpari.

516 716 775 822 uinum
805 765 933 818 ergo
961 746 1144 803 simile
1170 744 1312 815 apud
1334 716 1597 796 barbaros
1622 734 1869 791 Gothos?
1895 716 2025 798 Quis

440 867 638 911 eorum
678 845 983 903 amantibus
1010 845 1188 902 nocet,
1219 835 1339 904 quis
1366 832 1675 898 diligentem
1702 824 2020 894 insequitur,

447 945 567 1016 quis
580 941 727 998 citari
756 938 838 994 sui
866 945 1123 988 mucrone
1140 924 1448 997 jugulatur?
1471 922 1550 975 Tu
1574 925 1814 975 amantes
1842 927 2027 984 perse-

446 1035 649 1107 queris,
675 1039 730 1085 tu
760 1023 1103 1084 olierentibus
1128 1032 1348 1074 munera
1370 1027 1561 1069 manus
1581 1014 1843 1078 amputas,
1869 1012 1927 1058 tu
1942 1002 2025 1056 di-

450 1129 677 1198 ligentes
722 1120 996 1193 proximos
1020 1128 1214 1176 necas;
1245 1117 1300 1163 et
1329 1123 1435 1162 non
1478 1101 1692 1165 metuis,
1724 1113 1830 1153 non
1860 1108 2026 1163 expa-

451 1221 660 1277 vescis?
686 1213 825 1282 Quid
878 1211 1111 1269 faceres,
1161 1203 1205 1257 si
1231 1198 1486 1269 judicium
1531 1193 1625 1246 Dei
1658 1201 1892 1259 prmsens
1921 1199 2029 1238 non

451 1314 615 1368 etiam
644 1304 885 1377 proxima
916 1294 1273 1366 llagellatione
1300 1283 1591 1343 sensisses?
1621 1278 1784 1353 Addis
1811 1276 2032 1342 insuper

450 1411 509 1458 ct
537 1396 776 1467 adjungis
812 1390 968 1444 malis
996 1381 1267 1455 prioribus
1290 1391 1432 1430 nova
1458 1371 1706 1428 crimina.
1734 1362 2031 1421 Considera

449 1507 570 1564 quae
600 1499 651 1542 te
679 1488 931 1540 maneant
957 1476 1201 1547 graviora
1232 1469 1533 1528 facientem,
1564 1474 1687 1516 cum
1713 1456 1922 1512 minora
1942 1466 2033 1505 so-

450 1586 597 1639 leant
622 1579 784 1634 etiam
822 1587 921 1643 per
949 1571 1219 1623 dmmones
1244 1556 1523 1615 vindicari.
1566 1551 1867 1606 Contentus
1912 1551 2032 1598 esto

456 1675 581 1743 iam,
611 1678 932 1739 quatsumus,
959 1659 1251 1713 amicorum
1275 1659 1488 1704 tuorum
1502 1651 1560 1699 et
1578 1640 1837 1696 sodalium
1863 1635 2032 1688 latro-

454 1763 643 1821 ciniis:
669 1757 897 1815 sufﬁciat
918 1757 1139 1807 vexatos
1168 1744 1328 1799 fuisse
1344 1750 1627 1809 pauperes,
1652 1728 1881 1785 sufﬁciat
1909 1737 2033 1794 spo-

456 1860 615 1912 liatos
629 1862 724 1908 ate
750 1849 913 1903 fuisse
928 1840 1203 1898 mendicos
1229 1854 1241 1888 :
1261 1846 1398 1904 pene
1419 1828 1597 1884 nullus
1612 1824 1766 1893 juxta
1790 1829 1843 1874 te
1869 1819 2036 1871 intre-
2069 1844 2110 1905 Β

456 1950 632 2021 pidus,
652 1944 826 1999 nullos
848 1942 1027 2009 potest
1052 1945 1173 1989 esse
1200 1939 1441 1984 securus.
1464 1918 1700 1974 Facilius
1719 1907 2035 1983 praecipitati

464 2000 649 2110 rAipina
680 2048 811 2103 rupe
852 2000 1125 2084 iorrentes
1153 2026 1245 2075 aut
1284 2011 1529 2072 incendia
1558 2006 1732 2062 ventis
1766 2000 2037 2067 exagitata

456 2132 777 2185 tolerantur.
807 2122 925 2175 Non
952 2117 1030 2172 sic
1056 2115 1364 2184 pereuntes,
1398 2110 1457 2157 ut
1484 2101 1557 2155 ita
1585 2094 1831 2157 dixerim,
1862 2095 2041 2144 nauta:

464 2216 756 2289 Charybdis
782 2180 1080 2267 voracitate
1120 2209 1211 2257 aut
1238 2194 1482 2268 Scylleis,
1513 2198 1572 2245 ut
1617 2188 1788 2249 aiunt,
1816 2180 2043 2237 canibus

462 2312 811 2366 devorantur.
871 2297 1137 2354 Exturbas
1179 2280 1626 2360 possessiunculis
1674 2275 1787 2331 suis
1833 2271 2045 2326 vicinos

464 2413 610 2466 tuos,
650 2393 981 2453 habitatione
1028 2400 1093 2442 ac
1120 2381 1374 2438 facultate
1404 2372 1678 2444 proximos
1704 2375 1846 2421 tuos.
1879 2360 2042 2415 Num-

462 2493 613 2565 quid,
638 2499 697 2544 ut
723 2487 981 2555 scriptum
1020 2485 1103 2533 est
1132 2474 1269 2546 (Ira.
1291 2486 1345 2534 v,
1375 2466 1452 2537 8),
1484 2477 1647 2533 super
1673 2470 1870 2513 terram
1898 2453 2045 2509 solus

468 2549 768 2641 habitabis?
798 2549 911 2630 ll—oc
935 2585 1097 2626 unum
1122 2565 1322 2634 quippe
1364 2565 1447 2613 est
1483 2552 1626 2624 quod
1653 2549 1899 2604 obtinere
1939 2557 2044 2596 non

468 2673 688 2746 poteris.
718 2670 869 2741 ιιι
891 2659 1198 2730 Quamlibet
1218 2652 1360 2708 enim
1380 2652 1574 2703 cuncta
1594 2653 1845 2707 occupes,
1867 2646 2050 2703 qnam-

1648 2732 1660 2743 θ
1775 2745 1796 2746 η
1812 2727 1822 2746 ἓ
1841 2728 1882 2746 »⁷-
1941 2722 1978 2746 ι)
1991 2736 2016 2746 η

471 2722 688 2746 τιν’-ηπ-
722 2722 869 2741 --.-
902 2722 937 2730 ,τ

470 2767 601 2822 iibet
625 2770 813 2820 cuncta
837 2751 1113 2828 pervadas,
1140 2746 1371 2801 vicinum
1401 2749 1614 2805 semper
1648 2727 1907 2785 invenies.
1940 2722 2049 2775 Rc-

474 2862 636 2933 spice,
666 2868 870 2926 qineso,
900 2848 1054 2909 alios,
1084 2856 1222 2911 quos
1251 2835 1385 2891 velis
1414 2829 1552 2885 nolis
1582 2833 1635 2879 et
1665 2824 1778 2893 ipse
1801 2814 2046 2886 suspicis.

475 2906 636 2933 νει-νην
672 2906 773 2926 ἰ’-’ν
857 2906 869 2916 .
1042 2906 1051 2909 -
1104 2906 1117 2911 _

472 2951 699 3022 Respice
742 2946 876 3003 alios
898 2982 912 3004 ,
958 2951 1093 3009 quos
1122 2933 1248 2988 velis
1294 2925 1430 2981 nolis
1476 2920 1640 2977 etiam
1671 2916 1789 2984 ipse
1818 2906 2048 2963 miraris.

482 2999 703 3099 “tigres
725 3043 846 3094 sunt
865 2999 1070 3089 ueteris
1088 3024 1364 3093 dignitate,
1382 3022 1438 3072 et
1453 3009 1684 3081 aequales
1703 2999 2038 3072 dignatione;

2123 547 2364 617 profecto
2388 543 2549 596 etiam
2580 541 2694 610 ipse
2734 537 2803 592 ad
2829 550 2988 605 quem
3012 548 3154 590 nunc
3178 531 3469 600 loquimur,
3494 528 3560 582 de
3582 544 3693 596 quo

2123 638 2433 705 loquamur;
2464 639 2517 686 et
2545 630 2687 685 idem
2732 627 2802 682 de
2850 641 2959 695 quo
3004 638 3149 679 nunc
3190 622 3498 691 querimur,
3529 617 3693 672 debes

2123 738 2414 795 agnoscere
2434 736 2597 791 quem
2620 721 2723 773 hac
2744 715 2902 771 laude
2922 726 3257 768 veneremur.
3289 708 3464 777 Atque
3492 707 3694 760 utinam

2123 818 2278 874 multi
2306 820 2486 871 essent
2519 811 2613 882 qui
2663 807 3041 865 laudarentur!
3071 800 3368 857 Salubritas
3410 806 3553 852 esset
3579 811 3697 850 om-

2126 910 2293 971 nium,
2317 904 2648 976 generositas
2674 898 3041 971 plurimorum.
3065 892 3170 948 Sed
3191 899 3326 952 esto,
3344 898 3404 943 tu
3424 888 3561 942 nolis
3579 901 3701 941 esse

2126 998 2437 1062 laudabilis;
2468 1010 2563 1050 cur
2590 992 2723 1047 velis
2744 1031 2758 1056 ,
2786 1002 3007 1058 quaeso,
3050 999 3169 1039 esse
3210 980 3563 1036 damnabilis?
3594 983 3701 1032 Cur

2128 1095 2224 1151 tibi
2254 1089 2509 1160 iujustitia
2539 1087 2612 1141 nil
2655 1083 2898 1147 amicius,
2931 1095 3026 1134 cur
3049 1074 3271 1131 avaritia
3302 1073 3372 1126 nil
3393 1070 3698 1141 jucundius,

2129 1201 2225 1241 cur
2249 1181 2545 1252 rapacitate
2573 1176 2649 1230 nil
2677 1171 2931 1228 charins?
2960 1184 3055 1224 cur
3081 1167 3157 1222 nil
3182 1164 3388 1234 judicas
3416 1160 3703 1232 pretiosius

2129 1290 2290 1345 quam
2314 1270 2625 1339 nequitiam,
2647 1280 2743 1320 cur
2778 1263 2850 1317 nil
2881 1258 3218 1331 prmstantius
3241 1269 3400 1323 quam
3428 1251 3703 1321 rapinam?

2131 1366 2287 1421 Disce
2315 1363 2401 1416 vel
2441 1376 2471 1414 a
2497 1371 2707 1430 pagano
2734 1352 2952 1408 homine
2975 1363 3161 1403 verum
3190 1346 3407 1398 bonum.
3439 1340 3704 1393 Charitate

2131 1462 2295 1525 enim,
2328 1455 2526 1525 inquit,
2557 1460 2607 1505 et
2655 1444 3002 1503 benevolentia
3029 1449 3229 1510 septum
3257 1446 3305 1490 te
3340 1442 3538 1505 oportet
3557 1448 3702 1495 esse,

2134 1569 2237 1608 non
2292 1523 2470 1602 armis.
2504 1542 2716 1598 Fallunt
2745 1547 2797 1592 te
2844 1536 3025 1602 itaque
3071 1530 3356 1600 opiniones
3398 1534 3539 1586 tuac,
3571 1523 3709 1576 fallit

2133 1655 2312 1713 prava:
2338 1646 2393 1693 et
2419 1648 2572 1691 caecae
2599 1629 2793 1685 mentis
2821 1623 3155 1695 improbitas.
3184 1618 3244 1673 Si
3288 1617 3368 1672 vis
3396 1614 3594 1685 probus
3614 1654 3627 1673 ,
3660 1611 3710 1665 si

2135 1733 2217 1788 vis
2234 1739 2447 1803 potens,
2473 1725 2517 1781 si
2543 1724 2626 1776 vis
2644 1732 2868 1787 magnus
2890 1728 3038 1777 esse,
3069 1712 3351 1766 honestate
3376 1704 3539 1759 debes
3560 1707 3710 1755 cade-

2138 1840 2248 1887 ros,
2278 1837 2387 1876 non
2416 1814 2747 1883 malignitate
2774 1818 3046 1877 superare.
3068 1800 3191 1868 Legi
3212 1796 3480 1867 quondam
3511 1794 3561 1846 in
3583 1806 3711 1859 quo-

2139 1919 2261 1972 dam
2277 1913 2397 1967 loco
2423 1927 2436 1961 :
2462 1905 2628 1961 Nemo
2656 1903 2843 1960 matus,
2868 1896 2968 1950 nisi
2995 1891 3202 1948 stultus.
3236 1888 3296 1943 Si
3324 1887 3462 1940 enim
3488 1888 3709 1952 saperet,

2141 2005 2301 2060 bonus
2322 2016 2434 2055 esse
2460 1995 2653 2051 mallet.
2687 1989 2754 2044 Et
2778 1997 2832 2041 tu
2859 1999 3009 2053 ergo,
3035 1982 3080 2036 si
3111 1989 3288 2034 tamen
3331 1974 3505 2029 redire
3543 1970 3715 2024 adhuc

2141 2098 2209 2153 ad
2234 2094 2523 2150 sanitatem
2551 2094 2727 2156 potes,
2757 2094 2894 2135 exue
2921 2069 3297 2143 nequitiam,si
3318 2067 3398 2121 vis
3418 2065 3616 2119 habere
3637 2075 3718 2114 επις

2139 2186 2417 2260 pientiam.
2442 2180 2500 2234 Si
2520 2178 2661 2233 enim
2692 2180 2848 2242 aptas
2874 2167 2959 2222 vel
2992 2164 3205 2234 sapiens
3234 2158 3453 2214 omnino
3482 2168 3600 2207 esse
3633 2148 3717 2202 vel

2142 2292 2335 2338 sanus,
2366 2269 2642 2327 exucndus
2683 2263 2779 2317 tibi
2820 2257 3039 2315 omnino
3081 2260 3138 2307 et
3181 2242 3588 2306 commutandus
3631 2254 3714 2292 es.

2144 2332 2405 2427 Abdicare
2426 2365 2604 2430 itaque
2632 2374 2662 2411 a
2690 2366 2741 2410 te
2761 2354 2897 2423 ipso,
2923 2364 2988 2403 ne
3009 2343 3272 2400 abdiceris
3292 2356 3323 2393 a
3349 2338 3581 2393 Christo.
3608 2332 3719 2385 Re-

2144 2463 2306 2535 pudia
2334 2468 2420 2523 te,
2463 2428 2825 2519 utrecipiaris
2853 2459 2883 2496 a
2913 2438 3148 2494 Christo.
3182 2432 3353 2486 Perde
3395 2438 3448 2482 te
3476 2428 3620 2496 ipse,
3653 2435 3721 2475 ne

2147 2516 2173 2535 r
2190 2516 2247 2521 ﬁ"
2408 2516 2417 2523 ν
2665 2516 2676 2519 _

2144 2567 2355 2627 pereas.
2390 2545 2488 2611 Qui
2519 2544 2674 2601 enim,
2695 2535 2866 2604 inquit
2892 2530 3157 2588 Salvator,
3187 2519 3465 2594 perdiderit
3493 2516 3723 2568 animum

2854 2623 2863 2627 '
3091 2613 3141 2627 ¹¹’
3292 2625 3337 2627 ης
3393 2606 3480 2627 ωιὶ
3555 2603 3723 2627 {Elian

2148 2603 2531 2709 :udniipro'pter
2567 2646 2665 2694 me,
2696 2623 2913 2679 inveniet
2942 2633 3054 2672 eam
3086 2613 3240 2684 (Luc.
3289 2625 3362 2669 ιχ.
3393 2606 3506 2675 2i).
3555 2603 3725 2668 Dilige

2150 2736 2330 2800 itaque
2352 2729 2491 2782 hanc
2520 2731 2629 2775 tam
2657 2715 2921 2770 salubrem
2947 2706 3319 2778 perditionem,
3346 2710 3402 2753 ut
3423 2693 3724 2762 assequaris

2156 2836 2335 2880 veram
2363 2817 2611 2873 salutem.
2664 2802 2991 2861 Liberaudus
3014 2796 3158 2852 cnim
3183 2812 3211 2847 a
3234 2793 3344 2846 Deo
3373 2786 3588 2844 omnino
3616 2797 3726 2836 non

2156 2916 2280 2978 eris,
2314 2910 2414 2966 nisi
2436 2917 2488 2962 te
2514 2906 2628 2975 ipse
2653 2891 3010 2953 damnareris.

482 3069 703 3099 unum:
725 3069 846 3094 δυιιι
865 3069 1010 3089 st-
1026 3069 1070 3082 ι..
1089 3069 1364 3093 υτ...-..-,,
1392 3069 1405 3072 ,
1425 3069 1431 3070 ,
1517 3069 1535 3081 _
1764 3069 1783 3072 _

473 3138 487 3156 .
2074 3100 2094 3114 ο

2076 3198 2121 3201 --
2151 3194 2223 3201 -——
2258 3186 2335 3201 ατ
2363 3183 2461 3201 n1
2475 3175 2644 3201 ττα

1495 3205 1973 3327 LIBER
2045 3175 2681 3303 SEXTUS.

1796 3379 2433 3418 ___________._—

552 3524 777 3604 1121.
808 3512 1170 3575 Personaliter
1209 3504 1299 3559 diu
1344 3495 1507 3555 locuti
1536 3502 1739 3551 sumus,
1781 3489 1837 3538 et
1863 3489 2052 3604 exces-

1037 3603 1042 3604 “
1193 3596 1227 3604 ““
1338 3600 1347 3604 ‘
1440 3588 1475 3604 "
1525 3582 1733 3604 η-ηεω
1762 3573 1901 3604 λης-ιη
1933 3583 1959 3604 ς)
1986 3580 2052 3604 ια-

481 3566 875 3680 εἱςὲέῒῖῖὶοηιω·
901 3603 1139 3674 regulam
1177 3588 1500 3664 disputandi.
1525 3582 1739 3649 Cogitat
1761 3573 1904 3630 enim
1933 3566 2056 3621 abs-

1635 3671 1665 3680 ..
1748 3667 1758 3678 .
1840 3660 1919 3680 _,_,
1944 3658 2056 3680 LM

484 3658 614 3680 ἰδῦυ
643 3658 864 3673 νιυνι---ι-
904 3658 919 3663 ..
938 3658 993 3674 νυ
1264 3658 1276 3664 _

484 3727 589 3782 que
615 3706 777 3762 dubio
806 3703 851 3757 is
873 3697 965 3767 qui
988 3692 1116 3760 legit
1135 3688 1202 3759 (si
1218 3683 1377 3738 fuerit
1402 3687 1580 3732 tamen
1602 3667 1809 3736 aliquis,
1833 3660 1923 3729 qui
1944 3658 2059 3710 luco

1104 3780 1112 3782 ’
1275 3774 1284 3782 ³
1336 3769 1390 3782 ¹“
1445 3768 1454 3777 “
1492 3772 1599 3782 ’κ--Α
1632 3754 1793 3782 ἰιι-ΑΛ
1859 3747 2058 3782 ηησὶιςιί

525 3747 589 3766 υτ,
615 3747 776 3762 ua...”
806 3747 850 3757 ,ν
878 3747 964 3767 τη
1042 3747 1070 3760 υ
1141 3747 1153 3759 κ

485 3747 681 3855 Christi
707 3803 889 3848 amore
908 3780 1212 3847 conscripta
1237 3774 1306 3827 ob
1333 3768 1605 3823 Christum
1632 3754 1829 3825 legat),
1858 3747 2059 3815 cogitat

486 3835 581 3855 υιιι
597 3835 681 3852 Ιῧιι
708 3835 845 3848 ιιι-ιν.
864 3835 888 3842 ν
914 3835 1004 3841 ,γη
1125 3835 1136 3847 Ι

486 3893 557 3945 de
597 3901 684 3942 me
714 3881 935 3937 forsitan
984 3871 1070 3926 vel
1099 3865 1269 3922 dicit:
1297 3858 1431 3915 Cum
1475 3865 1634 3909 causa
1681 3839 1948 3915 generalis
1990 3835 2061 3888 sit

1741 3935 1791 3945 -·-
1954 3926 1965 3945 I
2005 3927 2054 3945 ι,

486 3993 649 4053 quam
670 3968 999 4038 exsequitur,
1030 3957 1159 4030 quid
1179 3950 1395 4022 negotio
1422 3945 1550 4001 huic
1575 3935 1802 3996 contulit
1826 3926 1970 4000 quod
2005 3927 2058 3979 in

1468 4035 1542 4053 ἰθ
1591 4029 1715 4053 Πιιλ
1790 4015 2058 4053 Dnlnuoril

486 4015 503 4036 ι
531 4015 649 4035 unus
671 4015 999 4038 vnwuw-v-"z
1049 4015 1063 4030 ι
1251 4015 1274 4022 ν

487 4015 772 4143 personam
822 4057 980 4113 unius
1025 4057 1173 4105 tanta
1237 4035 1542 4108 COHQCSS“?
1590 4029 1738 4083 Esto.
1790 4015 2065 4076 Putaverit

1349 4141 1355 4143 _
1414 4136 1424 4143 .
1470 4127 1523 4143 0-.
1562 4124 1618 4143 γε.
1690 4115 1793 4143 ΩΑΑ
1826 4104 2061 4143 nus-inniti

485 4104 633 4221 :tnim
663 4159 751 4213 ille
777 4154 843 4209 de
882 4161 990 4218 quo
1032 4144 1243 4197 locutus
1282 4104 1383 4197 est,
1412 4127 1534 4182 talis
1554 4124 1642 4179 sit.
1690 4115 1796 4173 Sed
1826 4104 2065 4221 nuuqrttid

489 4195 633 4221 (ἹΙΙΗΙΙ
664 4195 751 4213 Iuv
778 4195 843 4209 νυ
885 4195 987 4218 Ἴ...-
1038 4195 1071 4197 η
1101 4195 1112 4197 _
1372 4195 1377 4197 ν

489 4252 658 4307 ofﬁcit
692 4239 919 4302 bonitati
947 4234 1104 4290 unius
1133 4227 1335 4283 crimen
1364 4217 1600 4275 alterius,
1633 4216 1756 4271 aut,
1784 4199 1928 4273 quod
1959 4195 2065 4250 for-

1641 4301 1651 4307 ‘
1932 4304 1944 4307 Α
1961 4303 1985 4307 Α
1999 4303 2015 4307 -
2031 4284 2062 4307 ιε

494 4284 658 4307 "lup":
696 4284 919 4302 μνη-ιρι.--
953 4284 1074 4290 --____,

494 4346 600 4400 tius
645 4336 812 4393 multo
862 4335 965 4391 est,
1015 4315 1251 4387 nunquid
1296 4310 1504 4367 laeditur
1548 4301 1750 4358 scelere
1796 4284 2067 4362 personati

496 4375 600 4400 uua
646 4375 812 4393 Ιιιυιιν
865 4375 965 4391 ...ηπ
1144 4375 1156 4387 _

495 4446 656 4491 causa
685 4415 1035 4483 cunctorum?
1062 4410 1285 4463 Possum
1312 4399 1529 4470 quidem
1557 4386 1890 4447 evidentibus
1920 4375 2069 4432 testi—

498 4523 688 4582 moniis
716 4511 1035 4586 approbare.
1062 4501 1185 4569 quia
1212 4494 1449 4551 laeditur:
1474 4498 1498 4524 η
1529 4485 1703 4539 Achar
1730 4477 1872 4532 enim
1895 4486 2069 4541 quon-

1309 4584 1318 4586 “
1443 4577 1463 4586 ‘
1532 4585 1536 4586 ν
1655 4573 1666 4586 ·
1719 4579 1730 4586 -
1762 4567 1831 4586 12-
1884 4567 1894 4586 ι
1925 4563 2069 4586 1-.....

500 4563 624 4671 ilam
648 4612 714 4665 de
754 4563 1097 4660 aitathemate
1141 4584 1412 4659 quippiam
1440 4577 1581 4631 furto
1618 4567 1839 4625 abstulit
1882 4563 2072 4635 (Iosue

501 4651 624 4671 υα...
649 4651 714 4665 ην
756 4651 944 4660 _.._-.-_
1159 4651 1176 4659 _
1237 4651 1252 4655 _
1275 4651 1288 4654 _

501 4723 589 4766 vn,
623 4702 707 4769 i),
740 4705 795 4753 et
832 4691 1035 4748 crimen
1062 4680 1219 4738 unius
1246 4671 1477 4729 hominis
1505 4665 1659 4735 plaga
1688 4656 1925 4714 omnium
1952 4651 2068 4705 fuit.

500 4791 664 4851 David
695 4781 961 4843 numerari
992 4776 1203 4846 plebem
1241 4760 1585 4821 lsraeliticam
1621 4750 1798 4820 jussit,
1836 4754 1891 4800 et
1917 4756 2071 4797 erro-

499 4898 613 4941 rem
662 4878 801 4933 illius
849 4845 1105 4925 Dominus
1149 4857 1301 4916 clade
1347 4851 1510 4906 totius
1552 4845 1695 4915 popu

503 4922 1556 5044 aulide-gilii,lti).Rabsaceslocutus
1601 4930 1845 5002 quaadam
1890 4932 1972 4979 est
2018 4922 2073 4974 in

1463 5041 1471 5044 -
1694 5018 1926 5044 -..:..,.....
1958 5012 2073 5044 mn-

500 5053 878 5118 contumeliam
905 5046 1031 5109 Dei;
1061 5049 1117 5097 et
1136 5045 1352 5094 centum
1390 5027 1666 5096 octoginta
1690 5018 1927 5089 quinque
1958 5012 2077 5065 mil-

503 5155 573 5206 lia
603 5145 881 5203 hominum
908 5144 1086 5201 strage
1110 5125 1339 5200 perculit
1364 5119 1510 5190 quod
1550 5114 1707 5170 unius
1736 5104 1945 5179 profani
1973 5104 2076 5157 ho-

504 5240 662 5297 minis
714 5245 913 5305 procax
958 5193 1132 5291 lingua
1180 5213 1457 5272 maledixit
1486 5206 1618 5279 (13a.
1651 5193 2078 5270 xxxvu).Etideo

504 5281 662 5297 """"’
717 5281 910 5305 ι’·ννκη
1037 5281 1062 5291 υ

504 5350 611 5394 non
665 5323 930 5384 immerito
961 5316 1124 5372 etiam
1167 5310 1358 5363 beatus
1386 5299 1661 5372 apostolus
1716 5290 1911 5345 Paulus
1958 5281 2079 5351 ejici

502 5430 571 5481 de
600 5417 835 5478 Ecclesia
865 5409 1205 5482 pestilentem
1229 5397 1415 5468 jubet;
1445 5400 1500 5448 et
1533 5405 1629 5446 cur
1653 5386 1865 5456 jubeat,
1897 5383 2079 5433 osten-

504 5520 579 5572 dit
602 5516 784 5569 dicens
812 5524 826 5562 :
859 5471 995 5573 ῥκὶα
1022 5494 1279 5552 modicum
1310 5489 1623 5559 {ermean
1665 5484 1825 5530 totam
1850 5471 2077 5523 massam

507 5603 780 5673 corrumpit
808 5560 995 5667 (l'Cor.
1028 5604 1083 5653 v,
1114 5584 1190 5652 6).
1223 5576 1374 5635 Unde
1404 5572 1680 5629 evidenter
1718 5560 2073 5631 agnoscimus,

2078 3471 2124 3530 ο
2155 3460 2317 3515 etiam
2337 3469 2503 3511 unum
2530 3445 2821 3519 saepissime
2846 3443 3044 3496 malum
3074 3434 3347 3490 hominem
3374 3426 3727 3502 perditionem

2155 3567 2273 3609 esse
2300 3549 2609 3604 multorum.
2639 3540 2747 3596 Nec
2787 3536 2977 3603 injuria
3007 3530 3301 3595 intelligere
3335 3524 3381 3577 is
3408 3524 3731 3592 quicumque

2154 3642 2345 3712 legerit
2364 3640 2545 3700 debet,
2577 3649 2683 3687 non
2710 3626 2977 3698 superﬂue
3006 3638 3090 3676 me
3112 3617 3354 3688 superius
3380 3613 3444 3666 de
3469 3626 3571 3665 uno
3589 3608 3732 3661 malo

2157 3737 2334 3804 aliqua
2354 3731 2573 3790 dixisse,
2598 3739 2716 3780 cum
2740 3721 2944 3775 scilicet
2967 3712 3395 3782 frequentissime
3418 3705 3604 3759 divinat:
3626 3714 3733 3752 ma-

2153 3824 2366 3895 iestatis
2394 3818 2665 3876 iracundia
2689 3815 2851 3868 etiam
2896 3823 2992 3877 per
3036 3819 3198 3859 unum
3250 3801 3457 3867 legatur
3484 3804 3727 3848 accensa.

2160 3916 2268 3971 Sed
2307 3928 2407 3982 ego
2454 3926 2561 3965 non
2586 3922 2690 3975 ago
2737 3905 2839 3958 hac
2863 3897 3194 3954 districtione
3222 3908 3343 3961 qua
3368 3890 3507 3942 diro.
3550 3883 3735 3950 Neque

2161 4006 2305 4061 enim
2335 4015 2555 4057 necesse
2583 4004 2668 4051 est
2704 4003 2762 4047 ut
2811 4005 2973 4044 unum
3020 3987 3211 4040 obesse
3239 3979 3485 4035 omnibus
3527 3980 3731 4042 putem,

2162 4110 2284 4151 cum
2312 4106 2499 4148 omnes
2520 4094 2705 4163 mutuo
2733 4082 2834 4137 sibi
2873 4081 3086 4134 obsunt.
3118 4074 3231 4127 Non
3260 4066 3509 4124 convenit
3539 4071 3594 4117 ut
3633 4074 3732 4129 per

2165 4200 2329 4240 unum
2358 4189 2582 4237 cunctos
2628 4172 2911 4245 periclitari
2942 4179 3143 4239 putem,
3192 4163 3344 4233 113
3372 4173 3492 4212 cum
3541 4169 3636 4223 per
3676 4164 3736 4203 se

2165 4274 2341 4331 cuncti
2371 4273 2760 4349 periclitentur.
2808 4262 3006 4315 Omnes
3035 4258 3175 4311 enim
3206 4252 3488 4306 admodmu
3521 4248 3571 4298 in
3611 4259 3735 4313 pcr-

2168 4369 2372 4423 ditione
2400 4369 2578 4425 ruunt,
2612 4368 2703 4412 aut
2745 4364 2923 4417 certe.
2957 4359 3014 4404 ut
3060 4345 3256 4415 aliquid
3306 4344 3477 4395 dicam
3535 4337 3737 4395 lenius,

2168 4473 2309 4529 pene
2353 4469 2559 4510 omnes.
2594 4449 2744 4504 Unde
2790 4444 2932 4500 enim
2969 4442 3073 4496 hoc
3102 4439 3299 4492 bonum
3342 4430 3541 4501 populo
3588 4425 3741 4478 Chri-

2169 4553 2365 4613 stiano,
2390 4557 2447 4601 ut
2469 4554 2560 4599 aut
2579 4543 2773 4605 minor,
2789 4546 2881 4591 aut
2897 4544 3040 4589 certe
3063 4530 3144 4584 vel
3164 4528 3300 4581 idem
3320 4530 3465 4576 esset
3480 4519 3738 4572 nudorum

2171 4656 2424 4698 numerus
2467 4636 2557 4704 qui
2603 4628 2899 4687 honorum?
2927 4625 2971 4677 Ο
3000 4620 3264 4675 miseriam
3314 4604 3736 4683 lacrymahilcm!

2172 4751 2205 4788 0
2226 4730 2491 4787 miseriam
2510 4719 2833 4779 luctuosam!
2860 4718 3029 4785 Quam
3057 4708 3325 4767 dissimilis
3354 4715 3433 4759 cst
3464 4718 3602 4757 nunc
3628 4714 3655 4751 a
3686 4713 3746 4752 se

1700 4840 1736 4893 li
1781 4830 2072 4891 vindicavit
2103 4827 2147 4884 Ι)
2176 4827 2292 4896 ipso
2319 4821 2546 4892 populus
2573 4814 2925 4873 Christianus,
2957 4807 3007 4861 id
3036 4812 3137 4868 est,
3169 4802 3234 4855 ab
3262 4816 3327 4853 eo
3353 4796 3443 4865 qui
3468 4794 3563 4847 fuit
3582 4808 3751 4859 quon-

2179 4916 2329 4972 dam!
2364 4913 2510 4966 Tunc
2563 4908 2807 4979 princeps
2855 4898 3220 4971 apostolorum
3258 4891 3446 4945 Petrus
3488 4883 3750 4939 Ananiam

2178 5016 2234 5063 et
2260 5003 2576 5074 Sapphiram
2596 5040 2609 5062 ,
2640 4997 2765 5066 quia
2812 4990 3020 5046 mentiti
3045 4993 3242 5048 essent,
3274 4988 3443 5035 morte
3475 4972 3749 5029 mulctavit

2183 5099 2317 5167 (Act.
2345 5096 2421 5165 ν).
2451 5090 2797 5147 Beatissimus
2832 5096 3046 5153 quoque
3076 5077 3272 5130 Paulus
3298 5072 3460 5125 etiam
3488 5080 3647 5119 unum
3685 5060 3755 5116 de

2179 5185 2418 5256 Ecclesia
2470 5181 2668 5235 malum
2710 5174 2933 5244 expulit,
2969 5185 3034 5224 ne
3072 5172 3324 5222 contactu
3367 5174 3466 5213 suo
3495 5154 3757 5225 plurimos

2182 5278 2483 5347 inquinaret
2511 5273 2553 5344 (Ι
2584 5269 2702 5324 Cor.
2728 5284 2778 5332 v,
2811 5268 2889 5335 5).
2918 5262 3068 5316 Nunc
3095 5273 3193 5312 nos
3220 5255 3382 5309 etiam
3423 5248 3537 5320 pari
3561 5246 3757 5299 utriusn

2181 5386 2287 5439 que
2316 5368 2481 5438 partis
2510 5377 2734 5418 numero
2761 5354 3001 5414 contenti
3036 5363 3236 5407 sumus.
3269 5344 3336 5399 Et
3364 5340 3491 5414 quid
3519 5333 3759 5394 contenti

2182 5460 2395 5518 dicam?
2435 5455 2718 5510 Exsultare
2765 5464 2863 5504 nos
2911 5444 3090 5516 potius
3134 5456 3200 5496 ac
3228 5436 3521 5506 tripudiare
3542 5424 3760 5497 'gaudio

2183 5550 2518 5612 conveniret,
2544 5546 2587 5600 si
2616 5542 2855 5616 parilitas
2886 5515 2989 5595 ista
3036 5534 3190 5591 nobis
3235 5527 3588 5597 contingeret.
3621 5515 3765 5573 Ecce

1664 5674 1994 5738 STEPHANI
2033 5670 2301 5727 BALUZII
2336 5664 2541 5725 NOTIE
2562 5700 2581 5718 .
2621 5736 2633 5743 _

594 5820 610 5841 ‘
643 5808 898 5869 Golbert.,
933 5796 1127 5861 Achar;
1156 5790 1342 5856 Corb.,
1373 5784 1587 5838 Achata.
