4006 6182
319 328 398 393 109

1342 318 1433 384 DE
1470 325 1997 385 GL'BERNATlONE
2037 325 2145 381 DEI
2185 325 2309 382 LIB.
2359 324 2439 379 τι.

3418 288 3519 372 tto

312 450 352 505 in
376 440 487 514 quid
512 439 814 505 recidimus,
846 454 970 496 ecce
994 439 1049 494 in
1076 438 1203 509 quid
1230 447 1354 509 post
1381 438 1524 493 illam
1550 437 1840 495 Christiani
1869 443 1918 500 Α
1945 439 2083 493 mala
2108 453 2207 509 pro
2228 437 2383 494 bonis
2402 436 2662 506 diligunt;
2694 450 2795 492 nos
2812 451 2933 491 cum
2979 432 3258 490 scientiam
3286 434 3526 489 veritatis

312 533 465 608 populi
490 531 775 601 puritatem
819 543 925 598 qua
971 543 1160 584 omnes
1205 528 1474 599 quondam
1521 527 1848 583 immaculati

312 633 454 688 erant,
476 637 597 678 ecce
616 622 672 675 in
698 617 826 691 quid
845 619 1049 675 redacti
1076 632 1278 684 sumus,
1304 624 1361 672 ut
1377 618 1593 673 beatam
1614 615 1728 671 fore
1747 615 1850 671 Ec—

311 715 498 773 clesiam
519 711 821 781 iudicemus
840 749 857 777 ,
884 710 931 764 si
950 710 1043 765 vel
1088 716 1293 763 tantum
1333 710 1386 763 in
1413 724 1472 764 se
1499 708 1625 763 boni
1652 708 1851 762 habeat

311 814 537 876 quantum
558 803 701 857 mali.
727 801 857 855 Nam
871 801 1142 870 «promodo
1161 816 1268 854 non
1280 802 1490 854 beatam
1506 799 1847 861 arbitremur,

311 900 347 953 si
371 895 582 951 mediam
634 891 805 962 plebis
854 899 1061 962 partem
1106 888 1329 944 haberet
1356 889 1662 953 innoxiam,
1691 902 1853 956 quam

310 1002 425 1061 pene
452 995 612 1040 totam
643 1000 785 1039 nunc
811 998 931 1038 esse
958 982 1256 1053 plangimus
1294 981 1676 1037 criminosam?
1702 978 1855 1034 Unde

311 1066 564 1149 superﬂue,
589 1092 711 1131 cum
737 1076 841 1129 hoc
864 1075 936 1128 ita
974 1076 1063 1135 sit,
1108 1072 1375 1144 superﬂue
1399 1071 1598 1126 dudum
1637 1071 1705 1126 de
1744 1086 1852 1126 uno

294 1171 431 1226 'malo
473 1167 638 1223 locuti
680 1181 885 1231 sumus,
913 1162 1179 1234 superﬂue
1208 1164 1367 1217 unius
1411 1162 1612 1217 scelera
1639 1158 1858 1216 deﬂevi-

306 1239 427 1316 imus.
450 1260 551 1313 Aut
581 1273 769 1313 omnes
796 1256 958 1320 enim,
989 1264 1081 1309 aut
1105 1270 1245 1325 pene
1273 1269 1460 1309 omnes
1498 1252 1656 1308 ﬂendi
1695 1261 1861 1322 atque

310 1351 495 1419 lugendi
520 1357 671 1403 sunt.
703 1349 835 1402 Nam
865 1354 955 1401 aut
995 1347 1210 1416 plurimi
1239 1346 1375 1401 tales
1403 1356 1548 1405 sunt,
1573 1352 1665 1399 aut
1690 1352 1858 1410 certe,

309 1445 546 1515 quodnon
564 1444 742 1498 minus
761 1442 1106 1497 criminosum
1127 1448 1229 1505 est,
1246 1440 1467 1510 cupiunt
1486 1440 1619 1493 tales
1640 1454 1778 1504 esse,
1807 1443 1864 1493 et

310 1538 526 1593 laborant
550 1545 676 1591 actu
706 1536 967 1590 malorum
996 1550 1219 1604 operum
1248 1550 1356 1588 non
1386 1534 1620 1611 impares
1658 1532 1859 1597 videri;

309 1644 362 1683 ac
379 1644 466 1698 per
486 1629 596 1683 hoc
622 1628 785 1681 etiam
810 1624 855 1681 si
883 1626 1091 1681 minora
1119 1627 1258 1681 mala
1284 1625 1505 1688 faciunt,
1536 1626 1660 1696 quia
1690 1626 1866 1679 minus

309 1727 528 1788 possunt,
554 1733 665 1771 non
694 1717 871 1770 minus
892 1724 1071 1770 tamen
1092 1715 1216 1769 mali
1238 1722 1377 1779 sunt,
1403 1715 1528 1784 quia
1551 1714 1742 1769 nolunt
1767 1714 1868 1771 mi-

1950 531 2260 596 habeamus,
2286 543 2405 598 qua:
2432 528 2541 583 sint
2564 528 2703 583 bona
2728 527 2928 597 optime
2957 524 2984 565 ι
3008 526 3251 581 novimus
3280 525 3300 548 '
3329 525 3521 579 modis.

1950 618 2208 687 Primum,
2255 620 2401 690 quod
2451 620 2581 674 nihil
2634 621 2799 674 ferme
2840 620 2928 674 vel
2954 618 3236 673 criminum
3262 617 3349 673 vel
3376 617 3547 687 ﬂagi-,

1952 713 2145 766 tiorum
2167 718 2250 765 est
2274 710 2419 780 quod
2447 710 2500 764 in
2521 710 2842 779 spectaculis
2870 725 2977 764 non
3006 709 3110 775 sit;
3142 708 3232 763 ubi
3261 720 3530 764 summum

1954 801 2262 857 deliciarum
2318 815 2486 869 genus
2530 809 2612 855 est
2652 800 2789 855 mori
2817 801 3084 866 homines,
3115 809 3227 865 aut,
3265 800 3409 869 quod
3450 809 3535 855 est

1954 902 2127 950 morte
2153 894 2364 963 gravius
2403 893 2772 962 acerbiusque,
2824 892 3070 957 lacerari,
3124 888 3277 963 115
3325 892 3530 962 expleri

1955 985 2190 1040 ferarum
2242 986 2391 1039 alvos
2435 985 2683 1038 humanis
2726 982 2994 1049 carnibus,
3043 982 3252 1037 comedi
3290 983 3536 1039 homines

1958 1090 2080 1130 cum
2118 1075 2573 1130 circumstantium
2630 1073 2831 1140 lmtitia,
2887 1072 3327 1143 conspicientium
3379 1073 3537 1128 volu-

1957 1173 2138 1235 ptate;
2170 1165 2274 1220 hoc
2301 1171 2403 1231 est,
2435 1180 2540 1218 non
2561 1165 2738 1218 minus
2763 1179 2902 1234 pene
2918 1164 3196 1218 hominum
3235 1165 3541 1233 aspectibus

1961 1270 2120 1326 quam
2142 1254 2435 1309 bestiarum
2454 1253 2703 1308 dentibus
2728 1254 2995 1308 devorari.
3028 1254 3204 1323 Atque
3225 1263 3283 1308 ut
3298 1255 3399 1309 hoc
3425 1253 3539 1321 ﬁat,

1963 1351 2108 1405 orbis
2156 1350 2479 1419 impendium
2519 1355 2620 1405 est.
2663 1348 2848 1417 Magna
2878 1350 3023 1403 enim
3061 1364 3187 1403 cura
3208 1347 3261 1402 id
3290 1347 3465 1416 agitur
3486 1354 3543 1403 et

1962 1440 2288 1495 elaboratur.
2339 1440 2617 1495 Adeuntur
2660 1440 2822 1493 etiam
2865 1438 2982 1492 loca
3021 1437 3220 1504 abdita,
3250 1437 3543 1492 lustrantur

1965 1529 2092 1584 invii
2134 1530 2319 1595 saltus,
2366 1538 2721 1600 peragrantur
2758 1528 2903 1582 silva:
2957 1527 3370 1597 inexplicabiles,
3414 1541 3545 1581 con-

1966 1620 2290 1675 scenduntur
2311 1619 2565 1675 nubifera:
2585 1620 2764 1689 Alpes,
2795 1626 3144 1689 penetrantur
3164 1616 3401 1671 niviferze
3425 1616 3543 1671 val-

1970 1711 2078 1777 les;
2109 1719 2163 1765 et
2190 1719 2249 1765 ut
2275 1710 2520 1765 devorari
2548 1710 2756 1780 possint
2783 1725 2813 1763 a
2842 1708 2969 1763 feris
2999 1709 3203 1763 viscera
3242 1707 3541 1772 hominum,

268 1819 277 1829 '
309 1824 395 1864 nus
419 1823 553 1870 esse,
583 1806 629 1861 si
673 1806 900 1876 possint.
932 1805 1200 1873 Denique,
1229 1803 1372 1873 quod
1417 1819 1582 1858 unum
1607 1810 1863 1873 possunt,
1895 1806 1941 1867 Β
1969 1817 2077 1856 non
2122 1801 2251 1856 licet
2294 1809 2541 1854 naturam
2582 1813 2762 1854 rerum
2791 1791 2991 1867 aliquid
3039 1798 3238 1853 habere
3256 1805 3545 1853 secretum.

311 1899 383 1953 vel
406 1898 524 1953 voto
553 1897 693 1951 tales
720 1903 864 1961 sunt,
893 1910 958 1950 ac
999 1895 1276 1950 voluntate
1311 1893 1467 1966 1ιᾶΙ
1494 1910 1602 1948 non
1627 1893 1863 1959 cedunt;

309 1997 356 2043 et
372 1991 418 2043 in
437 1996 699 2058 quantum
724 1985 949 2041 facultas
965 1986 1219 2056 suppetit,
1240 2001 1496 2055 superare
1515 1983 1863 2040 contendunt.

308 2076 391 2132 Est
413 2079 552 2132 enim
579 2117 597 2141 ,
638 2078 765 2131 licet
804 2076 856 2130 in
883 2076 1229 2130 dissimilibus
1272 2075 1433 2130 rebus
1454 2116 1469 2141 ,
1501 2076 1615 2131 hazc
1654 2075 1869 2129 illorum

305 2168 559 2223 aemulatio
609 2182 728 2237 quae
752 2167 1049 2233 bonorum;
1080 2173 1139 2221 ut
1173 2166 1312 2222 sicut
1348 2166 1478 2221 boni
1507 2146 1699 2234 optant
1740 2179 1872 2221 cun-

308 2265 411 2313 ctos
435 2259 724 2313 honestate
751 2257 1006 2312 mentium
1027 2257 1261 2323 vincere,
1279 2257 1357 2311 sic
1371 2256 1495 2310 mali
1511 2256 1728 2326 cupiant
1747 2270 1873 2326 pra-

307 2351 454 2405 vitate
481 2364 766 2419 superare.
815 2348 947 2402 Nam
975 2349 1112 2420 sicut
1158 2348 1274 2402 haec
1300 2347 1564 2402 bonorum
1593 2346 1763 2415 gloria
1790 2351 1875 2401 est

308 2450 359 2496 ut
382 2442 623 2511 quotidie
667 2440 916 2495 meliores
943 2440 1083 2504 sint,
1114 2439 1192 2494 sic
1222 2439 1483 2493 malorum
1529 2438 1768 2492 omnium
1815 2438 1876 2492 ut

306 2531 619 2598 deteriores;
642 2538 698 2586 et
719 2531 855 2585 sicut
882 2531 1068 2600 optimi
1088 2530 1313 2600 cupiunt
1333 2530 1586 2584 virtutum
1608 2530 1878 2584 universa-

306 2635 411 2674 rum
437 2624 660 2676 culmen
710 2620 1017 2685 ascendere,
1042 2620 1121 2676 sie
1164 2620 1383 2690 pessimi
1437 2627 1627 2689 optant
1670 2620 1877 2691 palmas

305 2711 395 2766 sibi
420 2713 800 2766 universorum
828 2711 1089 2765 scelerum
1139 2710 1427 2775 vindicare.
1459 2709 1527 2765 Et
1554 2711 1658 2766 hoc
1690 2711 1878 2780 utique

307 2801 354 2855 in
372 2803 567 2857 malum
601 2811 843 2856 nostrum
861 2802 1093 2857 maxime
1114 2800 1305 2867 nostri,
1323 2801 1426 2857 hoc
1445 2809 1545 2865 est,
1567 2800 1878 2867 Christiani,

305 2893 388 2960 qui
436 2895 653 2949 scilicet
677 2934 691 2959 ,
722 2900 782 2948 ut
822 2893 934 2963 jam
985 2893 1245 2958 diximus,
1277 2893 1534 2948 malitiam
1562 2894 1880 2964 sapientiam

307 2993 501 3053 putant,
536 2993 601 3041 et
640 2986 707 3040 de
734 2986 927 3054 quibus
954 2985 1095 3039 Deus
1123 2984 1430 3053 specialiter
1454 2984 1582 3038 dicit
1606 3002 1618 3037 :
1652 2983 1880 3038 Perdant

305 3080 610 3147 sapientiam
637 3080 956 3149 sapientum,
998 3085 1047 3131 et
1074 3077 1389 3131 intellectum
1424 3076 1752 3147 prudentium
1793 3093 1880 3129 re-

1965 1891 2073 1946 Sed
2102 1892 2233 1958 hate,
2278 1891 2473 1960 inquis,
2504 1904 2613 1945 non
2650 1904 2864 1959 semper
2909 1888 3060 1942 ﬁunt.
3103 1886 3323 1943 Certum
3350 1896 3451 1943 est.
3482 1886 3549 1942 Et

1966 1982 2223 2054 przcclara
2246 1981 2445 2036 erroris
2465 1988 2547 2035 est
2567 1980 2859 2044 excusatio,
2887 1979 3011 2049 quia
3034 1994 3138 2033 non
3164 1993 3379 2048 semper
3398 1977 3550 2032 fiunt.

1969 2073 2133 2141 Quasi
2164 2089 2291 2128 vero
2318 2087 2551 2143 unquam
2580 2069 2695 2125 ﬁeri
2723 2071 2954 2126 debeant
2978 2084 3098 2139 quce
3123 2068 3291 2124 Deum
3320 2068 3549 2135 liedant;

1970 2171 2064 2219 aut
2087 2164 2228 2229 ideo,
2254 2178 2373 2232 quae
2394 2162 2534 2216 mala
2557 2170 2701 2227 sunt,
2726 2161 2865 2216 bene
2895 2159 3044 2225 liant,
3068 2159 3194 2228 quia
3224 2174 3329 2214 non
3352 2158 3555 2228 iugiter

1971 2255 2121 2310 ﬁant.
2165 2254 2298 2309 Nam
2336 2262 2390 2309 et
2430 2253 2712 2307 homicidae
2758 2252 3005 2307 homines
3034 2267 3143 2305 non
3171 2266 3384 2320 semper
3411 2251 3556 2307 occi-

1972 2347 2136 2413 dunt;
2191 2354 2247 2401 et
2291 2343 2573 2401 homicida:
2600 2352 2779 2399 tamen
2828 2354 2971 2409 sunt,
3011 2344 3172 2398 etiam
3202 2343 3419 2412 quando
3447 2358 3555 2400 non

1974 2439 2242 2504 occidunt,
2272 2438 2397 2508 quia
2425 2436 2691 2491 interdum
2716 2435 3026 2506 polluuntur
3054 2433 3362 2490 homicidio.
3386 2434 3455 2489 Et
3477 2434 3557 2489 la-

1975 2538 2162 2584 trones
2190 2543 2378 2582 omnes
2407 2543 2513 2584 non
2534 2541 2748 2596 semper
2772 2525 3177 2589 latrocinantur,
3202 2525 3296 2580 sed
3324 2525 3559 2579 latrones

1975 2630 2156 2677 tamen
2185 2635 2303 2676 esse
2333 2636 2440 2675 non
2467 2620 2718 2675 desinunt
2740 2638 2754 2672 :
2779 2618 2902 2688 quia
2922 2618 3083 2673 etiam
3108 2630 3230 2672 cum
3248 2617 3409 2672 rebus
3436 2617 3561 2686 ipsis

1978 2710 2259 2765 latrocinia
2311 2725 2417 2764 non
2446 2719 2628 2777 agunt,
2661 2710 2850 2764 animis
2878 2717 3055 2763 tamen
3085 2724 3115 2762 a
3143 2708 3428 2763 latrocinio
3452 2722 3558 2763 non

1978 2804 2258 2861 recedunt.
2303 2802 2393 2858 Sic
2425 2804 2608 2872 utique
2636 2818 2824 2857 omnes
2850 2802 2903 2856 hi
2932 2802 3023 2871 qui
3043 2801 3364 2871 spectaculis
3410 2800 3561 2855 istius

1979 2896 2125 2951 modi
2172 2894 2526 2961 delectantur,
2581 2895 2742 2949 etiam
2785 2894 2998 2963 quando
3048 2909 3156 2948 non
3183 2902 3447 2962 spectant,
3475 2894 3555 2948 in-

1979 2988 2127 3043 noxii
2172 2993 2354 3043 tamen
2400 3003 2431 3041 a
2477 2986 2906 3057 spectaculorum
2954 2986 3177 3056 piaculis
3233 2994 3414 3041 mente
3454 3001 3560 3041 non

1981 3089 2124 3147 sunt,
2180 3081 2306 3149 quia
2336 3089 2549 3150 semper
2575 3079 2776 3134 vellent
2812 3087 3077 3149 spectare,
3117 3078 3161 3133 si
3186 3086 3424 3149 possent.
3456 3077 3563 3135 Nec

305 3167 518 3235 probabo
542 3164 935 3234 (lsaxnde).
968 3164 1209 3234 Cumque
1232 3165 1520 3235 Apostolus
1539 3165 1735 3220 clamet
1764 3181 1781 3219 :
1813 3163 1874 3220 Si
1904 3165 1948 3228 C
1980 3172 2153 3227 solum
2181 3172 2304 3236 hoc,
2336 3170 2430 3224 sed
2465 3176 2588 3225 sunt
2634 3169 2736 3224 alia
2766 3169 2992 3237 majora.
3040 3166 3177 3235 Quid
3206 3169 3385 3223 enim?
3414 3169 3561 3224 Νιιη-

304 3255 407 3325 quis
432 3256 639 3310 ridemr
666 3256 892 3324 sapiens,
921 3254 1106 3308 stultus
1134 3255 1229 3323 ﬁat
1255 3263 1310 3308 ut
1338 3256 1405 3308 sit
1449 3256 1654 3325 sapiens
1686 3254 1728 3326 (Ι
1757 3255 1876 3308 Cor.

307 3347 353 3411 3,
376 3346 493 3418 l8);
522 3349 637 3403 hoc
674 3354 756 3401 est
781 3347 981 3411 dicere,
1016 3345 1073 3401 Si
1114 3347 1235 3415 quis
1262 3348 1376 3401 vult
1403 3362 1524 3401 esse
1551 3348 1786 3416 sapiens,
1812 3347 1882 3400 sit

305 3436 485 3503 bonus,
511 3438 650 3507 quia
678 3453 835 3492 nemo
860 3452 991 3492 vere
1018 3438 1232 3506 sapiens
1260 3438 1362 3491 nisi
1386 3453 1512 3492 vere
1538 3438 1712 3492 bonus
1736 3455 1750 3490 :
1783 3452 1883 3491 nos

307 3543 335 3582 e
354 3527 589 3595 diverso,
627 3539 650 3564 δ·
680 3527 940 3582 malarum
979 3529 1236 3582 mentium
1264 3528 1398 3582 vitio
1430 3535 1503 3592 et,
1535 3534 1595 3582 ut
1623 3526 1884 3581 Divinitas

307 3619 371 3673 ait
396 3618 577 3689 (Rom.
614 3637 652 3685 ι,
679 3618 794 3691 28),
822 3620 1056 3688 reprobo
1076 3635 1236 3675 sensu
1261 3620 1556 3675 bonitatem
1583 3635 1683 3690 pro
1703 3619 1883 3673 stulti-

308 3710 372 3763 tia
386 3713 759 3781 repudiantes,
786 3718 843 3765 et
863 3711 1154 3781 nequitiam
1175 3726 1272 3781 pro
1294 3712 1557 3781 sapientia
1577 3711 1881 3779 diligentes,

309 3807 448 3855 tanto
469 3801 720 3870 quotidie
743 3800 1116 3870 prudentiores
1143 3816 1260 3856 esse
1281 3816 1381 3856 nos
1400 3801 1664 3857 credimus
1684 3810 1886 3871 quanto

308 3890 511 3961 pejores
542 3906 752 3947 sumus.

373 3980 434 4034 ll.
464 3981 532 4036 Et
553 3997 679 4051 qua:
696 3980 1096 4050 tandem,rogo,
1114 3996 1237 4052 spes
1250 3982 1637 4039 emendationis
1659 3985 1711 4038 in
1732 3983 1889 4038 nobis

310 4082 402 4140 est,
430 4075 523 4145 qui
552 4089 667 4129 non
694 4088 877 4129 errore
897 4074 1165 4144 opinionis
1185 4074 1252 4129 ad
1272 4075 1470 4128 malum
1498 4075 1761 4140 ducimur,
1794 4076 1889 4131 sed

311 4167 477 4221 Studio
524 4167 689 4222 malm
716 4167 1005 4221 voluntatis
1032 4167 1321 4221 adnitimur
1350 4173 1409 4221 ut
1436 4182 1651 4237 semper
1678 4169 1891 4237 pejores

310 4270 422 4311 esse
439 4258 766 4313 videamur?
792 4256 858 4310 Et
886 4257 1009 4311 hinc
1027 4268 1109 4312 est
1128 4258 1272 4326 quod
1295 4258 1492 4312 dudum
1526 4267 1747 4330 questus
1772 4276 1889 4316 sum

310 4345 608 4402 deteriores
632 4363 732 4402 nos
757 4347 924 4402 multo
942 4361 1060 4401 esse
1086 4362 1248 4416 quam
1272 4348 1566 4405 barbaros:
1597 4350 1723 4419 quia
1770 4350 1892 4408 illos

311 4438 612 4506 ignorantia
636 4439 768 4507 legis
795 4446 1035 4502 excusat,
1060 4455 1157 4493 nos
1181 4441 1403 4495 scientia
1429 4451 1663 4496 accusat.
1693 4443 1771 4497 llli
1795 4458 1893 4514 per

1948 3313 1951 3316 ι
1981 3246 2107 3331 quid
2136 3276 2243 3315 non
2292 3260 2596 3316 consulibus
2627 3268 2682 3313 et
2709 3258 2840 3329 pulli
2887 3258 3059 3313 adhuc
3087 3259 3363 3326 gentilium
3402 3261 3563 3314 sacri-

1981 3352 2242 3419 legiorum
2270 3365 2422 3406 more
2442 3357 2750 3419 pascuntur,
2780 3355 2835 3403 et
2855 3332 3084 3403 volantis
3107 3363 3297 3417 penna:
3346 3350 3563 3417 auguria

1983 3450 2312 3512 qummntur,
2339 3456 2402 3496 ac
2422 3455 2559 3510 pene
2576 3440 2753 3493 omnia
2785 3438 2918 3492 fiunt
2944 3454 3061 3508 quae
3085 3442 3245 3494 etiam
3273 3441 3346 3493 illi
3392 3454 3556 3509 quon—

1984 3534 2108 3588 dam
2136 3534 2328 3603 pagani
2358 3541 2565 3587 veteres
2585 3529 2774 3584 frivola
2798 3540 2956 3599 atque
2979 3531 3253 3585 inridenda
3274 3531 3573 3586 duxerunt?

1986 3624 2197 3680 Etcum
2225 3624 2341 3678 haec
2365 3623 2544 3679 omnia
2593 3623 2692 3691 ipsi
2721 3630 2880 3691 agant
2906 3624 2998 3692 qui
3027 3623 3181 3677 annis
3222 3625 3438 3678 nomina
3470 3625 3560 3679 tri-

1988 3716 2174 3782 buunt,
2221 3721 2275 3769 et
2315 3730 2346 3769 a
2375 3714 2566 3783 quibus
2595 3712 2719 3766 anni
2760 3712 2858 3782 ipsi
2882 3713 3161 3767 exordium
3182 3722 3419 3779 sumunt,
3452 3729 3568 3770 cre-

1987 3806 2162 3861 dimus
2189 3806 2345 3860 nobis
2372 3805 2510 3859 bene
2538 3818 2708 3858 annos
2728 3814 2886 3872 posse
2914 3804 3208 3873 procedere
3227 3805 3319 3874 qui
3348 3820 3377 3859 a
3408 3807 3569 3861 rebus

1990 3896 2184 3973 talibus
2230 3896 2544 3950 ordiuntur?
2593 3897 2768 3962 Atque
2814 3894 3020 3948 utinam
3048 3896 3185 3950 sicut
3211 3897 3326 3951 haec
3348 3906 3569 3966 propter
3617 3888 3621 3903 “

1944 4016 1951 4041 ι
1989 3990 2236 4045 consules
2280 3997 2490 4043 tantum
2520 3985 2675 4048 ﬁunt,
2708 3989 2864 4060 116
2889 3990 2960 4043 ita
3007 3989 3129 4043 illos
3168 3997 3373 4043 tantum
3421 3991 3569 4045 ince-

1989 4088 2194 4137 starent
2220 4090 2439 4151 propter
2468 4095 2604 4149 quos
2643 4080 2799 4134 iluntl
2843 4079 2976 4133 Illud
3003 4087 3085 4134 est
3117 4078 3490 4133 feralissimum
3517 4086 3573 4135 et

1990 4172 2383 4239 gravissimum,
2431 4168 2576 4238 quod
2623 4168 2749 4222 dum
2786 4183 3050 4223 consensu
3080 4167 3293 4238 publico
3321 4177 3567 4237 aguntur,

1992 4264 2166 4318 honor
2185 4261 2626 4331 paucissimorum
2653 4257 2712 4311 lit
2739 4260 2941 4313 crimen
2969 4258 3238 4323 omnium;
3265 4269 3288 4298 ι·
3322 4274 3391 4314 ac
3433 4260 3572 4315 sicut

1992 4353 2215 4422 singulis
2261 4352 2414 4405 annis
2458 4350 2568 4405 bini
2607 4350 3018 4417 inaugurentur,
3067 4362 3237 4420 prope
3282 4358 3364 4405 est
3411 4359 3468 4406 ut
3513 4350 3568 4406 in

1994 4447 2140 4502 omni
2160 4444 2360 4500 mundo
2380 4443 2557 4497 nullus
2577 4443 2786 4497 evadat.

313 4528 637 4599 imperitiam
683 4530 942 4597 veritatis,
989 4531 1115 4600 quia
1141 4545 1260 4600 quae
1301 4540 1425 4587 sunt
1460 4534 1601 4588 bona
1628 4539 1891 4604 nesciunt,
1923 4532 1972 4593 Ι)
2066 4538 2152 4593 lll.
2176 4535 2284 4592 Sed
2309 4535 2375 4591 de
2400 4536 2482 4590 his
2509 4542 2758 4605 putemus
2782 4534 2887 4590 hoc
2906 4534 3039 4590 satis
3064 4548 3183 4590 esse
3203 4534 3346 4607 quod
3374 4534 3575 4592 dictum

1499 4649 1835 4708 STEPHANI
1870 4651 2140 4709 BALUZII
2176 4649 2404 4707 ΝΟΤΔΕ.

386 4758 411 4788 ⁸
435 4751 739 4828 Petronius
766 4754 820 4807 in
854 4752 1072 4810 historia
1100 4762 1359 4812 matrona:
1396 4754 1677 4828 Ephesinae
1706 4779 1719 4812 :
1754 4759 1891 4822 Vitio

411 4826 475 4901 tis
519 4826 764 4901 humana:
803 4828 1059 4901 congapiit
1095 4828 1229 4901 scire
1251 4830 1366 4901 quis
1384 4826 1491 4901 _aitt
1518 4830 1641 4901 quid
1678 4832 1889 4901 faceret.

319 4893 531 4947 Tacitus
562 4895 616 4946 in
645 4894 784 4947 libro
810 4893 878 4948 de
904 4894 1019 4952 Vita
1050 4893 1309 4963 Agricola:
1339 4893 1654 4969 :Propi‘ium
1678 4893 1895 4956 'Iiumam'

319 4963 504 5014 inaenii
533 4973 615 5014 est
635 4961 809 5014 odisse
835 4980 979 5014 auem
1008 4968 1226 5014 [ρεςεξτ-ῖς-

311 4968 504 5032 ingenii
533 4973 615 5017 est
635 4968 809 5017 odisse
835 4980 979 5034 quem
1008 4968 1226 5021 laeseris.
1484 4968 1491 4969 ί

382 5033 408 5070 1³
446 5031 506 5105 in
538 5048 636 5085 ora
667 5030 958 5087 Pithmanae
986 5038 1235 5091 editionis
1259 5037 1372 5092 lucc
1398 5039 1595 5105 scripta
1626 5050 1751 5092 sunt
1781 5058 1793 5093 :
1829 5039 1896 5093 In

315 5102 465 5154 ceteri
494 5105 785 5180 exemplari
815 5114 1116 5180 annotalum
1144 5118 1220 5180 est
1249 5108 1421 5180 deesse
1449 5102 1530 5161 hic
1569 5110 1784 5180 aliquid.
1830 5110 1899 5165 Et

314 5187 427 5245 rere
456 5173 628 5245 multa
657 5174 832 5227 deesse
857 5176 969 5245 quis
997 5191 1099 5229 noti
1125 5177 1329 5231 videat?
1380 5176 1435 5231 ln
1484 5173 1756 5234 codicibus
1795 5195 1893 5233 no-

314 5242 437 5294 stris
464 5242 604 5317 nihil
633 5242 946 5317 anhelatum
975 5252 1056 5299 est
1087 5246 1404 5309 istiusmodi.
1432 5264 1603 5317 neque
1635 5249 1784 5303 locus
1811 5264 1896 5302 va-

318 5324 446 5364 cuus
473 5312 718 5367 relictus.
748 5312 1129 5386 verumtamen
1179 5318 1303 5386 quia
1350 5312 1629 5371 constabat
1660 5320 1761 5372 ista
1790 5334 1895 5372 non

316 5392 434 5434 esse
462 5395 622 5444 sana,
672 5399 769 5438 nos
799 5384 852 5436 in
890 5385 990 5440 hac
1026 5384 1262 5441 editione
1305 5388 1559 5442 asterisco
1608 5388 1899 5442 notandam

319 5449 494 5504 labem
517 5464 642 5505 esse
672 5456 990 5509 censuimus.

358 5591 371 5602 ⁸
394 5532 415 5557 ε
440 5518 668 5602 ,ξιιοέιὶὶἱὸ
693 5524 1015 5602 editionibus
1042 5526 1235 5602 legitur
1256 5544 1274 5602 _:
1303 5543 1364 5580 ac
1388 5526 1435 5581 si
1467 5527 1777 5602 ea:_singu_lis
1804 5542 1901 5602 att-

316 5591 398 5643 nis
434 5589 582 5668 bini,
614 5601 711 5668 etc:
747 5592 933 5668 codex
958 5589 1298 5668 Corbeiensis
1349 5614 1372 5668 :_
1405 5589 1896 5668 acrsicut'singulis

321 5662 495 5749 annis,
526 5669 640 5749 tite;
664 5652 783 5749 Ego
799 5663 1042 5749 luiiept'er
1060 5658 1291 5749 legerem
1310 5684 1323 5719 :
1341 5665 1412 5719 Ac
1430 5667 1498 5732 si,
1531 5652 1897 5749 sientsinaulis

319 5728 495 5791 mittis,
531 5727 658 5795 bini,
705 5727 808 5787 etc.
844 5727 1287 5793 Solebantcnim
1329 5727 1541 5794 veteres
1580 5727 1801 5805 librarii,
1844 5746 1900 5795 ut

1988 4761 2101 4832 jam
2129 4761 2470 4834 observatum
2492 4768 2581 4834 est
2607 4777 2638 4814 a
2660 4761 2790 4815 viris
2810 4761 3185 4834 eruditissimis
3204 4803 3219 4825 ,
3274 4779 3378 4818 non
3407 4767 3577 4834 gemi-

1995 4829 2126 4887 nare
2168 4831 2382 4885 erzsdem
2425 4831 2687 4900 syllabas;
2737 4840 2791 4885 et
2818 4830 2940 4885 ideo
2983 4829 3291 4901 frequenter
3320 4829 3576 4890 vocabula

1996 4901 2366 4972 monosyllaba
2392 4902 2718 4972 omittebant,
2739 4908 2960 4970 propter
2976 4902 3117 4956 hunc
3138 4917 3363 4957 morem.
3390 4904 3577 4960 Simile

1997 4971 2348 5043 autent’huic
2394 4971 2817 5043 rei‘exetnplum
2861 4980 3036 5043 exstat
3081 4973 3133 5026 in
3161 4975 3339 5043 capite
3388 4977 3589 5031 ultime

1997 5039 2288 5113 Evangelii
2296 5040 2583 5113 secundum
2605 5037 2896 5113 Joannem;
2922 5042 3008 5095 ubi
3029 5058 3151 5097 cum
3179 5037 3243 5096 et'
3255 5060 3443 5098 sensus
3464 5046 3578 5113 ipse

1999 5120 2053 5181 et
2075 5111 2239 5164 editio
2251 5108 2433 5163 szca
2454 5112 3043 5179 vetustissimorumque
3064 5120 3319 5181 praeterea
3338 5129 3401 5167 co
3425 5108 3578 5178 delum

2000 5179 2309 5233 Latinorum
2334 5183 2625 5233 auctoritas
2657 5182 2928 5248 pestulent
2958 5179 3096 5249 legi':
3132 5181 3194 5236 Si
3221 5186 3295 5236 sic
3323 5200 3436 5236 eum
3466 5183 3576 5236 rate

2000 5265 2206 5304 manere
2234 5249 2393 5320 donec
2422 5250 2638 5320 veniam,
2670 5253 2792 5320 quid
2819 5252 2889 5303 ad
2938 5262 3003 5314 te,
3039 5251 3196 5306 hodie
3227 5261 3401 5306 tamen
3450 5267 3581 5306 con-

2000 5319 2329 5374 stantissime
2353 5319 2405 5371 in
2436 5319 2661 5385 vulgatis
2684 5319 3008 5375 editionibus
3037 5321 3196 5375 lectio
3220 5332 3319 5382 est,
3342 5320 3431 5373 Sic
3459 5337 3576 5373 eum

2001 5390 2114 5442 volo
2144 5403 2369 5449 manere,
2398 5396 2532 5459 εις..
2577 5390 2776 5444 omissa
2806 5405 2938 5459 voce
2968 5389 3046 5444 Si.
3082 5390 3170 5444 Sic
3197 5390 3335 5459 apud
3366 5388 3578 5443 Cassia-

2006 5474 2132 5512 num
2155 5459 2244 5512 lib.
2276 5474 2345 5511 vn
2375 5458 2443 5511 de
2460 5457 2836 5513 lncarnatione
2862 5458 3069 5511 Domini
3097 5473 3214 5526 cap.
3234 5457 3301 5511 14
3321 5462 3578 5527 scriptum

2006 5537 2106 5593 est,
2132 5542 2333 5599 necesse
2356 5538 2433 5599 est
2474 5538 2529 5582 ut
2553 5531 2664 5582 sine
2700 5540 2865 5582 matre
2890 5529 2957 5581 ibi
2987 5528 3205 5599 intelligi
3234 5538 3427 5598 potest;
3458 5544 3580 5583 cum

2002 5606 2180 5653 tamen
2204 5598 2483 5665 legendum
2512 5613 2632 5654 esse
2650 5610 2706 5652 ut
2733 5601 2778 5651 si
2797 5600 2905 5651 sine
2924 5607 3087 5651 matre
3107 5598 3165 5652 et
3183 5613 3370 5651 sensus
3397 5609 3580 5660 osten:

2003 5668 2096 5723 dat
2140 5675 2197 5722 et
2240 5676 2393 5723 vetus
2425 5669 2596 5724 codex
2636 5683 2735 5723 ms.
2768 5667 3102 5738 bibliotth
3151 5666 3363 5738 licgiaa.
3394 5666 3579 5738 itaque

2007 5737 2180 5795 simile
2202 5739 2477 5811 quippiam
2506 5739 2679 5817 potuit
2720 5736 2975 5792 accidisse
3004 5736 3125 5793 huic
3168 5735 3404 5793 Salviani
3432 5735 3573 5792 loco.
