4006 6182
436 269 540 325 111

1381 271 1436 327 S.
1481 271 1793 328 SALVIANI
1837 272 2296 330 MASSILIENSIS
2335 275 2761 333 PRESBYTER]

3619 284 3717 338 ili

434 392 537 444 est,
568 397 707 452 quae,
734 391 789 437 ut
812 383 911 454 ipsi
934 383 1225 447 excusatis,
1260 400 1364 439 non
1387 401 1601 455 semper
1622 384 1772 440 fiunt.
1807 385 1882 440 De
1903 402 2035 454 quoa
2063 390 2108 447 Α
2139 386 2277 443 forte
2304 389 2368 442 ad
2396 391 2759 459 spectaculum
2782 390 2901 460 puri
2934 401 3206 457 venerant,
3231 392 3298 448 de
3329 394 3542 449 theatro
3573 397 3717 451 adul-

435 477 649 530 tidianis
678 485 856 530 tamen
894 476 1317 532 obscenitatibus
1362 478 1677 546 loquamur;
1722 493 1857 547 quas
1889 477 2023 532 tales

434 587 500 626 ac
521 581 628 625 tam
644 572 949 626 innumeras
976 572 1214 639 legiones
1238 573 1538 628 dmmonum
1562 576 2021 644 excogitaverunt,

431 673 492 718 ut
534 665 694 719 etiam
746 666 989 719 honesta:
1038 681 1101 720 ac
1128 666 1311 735 probae
1345 676 1573 733 mentes,
1606 668 1708 723 etsi
1741 667 2024 722 nonnullas

428 770 615 809 earum
663 771 919 825 spernere
970 771 1035 811 ac
1090 756 1301 812 calcare
1338 766 1583 827 possunt,
1626 773 1814 812 omnes
1840 765 2023 812 tamen

428 846 645 915 penitus
684 861 939 915 superare
983 848 1073 900 vix
1118 847 1345 917 possint.
1393 830 1543 903 Sicut
1584 847 1726 902 enim
1754 846 2023 902 exercitus

429 938 714 1009 pugnaturi
754 954 817 992 ea
857 938 974 992 loca
1009 953 1104 1008 per
1128 953 1248 1006 qua:
1269 946 1523 994 venturas
1552 938 1786 993 hostium
1818 946 2023 992 turmas

428 1029 628 1093 sciunt,
683 1036 777 1083 aut
826 1028 995 1083 foveis
1034 1029 1357 1085 intercidere
1387 1038 1481 1084 aut
1500 1030 1722 1085 sudibus
1746 1027 2022 1098 praeﬁgere

429 1129 525 1175 aut
555 1131 577 1157 ⁸
609 1121 817 1176 tribulis
846 1122 1102 1178 infestare
1141 1123 1419 1188 dicuntur;
1465 1124 1669 1179 scilicet
1701 1130 1760 1177 ut
1805 1120 2019 1179 etiamsi

428 1211 613 1267 nonin
635 1214 812 1267 omnia
835 1228 899 1267 ea
923 1214 1189 1283 quispiam
1212 1214 1432 1279 incidat,
1456 1215 1634 1269 nullus
1660 1222 1838 1269 tamen
1864 1214 2016 1284 peni-

427 1312 513 1358 tus
557 1304 784 1358 evadat:
819 1305 892 1359 ita
940 1306 1100 1360 etiam
1140 1305 1413 1361 daemones
1443 1315 1551 1360 tam
1601 1308 1797 1361 multas
1828 1307 1879 1360 in
1911 1306 2017 1359 vita

426 1396 528 1450 ista
560 1396 794 1450 humano
842 1397 1027 1465 generi
1059 1397 1451 1453 inlecebrarum
1482 1398 1700 1453 insidias
1720 1398 2018 1468 praetende-

422 1496 568 1552 runt,
603 1497 661 1541 ut
687 1488 788 1542 etsi
818 1488 1075 1557 plurimas
1102 1504 1289 1544 earum
1309 1490 1506 1559 aliquis
1546 1489 1783 1560 eli'ugiat,
1830 1498 2015 1546 tamen

406 1594 746 1650 quacunque
773 1581 1035 1650 capiatur.
1066 1580 1329 1650 Equidem
1359 1582 1486 1652 quia
1513 1582 1731 1651 longum
1755 1589 1837 1636 est
1875 1598 2017 1636 nunc

401 1672 602 1726 dicere
627 1670 694 1726 de
721 1672 990 1734 omnibus,
1021 1673 1431 1742 amphitheatris
1457 1672 1683 1739 scilicet,
1714 1673 1883 1738 odeis,
1933 1671 2016 1726 lu—

421 1762 602 1823 soriis,
657 1763 885 1832 pompis,
931 1763 1166 1826 athletis,
1215 1763 1604 1833 petaminariis,
1648 1761 2014 1832 pantomimis,

394 1850 744 1919 .czrterisque
774 1852 1058 1921 portentis,
1089 1866 1208 1922 quae
1256 1853 1403 1921 piget
1450 1851 1649 1917 dicere,
1696 1852 1821 1921 quia
1868 1850 2016 1920 piget

420 1941 618 1996 malum
652 1942 757 1997 tale
784 1942 869 1997 vel
893 1958 1069 2008 nosse,
1099 1942 1167 1998 de
1195 1943 1327 1998 solis
1367 1943 1634 1998 circorum
1663 1958 1727 1998 ac
1774 1943 2015 1997 theatro-

392 2050 536 2088 frum
569 2035 968 2104 impuritatibus
1008 2036 1148 2091 dico.
1198 2035 1350 2090 Talia
1391 2036 1534 2090 enim
1573 2045 1699 2091 sunt
1743 2050 1862 2106 quze
1907 2034 2015 2090 illic

419 2126 573 2195 ﬁunt,
598 2135 655 2181 ut
671 2142 736 2181 ea
760 2143 864 2180 non
886 2126 1060 2182 solum
1083 2127 1286 2194 dicere,
1315 2126 1411 2182 sed
1432 2128 1595 2182 etiam
1618 2126 1888 2181 recordari
1910 2126 2009 2179 ali-

416 2219 539 2286 ‘quis
567 2219 683 2273 sine
714 2218 1011 2287 pollutione
1039 2234 1147 2274 non
1176 2219 1364 2288 possit.
1399 2219 1515 2272 Alia
1545 2218 1745 2289 quippe
1787 2217 2009 2272 crimina

415 2311 651 2379 singulas
688 2311 789 2367 sibi
826 2311 994 2366 ferme
1034 2312 1086 2366 in
1130 2312 1285 2367 nobis
1313 2311 1592 2368 vendicanl
1624 2312 1920 2382 portiones,
1952 2318 2012 2364 ut

415 2402 772 2469 cogitationes
796 2402 1024 2457 sordida:
1051 2402 1311 2468 animum,
1362 2412 1422 2456 ut
1464 2402 1718 2473 impudici
1760 2412 2010 2473 aspectus

414 2492 620 2555 oculos,
644 2499 724 2546 aut
752 2492 965 2547 auditus
1010 2491 1242 2562 improbi
1272 2508 1461 2558 aures;
1496 2493 1569 2562 ita
1599 2501 1658 2545 ut
1680 2509 1802 2547 cum
1832 2508 1900 2547 cx
1926 2494 2009 2547 his

414 2598 583 2637 unum
610 2584 825 2653 aliquod
855 2585 1136 2650 erraverit,
1184 2585 1391 2654 reliqua
1434 2585 1642 2654 possint
1670 2599 1856 2639 carere
1882 2601 2008 2653 pec-

413 2674 567 2728 catis.
599 2674 658 2729 ln
690 2675 915 2729 theatris
942 2690 1068 2729 vero
1092 2676 1223 2729 nihil
1253 2676 1444 2730 horum
1476 2684 1630 2729 reatu
1649 2683 1828 2737 vacat,
1879 2676 2005 2744 quia

413 2773 469 2816 ct
490 2764 938 2833 concupiscentiis
967 2765 1175 2819 animus
1203 2773 1257 2819 et
1286 2764 1470 2819 auditu
1499 2780 1659 2820 aures
1693 2774 1749 2819 et
1786 2774 2007 2835 aspectu

413 2855 556 2909 oculi
578 2856 888 2925 polluuntur
913 2874 924 2908 :
952 2870 1073 2924 qua:
1101 2856 1317 2925 quidem
1362 2858 1514 2928 117
1558 2858 1737 2911 omnia
1769 2866 1876 2911 tam
1904 2858 2003 2912 ila-

411 2948 604 3014 gitiosa
659 2955 803 3012 sunt,
830 2955 889 3002 ut
933 2948 1094 3003 etiam
1129 2949 1398 3018 explicare
1451 2966 1514 3004 ea
1544 2949 1809 3019 quispiam
1841 2958 2003 3018 atque

409 3039 592 3109 eloqui
626 3041 778 3094 salvo
819 3039 1027 3108 pudore
1070 3055 1178 3094 non
1223 3041 1418 3096 valeat.
1452 3040 1583 3107 Quis
1615 3041 1758 3095 enim
1791 3042 1999 3110 integro

2134 482 2233 536 teri
2266 491 2624 537 revertuntur.
2652 483 2766 537 Non
2789 485 2930 537 enim
2952 493 3078 539 tunc
3104 486 3477 540 tantummodo
3502 492 3716 556 quando

2129 574 2377 641 redeunt,
2405 575 2499 629 sed
2529 576 2687 629 etiam
2715 576 2927 647 quando
2948 578 3189 639 veniunt,
3215 576 3563 633 fornicamur.
3588 580 3716 637 Nam

2129 667 2233 723 hoc
2276 668 2393 738 ipso
2419 669 2563 738 quod
2612 669 2804 739 aliquis
2832 685 2945 724 rem
2976 670 3263 726 obscenam
3306 671 3473 742 cupit,
3497 672 3623 727 dum
3652 677 3715 729 ad

2128 760 2399 816 immunda
2422 770 2696 831 properat,
2726 762 3032 817 immundus
3059 771 3161 818 est.

2196 852 2286 906 IV.
2314 851 2442 919 Qua:
2462 869 2584 907 cum
2609 853 2682 907 ita
2703 853 2828 919 sint,
2851 868 2978 910 ecce
2998 854 3179 924 qualia
3232 856 3391 926 118
3417 864 3510 911 aut
3530 872 3716 912 omnes

2126 952 2217 997 aut
2238 959 2378 1014 pene
2405 959 2594 999 omnes
2623 943 2850 999 Romani
2881 954 3063 1013 agunt.
3092 943 3159 999 Et
3186 961 3306 999 cum
3330 946 3443 1001 huic
3472 946 3544 1000 ita
3574 938 3717 1013 sint;

2124 1035 2215 1103 qui
2244 1034 2370 1088 talia
2399 1034 2622 1103 agimus,
2651 1036 2843 1104 negligi
2866 1052 2967 1090 nos
3010 1052 3039 1090 a
3077 1036 3367 1092 Divinitate
3395 1053 3714 1105 causamur;

2122 1124 2352 1192 relinqui
2381 1140 2479 1178 nos
2508 1140 2537 1178 a
2583 1124 2812 1180 Domino
2841 1133 3028 1181 nostro
3057 1126 3302 1192 dicimus,
3326 1144 3447 1183 cum
3486 1129 3585 1199 ipsi
3607 1130 3715 1185 Do-

2122 1215 2325 1269 minum
2350 1216 2753 1286 relinquamus?
2778 1216 3067 1285 Fingamus
3095 1218 3238 1272 enim
3265 1219 3408 1288 quod
3441 1222 3713 1291 respicere

2120 1323 2221 1362 nos
2264 1306 2523 1363 Dominus
2572 1316 2755 1363 noster
2800 1309 2929 1363 velit
2966 1310 3128 1363 etiam
3155 1326 3264 1366 non
3292 1323 3595 1381 merentes;
3627 1316 3703 1369 vi-

2118 1396 2342 1452 deamus
2369 1396 2413 1450 si
2443 1404 2640 1466 potest.
2672 1396 2814 1453 Ecce
2839 1398 3119 1454 innumera
3138 1398 3569 1458 Christianorum
3588 1405 3713 1459 mil.

2117 1482 2207 1543 lit!
2212 1489 2263 1543 in
2286 1489 2606 1558 spectaculis
2629 1490 2870 1560 quotidie
2898 1506 3078 1546 rerum
3106 1492 3341 1561 turpium
3363 1507 3711 1548 commoran-

2117 1585 2222 1631 tur.
2251 1576 2585 1646 Potest'ergo
2607 1579 2673 1633 ad
2694 1579 2816 1633 illos
2835 1579 2977 1635 Deus
2996 1580 3266 1650 respicere
3286 1582 3379 1649 qui
3410 1581 3543 1637 tales
3557 1583 3709 1637 sunt?

2119 1663 2305 1721 Potest
2332 1666 2398 1721 ad
2429 1684 2523 1722 eos
2544 1669 2815 1738 respicere
2836 1669 2927 1740 qui
2952 1670 3284 1725 bacchantur
3310 1672 3365 1725 in
3412 1672 3588 1739 circis,
3614 1674 3710 1742 qui

2050 1760 2093 1818 Β
2121 1755 2459 1810 mmchantur
2480 1757 2531 1810 in
2556 1758 2817 1812 theatris?
2844 1758 2927 1813 An
2951 1758 3089 1814 forte
3120 1760 3224 1816 hoc
3248 1760 3497 1817 volumus
3524 1772 3581 1818 et
3606 1763 3712 1819 hoc

2119 1845 2337 1915 dignum
2363 1856 2632 1918 putamus,
2664 1858 2723 1904 ut
2749 1866 2870 1905 cum
2902 1852 2956 1906 in
2985 1852 3141 1908 circis
3170 1869 3269 1908 nos
3299 1862 3354 1909 et
3379 1854 3433 1909 in
3486 1856 3711 1911 theatris

2116 1936 2259 1992 Deus
2304 1938 2499 2002 videat,
2548 1955 2611 1993 ea
2657 1957 2775 2011 qua:
2806 1958 2907 1997 nos
2936 1944 3225 2014 aspicimus
3246 1945 3474 2015 aspiciat
3492 1961 3713 2017 quoque

2113 2028 2230 2098 ipse
2278 2030 2575 2095 nobiscum,
2627 2040 2683 2087 et
2737 2034 3097 2104 turpitudines
3124 2052 3259 2107 quas
3287 2054 3385 2092 nos
3414 2041 3710 2103 cernimus,

2114 2129 2299 2174 cernat
2342 2123 2506 2176 etiam
2563 2123 2679 2193 ipse
2719 2126 3036 2182 nobiscum?
3076 2129 3405 2185 Alterutrum
3425 2132 3568 2186 enim
3592 2131 3710 2188 fieri

2113 2226 2336 2268 necesse
2357 2222 2461 2268 est.
2490 2213 2627 2281 Quia
2656 2216 2699 2271 si
2721 2232 2822 2271 nos
2848 2218 3031 2274 videre
3058 2219 3327 2288 dignatur,
3371 2237 3710 2291 consequens

2113 2309 2197 2356 est
2218 2310 2276 2356 ut
2304 2303 2467 2358 etiam
2501 2305 2591 2359 illa
2622 2307 2711 2361 ubi
2733 2323 2832 2363 nos
2854 2325 3037 2364 sumus
3067 2310 3278 2365 videat?
3299 2321 3394 2366 aut
3413 2313 3457 2367 si
3488 2314 3556 2368 ab
3580 2314 3708 2377 illis,

2109 2392 2252 2462 quod
2280 2408 2388 2448 non
2415 2394 2634 2449 dubium
2664 2404 2765 2463 est,
2798 2399 2992 2453 avertit
3020 2400 3226 2466 oculos,
3258 2402 3421 2455 etiam
3449 2418 3479 2456 a
3526 2403 3708 2468 nobis,

2109 2483 2201 2551 qui
2230 2483 2340 2539 illic
2369 2500 2572 2553 sumus,
2605 2488 2809 2556 pariter
2835 2497 3064 2544 avertat.
3097 2490 3165 2545 Et
3186 2508 3306 2546 cum
3330 2493 3443 2549 hmc
3466 2494 3540 2548 ita
3570 2496 3702 2561 sint,

2106 2573 2332 2631 facimus
2361 2578 2475 2634 haec
2523 2587 2701 2635 tamen
2741 2597 2806 2638 ac
2843 2582 2959 2637 sine
2983 2585 3279 2640 cessatione
3305 2602 3426 2657 quae
3454 2587 3585 2642 dixi.
3616 2589 3706 2644 An

2107 2663 2246 2720 forte
2286 2667 2339 2721 in
2386 2683 2594 2723 morem
2635 2678 2875 2725 veterum
2904 2687 3237 2743 paganorum
3279 2676 3612 2732 theatrorum
3644 2688 3705 2733 et

2106 2757 2371 2812 circorum
2421 2775 2519 2814 nos
2560 2759 2722 2815 deum
2760 2761 2959 2817 habere
3004 2764 3360 2819 arbitramur?
3409 2765 3705 2824 Faciebant

2104 2849 2248 2904 enim
2288 2850 2403 2906 haec
2449 2851 2525 2905 illi
2575 2853 2865 2923 quondam,
2910 2854 3034 2925 quia
3065 2855 3162 2909 has
3190 2856 3452 2910 idolorum
3476 2874 3703 2914 suorum

2103 2940 2327 2997 delicias
2373 2959 2493 2997 esse
2521 2943 2832 2999 credebant.
2871 2943 2980 3001 Nos
3005 2946 3279 3014 quomodo
3307 2947 3422 3003 haec
3448 2948 3699 3013 facimus,

2103 3035 2193 3104 qui
2225 3032 2403 3089 odisse
2432 3034 2600 3089 Deum
2630 3044 2870 3089 nostrum
2897 3035 3013 3091 hate
3033 3038 3164 3092 certi
3187 3040 3406 3092 sumus?
3430 3039 3702 3096 Autcerte

407 3128 745 3184 verecundiae
773 3137 917 3185 statu
958 3129 1139 3185 dicere
1177 3139 1359 3200 queat,
1393 3132 1511 3186 illas
1551 3148 1730 3186 rerum
1760 3133 1997 3203 turpium
2025 3132 2070 3193 C
2100 3126 2145 3179 si
2175 3125 2386 3195 placere
2415 3125 2510 3180 has
2533 3124 2890 3195 turpitudines
2917 3126 3028 3181 Deo
3052 3129 3300 3183 novimus
3358 3145 3462 3203 nou
3508 3131 3701 3200 prohi-

408 3220 758 3289 iznitationes,
777 3221 894 3278 illas
909 3238 1099 3278 vocum
1117 3225 1475 3279 acverborum
1490 3226 1868 3292 obscenitates,
1886 3226 2003 3282 illas

392 3320 655 3367 .motuum
684 3313 1064 3383 turpitudines,
1095 3315 1214 3368 illas
1260 3324 1508 3383 gestuum
1550 3315 1853 3371 fmditates?
1882 3332 2001 3387 qua:

404 3405 591 3473 quanti
641 3404 750 3459 sint
791 3404 1031 3460 criminis
1060 3406 1145 3461 vel
1173 3406 1298 3462 hinc
1326 3408 1549 3476 intelligi
1577 3416 1759 3477 potest
1778 3408 1923 3478 quod
1943 3417 2000 3463 et

400 3496 722 3552 relationem
767 3498 852 3552 sui
901 3497 1246 3554 interdicunt.
1283 3484 1549 3555 Nonnulla
1595 3501 1794 3571 quippe
1834 3502 1998 3555 etiam

404 3591 637 3645 maxima
667 3591 872 3646 scelera
900 3591 1157 3647 incolumi
1187 3593 1471 3648 honestate
1500 3592 1785 3647 referentis
1806 3600 1860 3647 et
1892 3608 1995 3646 no-

402 3682 598 3736 minari
627 3689 683 3736 et
710 3682 863 3750 argui
884 3689 1129 3751 possunt,
1159 3689 1217 3736 ut
1245 3682 1611 3747 homicidium,
1636 3682 1992 3742 latrocinium.

400 3771 747 3837 adulterium,
779 3772 1143 3840 sacrilegium,
1165 3780 1470 3841 cmteraque
1500 3774 1555 3827 in
1585 3774 1729 3829 hunc
1752 3774 1991 3828 modum.

404 3864 548 3918 Sola:
576 3864 910 3919 theatrorum
958 3864 1297 3934 impuritates
1333 3872 1460 3919 sunt
1486 3880 1606 3934 quin
1632 3866 1859 3922 honeste
1886 3883 1993 3922 non

405 3962 633 4024 possunt
676 3954 759 4009 vel
799 3956 1061 4009 accusari.
1088 3954 1164 4009 ita
1190 3970 1329 4010 nova
1358 3956 1411 4009 in
1435 3957 1774 4025 coarguenda
1804 3958 1992 4012 harum

403 4044 792 4114 turpitudinum
838 4045 1204 4115 probrositate
1258 4060 1347 4100 res
1391 4047 1572 4102 evenit
1617 4048 1884 4118 arguenti,
1935 4055 1994 4103 ut

401 4155 524 4193 cum
553 4138 756 4209 absque
784 4137 947 4193 dubio
969 4139 1226 4194 honestus
1252 4139 1324 4194 sit
1351 4139 1442 4209 qui
1468 4155 1724 4196 accusare
1753 4156 1817 4196 ea
1838 4141 1989 4206 velit,

400 4228 684 4285 honestate
714 4236 893 4284 tamen
922 4229 1129 4298 integra
1160 4246 1225 4286 ea
1267 4231 1423 4301 loqui
1471 4239 1525 4287 et
1579 4247 1835 4288 accusare
1880 4249 1991 4288 non

399 4322 587 4391 possit.
646 4321 765 4375 Alia
809 4335 1025 4390 quoque
1070 4323 1251 4377 omnia
1296 4323 1436 4377 mala
1464 4333 1685 4393 agentes
1721 4325 1987 4394 polluunt,

400 4427 509 4468 non
534 4412 778 4467 videntes
810 4411 893 4465 vel
922 4411 1223 4467 audientes.
1275 4411 1549 4481 Siquidem
1580 4415 1682 4469 etsi
1730 4415 1987 4484 blasphe-

2104 3216 2207 3271 beo
2235 3217 2364 3286 quin
2392 3216 2508 3271 sine
2529 3218 2831 3272 cessatione
2858 3215 3137 3272 faciamus.
3176 3215 3269 3272 Sin
3299 3234 3429 3273 vero
3457 3221 3512 3274 in
3564 3236 3700 3277 con-

2102 3310 2326 3364 scientia
2356 3318 2537 3365 nostra
2566 3310 2668 3364 hoc
2696 3317 2779 3365 est
2807 3309 2951 3380 quod
2979 3310 3122 3365 Deus
3147 3311 3352 3376 horret,
3377 3311 3519 3381 quod
3540 3328 3702 3368 exse—

2100 3410 2300 3467 cratur,
2333 3401 2477 3472 quod
2504 3402 2643 3457 sicut
2672 3402 2724 3456 in
2751 3402 2834 3457 his
2861 3403 2932 3457 sit
2959 3415 3145 3471 pastus
3164 3402 3383 3468 diaboli,
3415 3404 3484 3457 ita
3517 3405 3697 3459 oilen-

2098 3495 2182 3548 sio
2210 3493 2326 3559 Dei,
2356 3494 2628 3562 quomodo
2667 3510 2767 3549 nos
2807 3495 2859 3548 in
2914 3494 3153 3550 Ecclesia
3198 3495 3291 3551 Dei
3314 3496 3493 3551 colere
3522 3497 3694 3552 Deum

2100 3584 2348 3649 dicimus,
2374 3585 2543 3652 quiin
2573 3585 2908 3640 obscenitate
2926 3585 3171 3641 ludorum
3218 3602 3431 3657 semper
3476 3587 3699 3643 diabolo

2099 3673 2448 3737 deservimus,
2478 3675 2662 3728 ethoc
2679 3675 2833 3743 gnari
2860 3691 2924 3731 ac
2943 3676 3198 3743 scientes,
3241 3678 3309 3732 de
3360 3678 3588 3733 consilio
3636 3688 3697 3735 et

2096 3763 2399 3818 industria?
2452 3762 2519 3818 Et
2558 3780 2678 3834 qua:
2734 3766 2908 3833 nobis,
2959 3782 3160 3836 quaeso,
3218 3784 3345 3839 spes
3398 3770 3502 3825 erit
3550 3771 3698 3840 apud

2099 3854 2289 3919 Deum,
2313 3858 2403 3925 qui
2435 3872 2542 3911 non
2565 3873 2696 3912 casu
2723 3866 2817 3913 aut
2844 3858 3205 3929 imprudentia
3228 3861 3396 3916 Deum
3426 3861 3691 3926 lazdimus,

2105 3949 2262 4019 119
2315 3948 2409 4003 sed
2435 3949 2685 4019 exemplo
2715 3950 2926 4005 illorum
2952 3951 3221 4020 quondam
3252 3952 3524 4021 gigantum
3553 3970 3698 4025 quos

2096 4040 2297 4096 insanis
2342 4042 2624 4097 conatibus
2664 4057 2898 4112 superna
2928 4052 3164 4099 tentasse
3184 4052 3239 4098 et
3257 4044 3410 4113 quasi
3436 4045 3489 4098 in
3518 4048 3696 4101 nubes

2094 4137 2317 4205 gradum
2344 4138 2528 4194 tulisse
2553 4138 2818 4208 legimus?
2842 4137 2932 4195 Sic
2969 4154 3070 4194 nos
3094 4153 3192 4209 per
3216 4138 3439 4207 injurias
3465 4154 3603 4209 quas
3634 4141 3690 4195 in

2093 4230 2241 4284 omni
2290 4230 2490 4286 mundo
2536 4231 2648 4287 Deo
2686 4247 2900 4301 semper
2920 4230 3218 4298 inferimus,
3246 4232 3401 4303 quasi
3420 4247 3691 4287 consensu

2093 4324 2306 4393 publico
2335 4324 2529 4379 coelum
2559 4338 2948 4395 oppugnamus.
2973 4322 3187 4380 Christo
3212 4339 3341 4393 ergo
3374 4326 3429 4396 (ο
3451 4326 3686 4380 amentia

2091 4423 2432 4470 monstruosa
2453 4416 2514 4485 Ξ),
2544 4414 2761 4470 Christo
2782 4416 3049 4471 circenses
3077 4413 3351 4471 oﬂ‘erimus
3378 4422 3434 4469 et
3464 4415 3684 4481 mimos,

398 4520 543 4560 mum
568 4504 872 4574 quempiam
896 4502 1101 4568 audias,
1129 4502 1410 4572 sacrilegio
1432 4520 1540 4559 non
1562 4506 1837 4575 pollueris,
1861 4505 1987 4573 quia
2015 4509 2065 4568 D
2092 4511 2146 4560 et
2170 4512 2297 4560 tunc
2325 4506 2428 4561 hoc
2452 4506 2684 4560 maxime
2705 4521 2826 4560 cum
2850 4506 2917 4560 ab
2938 4521 3005 4561 eo
3035 4506 3234 4575 aliquid
3264 4506 3391 4561 boni
3419 4506 3683 4576 capimus,

398 4604 579 4651 mente
608 4594 887 4659 dissentis;
911 4601 965 4649 et
992 4593 1038 4649 si
1064 4594 1390 4650 intervenias
1416 4594 1722 4662 latrocinio,
1754 4611 1862 4650 non
1903 4596 1987 4649 in-

397 4686 637 4753 quinaris
684 4694 826 4752 actu,
869 4685 994 4756 quia
1025 4685 1284 4741 abhorres
1308 4685 1508 4739 animo.
1536 4684 1677 4741 Solae
1707 4695 1987 4756 spectacu-

397 4776 572 4831 lorum
602 4775 936 4845 impuritates
963 4783 1089 4832 sunt
1113 4762 1233 4848 qua:
1266 4793 1429 4832 unum
1466 4776 1754 4832 admodum
1785 4775 1988 4832 faciunt

396 4867 740 4936 ctagentium
781 4874 838 4922 et
865 4868 1235 4937 aspicientium
1270 4869 1493 4925 crimen.
1527 4867 1657 4922 Nam
1686 4867 1815 4949 dum
1861 4885 1986 4940 spe-

396 4967 604 5013 ctantes
623 4959 737 5015 hmc
755 4961 1109 5030 comprobant
1136 4977 1200 5017 ac
1216 4962 1450 5017 libenter
1478 4960 1678 5028 vident,
1702 4977 1891 5018 omnes
1918 4978 1983 5018 ea

396 5049 513 5104 visu
542 5057 704 5118 atque
725 5064 945 5105 assensu
970 5059 1152 5121 agunt.
1179 5050 1251 5106 Ut
1273 5068 1404 5109 vere
1428 5053 1483 5106 in
1503 5048 1599 5108 eos
1627 5053 1981 5123 apostolicum

397 5138 526 5193 illud
554 5140 899 5209 peculiariter
925 5141 1102 5207 cadat,
1152 5144 1273 5214 quia
1319 5143 1464 5216 digni
1510 5153 1632 5199 sunt
1684 5155 1848 5199 morte
1875 5163 1981 5201 non

397 5229 561 5284 solum
588 5232 673 5302 qui
703 5231 902 5302 faciunt
928 5250 1008 5298 ea,
1036 5233 1129 5287 sed
1150 5234 1306 5287 etiam
1333 5236 1419 5306 qui
1448 5238 1771 5291 consentiunt
1792 5238 1985 5309 facien-

397 5322 532 5377 tibus
560 5322 734 5395 (Rom.
767 5314 804 5389 1‘,
835 5322 945 5391 52).
970 5323 1157 5393 Itaque
1187 5325 1240 5381 in
1265 5325 1368 5379 illis
1402 5325 1723 5396 imaginibus
1749 5327 1981 5385 fornica-

400 5414 603 5470 tionum
629 5414 804 5471 omnis
826 5415 1044 5471 omnino
1073 5414 1227 5485 plebs
1250 5415 1430 5471 animo
1457 5413 1782 5484 fornicatur;
1810 5425 1865 5472 et
1885 5419 1977 5487 qui

2091 4611 2214 4651 cum
2245 4597 2619 4667 prosperitatis
2638 4597 2705 4651 ab
2732 4611 2797 4652 eo
2828 4596 3029 4666 aliquid
3051 4597 3380 4664 attribuitur,
3404 4607 3496 4651 aut
3517 4598 3685 4653 victo-

2090 4690 2170 4743 ria
2199 4688 2265 4743 de
2286 4687 2531 4743 hostibus
2559 4703 2589 4742 a
2620 4688 2907 4743 Divinitate
2936 4688 3258 4758 pnestatur?
3288 4686 3353 4741 Et
3373 4688 3501 4757 quid
3528 4688 3672 4742 aliud

2089 4779 2193 4836 hac
2236 4795 2297 4835 re
2351 4778 2528 4833 facere
2574 4778 2816 4833 videmur
2837 4792 2996 4847 quam
3028 4778 3071 4831 si
3100 4777 3221 4847 quis
3243 4777 3447 4831 homini
3475 4776 3683 4831 beneﬁ-

2086 4871 2229 4925 cium
2276 4870 2522 4939 largienti
2553 4867 2841 4938 injuriosus
2871 4870 2959 4934 sit,
2988 4873 3080 4921 aut
3111 4867 3475 4923 blandientem
3494 4865 3682 4922 convi-

2086 4961 2182 5016 ciis
2203 4961 2391 5026 ciedat,
2417 4968 2508 5014 aut
2529 4959 2822 5023 osculantis
2850 4958 3056 5013 vultum
3077 4971 3336 5012 mucrone
3363 4957 3639 5024 transﬁgat
3657 4959 3683 5010 ?

2086 5050 2362 5119 Interrogo
2410 5050 2553 5105 enim
2594 5063 2781 5104 omnes
2834 5054 3086 5119 potentes
3135 5062 3198 5101 ac
3253 5046 3446 5100 divites
3492 5047 3679 5100 mundi

2086 5141 2264 5211 hujus,
2310 5141 2461 5210 cujus
2501 5139 2696 5211 piaculi
2726 5154 2850 5194 reus
2877 5138 2947 5193 sit
2984 5152 3174 5193 servus
3198 5135 3288 5190 ille
3315 5136 3409 5204 qui
3437 5136 3584 5189 bono
3613 5151 3679 5191 ac

2079 5234 2177 5305 pio
2201 5233 2420 5288 domino
2448 5232 2649 5287 malum
2678 5230 2896 5299 cogitet,
2929 5229 3021 5298 qui
3066 5230 3206 5284 bene
3234 5226 3461 5281 merenti
3489 5226 3680 5281 convi-

2085 5329 2227 5383 cium
2256 5327 2438 5392 faciat,
2472 5335 2526 5383 et
2571 5343 2671 5397 pro
2707 5327 2955 5381 libertate
2984 5339 3145 5394 quam
3166 5324 3363 5394 accipit
3389 5332 3678 5379 contume-

2081 5420 2206 5473 liam
2234 5417 2441 5472 reddat.
2475 5418 2691 5487 Absque
2710 5416 2874 5472 dubio
2903 5414 3123 5469 maximi
3142 5413 3382 5470 criminis
3402 5428 3528 5468 reus
3556 5429 3682 5468 cre-

1569 5511 1915 5567 STEPHANI
1953 5513 2225 5570 BALUZH
2264 5511 2491 5567 NOTAE.

474 5611 499 5637 ἰ
537 5602 785 5660 Tribulus
806 5604 881 5659 ait
924 5602 1310 5659 Rittershusius
1337 5602 1670 5659 machinulas
1710 5620 1830 5659 esse
1869 5605 1978 5660 fer-

400 5687 539 5736 reas,
566 5673 794 5744 dolosas,
821 5683 1097 5742 tetragona
1132 5674 1322 5736 forma,
1347 5689 1464 5743 qure
1502 5674 1553 5728 in
1583 5690 1975 5744 quamcumque

401 5752 610 5813 partem
638 5743 990 5812 incubuerint,
1022 5760 1187 5800 unum
1208 5755 1300 5800 aut
1318 5744 1500 5815 plures
1520 5745 1733 5800 aculeos
1757 5743 1979 5802 infestos

2084 5605 2433 5682 protendunt.
2450 5604 2685 5682 __I_.atinis
2726 5610 2905 5682 autem
2943 5604 3090 5682 .alio_
3121 5600 3386 5682 vocabulo
3431 5599 3666 5682 murices

2085 5670 2188 5732 dici
2217 5677 2418 5799 stet-ibit.
2450 5675 2583 5730 Vide
2611 5690 2772 5747 porro
2802 5674 3049 5730 Vossium
3076 5674 3131 5730 in
3161 5671 3530 5744 Etymologico
3565 5670 3676 5729 liu-

2087 5761 2205 5800 cute
2280 5755 2457 5800 suate.

2087 5761 2205 5817 gnte
2237 5761 2457 5800 Latinae.
