4006 6182
261 377 370 432 H3

1337 368 1427 424 DE
1463 364 1995 426 GUDERNATIONE
2034 365 2145 423 DEI
2183 366 2307 422 LIB.
2350 364 2435 422 Vi.

3443 363 3555 419 H5

252 489 406 543 ditur
432 483 525 554 qui
550 482 750 538 malum
781 496 878 552 pro
905 480 1051 535 bono
1079 477 1271 545 reddit,
1303 480 1389 533 cui
1444 480 1606 535 etiam
1652 478 1852 533 malum
1882 481 1924 537 Α
1956 488 2258 535 sectatorem
2280 479 2528 535 bonorum
2549 496 2775 551 operum.
2803 476 2905 535 Ubi
2926 486 3010 535 est
3033 477 3263 551 populus
3286 478 3374 534 ille
3394 495 3546 534 mum

251 592 361 648 pro
381 575 527 629 malo
546 573 773 629 reddere
800 588 910 627 non
941 571 1145 626 liceret.
1172 569 1286 625 Hoc
1305 583 1433 638 ergo
1458 570 1620 624 etiam
1640 584 1739 626 nos
1760 570 1852 639 qui

258 668 559 724 Christiani
588 667 835 731 dicimur,
858 664 1102 719 facimus.
1125 663 1409 718 Inritamus
1437 662 1491 717 in
1545 678 1645 717 nos
1689 662 1853 717 mise-

257 763 533 821 ricordem
576 763 744 817 Deum
792 760 1189 831 impuritatibus
1229 756 1445 822 nostris,
1476 756 1855 826 Dropitiantem

258 859 518 915 sordibus
545 856 808 919 laedimus,
838 854 1203 911 blandientem
1234 851 1441 921 injuriis
1487 851 1850 907 verberamus.

334 949 402 1003 V.
444 947 658 1003 Christo
684 960 813 1016 ergo
843 948 900 1015 (ο
928 944 1162 1000 amentia
1190 951 1530 999 monstruosa
1548 943 1612 1013 l),
1637 941 1853 997 Christo

254 1042 535 1097 circenses
557 1038 830 1093 offerimus
850 1047 907 1092 et
945 1036 1158 1101 mimos,
1194 1032 1411 1089 Christo
1438 1048 1538 1104 pro
1576 1031 1856 1089 beneficiis

256 1132 376 1187 suis
422 1131 760 1184 theatrorum
795 1128 1029 1182 obscena
1060 1126 1352 1192 reddimus,
1383 1123 1602 1181 Christo
1623 1124 1857 1180 ludicro-

254 1238 387 1276 rum
410 1220 838 1290 turpissimorum
863 1218 1069 1272 hostias
1083 1216 1454 1271 immolamus?
1472 1215 1734 1270 Videlicet
1752 1214 1859 1270 hoc

258 1327 373 1366 nos
390 1327 492 1382 pro
522 1311 675 1365 nobis
701 1310 754 1363 in
776 1323 938 1364 carne
966 1315 1124 1362 natus
1144 1305 1394 1363 Salvator
1418 1316 1603 1362 noster
1619 1306 1852 1361 edocuit.

257 1403 384 1458 iloc
430 1403 517 1456 vel
560 1417 657 1472 per
699 1417 757 1456 se
786 1400 961 1471 ipsum
982 1399 1068 1456 vel
1095 1414 1192 1469 per
1220 1399 1497 1469 apostolos
1524 1398 1851 1469 praedicavit.

256 1491 498 1563 Propter
549 1494 652 1547 hoc
680 1492 927 1547 humana:
955 1490 1251 1545 nativitatis
1279 1490 1653 1545 verecundiam
1675 1489 1852 1553 subiit,

257 1592 320 1639 et
337 1594 359 1620 ⁸
375 1582 763 1639 contumeliosa
784 1582 983 1637 terreni
1010 1590 1160 1637 ortus
1174 1581 1434 1652 principia
1455 1581 1706 1651 suscepit.
1728 1579 1858 1635 Pro-

254 1682 389 1745 pter
408 1674 513 1729 hoc
535 1673 587 1727 in
608 1674 867 1743 praesepio
883 1671 1073 1742 jacuit,
1102 1672 1188 1727 cui
1218 1673 1521 1727 servierunt
1535 1672 1710 1739 angeli
1733 1686 1855 1725 cum

246 1765 486 1834 jaceret.
516 1762 743 1833 Propter
763 1764 867 1818 hoc
902 1763 1100 1818 involvi
1128 1778 1186 1818 se
1215 1778 1514 1833 pannorum
1545 1761 1852 1831 crepundiis

1958 570 2078 639 dus,
2101 572 2193 627 ubi
2214 573 2441 643 populus
2464 572 2823 643 acceptabilis,
2847 572 2937 629 ubi
2952 572 3182 644 populus
3196 572 3324 627 boni
3345 572 3547 642 operis,

1956 665 2047 721 ubi
2095 667 2325 736 populus
2372 666 2706 722 sanctitatis?
2755 665 3013 731 Christus,
3044 664 3216 733 inquit
3243 664 3540 734 Scriptura.

1956 775 2050 829 pro
2074 756 2221 813 nobis
2249 774 2435 829 passus
2464 766 2560 824 est,
2617 754 2764 811 nobis
2818 754 3106 826 exemplum
3149 756 3442 827 relinquens
3489 762 3549 807 ut

1955 870 2228 925 sequamur
2252 854 2467 926 vestigia
2492 853 2607 925 ejus
2629 852 2673 923 (1
2712 850 2829 906 Pet.
2861 868 2918 917 η,
2947 849 3061 923 21).
3091 849 3355 905 Videlicet
3381 848 3547 904 vesti-

1955 944 2041 1013 gia
2071 942 2368 1000 Salvatoris
2395 944 2670 1013 sequimur
2694 943 2748 997 in
2777 942 2954 1009 circis,
2984 940 3210 1009 vestigia
3249 939 3553 994 Salvatoris

1955 1035 2229 1104 sequimur
2255 1035 2307 1089 in
2333 1035 2576 1090 theatris.
2600 1032 2730 1089 Tale
2755 1032 2909 1088 nobis
2928 1032 3133 1088 scilicet
3152 1030 3397 1088 Christus
3423 1031 3549 1086 reli-

1961 1124 2080 1192 quit
2107 1124 2447 1193 exemplum;
2478 1138 2639 1193 quem
2666 1122 2693 1162 δ
2725 1121 2936 1178 ﬂevisse
2956 1122 3202 1192 legimus,
3223 1122 3407 1177 risisse
3440 1136 3549 1176 non

1957 1218 2204 1286 legimus.
2256 1217 2323 1271 Et
2376 1218 2481 1273 hoc
2533 1225 2818 1285 utrumque
2854 1231 2956 1287 pro
3010 1215 3359 1284 nobiszquia
3390 1212 3551 1269 fletus

1957 1308 2301 1376 compunctio
2349 1315 2433 1362 est
2469 1307 2682 1372 anima),
2729 1307 2868 1362 risus
2905 1306 3183 1377 corruptio
3228 1305 3543 1377 disciplima.

1966 1400 2116 1469 121
2149 1396 2217 1451 Et
2245 1397 2365 1452 ideo
2393 1397 2627 1464 dicebat,
2668 1397 2758 1452 Va:
2785 1396 2924 1451 vobis
2952 1398 3039 1470 qui
3066 1396 3268 1462 ridetis,
3300 1396 3548 1467 quoniam

1958 1493 2146 1561 ﬂebitis
2195 1489 2346 1562 (Luc.
2397 1507 2469 1554 vt,
2521 1488 2633 1561 25).
2693 1488 2800 1544 Et:
2834 1487 2981 1543 Beati
3003 1490 3088 1562 qui
3117 1489 3273 1559 ﬂetis,
3304 1488 3550 1559 quoniam

1959 1578 2192 1635 ridebitis
2232 1579 2422 1653 (Ibid.,’
2449 1579 2562 1651 21).
2595 1579 2760 1635 Nobis
2788 1589 2967 1635 autem
3017 1580 3196 1634 ridere
3233 1585 3289 1633 et
3315 1578 3552 1647 gaudere

1958 1688 2064 1726 non
2081 1670 2293 1739 sufficit,
2308 1674 2410 1728 nisi
2429 1688 2552 1728 cum
2568 1680 2790 1743 peccato
2806 1680 2966 1741 atque
2980 1671 3185 1726 insania
3201 1670 3563 1739 gaudeamuse

1958 1766 2061 1821 nisi
2080 1766 2219 1821 risus
2242 1772 2427 1821 noster
2448 1764 2864 1836 impuritatibus,
2896 1764 2995 1818 nisi
3008 1761 3221 1831 ﬂagitiis
3241 1762 3567 1817 misceatur-

250 1855 456 1915 voluit,
487 1855 579 1924 qui
606 1854 802 1910 coelum
827 1854 1046 1923 regebat
1067 1854 1122 1908 in
1144 1854 1355 1924 pannis.
1395 1851 1621 1924 Propter
1666 1853 1769 1937 hoc
1798 1853 1851 1906 in
1870 1854 1928 1913 Β
2027 1856 2112 1912 Vl.
2156 1856 2305 1925 Quis,
2322 1871 2473 1927 rogo,
2490 1856 2579 1913 hic
2598 1872 2749 1913 error
2762 1866 2988 1927 est,qua?
3003 1854 3267 1910 stultitia?
3287 1852 3567 1922 Nquuid1

252 1945 509 2017 patibulo
550 1944 821 2014 pependit.
871 1946 1027 2016 120
1062 1959 1223 2014 quem
1263 1944 1586 2014 pendentem
1624 1944 1854 1999 mundus

250 2037 503 2106 expavit.
538 2033 635 2099 Qui
662 2045 871 2105 propter
890 2052 995 2101 vos,
1025 2036 1198 2106 inquit
1218 2035 1527 2106 Apostolus,
1554 2053 1748 2107 pauper
1768 2038 1854 2108 fa-

249 2142 375 2183 ctus
403 2139 498 2209 est,
526 2145 640 2181 cum
668 2129 805 2182 dives
834 2137 983 2194 esset,
1006 2139 1063 2182 ut
1090 2130 1232 2184 illius
1272 2131 1450 2199 inopia
1486 2146 1573 2183 vos
1614 2130 1856 2183 honesta-

254 2212 453 2274 γενπὶήὶ
482 2218 547 2289 (ll
588 2217 707 2273 Cor.
739 2236 849 2283 Vill,
877 2217 959 2289 9).
1010 2217 1075 2273 Et
1104 2237 1216 2274 cum
1245 2221 1298 2274 in
1320 2222 1508 2292 forma,
1534 2219 1725 2288 inquit,
1762 2219 1856 2274 Dei

252 2319 418 2376 esset,
444 2310 732 2364 humiliavit
751 2312 1077 2382 semetipsum
1098 2328 1255 2383 usque
1282 2311 1352 2364 ad
1392 2320 1625 2375 mortem,
1644 2321 1854 2365 mortem

252 2412 434 2456 autem
461 2403 626 2456 crucis
657 2400 912 2473 (Philipp.
931 2419 986 2467 n,
1004 2400 1057 2467 6,
1075 2401 1150 2469 8).
1181 2402 1293 2457 Hoc
1320 2418 1420 2457 nos
1440 2402 1686 2457 videlicet
1709 2401 1858 2456 Chri-

250 2502 378 2547 stus
406 2492 615 2554 imbuit,
655 2507 778 2546 cum
806 2507 905 2562 pro
928 2492 1082 2546 nobis
1104 2492 1202 2546 ista
1233 2492 1505 2546 toleraret.
1539 2489 1855 2545 Praeclaram

253 2583 503 2654 passioni
528 2581 645 2652 ejus
665 2580 1084 2637 vicissitudinem
1107 2582 1395 2648 reddimus,
1425 2582 1517 2651 qui
1542 2597 1659 2638 cum
1684 2591 1857 2638 morte

252 2674 436 2743 ipsius
463 2673 889 2743 redemptionem
913 2674 1297 2748 acceperimus,
1324 2674 1491 2729 vitam
1532 2674 1581 2728 ei
1613 2674 1857 2744 turpissi-

252 2780 409 2819 mam
450 2780 818 2834 repensamus.
849 2764 1102 2836 Apparuit
1128 2766 1283 2831 enim,
1316 2764 1489 2833 inquit
1516 2766 1856 2821 beatissimus

252 2855 486 2921 Paulus,
526 2858 696 2926 gratia
743 2855 956 2909 Domini
1004 2857 1168 2909 nostri
1219 2854 1344 2909 Jesu
1372 2854 1582 2921 Christi,
1617 2857 1855 2911 erudiens

251 2962 382 3012 nos,
412 2957 469 2999 ut
488 2944 800 3018 abnegantes
829 2947 1140 3018 impietatem
1179 2954 1227 3000 et
1259 2946 1531 3000 saecularia
1577 2947 1854 3014 desideria,

254 3035 435 3091 sobrie
453 3046 503 3089 et
520 3039 604 3107 pie
617 3047 665 3091 et
678 3039 821 3109 jnste
845 3038 1071 3091 vivamus
1093 3039 1145 3090 in
1167 3038 1262 3092 hoc
1277 3037 1483 3101 swculo,
1502 3048 1855 3110 exspectantes

255 3131 471 3183 beatam
490 3145 633 3199 spem
652 3138 701 3182 et
722 3129 993 3183 aduentum
1028 3128 1241 3182 Domini
1267 3129 1448 3200 gloria:
1474 3131 1651 3201 magni
1684 3129 1777 3184 Dei
1806 3140 1855 3184 et

1957 1948 2126 2002 laetari
2169 1947 2381 2003 assidue
2423 1955 2478 2003 et
2516 1946 2696 2002 ridere
2739 1961 2846 2000 non
2892 1960 3211 2016 possumus,
3249 1944 3353 1998 nisi
3386 1943 3552 1997 risum

1957 2046 2204 2093 nostrum
2229 2045 2393 2107 atque
2408 2038 2646 2092 laetitiam
2674 2036 2848 2092 scelus
2868 2050 2984 2091 esse
2998 2033 3289 2091 faciamus?
3306 2033 3386 2087 An
3414 2031 3551 2087 forte

1958 2129 2351 2185 infructuosum
2372 2138 2623 2200 putamus
2646 2126 2895 2197 gaudium
2915 2126 3164 2197 simmex,
3194 2140 3295 2182 nec
3320 2124 3550 2181 delectat

1957 2221 2135 2275 ridere
2162 2220 2278 2274 sine
2307 2218 2564 2275 crimine?
2584 2215 2757 2284 Quod,
2782 2230 2935 2286 rogo,
2966 2217 3071 2272 hoc
3099 2216 3298 2270 malum
3327 2223 3429 2279 est,
3461 2222 3549 2269 aut

1957 2309 2079 2378 quis
2109 2308 2297 2363 furor?
2326 2306 2650 2372 Rideamus,
2690 2320 2903 2376 quaeso,
2932 2304 3228 2375 quamlibet
3257 2305 3551 2359 immensu-

1958 2402 2135 2466 ratim,
2167 2400 2411 2455 ltetemur
2436 2398 2732 2469 quamlibet
2746 2398 2966 2468 jugiter,
2979 2397 3271 2454 dummodo
3299 2397 3551 2453 innocen-

1928 2494 2064 2549 'ter.
2095 2492 2225 2560 Quae
2253 2491 2505 2548 vecordia
2544 2498 2628 2547 est
2668 2498 2724 2545 et
2768 2490 3038 2557 amentia,
3065 2498 3125 2546 ut
3152 2505 3261 2546 non
3305 2498 3550 2561 putemus

1956 2588 2121 2644 risum
2166 2594 2223 2642 et
2258 2585 2512 2656 gaudium
2541 2584 2674 2639 tanti
2703 2598 2842 2651 esse,
2882 2583 2985 2639 nisi
3014 2582 3068 2638 in
3098 2598 3158 2640 se
3184 2582 3279 2639 Dei
3308 2583 3550 2655 habuerit

1958 2681 2250 2751 injuriam?
2278 2680 2529 2749 injuriam
2561 2680 2774 2750 utique,
2801 2685 2857 2734 et
2896 2679 3115 2748 quidem
3153 2679 3463 2734 maximam.
3494 2676 3551 2742 In

1958 2770 2277 2841 spectaculis
2298 2769 2443 2825 enim
2471 2769 2715 2839 quaedam
2736 2770 3006 2839 apostasia
3036 2768 3159 2824 fidei
3187 2776 3270 2825 est
3296 2778 3350 2825 et
3365 2784 3395 2823 a
3416 2786 3550 2842 sym-

1959 2862 2097 2918 bolis
2128 2862 2294 2933 ipsius
2322 2870 2376 2917 et
2391 2862 2701 2918 cmlestibus
2737 2862 3322 2917 sacramentisletbalis
3348 2878 3552 2932 prteva-

1956 2956 2168 3011 ricatio.
2191 2954 2322 3022 Qua:
2350 2964 2431 3011 est
2458 2955 2600 3009 enim
2629 2954 2683 3009 in
2710 2954 2977 3024 baptismo
3006 2956 3228 3013 salutari
3260 2964 3284 2994 ε
3303 2954 3552 3010 Christia-

1959 3061 2151 3101 norum
2180 3046 2351 3117 prima
2380 3044 2686 3102 confessio?
2731 3044 2862 3113 Quae
2888 3046 3095 3102 scilicet
3122 3046 3226 3102 nisi
3267 3054 3326 3102 ut
3354 3062 3555 3102 renun-

1960 3139 2096 3194 tiare
2123 3153 2182 3195 se
2210 3138 2427 3194 diabolo
2453 3154 2518 3194 ac
2543 3138 2757 3209 pompis
2785 3137 2901 3208 ejus
2947 3145 3111 3208 atque
3150 3139 3469 3209 spectaculis
3498 3148 3559 3194 et

260 3218 560 3273 Saluatoris
607 3221 771 3273 nostri
797 3218 921 3273 Jesu
962 3219 1194 3273 Christi:
1224 3220 1309 3291 qui
1349 3219 1489 3273 dedit
1529 3222 1855 3291 semetipsum
1884 3227 1928 3289 C
1961 3231 2213 3301 operibus
2256 3230 2662 3301 proiestenmr?
2690 3228 2834 3300 Ergo
2883 3230 3189 3301 spectacula
3234 3239 3556 3300 etpompm,

261 3327 360 3380 pro
380 3309 551 3375 nobis,
574 3320 630 3363 ut
650 3328 744 3364 nos
766 3309 1033 3364 redimeret
1059 3312 1124 3363 ab
1154 3311 1293 3365 omni
1322 3311 1609 3382 iniquitate,
1639 3320 1687 3364 et
1715 3329 1861 3365 mun-

263 3400 418 3453 daret
445 3399 542 3455 sibi
569 3400 812 3472 populum
850 3400 1230 3472 acceptabilem,
1259 3410 1561 3455 sectatorem
1608 3401 1856 3455 bonorum

266 3510 478 3562 operum
529 3492 723 3565 (Tit.u,
756 3491 962 3562 Η-Η).
995 3491 1095 3547 Ubi
1124 3493 1357 3561 suntqui
1384 3492 1495 3547 haec
1523 3492 1719 3547 faciant
1740 3510 1858 3565 pro-

266 3591 389 3652 pter
415 3599 537 3653 quae
562 3585 772 3639 venisse
799 3582 1069 3637 Christum
1100 3583 1391 3653 Apostolus
1413 3584 1579 3639 dicit?
1610 3583 1708 3640 Ubi
1731 3596 1856 3641 sunt

267 3675 359 3743 qui
406 3675 672 3729 desideria
718 3675 894 3729 sa'culi
941 3673 1163 3743 fugiant,
1214 3675 1301 3728 ubi
1354 3676 1442 3744 qui
1479 3677 1642 3730 vitam
1675 3679 1761 3748 pie
1791 3694 1854 3734 ac

266 3764 409 3834 juste
462 3772 647 3834 agant,
694 3764 783 3818 ubi
822 3765 913 3833 qui
955 3780 1172 3835 sperare
1196 3780 1253 3819 se
1282 3780 1430 3835 spem
1461 3764 1671 3821 beatam
1702 3769 1857 3823 bonis

246 3858 524 3929 'nperibus
569 3858 876 3923 ostendant,
918 3865 974 3913 et
1003 3859 1396 3913 immaculatum
1425 3861 1591 3915 vitam
1614 3872 1852 3931 agentes,

271 3951 511 4020 hocipso
532 3966 591 4005 se
614 3951 900 4020 perhibent
938 3965 1163 4020 regnum
1212 3952 1304 4007 Dei
1359 3963 1674 4024 exspectare
1728 3959 1854 4028 quia

271 4051 547 4096 merentur
586 4042 868 4112 accipere?
918 4042 1097 4108 Venit,
1134 4045 1325 4114 inquit,
1384 4045 1644 4103 Dominus
1701 4049 1856 4104 Jesus

273 4130 544 4197 Christus,
591 4142 650 4187 ut
693 4134 967 4189 mandaret
1012 4135 1110 4190 sibi
1153 4138 1400 4207 populum
1461 4142 1852 4210 acceptabilem,

1963 3325 2124 3381 etiam
2149 3324 2303 3393 juxta
2342 3331 2581 3380 nostram
2608 3322 3028 3394 professionem,
3078 3338 3243 3394 Opera
3282 3330 3408 3378 sunt
3433 3322 3550 3376 dia-

1961 3417 2090 3471 boli.
2123 3414 2426 3482 Quomodo,
2459 3430 2492 3469 ο
2520 3412 2846 3478 Christiane,
2875 3414 3176 3483 spectacula
3199 3421 3323 3483 post
3350 3410 3550 3481 baptis—

1960 3522 2104 3561 mum
2134 3505 2393 3575 sequeris,
2421 3518 2541 3573 qua!
2567 3519 2703 3574 opus
2731 3519 2850 3559 esse
2878 3503 3077 3557 diaboli
3101 3501 3414 3557 conﬁteris?
3443 3500 3549 3556 Re-

1961 3594 2215 3651 nuntiasti
2243 3592 2413 3651 semel
2457 3592 2672 3647 diabolo
2701 3599 2758 3647 et
2795 3592 3117 3661 spectaculis
3153 3590 3297 3661 ejus;
3346 3605 3411 3646 ac
3455 3604 3549 3660 per

1959 3689 2063 3744 hoc
2084 3700 2301 3742 necesse
2328 3690 2411 3739 est
2438 3691 2499 3739 ut
2525 3681 2760 3754 prudens
2780 3688 2834 3737 et
2854 3681 3051 3749 sciens,
3081 3682 3209 3737 dum
3237 3680 3304 3736 ad
3332 3686 3548 3751 specta-

1959 3781 2077 3836 cula
2100 3793 2330 3845 remeas,
2353 3775 2420 3832 ad
2440 3775 2711 3832 diabolum
2734 3782 2788 3831 te
2805 3774 2981 3831 redire
2995 3788 3311 3843 cognoscas.
3327 3771 3551 3841 Utrique

1957 3871 2101 3927 enim
2150 3869 2231 3925 rei
2258 3867 2419 3924 simul
2448 3867 2788 3934 renuntiasti,
2818 3874 2874 3922 et
2897 3882 3064 3922 unum
3109 3874 3396 3934 utrumque
3435 3878 3551 3919 esse

1955 3962 2157 4018 dixisti.
2181 3959 2240 4016 Si
2268 3959 2336 4015 ad
2365 3974 2531 4015 unum
2551 3958 2856 4023 reverteris,
2873 3957 2941 4013 ad
2960 3965 3248 4026 utrumque
3275 3956 3555 4011 remeasti.

1957 4052 2276 4106 Abrenuntio
2318 4054 2472 4116 enim,
2504 4050 2701 4120 inquis,
2742 4049 2967 4116 diabolo,
2997 4050 3217 4120 pompis,
3247 4047 3550 4119 spectaculis

1957 4154 2007 4200 et
2035 4143 2273 4216 operibus
2320 4144 2452 4215 ejus.
2484 4142 2551 4197 Et
2577 4141 2705 4211 quid
2752 4141 2990 4212 postea?
3032 4138 3217 4206 Credo,
3270 4139 3464 4207 inquis,
3494 4140 3549 4193 in

1444 4248 1782 4307 STEPHANI
1818 4254 2090 4312 BALUZII
2129 4252 2358 4309 ΝΟΤιίΕ.

348 4343 371 4371 ⁸
411 4333 690 4407 infra__lih.
736 4351 771 4388 ιι
820 4333 1076 4389 adversus
1127 4336 1438 4407 Avaritiam,
1470 4352 1594 4406 pag.
1634 4338 1758 4407 227,
1789 4342 1857 4398 de

275 4403 515 4459 Christo:
538 4403 857 4480 Humiliatus
885 4422 1043 4476 usque
1064 4406 1132 4459 ad
1153 4406 1364 4480 humani
1390 4403 1589 4462 exordii
1610 4403 1858 4480 pudorem

278 4485 323 4527 et
366 4492 667 4547 pannorum
696 4477 1035 4547 inluviem‘et
1076 4479 1314 4547 prwsepii
1342 4477 1617 4533 vilitatem.
1662 4480 1855 4537 Hiero-

280 4561 461 4614 nymus
480 4548 541 4618 in
584 4546 812 4615 epistola
842 4545 908 4599 de
930 4544 1316 4618 Filio'prodigo
1345 4549 1409 4601 ad
1440 4564 1633 4618 papam
1665 4551 1858 4607 Dama-

281 4630 389 4693 sum
422 4634 434 4667 :
466 4614 593 4693 Qut:
621 4614 979 4693 autem_poLest
1000 4617 1169 4687 major
1194 4635 1303 4671 esse
1322 4614 1590 4693 clem-entia
1619 4639 1772 4693 quam
1800 4633 1857 4677 ut

1960 4344 2241 4466 epistoliuzn
2255 4342 2478 4412 primam
2494 4341 2739 4397 Leidradi
2756 4342 3143 4414 archiepiscopi
3158 4341 3545 4413 Lugdunensis,

1960 4430 2063 4466 032
2070 4456 2083 4466 .
2220 4453 2233 4465 .

1958 4430 2699 4563 {a§:§i;é.pactio,mutuvocat
2719 4481 2955 4563 Isidorus
2981 4482 3036 4563 i_n
3064 4483 3201 4538 libro
3225 4484 3463 4563 secundo
3483 4485 3551 4540 de

1961 4554 2361 4626 Ecclesiasticis
2383 4552 2591 4626 ciliciis,
2624 4568 2743 4623 cap.
2769 4553 2839 4606 24
2864 4553 3093 4626 :_Prima
3122 4556 3292 4626 pactio
3333 4563 3409 4608 est
3446 4572 3549 4626 qua

1959 4625 2285 4696 renuntiatur
2312 4623 2517 4696 diabolo
2549 4632 2598 4696 et
2625 4626 2828 4696 pompis
2847 4624 3035 4696 ejuset
3060 4623 3549 4696 uniuersa:_conrer-

287 4682 447 4767 filius
470 4688 578 4749 Dei,
611 4682 836 4767 hominis
868 4684 1037 4767 Filius
1066 4682 1383 4753 nasceretur,
1401 4690 1572 4767 decem
1602 4682 1854 4767 mensium
1888 4755 1927 4767 __
1950 4696 2150 4767 sationi
2183 4695 2344 4767 illius.
2377 4682 2640 4767 Caesarius
2669 4695 2722 4747 in
2745 4682 3088 4767 'expdsitione
3117 4694 3237 4767 fidei
3265 4712 3277 4747 :
3310 4694 3551 4767 Interro-

286 4756 481 4834 fastidia
510 4758 803 4837 sustineret,
832 4764 1015 4877 partus
1039 4767 1359 4827 exspectaret
1379 4761 1671 4825 adventum,
1689 4766 1855 4819 inrol—
1883 4755 1934 4814 D
1958 4755 2143 4837 gamur
2170 4766 2306 4817 enim
2327 4765 2380 4817 in
2402 4763 2656 4834 baptismo
2683 4755 2854 4817 utrum
2877 4761 3293 4819 abrenuntiemus
3323 4765 3552 4831 diabolo,

286 4835 467 4877 teretur
513 4843 721 4877 mnmts.
766 4843 823 4877 su
868 4835 1102 4877 liceretur
1132 4829 1448 4877 mirantibus-
1500 4848 1589 4877 per
1623 4835 1853 4877 sin/mlas
1959 4836 2160 4877 “nisini:
2188 4842 2237 4877 at
2278 4833 2515 4877 oneribus
2543 4834 2688 4877 eius:
2724 4842 2774 4877 ρι
2801 4831 3255 4877 nbrnnuntinlurng
3295 4852 3389 4877 nne
3433 4854 3552 4877 amr.-

284 4820 467 4901 seretur
513 4828 721 4895 pannis,
766 4820 1102 4895 subjiceretur
1132 4820 1448 4901 parentibus,
1498 4848 1589 4901 per
1623 4820 1853 4901 singulas

289 4894 501 4973 adoleret
530 4907 734 4973 tumes,
767 4905 816 4948 et
843 4906 958 4964 post
990 4894 1328 4973 contunielias
1355 4894 1560 4973 vocum,
1585 4894 1778 4973 alapas
1808 4914 1858 4958 et

289 4964 498 5035 ﬂagella,
530 4968 697 5038 crucis
725 4982 922 5038 quoque
950 4983 1043 5038 pro
1073 4966 1220 5022 nobis
1248 4969 1394 5038 ﬁeret
1422 4964 1769 5037 maledictum,
1799 4986 1856 5028 ut

290 5050 373 5087 nos
398 5053 425 5086 a
453 5037 726 5110 maledicto
759 5037 1213 5110 legisabsoltjeret,
1240 5037 1391 5092 Patri
1421 5043 1590 5110 factus
1618 5041 1855 5099 obediens

293 5109 516 5174 usquead
534 5116 769 5160 mortem.
793 5106 871 5159 lta
902 5106 1159 5174 legendus
1183 5119 1266 5163 est
1300 5110 1386 5164 llic
1421 5106 1734 5174 Hieronymi
1778 5115 1857 5167 lo-

425 5177 560 5300 εέὶιόυᾱ
610 5176 958 5245 Agobardum
1010 5178 1065 5231 in
1110 5178 1248 5232 libro
1288 5179 1546 5235 adversus
1601 5176 1854 5247 Felicem,

362 5315 660 5390 lfliimirum
705 5317 794 5390 ob
821 5325 1049 5372 mortem
1098 5317 1305 5390 Lazari.
1337 5317 1489 5375 Unde
1529 5321 1898 5390 collegerunt'

297 5379 443 5439 Juda'i
489 5389 633 5442 illum
674 5386 832 5441 valde
879 5397 1111 5442 amatum
1159 5388 1319 5443 fuisse
1366 5404 1396 5443 a
1443 5379 1695 5445 Christo."
1729 5393 1858 5446 Nam

297 5468 533 5521 suprema:
576 5458 681 5511 illae
711 5456 958 5529 lacryma:
984 5460 1294 5529 paniantium
1343 5460 1511 5529 magis
1550 5471 1860 5529 suntquam

299 5529 632 5597 tumentium,
657 5527 904 5597 quamvis
924 5527 1082 5581 etiam
1104 5527 1451 5583 man-entiam
1462 5531 1569 5584 sint
1589 5540 1639 5584 et
1662 5527 1863 5585 amicos

302 5592 713 5651 desiderantium.
748 5595 887 5649 Eant
916 5614 1055 5651 nunc
1080 5600 1171 5666 qui
1201 5616 1298 5653 nos
1327 5616 1541 5655 omnem
1567 5602 1864 5656 humanita-

304 5670 392 5738 tem
415 5682 611 5722 exuere
626 5666 817 5738 jnhent
838 5666 890 5719 in
921 5667 1107 5738 dolore
1136 5684 1197 5722 ac
1220 5669 1432 5724 Stoicos
1456 5685 1634 5738 agere,
1668 5674 1859 5726 mulie-

300 5731 497 5809 briaqne
523 5731 688 5793 corda
717 5737 917 5791 habere
944 5735 1126 5809 dicunt
1166 5738 1301 5809 illos,
1323 5741 1468 5795 viros
1492 5731 1597 5809 uni
1624 5731 1764 5795 ﬂent
1807 5744 1857 5796 in

298 5800 547 5864 funeribus
587 5822 809 5863 suorum
851 5806 1164 5861 amicorum.
1211 5807 1342 5863 Vide
1374 5800 1764 5866 notas'thIras
1794 5813 1857 5865 ad

1959 4831 2160 4906 pompis
2188 4842 2237 4887 et
2278 4831 2515 4906 aperibus
2543 4834 2688 4906 ejus;
2724 4842 2774 4906 et
2801 4831 3255 4906 abrenuntiaturos
3295 4852 3389 4891 nos
3433 4854 3555 4891 voce

1958 4904 2120 4959 libera
2160 4905 2547 4974 respondemus.
2576 4904 2707 4974 Tum
2750 4905 2802 4957 in
2834 4904 2933 4958 liae
2956 4918 3052 4974 seu
3081 4904 3419 4961 confessione
3455 4922 3549 4962 seu

1958 4976 2210 5045 pactione
2231 4971 2508 5045 constituit
2527 4972 2930 5028 fundamentum
2958 4971 3080 5027 ﬁdei
3109 4983 3309 5030 nostra:
3332 4976 3515 5032 dicens
3533 4996 3555 5029 τ

1961 5043 2021 5116 Si
2048 5063 2171 5115 ergo
2195 5043 2289 5097 hoc
2326 5043 2461 5116 quod
2483 5046 2704 5113 primum
2733 5053 2830 5107 est,
2871 5053 2937 5116 et_
2957 5045 3138 5116 inquo
3161 5046 3551 5116 fundamentum

1959 5114 2271 5185 Christiana
2298 5114 2564 5185 religionis
2592 5115 2860 5185 gonsistit,
2902 5114 3127 5183 ﬁdeliter
3162 5114 3551 5180 ’conserramus,

1964 5194 2066 5239 etc.
2100 5184 2168 5236 Et
2198 5184 2357 5252 paulo
2384 5182 2508 5258 post
2529 5201 2552 5258 _:
2584 5182 2884 5258 Consideret
2903 5182 3263 5258 unusquisque
3289 5190 3550 5241 conscien-

1965 5258 2088 5308 tiam
2109 5271 2286 5317 suam;
2312 5262 2361 5306 et
2378 5254 2423 5325 si
2444 5270 2502 5325 se
2521 5254 2757 5323 implesse
2776 5255 2956 5307 viderit
2975 5254 3109 5325 quod
3128 5254 3383 5325 promisit,
3407 5258 3550 5310 abre-

1966 5326 2233 5377 nuntiasse
2277 5324 2483 5394 diabolo
2523 5335 2572 5376 et
2601 5327 2800 5394 pompis
2828 5324 2995 5385 illius,
3019 5324 3133 5379 non
3164 5327 3329 5381 solum
3368 5327 3548 5385 verbis.

1965 5395 2056 5447 sed
2081 5396 2236 5448 etiam
2265 5392 2501 5466 operibus
2514 5392 2877 5466 _recognoscat,
2910 5397 3065 5465 ﬁdem
3086 5398 3337 5466 integram
3363 5413 3418 5449 se
3444 5414 3548 5449 ser-

1968 5481 2113 5535 uasse
2140 5463 2479 5535 congaudent.
2510 5463 2613 5518 Per
2639 5463 2863 5534 pompas
2905 5463 3082 5520 autem
3126 5463 3323 5519 diaboli
3356 5466 3550 5519 intelli-

1967 5534 2165 5599 gebant
2196 5534 2305 5588 tuin
2341 5536 2643 5602 spectacula
2670 5543 2725 5587 et
2745 5536 2997 5589 stultitias
3024 5536 3282 5601 gentium,
3312 5544 3372 5589 ut
3394 5535 3551 5592 docet

1964 5604 2049 5657 vel
2097 5606 2288 5674 unicus
2340 5604 2641 5659 Salvianus.
2698 5605 3300 5673 Sequioribussa‘culis
3354 5606 3554 5666 diabnii

1965 5674 2177 5742 pompis
2206 5676 2516 5729 renuntiare
2545 5675 2863 5739 «lit-eliantur
2889 5678 2980 5742 qui
3012 5675 3172 5727 vitam
3200 5679 3555 5732 monasticam

1966 5742 2455 5818 alllDit'Cil‘itéltlllli‘,
2478 5745 2626 5814 cujus
2658 5745 2733 5799 rei
2763 5746 3038 5800 innumera
3079 5742 3310 5816 proferri
3341 5761 3573 5818 possent.

1966 5816 2235 5884 exempla.
