4006 6182
434 320 537 376 “5

1378 320 1434 378 S.
1477 317 1795 375 SALVIANI
1826 314 2290 383 MASSILIENSIS
2326 312 2752 374 PRESBYTER!

3594 324 3695 379 H6

427 436 594 491 Deum
619 443 824 507 patrem
867 438 1261 507 omnipotentem
1281 443 1330 488 et
1367 436 1425 495 in
1451 434 1633 503 Iesum
1656 432 1911 501 Christum
1941 435 2010 504 β·
2038 435 2086 503 Α
2116 431 2571 502 prmvaricatiouis
2613 432 2817 489 scelere
2845 434 3164 502 peccemus?
3191 433 3301 489 Nos
3327 436 3567 492 ecclesiis
3600 439 3696 495 Dei

427 530 552 582 tium
579 528 709 599 ejus.
742 525 884 595 Ergo
910 527 1138 597 primum
1167 525 1503 599 renuntiatur
1539 525 1773 592 diabolo,
1804 534 1863 589 ut
1885 541 2005 582 cre-

429 619 587 671 datur
602 618 711 672 Deo
732 635 744 670 :
783 620 940 701 122
956 618 1078 686 quia
1099 617 1191 687 qui
1213 633 1321 675 non
1342 618 1613 679 renuntiat
1634 616 1869 683 diabolo,
1896 631 2006 671 non

427 708 596 764 credit
625 708 767 762 Deo:
793 718 848 763 et
875 708 997 765 ideo
1019 709 1112 783 qui
1139 708 1426 775 revertitur
1448 707 1513 760 ad
1535 707 1826 769 diabolum,
1846 706 2008 760 relin-

422 802 539 867 quit
559 800 746 855 Deum.
764 801 1019 859 Diabolus
1044 809 1221 867 autem
1246 801 1298 855 in
1323 799 1641 870 spectaculis
1668 807 1750 853 est
1776 807 1829 852 et
1850 814 2006 869 pom-

419 893 504 961 pis
525 892 666 957 suis;
699 907 760 947 ac
780 907 876 965 per
896 891 999 946 hoc
1020 906 1141 945 cum
1163 891 1398 946 redimus
1418 890 1484 945 ad
1506 890 1827 961 spectacula,
1844 889 2009 943 relin-

420 984 636 1053 quimus
666 981 823 1039 lidem
836 981 1056 1037 Christi.
1080 982 1192 1037 lloc
1209 984 1389 1051 itaque
1414 982 1575 1037 modo
1590 982 1766 1037 omnia
1782 980 2009 1053 symboli

373 1117 388 1130 .
420 1062 756 1129 sacramenta
786 1074 1092 1140 solvuntur;
1124 1082 1178 1128 et
1204 1081 1378 1131 totum
1400 1074 1543 1145 quod
1574 1074 1626 1127 in
1655 1073 1898 1144 symbolo
1926 1088 2011 1127 se-

420 1165 623 1234 quitur,
648 1162 998 1223 labefactatur
1018 1171 1073 1219 et
1101 1172 1270 1217 nutat.
1294 1162 1433 1216 Nihil
1462 1164 1607 1217 enim
1634 1178 1862 1232 sequens
1881 1170 2006 1229 stat,

422 1256 466 1310 si
499 1256 789 1325 principale
820 1272 926 1310 non
956 1256 1185 1309 steterit.
1230 1255 1324 1309 Dic
1369 1255 1527 1323 igitur
1556 1264 1631 1319 tu,
1685 1254 2006 1316 Christiane,

424 1348 695 1416 quomodo
728 1356 913 1402 tenere
945 1354 997 1401 te
1044 1349 1321 1416 sequentia
1359 1346 1587 1418 symboli
1632 1354 1818 1416 putas,
1858 1345 2010 1415 cujus

355 1455 365 1465 ο
420 1438 683 1508 principia
706 1436 1269 1507 perdidistiﬂlembra
1286 1437 1401 1491 sine
1421 1437 1596 1506 capite
1616 1437 1746 1490 nihil
1766 1444 2007 1506 prosunt,

420 1539 477 1585 et
505 1530 571 1585 ad
602 1530 882 1595 exordium
912 1529 995 1584 sui
1023 1538 1215 1585 cuncta
1244 1528 1568 1599 respiciunt;
1611 1544 1729 1600 qua:
1758 1529 1941 1598 utique
1964 1531 2009 1585 si

417 1621 695 1693 perierint,
746 1621 926 1675 omnia
974 1636 1192 1691 pessum
1240 1620 1477 1675 trahunt.
1528 1620 1802 1689 Siquidem
1844 1622 2011 1691 stirpe

416 1712 647 1775 sublata,
674 1719 767 1767 aut
787 1728 895 1767 non
922 1720 1046 1767 sunt
1076 1712 1312 1779 reliqua;
1337 1719 1429 1765 aut
1458 1711 1503 1765 si
1532 1718 1685 1776 sunt,
1717 1711 1832 1765 sine
1861 1726 2011 1766 emo-

2088 523 2313 603 ludicra
2345 525 2739 595 anteponimus,
2782 539 2882 579 nos
2920 524 3109 581 altaria
3135 527 3438 601 spernimus
3458 536 3513 587 et
3543 530 3695 585 mea.

2110 622 2192 669 tra
2219 616 2565 675 honoramus.
2592 614 2783 673 Omnia
2809 616 3041 688 denique
3057 633 3315 684 amamus,
3337 622 3490 697 123
3511 625 3693 678 omnia

2109 708 2352 764 colimus.
2380 706 2539 765 Solus
2583 708 2738 771 nobis
2765 708 2818 762 in
2845 710 3244 777 comparatione
3283 713 3523 767 omnium
3551 712 3696 769 Deus

2110 799 2226 854 vilis
2255 808 2356 861 est.
2379 799 2637 868 Denique,
2660 811 2856 870 praeter
2876 801 2979 856 alia
2999 816 3118 870 qua:
3145 801 3197 855 id
3225 804 3475 872 probant,
3495 804 3694 863 indicat

2107 890 2211 945 hoc
2239 891 2400 947 etiam
2429 890 2544 946 haec
2569 906 2657 949 res
2694 892 2805 961 ipsa
2833 906 2992 960 quam
3020 888 3169 948 dico.
3191 892 3248 948 Si
3290 895 3504 962 quando
3543 898 3689 959 enim

2109 981 2368 1047 evenerit,
2399 981 2549 1050 quod~
2572 981 2778 1037 scilicet
2804 997 2944 1051 saepe
2984 983 3181 1047 evenit,
3214 989 3273 1037 ut
3301 983 3490 1038 eodem
3520 984 3608 1044 die
3634 992 3693 1043 et

2112 1083 2135 1112 ε
2159 1072 2416 1127 festivitas
2436 1073 2796 1128 ecclesiastica
2818 1080 2871 1126 et
2890 1073 2999 1128 ludi
3018 1074 3213 1142 publici
3228 1083 3481 1142 agantur;
3507 1090 3694 1143 qumro

2110 1162 2178 1217 ab
2209 1164 2446 1218 omnium
2476 1164 2823 1227 conscientia,
2849 1164 2969 1232 quis
2998 1163 3147 1219 locus
3175 1164 3405 1233 majores
3426 1163 3693 1221 Christia-

2109 1269 2299 1307 norum
2331 1254 2566 1309 virorum
2588 1255 2771 1324 copias
2796 1255 3011 1321 haheat,
3042 1270 3204 1311 cavea
3233 1255 3342 1309 ludi
3371 1256 3588 1324 publici,
3620 1272 3692 1310 an

2108 1346 2301 1400 atrium
2332 1345 2464 1400 Dei?
2493 1353 2547 1400 et
2576 1346 2830 1415 templum
2868 1361 3056 1402 omnes
3092 1346 3259 1413 magis
3297 1356 3585 1409 sectentur,
3620 1358 3694 1401 an

2108 1436 2413 1491 theatrum?
2440 1436 2581 1497 dicta
2603 1437 2997 1503 evangeliorum
3021 1436 3187 1506 magis
3213 1437 3452 1503 diligant,
3481 1453 3547 1493 an
3577 1438 3695 1507 thy-

2108 1526 2458 1581 melicorum?
2480 1528 2642 1585 verba
2664 1527 2805 1593 vitae,
2823 1542 2889 1581 an
2918 1527 3081 1581 verba
3103 1528 3329 1582 mortis?
3359 1528 3517 1582 verba
3542 1526 3696 1583 Chri-

2107 1617 2195 1683 sti,
2228 1632 2296 1671 an
2319 1618 2480 1672 verba
2504 1618 2686 1672 mimi?
2706 1617 2822 1672 Non
2852 1626 2933 1673 est
2959 1617 3175 1672 dubium
3202 1617 3326 1686 quin
3358 1618 3483 1672 illud
3522 1619 3695 1686 magis

2111 1724 2354 1764 amemus
2382 1710 2522 1778 quod
2554 1710 2945 1780 anteponimus.
2970 1709 3126 1769 Omni
3155 1711 3301 1765 enim
3338 1709 3580 1765 feralium
3608 1709 3694 1763 lu-

417 1801 660 1856 lumento
694 1809 839 1867 sunt,
870 1802 993 1871 quia
1023 1801 1138 1855 sine
1167 1802 1343 1871 capite
1383 1802 1516 1857 nihil
1566 1810 1795 1856 constat.
1826 1800 1883 1856 Si
1915 1802 2001 1856 cui
2034 1805 2080 1863 Β
2109 1800 2385 1863 dicrorum
2415 1801 2520 1867 die,
2553 1801 2596 1857 si
2615 1802 2867 1870 qumlibet
2900 1801 3153 1858 Ecclesim
3172 1801 3306 1857 festa
3337 1802 3549 1865 fuerint,
3582 1818 3691 1859 non

418 1893 600 1963 itaque
628 1892 746 1949 leve
796 1894 1222 1963 Spectaculorum
1264 1893 1466 1947 crimen
1495 1892 1723 1958 videtur,
1755 1892 2005 1962 respiciat

417 1992 609 2038 cuncta
638 1983 738 2038 ista
765 1997 887 2051 qua:
914 1974 1183 2047 diximus;
1198 1988 1252 2037 et
1272 1982 1469 2035 videbit
1493 1983 1545 2036 in
1567 1982 2003 2055 spectaculisnon

332 2093 345 2098 η
417 2070 747 2142 voluptatem
777 2087 923 2137 esse,
955 2071 1051 2127 sed
1076 2079 1326 2125 mortem.
1358 2070 1495 2137 Quid
1535 2080 1615 2126 est
1651 2080 1830 2127 autem
1859 2073 2002 2127 aliud

416 2176 581 2228 quam
628 2169 856 2217 mortem
889 2162 1185 2226 incurrere,
1216 2162 1338 2214 vitae
1383 2161 1641 2229 originem
1672 2162 2002 2232 perdidisse?

424 2248 523 2305 Ubi
548 2251 691 2305 enim
715 2260 740 2288 κ
765 2251 1171 2307 fundamentum
1199 2250 1428 2323 symboli
1457 2252 1733 2319 evertitur,
1760 2239 1871 2306 vita
1888 2253 2002 2323 ipsa

416 2339 705 2410 iugulatur.

489 2429 598 2485 Vll.
635 2434 864 2486 ltnrsum
910 2447 1048 2501 ergo,
1077 2449 1298 2488 necesse
1345 2442 1429 2488 est
1458 2434 1737 2490 redeamus
1774 2435 1842 2491 ad
1872 2435 2001 2489 illud

416 2521 561 2592 quod
588 2538 728 2592 saepe
755 2522 986 2578 diximus
1017 2541 1030 2577 :
1063 2523 1197 2590 Quid
1227 2525 1400 2578 simile
1425 2525 1564 2593 apud
1591 2525 1884 2579 barbaros?
1912 2526 2002 2580 ubi

419 2612 561 2681 apud
592 2612 711 2667 illos
753 2613 1039 2679 circenses,
1073 2613 1162 2667 ubi
1192 2613 1421 2677 theatra,
1448 2614 1538 2669 ubi
1566 2615 1739 2669 scelus
1759 2615 2000 2669 diversa-

418 2718 537 2759 rum
562 2704 948 2775 impuritatum,
979 2706 1083 2761 hoc
1111 2714 1213 2771 est,
1243 2706 1357 2775 spei
1382 2714 1579 2761 nostra:
1607 2722 1669 2762 ac
1696 2707 1882 2763 salutis
1903 2722 2000 2762 ex-

419 2794 651 2849 cidium?
690 2796 884 2864 quibus
929 2797 1003 2863 illi
1058 2797 1178 2861 etsi,
1212 2804 1398 2866 utpote
1444 2798 1671 2868 pagani,
1702 2805 1997 2865 uterentur,

419 2882 629 2939 minore
654 2889 832 2938 tamen
863 2884 1016 2955 culpa
1043 2900 1205 2940 sacrae
1233 2884 1540 2941 offensionis
1559 2888 1809 2941 errabant
1832 2905 1845 2940 :
1876 2888 2000 2956 quia

420 2976 524 3030 etsi
553 2984 696 3031 esset
718 2976 998 3045 impuritas
1020 2977 1238 3030 visionis
1254 3018 1269 3043 ,
1292 2978 1658 3047 praevaricatio
1685 2987 1862 3031 tamen
1892 2993 1998 3032 non

420 3073 541 3120 erat
564 3067 902 3121 sacramenti.
935 3067 1043 3122 Nos
1073 3084 1199 3123 vero
1228 3068 1353 3136 quid
1375 3069 1695 3139 respondere
1717 3085 1818 3139 pro
1844 3070 2000 3123 nobis

2104 1893 2279 1947 solum
2329 1893 2395 1948 ad
2425 1894 2707 1949 ecclesiam
2753 1910 2860 1948 non
2887 1895 3109 1949 veniunt
3132 1895 3223 1963 qui
3250 1894 3584 1950 Christianos
3630 1909 3694 1948 se

2105 1996 2224 2036 esse
2252 1983 2455 2049 dicunt,
2483 1983 2575 2038 sed
2595 1984 2639 2037 si
2667 1984 2763 2052 qui
2797 1985 2951 2039 inscii
2998 1983 3136 2040 forte
3182 1985 3447 2046 venerint,
3479 1983 3607 2037 dum
3636 1984 3693 2037 in

2103 2074 2218 2144 ipsa
2254 2075 2479 2131 ecclesia
2509 2084 2653 2140 sunt,
2692 2076 2737 2130 si
2766 2077 2920 2131 ludos
2947 2077 3034 2146 agi
3076 2077 3317 2151 audiunt,
3349 2074 3373 2113 δ
3408 2077 3693 2131 ecclesiam

2106 2163 2503 2234 derelinquunt.
2547 2164 2828 2235 Spernitur
2848 2166 2939 2221 Dei
2970 2168 3243 2237 templum,
3271 2176 3329 2222 ut
3352 2176 3596 2222 curratur
3623 2167 3693 2221 ad

2102 2258 2392 2311 theatrum.
2424 2256 2662 2313 Ecclesia
2690 2267 2968 2324 vacuatur,
3010 2259 3183 2315 circus
3224 2258 3491 2328 impletur.
3535 2256 3692 2311 Chri-

2102 2356 2245 2401 stum
2275 2348 2328 2402 in
2358 2349 2550 2403 altario
2579 2348 2912 2414 dimittimus,
2943 2356 3000 2402 ut
3039 2349 3399 2404 adulterantes
3438 2350 3555 2403 visu
3584 2348 3691 2402 im-

2100 2437 2391 2507 purissimo
2444 2438 2631 2492 oeulos
2678 2438 3005 2493 ludicrorum
3058 2438 3293 2507 turpium
3336 2437 3693 2494 fornicatione

2102 2553 2403 2607 pascamus.
2440 2546 2464 2574 °
2514 2536 2710 2593 Postea
2753 2538 2848 2593 sed
2887 2538 3137 2593 videlicet
3180 2538 3272 2606 qui
3298 2538 3692 2608 corrumpimur

2101 2637 2263 2692 rebus
2304 2638 2605 2707 prosperis,
2651 2636 2953 2693 faciendum
2985 2636 3185 2707 aliquid
3225 2637 3277 2693 in
3306 2638 3588 2708 principio.
3619 2637 3691 2693 Et

2103 2736 2223 2791 ideo
2251 2736 2547 2793 rectissime
2575 2735 2643 2792 ad
2671 2752 2770 2797 nos
2798 2737 3058 2793 Dominus
3084 2735 3227 2793 Deus
3258 2734 3424 2791 dicit:
3463 2735 3689 2805 Propter

2100 2838 2400 2908 spurcitiam
2446 2838 2771 2891 exterminari
2798 2838 2919 2890 estis
2946 2837 3268 2890 exla'niiitio.
3314 2834 3382 2889 Et
3424 2850 3634 2889 rursum
3668 2848 3686 2887 :

2101 2932 2613 3000 Exterminabuntur,
2646 2934 2834 3003 inquit,
2863 2950 2973 3013 arce
2997 2933 3153 3000 huius
3172 2934 3322 2987 risus.

2171 3040 2307 3095 Vill.
2348 3039 2454 3095 Sed
2480 3040 2729 3094 videlicet
2755 3038 3066 3107 responderi
3114 3039 3219 3093 hoc
3244 3045 3450 3108 potest,
3481 3053 3589 3093 non
3629 3038 3686 3093 in

420 3159 734 3230 possumus?
762 3158 1025 3214 Tenemus
1069 3160 1366 3230 symbolum
1396 3136 1779 3227 et'evertimu—s,
1801 3172 1856 3216 et
1875 3176 2002 3216 con.
2028 3172 2073 3235 ρ
2105 3139 2352 3195 omnibus
2397 3138 2513 3193 hinc
2558 3137 2921 3193 Romanorum
2959 3136 3179 3191 urbibus
3215 3137 3318 3205 δεῖ·
3349 3136 3545 3191 verum
3576 3144 3682 3191 es"

420 3251 633 3306 fitentur
660 3268 853 3308 munus
879 3253 1066 3308 salutis
1085 3254 1288 3323 pariter
1306 3261 1360 3308 et
1374 3268 1647 3322 negamus.
1672 3254 1748 3310 Ac
1777 3270 1873 3324 per
1896 3257 2001 3312 hoc

420 3342 512 3397 ubi
534 3349 617 3397 est
642 3341 1016 3399 Christianitas
1045 3354 1246 3408 nostra,
1277 3346 1368 3415 qui
1397 3346 1464 3400 ad
1493 3346 1597 3402 hoc
1626 3348 1996 3405 tantummodo

421 3430 446 3471 δ
474 3442 868 3491 sacramentum
895 3436 1081 3493 salutis
1126 3438 1415 3509 accipimus
1461 3445 1520 3492 ut
1566 3441 1770 3509 majore
1807 3449 1993 3510 postea

2104 3238 2282 3293 Etiam
2313 3239 2432 3309 plus
2460 3252 2561 3307 ego
2598 3236 2757 3302 addo,
2803 3252 2872 3291 ne
2901 3236 3008 3291 illic
3033 3237 3248 3305 quidem
3278 3252 3418 3291 nunc
3444 3237 3547 3306 agi,
3589 3236 3682 3291 ubi

2102 3354 2316 3409 semper
2343 3347 2462 3395 acta
2490 3346 2615 3392 sunt
2642 3345 2819 3390 antea.
2850 3336 2968 3391 Non
2994 3336 3136 3391 enim
3164 3337 3269 3391 hoc
3295 3337 3469 3404 agitur
3484 3336 3595 3404 jam
3626 3335 3684 3389 in

2107 3440 2666 3509 ‘Moguntiacensium
2704 3439 2949 3502 civitate;
2989 3434 3084 3492 sed
3126 3438 3251 3506 quia
3298 3437 3477 3492 excisa
3516 3444 3683 3503 atque

1606 3550 1943 3617 STEPHANI
1981 3551 2251 3606 BALUle
2287 3549 2513 3605 NOTAE.

494 3645 519 3675 ⁸
548 3636 604 3709 l_'d
634 3646 748 3709 est,
788 3638 1199 3709 promissionem
1229 3654 1388 3709 quam
1422 3639 1644 3695 facimus
1691 3642 1998 3696 renuntiare

420 3723 520 3761 nos
545 3707 762 3761 diabolo
790 3707 844 3762 et
873 3710 1082 3778 pompis
1111 3710 1246 3777 ejus.
1280 3708 1423 3763 lstud
1456 3710 1627 3778 ipsum
1659 3710 1780 3764 ﬁdei
1810 3710 2001 3764 funda-

420 3785 658 3900 :nentum
686 3785 845 3831 vocat
871 3777 1134 3832 Caesarius
1176 3777 1521 3845 Arelatensis,
1554 3780 1633 3833 uti
1676 3795 1802 3835 mox
1849 3780 1998 3836 dice-

438 3861 629 3900 iamus.

438 3861 629 3903 tamus.

490 3914 517 3953 δ
546 3914 603 3968 ld
632 3921 736 3978 est,
775 3914 1117 3983 baptismum.
1141 3915 1427 3972 Cassianus
1453 3918 1545 3972 lib.
1574 3934 1627 3973 v1
1652 3917 1718 3973 de
1746 3918 1999 3975 lncarna—

420 3986 566 4039 tione
580 3984 810 4057 Domini,
828 4001 946 4055 cap.
972 3985 1036 4039 18
1057 4004 1067 4037 :
1087 3988 1317 4057 Agnosco
1331 3999 1655 4041 sacramenta
1677 3989 1856 4044 salutis
1879 3998 1997 4055 tum,

419 4071 509 4125 per
528 4071 641 4125 qua:
666 4056 970 4128 innovatus,
995 4074 1088 4128 per
1112 4068 1461 4128 qmeirenatus
1489 4074 1560 4111 es.
1593 4057 1795 4113 Cuncta
1822 4068 2001 4113 autem

420 4124 640 4196 peccata
674 4124 724 4177 in
750 4124 1015 4196 baptismo
1043 4124 1245 4185 aboleri
1269 4142 1578 4196 persuasum
1609 4128 1703 4182 fuit
1734 4131 2002 4184 veteribus

419 4192 753 4267 Christianis.
787 4192 863 4250 Ea
907 4195 973 4250 de
999 4211 1177 4267 causa
1220 4192 1460 4252 nonnulli
1489 4198 1806 4267 baptismum
1847 4216 2001 4255 suum

422 4264 738 4335 differebant
758 4281 925 4335 usque
946 4266 1012 4320 ad
1043 4266 1200 4320 linem
1223 4268 1347 4322 vita:
1367 4282 1493 4321 suae.
1524 4264 1674 4335 Quod
1696 4270 1856 4323 etiam
1885 4286 2001 4324 aevo

423 4334 679 4391 Ludovici
700 4334 778 4389 Pii
803 4337 1144 4391 observatum
1167 4336 1328 4391 fuisse
1368 4353 1397 4390 a
1420 4338 1583 4393 Danis
1605 4346 1828 4393 testatur
1848 4340 2003 4393 Item-

422 4413 606 4475 pertus
646 4405 698 4458 in
729 4404 850 4458 Vita
891 4407 1059 4477 sancti
1086 4407 1398 4477 “Anscharii,
1423 4422 1541 4477 cap.
1584 4407 1642 4460 5i
1693 4426 1704 4460 :
1749 4408 2001 4476 Baptismi

422 4483 591 4529 tamen
613 4476 981 4549 susceptionem
1010 4475 1334 4549 di/ferebant,
1356 4476 1451 4530 hoc
1482 4475 1579 4531 sibi
1599 4478 1782 4531 bonum
1807 4480 2000 4549 dijudi-

423 4553 679 4619 canlesut
698 4546 751 4597 in
771 4545 876 4613 fine
898 4548 1013 4619 rita:
1030 4560 1137 4619 sua:
1158 4544 1565 4619 baptizareut'ur;
1587 4556 1830 4619 quatenus
1856 4544 2001 4619 puri-

424 4616 568 4683 ﬁcati
595 4615 799 4684 lavacro
826 4615 1063 4680 salutari,
1090 4616 1204 4684 puri
1235 4623 1283 4668 et
1310 4615 1625 4670 immaculaii
1656 4618 1770 4671 vitae
1796 4615 2001 4673 interna:

422 4682 612 4757 jauugs
639 4682 1019 4757 absquealiqua
1049 4682 1398 4739 retardatione
1420 4686 1692 4757 intrarent.

497 4765 517 4791 ε
553 4753 629 4825 Ex
653 4753 757 4825 hoc
775 4753 942 4808 etiam
955 4756 1074 4810 loco
1099 4763 1249 4825 patet
1270 4763 1478 4809 veteres
1499 4754 1849 4821 Christianos,
1876 4774 1998 4812 cum

425 4824 682 4896 festivitas
723 4823 1395 4893 Ecclesiastica'agebatur,
1427 4826 1673 4881 debuisse
1705 4842 1802 4896 per
1827 4836 1997 4882 totum

424 4894 570 4974 diem
595 4894 853 4974 interesse
876 4897 1159 4974 mysteriis.
1189 4896 1319 4949 Vide
1345 4898 1593 4974 notasad
1633 4894 1824 4950 librum
1852 4897 1999 4966 Ago-

424 4963 577 5034 lyardi
599 4965 665 5017 de
693 4961 976 5034 [insolentia
1002 4963 1322 5030 Iudaeorum,
1341 4980 1459 5034 pag.
1483 4966 1573 5021 20.

497 5032 531 5104 ἀᾼ
548 5031 826 5104 Proprium
842 5032 1059 5104 humani
1081 5034 1276 5100 ingenii
1298 5031 1379 5090 est
1394 5031 1725 5104 potissimum
1747 5035 2000 5092 delectari

424 5102 691 5175 vetitisque
712 5102 991 5175 nocituris,
1008 5104 1238 5175 salubria
1261 5102 1608 5175 contemnere
1629 5114 1681 5160 et
1704 5108 1996 5175 aspernari.

423 5171 704 5245 Clamabat
725 5170 1240 5245 Ecclesiaadversus
1256 5174 1410 5229 ludos
1430 5177 1710 5231 saeculares
1738 5170 1801 5229 ac
1824 5178 2000 5245 puhli-

423 5257 540 5306 eos,
569 5242 760 5315 impios
787 5257 905 5315 esse
936 5243 1074 5315 illos,
1101 5243 1328 5315 ludibria
1367 5246 1481 5315 spei
1510 5254 1724 5310 nostrae,
1756 5242 2000 5314 adeoqu'e

421 5326 530 5366 non
556 5310 751 5367 dooere
776 5310 1107 5367 Christianos
1135 5313 1199 5367 iis
1236 5310 1512 5370 interesse.
1558 5315 1623 5368 Et
1662 5324 1838 5369 tamen
1879 5310 1999 5370 cum

421 5381 767 5450 contingebat
791 5382 983 5436 eodem
1013 5392 1251 5451 tempore
1278 5383 1432 5438 ludos
1456 5387 1738 5440 szeculares
1777 5392 1831 5438 et
1868 5402 2000 5441 con-

422 5460 613 5507 ventus
641 5452 854 5516 divinos
873 5453 985 5519 agi,
1019 5453 1213 5522 templa
1242 5455 1433 5507 summi
1462 5455 1553 5508 Dei
1594 5456 1879 5509 solitudine
1903 5457 2000 5509 de-

422 5530 563 5576 serta
592 5522 760 5577 videri
803 5529 1053 5592 poterant
1077 5524 1548 5592 pnemultitudine
1575 5524 2000 5579 Christianorum

421 5592 511 5658 qui
542 5592 608 5645 ad
637 5593 808 5648 circos
837 5601 891 5646 et
922 5594 1131 5648 theatra
1159 5592 1531 5657 confluebant;
1582 5595 1715 5649 adeo
1756 5604 1815 5648 ut
1841 5597 2004 5649 etiam

425 5660 467 5738 ti
493 5662 1054 5738 quippiamludicrum
1094 5663 1339 5738 eveniret
1383 5663 1596 5738 quando
1625 5665 1852 5738 populus
1891 5674 2005 5719 erat

425 5732 575 5785 intra
593 5732 893 5799 ecclesiam,
918 5735 1167 5788 certatim
1197 5748 1384 5790 omnes
1411 5734 1587 5789 divina
1615 5734 1922 5789 desererent
1948 5745 2004 5788 ut

2102 3642 2304 3695 ludicra
2333 3647 2686 3695 sectarentur.
2718 3638 2793 3693 Ea
2822 3638 2887 3695 de
2916 3653 3075 3693 causa
3104 3638 3275 3692 visum
3306 3645 3388 3693 est
3415 3639 3683 3697 Africanis

2102 3710 2367 3780 episc0pis
2396 3709 2679 3779 petendum
2709 3724 2827 3763 esse
2860 3710 2926 3760 ah
2960 3709 3369 3780 imperatoribus
3394 3718 3450 3761 ut
3475 3719 3682 3776 specta-

2102 3778 2218 3835 cula
2245 3778 2555 3849 theatrorum
2594 3788 2988 3849 ca’tei'orjtmque
3023 3780 3257 3849 ludorum
3297 3778 3380 3831 die
3418 3780 3681 3849 dominica

2102 3852 2178 3905 uel
2205 3852 2403 3905 ceteris
2448 3848 2734 3919 Religionis
2775 3846 3084 3919 Christiana?
3123 3846 3296 3919 diebus
3336 3848 3680 3902 celeberrimis

2104 3930 2454 3999 amoveantur;
2477 3916 2700 3983 maErime
2718 3919 2836 3999 quia
2856 3916 3259 3999 sanctiPasrlia:
3282 3927 3574 3998 celaverunt
3593 3919 3685 3972 die

2140 3990 2277 4061 apuli
2296 3988 2366 4061 ad
2392 3991 2578 4061 circum
2601 3988 2763 4061 magis
2784 4005 2942 4061 quain
2967 3989 3035 4040 ad
3062 3988 3328 4061 ecclesiam
3349 3989 3681 4061 conveniunt.

2130 4056 2365 4129 n'capite
2385 4058 2444 4113 61
2472 4056 2805 4129 collectionis
2835 4057 3113 4111 Africanae.
3138 4056 3304 4129 Immo
3332 4072 3450 4109 cum
3482 4056 3532 4109 id
3562 4072 3681 4110 ma-

2103 4129 2211 4183 lum
2238 4127 2395 4183 nimis
2422 4129 2621 4195 grande
2649 4128 2917 4182 videretur
2940 4129 3135 4181 sanctis
3154 4127 3311 4189 viris,
3337 4141 3547 4194 ptenam
3577 4141 3679 4179 ex-

2102 4199 2604 4254 communicationis
2658 4197 2709 4250 in
2765 4198 2990 4251 concilio
3036 4196 3439 4261 Carthaginensi
3484 4204 3681 4263 quarto

2104 4269 2436 4323 intentarunt
2478 4268 2542 4321 iis
2581 4268 2665 4337 qui
2694 4268 2778 4337 die
2801 4267 3046 4337 solemni,
3078 4266 3422 4337 prmtermisso
3459 4266 3681 4337 solemni

2102 4339 2330 4392 ecclesite
2367 4334 2633 4406 conventu»
2654 4336 2744 4406 _od
2771 4336 3057 4406 spectaculo
3092 4336 3434 4406 convenirent.
3467 4334 3680 4406 Sapue—

2104 4353 2330 4392 ecrtesue
2367 4353 2578 4391 convent
2610 4374 2611 4377 η
2675 4353 2743 4387 aa
2771 4353 3057 4406 specmcum
3092 4353 3434 4387 convenirem.
3467 4353 3680 4402 aupue—

2104 4409 2283 4462 rintne
2310 4416 2432 4477 post
2461 4353 2742 4469 istakfri,
2775 4421 2879 4459 non
2927 4412 3168 4477 constat;
3219 4404 3330 4477 nisi
3369 4403 3511 4477 quod
3556 4418 3680 4477 eum

2106 4478 2194 4531 hic
2249 4472 2529 4531 Salvianus
2570 4476 2851 4528 invehatur
2897 4475 3150 4528 adversus
3190 4473 3451 4542 publicam
3484 4475 3533 4525 in
3574 4472 3682 4529 hoc

2107 4547 2282 4616 capite
2322 4548 2573 4616 omnium
2600 4544 2764 4598 ferme
2791 4542 3210 4598 Christianorum
3242 4543 3519 4605 insaniam,
3548 4558 3681 4616 pro-

2106 4611 2282 4671 babile
2302 4624 2384 4672 est
2411 4617 2478 4670 de
2504 4614 2644 4667 Afris
2665 4629 2877 4683 quoque
2908 4616 3140 4669 locutum
3171 4628 3309 4675 esse,
3341 4627 3476 4680 quos
3502 4611 3683 4683 perdi-

2028 4659 2079 4718 θ
2379 4659 2491 4739 ιιιῶ
2536 4659 2699 4737 fuisse
2739 4659 2971 4751 gr‘aviter
3015 4659 3374 4750 conqueriturI
3403 4683 3455 4735 in
3496 4659 3683 4736 multis

2100 4757 2328 4811 istorum
2362 4756 2616 4809 librorum
2647 4753 2797 4807 locis.
2831 4753 2962 4808 Vide
2987 4753 3253 4807 Sirmondi
3285 4761 3441 4805 notas
3472 4751 3539 4805 ad
3566 4766 3684 4804 ser~

2098 4841 2315 4881 monem
2341 4832 2587 4895 quartum
2608 4839 2913 4895 sermonum
2941 4823 2999 4877 S.
3024 4822 3320 4895 Augustini.

2177 4907 2200 4933 ⁸
2230 4889 2432 4951 Locum
2471 4896 2613 4948 hunc
2645 4908 2763 4947 esse
2789 4894 3027 4946 luxalum
3057 4889 3241 4945 censet
3269 4889 3680 4957 Rittershusius,

2099 4982 2276 5035 neque
2298 4966 2349 5019 id
2371 4964 2581 5033 injuria.
2601 4962 2743 5016 Sane
2757 4966 2964 5017 animus
2983 4972 3100 5035 erat
3122 4964 3219 5016 ista
3242 4963 3490 5035 omittere
3512 4975 3683 5029 usque

2101 5037 2168 5091 ad
2192 5030 2312 5090 'hmc
2340 5030 2502 5090 verba
2530 5036 2585 5087 in
2629 5035 2913 5102 principio,
2964 5034 3065 5087 nisi
3107 5047 3304 5102 magna
3344 5030 3599 5102 codicum
3629 5038 3683 5083 et

2101 5106 2394 5160 editionum
2437 5099 2719 5158 consensio
2767 5099 2852 5156 hic
2889 5110 3048 5156 esset.
3106 5099 3231 5155 nec
3269 5101 3411 5154 enim
3439 5099 3683 5169 profecto

2106 5192 2212 5231 non
2242 5184 2364 5230 sunt
2391 5174 2548 5242 hujus
2573 5172 2697 5225 loci.
2750 5172 2838 5226 Sic
2878 5172 3057 5240 itaque
3085 5171 3305 5226 omnino
3346 5168 3632 5238 legendum
3666 5185 3681 5220 :

2105 5245 2474 5299 Fornicatione
2499 5259 2790 5313 pascamus.
2818 5242 2892 5313 Et
2916 5244 3050 5305 ideo,
3078 5253 3180 5297 etc.

2126 5318 2135 5323 ’
2183 5314 2201 5353 ί
2234 5314 2409 5369 Editio
2438 5309 2770 5367 Brassicani:
2804 5310 2927 5383 Non
2954 5316 3088 5367 enim
3137 5314 3233 5367 hoc
3261 5314 3431 5383 agitur
3452 5380 3461 5383 Α
3468 5310 3583 5381 jam
3626 5309 3683 5363 in

2108 5384 2512 5440 Massiliensium
2551 5384 2781 5453 civitate;
2812 5382 2901 5436 sed
2927 5385 3045 5453 quia
3068 5385 3246 5453 excisa
3292 5380 3342 5436 et
3378 5380 3545 5434 deleta
3582 5387 3682 5432 est.

2106 5457 2224 5519 Quo
2252 5456 2414 5508 etiam
2455 5452 2619 5506 modo
2659 5452 2710 5504 in
2751 5453 2931 5506 multis
2961 5452 3107 5506 libris
3153 5453 3344 5520 legisse
3370 5467 3429 5505 se
3458 5458 3685 5520 testatur

2107 5518 2357 5579 Nicolaus
2369 5523 2613 5578 Serarius
2632 5520 2685 5591 in
2707 5521 2843 5575 libro
2865 5538 2881 5575 ι
2902 5521 3098 5576 Rerum
3121 5518 3602 5591 Moguntiac.,cap.
3631 5518 3682 5570 7.

2108 5593 2283 5648 Editio
2310 5592 2565 5647 Galesinii
2591 5608 2603 5643 :
2626 5589 2753 5663 ﬂon
2774 5593 2915 5663 enim
2938 5592 3033 5645 Izo'c
3055 5588 3351 5663 agitufjant
3370 5592 3429 5663 in
3454 5588 3685 5663 Magyn-

2109 5665 2408 5717 tiacensium
2438 5671 2588 5733 atque
2616 5659 3023 5733 Massiliensium
3038 5658 3267 5733 _ciritaté.
3298 5660 3527 5733 Codices
3554 5658 3683 5713 Cor-

2107 5733 2339 5788 heiensis
2367 5742 2420 5786 et
2450 5729 2786 5785 Colhertinus
2815 5747 2923 5785 non
2966 5731 3162 5816 habent
3204 5746 3363 5786 voces
3391 5729 3508 5784 illas
3536 5740 3692 5799 atque
