4006 6182
307 296 402 352 il'l

1371 286 1460 347 DE
1500 282 2035 348 GUBERNATIONE
2074 283 2185 340 DEI
2224 283 2349 341 LIB.
2393 284 2478 342 Vl.

3472 286 3573 339 138

306 417 478 471 deleta
503 420 608 468 est.
642 411 762 466 Non
784 410 961 479 agitur
989 407 1323 479 Agrippinae;
1354 406 1450 462 sed
1485 405 1611 476 quia
1648 402 1892 458 hostibus
1922 404 1967 459 Α
1996 407 2242 465 sororum,
2297 410 2351 456 et
2400 412 2616 475 propter
2658 406 3069 463 abominatum
3107 420 3235 477 quas
3274 403 3498 475 fecistis;
3532 412 3582 456 et

306 510 486 575 plena.
521 504 647 559 Non
673 503 849 571 agitur
885 503 940 557 in
981 502 1341 556 Treverorum
1380 498 1513 552 urbe
1553 494 1893 551 excellentis-

306 600 468 661 sima;
513 594 612 649 sed
645 595 774 663 quia
813 592 1151 663 quadruplici
1179 598 1261 645 est
1288 589 1567 643 eversione
1602 593 1890 655 prostrata.

307 687 421 744 Non
469 686 650 753 agitur
667 684 900 752 denique
928 682 985 737 in
1028 682 1269 751 plurimis
1295 679 1450 751 124
1470 679 1758 732 Galliarum
1799 691 1892 729 ur-

306 778 462 832 bibus
490 785 546 831 et
566 775 964 844 Hispaniarum.
995 773 1061 827 Et
1096 773 1221 827 ideo
1246 786 1324 826 vce
1354 772 1509 825 nobis
1534 778 1696 838 atque
1725 768 1899 836 impu-

306 868 559 923 ritatibus
585 866 801 926 nostris,
833 880 911 918 va:
932 864 1087 918 nobis
1112 872 1272 931 atque
1289 859 1658 930 iniquitatibus
1676 858 1898 915 nostris!

308 960 438 1026 Qure
475 973 605 1027 spes
630 953 947 1009 Christianis
971 954 1212 1025 plebibus
1243 960 1366 1006 ante
1390 952 1559 1006 Deum
1596 957 1696 1014 est,
1727 962 1898 1017 quan-

306 1050 597 1120 doquidem
628 1065 696 1103 ex
737 1046 829 1103 illo
856 1057 1100 1117 tempore
1138 1048 1191 1099 in
1233 1046 1453 1100 urbibus
1501 1042 1758 1097 Romanis
1788 1041 1899 1095 luce

306 1146 446 1199 mala
471 1162 581 1199 non
610 1153 756 1207 sunt,
786 1160 851 1197 ex
882 1159 988 1212 quo
1019 1144 1071 1196 in
1103 1142 1456 1196 Barbarorum
1496 1139 1615 1208 jure
1646 1153 1763 1193 esse
1785 1151 1898 1191 ca:-

305 1239 543 1308 perunt?
587 1238 667 1292 Ac
710 1253 806 1306 per
843 1237 946 1291 hoc
982 1236 1246 1290 vitiositas
1292 1242 1345 1287 et
1375 1242 1403 1270 α
1431 1232 1709 1301 imperitas
1747 1228 1901 1298 quasi

305 1330 639 1398 germanitas
690 1328 930 1397 quaedam
979 1336 1061 1382 est
1109 1326 1471 1379 Romanorum
1520 1324 1795 1378 hominum
1847 1326 1903 1375 et

305 1418 459 1487 quasi
489 1433 645 1471 mens
673 1429 835 1485 atque
865 1426 1074 1481 natura,
1105 1416 1230 1485 quia
1253 1415 1322 1468 ibi
1351 1413 1617 1484 przecipue
1634 1414 1759 1467 vitia
1783 1412 1902 1465 ubi-

306 1525 529 1578 cunque
573 1508 823 1563 Romani.
870 1507 977 1563 Sed
1024 1508 1201 1577 gravis
1230 1515 1312 1561 est
1334 1505 1558 1560 forsitan
1599 1506 1711 1560 lucc
1740 1512 1901 1572 atque

303 1602 487 1671 iniqua
520 1602 860 1671 conquestio.
886 1599 1079 1655 Gravis
1104 1598 1366 1670 profecto,
1408 1598 1455 1652 si
1488 1596 1639 1653 falsa.
1673 1595 1741 1649 At
1767 1610 1903 1664 quo-

302 1695 491 1759 modo,
549 1694 747 1762 inquis,
793 1692 1068 1762 quomodo
1097 1706 1204 1746 non
1255 1689 1416 1753 falsa,
1466 1704 1586 1744 cum
1635 1689 1688 1741 in
1716 1686 1903 1758 paucis

1998 492 2142 562 facta
2170 502 2247 546 est
2266 502 2402 547 terra
2431 504 2595 550 nstra
2623 498 2679 551 in
2706 498 3069 554 desolationem
3090 507 3141 551 et
3164 506 3423 565 stuporem
3450 502 3501 546 et
3526 495 3581 545 in

1996 580 2328 635 maledictum
2358 582 2571 653 (Jerem.
2603 602 2747 652 ιιιν,
2779 587 2867 655 Si,
2888 587 3010 658 29).
3044 585 3147 642 Per
3174 587 3288 641 lucc
3316 598 3445 654 ergo
3469 583 3582 653 jam

1998 667 2205 723 factum
2231 679 2332 737 est,
2367 681 2425 727 ut
2446 674 2618 744 major
2644 693 2769 747 pars
2790 677 3016 733 Romani
3045 678 3193 733 orbis
3220 679 3272 732 in
3301 676 3586 733 desolatio~

1999 774 2120 813 nem
2144 770 2287 815 esset
2313 769 2367 816 et
2395 764 2448 818 in
2471 773 2744 835 stuporem
2774 778 2830 822 et
2856 770 2908 823 in
2938 770 3298 825 maledictum.

2070 849 2161 904 1X.
2201 850 2377 922 Atque
2406 856 2610 911 utinam
2639 868 2757 913 acta
2800 861 3170 915 tantummodo
3210 860 3355 928 prius
3383 864 3582 920 essent.

1999 954 2056 1000 et
2083 960 2243 1014 agere
2272 948 2384 1003 [nec
2429 948 2673 1006 Romana
2705 954 2969 1008 vitiositas
3010 954 3299 1021 aliquando
3327 951 3583 1007 cessaret!

2001 1036 2269 1102 Forsitan,
2300 1051 2360 1095 ut
2386 1043 2646 1113 scriptum
2677 1054 2779 1110 est,
2814 1047 3199 1117 propitiaretur
3228 1046 3367 1100 Deus
3394 1060 3587 1115 pecca-

2000 1130 2070 1183 tis
2099 1132 2310 1214 nostris.
2344 1133 2449 1187 Sed
2480 1151 2815 1206 nequaquam
2841 1140 2913 1193 ita
2928 1141 3151 1208 agimus,
3171 1149 3227 1193 ut
3249 1138 3585 1209 propitictur.

2002 1219 2140 1275 Mala
2170 1225 2313 1278 enim
2354 1227 2743 1284 incessabiliter
2777 1234 2931 1285 malis
2960 1234 3224 1295 addimus,
3257 1241 3311 1285 et
3359 1231 3592 1300 peccatis

2002 1322 2226 1380 peccata
2255 1319 2621 1385 cumulamus;
2652 1331 2706 1375 ct
2727 1339 2846 1377 cum
2880 1324 3108 1378 maxima
3142 1325 3307 1377 nostri
3340 1324 3590 1393 parsjam

2002 1404 2242 1472 perierit,
2276 1408 2327 1462 id
2357 1412 2563 1478 agimus
2589 1423 2649 1467 ut
2682 1430 2965 1483 pereamus
3012 1432 3220 1470 omnes.
3252 1415 3403 1482 Quis,
3436 1430 3590 1483 rogo,

2003 1498 2235 1555 interfici
2265 1502 2495 1557 alterum
2536 1504 2690 1573 juxta
2720 1522 2779 1561 se
2816 1508 2979 1572 videt,
3010 1516 3063 1562 et
3093 1509 3205 1577 ipse
3233 1524 3340 1561 non
3370 1506 3595 1560 uetuit?

2003 1588 2137 1655 Quis
2165 1590 2383 1645 domum
2414 1594 2577 1648 vicini
2606 1598 2688 1650 sui
2719 1597 2908 1651 ardere
2945 1598 3137 1662 cernit,
3173 1607 3229 1651 et
3254 1612 3361 1651 non
3382 1598 3595 1651 elliceru

2004 1682 2255 1736 omnibus
2276 1685 2452 1740 modis
2482 1687 2669 1742 nititur
2696 1704 2763 1742 ne
2791 1690 2904 1758 ipse
2934 1690 3180 1744 incendio
3200 1690 3597 1744 concremetur!

302 1800 450 1838 nunc
480 1784 651 1838 ferme
680 1783 938 1837 Romanis
962 1782 1184 1837 urbibus
1214 1778 1345 1835 fiant
1372 1780 1472 1836 ista
1500 1794 1621 1849 qua:
1649 1778 1898 1842 diximus,
1934 1776 1979 1834 Β
2007 1773 2115 1829 Nos
2144 1790 2250 1829 non
2297 1775 2325 1814 δ
2356 1778 2567 1834 vicinos
2596 1788 2810 1836 nostros
2857 1790 3067 1835 tantum
3116 1782 3305 1836 ardere
3342 1782 3595 1848 vidimus,

303 1876 579 1945 plurimas
626 1882 803 1928 autem
844 1872 955 1942 jam
1002 1874 1190 1928 harum
1234 1873 1602 1942 impuritatum
1640 1869 1760 1925 labe
1795 1885 1904 1924 non

302 1968 507 2039 pollui;
542 1967 633 2021 ubi
673 1966 803 2021 licet
827 1966 935 2021 sint
982 1965 1101 2020 loca
1132 1965 1247 2034 ipsa
1288 1978 1354 2019 ac
1392 1962 1663 2017 domicilia
1705 1959 1906 2016 erroris

300 2059 545 2127 antiqui,
580 2072 920 2127 nequaquam
962 2065 1142 2111 tamen
1185 2064 1418 2124 aguntur
1464 2055 1553 2108 illa
1600 2068 1719 2121 qua:
1759 2053 1907 2122 prius

299 2159 429 2202 acta
450 2156 599 2202 sunt.
632 2147 1091 2202 Considerandum
1121 2160 1250 2214 ergo
1279 2154 1564 2213 utrumque
1592 2152 1691 2208 est,
1725 2144 1776 2197 id
1801 2149 1902 2209 est,

298 2241 434 2311 quid
462 2241 536 2294 sit
563 2240 709 2309 quod
744 2239 920 2294 adhuc
959 2240 1079 2294 loca
1110 2239 1223 2309 ipsa
1252 2253 1316 2292 ac
1354 2236 1646 2291 diversoria
1676 2234 1908 2289 ludicro—

300 2346 433 2386 rum
462 2331 595 2393 sint,
629 2329 833 2385 ludicra
861 2338 1041 2383 autem
1072 2344 1190 2382 esse
1218 2327 1575 2382 cessaverint.
1595 2324 1734 2380 Loca
1765 2326 1906 2379 enim

300 2434 361 2478 et
396 2422 715 2477 habitacula
743 2420 1133 2490 turpitudinum
1174 2418 1375 2473 idcirco
1404 2417 1580 2471 adhuc
1606 2423 1751 2478 sunt,
1782 2415 1907 2483 quia

299 2514 415 2568 illic
443 2514 657 2582 impura
685 2511 861 2565 omnis
899 2511 1045 2580 prius
1082 2518 1200 2564 acta
1230 2516 1371 2562 sunt.
1421 2507 1574 2561 Nunc
1603 2514 1781 2561 autem
1823 2506 1902 2559 lu-

299 2607 457 2660 dicra
489 2605 606 2673 ipsa
640 2603 759 2658 ideo
790 2618 895 2655 non
925 2609 1170 2668 aguntur,
1203 2599 1326 2669 quia
1356 2600 1438 2665 agi
1465 2598 1576 2667 jam
1606 2613 1715 2667 prie
1743 2597 1909 2651 mise-

299 2697 383 2750 ria
429 2695 690 2764 temporis
736 2702 899 2761 atque
936 2698 1172 2760 egestate
1213 2707 1321 2745 non
1374 2698 1620 2760 possunt.
1666 2688 1734 2742 Et
1788 2689 1909 2744 ideo

300 2788 456 2858 quod
498 2788 651 2858 prius
689 2794 870 2840 actum
899 2794 1001 2850 est,
1051 2784 1359 2853 vitiositatis
1406 2783 1535 2847 fuit;
1583 2782 1726 2850 quod
1764 2796 1912 2837 nunc

302 2896 423 2934 non
444 2879 641 2944 agitur,
674 2877 1031 2931 necessitatis.
1055 2874 1346 2931 Calainitas
1373 2877 1515 2929 enim
1540 2875 1651 2929 ﬁsci
1680 2883 1733 2929 et
1760 2889 1915 2929 men-

300 2974 504 3027 dicitas
529 2971 642 3039 jam
672 2969 901 3024 Romani
931 2968 1105 3022 aerarii
1136 2984 1242 3022 non
1273 2968 1417 3028 sinit,
1443 2975 1502 3021 ut
1523 2967 1720 3036 ubique
1743 2967 1795 3021 in
1824 2982 1913 3022 res

300 3065 627 3133 nugatorias
674 3062 898 3133 perdita:
941 3060 1332 3131 profundantur
1383 3076 1648 3130 expensas
1683 3058 1912 3113 Pereunt

2006 1864 2099 1918 sed
2130 1865 2233 1934 ipsi
2258 1865 2369 1935 jam
2400 1883 2466 1923 ex
2508 1871 2741 1924 maxima
2772 1879 3078 1926 nostrorum
3122 1888 3411 1942 corporum
3445 1882 3596 1942 parte

2006 1958 2254 2013 arsimus.
2288 1958 2356 2013 Et
2383 1960 2513 2030 quid
2542 1963 2663 2029 hoc,
2688 1964 2824 2033 proh
2850 1965 3017 2031 nefas,
3048 1965 3175 2019 mali
3206 1966 3595 2031 est?Arsimus,

2007 2049 2268 2114 ursimus;
2300 2062 2355 2105 et
2384 2060 2563 2107 tamen
2588 2051 2831 2109 ﬂammas
2859 2056 3053 2123 quibus
3076 2056 3186 2124 jam
3218 2057 3463 2121 ursimus,
3490 2070 3596 2111 non

2008 2139 2278 2197 timemus.
2302 2142 2434 2197 Nam
2455 2145 2603 2214 quod
2622 2162 2727 2200 non
2758 2148 2973 2216 ubique,
3006 2156 3064 2202 ut
3091 2149 3220 2215 dixi,
3238 2157 3465 2217 agantur
3480 2164 3597 2220 qua:

2005 2231 2156 2300 prius
2183 2241 2301 2288 acta
2329 2243 2481 2300 sunt,
2506 2238 2737 2292 miserias
2782 2247 2864 2293 est
2901 2239 3249 2305 beneﬁcium,
3298 2242 3459 2311 126
3491 2257 3600 2296 non

2008 2325 2321 2395 disciplinae.
2340 2327 2581 2399 Denique
2606 2330 2763 2386 facile
2784 2331 2889 2387 hoc
2915 2334 3105 2402 probo.
3132 2334 3205 2387 Ba
3236 2334 3377 2388 enim
3406 2334 3598 2404 prioris

2010 2418 2270 2485 temporis
2297 2426 2516 2485 statum,
2544 2430 2599 2474 et
2626 2422 2806 2475 statim
2838 2423 3036 2491 ubique
3064 2432 3189 2477 sunt
3215 2439 3335 2493 qum
3362 2425 3596 2480 fuerunt.

2009 2505 2138 2564 Plus
2165 2509 2335 2575 addo;
2359 2519 2622 2580 quantum
2653 2513 2718 2566 ad
2748 2521 2873 2568 vota
2905 2514 3182 2568 hominum
3211 2518 3465 2586 pertinet,
3500 2517 3599 2573 etsi

2004 2597 2117 2667 jam
2147 2615 2255 2655 non
2278 2602 2476 2669 ubique
2497 2609 2642 2667 sunt,
2671 2605 2869 2673 ubique
2890 2605 3062 2660 adhuc
3082 2616 3226 2672 sunt,
3250 2604 3375 2676 quia
3406 2608 3601 2676 ubique

2011 2705 2076 2745 ea
2105 2693 2335 2762 populus
2384 2694 2543 2749 vellet
2571 2711 2690 2750 esse
2720 2696 3012 2752 Romanus.
3043 2697 3177 2752 Cum
3213 2700 3354 2753 enim
3403 2700 3471 2753 ab
3499 2700 3602 2754 ho-

2010 2783 2156 2837 mine
2184 2784 2324 2838 mala
2372 2800 2458 2840 res
2488 2787 2600 2840 sola
2632 2789 2957 2843 necessitate
2987 2806 3093 2843 non
3124 2791 3329 2859 agitur,
3363 2791 3474 2860 ipsa
3522 2792 3602 2847 rei

2013 2877 2185 2947 turpis
2220 2877 2486 2947 cupiditas
2531 2896 2629 2949 pro
2683 2882 2898 2936 actione
2927 2883 3232 2938 damnatur.
3272 2883 3437 2949 Nam,
3466 2884 3603 2938 sicut

2010 2966 2141 3031 dixi,
2179 2967 2331 3036 juxta
2364 2968 2573 3022 Domini
2602 2972 2772 3025 nostri
2798 2972 2997 3027 dictum
3033 2991 3045 3026 :
3083 2971 3181 3037 Qui
3221 2976 3484 3028 mulierem
3531 2976 3606 3029 vi-

2014 3058 2146 3112 derit
2173 3059 2244 3111 ad
2271 3062 2754 3131 concupiscendum,
2788 3080 2902 3116 rcus
2927 3076 3003 3118 est
3031 3066 3274 3119 adulterii
3295 3067 3453 3120 corde
3478 3083 3605 3121 con-

302 3159 489 3212 adhuc
517 3155 812 3225 quamlibet
835 3154 1023 3217 multa,
1040 3162 1095 3206 et
1122 3152 1275 3221 quasi
1306 3152 1358 3205 in
1380 3167 1592 3206 ccenum
1622 3150 1911 3221 projician~
1936 3140 1983 3203 C
2014 3149 2143 3218 cepti
2174 3148 2387 3218 (Matth.
2412 3166 2464 3218 v,
2487 3150 2609 3221 28),
2643 3152 2944 3222 intelligere
2969 3171 3256 3225 possumus
3281 3157 3411 3225 quid
3439 3158 3604 3211 etiam

302 3258 429 3312 tur;
459 3246 556 3301 sed
586 3244 747 3300 modo
778 3254 957 3299 tamen
986 3244 1164 3314 perire
1203 3242 1314 3312 jam
1345 3250 1490 3297 tanta
1531 3258 1637 3296 non
1683 3249 1906 3311 queunt,

304 3342 438 3411 quia
470 3356 579 3395 non
609 3347 737 3393 sunt
764 3344 914 3391 tanta
944 3352 1064 3405 quae
1091 3332 1335 3406 pereant.
1387 3336 1520 3390 Nam
1547 3345 1807 3404 quantum
1841 3334 1911 3389 ad

303 3442 499 3488 votum
530 3441 731 3487 nostrze
761 3430 994 3484 libidinis
1023 3439 1184 3498 atque
1213 3428 1585 3499 impurissime
1600 3427 1906 3496 voluptatis,

306 3532 626 3593 optaremus
653 3519 897 3591 profecto
928 3520 1012 3575 vel
1042 3518 1115 3573 ad
1138 3520 1241 3575 hoc
1273 3518 1640 3572 tantummodo
1669 3517 1786 3587 plus
1814 3518 1912 3572 ba-

308 3615 472 3681 bere,
512 3621 575 3668 ut
616 3627 900 3684 possemus
928 3611 979 3666 in
1032 3611 1137 3667 hoc
1176 3610 1519 3681 turpitudinis
1561 3609 1730 3664 lutum
1756 3609 1910 3679 plura

309 3716 653 3761 convertere.
678 3702 745 3756 Et
765 3718 855 3757 res
882 3702 1078 3772 probat
1096 3709 1297 3770 quanta
1327 3699 1607 3770 prodigere
1631 3700 1908 3766 vellemus,

309 3798 356 3854 si
385 3797 629 3867 opulenti
675 3810 918 3851 essemus
955 3810 1020 3849 ac
1055 3793 1352 3865 splendidi,
1390 3795 1549 3865 125
1572 3808 1693 3847 cum
1723 3794 1908 3863 prodi-

312 3903 503 3958 gamus
531 3897 682 3943 tanta
712 3888 963 3942 mendici.
998 3886 1073 3940 Ea
1104 3894 1187 3941 est
1215 3886 1358 3940 enim
1387 3885 1534 3940 labes
1569 3885 1908 3954 praesentium

313 3998 523 4037 morum
553 3990 720 4051 atque
764 3981 1019 4051 perditio,
1049 3987 1108 4034 ut
1128 3995 1247 4035 cum
1272 3979 1384 4047 jam
1412 3995 1521 4033 non
1552 3979 1749 4033 habeat
1773 3994 1909 4048 pau-

315 4081 494 4144 pertas
522 4074 670 4142 quod
698 4074 865 4143 possit
896 4071 1140 4141 perdere,
1174 4072 1348 4126 adhuc
1377 4078 1556 4125 tamen
1596 4071 1726 4124 velit
1753 4072 1912 4126 vitio-

315 4168 443 4222 sitas
473 4165 595 4237 plus
623 4167 820 4237 perire.
865 4165 981 4219 Non
1010 4173 1095 4219 est
1129 4178 1258 4233 ergo
1287 4165 1431 4234 quod
1477 4165 1709 4219 blandiri
1756 4166 1911 4221 nobis

316 4258 517 4328 aliquid
565 4258 620 4312 in
663 4257 768 4311 hac
818 4262 972 4326 parte
1009 4257 1307 4325 possimus,
1348 4264 1407 4310 ut
1442 4256 1682 4311 dicamus
1719 4273 1824 4312 non
1856 4259 1911 4313 in

317 4350 565 4403 omnibus
606 4363 750 4402 nunc
780 4347 1002 4401 urbibus
1044 4347 1128 4415 agi
1172 4347 1262 4401 illa
1290 4362 1411 4416 quae
1438 4348 1586 4417 prius
1614 4356 1731 4401 acta
1762 4355 1906 4402 sunt.

319 4437 438 4494 Ideo
466 4439 613 4494 enim
653 4454 760 4492 non
802 4439 855 4492 in
885 4438 1134 4493 omnibus
1157 4437 1267 4507 jam
1308 4447 1568 4505 aguntur,
1597 4440 1719 4507 quia
1751 4440 1910 4494 urbes

321 4532 404 4587 ubi
431 4532 733 4600 agebantur
760 4529 870 4594 illo,
896 4528 1009 4597 jam
1049 4545 1155 4583 non
1186 4538 1341 4596 sunt;
1373 4538 1428 4583 et
1457 4530 1543 4583 ubi
1573 4530 1790 4597 quidem
1813 4531 1904 4585 diu
1936 4518 1982 4577 Ῑ)

320 4630 435 4677 acta
461 4629 610 4686 sunt,
644 4622 699 4676 id
747 4620 1044 4676 effecerunt
1090 4630 1149 4675 ut
1172 4621 1263 4676 ubi
1295 4622 1382 4675 illa
1428 4622 1756 4690 agebantur,
1788 4639 1907 4679 esse

321 4731 422 4770 non
446 4716 675 4786 possint;
706 4714 974 4786 sicutipse
996 4715 1137 4770 Deus
1176 4714 1241 4769 ad
1270 4716 1811 4784 peccatoreslocutus
1823 4725 1907 4771 est

320 4820 413 4875 per
437 4807 760 4877 prophetam
780 4847 793 4871 ,
823 4806 950 4874 quia
979 4807 1161 4860 liorum
1193 4806 1491 4860 recordatus
1520 4818 1597 4861 est
1624 4807 1902 4874 Dominus,

321 4908 367 4970 et
389 4900 644 4962 ascendit,
675 4899 865 4967 inquit,
899 4915 1051 4969 super
1078 4916 1169 4953 cor
1194 4900 1325 4969 ejus,
1355 4908 1409 4952 et
1434 4917 1538 4953 non
1568 4901 1902 4970 poterat'Do-

312 4968 479 5043 ’κῖκυς
526 4990 668 5043 ultra
714 4999 922 5060 portare
949 4968 1158 5060 propter
1194 4968 1446 5044 malitiam
1492 4968 1789 5047 studiorum:
1824 5012 1908 5049 re-

2011 3240 2058 3294 si
2087 3255 2173 3294 res
2203 3250 2386 3310 turpes
2414 3252 2577 3312 atque
2615 3243 2949 3299 dannzahilcs
2988 3249 3309 3302 necessitate
3335 3263 3445 3302 non
3493 3248 3606 3317 agi-

2011 3346 2148 3395 mus,
2182 3349 2280 3402 pro
2312 3334 2424 3403 ipsa
2455 3343 2635 3390 tamen
2665 3352 2844 3391 rerum
2878 3338 3111 3407 turpium
3140 3339 3418 3394 voluntate
3454 3339 3608 3393 dam-

2010 3435 2220 3476 namur.
2247 3422 2315 3476 Et
2335 3424 2463 3490 quid
2493 3424 2667 3478 dicam
2696 3426 2765 3481 de
2800 3426 3114 3482 voluntate?
3141 3444 3329 3483 omnes
3357 3430 3470 3483 haec
3501 3429 3607 3483 fer-

2011 3530 2117 3580 me,
2143 3530 2266 3570 cum
2307 3526 2552 3586 possunt,
2576 3527 2762 3588 agunt.
2796 3520 3034 3590 Denique
3062 3523 3347 3591 cujuslibet
3373 3524 3605 3578 civitatis

2004 3605 2202 3667 incolae
2244 3607 2558 3663 Ravennam
2600 3618 2693 3665 aut
2740 3610 2967 3665 Romam
2997 3614 3280 3680 venerint,
3329 3629 3452 3683 pars
3479 3624 3606 3669 sunt

2013 3697 2271 3755 Romana:
2291 3701 2463 3771 plebis
2492 3703 2545 3771 in
2575 3704 2739 3769 circo,
2759 3719 2884 3774 pars
2912 3714 3037 3761 sunt
3065 3707 3249 3777 populi
3279 3706 3609 3765 Ravennatis

2012 3793 2066 3847 in
2092 3794 2321 3849 theatro.
2351 3796 2426 3851 Ac
2452 3812 2549 3866 per
2573 3797 2679 3852 hoc
2708 3813 2871 3853 nemo
2895 3815 2955 3855 se
2977 3799 3097 3855 loco
3125 3809 3220 3855 aut
3243 3801 3491 3857 absentia
3513 3816 3609 3857 ex-

2011 3897 2258 3943 cusatum
2289 3899 2462 3960 putet.
2482 3890 2682 3947 Omnes
2709 3893 3043 3963 turpitudine
3063 3911 3242 3950 rerum
3264 3912 3431 3950 unum
3460 3906 3611 3960 sunt,

2011 3979 2103 4046 qui
2133 3980 2233 4033 sibi
2265 3996 2441 4034 rerum
2472 3983 2710 4051 turpium
2738 3984 3016 4039 voluntate
3044 3987 3338 4041 sociantur.
3370 3985 3436 4040 Et
3464 3987 3609 4041 blan-

2012 4071 2190 4126 dimur
2217 4073 2375 4127 nobis
2404 4074 2626 4143 insuper
2653 4074 2720 4129 de
2750 4076 3019 4145 probitate
3044 4092 3276 4142 morum,
3307 4077 3610 4131 blandimur

2011 4165 2168 4219 nobis
2214 4164 2282 4220 de
2337 4166 2725 4236 turpitudinum
2768 4169 3025 4222 raritate?
3054 4166 3167 4235 Ego
3197 4168 3427 4237 amplius
3465 4167 3607 4234 dion,

2010 4272 2119 4312 non
2150 4258 2323 4311 solum
2353 4258 2437 4325 agi
2468 4274 2610 4313 nunc
2636 4259 2753 4313 illas
2795 4258 3120 4312 ludicrorum
3153 4258 3426 4313 infamium
3459 4260 3609 4314 labes

2011 4362 2129 4417 quae
2158 4349 2306 4418 prius
2333 4358 2467 4403 actin
2495 4357 2640 4412 sunt,
2664 4348 2757 4403 sed
2777 4348 3120 4403 criminosius
3145 4349 3317 4404 multo
3333 4350 3416 4417 agi
3447 4364 3607 4418 quam

2010 4443 2164 4512 prius
2204 4452 2339 4497 actm
2377 4450 2520 4496 sunt.
2554 4442 2705 4497 Tunc
2732 4443 2875 4497 enim
2929 4441 3138 4510 integra
3185 4441 3423 4497 Romani:
3462 4442 3609 4496 orbis

2012 4534 2252 4587 membra
2284 4532 2567 4598 ﬂorebant,
2593 4542 2819 4601 angusta
2848 4550 2966 4589 esse
2998 4535 3191 4589 horrea
3223 4535 3447 4603 publicae
3474 4548 3607 4604 opes

2014 4625 2277 4688 fecerant,
2311 4634 2624 4680 cunctarum
2646 4625 2856 4679 urbium
2888 4626 3034 4680 cives
3063 4625 3261 4679 divitiis
3300 4638 3365 4679 ac
3401 4622 3608 4679 deliciis

2014 4718 2334 4780 aﬂ'suebant;
2367 4719 2456 4772 vix
2509 4726 2725 4788 poterat
2773 4718 3047 4787 religionis
3100 4718 3423 4784 auctoritas,
3466 4717 3610 4771 inter

2013 4817 2220 4864 tantam
2251 4826 2430 4864 rerum
2459 4808 2888 4872 exuberantiam,
2937 4824 3159 4863 morum
3188 4817 3375 4863 tenere
3415 4823 3608 4864 censu-

2013 4917 2149 4955 ram.
2185 4900 2552 4955 Pasccbantur
2577 4898 2793 4969 quidem
2816 4907 2944 4955 tunc
2971 4900 3169 4970 passim
3200 4900 3251 4954 in
3283 4900 3415 4955 locis
3441 4899 3610 4969 pluri-

2013 4996 2114 5051 mis
2130 5004 2377 5050 auctores
2391 4994 2623 5065 turpium
2636 4988 2993 5064 voluptatum,
3020 4994 3115 5050 sed
3142 4995 3299 5065 plena
3320 5008 3385 5049 ac
3410 4992 3609 5048 referta

1498 5124 1834 5181 STEPHANI
1874 5127 2147 5184 BALUZII
2184 5125 2413 5183 ΝΟΤᾸΞ.

324 5243 744 5299 Massiliensium.
777 5239 1209 5313 Saneimendum
1256 5241 1342 5296 hic
1394 5241 1612 5297 subesse
1652 5243 1907 5313 suspicati

324 5324 438 5367 sunt
460 5316 560 5368 viri
581 5314 753 5378 docti,
775 5313 917 5380 quod
940 5312 1065 5366 huic
1085 5312 1297 5366 lectioni
1319 5321 1578 5380 repugnet
1598 5313 1904 5379 Salvianus,

325 5386 407 5451 qni
435 5400 501 5438 eo
531 5386 650 5437 loco
681 5383 918 5450 loquitur
945 5384 997 5435 in
1025 5383 1300 5450 singulari.
1329 5381 1592 5437 Praeterea
1626 5385 1774 5437 locus
1798 5401 1907 5438 non

326 5464 433 5508 erat
460 5454 653 5521 agendi
683 5453 752 5507 de
780 5452 1032 5515 Massilia,
1062 5469 1222 5520 tinam
1252 5467 1414 5507 nemo
1451 5454 1688 5522 prodidit
1714 5454 1909 5509 barba-

323 5540 493 5577 rorum
514 5524 822 5579 incursione
844 5530 954 5575 tum
979 5522 1138 5575 fuisse
1160 5530 1444 5577 vastatam.
1468 5524 1531 5577 Et
1556 5524 1673 5579 licet
1701 5533 1907 5580 vastata

321 5593 516 5658 fuisset,
547 5610 646 5649 cur
664 5609 784 5648 eam
809 5594 949 5646 inter
976 5595 1133 5645 urbes
1153 5592 1453 5647 Germania:
1478 5604 1539 5647 et
1556 5593 1781 5659 Belgicae
1808 5610 1906 5649 no—

324 5667 571 5735 plateret,
620 5672 730 5735 tam
758 5663 943 5735 procul
975 5678 1007 5716 a
1032 5664 1419 5735 Narbonensi?
1452 5664 1543 5718 Vir
1580 5664 1906 5735 clarissimus

324 5732 613 5792 Hadrianus
642 5732 885 5789 Valesius
906 5735 1005 5788 ista
1028 5733 1331 5802 intelligens
1360 5736 1517 5790 admo
1559 5745 1608 5789 et
1633 5752 1729 5805 pro
1758 5733 1904 5797 llas-

2015 5242 2299 5298 siliensium
2340 5242 2622 5311 legendum
2666 5258 2785 5299 esse
2817 5243 3227 5300 Bassilicnsium.
3257 5243 3389 5312 Qua:
3416 5245 3609 5300 civitas

2016 5324 2101 5369 est
2130 5315 2181 5366 in
2212 5314 2488 5376 Rauracis,
2522 5313 2808 5382 Moguntina
2834 5318 2995 5385 paulo
3030 5316 3270 5370 vicinior.
3306 5314 3606 5369 Probabilis

2013 5385 2358 5453 coajectura,
2392 5385 2492 5439 nisi
2519 5394 2763 5439 veterum
2804 5387 3051 5441 codicum
3091 5386 3380 5441 auctoritas
3420 5385 3507 5441 hic
3535 5387 3604 5440 de

2013 5455 2127 5509 sola
2158 5454 2428 5521 Moguntia
2452 5454 2536 5521 agi
2558 5455 2797 5510 doceret.

2086 5534 2112 5561 ⁸
2142 5524 2325 5579 Codex
2353 5524 2613 5586 Colhcrt.,
2645 5528 2909 5593 infinitas.

2085 5594 2112 5633 δ
2142 5594 2196 5648 Id
2227 5604 2327 5658 est,
2363 5595 2644 5650 Treveros.
2680 5595 2814 5651 Hinc
2841 5611 2971 5665 ergo
2996 5593 3265 5663 colligitur
3291 5592 3604 5652 Salvianuul

2011 5681 2119 5723 non
2151 5666 2312 5721 fuisse
2331 5666 2504 5733 patria
2527 5666 2931 5721 Treverensern.
