4006 6182
418 291 523 348 “9
1356 288 1413 347 S.
1456 289 1769 347 SALVIANI
1808 284 2267 343 MASSILIENSIS
2315 286 2740 345 PRESBYTER!
2885 314 2909 325 ο
3592 292 3694 348 ηο

417 413 574 462 erant
614 405 815 460 omnia.
848 404 1016 459 Nemo
1045 411 1284 475 sumptus
1331 404 1410 459 rei
1439 403 1663 475 publica:
1712 400 1999 471 cogitabat,
2030 402 2079 460 Α
2108 399 2322 467 luisset,
2351 403 2454 458 nisi
2492 405 2758 461 rationem
2786 405 3167 463 misericordia:
3203 410 3506 465 severitatis
3558 415 3691 469 ratio

417 511 579 551 nemo
598 496 893 566 dispendia,
921 496 1048 565 quia
1077 512 1185 551 non
1212 496 1543 551 sentiebatur
1568 512 1824 567 expensa.
1855 497 2005 563 ρυω-
2106 490 2340 547 vicissct.
2375 491 2525 549 Unus
2544 495 2687 550 enim
2717 496 2961 553 incautus
2987 500 3168 568 periit,
3201 516 3269 555 ne
3302 502 3456 557 multi
3485 518 3581 572 per
3602 505 3688 559 itt-

416 586 571 642 rebat
598 587 993 657 quodammodo
1038 588 1153 656 ipsa
1199 602 1288 642 res
1333 587 1576 658 publica,
1607 588 1699 643 ubi
1751 588 2003 658 perderet
2103 582 2368 638 cautelam
2390 592 2577 654 postea
2597 584 2924 656 deperirent.
2942 587 3005 642 Et
3023 590 3150 660 quid
3165 588 3232 645 de
3246 592 3469 661 singulis
3487 593 3690 650 dicam?

410 676 557 744 quod
599 692 768 746 penus
794 685 978 746 posset
999 677 1114 746 jam
1140 677 1231 731 vix
1259 677 1522 748 recipere.
1571 679 1732 750 127
1782 676 1849 732 Et
1876 677 1997 733 ideo

410 767 652 821 cumulus
681 766 985 821 divitiarum
1014 771 1105 837 qui
1128 766 1242 837 jam
1274 768 1387 823 fere
1424 767 1642 824 modum
1671 776 1995 834 excesserat,

409 855 569 909 etiam
599 856 653 910 in
681 872 768 911 res
788 858 1095 925 nugatorias
1113 857 1463 913 redundabat.
1482 856 1634 913 Nunc
1661 868 1841 913 autem
1869 856 1998 928 quid

406 945 512 999 dici
552 945 766 1015 potest?
797 946 1155 1002 Recesserunt
1182 963 1213 1002 a
1254 949 1408 1004 nobis
1435 950 1603 1019 copia:
1630 958 1860 1017 veteres,
1911 966 1998 1006 re-

406 1043 688 1088 cesserunt
720 1036 960 1106 priorum
1003 1046 1304 1108 temporum
1334 1038 1646 1107 facultates;
1678 1043 1859 1098 miseri
1882 1043 1994 1111 jam

404 1141 609 1192 sumus,
641 1137 697 1182 et
725 1128 953 1184 necdum
981 1143 1216 1198 nugaces
1264 1146 1384 1187 esse
1429 1148 1719 1189 cessamus.
1751 1134 1995 1206 Cumque

403 1216 566 1271 etiam
595 1218 832 1287 pupillis,
862 1219 1101 1290 prodigis
1131 1231 1156 1258 ³
1186 1222 1271 1277 vel
1300 1223 1622 1293 prodigiosis
1655 1226 1827 1280 soleat
1863 1228 1990 1281 sub-

402 1311 587 1365 venire
614 1320 937 1381 paupertas,
970 1314 1235 1384 simulque
1262 1327 1321 1371 ut
1348 1316 1653 1374 destiterint
1699 1334 1817 1374 esse
1857 1320 1995 1375 divi-

403 1411 502 1468 tes,
525 1402 777 1458 desinunt
803 1421 1021 1476 quoque
1049 1423 1168 1464 esse
1189 1408 1396 1475 vitiosi;
1429 1425 1529 1465 nos
1557 1420 1763 1465 tantum
1791 1427 1992 1466 novum

398 1508 568 1562 genus
594 1496 921 1565 pupillorum
972 1514 1038 1555 ac
1084 1500 1418 1570 perditorum
1464 1518 1664 1566 sumus,
1698 1503 1752 1557 in
1797 1503 1992 1572 quibus

397 1584 675 1653 opulentia
717 1602 838 1643 esse
884 1589 1059 1656 desiit,
1101 1590 1197 1647 sed
1240 1593 1478 1662 nequitia
1524 1592 1798 1664 perdurat.
1841 1593 1990 1650 Adeo

396 1691 500 1731 nos
528 1693 659 1743 non,
690 1687 748 1732 ut
793 1680 884 1734 alii
930 1682 1193 1750 homines,
1237 1699 1428 1739 causas
1478 1685 1905 1754 corruptelarum
1932 1686 1986 1740 in

2107 669 2365 729 Universa
2418 688 2551 742 gens
2593 674 2957 742 Hebratorutn,
3006 695 3126 735 cum
3168 696 3266 751 per
3315 697 3556 739 eremum
3586 686 3687 741 iter

2100 772 2303 832 ageret,
2368 767 2494 835 quia
2541 769 3036 825 consuetudinarias
3086 787 3277 829 carnes
3330 774 3683 847 desideravit,

2099 865 2306 925 partem
2323 872 2435 912 sua:
2461 858 2634 928 plebis
2662 862 2840 916 amisit
2868 860 3062 933 (Num.
3094 879 3168 929 χι,
3199 863 3235 917 Δ
3260 864 3444 938 seqq.).
3485 866 3687 937 thui-

2097 944 2222 1000 dem
2269 946 2612 1003 interdictum
2644 950 2870 1005 necdum
2896 949 3073 1007 fuerat
3103 970 3171 1009 ne
3198 954 3559 1024 desideraret;
3592 958 3686 1013 sed

2097 1033 2277 1104 legali,
2304 1045 2362 1092 ut
2389 1053 2533 1104 reor,
2566 1039 2919 1097 observantia:
2946 1042 3209 1113 proﬁcere
3237 1045 3378 1103 Deus
3405 1049 3595 1115 voluit,
3628 1061 3687 1106 ut

2090 1126 2354 1180 rebellem
2402 1131 2894 1199 concupiscentiam
2945 1143 3224 1189 coerceret
3265 1152 3278 1188 :
3322 1152 3430 1207 quo
3473 1137 3688 1195 facilius

2096 1217 2304 1272 scilicet
2332 1228 2557 1275 cunctus
2584 1222 2814 1291 populus
2840 1233 3158 1292 agnosceret
3192 1237 3449 1295 quantum
3480 1229 3686 1286 evitare

2094 1307 2314 1364 deberet
2360 1324 2479 1380 qua:
2523 1311 2663 1367 Deus
2708 1314 2920 1385 scriptis
2965 1315 3273 1372 ctelestihus
3318 1318 3682 1389 interdiceret,

2093 1399 2309 1467 quando
2338 1401 2501 1455 etiam
2528 1402 2617 1456 illa
2633 1418 2755 1457 eum
2778 1403 3009 1461 admissa
3032 1406 3289 1462 laederent
3309 1423 3428 1478 qua:
3451 1410 3682 1466 necdum

2094 1490 2212 1559 lege
2259 1494 2533 1548 vetuisset.
2576 1492 2843 1550 Laborem
2889 1511 3109 1567 quoque
3141 1514 3201 1553 se
3245 1500 3513 1556 sustinere
3541 1502 3682 1558 idem

2092 1584 2321 1653 populus
2344 1585 2601 1653 ingemuit
2631 1584 2814 1659 (Nunt.
2842 1604 2951 1654 xxi,
2983 1587 3223 1662 αἰθρίῃ),
3253 1599 3308 1646 et
3333 1599 3556 1663 prepter
3578 1593 3682 1650 hoc

2090 1675 2261 1745 plagis
2288 1677 2595 1732 coelestibus
2623 1678 3038 1747 verberabatur;
3093 1697 3199 1736 non
3240 1682 3365 1751 quia
3414 1682 3679 1740 laboranti

396 1766 703 1834 inlecebris,
733 1768 829 1824 sed
856 1770 912 1826 in
931 1772 1184 1829 cordibus
1212 1775 1490 1841 habemus,
1522 1782 1579 1830 et
1604 1776 1869 1831 vitiositas
1891 1792 1989 1832 no-
2020 1780 2062 1839 Β
2092 1782 2310 1837 timuere
2346 1784 2453 1823 00"
2481 1768 2658 1833 Ῑῖθθθῑν
2688 1769 2783 1824 sed
2809 1771 3048 1838 ίηεηιιιιε
3087 1772 3294 1827 salice!
3321 1771 3420 1827 Ϊυίῑ
3447 1774 3679 1843 εεωίίυε

397 1865 509 1912 stra
536 1873 692 1915 mens
743 1869 930 1917 nostra
976 1870 1087 1929 est;
1137 1870 1195 1919 ut
1224 1864 1292 1919 ad
1338 1865 1704 1922 emendandos
1742 1883 1842 1922 nos
1877 1885 1985 1923 non

394 1946 711 2005 facultatum
766 1951 1060 2020 ablatione,
1110 1954 1207 2011 sed
1254 1956 1518 2012 malarum
1570 1973 1750 2012 rerum
1783 1955 1987 2015 'amore

396 2055 700 2110 peccemus.
914 2050 917 2051 ⁷

463 2131 530 2186 X.
574 2133 786 2200 Quanta
834 2145 1015 2194 autem
1062 2139 1188 2195 vitia
1242 2139 1609 2197 Romanorum
1657 2143 1764 2199 sint
1790 2145 1984 2214 quibus

390 2222 635 2279 barbarae
685 2236 875 2294 gentes
925 2245 1036 2286 non
1082 2232 1518 2303 coinquinantur,
1552 2234 1678 2291 licet
1720 2237 1982 2293 hactenus

394 2317 529 2373 satis
556 2317 805 2387 dixerim,
835 2321 1029 2378 addam
1058 2331 1238 2380 tamen
1277 2328 1445 2383 multa
1472 2343 1594 2398 quae
1632 2330 1843 2386 desunt.
1877 2331 1983 2387 Sed

392 2410 525 2466 illud
575 2411 845 2470 admoneo
899 2424 1077 2472 tamen
1136 2428 1425 2488 antequam
1477 2422 1684 2488 dicam,
1716 2441 1784 2480 ne
1813 2426 1982 2482 ullum

390 2504 606 2573 penitus
633 2506 803 2574 culpa:
824 2519 992 2574 genus
1016 2509 1167 2578 quod
1190 2511 1257 2565 ad
1285 2514 1665 2568 contumeliam
1694 2516 1789 2571 Dei
1814 2519 1981 2587 perti-

391 2599 504 2659 net,
537 2594 787 2663 cuiquam
816 2597 934 2652 leve
960 2614 1079 2654 esse
1107 2601 1370 2657 videatur.
1393 2602 1422 2641 δ
1445 2602 1502 2659 Si
1530 2606 1673 2659 enim
1703 2607 1981 2663 inlustrem

390 2699 457 2739 ac
482 2694 870 2754 prmpotentem
894 2690 1063 2745 virum
1086 2706 1422 2762 nequaquam
1444 2697 1767 2753 exhonorari
1788 2714 1818 2753 a
1846 2715 1983 2769 quo-

390 2791 553 2843 quam
602 2777 747 2845 licet,
776 2787 833 2834 et
877 2782 923 2834 si
950 2783 1231 2851 quisquam
1263 2786 1716 2853 exltonoraverit,
1749 2790 1981 2847 decretis

390 2865 653 2934 legalibus
673 2885 800 2924 reus
827 2870 1051 2939 sistitur,
1083 2882 1139 2928 et
1165 2873 1480 2942 injuriarum
1510 2886 1663 2934 actor
1684 2880 1805 2950 jure
1825 2882 1978 2937 dam-

392 2963 584 3024 natur;
616 2968 820 3028 quanto
851 2962 1035 3033 utique
1055 2964 1277 3034 majoris
1305 2967 1503 3036 piaculi
1531 2971 1733 3027 crimen
1761 2981 1862 3040 est,
1900 2975 1981 3028 in-

2089 1861 2259 1916 Deum
2291 1863 2441 1931 quasi
2481 1871 2756 1917 auctorem
2790 1864 3129 1920 immoderati
3168 1867 3369 1922 laboris
3397 1884 3675 1924 accusans.

2087 1953 2165 2008 Ex
2192 1969 2300 2023 quo
2328 1956 2550 2025 intelligi
2580 1957 2833 2011 convenit
2879 1967 3137 2026 quantum
3186 1960 3400 2031 placere
3444 1961 3558 2017 Deo
3584 1962 3678 2018 de-

2086 2045 2213 2101 beat
2259 2047 2351 2116 qui
2401 2063 2586 2102 rerum
2650 2047 3010 2116 jucuntlarum
3069 2050 3400 2106 beatitudine
3452 2051 3675 2118 fruitur,

2085 2139 2300 2208 quando
2331 2140 2493 2194 etiam
2522 2139 2589 2194 dc
2630 2138 2712 2193 bis
2746 2140 2899 2209 queri
2930 2156 3035 2195 non
3066 2140 3191 2196 licet
3219 2155 3338 2210 qua}
3365 2142 3574 2211 ingrata
3599 2144 3676 2197 vi—

2085 2232 2330 2287 deantur.

2156 2325 2244 2380 Xl.
2278 2326 2548 2394 Quaeritur
2600 2327 2824 2384 forsitan
2873 2343 3132 2397 quorsum
3175 2327 3273 2382 ista
3326 2326 3674 2398 pertineant?

2085 2419 2353 2485 Quorsum
2401 2420 2605 2489 absque
2650 2420 2812 2475 dubio
2855 2420 2957 2474 nisi
2986 2428 3048 2474 ut
3075 2419 3207 2473 nihil
3235 2419 3352 2473 leve
3379 2419 3674 2473 aestimetur

2083 2525 2192 2578 quo
2224 2510 2363 2565 Deus
2392 2511 2643 2566 laeditur?
2673 2512 2749 2565 De
2780 2510 2915 2565 ludis
2965 2511 3108 2565 enim
3148 2510 3373 2580 publicis
3423 2509 3669 2573 dicimus,

2091 2604 2246 2673 129
2266 2601 2508 2655 ludibriis
2535 2602 2738 2656 scilicet
2765 2602 2878 2671 spei
2918 2608 3134 2665 nostrae,
3161 2600 3401 2655 ludibriis
3427 2600 3551 2655 vitae
3573 2616 3672 2654 no-

2083 2701 2227 2746 stra;
2253 2694 2384 2746 Nam
2404 2692 2531 2747 dum
2560 2693 2613 2747 in
2643 2693 2863 2748 theatris
2892 2702 2947 2747 et
2980 2693 3137 2748 circis
3166 2691 3415 2755 ludimus,
3458 2690 3672 2762 deperi-

2083 2801 2223 2851 mus,
2245 2785 2537 2839 secundum
2584 2784 2710 2839 illud
2738 2785 2922 2854 utique
2965 2784 3168 2840 dictum
3194 2784 3458 2840 sermonis
3483 2783 3621 2839 sacri
3654 2802 3668 2839 :

2084 2875 2285 2930 Sitttms
2331 2894 2423 2947 per
2469 2878 2628 2930 mum
2673 2886 2918 2948 operatur
2956 2878 3121 2932 scelus
3152 2876 3331 2948 (Prov.
3358 2892 3411 2942 χ,
3457 2875 3570 2947 25).
3603 2874 3671 2930 Et

2082 2983 2181 3021 nos
2211 2968 2390 3035 itaque
2409 2966 2533 3021 dum
2565 2968 2704 3021 inter
2724 2968 2898 3037 turpia
2929 2983 2991 3021 ac
3031 2967 3361 3022 dedecorosa
3391 2966 3629 3021 ridemus
3650 3005 3665 3030 ,

385 3048 653 3116 juriosum
690 3054 994 3124 quempiam
1024 3055 1136 3113 Deo
1166 3060 1320 3113 esse?
1346 3059 1574 3133 Semper
1601 3065 1744 3119 enim
1773 3082 1872 3135 per
1898 3068 1980 3122 di-
2081 3060 2285 3114 scelera
2312 3060 2725 3125 committimus;
2756 3069 2810 3114 et
2830 3060 3044 3129 quidem
3072 3060 3277 3116 scelera
3299 3076 3404 3114 non
3425 3059 3666 3122 minima,

389 3142 654 3208 {gnitatem
686 3145 934 3214 injuriam
964 3149 1285 3218 perferentis
1314 3154 1508 3210 crescit
1524 3156 1681 3227 culpa
1711 3157 1975 3219 facientis:
2006 3155 2053 3218 C
2084 3151 2177 3206 sed
2207 3152 2260 3205 in
2290 3153 2393 3207 hoc
2420 3152 2537 3222 ipso
2565 3152 2893 3221 paenaliora;
2930 3152 3054 3221 quia
3083 3166 3206 3206 cum
3234 3150 3517 3205 videantur
3544 3166 3670 3221 spe-

387 3234 514 3302 quia
542 3251 766 3292 necesse
786 3246 869 3293 est
895 3248 1121 3308 quanto»
1143 3241 1318 3310 major
1351 3254 1435 3300 est
1475 3261 1706 3316 persona
1733 3249 1849 3318 ejus
1884 3254 1977 3321 qui
2082 3245 2165 3299 cie
2185 3260 2305 3299 esse
2326 3245 2513 3314 proba,
2548 3244 2708 3298 rebus
2743 3252 2870 3298 sunt
2920 3243 3161 3298 exitiosis
3206 3242 3664 3313 pestilentissima.

388 3329 771 3384 contumeliam
807 3333 1040 3401 patitur,
1075 3343 1225 3389 tanto
1255 3336 1431 3407 major
1469 3338 1539 3394 sit
1566 3355 1705 3394 noxa
1743 3342 1858 3411 ejus
1884 3344 1975 3413 qui
2072 3334 2212 3390 Nam
2263 3351 2386 3390 cum
2422 3335 2530 3391 duo
2568 3335 2676 3389 sint
2717 3334 2952 3389 maxima
2995 3334 3157 3399 mala,
3189 3332 3243 3387 id
3282 3340 3385 3399 est,
3416 3332 3461 3387 si
3500 3333 3667 3387 homo

386 3418 535 3474 facit.
569 3418 637 3474 Et
664 3422 791 3477 hinc
818 3431 901 3478 est
928 3426 1073 3494 quod
1103 3425 1329 3495 legimus
1356 3429 1411 3483 in
1440 3425 1558 3499 iége
1590 3431 1796 3504 (Exod.
1823 3437 1972 3508 XXI),

387 3512 552 3566 etiam
581 3529 676 3569 eos
704 3516 797 3584 qui
829 3517 1077 3573 videntur
1104 3528 1295 3576 contra
1321 3522 1632 3578 mandatum
1661 3542 1872 3581 sacrum
1894 3528 1973 3583 le-

386 3603 469 3658 via
498 3603 708 3671 fecisse,
733 3611 1070 3666 severissime
1099 3620 1280 3667 tamen
1308 3628 1429 3669 esse
1449 3617 1683 3684 punitos.
1716 3616 1787 3671 Ut
1813 3619 1973 3674 intel-

386 3693 671 3762 ligeremus
698 3700 903 3755 scilicet
957 3702 1032 3755 nil
1079 3703 1148 3756 ad
1193 3704 1360 3759 Deum
1406 3706 1683 3775 pertinens
1712 3708 1829 3764 leve
1856 3725 1975 3767 esse

385 3787 716 3857 ducendum;
747 3794 876 3860 quia
906 3794 1071 3848 etiam
1100 3796 1245 3864 quod
1282 3797 1565 3853 videbatur
1584 3800 1834 3869 exiguum
1855 3817 1975 3858 esse

385 3880 564 3950 culpa,
596 3883 796 3950 grande
825 3884 928 3940 hoc
952 3885 1183 3943 faciebat
1224 3888 1529 3946 Divinitatis
1560 3891 1778 3960 injuria.
1817 3896 1975 3968 128

384 3971 627 4040 Denique
655 3970 761 4029 Oza
802 3975 891 4030 ille
919 3976 1107 4033 levites
1147 3979 1245 4034 Dei
1279 3980 1408 4049 quid
1434 3989 1620 4037 contra
1662 3984 1974 4041 mandatum

383 4064 604 4121 cmleste
632 4064 780 4135 fecit,
801 4071 946 4138 quod
986 4072 1324 4128 vacillantem
1354 4090 1535 4130 arcam
1574 4075 1785 4133 Domini
1815 4081 1974 4135 susti-

382 4175 513 4216 nere
543 4163 769 4217 tentavit
796 4163 860 4236 (ll
891 4163 1019 4237 Reg.
1056 4166 1172 4238 vt)?
1200 4168 1339 4224 Nihil
1368 4172 1510 4226 enim
1540 4173 1665 4229 hinc
1710 4184 1829 4229 erat
1856 4173 1974 4245 lege

384 4264 729 4325 prmceptum.
762 4256 831 4311 Et
858 4258 1039 4312 statim
1077 4259 1202 4315 dum
1233 4263 1561 4331 sustinebat,
1606 4275 1630 4306 ο
1678 4268 1974 4324 exstinctus

382 4355 496 4413 est;
521 4364 629 4403 non
659 4350 804 4419 quia,
836 4359 897 4405 ut
917 4352 1156 4418 videtur,
1188 4354 1255 4408 ad
1282 4356 1516 4425 speciem
1540 4359 1844 4414 contumaci
1875 4361 1974 4414 ali-

382 4441 511 4509 quid
556 4451 648 4497 aut
693 4441 992 4500 inofﬁciosa
1036 4446 1226 4502 saltem
1274 4457 1454 4503 mente
1502 4453 1851 4516 commiserit,
1878 4454 1973 4508 sed

2079 3434 2173 3481 aut
2193 3442 2251 3483 se
2280 3427 2452 3498 ipsum
2482 3428 2747 3497 perimat,
2777 3434 2870 3482 aut
2898 3428 3065 3482 Deum
3104 3425 3294 3492 lwdat;
3323 3427 3427 3481 hoc
3454 3434 3664 3480 utrum—

2078 3533 2184 3587 que
2233 3518 2286 3573 in
2342 3519 2481 3573 ludis
2528 3519 2755 3589 publicis
2793 3519 2987 3588 agitur.
3020 3517 3153 3572 Nam
3182 3534 3281 3588 per
3309 3518 3666 3588 turpitudines

2078 3612 2392 3668 criminosas
2419 3620 2620 3666 aeterna
2642 3611 2751 3667 illic
2776 3611 2919 3667 salus
2939 3610 3253 3666 Christiana:
3272 3610 3444 3681 plebis
3462 3610 3667 3665 exstin-

2076 3704 2272 3771 guitur,
2305 3711 2359 3757 et
2401 3718 2498 3772 per
2524 3704 2811 3772 sacrilegas
2838 3702 3246 3772 superstitiones
3286 3701 3538 3771 majestas
3582 3702 3667 3756 di-

2075 3795 2199 3848 vina
2254 3794 2502 3849 violatur.
2564 3794 2791 3850 Dubium
2837 3796 2981 3849 enim
3033 3810 3141 3851 non
3186 3801 3268 3849 est
3296 3794 3441 3864 quod
3465 3792 3669 3849 [radunt

2076 3887 2264 3952 Deum,
2298 3894 2484 3958 utpote
2517 3887 2675 3942 idolis
2718 3897 3065 3942 consecratae.
3098 3886 3307 3941 Colitur
3349 3901 3581 3955 namque
3610 3894 3668 3940 et

2076 3982 2375 4036 honoratur
2416 3979 2655 4035 Minerva
2696 3981 2751 4035 in
2791 3980 3100 4052 gymnasiis,
3132 3979 3312 4034 Venus
3340 3980 3393 4034 itt
3418 3978 3664 4043 theatris,

2076 4071 2353 4142 Neptunus
2376 4071 2430 4125 in
2459 4070 2635 4137 circis,
2667 4070 2809 4126 Mars
2838 4072 2891 4126 in
2921 4071 3117 4136 arenis,
3149 4069 3443 4126 Mercurius
3482 4070 3535 4123 in
3562 4084 3666 4139 pa-

2070 4164 2300 4230 ]:L-stris;
2332 4171 2384 4218 et
2411 4163 2532 4218 ideo
2555 4178 2654 4233 pro
2680 4164 2941 4232 qualitate
2969 4170 3249 4219 auctorum
3277 4162 3447 4218 cultus
3469 4169 3552 4216 est
3572 4176 3667 4216 su-

2075 4258 2473 4327 perstitionum.
2539 4256 2807 4326 Quidquid
2858 4257 3317 4311 immunditiarum
3379 4264 3498 4318 est,
3559 4255 3667 4310 hoc

2075 4356 2359 4403 exercetur
2384 4348 2438 4402 in
2467 4348 2716 4414 theatris;
2748 4347 3003 4417 quidquid
3024 4347 3382 4413 luxuriarum,
3415 4348 3468 4401 in
3495 4347 3665 4416 palm-

2076 4440 2239 4505 stris;
2284 4439 2542 4509 quidquid
2598 4439 3078 4503 immoderationis,
3112 4439 3164 4494 in
3191 4439 3377 4507 circis;
3404 4439 3663 4509 quidquid

385 4534 500 4603 ipso
544 4534 723 4592 ofﬁcio
753 4535 1082 4593 inolliciosus
1117 4538 1217 4593 fuit
1243 4541 1336 4610 qui
1364 4540 1565 4609 injussa
1611 4548 1969 4615 praesumpsit.
1998 4536 2052 4596 D
2075 4531 2291 4597 furoris,
2315 4533 2369 4587 in
2398 4531 2597 4587 caveis.
2621 4531 2761 4586 Alibi
2782 4539 2865 4585 est
2892 4531 3245 4602 impudicitia,
3264 4532 3391 4586 alibi
3420 4531 3661 4596 lascivia,

383 4624 559 4682 Homo
602 4626 909 4684 lsraeliticzn
937 4628 1110 4699 plebis
1148 4645 1271 4686 cum
1298 4632 1440 4700 ligna
1470 4634 1705 4689 sabbatis
1725 4637 1973 4707 collegis-

381 4724 484 4782 set,
517 4720 728 4774 occisus
748 4728 831 4775 est
859 4718 1047 4793 (Num.
1078 4737 1167 4787 xv,
1200 4721 1269 4776 52
1296 4722 1495 4795 seqq);
1526 4732 1583 4780 et
1612 4726 1742 4791 hoc,
1768 4726 1971 4797 judicio

380 4823 445 4863 ac
459 4808 611 4878 jussu
635 4809 750 4875 Dei,
780 4812 1005 4881 piissimi
1025 4814 1231 4870 scilicet
1273 4831 1337 4870 ac
1368 4816 1853 4875 misericordissimi
1876 4821 1968 4892 ju-

378 4900 532 4966 dicis,
563 4909 618 4956 et
643 4903 737 4972 qui
757 4918 981 4973 parcere
1007 4907 1211 4978 absque
1231 4906 1395 4963 dubio
1415 4924 1574 4979 quam
1591 4910 1836 4968 occidere
1850 4930 1966 4970 ma-

2074 4628 2202 4684 alibi
2250 4626 2680 4697 intemperantia,
2734 4624 2859 4679 alibi
2898 4625 3106 4680 insania
3138 4624 3377 4693 :ubique
3425 4623 3661 4685 dmmon,

2075 4721 2240 4776 immo
2266 4734 2364 4791 per
2390 4718 2597 4787 singula
2621 4717 2948 4773 ludicrorum
2976 4716 3125 4782 loca,
3167 4716 3418 4771 universa
3455 4715 3661 4770 (ιωηιο-

2073 4833 2202 4873 num
2229 4826 2488 4871 monstra.
2513 4812 2808 4869 Prmsident
2835 4813 2977 4867 enim
3018 4811 3234 4866 sedibus
3256 4826 3354 4866 suo
3375 4809 3539 4865 cultui
3559 4807 3662 4862 de-

2074 4912 2281 4971 dicatis.
2324 4908 2401 4962 Ac
2421 4922 2519 4977 per
2544 4906 2648 4960 hoc
2667 4905 2719 4960 in
2752 4902 3071 4974 spectaculis
3098 4900 3394 4958 istiusmodi
3415 4915 3523 4956 non
3542 4900 3662 4955 sola

1558 5020 1899 5079 STEPHANI
1935 5022 2209 5082 BALUZII
2245 5016 2472 5076 NOTAE.

451 5119 477 5148 ι
508 5110 828 5166 Rcdundare
870 5113 1103 5169 arbitror
1130 5130 1290 5171 voces
1320 5116 1436 5171 illas
1463 5123 1518 5171 et
1545 5117 1966 5174 admonitionem

377 5182 758 5258 csse_lihrarii;
789 5182 881 5258 qui
909 5200 1029 5238 cum
1059 5186 1354 5258 ambigeret
1379 5187 1635 5256 quidnam
1663 5190 1841 5258 potius
1881 5190 1964 5246 Ie-

377 5252 775 5331 gendumcsset
803 5255 857 5308 in
886 5256 1179 5325 exemplari
1206 5252 1313 5331 quo
1343 5252 1690 5331 is'utebatur',
1712 5261 1963 5331 prodigis,

378 5340 446 5378 an
477 5324 808 5398 prodigiosis,
836 5324 1123 5398 utrumque
1144 5324 1342 5398 posuit,
1374 5326 1563 5382 lectori
1581 5324 1837 5398 judicium
1862 5324 1963 5384 ’ἰη-

377 5404 586 5469 tegrum
608 5394 934 5469 relinquens.
958 5394 1100 5451 Idem
1137 5394 1283 5469 enim
1313 5398 1503 5469 accidit
1528 5394 1595 5452 in'
1611 5400 1746 5455 libro
1768 5402 1964 5469 quarto

377 5467 636 5541 adversus
655 5464 971 5533 Avaritiam,
989 5481 1111 5537 pag.
1128 5466 1251 5541 282,
1272 5467 1337 5521 ad
1358 5467 1507 5541 illum
1530 5469 1727 5541 locum,
1742 5464 1966 5541 quadam

376 5535 667 5612 gdjectione
704 5535 1147 5612 concitam—cum
1185 5538 1239 5612 in
1280 5539 1569 5612 recentiori
1598 5535 1786 5596 codice
1814 5543 1963 5612 regio

378 5604 588 5681 legatur
609 5609 845 5681 quadam
865 5609 1137 5681 allecttone
1159 5609 1236 5664 vel
1256 5609 1566 5681 allegationc
1593 5604 1969 5666 conantur.lta

379 5676 580 5751 pariter
608 5676 660 5732 in
702 5679 983 5736 Vincentio
1011 5679 1297 5743 Lirinensi,
1331 5676 1476 5751 n'um.
1508 5680 1598 5744 30,
1625 5697 1724 5751 pro
1761 5691 1970 5737 sanatus

381 5748 655 5824 (ingeriit:
678 5754 943 5824 episcopus
963 5760 1011 5807 ct
1034 5754 1296 5826 confessor
1315 5752 1378 5808 de
1398 5749 1452 5806 Ν
1456 5748 1674 5808 aziania
1698 5753 1889 5823 legitur
1917 5753 1970 5807 in

2071 5116 2346 5174 codicibus
2389 5110 2802 5182 manuscriptis.
2851 5110 3117 5182 confesgor
3143 5106 3533 5182 de‘l‘anzando
3579 5109 3659 5162 re!

2071 5186 2338 5243 Nazabos.
2386 5181 2519 5237 Vide
2558 5177 2713 5237 notas
2737 5181 2803 5237 ad
2832 5177 2991 5251 epist.
3022 5180 3056 5233 5
3084 5187 3139 5233 ct
3169 5178 3272 5232 122
3296 5178 3431 5249 Lupi
3461 5177 3656 5232 Ferra-

2071 5259 2280 5314 riensis.

2144 5328 2169 5368 b
2199 5326 2332 5399 Vide
2361 5324 2495 5399 infra
2516 5337 2637 5399 pag.
2668 5320 2791 5399 119.
2818 5394 2827 5399 _
2902 5392 2916 5399 _
3083 5392 3094 5399 _
3380 5387 3440 5399 η
3517 5396 3524 5399 Α
3588 5390 3598 5399 ,

2152 5410 2173 5439 ε
2208 5387 2552 5453 Βιδειεεὶωηυέ
2590 5387 2673 5448 ita
2727 5393 2857 5460 legit
2902 5392 3044 5447 hunc
3082 5392 3259 5447 locum
3317 5407 3330 5441 :
3372 5387 3443 5441 Et
3481 5390 3658 5442 statim

2070 5471 2191 5525 dum
2223 5467 2421 5522 tenebat
2447 5479 2737 5538 percussus
2777 5459 2871 5517 est.
2926 5461 3171 5538 Utraque
3194 5459 3352 5516 lectio
3379 5460 3519 5513 bona
3549 5469 3652 5513 est.

2069 5540 2204 5595 Nam
2237 5539 2314 5593 sic
2356 5532 2548 5606 legitur
2577 5536 2628 5588 in
2680 5536 2815 5588 libro
2858 5533 3097 5606 secundo
3135 5532 3358 5601 Regum,
3385 5545 3505 5606 c_ap.
3554 5546 3602 5585 v1
3634 5550 3648 5585 :

2074 5609 2348 5683 Iratamque
2374 5599 2450 5661 est
2493 5606 2853 5676 indignatione
2878 5603 3149 5683 Dominus.
3169 5599 3349 5683 contra
3385 5599 3657 5683 Ozantnet

2073 5676 2321 5749 percussit
2357 5694 2483 5749 eunt
2518 5692 2670 5748 super
2721 5677 3015 5742 temeritate,
3066 5676 3151 5748 qui
3195 5682 3426 5732 mortuus
3464 5681 3541 5728 est
3577 5676 3650 5727 ibi

2065 5747 2219 5823 juxta
2248 5766 2421 5804 (trram
2453 5747 2567 5804 Dei.
