4036 6180
287 276 371 334 ηι
1325 290 1411 348 DE
1449 285 1980 347 GUBERNATIONE
2018 287 2131 343 DEI
2169 289 2294 346 LIB.
2337 291 2421 348 VI.

3440 307 3549 366 123

280 403 354 451 est
394 393 656 449 inlecebra
703 409 803 452 nec
851 397 967 452 sola
1006 399 1293 457 vitiositas.
1348 402 1645 457 Admisceri
1699 401 1842 456 enim
1873 404 1919 462 Α
1948 409 2003 455 et
2029 416 2150 470 quas
2190 403 2333 460 Deus
2361 406 2504 461 bona
2538 406 2664 464 fecit
2690 425 2915 468 munere
2943 413 3159 483 pietatis
3186 431 3313 485 sum,
3346 434 3410 475 ea
3439 437 3541 478 nos

279 488 391 542 huic
440 484 796 542 Christianum
820 490 1098 546 hominem
1142 495 1531 564 superstitioni,
1571 508 1740 562 genus
1768 501 1852 548 est

277 577 557 645 sacrilegii;
585 578 707 646 quia
732 594 919 635 eorum
948 582 1182 638 cultibus
1206 580 1588 649 communicat,
1619 598 1848 652 quorum

279 667 637 723 festivitatibus
674 670 993 727 delectatur.
1039 672 1194 740 Quod
1238 675 1454 745 quidem
1485 675 1610 731 licet
1637 690 1853 744 semper

279 756 547 813 admodum
584 772 749 827 grave
784 761 874 827 sit,
917 770 1046 819 tunc
1081 771 1262 819 tamen
1291 766 1461 834 magis
1489 764 1845 831 intolerabile,

277 856 585 918 cumprazter
593 851 1122 908 cuusuetudinarium
1135 855 1256 909 vitae
1268 870 1419 910 usum
1433 856 1535 910 hoc
1546 854 1630 909 vel
1646 853 1844 908 adver-

276 956 325 995 sa
342 950 517 995 nostra
531 941 1179 1001 faciuntcritninosiusvel
1190 946 1424 1001 secunda
1439 964 1451 998 :
1468 946 1593 1015 quia
1609 952 1664 1001 et
1679 945 1850 1013 magis

276 1028 546 1097 placandus
556 1038 638 1084 est
650 1030 701 1084 in
715 1031 954 1088 adversis
964 1033 1185 1101 Deus,et
1197 1034 1372 1089 minus
1384 1035 1653 1090 lmdentlus
1665 1034 1717 1088 in
1730 1048 1851 1104 pro-

277 1120 449 1189 speris.
485 1122 642 1192 130
667 1120 873 1178 Placari
902 1125 1101 1195 quippe
1121 1126 1281 1181 debet
1300 1143 1420 1181 cum
1443 1127 1712 1191 irascitur,
1728 1126 1846 1181 laedi

277 1226 368 1266 non
388 1210 543 1265 debet
562 1228 684 1266 cum
702 1213 1042 1283 propitiatur.
1058 1215 1294 1271 Adversa
1307 1217 1451 1271 enim
1465 1217 1621 1271 nobis
1635 1232 1734 1287 per
1748 1218 1847 1271 ira-

276 1301 500 1357 cundiam
513 1302 608 1357 Dei
624 1304 866 1370 veniuut,
881 1305 1114 1360 secunda
1129 1322 1226 1377 per
1234 1321 1325 1376 gra
1333 1308 1481 1363 tiam.
1493 1308 1601 1362 Nos
1613 1318 1793 1363 autem
1813 1322 1845 1363 e

273 1394 466 1449 diverso
477 1396 658 1449 omnia
671 1397 893 1464 agimus.
910 1398 1072 1462 Dicis,
1088 1398 1400 1465 Quomodo?
1410 1401 1625 1470 Accipe.
1644 1400 1719 1456 Ae
1736 1402 1845 1470 pri—

273 1501 402 1540 tuum
429 1487 473 1540 si
499 1487 718 1555 quando
740 1500 992 1544 exoratus
1020 1506 1117 1545 sua
1160 1491 1273 1560 ipsa
1301 1492 1670 1549 misericordia
1702 1493 1842 1548 Deus

274 1577 450 1649 (neque
467 1579 614 1632 enim
627 1595 862 1649 unquam
877 1598 978 1636 nos
1000 1582 1073 1636 ita
1087 1583 1312 1637 vivimus
1332 1591 1390 1638 ut
1401 1586 1613 1639 exorari
1626 1600 1841 1640 merea-

270 1669 415 1738 mur),
429 1669 521 1724 sed
534 1670 829 1739 siquando,
844 1681 903 1726 ut
916 1672 1048 1738 dixi,
1070 1689 1102 1728 a
1116 1689 1175 1729 se
1187 1674 1303 1745 ipso
1323 1683 1580 1730 exoratus
1588 1676 1842 1746 paciﬁcos

1953 495 2111 549 nobis
2137 494 2360 553 facimus
2380 499 2521 553 mala
2544 515 2664 557 esse
2684 504 2924 560 moribus
2944 507 3117 561 malis.

2024 585 2136 641 Xll.
2169 587 2276 642 Sed
2300 590 2548 647 videlicet
2575 594 2666 662 qui
2694 598 3089 667 corrumpimur
3120 600 3282 656 rebus
3311 617 3541 674 prospe-

1951 677 2044 742 ris,
2072 679 2391 747 corrigimur
2409 682 2680 749 adversis;
2712 694 2767 740 et
2785 701 2922 755 quos
2944 688 3365 759 intemperantes
3386 703 3412 731 ἰ
3433 708 3542 765 pax

1950 767 2110 837 longa
2133 769 2261 825 fecit
2281 813 2296 838 ,
2330 772 2567 829 turbatio
2615 776 2742 831 facit
2787 792 2907 833 esse
2933 780 3257 837 moderatos.
3291 783 3539 855 Nunquid

1949 861 2133 932 populi
2153 862 2427 918 civitatum
2448 866 2540 935 qui
2562 867 2815 937 impudici
2835 869 2995 924 rebus
3012 872 3285 941 prosperis
3306 872 3535 939 fuerant,

1949 954 2154 1023 asperis
2181 955 2315 1009 casti
2344 971 2462 1011 esse
2489 960 2808 1027 coeperunt?
2847 961 2997 1031 131
3029 960 3278 1030 Nunquid
3304 963 3538 1019 ebrietas

1949 1058 2069 1111 qua:
2118 1045 2508 1113 tranquillitate
2553 1055 2608 1103 et
2658 1049 2981 1104 abundantia
3032 1060 3303 1117 creverat,
3355 1053 3540 1110 hostili

1948 1134 2138 1188 saltem
2164 1134 2582 1206 depopulatione
2610 1140 2879 1194 cessavit?
2900 1140 3117 1195 Vastata
3139 1150 3221 1196 est
3258 1142 3409 1196 Italia
3454 1151 3539 1198 tot

1942 1223 2054 1292 jam
2084 1224 2344 1280 cladibus.
2376 1225 2519 1296 Ergo
2547 1227 2802 1284 Italorum
2830 1232 2961 1285 vitia
3000 1233 3355 1288 destiterunt?
3377 1234 3402 1271 δ
3427 1231 3537 1289 Ob-

1946 1330 2093 1370 sessa
2118 1314 2207 1371 'est
2250 1318 2377 1372 urbs
2432 1318 2605 1374 Roma
2650 1330 2706 1375 et
2744 1333 3067 1393 expugnata.
3100 1324 3242 1394 Ergo
3263 1326 3536 1380 desierunt

1943 1410 2243 1480 blasphemi
2291 1428 2356 1468 ac
2396 1413 2582 1469 furiosi
2612 1430 2730 1469 esse
2762 1416 3025 1471 Romani?
3050 1417 3380 1472 Inundarunt
3408 1418 3536 1472 Cal-

1944 1500 2045 1556 lias
2077 1512 2098 1540 ο
2126 1510 2316 1571 gentes
2342 1503 2605 1559 barbarm.
2630 1504 2792 1575 Ergo,
2815 1516 3076 1576 quantum
3102 1507 3170 1563 ad
3192 1523 3372 1562 mores
3404 1522 3529 1577 per-

1942 1593 2085 1649 ditos
2105 1602 2332 1665 spectat,
2358 1611 2466 1651 non
2494 1598 2683 1653 eadem
2713 1608 2838 1653 sunt
2865 1598 3139 1655 Gallorum
3168 1601 3390 1656 crimina
3412 1617 3535 1669 qtnn

1941 1687 2192 1744 fuerunt?
2239 1690 2704 1747 Transcenderunt
2731 1693 2784 1747 in
2806 1691 2831 1730 ά
2855 1693 3120 1764 Hispania:
3148 1702 3322 1749 terras
3347 1694 3533 1764 populi

268 1760 407 1814 nobis
443 1760 566 1816 dies
585 1801 601 1827 ,
632 1771 926 1831 proventus
952 1763 1161 1830 uberes,
1196 1772 1252 1819 et
1287 1766 1508 1821 divitem
1535 1766 1692 1823 bouis
1719 1784 1833 1823 om-

1947 1779 2352 1835 Waudalorum.
2378 1781 2579 1837 Mutata
2607 1784 2822 1852 quidem
2870 1760 2965 1839 est
2989 1801 3107 1841 sors
3152 1760 3530 1858 Hispanorum,

267 1852 406 1907 uibus
440 1855 885 1923 tranquillitatem
922 1865 978 1912 et
1005 1858 1387 1913 abundantiam
1430 1860 1639 1915 dederit
1683 1878 1847 1933 super

266 1954 376 1998 vota
401 1952 771 2015 crescentem;
804 1957 956 2013 tanta
983 1951 1342 2006 secundarum
1365 1934 1544 2007 rerum
1574 1956 1844 2025 prosperi-

269 2046 363 2091 tate
386 2040 804 2110 corrumpimur,
838 2048 987 2097 tanta
1015 2059 1228 2099 morum
1258 2045 1690 2101 insolescentium
1712 2063 1842 2118 pra-

266 2130 413 2185 vitate
447 2131 727 2198 vitiamur,
775 2141 835 2188 ut
880 2142 936 2189 et
981 2135 1077 2189 Dei
1109 2136 1324 2206 penitus
1356 2138 1739 2193 obliviscamur
1788 2148 1844 2195 et

268 2222 435 2275 nostri.
466 2222 536 2277 Et
569 2239 693 2279 cum
724 2239 940 2281 omnem
967 2226 1199 2281 fructum
1241 2227 1381 2283 datm
1403 2244 1433 2283 a
1463 2229 1575 2284 Deo
1602 2230 1751 2299 pacis
1787 2230 1840 2284 in

267 2313 354 2368 hoc
370 2314 674 2370 consistere
702 2314 993 2385 Apostolus
1033 2317 1216 2373 dicat:
1244 2318 1312 2373 Ut
1339 2321 1561 2391 quietam
1596 2329 1646 2374 et
1695 2330 1842 2374 tran-

266 2403 453 2471 quillam
473 2405 638 2459 vitam
659 2422 875 2478 agamus
888 2408 942 2461 in
962 2409 1101 2462 omni
1115 2409 1305 2480 pietate
1324 2417 1374 2464 et
1393 2410 1630 2463 castitate
1645 2410 1685 2481 (l
1706 2409 1839 2464 Tim.

266 2509 312 2558 ιι,
334 2494 416 2565 2);
458 2498 526 2551 ad
577 2498 684 2553 hoc
734 2506 946 2554 tantum
973 2500 1100 2555 data
1130 2516 1162 2555 a
1181 2502 1296 2556 Deo
1323 2502 1506 2571 quiete
1533 2503 1751 2567 utimur,
1783 2511 1843 2557 ut

266 2588 311 2642 in
335 2590 631 2655 ebrietate,
655 2591 789 2645 utin
816 2591 1027 2647 luxuria
1046 2634 1064 2659 ,
1095 2602 1155 2648 ut
1183 2594 1237 2647 in
1264 2594 1508 2663 ﬂagitiis,
1545 2595 1677 2650 utin
1699 2596 1843 2666 rapi-

265 2679 352 2745 nis,
380 2688 435 2735 ut
462 2681 518 2736 in
566 2682 715 2736 omni
753 2682 958 2739 scelere
986 2692 1148 2754 atque
1189 2684 1536 2755 improbitate
1575 2686 1837 2742 vivamus.

263 2771 407 2836 Quasi
435 2788 573 2827 vero
601 2772 923 2828 beneficium
946 2775 1085 2830 datte
1114 2777 1262 2845 pacis
1285 2778 1496 2833 vacatio
1522 2779 1594 2833 sit
1614 2780 1843 2849 probro-

263 2862 436 2925 sitatis.
464 2872 520 2919 et
543 2864 616 2918 ad
639 2865 743 2920 hoc
776 2865 1017 2921 inducias
1043 2867 1442 2937 tranquillitatis
1468 2869 1581 2925 Deo
1606 2870 1842 2927 donante

262 2954 517 3023 capiamus
548 2961 614 3008 ut
640 2954 885 3010 licentius
904 2958 1256 3027 securiusque
1283 2974 1590 3029 peccemus.
1636 2960 1841 3031 indigni

262 3038 425 3113 itaque
443 3045 759 3101 cmlestibus
779 3046 936 3102 donis
959 3063 1165 3114 sumus,
1188 3049 1281 3119 qui
1307 3049 1584 3107 beneﬁciis
1614 3052 1711 3107 Dei
1732 3068 1840 3107 non

1946 1872 2041 1927 sed
2090 1888 2196 1927 non
2238 1880 2443 1927 mutata
2497 1874 2782 1930 vitiositas.
2832 1873 3113 1932 Postremo
3137 1918 3152 1944 ,
3184 1893 3252 1932 ne
3276 1893 3380 1948 qua
3408 1893 3532 1948 pars

1944 1961 2129 2016 mundi
2157 1962 2462 2017 exitialibus
2490 1964 2646 2018 malis
2672 1972 2817 2020 esset
2846 1965 3114 2033 immunis,
3158 1967 3406 2037 navigare
3435 1983 3531 2037 per

1945 2051 2139 2108 ﬂuctus
2184 2054 2325 2109 bella
2365 2063 2684 2123 coeperunt:
2714 2071 2834 2124 qua:
2872 2058 3094 2112 vastatis
3142 2059 3360 2113 urbibus
3398 2060 3531 2115 mari

1946 2142 2161 2205 clausis,
2182 2151 2237 2198 et
2250 2144 2454 2199 eversis
2468 2153 2489 2181 ο
2503 2143 2747 2198 Sardinia
2768 2160 2829 2199 ac
2841 2143 3042 2210 Sicilia,
3067 2146 3119 2200 id
3147 2153 3247 2209 est,
3264 2146 3533 2202 liscalibus

1944 2233 2174 2298 horreis,
2207 2242 2368 2302 atque
2390 2234 2638 2290 abscissis
2658 2235 2803 2289 velut
2829 2235 3081 2292 vitalibus
3103 2237 3269 2300 venis,
3299 2237 3533 2291 Africam

1945 2322 2137 2392 ipsam,
2170 2323 2223 2377 id
2251 2331 2353 2389 est,
2377 2326 2528 2393 quasi
2552 2325 2784 2380 animam
2807 2326 3149 2396 eaptivavere
3178 2327 3257 2382 rei
3281 2327 3529 2397 publicar.

1944 2413 2186 2485 Ecquid?
2233 2416 2488 2484 ingressis
2535 2426 2732 2472 terram
2779 2418 2924 2472 illam
2972 2418 3220 2487 gentibus
3264 2418 3529 2483 barbaris,

1943 2505 2168 2563 forsitan
2198 2509 2281 2563 vel
2310 2518 2454 2563 metu
2477 2509 2603 2563 vitia
2632 2512 2943 2564 cessarunt?
2965 2517 3057 2563 aut
3080 2511 3220 2565 sicut
3246 2510 3441 2579 corrigi
3462 2511 3535 2568 ad

1943 2614 2182 2669 praesens
2220 2599 2382 2654 etiam
2429 2599 2739 2668 nequissimi
2776 2599 2978 2669 quique
3010 2614 3287 2654 servorum
3334 2601 3531 2665 solent,

1946 2688 2265 2743 modestiam
2311 2689 2500 2743 saltem
2548 2703 2614 2744 ac
2669 2689 3006 2758 disciplinam
3054 2697 3229 2744 terror
3273 2690 3529 2743 extorsit!

1943 2776 2075 2844 Quis
2118 2778 2388 2833 azstimare
2439 2778 2540 2832 hoc
2584 2778 2783 2832 malum
2821 2780 3025 2847 possit?
3051 2776 3528 2834 Circumsonabaul

1943 2871 2110 2927 armis
2138 2886 2321 2925 muros
2341 2872 2359 2909 ί
2384 2871 2546 2925 Cirtae
2576 2879 2739 2939 atque
2764 2880 2789 2917 κ
2817 2868 3154 2939 Carthaginis
3182 2870 3368 2940 populi
3408 2870 3528 2924 bar-

1942 2962 2196 3016 barorum
2221 2979 2235 3026 ;
2260 2970 2316 3016 et
2346 2960 2372 2998 h
2414 2962 2640 3017 ecclesia
2682 2961 3118 3030 Carthaginensis
3151 2961 3447 3017 iusauiebat
3476 2961 3531 3018 in

1943 3054 2121 3119 circis,
2161 3053 2468 3109 luxuriabat
2498 3054 2549 3107 in
2576 3053 2816 3109 theatris.
2842 3053 2946 3106 Alii
2975 3052 3103 3108 foris
3127 3053 3526 3122 jugulabantur,

262 3135 382 3191 bene
408 3138 634 3203 utimur,
659 3145 715 3192 et
741 3136 968 3194 facimus
986 3154 1100 3194 rem
1129 3140 1390 3196 honorum
1411 3157 1635 3212 operum
1662 3151 1838 3198 mate-
1865 3154 1911 3216 ο
1943 3144 2034 3198 alii
2064 3145 2207 3199 intus
2235 3144 2656 3200 fornicabantur.
2680 3143 2810 3199 Pars
2838 3144 3010 3214 plebis
3030 3153 3145 3199 erat
3166 3143 3295 3199 foris
3315 3143 3526 3214 captiva

262 3225 379 3281 riam
401 3235 613 3283 tantum
642 3243 764 3284 esse
791 3229 1044 3285 vitiorum
1078 3248 1091 3283 :
1122 3246 1232 3300 quo
1267 3229 1327 3287 ﬁt
1357 3241 1413 3287 ut
1434 3234 1548 3304 ipse
1578 3249 1682 3304 pax
1703 3250 1838 3290 con-

262 3324 330 3372 tra
355 3334 449 3373 nos
468 3319 542 3374 sit
571 3334 692 3388 qua:
716 3319 795 3375 sic
816 3320 991 3389 agitur
1014 3336 1046 3374 a
1077 3322 1261 3389 nobis,
1296 3339 1397 3379 nec
1423 3324 1674 3395 expediat
1720 3341 1835 3380 rem

262 3409 483 3479 accipere
532 3426 644 3479 qua
690 3410 990 3467 deteriores
1036 3428 1239 3469 sumus.
1290 3414 1421 3481 Quis
1464 3415 1569 3471 hoc
1612 3417 1834 3472 credere

259 3506 432 3570 queat?
458 3504 736 3559 Mutamus
760 3513 1194 3562 naturamrerum
1215 3508 1587 3578 iniquitatibus
1600 3510 1828 3576 nostris;

1942 3238 2204 3303 hostium,
2237 3253 2365 3308 pars
2392 3237 2535 3292 intus
2562 3237 2773 3308 captiva
2799 3237 3072 3292 vitiorum.
3101 3236 3265 3306 Cujus
3289 3252 3408 3292 sors
3429 3252 3528 3306 pe-

1936 3326 2027 3396 jor
2047 3326 2227 3392 fuerit,
2254 3328 2514 3383 incertum
2543 3336 2643 3382 est.
2669 3326 2750 3381 Illi
2770 3328 2984 3397 quidem
3015 3336 3166 3382 erant
3194 3328 3529 3384 extrinsecus

1939 3435 2122 3485 carne,
2154 3420 2248 3475 sed
2276 3420 2364 3474 isti
2388 3420 2532 3475 intus
2558 3426 2740 3473 mente
2760 3420 2991 3488 captivi;
3024 3427 3081 3472 et
3102 3435 3168 3473 ex
3208 3418 3418 3473 duobus
3448 3419 3526 3471 le-

1938 3510 2171 3565 thalibus
2198 3510 2550 3575 malislevius,
2567 3517 2624 3563 ut
2642 3524 2785 3576 reor,
2800 3516 2881 3563 est
2900 3509 3263 3578 captivitatem
3281 3509 3525 3579 corporis

1426 3604 1757 3660 STEPHANI
1797 3602 2067 3658 BALUle
2103 3601 2332 3658 NOTAE.

315 3689 501 3765 {Infra
532 3707 660 3765 pag.
706 3694 809 3749 142
840 3714 852 3748 :
886 3695 1008 3751 Sint
1028 3698 1150 3751 vitia
1180 3699 1282 3751 ista
1317 3705 1367 3750 et
1406 3697 1576 3765 longa:
1608 3698 1754 3765 pacis
1781 3706 1831 3749 et

256 3762 491 3841 aputeum
528 3762 1180 3841 securitatis.Cyprianus
1215 3769 1269 3821 in
1314 3768 1452 3841 libro
1481 3762 1549 3822 de
1595 3762 1782 3837 Lapsis
1814 3784 1826 3819 :

256 3827 315 3882 Et
334 3836 447 3908 quia
477 3836 731 3908 traditam
753 3837 899 3891 nobis
920 3827 1249 3908 disciplinam
1269 3854 1373 3907 pax
1401 3838 1556 3908 longa
1585 3827 1829 3908 corrupe-

255 3911 341 3961 rat,
356 3904 619 3972 jacentem
646 3907 803 3977 fidem
839 3917 887 3978 et
925 3904 1061 3978 pene
1087 3904 1309 3978 dixerim
1336 3904 1683 3978 dormientem,
1712 3904 1834 3961 cen-

254 3984 362 4024 sara
390 3977 607 4030 caelestis
628 3976 811 4031 erexit.
858 3976 1146 4032 Cassianus
1175 3977 1266 4032 lib.
1288 3994 1321 4033 v
1362 3977 1429 4032 de
1458 3977 1715 4032 lnstitutis
1746 3992 1831 4032 re-

255 4052 410 4120 uunt._.
435 4062 557 4120 cap.
574 4046 654 4120 ⁸19
684 4045 984 4120 :ANepacis
1010 4049 1116 4120 otio
1146 4048 1289 4102 miles
1317 4046 1514 4120 Christi
1548 4048 1828 4120 lentescens

253 4114 450 4190 incipiat
492 4114 727 4171 obliuisci
744 4114 1202 4190 colluctationumh
1222 4134 1434 4190 suarum
1460 4118 1688 4190 gloriosa
1710 4134 1825 4171 cer-

255 4185 450 4247 tamina,
481 4204 544 4239 ac
585 4188 878 4241 securitatis
923 4189 1109 4241 inertia
1152 4185 1826 4253 dissolutusfpraemiorum

253 4252 502 4330 stipendiis
546 4273 613 4310 ac
652 4258 1024 4330 triumphorum
1060 4259 1255 4311 meritis
1283 4252 1637 4330 defraudetur.
1677 4258 1822 4312 Idem

253 4321 416 4397 tollat.
447 4326 536 4391 ‘21,
572 4342 693 4397 cap.
726 4321 832 4381 54':
867 4326 1259 4397 Prwsumptiva:
1278 4321 1529 4383 libertatis
1550 4330 1825 4382 securitate

251 4392 495 4449 solt-untur
523 4413 542 4451 :
575 4392 840 4453 Ctesarius
868 4399 1053 4453 homil.
1084 4392 1153 4453 32
1192 4414 1209 4452 :
1240 4398 1377 4453 Sunt
1407 4400 1545 4453 enim
1588 4398 1824 4453 nonnulli

252 4463 323 4540 qui
348 4468 764 4540 postgreligionis
794 4470 1198 4538 professionem,
1229 4468 1623 4540 quia_videntur
1653 4470 1823 4523 exisse

254 4530 307 4581 de
329 4538 533 4599 swculo,
552 4530 718 4592 nimia
738 4530 1013 4593 securitate
1035 4530 1321 4593 solvuntur.
1356 4538 1573 4595 Tacitus
1601 4539 1655 4593 in
1684 4539 1822 4593 libro

253 4603 642 4681 ‘x_t_ttAnn_alium
672 4626 684 4659 :
718 4606 970 4680 Legiones
1007 4626 1136 4679 pace
1178 4608 1331 4681 longa
1354 4626 1555 4681 segnes.
1576 4608 1654 4663 ‘Et
1682 4609 1773 4664 lib.
1806 4626 1824 4663 ι

252 4666 380 4751 Hist.
407 4694 418 4727 :
451 4666 1147 4751 Py‘mareshse'natusaztate
1182 4666 1475 4751 inualidiuet
1514 4681 1669 4751 longa
1698 4696 1825 4750 pace

253 4739 448 4818 incuties.
492 4748 560 4802 Et
610 4749 662 4802 in
692 4748 815 4803 Vita
856 4748 1114 4818 Agricolae
1159 4768 1169 4802 :

253 4807 474 4894 britanni
504 4821 810 4943 prﬂerunt,
842 4807 1048 4890 ut'quos
1076 4819 1304 4874 nondum
1342 4820 1500 4891 longa
1561 4807 1631 4874 aa':
1657 4819 1821 4874 emol—

253 4879 388 4937 hent.
412 4885 563 4943 Cassi
639 4905 769 4943 orus
800 4890 892 4943 lib.
924 4905 980 4943 ut
1019 4889 1148 4943 Var.
1188 4890 1347 4943 epist.
1386 4893 1405 4943 l
1446 4907 1458 4943 :
1505 4838 1821 4943 [garrulorum

251 4879 393 4962 lierit.
412 4879 769 4962 Cassiodorus
800 4890 892 4943 lib.
924 4879 980 4943 in
1019 4889 1148 4962 Var.
1188 4890 1347 4960 epist.
1386 4879 1458 4945 ΓΞ
1505 4879 1822 4962 Papularum

253 4950 492 5031 Mucium
510 4959 672 5013 corda
698 4959 852 5031 longa
874 4976 1001 5031 pace
1020 4950 1342 5031 mollescunt.

313 5023 335 5060 δ
364 5024 593 5099 Dubium
637 5038 721 5085 est
765 5023 832 5085 d'e
873 5023 980 5099 qua
1020 5030 1262 5083 Romana
1303 5029 1585 5085 obsidione
1622 5029 1709 5099 hic
1736 5030 1821 5084 lo-

250 5102 426 5157 qnatur
447 5097 750 5166 Salvianus,
782 5097 916 5155 eane
943 5114 1061 5169 quae
1089 5101 1189 5169 sub
1217 5098 1431 5155 Alarico
1460 5115 1587 5169 rege
1614 5098 1822 5154 Gotho-

250 5174 353 5239 rum
379 5169 624 5238 contigit,
656 5185 723 5224 an
751 5185 815 5224 ea
836 5167 1078 5239 quat—sub
1106 5167 1399 5225 Genserico
1429 5167 1555 5239 rege
1582 5170 1822 5225 Wanda-

250 5230 444 5310 lorum,
493 5230 562 5294 an
610 5230 687 5295 de
733 5230 979 5308 utraque.
1029 5239 1162 5293 Nam
1225 5241 1403 5295 varias
1458 5230 1818 5296 Bttrbarorum

249 5308 555 5379 irruptiones
582 5311 634 5364 in
665 5311 768 5364 hoc
790 5311 911 5365 loco
937 5318 1327 5365 commemorat
1349 5310 1462 5379 jam
1495 5311 1618 5365 inde
1637 5327 1666 5364 a
1690 5319 1819 5365 tem-

248 5376 446 5451 poribus
462 5377 683 5451 Honorii
706 5380 1062 5451 imperatoris.
1092 5376 1475 5435 ltittershusius
1500 5382 1821 5451 interpreta-

248 5450 320 5518 tus
344 5457 424 5501 est
449 5450 520 5503 de
564 5448 843 5505 obsidione
877 5448 1175 5515 Genserici,
1199 5465 1320 5518 quae
1366 5451 1506 5505 facta
1544 5448 1708 5507 fuisse
1731 5452 1814 5505 vi-

246 5509 386 5591 detur
411 5518 555 5591 circa
582 5528 824 5591 tempora
850 5520 1044 5589 quibus
1078 5509 1179 5575 hos
1208 5509 1373 5575 libros
1399 5521 1675 5591 scribebat
1699 5522 1818 5575 Sal—-

248 5582 436 5661 χὶειιῃξεἶ
486 5588 618 5645 Nam
668 5582 759 5646 ille
805 5582 967 5661 paulo
1016 5591 1368 5661 postﬂscribit
1395 5606 1614 5661 eversas
1653 5590 1817 5647 fuisse

245 5648 530 5712 Sardiniam
552 5676 612 5717 ac
631 5648 887 5731 Sicilia-tn,
910 5648 1044 5731 quas
1064 5676 1094 5715 a
1120 5660 1399 5719 Waudalis
1413 5660 1627 5716 invasas
1656 5661 1819 5731 fuisse

243 5731 353 5788 post
368 5729 965 5789 mortemValentiniaui
983 5732 1204 5802 August.
1214 5772 1230 5800 ,
1255 5730 1307 5787 id
1330 5739 1410 5789 est
1433 5747 1576 5788 anno
1607 5729 1730 5797 455,
1745 5740 1824 5789 te~

1230 4748 1359 4821 Plus
1398 4760 1567 4804 tamen
1605 4748 1824 4821 ferocire

1935 3703 2111 3751 statur
2138 3694 2319 3750 Victor
2345 3691 2582 3748 Vitensis
2611 3693 2663 3746 in
2693 3692 2846 3746 initio
2875 3690 3129 3746 librorum
3151 3701 3289 3758 quos
3309 3688 3525 3759 scripsit

1935 3764 2004 3820 de
2032 3763 2789 3841 persecutioueNVandaflica.‘
2864 3831 2901 3841 _‘
3094 3829 3126 3841 η
3356 3829 3404 3841 η
3483 3830 3495 3841 _

2011 3829 2251 3891 c'Franci
2297 3834 2579 3898 nimirum,
2630 3831 2811 3898 Gothi,
2862 3829 3294 3900 Burgundiones,
3342 3829 3525 3896 Alani,

1935 3906 2218 3961 Alamanni
2248 3913 2304 3960 et
2331 3905 2374 3960 si
2403 3905 2495 3973 qui
2523 3912 2802 3974 praeterea.

2008 3974 2037 4014 ἀ
2065 3976 2365 4044 Contigisse
2391 3969 2492 4029 ista
2523 3969 2621 4028 sub
2642 3969 3116 4044 imperioHonorii
3137 3971 3272 4044 Aug.
3303 3969 3525 4044 tradunt

1935 4039 2250 4116 scriptores'
2274 4044 2638 4116 historiarum.
2688 4039 2822 4098 Vide
2843 4042 3268 4107 Marianam,lib.
3313 4057 3345 4095 v
3386 4039 3515 4095 Her.

1934 4113 2412 4191 Hispa_n.,cap;_2-
2477 4184 2489 4191 _
2549 4183 2561 4191 ,
2874 4182 2885 4191 ,
3046 4180 3061 4191 ,
3374 4179 3408 4191 _.

2010 4180 2249 4240 °'Victor
2278 4180 2519 4240 Vitensis
2549 4183 2600 4236 in
2631 4184 2768 4238 libro
2806 4182 2979 4251 primo
3030 4180 3098 4234 de
3124 4180 3525 4251 persecutione

1932 4256 2246 4312 Wandalica
2275 4254 2459 4309 scribit
2502 4248 2853 4308 Gensericum
2892 4264 3074 4317 regem
3124 4248 3519 4304 Wandalorum

1931 4329 2099 4383 totius
2126 4325 2317 4380 Africa:
2357 4324 2614 4378 ambitum
2647 4322 2941 4377 obtinuisse
2987 4327 3110 4391 post
3144 4327 3378 4391 mortem
3407 4318 3516 4373 Va-

1930 4397 2207 4453 lentiniani
2250 4393 2318 4448 lll
2370 4394 2559 4463 imper.
2598 4411 2611 4446 :
2645 4391 2864 4447 Necnon
2911 4389 3519 4463 etfinsulasmnmimas

1932 4468 2256 4532 Sardiniam,
2296 4458 2550 4527 Siciliam,
2594 4464 2874 4526 Corsicam,
2905 4460 3155 4532 Ebusum,
3179 4458 3512 4532 Munjoricam,

1852 4519 1901 4578 θ
1926 4519 2261 4603 itinerum;
2293 4519 2344 4588 et
2370 4536 2502 4589 alias
2537 4519 2754 4589 Intullas.
2787 4519 3373 4603 Ve'rumGensericium
3412 4519 3513 4603 de;

1927 4609 2223 4678 prtedalum
2248 4599 2430 4678 fuisse
2463 4605 2710 4678 Siciliam
2739 4619 2881 4678 anno
2909 4599 3433 4678 {ioudocet‘ldatius
3459 4601 3513 4653 in

1926 4669 2216 4735 Chronico.
2269 4674 2597 4737 Gaisericus,
2651 4674 2852 4744 inquit,
2910 4672 3149 4727 Siciliam
3185 4669 3521 4740 depraztlatus

1926 4748 2247 4803 Panormum
2268 4746 2357 4800 diu
2387 4745 2601 4801 obsedit.

2002 4816 2021 4857 ί
2056 4819 2112 4874 1η
2141 4817 2411 4881 Numidia,
2458 4832 2580 4885 qua:
2609 4820 2794 4884 postea
2841 4811 2981 4885 dicta
3019 4817 3103 4865 est
3137 4808 3515 4885 Constantina.

1926 4887 2068 4962 Hine
2083 4888 2319 4962 episcopi
2348 4879 3188 4962 CuttstantimensesFortunatus
3212 4889 3271 4962 et
3290 4879 3513 4962 Petilia-

1924 4975 2027 5013 nus
2056 4952 2429 5016 in'colla'tione
2457 4952 2887 5024 Carthaginensi.
2916 4952 3114 5024 Notum
3144 4959 3227 5024 est
3263 4952 3517 5024 omnibus

1924 5028 2171 5103 Cirtense
2197 5029 2484 5103 concilium
2512 5021 2754 5103 habitum
2794 5021 3095 5103 anno_'505,
3135 5021 3515 5103 sub‘Secuudo

1924 5100 2181 5173 episcopo
2224 5098 2554 5173 Tisigitauo;
2602 5095 2755 5173 cujus
2800 5094 3009 5173 mentio
3044 5102 3179 5173 tum
3205 5093 3355 5173 alibi,
3399 5099 3515 5173 tum

1923 5162 2065 5239 apud
2095 5162 2449 5239 Augustinum
2498 5162 2552 5222 in
2605 5162 2880 5221 breviculo
2908 5162 3212 5219 collationis
3252 5162 3359 5218 diei
3400 5170 3512 5217 ter-

1925 5237 2031 5303 tiae.
2065 5237 2368 5309 cap-‘15sl
2393 5251 2547 5309 seqq:

1995 5299 2026 5358 ε’
2051 5299 2206 5365 Αηὶιο
2252 5307 2378 5371 459,
2419 5299 2685 5362 υίῖἲοεει
2721 5304 3062 5359 Marcellinus
3102 5317 3284 5358 eomes
3327 5320 3340 5354 :
3393 5299 3511 5355 Iloc

1926 5389 2151 5450 tempore
2174 5378 2479 5433 Gensericus
2506 5393 2599 5431 rea:
2634 5375 3011 5450 Wandalorum
3048 5374 3257 5450 Africm
3280 5373 3517 5425 ciuitates

1920 5443 2383 5520 Carthaginemgue
2403 5448 2722 5520 metropolth
2747 5464 2859 5520 cum
2888 5448 2993 5520 suis
3026 5443 3344 5520 satellitibus.
3362 5457 3515 5520 occu-

1921 5522 2104 5593 parit;
2118 5507 2229 5593 Ἱκᾳί.
2249 5507 2576 5593 Novembris:
2596 5518 2793 5571 ldatius
2808 5518 2856 5570 in
2878 5514 3146 5593 Chronico
3167 5531 3178 5565 :
3199 5511 3513 5593 Carthagine

1923 5582 2108 5662 fraude
2148 5590 2359 5662 decepta
2384 5589 2828 5662 Adecimaquar‘to
2876 5586 2979 5638 kal.
3034 5582 3280 5638 Nouemb.
3310 5597 3518 5636 onmem

1924 5656 2158 5734 Africam
2180 5656 2278 5714 rem
2296 5658 2589 5734 Gaiscrirus
2617 5656 2832 5734 invadit.
2914 5723 2925 5734 .

1997 5728 2025 5768 ¹¹
2054 5730 2110 5787 id
2139 5740 2240 5796 est,
2272 5731 2501 5803 populus
2522 5728 2975 5797 Carthaginiensis.
