4036 6180
490 312 594 366 1‘23

1413 307 1469 362 S.
1512 304 1825 363 SALYIANI
1864 300 2322 359 MASSILIENSIS
2359 301 2779 361 PRESBYTER!

3646 308 3746 363 1M

486 423 851 479 Christianum
879 437 1039 490 quam
1066 420 1431 489 captivitatem
1452 420 1644 472 animm
1670 418 1950 480 sustinere,
1982 420 2071 468 se;
2092 422 2141 477 ι
2173 415 2306 468 tioni
2335 416 2507 485 prima
2536 416 2835 486 captivitas,
2857 424 2912 471 ut
2934 416 3249 473 instauratio
3275 426 3619 489 peccatorum
3639 436 3744 476 non

486 513 717 569 eundum
756 512 882 566 illud
919 512 1062 580 quod
1104 511 1261 565 docet
1288 510 1535 563 Salvator
1557 510 1671 577 ipse
1699 508 1750 560 in
1775 506 2065 573 Evangelio

487 604 643 676 (Luc.
670 620 742 668 ix,
788 601 856 655 24
880 642 894 666 ,
921 600 1033 664 25),
1063 601 1365 669 graviorem
1396 600 1562 653 multo
1588 584 1886 651 animarum
1916 612 2063 648 mor-

488 705 594 751 tem
625 710 743 749 esse
769 708 929 761 quam
960 707 1264 761 corporum.
1314 692 1394 745 An
1436 690 1702 745 credimus
1741 688 1879 743 forte
1916 687 2065 757 quod

482 786 726 854 captivus
747 784 937 837 animis
961 783 1185 851 populus
1207 782 1295 836 ille
1317 798 1421 835 non
1448 782 1623 844 tuerit,
1647 781 1740 847 qui
1762 780 1913 833 hctus
1933 787 2063 832 tunc

484 876 542 930 in
566 890 785 929 suorum
831 874 1229 943 captivitatibus
1272 872 1404 925 fuit?
1439 873 1590 942 132
1619 870 1872 939 Captivus
1900 869 2063 923 corde

486 974 543 1020 et
580 981 738 1020 sensu
772 982 875 1019 non
906 974 1054 1026 erat,
1089 965 1181 1032 qui
1213 964 1351 1015 inter
1379 978 1599 1015 suorum
1632 962 1891 1031 supplicia
1921 960 2065 1014 ride-

485 1056 594 1119 bat,
619 1057 709 1124 qui
732 1055 961 1124 jugulari
1009 1072 1067 1109 se
1101 1055 1153 1107 in
1183 1070 1401 1109 suorum
1432 1054 1630 1121 jugulis
1660 1070 1764 1106 non
1802 1053 2064 1117 intellige-

484 1146 597 1208 bat,
620 1148 709 1214 qui
756 1147 889 1199 mori
937 1161 994 1200 se
1036 1147 1087 1199 in
1119 1162 1337 1199 suorum
1370 1146 1633 1198 mortibus
1664 1161 1768 1197 non
1798 1144 2064 1212 putabat?

485 1237 705 1303 Fragor,
748 1245 805 1290 ut
860 1237 931 1289 ita
960 1235 1204 1301 dixerim,
1231 1245 1383 1289 extra
1408 1250 1589 1287 muros
1623 1241 1681 1287 et
1708 1234 1844 1286 intra
1882 1248 2064 1286 muros

483 1328 786 1396 praeliorum
809 1335 864 1380 et
888 1327 938 1379 lu
960 1328 1240 1390 Zicroruni;
1269 1326 1691 1381 contendebatur
1712 1340 1812 1376 vox
1838 1324 2068 1376 [norica-

488 1419 616 1470 tium
655 1433 867 1485 voxque
917 1419 1324 1481 bacchantium;
1356 1432 1418 1470 ac
1462 1416 1551 1468 vix
1580 1415 1810 1469 discerni
1839 1414 2066 1467 forsitan

481 1514 696 1575 poterat
716 1508 883 1576 plebis
911 1507 1127 1575 ejulatio
1157 1523 1275 1575 qua:
1303 1507 1531 1561 cadebat
1557 1506 1607 1558 in
1639 1506 1798 1567 bello,
1818 1514 1872 1558 et
1899 1521 2065 1559 setius

482 1596 665 1665 populi
693 1597 783 1664 qui
817 1598 1083 1651 clamabat
1114 1598 1165 1651 iii
1190 1598 1355 1651 circo.
1388 1596 1454 1649 Et
1472 1612 1593 1649 cunt
1619 1596 1732 1649 lucc
1761 1596 1940 1648 omnia
1969 1595 2063 1650 lie-

481 1695 634 1748 rent,
665 1687 792 1755 quid
821 1687 964 1742 aliud
991 1688 1110 1742 talis
1131 1688 1358 1756 populiis
1379 1686 1572 1754 agebat
1594 1686 1693 1739 nisi
1718 1694 1775 1739 ut
1797 1701 1916 1739 cum
1938 1701 2065 1739 eum

2166 505 2517 561 histaurasset
2537 507 2819 561 excidium.
2850 506 2956 560 Sed
2976 507 3102 575 quid
3126 507 3312 577 plura?
3332 507 3647 563 Incredibile
3665 519 3746 565 est

2163 597 2306 665 quod
2328 597 2534 665 loquor.
2552 596 2850 651 Assiduitas
2869 597 2978 650 illic
2997 597 3381 662 calamitatum,
3401 604 3741 665 augmentum

2164 690 2272 747 illic
2299 692 2580 745 criminum
2611 690 2724 744 fuit.
2759 691 2911 745 Sicut
2935 692 3076 744 enim
3105 692 3396 758 anguinum
3443 692 3575 745 illud.
3600 708 3745 746 mon-

2167 790 2358 843 strum,
2409 790 2469 835 ut
2507 780 2697 835 fabula:
2726 782 2920 843 lerunt,
2970 781 3358 848 multiplicabat
3402 781 3639 845 occisio;
3672 782 3742 835 ita

2166 871 2330 923 etiam
2361 870 2413 923 in
2447 868 2721 924 Gallorum
2752 870 3195 924 excellentissima
3229 871 3357 923 urbe
3381 872 3441 923 iis
3466 872 3592 939 ipsis
3620 872 3741 939 qui-

2163 957 2265 1012 bus
2285 960 2674 1013 coercebantur
2697 960 2865 1028 plagis
2884 961 3085 1013 scelera
3107 962 3419 1015 CTO>CEDMII
3454 978 3466 1012 :
3499 971 3555 1014 ut
3584 971 3743 1029 puta-

2164 1063 2252 1102 res
2284 1065 2499 1117 pinnam
2529 1050 2764 1118 ipsorum
2796 1050 3077 1103 criminum
3105 1053 3255 1117 quasi
3280 1035 3500 1104 matrem
3524 1068 3641 1103 esse
3665 1054 3742 1106 vi-

2166 1140 2381 1193 tiorum.
2440 1139 2508 1193 Et
2560 1141 2686 1208 quid
2737 1141 3027 1210 plura?Ad
3074 1142 3176 1195 hoc
3215 1143 3474 1196 malorum
3505 1145 3744 1211 quotidie

2166 1231 2537 1298 pullulantium
2566 1233 3007 1300 multiplicatione
3031 1245 3343 1303 perveniunt
3384 1246 3459 1287 est
3479 1277 3491 1293 ,
3532 1246 3586 1289 ut
3619 1237 3744 1292 faci-

2166 1321 2271 1374 lius
2296 1331 2436 1375 esset
2471 1324 2657 1375 urbem
2710 1324 2851 1377 illam
2901 1325 3016 1377 sine
3048 1326 3345 1378 habitatore
3391 1342 3548 1394 quam
3581 1329 3743 1382 ullum

2166 1430 2304 1481 pene
2332 1414 2687 1467 habitatorem
2728 1430 2845 1468 esse
2890 1414 3005 1467 sine
3054 1416 3296 1468 crimine.
3330 1415 3493 1481 Igitur
3540 1418 3640 1469 hoc
3692 1419 3743 1475 in

2168 1504 2273 1556 ilLa.
2307 1501 2493 1569 Quidtl
2527 1506 2580 1559 in
2645 1506 2749 1560 alia
2804 1523 2911 1559 non
2959 1506 3136 1573 longe,
3181 1508 3273 1560 sed
3314 1525 3479 1577 prope
3507 1510 3747 1576 ejusdem

2167 1593 2573 1661 magnificentizc
2609 1597 2825 1651 civitate
2847 1597 2869 1649 ?
2892 1596 3078 1651 Nonne
3102 1598 3285 1650 eadem
3316 1609 3368 1651 et
3390 1615 3571 1651 rerum
3594 1601 3744 1658 ruina

2167 1686 2371 1755 pariter
2397 1693 2452 1739 et
2479 1688 2723 1739 morum?
2752 1686 2883 1740 Nam
2907 1696 3101 1755 prmtcr
3130 1697 3342 1749 cetera,
3380 1706 3500 1742 cuni
3538 1690 3746 1744 duobus

482 1777 624 1833 Deus
652 1778 877 1847 perdere
903 1779 1077 1833 adhuc
1103 1777 1331 1832 fortasse
1364 1778 1546 1844 ιωιιει,
1582 1786 1758 1832 tamen
1797 1777 1912 1847 ipse
1945 1777 2059 1831 exi-
2090 1775 2135 1834 Β
2164 1775 2271 1829 illic
2296 1777 2578 1845 prmcipuis
2606 1785 2663 1831 et
2680 1779 3018 1843 generalibus
3040 1779 3213 1843 malis,
3243 1780 3465 1833 avaritia
3491 1790 3544 1833 et
3572 1781 3745 1835 ebrie-

482 1877 636 1935 geret
662 1876 721 1922 ut
748 1869 985 1938 periret?

553 1958 687 2013 χιιι.
714 1958 820 2014 Sed
845 1961 973 2028 quid
995 1974 1095 2028 ego
1123 1960 1317 2029 loquor
1339 1959 1407 2014 de
1433 1960 1593 2026 longe
1621 1960 1813 2029 positis
1829 1968 1883 2014 et
1908 1961 2063 2030 quasi

482 2050 537 2106 in
566 2050 670 2105 alio
700 2051 830 2105 orbe
858 2051 1137 2114 submotis,
1168 2065 1291 2104 cum
1319 2051 1482 2104 sciam
1509 2050 1671 2103 etiam
1699 2059 1725 2087 ι
1747 2050 1798 2103 in
1828 2050 1944 2104 solo
1966 2066 2062 2119 pa-

481 2144 586 2197 trio
628 2153 787 2212 atque
839 2144 892 2197 in
946 2143 1252 2198 civitatibus
1308 2140 1597 2198 Gallicanis
1652 2158 1839 2197 omnes
1894 2142 2062 2199 ferme

479 2233 1059 2304 1’praaeelsioresviros
1103 2235 1495 2290 calamitatibus
1530 2235 1639 2289 suis
1686 2234 1854 2290 factos
1898 2235 2062 2291 fuisse

477 2324 725 2394 pejores?
762 2325 881 2379 Vidi
909 2325 1168 2394 siquidem
1198 2339 1298 2393 ego
1328 2326 1442 2395 ipse
1482 2324 1753 2380 Treveros
1783 2326 1929 2382 domi
1956 2342 2060 2380 no-

478 2416 633 2481 biles,
682 2416 940 2484 dignitate
976 2416 1248 2479 sublimes,
1280 2416 1404 2471 licet
1438 2415 1548 2485 jam
1595 2416 1852 2486 spoliatos
1898 2423 2060 2485 atque

476 2515 741 2571 Vastatos,
791 2509 967 2583 minus
1019 2515 1198 2561 tamen
1251 2523 1470 2562 eversos
1508 2508 1670 2562 rebus
1710 2507 1871 2563 fuisse
1898 2522 2059 2576 quam

478 2600 737 2652 moribus.
770 2598 1023 2664 Quamvis
1050 2598 1192 2652 cnitn
1216 2598 1553 2668 depOpulatis
1568 2599 1679 2668 jam
1708 2609 1871 2669 atque
1898 2600 2059 2654 nuda-

478 2688 548 2741 tis
583 2688 787 2757 aliquid
822 2696 1103 2756 supererat
1141 2686 1209 2741 de
1248 2688 1566 2751 substantia,
1618 2688 1751 2743 nihil
1789 2698 1967 2743 tamen
1993 2689 2061 2744 de

477 2780 774 2849 disciplina.
813 2780 961 2833 Adeo
1011 2780 1286 2847 graviores
1313 2780 1365 2833 in
1406 2789 1576 2833 semet
1604 2780 1786 2834 hostes
1822 2781 2061 2836 externis

478 2872 722 2925 hostibus
751 2879 923 2934 erant,
952 2879 1011 2924 ut
1039 2872 1163 2924 licet
1200 2886 1231 2922 a
1263 2871 1503 2925 barbaris
1519 2869 1628 2937 jam
1658 2871 1832 2925 eversi
1855 2881 2059 2936 essent,

478 2978 507 3015 a
534 2977 593 3016 se
620 2969 797 3014 tamen
827 2961 995 3028 magis
1032 2968 1418 3015 everterentur.
1463 2959 1711 3026 Lugubre
1749 2969 1832 3014 est
1858 2960 2060 3016 referre

477 3067 593 3122 qua:
611 3052 859 3115 vidimus,
876 3066 1031 3105 senes
1050 3051 1360 3114 honoratos,
1379 3050 1681 3121 decrepitos
1701 3048 2059 3129 Christianos,

2162 1872 2293 1929 tate,
2342 1865 2523 1919 omnia
2566 1867 2952 1933 concidissent;
2983 1867 3051 1921 ad
3092 1869 3193 1922 hoc
3238 1879 3511 1938 postremo
3566 1872 3746 1929 rabida

2164 1956 2272 2010 vini
2301 1956 2555 2011 aviditate
2583 1966 2897 2026 perventum
2919 1969 3019 2024 est,
3045 1969 3102 2014 ut
3122 1961 3389 2031 principes
3412 1962 3555 2015 urbis
3584 1963 3749 2031 ipsius

2161 2062 2232 2101 ne
2265 2054 2391 2102 tunc
2417 2047 2630 2115 quidem
2658 2050 2725 2103 de
2752 2050 3008 2104 conviviis
3036 2060 3341 2118 surgerent,
3369 2068 3490 2107 cum
3517 2054 3628 2122 jam
3659 2071 3747 2108 ur-

2159 2137 2280 2193 bem
2303 2138 2471 2191 hostis
2485 2138 2730 2193 intraret.
2745 2139 2895 2194 Adeo
2905 2142 3064 2194 etiam
3078 2141 3219 2195 Deus
3240 2142 3367 2210 ipsis
3383 2143 3674 2208 evidenter,
3692 2153 3749 2199 ut

2161 2225 2347 2291 credo,
2364 2226 2703 2282 manifestare
2724 2229 2893 2282 voluit
2917 2245 3012 2284 cur
3032 2230 3268 2300 perirent
3291 2249 3305 2297 ;
3330 2248 3449 2286 cunt
3472 2249 3569 2302 per
3587 2249 3749 2301 quam

2161 2332 2275 2370 rem
2320 2318 2387 2372 ad
2426 2316 2781 2388 perditionem
2813 2320 3053 2374 ultimam
3091 2330 3368 2386 venerant,
3413 2338 3530 2377 eam
3580 2324 3751 2392 ipsam

2161 2417 2382 2476 agerent
2409 2424 2528 2464 cum
2560 2411 2815 2479 perirent.
2844 2411 2959 2465 Vidi
2990 2427 3091 2480 ego
3118 2413 3226 2467 illic
3248 2429 3334 2467 res
3354 2414 3751 2484 lacrymabiles,

2160 2500 2295 2554 nihil
2322 2500 2527 2555 scilicet
2550 2501 2689 2555 inter
2710 2517 2906 2570 pueros
2944 2502 3156 2557 ilitierre
3183 2511 3239 2557 et
3290 2519 3467 2559 senes.
3500 2503 3611 2558 Una
3633 2511 3751 2561 erat

2160 2592 2474 2658 scurrilitas,
2525 2609 2630 2647 una
2676 2593 2869 2649 levitas
2898 2612 2910 2646 :
2936 2595 3093 2650 simul
3139 2597 3340 2661 omnia,
3383 2597 3558 2661 luxus,
3591 2610 3753 2667 pota-

2160 2684 2353 2749 tiones,
2404 2685 2734 2754 perditiones
2768 2704 2779 2739 :
2812 2695 3005 2740 cuncta
3050 2703 3237 2741 omnes
3261 2689 3465 2757 puriter
3490 2690 3747 2755 agebant,

2161 2773 2434 2841 ludebant,
2485 2776 2847 2843 ebriebantur,
2891 2779 3284 2842 enecabantur;
3317 2779 3662 2834 lasciviebant
3692 2780 3749 2834 in

2159 2865 2448 2930 conviviis,
2501 2866 2667 2920 vetuli
2712 2875 2768 2921 et
2813 2868 3096 2935 honorati,
3150 2868 3306 2939 135.
3351 2870 3417 2923 ad
3460 2871 3751 2924 vivendum

2160 2970 2328 3025 prope
2368 2956 2481 3024 jam
2529 2957 2840 3023 imbecilles,
2872 2959 2938 3011 ad
2973 2959 3153 3012 vinum
3178 2960 3627 3027 pt'zm'alidissitni;
3660 2961 3750 3015 in-

2161 3047 2307 3100 lirmi
2322 3047 2389 3100 ad
2417 3048 2814 3113 ambulandum,
2843 3051 3045 3105 robusti
3068 3052 3135 3104 ad
3155 3052 3441 3105 bibendum
3462 3070 3476 3111 :
3500 3054 3562 3105 ad
3593 3066 3750 3121 gres-

477 3142 789 3197 imminente
814 3142 927 3210 jam
955 3141 1241 3217 admodum
1284 3140 1492 3195 excidio
1526 3141 1775 3205 civitatis,
1811 3140 1948 3209 gulze
1993 3156 2058 3196 ac
2083 3143 2126 3203 Ε
2158 3157 2276 3195 sum
2299 3141 2615 3203 nutabundi,
2645 3142 2713 3195 ad
2743 3143 3310 3213 saltandumexpediti.
3339 3143 3550 3211 thnid
3568 3146 3750 3213 plura?

478 3234 707 3287 lasciviat
755 3233 1065 3287 servientes.
1128 3231 1264 3298 Quid
1309 3233 1541 3302 primum
1571 3232 1659 3288 hic
1697 3233 2056 3287 accusandum

476 3326 590 3378 est?
618 3324 765 3395 quod
812 3324 1079 3389 honorati,
1122 3339 1189 3377 an
1228 3323 1373 3392 quod
1412 3338 1588 3388 senes,
1621 3338 1688 3379 an
1726 3323 1869 3393 quod
1899 3322 2058 3378 Chri-

476 3417 655 3481 stiani,
712 3432 790 3469 an.
828 3415 970 3484 quod
1018 3416 1420 3485 periclitantes?
1466 3414 1596 3482 Quis
1635 3416 1783 3471 enim
1810 3417 1912 3471 hoc
1940 3415 2057 3471 ﬁeri

476 3521 632 3577 posse
659 3506 864 3572 credat,
890 3506 972 3560 vel
1017 3506 1070 3560 in
1100 3508 1386 3561 securitate
1413 3521 1444 3559 a
1473 3507 1690 3561 senibus
1713 3546 1728 3570 ,
1759 3508 1845 3561 vel
1872 3508 1926 3561 in
1948 3507 2060 3561 dis-

477 3598 702 3652 crimine
738 3613 768 3651 a
808 3597 1020 3667 pueris,
1052 3596 1137 3651 vel
1168 3613 1397 3666 unquam
1433 3612 1464 3650 a
1491 3597 1844 3652 Christianis?
1896 3596 2047 3652 Jace-

469 3688 607 3745 bant
646 3687 699 3740 in
737 3686 999 3741 conviviis
1035 3686 1187 3739 obliti
1224 3686 1464 3750 honoris,
1493 3686 1646 3747 obliti
1686 3686 1877 3747 uitatis.
1903 3687 2063 3740 obliti.

476 3776 843 3846 professionis,
901 3776 1050 3829 obliti
1099 3776 1331 3829 nominis
1372 3775 1486 3839 sui,
1528 3776 1800 3845 principes
1826 3776 2060 3831 civitatis

477 3869 596 3922 cibo
625 3867 871 3931 conferti,
894 3866 1185 3920 vinolentia
1208 3866 1470 3931 dissoluti,
1502 3867 1824 3921 clamoribus
1843 3867 2012 3922 rabidi
2037 3908 2051 3933 ,

468 3956 826 4012 bacchatione
875 3955 1082 4019 furiosi,
1115 3956 1250 4009 nihil
1288 3956 1467 4011 minus
1510 3972 1670 4025 quam
1716 3973 1904 4012 sensus
1933 3959 2053 4024 sui;

484 4051 637 4121 133
679 4050 853 4104 immo.
891 4049 1017 4118 quia
1064 4063 1234 4119 prope
1275 4048 1475 4117 jugiter
1526 4050 1681 4115 tales,
1728 4050 1861 4104 nihil
1889 4051 2059 4118 magis

475 4158 635 4214 quam
664 4156 852 4197 sensus
880 4140 981 4196 sui.
1006 4139 1113 4195 Sed
1139 4156 1261 4195 cum
1282 4141 1395 4195 hate
1421 4140 1496 4194 ita
1522 4148 1721 4206 essent,
1743 4141 1865 4211 plus
1888 4142 2057 4195 multo

467 4244 557 4292 est
596 4236 740 4305 quod
779 4235 1021 4290 dicturus
1072 4249 1191 4288 sum
1224 4251 1237 4287 :
1272 4232 1429 4288 linem
1476 4233 1766 4304 perditioni
1803 4234 1929 4289 huic
1955 4249 2057 4288 nec

474 4328 749 4385 civitatum
787 4327 992 4380 excidia
1030 4326 1291 4381 fecerunt.
1336 4325 1576 4394 Denique
1629 4335 1931 4395 expugnata
1977 4335 2060 4380 est

476 4429 666 4490 quater
715 4430 737 4458 ο
766 4420 892 4473 urbs
945 4417 1220 4472 Gallorum
1274 4419 1697 4487 opulentissima.
1739 4418 2052 4490 Promptum

2157 3231 2217 3286 1n
2244 3233 2349 3287 hoc
2376 3248 2474 3302 per
2500 3242 2692 3287 cuneta
2722 3234 2817 3288 illa.
2837 3250 2957 3303 quin
2985 3235 3248 3297 diximus,
3279 3235 3514 3290 devoluti
3542 3245 3750 3292 suntut

2157 3327 2519 3397 compleretur
2544 3328 2596 3380 in
2627 3326 2706 3381 eis
2751 3327 2951 3381 dictum
2993 3327 3121 3382 illud
3144 3329 3407 3381 sermonis
3428 3328 3566 3382 sacri
3596 3346 3607 3381 :
3650 3328 3750 3382 Vi-

2157 3434 2282 3472 num
2306 3427 2355 3471 et
2382 3418 2620 3471 mulieres
2652 3426 2948 3486 upostatare
2976 3419 3177 3489 faciunt
3201 3436 3238 3471 α
3256 3417 3366 3472 Deo
3392 3417 3409 3488 (
3434 3417 3597 3471 Ecclt'.
3629 3434 3744 3484 nx,

2157 3508 2244 3580 2).
2277 3509 2409 3564 Nam
2439 3509 2564 3564 dum
2587 3510 2797 3574 bibunt,
2831 3510 3037 3574 ludunt,
3069 3511 3422 3575 merebantur,
3455 3512 3745 3578 insaniunt,

2157 3601 2649 3671 Christum-negare
2669 3609 2967 3673 coeperunt.
2995 3602 3063 3655 Et
3086 3604 3341 3656 miramur
3363 3613 3482 3673 post
3502 3604 3601 3657 ista
3628 3619 3749 3657 om-

2157 3695 2255 3747 nia
2293 3694 2338 3749 si
2378 3694 2587 3748 ruinam
2634 3710 2814 3748 rerum
2860 3705 3077 3748 suarum
3122 3696 3265 3763 passi
3303 3703 3443 3758 sunt,
3476 3696 3565 3763 qui
3595 3702 3748 3749 tanto

2159 3791 2284 3837 ante
2306 3784 2575 3837 mentibus
2602 3785 2958 3837 corruerunt?
2984 3782 3151 3838 Nemo
3175 3785 3355 3854 itaque
3385 3785 3569 3839 urbem
3598 3786 3757 3840 illam.

2157 3875 2368 3929 excidio
2417 3891 2515 3931 suo
2561 3884 2767 3930 tantum
2820 3877 3025 3946 perisse
3055 3876 3258 3930 credat.
3302 3876 3397 3931 Ubi
3428 3878 3571 3932 enim
3618 3878 3748 3933 talia

2159 3977 2279 4022 acta
2309 3976 2449 4032 sunt,
2480 3969 2631 4037 prius
2645 3968 2756 4036 jam
2788 3968 3060 4038 perierant
3083 3984 3243 4037 quam
3272 3968 3525 4039 perirent.

2230 4058 2367 4111 ΧΠ.
2403 4059 2523 4112 Dixi
2544 4058 2611 4113 de
2642 4059 2864 4113 urbibus
2890 4058 3329 4128 prtrclarissimis.
3363 4059 3499 4126 Quid
3528 4060 3751 4128 reliquas

2160 4151 2213 4205 in
2254 4150 2478 4205 diversis
2524 4150 2815 4205 Galliarum
2861 4151 3104 4220 partibus
3162 4151 3450 4206 civitates?
3496 4151 3746 4216 Nunquid

2161 4258 2267 4296 non
2296 4241 2664 4295 consimilibus
2693 4241 3054 4296 habitatorum
3078 4257 3296 4296 suorum
3324 4242 3468 4301 vitiis
3494 4242 3747 4297 concide—

2158 4333 2326 4387 runt?
2368 4331 2501 4386 Nam
2548 4331 2621 4385 ita
2670 4339 2903 4386 cunctos.
2935 4332 3171 4387 crimina
3204 4348 3298 4386 sua
3336 4341 3663 4402 presserant,
3684 4339 3747 4386 ut

2160 4437 2262 4477 nec
2299 4428 2606 4475 metuerent
2646 4420 2953 4489 periculum.
2977 4436 3152 4474 suum.
3186 4421 3624 4477 Prcenoscebatur
3649 4436 3746 4475 ca-

470 4512 645 4567 estde
664 4525 775 4581 qua
792 4509 985 4564 dicam.
1016 4507 1277 4563 Suﬂicere
1305 4509 1488 4577 utique
1515 4509 1774 4563 debuerat
1798 4510 2053 4565 emenda~
2084 4508 2132 4566 D
2158 4513 2353 4583 ptivas,
2381 4527 2483 4566 nec
2512 4511 2915 4566 tbrmidabatur.
2949 4510 3171 4567 A‘blatus
3198 4512 3396 4583 quippe
3416 4520 3531 4567 erat
3559 4528 3589 4566 a
3617 4526 3746 4582 pec-

1654 4641 1988 4697 STEPHANI
2025 4641 2295 4699 BALUle
2332 4641 2557 4698 ΝΟΤᾸΞ.

544 4771 570 4798 ει
601 4759 679 4813 Ex
709 4760 811 4811 hoc
838 4757 958 4811 loco
988 4763 1134 4810 recte
1162 4754 1495 4823 collegerunt
1520 4755 1912 4811 ceuturiatores
1933 4754 2055 4811 Sal-

468 4832 691 4888 sianum
721 4828 892 4896 patria
919 4824 1129 4880 Gallum
1158 4826 1337 4879 fuisse.

544 4901 570 4939 ιι
598 4893 780 4955 Codex
828 4895 1068 4950 Colbert.
1100 4904 1153 4949 et
1182 4904 1403 4950 veteres
1416 4893 1569 4958 edit.,
1599 4895 2047 4964 pracellmtiores.

546 4981 571 5010 ο
602 4971 781 5023 Antea
804 4966 1082 5032 legebatur
1108 4965 1230 5018 urbs
1259 4964 1528 5019 Gallorum
1561 4965 1746 5018 Treuer
1771 4966 2054 5032 apulenu's-

467 5044 622 5096 sima.
656 5037 763 5092 Sed
790 5039 913 5105 quia
937 5036 1177 5089 constitit
1204 5051 1391 5089 vocem
1417 5036 1599 5089 Trever
1619 5049 1737 5090 esse
1764 5036 2051 5103 glossema,
2090 5037 2097 5042 ’

466 5112 617 5181 quod
641 5125 709 5163 ex
735 5123 827 5161 ora
858 5106 976 5181 libri
1002 5105 1216 5181 irrepsit
1237 5106 1296 5181 in
1323 5114 1548 5170 textum,
1581 5106 1913 5160 eammerito
1933 5120 2056 5181 cena

470 5175 676 5235 sinimus
727 5192 846 5231 esse
876 5175 1185 5229 tollendam.
1220 5175 1548 5243 Argunieuto
1595 5183 1723 5231 sunt
1773 5177 2065 5243 sequentia;

470 5252 761 5319 legitimam
809 5262 927 5319 esse
978 5245 1605 5319 hanc__emendationem.
1661 5246 1822 5319 Addit
1866 5247 2048 5319 enim:

474 5315 778 5390 Promptum
794 5316 953 5369 est'de
969 5315 1278 5390 quaaicam.
1298 5315 1387 5369 Sic
1406 5317 1547 5390 enim
1575 5317 1767 5390 legitur
1785 5317 1840 5390 in
1868 5315 2053 5390 codice

472 5385 806 5450 (Zorbeiensi,
830 5402 951 5441 cum
974 5385 1316 5440 Colbertinus
1338 5393 1391 5438 et
1418 5386 1687 5440 editiones
1711 5386 1965 5446 habeant,
1992 5386 2057 5438 de

466 5480 590 5534 quo.
636 5460 820 5528 Itaque
849 5458 927 5511 sic
971 5455 1218 5525 primitus
1244 5464 1500 5534 scinptunt
1531 5455 1709 5534 fuitin
1750 5456 2002 5534 Salviano
2037 5474 2048 5507 :

473 5524 709 5603 Denique
732 5524 1029 5603 expugnata
1056 5535 1131 5579 est
1179 5535 1357 5603 quater
1383 5524 1504 5603 urbs
1534 5524 2052 5603 Galloruin_opulen-

467 5595 690 5655 tiasinia.
726 5595 1027 5667 Prbmptum
1053 5605 1129 5649 est
1167 5595 1230 5648 de
1256 5598 1571 5667 quardicam.
1607 5598 1779 5667 Quasi
1797 5595 2001 5649 diceret
2034 5612 2046 5648 :

470 5673 654 5738 hcque
676 5686 805 5723 vero
828 5666 1045 5721 neceSse
1070 5673 1154 5719 est
1172 5681 1202 5719 a
1218 5666 1318 5738 me
1344 5666 1501 5738 illam.
1520 5666 1805 5727 nominari,
1837 5681 1965 5738 cum
1977 5680 2048 5738 eo

467 5734 590 5812 ipso
625 5739 929 5806 iatclligatis
957 5752 1118 5807 quam
1150 5737 1335 5792 urbem
1381 5737 1562 5793 dicere
1601 5738 1757 5792 velim
1787 5750 1909 5790 cum
1938 5734 2046 5789 dixi

2159 4754 2453 4810 Galliarum
2481 4752 2970 4823 epulentissimam,
3001 4762 3057 4810 et
3085 4771 3173 4809 res
3200 4758 3273 4810 sit
3297 4757 3433 4811 adeo
3464 4774 3653 4814 recens
3682 4767 3741 4815 ut

2159 4827 2338 4881 clades
2366 4825 2482 4894 ejus
2511 4825 2708 4878 nemini
2740 4826 2949 4892 possint
2967 4840 3087 4880 esse
3126 4827 3339 4893 ignouit.
3368 4827 3515 4882 Unde
3544 4828 3742 4884 factum

2159 4904 2333 4950 estut
2360 4897 2412 4948 in
2454 4910 2549 4949 ora
2583 4895 2702 4948 libri
2751 4910 2781 4945 a
2812 4895 3053 4949 studioso
3105 4898 3336 4963 quodam
3383 4899 3621 4952 additum
3670 4900 3743 4953 sit

2162 4965 2367 5020 Trever.
2402 4966 2531 5031 Quae
2553 4980 2659 5018 vox
2697 4963 2892 5034 deinde
2912 4965 2980 5018 ab
3012 4966 3259 5034 imperito
3284 4968 3499 5022 librario
3528 4969 3579 5021 in
3609 4986 3743 5023 coii-

2158 5044 2308 5089 textu
2333 5037 2505 5105 posita
2533 5042 2635 5089 est.
2665 5033 2795 5105 Nam
2827 5031 2893 5088 de
2923 5031 3176 5101 Augustin
3203 5037 3558 5092 Treverorum
3586 5055 3743 5092 ever-

2159 5106 2311 5160 sione
2334 5104 2663 5173 quodrupliei
2685 5104 2840 5157 fidem
2860 5105 2985 5158 facit
3007 5121 3168 5174 supra
3179 5106 3593 5175 Salvianuspag.
3620 5109 3739 5174 tea,

2155 5177 2247 5246 ubi
2276 5192 2394 5230 eaut
2421 5183 2579 5246 vocat
2608 5175 2794 5246 urbem
2823 5176 3347 5246 excellentissimam.
3378 5177 3444 5230 Et
3468 5193 3587 5246 pag.
3619 5178 3740 5242 l57,

2154 5245 2222 5300 de
2247 5246 2434 5299 eadem
2470 5245 2713 5311 loquens,
2746 5244 2854 5297 ait:
2885 5243 3025 5299 Nam
3046 5248 3166 5317 quia
3180 5258 3236 5317 ire
3274 5249 3373 5300 tria
3401 5243 3601 5301 excidia
3634 5264 3741 5317 non

2153 5323 2509 5384 correxerunt,
2526 5327 2707 5384 quarto
2729 5318 2898 5384 perire
2911 5318 3159 5369 meruisti.
3178 5316 3273 5369 Vir
3286 5317 3612 5372 clarissimus
3628 5316 3705 5369 lia
3716 5347 3741 5358 ο

2154 5383 2372 5438 di-ianus
2404 5382 2642 5438 ValeSius
2671 5382 2893 5447 in'libro
2923 5385 3081 5440 tertio
3113 5384 3306 5440 Rerum
3338 5387 3738 5449 Francicarutn,

2155 5468 2276 5522 pag.
2306 5454 2426 5516 115,
2480 5455 2752 5508 existimat
2775 5454 3056 5511 Coloniam
3081 5454 3371 5523 Augustam
3397 5456 3743 5511 Trevirorum

2157 5525 2223 5597 ab
2248 5523 2465 5597 Erant-is
2493 5533 3128 5597 quartunt_expugnatani
3150 5527 3293 5581 circa
3312 5526 3376 5579 l7
3397 5527 3606 5597 imperii
3629 5526 3744 5579 νει-

2157 5593 2449 5647 lentiniaui.
2475 5592 2692 5659 annum,
2730 5592 2990 5648 Clodione
3010 5604 3288 5662 regnante.

2225 5663 2254 5787 ἒ
2276 5663 2717 5787 ξξὲιῖἶέἲιξέοιοιὰδ
2760 5664 3073 5736 Agrippina,
3101 5676 3161 5722 ut
3188 5666 3481 5722 arbitratur
3506 5664 3744 5723 lladr'uo

2152 5749 2254 5787 nus
2282 5748 2308 5787 Ὺ
2321 5748 2536 5787 ειιθειιιε.
