4006 6182
275 310 377 367 125

1351 313 1441 373 DE
1475 309 2005 373 GUBEBNATIONE
2041 310 2155 369 DEI
2193 294 2323 369 Lm.
2366 310 2448 368 vt.

3439 311 3542 367 £26

274 425 548 481 catorihus
594 424 761 481 timor
781 464 796 490 ,
856 440 925 482 ne
968 431 1153 497 posset
1212 440 1333 482 esse
1387 426 1616 483 cautela.
1670 424 1856 493 Itaque
1883 429 1925 484 Α
1956 423 2087 492 quid
2128 431 2281 493 petas
2324 439 2434 478 non
2477 421 2857 478 considerare?
2896 429 2991 479 aut
3027 421 3155 492 quid
3199 428 3306 478 tam
3346 424 3541 494 perditi

277 518 528 573 Barbaris
574 528 716 588 pene
761 519 816 572 in
861 527 1153 589 conspectu
1207 520 1445 574 omnium
1489 519 1624 582 sitis,
1682 517 1859 572 nullus

280 618 392 666 erat
415 617 597 664 metus
623 610 899 665 hominum
916 651 931 675 ,
963 626 1071 667 non
1099 610 1341 665 custodia
1363 610 1658 664 civitatum.
1689 607 1859 661 Tanta

281 700 578 755 animarum
630 700 716 755 vel
766 700 942 769 potius
977 708 1320 768 peccatorum
1362 699 1577 753 ctecitas
1621 698 1747 761 fuit,
1800 704 1860 750 ut

282 805 396 846 cum
426 791 637 859 absque
655 789 819 847 dubio
844 790 1019 844 nullus
1047 790 1224 859 perire
1245 790 1427 856 vellet,
1459 789 1635 843 nullus
1680 795 1859 842 tamen

282 879 332 934 id
360 888 545 948 ageret
580 894 650 933 ne
679 879 894 948 periret.
929 878 1120 934 Totum
1149 878 1352 933 incuria
1380 888 1434 933 et
1462 878 1744 946 segnities,
1777 885 1860 932 to-

283 979 391 1024 tttm
416 970 745 1037 negligentia
773 977 827 1023 et
847 970 990 1037 gula,
1022 978 1188 1023 totum
1213 970 1444 1023 ebrietas
1465 978 1520 1023 et
1548 969 1857 1023 somnolen-

284 1061 351 1113 tia
376 1059 764 1128 possidebant;
787 1059 1076 1113 secundum
1104 1059 1233 1112 illud
1251 1060 1453 1112 scilicet
1474 1058 1618 1126 quod
1636 1058 1706 1112 de
1735 1057 1855 1111 tali-

282 1151 376 1204 bus
396 1151 657 1219 scriptum
690 1159 775 1203 est
806 1168 818 1203 :
854 1148 986 1214 Quia
1030 1167 1184 1220 sapor
1221 1149 1429 1203 Domini
1458 1152 1689 1203 iunxerat
1709 1165 1860 1219 super

282 1258 366 1296 eos
395 1241 445 1310 (Ι
496 1239 626 1311 Reg.
666 1258 805 1303 xxvr,
840 1241 947 1308 19.).
991 1241 1167 1310 Sopor
1211 1243 1409 1311 quippe
1446 1241 1759 1301 infunditur,
1803 1251 1861 1295 ut

283 1333 507 1402 rerditio
536 1334 910 1401 subsequatur.
930 1330 1061 1384 Cum
1085 1332 1249 1397 enim,
1264 1342 1320 1385 ut
1338 1332 1592 1400 scriptum
1612 1340 1691 1385 est
1706 1329 1855 1401 (Cen.

284 1439 425 1484 mn,
457 1422 571 1489 ‘20),
604 1423 885 1491 completis
913 1422 1281 1490 iniquitatibus
1327 1421 1436 1476 suis
1465 1430 1714 1491 peccator
1741 1422 1861 1489 quis

284 1521 520 1566 meretur
550 1522 609 1566 ut
639 1520 842 1580 pereat,
874 1513 1203 1581 providentia
1234 1500 1302 1566 ab
1323 1528 1389 1566 eo
1420 1512 1622 1566 tollitur
1645 1528 1712 1566 ne
1732 1528 1855 1581 pcr-

281 1604 447 1658 itztrus
477 1606 689 1658 evadat.
720 1604 823 1659 Sed
862 1605 977 1660 lucc
1000 1605 1275 1659 hactenus.
1300 1603 1443 1658 Satis
1472 1603 1632 1667 enim,
1675 1612 1734 1657 ut
1771 1619 1858 1657 ar-

281 1691 466 1759 bitmr,
489 1692 636 1762 quod
659 1694 911 1763 proposui
939 1694 1212 1747 evidenter
1234 1694 1459 1759 ostendi,
1482 1709 1551 1749 ne
1580 1695 1630 1747 in
1653 1709 1860 1749 summo

1961 514 2118 571 luxus
2140 529 2303 583 quam
2330 514 2384 568 in
2412 513 2557 568 luctu
2578 528 2666 573 res
2691 512 2995 568 desiderare
3022 513 3282 568 luxuriae?
3302 523 3394 569 aut
3413 515 3542 583 quid

1961 605 2226 659 amentius
2263 619 2423 673 quam
2453 604 2506 657 in
2537 603 2692 658 malis
2720 619 2841 657 esse
2864 604 3204 658 etmalorum
3234 605 3539 673 intelligen-

1960 694 2088 748 tiam
2117 710 2224 749 non
2245 694 2481 748 habere?
2502 693 2815 762 Quanquam
2837 695 2888 748 in
2912 694 2994 747 bis
3018 696 3264 749 omnibus
3287 696 3428 749 nulla
3452 710 3539 751 res

1958 786 2136 839 minus
2180 784 2443 854 culpanda
2471 792 2554 837 est
2590 798 2763 851 .quam
2806 785 3079 837 amentia:
3110 785 3234 852 quia
3292 784 3539 838 voluntas

1959 876 2166 931 crimen
2207 891 2315 929 non
2365 875 2548 938 habet,
2577 875 2668 928 ubi
2697 873 2877 928 furore
2900 881 3169 943 peccatur.
3220 874 3338 940 Quo
3369 876 3539 943 magis

1959 968 2043 1023 bis
2060 968 2127 1022 de
2153 969 2348 1037 quibus
2375 968 2643 1035 loquimur
2670 967 2952 1021 accusandi
2981 976 3122 1031 sunt,
3154 967 3275 1034 quia
3307 967 3423 1020 sani
3453 969 3537 1021 in—

1960 1060 2256 1115 saniebant.
2286 1058 2569 1114 Circenses
2595 1072 2721 1125 ergo
2753 1057 2970 1111 Treveri
2993 1057 3324 1122 desideratis,
3357 1059 3539 1113 ethoc

1957 1156 2172 1218 vastati,
2196 1154 2298 1207 hoc
2326 1152 2632 1220 expugnati,
2667 1160 2787 1221 post
2806 1149 3031 1215 cladem,
3057 1156 3178 1217 post
3206 1150 3533 1219 sanguinem,

1959 1254 2085 1316 post
2111 1244 2389 1314 supplicia,
2422 1252 2543 1312 pust
2562 1243 2946 1311 captivitatem,
2976 1249 3098 1308 post
3122 1247 3203 1292 tot
3230 1254 3428 1293 eversae
3450 1254 3539 1291 ur-

1960 1335 2042 1388 bis
2072 1334 2323 1388 excidia?
2362 1332 2498 1398 Quid
2534 1330 2924 1402 lacryntabilius
2972 1330 3072 1383 bac
3112 1329 3368 1389 stultitia,
3413 1328 3538 1396 quid

1960 1425 2255 1479 luctuosius
2283 1423 2382 1477 bac
2409 1422 2680 1474 amentia?
2705 1420 2914 1482 Fateor,
2947 1419 3274 1471 miserrimos
3303 1433 3421 1471 esse
3444 1433 3539 1471 vos

1961 1516 2161 1571 credidi
2192 1530 2310 1569 cum
2358 1513 2565 1567 excidia
2596 1511 2736 1581 passi
2782 1511 2949 1575 estis;
2976 1509 3071 1563 sed
3119 1509 3423 1562 miseriores
3443 1523 3539 1562 vos

1960 1607 2118 1662 video
2138 1622 2258 1661 cum
2289 1602 2593 1673 spectacula
2635 1602 2937 1671 postulatis.
2982 1599 3240 1655 Putabam
3280 1599 3421 1653 enim
3440 1613 3540 1652 vos

1962 1696 2015 1750 in
2039 1695 2258 1751 excidiis
2283 1708 2395 1747 rem
2424 1700 2626 1745 tantum
2648 1699 2809 1761 atq-ue
2829 1690 3210 1754 substantiam;
3235 1690 3538 1745 nesciebam

281 1783 495 1859 quidem
549 1799 729 1837 rerum
784 1784 1092 1839 discrimine
1151 1785 1303 1859 135
1347 1799 1587 1840 cessasse
1633 1799 1865 1852 unquam
1894 1789 1942 1849 B
1967 1789 2130 1841 etiam
2156 1799 2371 1840 sensum
2395 1791 2557 1850 atque
2585 1781 2990 1850 intelligentiam
3034 1780 3347 1850 perdidisse.
3374 1779 3539 1834 Thea-

283 1875 409 1927 vitia
438 1876 636 1929 civium
665 1888 834 1942 usque
862 1874 928 1928 ad
968 1875 1173 1928 excidia
1210 1875 1503 1929 civitatum.

345 1961 459 2016 XV.
494 1962 672 2031 Atque
692 1964 806 2018 bzec
820 1961 1034 2017 fuerunt
1062 1962 1306 2029 fortasse,
1320 1962 1433 2032 jam
1461 1978 1569 2018 non
1595 1969 1737 2028 sunt,
1761 1971 1855 2018 aut

283 2066 512 2119 umquam
545 2067 665 2106 esse
689 2053 992 2109 cessabunt.
1023 2053 1313 2116 Videlicet,
1346 2053 1391 2107 si
1420 2068 1525 2122 qua
1555 2054 1728 2108 adhuc
1754 2054 1855 2109 bo-

282 2142 364 2195 die
390 2151 485 2195 aut
512 2142 703 2197 civitas
716 2152 815 2197 aut
842 2143 1114 2213 provincia
1142 2144 1226 2197 vel
1249 2144 1420 2212 plagis
1445 2144 1747 2198 cmlestibus
1765 2159 1865 2200 ca:-

283 2234 442 2299 ditur,
490 2234 576 2289 vel
624 2235 807 2289 hostili
849 2235 1196 2305 populatione
1223 2241 1491 2301 vastatur;
1529 2235 1856 2301 humiliatur,

282 2325 630 2390 convertitur,
645 2325 976 2391 emendatur,
990 2334 1045 2380 et
1064 2341 1172 2380 non
1192 2332 1416 2380 cunctos
1447 2325 1613 2380 ferme
1635 2325 1862 2381 Romani

284 2413 510 2467 nominis
538 2414 769 2484 populos
796 2415 941 2485 prius
969 2422 1051 2469 est
1078 2416 1297 2471 interire
1323 2431 1483 2484 quam
1512 2418 1727 2485 corrigi,
1752 2433 1862 2473 non

284 2502 424 2572 prius
446 2504 591 2572 ipsos
602 2506 825 2572 quamin
841 2506 966 2575 ipsis
984 2506 1111 2559 vitia
1133 2522 1240 2561 non
1263 2522 1397 2564 esse.
1417 2508 1654 2577 Denique
1675 2510 1726 2563 id
1740 2510 1861 2565 bre-

286 2596 416 2650 viter
446 2596 664 2666 probari
680 2598 1044 2666 potestexcisa
1069 2599 1484 2653 tercontinuatis
1496 2600 1863 2657 eversionibus

286 2698 313 2720 ιι
338 2702 546 2741 summa
588 2688 719 2742 urbe
761 2686 1052 2755 Gallorum,
1088 2706 1209 2744 cum
1247 2692 1421 2745 omnis
1444 2692 1630 2746 civitas
1648 2693 1860 2748 bustum

282 2784 439 2837 esset,
472 2776 630 2830 malis
668 2786 723 2831 et
759 2786 882 2847 post
920 2779 1126 2833 excidia
1150 2782 1530 2835 crescentibus.
1563 2781 1697 2836 Nam
1725 2798 1863 2851 quos

282 2865 448 2920 bustis
473 2866 527 2919 in
559 2868 767 2922 excidio
808 2884 916 2923 non
954 2869 1244 2936 occiderat,
1276 2879 1399 2940 post
1417 2873 1680 2927 excidium
1706 2874 1854 2928 cala-

282 2958 435 3011 mitas
483 2959 778 3026 obruebat;
829 2976 949 3014 cum
988 2962 1041 3015 id
1081 2963 1223 3030 quod
1275 2963 1329 3016 in
1373 2965 1581 3020 excidio
1612 2974 1855 3021 evaserat

281 3049 458 3114 morti,
484 3058 610 3118 post
631 3050 896 3105 excidium
912 3067 1024 3125 non
1045 3062 1349 3121 superesset
1372 3055 1678 3110 calamitati.
1710 3056 1858 3113 Alios

1962 1889 2045 1935 tra
2074 1880 2235 1947 igitur
2254 1876 2512 1947 quaeritis,
2538 1874 2741 1928 circum
2781 1888 2812 1926 a
2856 1873 3187 1941 principibus
3215 1872 3537 1942 postulatis?

1960 1970 2079 2033 Cui,
2106 1983 2307 2037 quaeso,
2330 1966 2511 2030 statui,
2540 1964 2627 2018 cui
2649 1963 2869 2033 populo,
2886 1963 2970 2016 cui
2988 1954 3231 2017 civitati?
3254 1960 3382 2015 Urbi
3405 1978 3538 2015 exu-

1960 2070 2055 2116 sta:
2083 2075 2147 2115 ac
2172 2057 2415 2129 perditae,
2436 2057 2581 2126 plebi
2609 2055 2832 2124 captivae
2853 2062 2907 2108 et
2928 2054 3279 2122 interemptis,
3297 2068 3414 2121 quae
3442 2061 3535 2108 aut

1958 2151 2118 2221 periit
2144 2157 2237 2203 aut
2258 2150 2436 2215 luget;
2463 2146 2530 2200 de
2550 2159 2654 2213 qua
2675 2146 2837 2199 etiam
2858 2145 2902 2198 si
2931 2144 3056 2213 quid
3081 2152 3343 2213 superest,
3371 2151 3538 2199 totum

1960 2241 2281 2297 calamitatis
2333 2245 2461 2304 est;
2507 2251 2627 2306 quae
2685 2242 2875 2290 cuncta
2920 2243 3012 2287 aut
3052 2233 3415 2288 moestitudiue
3460 2243 3539 2291 est

1944 2324 2139 2397 'anxia,
2170 2337 2262 2384 aut
2288 2326 2537 2399 lacrymis
2558 2327 2836 2389 exhausta,
2869 2332 2959 2377 aut
2982 2324 3210 2378 orbitate
3238 2330 3538 2392 prostrata;

1960 2424 2015 2478 in
2062 2438 2165 2491 qua
2204 2420 2412 2476 nescias
2455 2434 2594 2489 pene
2623 2416 2775 2485 cujus
2822 2417 2891 2470 sit
2929 2430 3047 2469 sors
3074 2416 3228 2483 pejor
3248 2429 3311 2468 ac
3336 2414 3537 2479 durior,

1964 2514 2367 2571 interfectorum
2418 2527 2486 2565 an
2514 2509 2851 2564 viventium?
2885 2508 3068 2561 Tantae
3108 2507 3247 2561 enim
3276 2512 3400 2559 sunt
3437 2503 3538 2557 mi-

1961 2608 2115 2662 seria:
2141 2604 2509 2673 superstitum,
2539 2610 2602 2656 ut
2633 2600 2998 2655 infelicitatem
3042 2599 3267 2653 vicerint
3300 2607 3538 2652 mortuo~

1959 2712 2097 2753 rum.
2122 2695 2347 2750 Ludicra
2368 2708 2495 2762 ergo
2517 2693 2727 2762 publica
2749 2690 2948 2745 Trcver
2975 2690 3144 2761 petis?
3176 2688 3295 2753 Ubi,
3323 2703 3526 2756 quaeso,

1962 2786 2300 2842 exercenda?
2342 2801 2409 2839 an
2443 2799 2604 2853 super
2631 2784 2786 2841 busta
2825 2788 2881 2835 et
2911 2781 3135 2844 cineres,
3159 2794 3318 2850 super
3338 2793 3459 2832 ossa
3485 2785 3539 2833 et

1962 2876 2275 2945 sanguinem
2323 2873 2767 2944 peremptorum?
2793 2870 2922 2937 Quae
2961 2871 3100 2924 enim
3122 2870 3267 2925 urbis
3307 2884 3430 2938 pars
3458 2868 3539 2923 bis

1963 2969 2117 3024 malis
2137 2967 2386 3023 omnibus
2407 2966 2598 3021 vacat?
2625 2966 2775 3038 137
2802 2962 2903 3018 Ubi
2925 2979 3031 3017 non
3070 2980 3231 3017 cruor
3258 2961 3423 3023 fusus,
3448 2961 3538 3017 ubi

1964 3078 2073 3116 non
2094 3069 2262 3116 strata
2288 3075 2536 3130 corpora,
2560 3059 2650 3113 ubi
2678 3073 2785 3111 non
2821 3056 3156 3133 concisorum
3190 3055 3427 3110 membra
3465 3052 3539 3116 la-

282 3142 419 3195 enim
448 3142 709 3211 impressa
752 3142 912 3196 altius
958 3146 1177 3197 vulnera
1219 3145 1390 3213 longis
1410 3147 1673 3200 mortibus
1703 3163 1862 3203 neca-
1889 3147 1934 3210 C
1964 3155 2184 3208 cerata?
2215 3151 2423 3220 Ubique
2452 3151 2615 3205 facies
2634 3158 2805 3218 capue
2825 3146 2993 3211 urbis,
3017 3145 3212 3214 ubique
3232 3146 3425 3199 horror
3445 3159 3538 3199 ca-

281 3232 427 3297 bant,
483 3234 621 3288 alios
666 3234 941 3288 ambustus
977 3235 1211 3289 hostium
1256 3236 1485 3291 flammis
1530 3238 1691 3291 etiam
1736 3247 1861 3308 post

282 3318 521 3375 ﬂammas
562 3336 720 3390 pmna
759 3323 1060 3390 torquebat.
1096 3323 1199 3377 Alii
1243 3324 1532 3379 interibant
1562 3325 1701 3380 fame
1723 3367 1738 3391 ,
1770 3327 1860 3382 alii

282 3412 541 3478 nuditate,
594 3412 685 3465 alii
725 3413 1087 3480 tabescentes,
1139 3414 1229 3467 alii
1268 3415 1545 3484 rigentes:
1578 3431 1642 3471 ac
1680 3417 1758 3471 sic
1804 3417 1857 3471 in

283 3517 441 3555 unum
479 3504 684 3557 exitum
736 3503 925 3557 mortis
975 3519 1074 3573 per
1115 3490 1325 3559 diversa
1372 3506 1634 3561 moriendi
1663 3510 1859 3575 genera

284 3593 631 3646 conruebant.
662 3590 728 3645 Et
748 3593 875 3660 quid
896 3594 1084 3662 plura?
1110 3593 1331 3650 Excidio
1361 3596 1520 3651 unius
1551 3598 1694 3652 urbis
1721 3596 1861 3653 afﬂi-

285 3684 544 3750 gebantur
583 3698 801 3752 quoque
843 3684 960 3739 aliae
998 3686 1260 3742 civitates.
1302 3687 1557 3743 Jacebant
1600 3691 1861 3759 siquidem

284 3774 495 3842 passim,
526 3775 671 3842 quod
692 3774 806 3844 ipse
827 3775 933 3829 vidi
960 3782 1118 3844 atque
1143 3777 1387 3844 sustinui,
1411 3779 1686 3848 utriusque
1700 3796 1861 3836 sexus

285 3865 535 3921 cadavera
563 3865 723 3929 nuda,
755 3866 951 3932 lacera,
980 3866 1126 3922 urbis
1153 3869 1337 3924 oculos
1364 3869 1707 3937 incestantia,
1745 3873 1861 3927 avi-

283 3955 377 4010 bus
412 3956 743 4025 canibusque
782 3956 998 4011 laniata.
1046 3957 1188 4015 Lues
1225 3969 1341 4015 erat
1367 3962 1675 4029 viventium,
1701 3963 1862 4020 fmtor

285 4044 533 4103 funereus
560 4057 916 4113 mortuorum.
933 4049 1077 4105 Mors
1103 4051 1170 4107 de
1197 4033 1369 4108 morte
1397 4054 1763 4110 exbalabatur.
1782 4055 1860 4112 Ae

286 4143 374 4206 sic,
406 4143 565 4196 etiam
594 4143 686 4211 qui
714 4143 936 4198 excidiis
964 4160 1122 4214 supra
1150 4145 1305 4201 dicta:
1354 4147 1502 4202 urbis
1546 4164 1652 4203 non
1694 4150 1860 4204 inter—

284 4232 505 4298 fuerant,
524 4234 666 4288 mala
692 4234 854 4288 alieni
878 4236 1069 4290 excidii
1100 4237 1460 4305 perferebant.
1483 4236 1549 4290 Et
1580 4239 1707 4308 quid
1735 4247 1861 4309 post

285 4323 410 4385 btec,
436 4326 673 4393 inquam,
705 4324 831 4393 quid
875 4333 1000 4395 post
1035 4326 1151 4381 haec
1202 4328 1419 4382 omnia?
1446 4328 1576 4395 Quis
1594 4331 1858 4385 aestimare

1961 3244 2240 3314 ptivitatis,
2264 3244 2464 3312 ubique
2509 3243 2683 3309 imago
2720 3240 2928 3294 mortis.
2959 3237 3147 3293 Jacent
3180 3237 3416 3305 reliquiae
3454 3236 3538 3290 in-

1955 3334 2273 3389 felicissimus:
2324 3334 2497 3404 plebis
2567 3347 2729 3402 super
2812 3329 3047 3385 tumulos
3094 3336 3118 3363 α
3167 3327 3540 3382 defunctorum

1959 3439 2213 3490 suorum,
2256 3430 2312 3477 et
2358 3431 2416 3476 tu
2456 3423 2724 3477 circenses
2759 3420 2951 3488 rogas?
2978 3419 3137 3487 Nigra
3184 3426 3267 3471 est
3296 3414 3540 3472 incendio

1959 3513 2164 3579 civitas,
2222 3518 2278 3566 et
2328 3519 2389 3565 tu
2435 3511 2638 3564 vultum
2692 3508 2994 3563 feStivitatis
3046 3508 3303 3575 usurpas?
3333 3505 3540 3572 Lugent

1958 3612 2178 3670 cuncta,
2213 3610 2269 3657 tu
2298 3603 2452 3656 laztus
2480 3616 2556 3655 es.
2600 3599 2822 3669 Insuper
2874 3598 3037 3652 etiam
3078 3597 3363 3651 inlecebris
3392 3595 3540 3665 (logi-

1958 3694 2262 3749 tiosissimis
2288 3692 2456 3747 Deum
2485 3704 2776 3761 provocas,
2808 3695 2864 3743 et
2906 3686 3372 3757 superstitionibus
3417 3702 3540 3756 pes-
3578 3748 3585 3756 η

1965 3785 2118 3840 simis
2146 3784 2281 3839 iram
2308 3780 2610 3837 Divinitatis
2638 3780 2843 3834 inritas.
2874 3778 2991 3832 Non
3018 3777 3186 3831 miror
3212 3776 3391 3846 plane,
3423 3792 3529 3830 non

1958 3875 2126 3929 miror
2168 3874 2261 3929 tibi
2300 3872 2543 3927 evenisse
2579 3869 2721 3924 mala
2748 3884 2866 3938 quae
2909 3875 3200 3923 consecuta
3229 3874 3371 3921 sunt.
3402 3865 3537 3920 Nam

1958 3966 2083 4036 quia
2122 3973 2178 4018 te
2223 3964 2326 4017 tria
2367 3961 2577 4017 excidia
2606 3976 2714 4016 non
2742 3965 3111 4026 correxerant,
3140 3965 3333 4030 quarto
3362 3958 3540 4028 perire

1957 4056 2217 4111 meruisti.

2027 4144 2163 4200 XVI.
2203 4144 2332 4199 Htec
2368 4151 2551 4198 autem
2579 4141 2757 4197 omnia
2787 4140 2908 4195 ideo
2936 4139 3206 4209 copiosius
3226 4138 3385 4208 paulo
3405 4154 3538 4208 pro-

1957 4238 2064 4294 lata
2092 4246 2234 4302 sunt,
2263 4245 2323 4291 ut
2348 4236 2700 4306 probaremus
2726 4232 2929 4288 scilicet
2955 4231 3133 4286 omnia
3161 4245 3280 4298 qua:
3307 4228 3536 4298 pertuli-

1957 4346 2095 4393 mus,
2126 4345 2237 4384 non
2266 4326 2675 4398 improvidentia
2704 4340 2802 4379 nos
2830 4324 2925 4378 Dei
2954 4331 3114 4393 atque
3142 4321 3409 4389 neglectu,
3438 4318 3537 4374 sed

288 4411 385 4467 lzoe
413 4415 661 4469 amentia:
701 4428 872 4483 genus
892 4416 1100 4484 possit?
1123 4414 1287 4471 Pauci
1309 4418 1516 4472 nobiles
1537 4420 1629 4487 qui
1648 4420 1856 4476 excidio
1952 4421 2159 4491 iustitia
2178 4460 2194 4487 ,
2222 4420 2315 4475 sed
2340 4418 2573 4488 judicio,
2605 4416 2700 4472 sed
2727 4415 3029 4485 :equissima
3058 4413 3452 4483 dispensatione
3480 4419 3537 4466 et

285 4503 671 4573 superfuerant,
702 4506 856 4573 quasi
885 4518 983 4574 pro
1004 4521 1213 4561 summo
1237 4507 1428 4561 deleta:
1450 4508 1596 4563 urbis
1616 4510 1855 4567 remedio
1885 4516 1932 4575 D
1956 4512 2265 4580 dignissima
2306 4509 2662 4564 retributione
2704 4508 2991 4570 tolerasse,
3036 4520 3211 4575 neque
3252 4504 3409 4558 ullam
3439 4518 3538 4572 pe-

286 4594 546 4649 circenses
587 4595 656 4649 ab
701 4593 730 4633 δ
765 4594 1179 4664 imperatoribus
1231 4597 1592 4665 postulabant.
1646 4599 1851 4655 Vellem
1956 4606 2100 4659 nitus
2128 4604 2355 4658 Romani
2385 4602 2532 4656 orbis
2560 4608 2653 4655 aut
2681 4600 2908 4654 Romani
2939 4598 3169 4653 nominis
3206 4595 3539 4667 portionem,

288 4685 404 4739 mibi
433 4687 537 4743 hoc
564 4687 685 4741 loco
729 4687 795 4740 ad
849 4688 1245 4756 exsequendam
1274 4704 1452 4744 rerum
1481 4691 1851 4760 indignitatem
1955 4695 2245 4763 quamlibet
2273 4694 2507 4763 graviter
2532 4693 2701 4761 plagis
2744 4689 3049 4747 cmlestibus
3069 4703 3278 4751 causam,
3302 4701 3539 4756 unquam

290 4792 461 4844 parem
507 4780 729 4848 negotio
751 4779 1111 4849 eloquentiam
1140 4780 1283 4848 dari;
1313 4784 1520 4839 scilicet
1556 4793 1616 4840 ut
1643 4795 1850 4843 tantum

288 4870 484 4925 virtutis
511 4880 657 4928 esset
703 4872 757 4926 in
794 4873 1149 4941 querimonia,
1185 4876 1337 4946 136
1363 4885 1622 4944 quantum
1651 4880 1852 4937 doloris

289 4959 336 5012 in
361 4975 537 5015 causa.
596 4960 728 5027 Quis
769 4962 913 5015 enim
964 4965 1231 5018 :estimare
1268 4966 1441 5035 possit
1467 4967 1592 5035 quid
1619 4970 1851 5040 primum

290 5047 337 5101 in
361 5049 439 5104 bis
464 5050 532 5105 de
560 5053 754 5120 quibus
795 5050 1045 5115 diximus,
1075 5054 1431 5109 accusandum
1477 5057 1566 5121 sit,
1596 5057 1853 5128 irreligio-

288 5138 423 5206 sitas,
459 5157 526 5196 an
575 5142 819 5207 stultitia,
852 5157 921 5196 an
970 5142 1198 5210 luxuria,
1231 5160 1300 5199 an
1344 5147 1616 5201 amentia?
1656 5148 1849 5203 Totum

288 5232 468 5302 quippe
497 5233 549 5286 in
571 5234 677 5288 illis
695 5241 796 5287 est.
830 5232 968 5299 Quid
997 5234 1140 5288 enim
1168 5235 1518 5304 irreligiosius
1564 5253 1724 5306 quam
1756 5255 1852 5309 pe-

288 5331 388 5380 tere
415 5327 615 5397 aliquid
643 5327 697 5382 in
726 5326 975 5395 injuriam
997 5326 1133 5382 Dei?
1170 5336 1263 5382 aut
1284 5329 1413 5397 quid
1453 5330 1666 5385 stultius
1693 5347 1854 5400 quam

1955 4786 2117 4841 fuisse
2157 4794 2469 4841 correctam.
2512 4783 2579 4837 Et
2618 4782 2739 4837 ideo
2788 4795 3121 4849 nequaquam
3162 4778 3240 4831 uti
3269 4793 3545 4832 meremur

1954 4877 2265 4948 prosperis,
2315 4875 2438 4944 quia
2482 4890 2587 4928 non
2630 4872 2949 4940 corrigintur
2984 4869 3241 4924 adversis.
3283 4868 3549 4934 Quamvis

1956 4966 2112 5021 nobis
2140 4966 2300 5019 etiam
2330 4962 2559 5031 indignis
2586 4961 2852 5016 interdum
2883 4960 3181 5013 tribuantur
3207 4958 3346 5012 bona
3375 4957 3561 5025 {quia

1951 5058 2126 5113 bonus
2170 5056 2456 5120 Dominus,
2505 5054 2660 5122 quasi
2700 5051 3190 5120 indulgentissimus
3230 5059 3400 5121 pater,
3433 5048 3535 5103 etsi

1956 5165 2055 5204 nos
2084 5162 2467 5216 nonnunquam
2496 5145 2624 5200 sinit
2651 5161 2750 5215 pro
2772 5145 3005 5214 peccatis
3025 5144 3223 5199 nostris
3243 5143 3536 5206 humiliari,
3559 5177 3565 5182 ι

1954 5258 2062 5296 non
2091 5240 2183 5294 ditt
2212 5247 2390 5293 tamen
2431 5237 2631 5308 patitur
2671 5235 2866 5304 aﬂligi;
2931 5244 2987 5290 et
3014 5235 3135 5290 ideo
3166 5250 3307 5289 nunc
3336 5232 3540 5302 asperis

1955 5333 2119 5387 rebus
2164 5331 2388 5399 castigat
2427 5345 2555 5384 suos
2592 5343 2690 5399 pro
2729 5327 3040 5397 disciplina,
3070 5340 3211 5380 nunc
3239 5322 3556 5390 tranquillis

1388 5440 1390 5443 ’
1441 5442 1779 5499 STEPHANI
1814 5444 2081 5499 BALUZII
2119 5441 2347 5498 NOTIE.

352 5543 375 5571 ι
400 5533 452 5605 Id
483 5543 584 5599 est,
612 5534 949 5600 Treverensi,
977 5543 1035 5590 ut
1058 5546 1206 5589 recte
1247 5536 1478 5605 explicat
1517 5536 1656 5589 idem
1685 5536 1850 5591 Vale-

282 5605 403 5675 sius.
425 5602 513 5660 Sic
541 5606 728 5660 eadem
761 5614 1079 5675 tempestate
1106 5602 1393 5663 Cassianus
1433 5605 1485 5658 in
1516 5606 1651 5660 libro
1671 5608 1845 5674 primo

282 5675 342 5729 de
385 5673 754 5746 Incarnatione
803 5673 1012 5730 Domini
1039 5691 1159 5746 cap.
1202 5675 1237 5727 2
1274 5676 1600 5732 mentionem
1648 5673 1848 5729 faciens

284 5745 508 5813 ejusdem
538 5746 682 5803 ttrbis
711 5746 1056 5803 Trevereusis
1079 5786 1093 5812 ,
1128 5746 1367 5802 sufficere
1407 5746 1616 5817 putavit
1656 5747 1699 5801 si
1731 5763 1850 5801 eam

1956 5536 2261 5591 nominaret
2288 5533 2572 5587 maximam
2603 5531 2882 5597 Belgarum
2911 5528 3119 5581 urbem.

1982 5676 1997 5684 ν
2076 5605 2130 5685 Id
2157 5611 2258 5669 est,
2275 5605 2343 5658 ab
2367 5602 2606 5658 lIouorio
2634 5608 2688 5656 et
2706 5593 3042 5664 Constantio,
3065 5603 3125 5649 ut
3147 5594 3378 5666 explicat
3399 5593 3569 5653 idenv

1952 5677 1985 5729 Χ
2003 5676 2269 5800 arma
2295 5741 2532 5800 Colbert.
2566 5749 2619 5797 et
2646 5746 2857 5796 veteres
2880 5737 3002 5793 edit.
3012 5771 3034 5801 ,
3055 5744 3399 5792 mortuorum.
3423 5766 3433 5772 -
