4006 6182
408 323 504 377 127

1360 319 1416 376 s.
1458 284 1786 377 sumtu
1813 314 2270 376 MASSILIENSIS
2306 312 2727 371 PRESBYTER!

3580 311 3682 367 ίεε

407 442 551 498 fovet
587 458 685 512 pro
717 439 1062 511 indulgentia.
1106 438 1254 494 Sicut
1281 439 1426 493 enim
1467 439 1654 509 optimi
1684 452 1747 493 ac
1776 436 1992 507 peritis-
2020 441 2065 495 Α
2101 433 2193 487 tim
2221 432 2517 498 currimus,
2568 446 2794 501 corpora
2822 431 2971 487 humi
3001 432 3322 498 sternimus,
3353 430 3535 486 mixtis
3560 446 3683 486 cum

406 525 524 588 sinii
555 533 747 589 medici
788 532 1129 587 dissimilibus
1168 532 1371 586 morbis
1398 547 1554 587 curas
1581 531 1824 601 dispares
1852 544 1990 600 prte-

405 631 573 687 stant,
606 630 766 690 atque
794 622 912 676 aliis
939 636 1038 691 per
1064 622 1240 677 dulcia
1270 622 1623 677 medicamina
1642 663 1656 687 ,
1691 621 1809 676 aliis
1838 629 1862 657 ⁸
1894 635 1991 691 per

406 729 587 768 amara
631 722 980 780 succurrunt,
1035 723 1091 769 et
1116 715 1378 783 quosdam
1408 725 1601 771 curant
1629 715 1989 769 eauteriornm

406 802 714 865 adustione,
747 804 1008 873 quosdam
1038 805 1419 872 malagmatum
1447 799 1839 874 placabilitate,
1872 805 1991 860 aliis

405 894 660 950 adhibent
695 895 883 951 duram
929 894 1057 951 ferri
1083 895 1111 935 ι’
1140 897 1563 967 prosectiouem,
1596 898 1713 952 aliis
1739 897 1988 952 blandam

404 985 688 1041 infundunt
716 988 821 1043 olei
851 988 1158 1054 lenitatem;
1190 997 1244 1044 et
1272 997 1451 1044 tamen
1472 989 1842 1044 diversissimis
1865 989 1992 1044 licet

404 1080 546 1135 curis
592 1080 781 1135 eadem
823 1080 969 1135 salus
1014 1082 1309 1150 quaeritur:
1347 1083 1503 1153 138
1531 1082 1603 1136 ita
1648 1082 1810 1136 etiam
1852 1082 1991 1137 Deus

405 1180 619 1237 noster,
669 1173 712 1227 si
763 1172 978 1241 quando
1018 1189 1117 1228 nos
1146 1174 1313 1243 plagis
1342 1173 1725 1228 aTtsterioribus
1752 1181 1987 1239 coercet,

403 1264 555 1333 quasi
597 1264 849 1319 cauteriis
888 1258 954 1319 ac
989 1265 1320 1320 sectionibus
1348 1274 1533 1331 curat;
1558 1265 1779 1334 quando
1808 1271 1988 1319 autem

402 1356 564 1409 rebus
592 1355 866 1425 prosperis
893 1355 1120 1423 refovet,
1151 1356 1303 1425 quasi
1334 1357 1460 1411 oleo
1489 1371 1552 1410 ac
1578 1356 1989 1424 malagmatibus

403 1450 732 1525 consolatur.
786 1450 890 1506 Per
917 1451 1184 1506 diversam
1212 1452 1355 1506 enim
1386 1450 1796 1506 medicaminum
1827 1464 1987 1519 opem

401 1540 470 1595 ad
500 1558 656 1596 unam
688 1559 787 1597 nos
815 1543 927 1597 vult
954 1542 1252 1613 perducere
1280 1543 1585 1597 sanitatem.
1618 1541 1804 1596 Solent
1832 1541 1989 1611 quip-

402 1648 470 1704 pe
527 1632 690 1687 etiam
747 1634 1106 1702 nequissimos
1159 1649 1345 1689 servos
1389 1649 1526 1703 quos
1571 1633 1829 1704 supplicia
1878 1649 1986 1687 non

401 1725 755 1789 cltrrexerint,
787 1724 1151 1780 blandimenta
1180 1725 1479 1791 corrigere;
1511 1732 1565 1778 et
1592 1740 1728 1793 quos
1756 1723 1987 1777 dominis

2090 526 2218 579 fletu
2248 524 2457 593 gaudiis
2483 525 2865 595 supplicamus,
2899 535 2922 564 ο
2956 525 3303 579 inlustramus
3328 522 3565 578 donariis
3592 540 3685 579 sa-

2090 616 2198 671 cris
2227 617 2409 671 limina
2434 658 2449 682 ,
2498 633 2623 672 aras
2657 616 2969 672 muneribus
2996 616 3314 687 implemus;
3345 624 3401 671 et
3426 617 3551 685 quia
3583 617 3688 686 ipsi

2089 708 2234 763 dono
2264 708 2404 762 illius
2447 707 2569 764 festi
2618 723 2834 771 sumus,
2883 707 3098 777 templis
3126 721 3344 776 quoque
3371 706 3538 776 ipsius
3561 707 3689 759 vul-

2095 809 2207 856 tum
2238 810 2436 856 nostrze
2463 800 2768 857 festivitatis
2799 801 3097 868 induimus;
3131 807 3225 854 aut
3251 807 3430 865 certe,
3459 799 3604 868 quod
3635 799 3690 852 ei

2088 910 2196 949 non
2228 895 2404 949 minus
2445 894 2595 949 cordi
2625 902 2737 959 est,
2768 893 3039 964 prioribus
3073 892 3198 947 vita:
3234 891 3378 946 vitiis
3407 891 3690 945 renuntia—

2088 1003 2246 1053 mus,
2297 1003 2522 1057 operum
2573 987 2837 1042 bonorum
2889 985 3132 1041 victimas
3177 985 3460 1047 caedimus,
3502 991 3556 1036 et
3584 999 3689 1053 pro

2089 1078 2299 1146 gaudiis
2346 1078 2500 1131 novis
2548 1092 2703 1131 nova:
2747 1076 3176 1131 conversationis
3204 1075 3409 1129 hostias
3436 1073 3690 1127 immola-

2088 1184 2237 1229 mus,
2271 1169 2520 1223 omnibus
2548 1168 2780 1238 denique
2809 1167 3156 1221 immunditiis
3197 1166 3395 1220 bellum
3437 1173 3688 1219 sanctum

2088 1257 2390 1323 indicimus,
2419 1259 2685 1314 circorum
2716 1256 2947 1312 insanias
2967 1255 3216 1326 fugimus,
3242 1255 3505 1309 fmditates
3529 1255 3679 1309 thea-

2089 1348 2302 1402 tralium
2340 1348 2586 1405 ludorum
2629 1364 2990 1413 exsecramur,
3034 1362 3292 1403 vovemus
3320 1346 3549 1401 Domino
3577 1362 3689 1401 no-

2087 1457 2209 1496 vam
2238 1442 2402 1497 vitam
2428 1483 2442 1506 ,
2494 1451 2549 1497 et
2586 1442 2653 1496 ad
2683 1440 3027 1497 obtinendam
3063 1440 3179 1508 ejus
3206 1449 3469 1510 perpetuo
3499 1446 3691 1509 prote-

2088 1533 2347 1597 ctionem,
2381 1541 2591 1586 nosmet
2620 1533 2763 1602 ipsos
2794 1533 2904 1587 Deo
2933 1530 3315 1586 sacrificamus.

2160 1621 2344 1675 XVIII.
2386 1620 2521 1677 Cum
2562 1623 2678 1678 haec
2706 1637 2834 1690 ergo
2863 1637 2983 1691 quae
3010 1621 3276 1685 diximus,
3321 1635 3420 1689 pro
3452 1618 3687 1673 recenti.

2088 1714 2189 1768 bus
2214 1712 2488 1770 beneficiis
2515 1715 2608 1768 Dei
2639 1715 2867 1769 debeant
2897 1714 3042 1780 fieri,
3073 1713 3348 1768 videamus
3378 1727 3498 1781 qua:
3528 1710 3683 1765 ﬁant.

402 1817 513 1873 suis
540 1817 764 1872 verbera
797 1833 902 1871 non
924 1817 1322 1879 summiserant,
1345 1815 1602 1870 beneficia
1624 1815 1983 1869 summittunt.
2019 1798 2064 1857 Β
2092 1805 2174 1860 Ad
2202 1805 2356 1861 Ῑυάοε
2401 1806 2647 1876 Ρτοῑῖηυε
2693 1806 2925 1860 curritur
2944 1847 2959 1870 ν
2988 1805 3056 1859 ad
3081 1804 3314 1860 insanias
3342 1803 3682 1867 COBVOlamr.

400 1905 421 1962 l
447 1906 635 1963 efantes
660 1921 874 1975 quoque
902 1915 958 1961 et
985 1922 1173 1962 omnes
1202 1906 1313 1961 fere
1340 1907 1593 1977 parvulos
1619 1914 1982 1971 contumaces,

400 2012 538 2064 quos
565 1996 863 2073 morigeros
892 1993 1052 2050 mina:
1080 2012 1144 2051 ac
1171 1994 1354 2051 ferula:
1383 2012 1488 2050 non
1526 1994 1782 2061 efficiunt,
1816 1997 1985 2051 inter-

399 2089 526 2140 dum
586 2087 909 2156 panebresta
970 2097 1131 2155 atque
1179 2087 1453 2142 blanditia:
1500 2086 1566 2142 ad
1622 2087 1985 2142 obedientiam

399 2177 638 2231 trahunt.
702 2176 854 2232 Unde
900 2178 1198 2246 intelligere
1246 2179 1532 2245 debemus,
1582 2194 1681 2234 nos
1720 2186 1775 2234 et
1816 2179 1985 2235 servis

399 2267 744 2336 nequissimis
782 2269 1070 2338 nequiores
1105 2275 1160 2323 et
1188 2268 1560 2339 insipientibus
1589 2270 1825 2339 parvulis
1851 2270 1985 2324 stul-

397 2359 564 2413 tiores
592 2374 711 2414 esse
736 2401 749 2425 ,
805 2375 945 2428 quos
986 2374 1088 2414 nec
1122 2360 1276 2428 quasi
1304 2360 1477 2415 malos
1502 2375 1687 2415 servos
1717 2369 1983 2416 tormenta

396 2448 708 2516 corrigunt,
757 2466 859 2505 nec
903 2450 1057 2519 quasi
1104 2449 1395 2505 infantulos
1439 2450 1805 2506 blandimenta
1851 2468 1983 2507 con-

396 2546 630 2592 vertunt.

470 2628 630 2684 XVII.
667 2628 735 2683 Et
775 2629 990 2700 quillem
1031 2629 1481 2700 quemadmodum
1524 2631 1721 2686 nullam
1753 2631 1983 2688 Romani

397 2721 629 2776 nominis
675 2730 881 2791 partem
910 2736 1066 2792 pinna
1096 2723 1414 2788 correxerit,
1461 2724 1609 2789 satis,
1644 2732 1702 2777 ut
1728 2724 1978 2791 arbitror,

394 2815 504 2883 jam
552 2814 916 2883 probavimus.
977 2812 1235 2884 Superest
1279 2820 1369 2877 ut,
1402 2814 1852 2884 quemadmodum
1880 2831 1983 2871 nec

395 2919 619 2957 munera
667 2919 767 2958 nee
814 2903 1176 2958 blandimenta
1225 2920 1323 2960 nos
1370 2905 1466 2959 Dei
1495 2906 1801 2974 corrigunt,
1832 2922 1982 2962 com-

394 2991 702 3061 probemus.
757 2991 979 3047 Munera
1016 3001 1194 3049 autem
1234 2994 1331 3049 Dei
1360 3003 1414 3049 et
1440 2995 1801 3051 blandimenta
1830 3013 1980 3066 qute-
2010 3042 2011 3045 η

393 3096 516 3134 nam
547 3083 706 3135 sunt?
735 3080 864 3148 Quae
892 3083 1134 3147 scilicet,
1187 3085 1288 3139 nisi
1334 3101 1441 3155 pax
1470 3095 1651 3139 nostra
1672 3127 1688 3152 ,
1727 3097 1782 3142 et
1827 3089 1979 3158 quies

393 3162 578 3226 nostra
602 3212 617 3238 ,
650 3181 704 3226 et
734 3173 1055 3228 famulantes
1102 3175 1241 3230 votis
1281 3191 1344 3231 ac
1387 3176 1752 3246 voluptatibus
1780 3180 1978 3234 nostris

391 3279 571 3327 rerum
592 3266 945 3320 secundarum
971 3268 1417 3335 tranquillitates?
1439 3268 1650 3338 Aliquid
1674 3285 1819 3341 ergo,
1850 3272 1977 3341 quia

390 3368 477 3408 res
505 3354 707 3423 exigit,
757 3356 919 3409 etiam
964 3353 1198 3426 speciale
1237 3358 1495 3413 dicamus.
1538 3359 1702 3428 Igitur
1728 3363 1978 3431 quotiens

391 3446 444 3500 in
475 3455 620 3500 metu
644 3487 658 3513 ,
703 3447 755 3501 in
786 3449 1045 3516 angurtiis
1067 3490 1081 3514 ,
1131 3449 1184 3503 in
1216 3450 1464 3519 periculis
1491 3467 1702 3519 sumus;
1732 3466 1854 3508 cum
1883 3462 1977 3510 aut

390 3537 636 3592 civitates
666 3539 732 3594 ab
769 3539 1012 3594 hostibus
1041 3530 1510 3608 obsidentur/aut
1537 3546 1825 3614 provinciae
1873 3563 1974 3616 po-

390 3627 666 3695 pulatione
713 3638 1010 3695 vastantur,
1059 3638 1152 3685 aut
1197 3633 1624 3702 quibuscumque
1673 3651 1852 3690 rerum
1881 3637 1976 3692 ad-

388 3718 730 3773 versitatihus
766 3720 840 3773 rei
883 3720 1109 3789 publica:
1136 3722 1377 3775 membra
1405 3722 1701 3789 caeduntur,
1734 3734 1788 3778 et
1816 3742 1975 3796 opem

387 3808 623 3862 ccelestis
653 3824 840 3863 manus
880 3810 1017 3864 votis
1056 3826 1343 3880 precamur
1368 3831 1379 3866 :
1412 3815 1456 3867 si
1484 3830 1592 3883 quo
1620 3832 1787 3871 sacra:
1814 3818 1976 3873 mise-

386 3898 612 3953 rationis
639 3899 838 3954 auxilio
868 3910 961 3954 aut
988 3901 1207 3956 salvatus
1237 3903 1395 3957 urbes
1425 3905 1654 3971 fuerint,
1703 3918 1795 3962 aut
1824 3906 1970 3965 finita

386 3989 695 4058 populatio,
738 3999 829 4043 aut
856 3991 1080 4047 hostiles
1110 3994 1379 4049 exercitus
1406 3994 1538 4060 fusi,
1571 4006 1625 4051 et
1654 4009 1829 4054 metus
1857 4016 1973 4055 om-

387 4082 472 4136 nis
517 4082 662 4137 dono
710 4082 1012 4140 Divinitatis
1063 4085 1304 4153 ablatus,
1338 4088 1465 4156 quid
1495 4090 1676 4144 statim
1707 4099 1829 4162 post
1858 4093 1973 4148 hzec

384 4173 564 4228 omnia
613 4172 870 4231 facimus?
919 4175 1313 4248 Compensare,
1369 4179 1552 4247 credo,
1602 4181 1830 4237 Domino
1859 4183 1970 4239 Deo

385 4272 590 4329 nostro,
624 4266 798 4331 cultu,
831 4267 1067 4332 honore,
1099 4270 1400 4324 reverentia
1422 4310 1436 4335 ,
1467 4270 1725 4328 beneficia
1755 4288 1873 4342 quce
1902 4275 1969 4330 ab

383 4374 447 4412 eo
476 4360 839 4428 acceperimus
875 4360 1180 4416 adnitimnr.
1220 4365 1375 4436 139
1406 4363 1520 4421 Hoc
1559 4366 1701 4420 enim
1729 4374 1813 4422 est
1841 4382 1970 4422 con-

380 4465 643 4519 sequens;
694 4459 859 4520 atque
906 4453 960 4507 id
1005 4455 1164 4507 ctiam
1205 4472 1332 4511 usus
1362 4456 1481 4510 vitae
1509 4457 1755 4512 humanae
1785 4459 1964 4524 habet,

2089 1899 2144 1952 in
2174 1897 2398 1952 theatris
2439 1897 2669 1967 populus
2714 1896 3043 1961 diffunditur,
3097 1896 3148 1950 in
3197 1895 3354 1951 circis
3383 1894 3535 1963 plebs
3566 1901 3682 1948 tota

2088 1988 2406 2043 bacchatur.
2459 1987 2552 2041 Ille.
2589 1988 2744 2042 nobis
2789 1987 2855 2043 ad
2885 1988 2989 2043 hoc
3014 1988 3156 2042 bona
3187 1992 3434 2056 praestat,
3469 1994 3526 2039 ut
3552 1985 3680 2041 boni

2089 2078 2275 2133 simus.
2318 2078 2427 2132 Nos
2448 2093 2478 2132 e
2498 2077 2731 2144 diverso,
2757 2080 3007 2147 quotiens
3029 2078 3168 2132 bona
3192 2077 3502 2146 accipimus,
3531 2075 3678 2130 mala

2086 2178 2273 2225 nostra
2312 2169 2667 2225 eumulamus.
2714 2168 2806 2223 Ille
2836 2185 2935 2222 nos
2971 2165 3246 2223 beneficiis
3284 2167 3395 2222 suis
3424 2175 3581 2221 vocat
3609 2165 3678 2219 ad

2085 2262 2411 2332 probitatem
2431 2300 2447 2326 ,
2490 2277 2588 2316 nos
2617 2260 2822 2315 ruimus
2848 2260 2902 2313 in
2931 2259 3346 2329 improbitatem.
3391 2256 3483 2312 Ille
3510 2256 3679 2310 bene-

2086 2352 2219 2408 ﬁciis
2246 2354 2356 2407 suis
2384 2361 2646 2424 provocat
2688 2353 2755 2407 ad
2785 2351 3252 2422 compunctionem
3274 2391 3288 2415 ,
3339 2366 3438 2405 nos
3474 2349 3678 2404 ruimus

2085 2445 2141 2499 in
2168 2444 2597 2499 dissolutionem.
2640 2443 2812 2499 Vocat
2842 2444 2927 2497 ille
2969 2442 3035 2497 ad
3064 2443 3398 2507 castitatem,
3440 2457 3539 2495 nos
3567 2441 3681 2495 rui—

2084 2550 2205 2589 mus
2254 2535 2306 2589 in
2355 2535 2740 2604 impuritatem.
2783 2531 3049 2587 Przcclare
3076 2531 3326 2587 videlicet
3362 2531 3530 2586 sacris
3559 2546 3679 2583 mu-

2086 2627 2304 2682 neribus
2331 2625 2739 2696 respondemus.
2783 2622 3045 2679 Pimelare
3073 2623 3214 2677 dona
3243 2623 3360 2692 ejus
3386 2622 3471 2677 vel
3502 2635 3677 2689 agno-

2083 2716 2300 2782 scimus,
2331 2716 2418 2770 vel
2447 2716 2777 2769 honoramus
2801 2731 2815 2779 ;
2846 2714 2935 2783 qui
2961 2720 3219 2782 quantum
3243 2713 3310 2767 ab
3339 2727 3405 2765 eo
3429 2709 3678 2766 beneficii

2084 2806 2414 2877 accipimus,
2463 2812 2670 2859 tantum
2720 2805 2769 2859 ei
2818 2804 3128 2873 injuriarum
3158 2817 3527 2872 repensamus.
3569 2801 3676 2856 Aut

2083 2898 2277 2968 injuria
2306 2897 2403 2952 Dei
2432 2897 2536 2952 hoc
2565 2895 2705 2951 forte
2733 2912 2842 2951 non
2872 2903 2973 2959 est,
3005 2902 3098 2948 aut
3126 2908 3245 2949 esse
3275 2892 3544 2961 indignior
3570 2908 3674 2961 po-

2085 2997 2208 3055 test,
2238 2988 2396 3061 140
2424 2996 2518 3044 aut
2544 2989 2728 3043 multis
2755 3003 2819 3043 ac
2845 2987 3052 3054 magnis
3080 3002 3215 3056 opus
3242 2986 3345 3040 sit?
3373 2984 3479 3039 Sed
3502 2981 3676 3053 dquia

2082 3082 2377 3137 inveterata
2408 3081 2459 3135 in
2488 3080 2643 3135 nobis
2670 3080 2933 3135 malorum
2964 3079 3202 3134 omnium
3232 3078 3352 3131 labe
3381 3076 3536 3130 aliter
3558 3075 3679 3144 jam

2004 3163 2052 3228 C
2082 3189 2191 3228 non
2219 3173 2393 3227 vitiosi
2424 3187 2543 3227 esse
2592 3188 2699 3226 non
2746 3187 3033 3242 possumus
3080 3170 3183 3244 nisi
3222 3178 3282 3223 ut
3310 3168 3532 3222 omnino
3563 3184 3677 3223 non

2079 3266 2276 3331 simus;
2306 3281 2425 3335 quae
2455 3265 2507 3319 in
2539 3264 2713 3329 nobis,
2731 3278 2882 3332 rogo,
2901 3278 3023 3333 spes
3050 3262 3207 3316 bona:
3235 3260 3400 3329 frugis
3429 3260 3548 3314 est?
3570 3258 3678 3326 Qui

2078 3358 2383 3426 ignorantia
2430 3365 2691 3428 peccant,
2742 3371 2925 3411 errore
2954 3355 3135 3423 agnito
3165 3354 3527 3421 corriguntur.
3568 3350 3676 3418 Qui
3734 3408 3748 3420 ,

2077 3451 2354 3521 religionis
2401 3457 2652 3520 expertes
2680 3457 2841 3513 sunt,
2892 3463 3010 3502 cum
3061 3452 3405 3501 mutaverunt
3443 3452 3674 3508 sectam,

2077 3549 2289 3597 mutare
2320 3541 2579 3610 incipiunt
2607 3539 2964 3609 disciplinam.
2994 3535 3297 3600 Postremo,
3331 3543 3389 3589 ut
3416 3534 3545 3599 dixi,
3575 3535 3677 3603 qui

2077 3640 2172 3686 aut
2199 3632 2526 3686 abundantia
2572 3630 2736 3685 nimia
2776 3636 2867 3684 aut
2902 3628 3194 3684 securitate
3218 3627 3495 3690 vitiantur,
3526 3625 3675 3680 desi-

2077 3729 2211 3775 nunt
2240 3737 2357 3775 esse
2406 3721 2599 3792 perditi
2668 3736 2791 3777 cum
2826 3719 3129 3775 destiterint
3170 3732 3291 3774 esse
3319 3717 3513 3773 securi.
3554 3715 3672 3770 Nos

2077 3830 2177 3869 nec
2206 3814 2507 3882 ignorantia
2536 3813 2767 3869 labimur
2788 3853 2803 3877 ,
2850 3828 2951 3868 nec
2993 3811 3270 3880 religionis
3298 3817 3546 3880 expertes
3573 3824 3672 3863 su—

2075 3920 2195 3959 mus
2218 3946 2233 3971 ,
2284 3920 2382 3959 nec
2411 3905 2768 3974 prosperitate
2797 3919 2977 3959 rerum
3007 3917 3071 3957 ae
3098 3902 3389 3957 securitate
3417 3916 3671 3954 corrum-

2073 3999 2268 4069 pimur.
2311 3996 2499 4052 Omnia
2542 3999 2804 4068 siquidem
2843 4015 2873 4054 e
2901 3998 3113 4054 diverso
3144 4005 3288 4054 sunt.
3331 3996 3670 4079 Beligionem

2074 4092 2354 4158 novimus,
2389 4091 2689 4161 ignorantia
2715 4106 2822 4145 non
2853 4105 3200 4156 excusamur,
3230 4104 3419 4159 pacem
3446 4098 3501 4142 et
3529 4086 3670 4141 divi-

2071 4184 2175 4239 tias
2218 4185 2459 4254 prio"um
2506 4188 2812 4253 temporum
2860 4198 2968 4238 non
3011 4182 3303 4247 habemus;
3336 4179 3512 4236 omnia
3543 4195 3670 4248 qua:

2070 4277 2323 4339 fuerunt,
2365 4284 2457 4331 aut
2485 4276 2658 4331 ablata
2691 4284 2782 4330 aut
2812 4278 3092 4331 immutata
3121 4284 3276 4338 sunt;
3309 4276 3422 4330 sola
3454 4283 3667 4330 tantum

2070 4369 2200 4423 vitia
2232 4380 2536 4427 creverunt.
2602 4368 2743 4423 Nihil
2771 4370 2928 4424 nobis
2954 4370 3021 4424 de
3049 4385 3182 4440 pace
3210 4378 3265 4425 et
3301 4370 3666 4440 prosperitate

2070 4462 2297 4531 pristina
2328 4463 2589 4530 reliquum
2611 4470 2721 4524 est,
2762 4462 2865 4517 nisi
2894 4463 3007 4518 sola
3037 4463 3257 4518 omnino
3288 4463 3665 4530 criminaquaa

380 4552 439 4597 ut
468 4543 728 4598 referatur
755 4545 927 4614 gratia
959 4544 1351 4600 feneratoribus
1379 4548 1670 4615 gratiarum
1690 4590 1704 4614 ,
1748 4559 1802 4604 et
1829 4543 2046 4625 reci-‘D
2070 4555 2482 4625 prosperitatem
2529 4570 2636 4608 non
2682 4569 2801 4609 esse
2830 4554 3091 4609 fecerunt.
3138 4554 3234 4610 Ubi
3277 4570 3508 4623 namque
3535 4561 3662 4607 sunt

379 4635 529 4704 piant
558 4637 726 4691 vicem
758 4653 1035 4692 munerum
1065 4647 1428 4693 munerantes.
1470 4639 1547 4694 Ita
1576 4655 1705 4709 ergo
1734 4657 1833 4695 nos
1862 4642 1965 4697 for-

378 4728 518 4781 sitan
546 4727 789 4796 faciams,
820 4739 983 4801 atque
1012 4731 1261 4787 humanis
1287 4732 1474 4787 saltem
1492 4748 1613 4788 cum
1635 4733 1746 4789 Deo
1775 4744 1962 4791 nostro

377 4818 819 4874 retributionibus
845 4830 1091 4890 agentes,
1122 4839 1244 4878 cum
1274 4823 1340 4877 ab
1370 4838 1435 4877 eo
1464 4823 1607 4878 bona
1636 4825 1960 4894 accepimus,

377 4910 517 4965 bona
560 4911 849 4968 reddimus.
908 4914 989 4969 Ad
1016 4915 1207 4972 domos
1246 4917 1493 4972 videlicet
1520 4916 1828 4974 Dominieas
1856 4927 1966 4974 sta-

2070 4645 2305 4714 autiquze
2347 4644 2714 4698 Romanorum
2756 4660 2887 4713 opes
2916 4660 2980 4700 ac
3006 4645 3328 4714 dignitates?
3359 4643 3657 4698 Fortissimi

2070 4737 2343 4807 quondam
2375 4735 2603 4790 Romani
2644 4744 2837 4801 erant,
2887 4752 3029 4792 nunc
3075 4738 3190 4791 sine
3217 4736 3439 4791 viribus.
3481 4735 3661 4788 Time»

2071 4828 2268 4882 bantur
2316 4826 2544 4881 Romani
2592 4836 2838 4892 veteres,
2887 4844 2986 4883 nos
3036 4829 3301 4883 timemus.
3363 4824 3658 4891 Vectigalia

2072 4921 2176 4976 illis
2218 4921 2499 4977 solvebant
2546 4919 2729 4996 populi
2778 4920 3175 4986 Barbarorum,
3225 4936 3326 4975 nos
3367 4917 3658 4987 vectigales

1547 5027 1888 5085 STEPHANI
1926 5030 2197 5085 BALUZII
2237 5029 2464 5087 ΝΟΤιΕ.

447 5139 470 5213 tl
497 5129 718 5196 Plinius,
743 5132 834 5213 lil_i_.
868 5135 1123 5213 lepistLS
1145 5137 1370 5213 :dlediei
1395 5140 1629 5194 salubres
1659 5142 1752 5195 sed
1782 5143 1957 5213 volup-

376 5210 479 5283 tat_e
499 5213 729 5283 foreutcs
759 5203 895 5283 cibos
918 5204 1268 5283 blondioribuj
1285 5211 1524 5283 alloquiis
1554 5203 1952 5283 prosequentis}.

372 5332 377 5337 ξ
444 5272 469 5311 δ
498 5272 773 5328 Editinncs
813 5274 1109 5331 lirassieani
1139 5286 1193 5331 et
1220 5272 1473 5334 Galesiiiii
1522 5272 1799 5336 sectionem
1822 5326 1835 5341 .
1873 5281 1957 5336 Pi-

374 5345 586 5421 thmaua
624 5347 1274 5421 μιυοιινεεσζὶρηθυι-ϐοάωεΔ
1291 5348 1632 5421 Colbertinus
1671 5355 1955 5421 proscrlio-

371 5431 505 5492 nem.
533 5413 669 5469 Male
699 5416 1001 5492 utrobique.
1039 5417 1203 5492 Recte
1236 5416 1605 5492 Corhfinnsis,
1637 5413 1728 5489 qui
1779 5440 1956 5492 prose-

369 5486 587 5555 ctionem
614 5487 869 5555 scriptum
894 5488 1071 5542 habet.
1099 5488 1185 5541 Sic
1202 5489 1341 5555 apud
1365 5488 1605 5543 Tacitum
1630 5486 1682 5544 in
1709 5486 1843 5546 libro
1867 5511 1957 5548 xvi

372 5554 672 5628 Annalium,
706 5554 795 5611 ubi
825 5558 890 5612 de
917 5558 1151 5612 Thrasea
1179 5554 1433 5626 loquitur,
1457 5560 1740 5628 legendum
1771 5563 1958 5616 adum-

368 5634 461 5676 uet
488 5624 542 5676 [νε
559 5627 902 5703 eiusliemius,
928 5624 1268 5703 pi'oscctisqué
1292 5624 1553 5703 utriusque
1576 5629 1772 5686 brachii
1794 5636 1951 5699 renis,

361 5713 375 5743 ‹
396 5710 485 5746 um
498 5696 674 5771 _vn_lgo
698 5698 911 5771 legatur
928 5696 1300 5771 porrectisque.

440 5777 461 5803 ε
498 5764 589 5819 Vel
623 5767 807 5822 unicus
839 5764 946 5824 hic"
974 5770 1122 5826 locus
1152 5764 1278 5827 facit
1307 5771 1563 5828 adversus
1609 5787 1702 5827 eos
1732 5773 1822 5842 qui
1863 5788 1953 5828 ne-

2063 5151 2192 5211 gant
2237 5159 2368 5212 opes
2397 5143 2750 5215 conferendas
2777 5159 2893 5199 esse
2922 5144 2987 5198 ad
3035 5144 3273 5198 ornanda
3305 5146 3523 5215 templa,
3551 5146 3653 5199 do-

2063 5222 2293 5286 ecntque
2317 5214 2703 5286 erogaudasiiu
2728 5231 3009 5286 pauperes,
3034 5216 3121 5286 qui
3153 5223 3277 5268 sunt
3309 5214 3429 5270 viva
3453 5215 3652 5273 Christi

2066 5285 2282 5349 templa.
2312 5284 2742 5339 Sulwenicinluni
2760 5293 2840 5338 est
2864 5285 3165 5340 necessitati
3179 5301 3493 5354 pauperum.
3520 5289 3652 5351 Quis

2004 5338 2023 5367 κ
2063 5338 2257 5423 negat?
2284 5354 2395 5406 Sed
2423 5364 2598 5408 tamen
2648 5338 2960 5423 negligenda
2991 5338 3097 5409 neu
3154 5338 3491 5412 e'st

2064 5420 2383 5493 Videnotas
2412 5424 2477 5477 ad
2512 5420 2871 5493 Agohariluin,
2903 5440 3022 5493 pag.
3060 5426 3144 5479 77.

2135 5490 2159 5528 ά
2196 5492 2347 5547 Iluue
2376 5494 2548 5548 locum
2563 5490 2656 5548 ἐἰη
2678 5490 2955 5548 ediderunt
2988 5496 3331 5551 Brassicanus
3358 5506 3413 5551 et
3435 5495 3648 5553 Galesi—

2070 5564 2189 5616 nius
2222 5581 2233 5615 :
2267 5563 2366 5616 Aut
2391 5566 2585 5634 injuria
2618 5564 2711 5617 Ι)ρί
2742 5566 2836 5617 hor
2859 5568 2989 5634 forte
3011 5583 3110 5618 mm
3143 5578 3235 5629 est,
3267 5578 3356 5620 aut
3382 5584 3492 5621 esse
3516 5571 3650 5622 inai-

2063 5635 2218 5703 gnior
2247 5636 2428 5703 possit,
2461 5644 2547 5687 rmt
2578 5635 2749 5689 mnl'is
2778 5645 2825 5687 et
2853 5636 3053 5703 inriguis
3082 5652 3208 5704 Opus
3234 5639 3335 5699 sit;
3376 5639 3468 5691 sed
3506 5640 3648 5692 imr-

2068 5713 2234 5777 temln
2271 5706 2323 5757 in
2357 5705 2501 5758 nobis
2535 5705 2789 5758 nmlorum
2817 5707 3042 5759 omnium
3066 5705 3350 5767 labrwliler
3394 5709 3508 5777 jam
3548 5721 3650 5757 non

2065 5775 2231 5829 t'itioti
2260 5792 2368 5830 esse
2400 5792 2500 5831 non
2526 5792 2792 5845 possumus
2823 5778 2921 5830 nisi
2951 5785 3004 5829 ut
3025 5779 3231 5832 omnino
3261 5794 3359 5832 non
3387 5775 3567 5833 simus.
