4006 6182
283 315 374 370 {29

1342 317 1430 374 ns
1465 272 1993 375 cunnnmrtoxn
2034 316 2144 372 DEI
2186 314 2312 370 un.
2357 314 2466 371 vn.

3465 314 3563 368 «so

283 430 527 487 Barbaris
552 447 760 487 sumus.
800 432 1050 488 Vendunt
1079 433 1235 488 nobis
1264 433 1448 487 hostes
1475 432 1607 488 lucis
1629 447 1862 486 usuram.
1883 441 1931 508 λ
1974 432 2204 501 pretium
2230 428 2560 485 conditionis
2579 427 2877 483 durissima:
2905 443 2969 483 ac
2988 427 3321 483 miserrimus.
3365 428 3565 483 Omnes

281 523 407 576 Tota
435 521 738 578 admodum
766 524 911 578 salus
938 531 1122 578 nostra
1153 523 1533 578 commercium
1563 530 1666 577 est.
1706 520 1750 575 0
1780 522 1863 574 in-

281 613 562 669 felicitates
586 614 830 669 nostras!
883 614 948 668 ad
992 615 1119 682 quid
1148 613 1493 669 devenimus!
1546 611 1613 666 Et
1639 627 1736 682 pro
1766 612 1869 665 hoc

280 705 475 773 gratias
523 703 779 759 Barbaris
825 705 1032 773 agimus
1053 746 1068 770 ,
1113 720 1142 757 a
1171 704 1366 774 quibus
1394 717 1494 757 nos
1521 703 1666 773 ipsos
1694 700 1868 770 pretio

281 796 692 862 comparamus?
739 795 876 861 Quid
925 803 1104 865 potest
1151 808 1270 849 esse
1299 793 1457 848 nobis
1486 792 1570 847 vel
1607 791 1869 860 abjectius

283 886 361 940 vel
380 885 673 941 miserius?
698 885 767 939 Et
795 886 976 940 vivere
1013 901 1114 938 nos
1140 894 1261 954 post
1290 884 1391 939 ista
1420 883 1718 948 credimus,
1750 881 1871 951 qui-

283 979 374 1034 bus
400 980 514 1032 vita
543 979 625 1033 sic
652 978 891 1033 constat!
924 976 1148 1047 Insuper
1172 977 1333 1031 etiam
1363 976 1618 1031 ridiculos
1647 974 1745 1044 ipsi
1770 988 1871 1027 nos

283 1068 539 1125 facimus:
571 1084 763 1123 aurum
791 1068 935 1139 quod
964 1069 1265 1139 pendimus,
1296 1077 1323 1105 ι
1344 1082 1567 1121 munera
1596 1080 1869 1121 vocamus.

284 1158 517 1215 Dicimus
563 1158 770 1215 donum
817 1174 938 1214 esse
981 1158 1126 1228 quod
1176 1158 1405 1228 pretium
1442 1163 1544 1221 est,
1574 1154 1874 1224 etquidem

1941 522 2171 591 'quippe
2219 520 2452 590 captivi,
2502 535 2626 575 cum
2663 520 2829 574 semel
2858 519 3122 589 redempti
3152 518 3370 583 fuerint,
3404 519 3565 573 liber-

1974 622 2084 667 tate
2114 613 2413 682 potiuntur.
2454 610 2562 665 Nos
2602 625 2816 680 semper
2847 609 3180 675 redimimur,
3211 618 3267 664 ct
3294 623 3566 676 nunquam

1976 703 2131 757 liberi
2175 718 2378 756 sumus.
2439 700 2659 756 Illorum
2707 715 2857 755 more
2901 700 3241 755 dominorum
3284 699 3567 755 nobiscum

1978 793 2201 849 Barbari
2249 802 2415 862 agunt
2460 793 2553 861 qui
2598 792 2863 862 mancipia
2892 792 3165 861 obsequiis
3192 792 3304 847 suis
3331 807 3436 846 non
3469 807 3567 846 ne-

1977 885 2212 940 cessaria
2259 882 2599 938 mercedibus
2643 881 3010 953 dependendis
3058 882 3253 936 locant.
3309 881 3569 936 Similiter

1975 974 2121 1029 enim
2147 988 2247 1028 nos
2291 987 2567 1043 nunquam
2613 972 2682 1026 ab
2728 971 2832 1026 hac
2880 986 3067 1025 sumus
3112 970 3265 1025 liberi
3294 970 3568 1027 iunctione

1978 1081 2140 1136 quam
2187 1066 2487 1135 pendimus.
2549 1064 2629 1118 Ad
2674 1064 2781 1119 hoc
2825 1064 3026 1134 quippe
3073 1063 3352 1119 mercedes
3371 1063 3568 1133 jugiter

1980 1155 2257 1221 solvimus,
2288 1163 2346 1209 ut
2372 1156 2489 1209 sine
2516 1154 2818 1210 cessatione
2844 1153 3138 1208 solvamus.

1483 1273 1830 1331 STEPHANI
1868 1273 2139 1329 BALUZII
2179 1274 2408 1329 ΝΟΤίΕ.

354 1379 381 1407 ι
412 1368 569 1425 lIunc
594 1369 771 1424 locum
801 1369 1015 1438 egregie
1042 1368 1271 1422 illustrat
1294 1367 1506 1422 Isaacus
1531 1366 1883 1438 Casaubonus

288 1440 338 1496 in
357 1439 506 1495 Notis
535 1439 605 1494 ad
627 1435 993 1518 Spat'tianutit,
1021 1439 1087 1492 ad
1116 1439 1265 1492 illum
1294 1438 1470 1495 locum
1491 1452 1522 1491 e
1551 1437 1669 1490 Vita
1694 1435 1886 1500 Adriae

1990 1368 2065 1433 ni,
2096 1370 2181 1439 qui
2211 1368 2273 1422 de
2300 1369 2585 1422 imminutis
2608 1368 2878 1438 stipendiis
2902 1367 3223 1440 querebatur.

288 1552 3553 1578 —_——_-—_————————_—————-_—————————————

1190 1672 1217 1702 '
1270 1661 1742 1770 LIBER
1826 1659 2691 1769 SEPTIMUS.

3206 1774 3241 1790 θ

1576 1847 2160 1871 ’ἠ-

369 1963 523 2037 ιᾷι
562 1962 607 2017 ι.
647 1960 783 2016 Cum
832 1959 885 2014 in
930 1956 1279 2014 conclusione
1327 1955 1494 2012 libelli
1545 1953 1743 2024 hujus,
1791 1951 1885 2021 qui

287 2072 434 2112 nunc
456 2054 639 2109 ﬁnitus
665 2061 748 2107 est
769 2093 785 2116 ,
833 2050 903 2105 de
942 2048 1251 2103 infirmitate
1280 2062 1345 2102 ac
1368 2046 1583 2101 miseria
1614 2043 1885 2099 Romano-

285 2162 411 2202 rum
457 2144 721 2201 nonnulla
769 2140 1032 2205 dixerim,
1081 2138 1351 2194 contraria
1398 2136 1623 2192 forsitan
1668 2133 1887 2202 negotio

286 2236 437 2307 quod
484 2250 631 2289 nunc
678 2233 923 2301 agimus,
974 2230 1176 2285 dixisse
1220 2228 1519 2283 videamur.
1579 2224 1706 2281 Scio
1743 2224 1888 2280 enim

284 2342 453 2399 posse
480 2327 589 2381 hoc
636 2325 759 2379 loco
804 2321 993 2391 subjici
1017 2361 1033 2387 ,
1082 2321 1208 2376 hinc
1234 2321 1468 2375 maxime
1496 2318 1713 2389 probari
1742 2316 1889 2387 quod

286 2435 393 2474 non
422 2417 688 2488 respiciat
730 2429 818 2469 res
862 2414 1126 2468 humanas
1153 2412 1323 2478 Deus;
1354 2411 1478 2480 quia
1507 2425 1628 2465 cum
1659 2406 1889 2463 Romani

286 2506 566 2577 quondam
612 2504 812 2575 pagani
841 2511 895 2557 et
939 2503 1169 2558 vicerint
1214 2509 1269 2556 et
1318 2500 1701 2569 regnaverint,
1744 2512 1889 2554 nunc

285 2598 584 2655 Christiani
623 2605 679 2653 et
708 2598 989 2651 vincantur
1016 2603 1071 2649 et
1096 2594 1353 2649 serviant.
1390 2591 1648 2648 Sufficere
1672 2590 1889 2661 quidem

285 2693 347 2747 ad
386 2691 823 2747 confutationem
854 2687 1171 2756 objectionis
1200 2687 1353 2741 istius
1379 2693 1629 2755 poterant
1657 2685 1744 2738 illa
1768 2698 1890 2753 quae

284 2783 493 2837 dudum
542 2781 612 2835 de
648 2781 856 2834 cunctis
884 2778 995 2833 fere
1021 2778 1246 2848 paganis
1273 2777 1520 2846 gentibus
1548 2775 1689 2831 dicta
1719 2791 1845 2831 sunt
1872 2793 1884 2829 :

286 2875 335 2928 id
362 2884 477 2938 est,
512 2872 685 2940 magis
713 2885 941 2940 peccare
981 2885 1076 2924 eos
1117 2869 1209 2936 qui
1239 2869 1472 2923 scientes
1505 2868 1781 2937 negligant
1808 2867 1888 2922 le-

285 2980 407 3031 gem
442 2962 584 3017 Dei.
616 2976 779 3033 quam
809 2959 902 3030 qui
933 2976 1041 3013 non
1069 2958 1269 3014 faciant
1308 2956 1630 3014 nescientes.
1671 2956 1779 3014 Sed
1810 2966 1890 3013 ta—

284 3072 432 3119 men,
468 3056 516 3109 si
572 3054 712 3109 Deus
753 3052 1028 3118 annuerit,
1060 3067 1181 3106 cum
1210 3051 1276 3106 ad
1302 3067 1423 3107 eam
1450 3052 1655 3120 negotii
1679 3058 1890 3123 partem

282 3146 687 3204 accesserimus
732 3152 792 3199 ut
820 3145 887 3198 de
917 3143 1186 3198 veteribus
1215 3141 1472 3197 Romanis
1501 3143 1679 3213 aliqua
1703 3141 1889 3197 dican-

284 3250 387 3306 tur,
436 3237 726 3294 evidenter
749 3237 931 3291 divino
978 3250 1198 3289 munere
1226 3234 1644 3305 approbabimus
1670 3241 1780 3288 tam
1805 3233 1892 3303 ju-

283 3341 426 3386 stum
464 3340 598 3383 tunc
647 3341 773 3395 erga
822 3326 942 3380 illos
990 3324 1151 3379 fuisse
1198 3324 1409 3378 Domini
1438 3322 1698 3391 favorem,
1729 3338 1891 3394 quam

285 3438 429 3478 nunc
462 3434 594 3489 erga
623 3435 726 3473 nos
747 3419 947 3487 justam
970 3418 1345 3481 severitatem;
1379 3423 1486 3469 tam
1512 3414 1731 3483 dignum
1763 3414 1891 3468 illud
1921 3386 1964 3450 Ο

287 3513 456 3569 fuisse
490 3510 636 3583 quod
678 3509 952 3565 Romanos
998 3516 1123 3562 tunc
1152 3508 1293 3562 Deus
1321 3506 1523 3561 auxilio
1548 3522 1648 3561 suo
1678 3506 1888 3570 extulit,

287 3618 455 3671 quam
508 3616 654 3655 nunc
696 3600 916 3667 dignum
944 3614 1063 3654 esse
1090 3598 1235 3668 quod
1264 3597 1533 3668 punimur.
1577 3597 1753 3665 Atque
1781 3597 1889 3651 uti-

286 3707 412 3745 nam
469 3705 632 3760 pmna
682 3690 796 3759 ipsa
844 3690 1159 3759 prodesset!
1203 3687 1335 3742 Illud
1379 3688 1595 3757 gravius
1629 3688 1799 3742 multo
1828 3702 1892 3742 ac

290 3783 597 3837 luctuosius
624 3820 640 3844 ,
692 3779 845 3851 142
884 3780 1027 3849 quod
1056 3787 1178 3849 post
1205 3793 1422 3848 pmnam
1451 3778 1596 3833 nulla
1626 3778 1891 3834 correctio

285 3882 389 3929 est.
433 3873 649 3927 Curare
675 3887 778 3925 nos
823 3870 936 3924 vult
976 3869 1419 3937 castigationibus
1462 3870 1575 3923 suis
1613 3869 1889 3935 Dominus,

289 3966 382 4020 sed
429 3980 625 4021 curam
667 3962 906 4018 remedia
945 3977 1050 4016 non
1078 3969 1395 4031 sequuntur.
1437 3960 1575 4027 Quid
1622 3962 1724 4017 hoc
1766 3963 1894 4016 mali

289 4058 413 4110 est?
443 4053 704 4108 Iumenta
749 4068 814 4107 ac
858 4050 1092 4121 pecudes
1137 4052 1269 4105 secti
1294 4066 1377 4105 me
1404 4061 1677 4117 curantur,
1709 4060 1765 4107 et
1790 4068 1893 4123 pu-

291 4146 525 4201 trefacta
555 4145 846 4207 mulorum,
876 4143 1173 4206 asinorum,
1205 4157 1494 4212 porcorum
1519 4143 1745 4208 viscera,
1771 4159 1893 4198 cum

290 4240 491 4294 adusta
533 4237 793 4293 cauteriis
837 4234 1072 4301 fuerint,
1123 4250 1317 4289 munus
1347 4234 1570 4290 medica:
1597 4235 1896 4291 adustionis

291 4339 632 4400 agnoscunt;
681 4330 974 4399 statimque
1023 4329 1110 4383 ubi
1154 4337 1247 4381 aut
1276 4337 1517 4383 cremata
1560 4340 1652 4384 aut
1679 4329 1894 4385 desecta

295 4423 466 4479 fuerit
497 4424 808 4477 vitiatorum
840 4437 1126 4490 corporum
1154 4420 1303 4475 labes
1331 4459 1342 4483 ,
1385 4421 1438 4474 in
1468 4422 1644 4476 locum
1675 4420 1894 4476 demor-

288 4522 400 4568 tua:
425 4514 608 4569 carnis
629 4514 749 4566 viva
770 4511 1028 4566 succedit.
1067 4510 1175 4565 Nos
1202 4518 1257 4566 et
1288 4511 1508 4576 urimur,
1540 4520 1594 4566 et
1621 4528 1893 4580 secamur;

294 4606 390 4660 sed
416 4620 521 4660 nec
550 4603 677 4659 ferri
709 4604 1042 4668 desectione,
1087 4617 1187 4657 nec
1222 4604 1584 4658 cauteriorum
1614 4605 1898 4662 adustione

294 4712 596 4751 sanamur:
646 4695 833 4759 immo,
864 4693 1007 4766 quod
1056 4700 1138 4749 est
1176 4695 1410 4763 gravius,
1440 4711 1568 4750 cura
1598 4697 1711 4767 ipsa
1740 4697 1895 4753 dete-

1988 1951 2161 2007 riores
2188 1968 2389 2009 sumus.
2430 1954 2496 2009 Et
2527 1954 2648 2010 ideo
2678 1969 2787 2011 non
2821 1954 3014 2011 frustra
3043 1957 3199 2013 nobis
3227 1958 3409 2013 evenit
3434 1958 3574 2030 quod

1989 2047 2208 2101 evenire
2257 2047 2550 2116 pecudibus
2598 2055 2653 2103 et
2693 2047 2953 2117 jumentis
3001 2050 3172 2113 solet,
3203 2066 3324 2120 qua:
3352 2050 3577 2107 inreme-

1987 2137 2212 2192 diabiles
2258 2139 2477 2193 morbos
2524 2139 2723 2195 ferunt.
2785 2139 2921 2194 Nam
2967 2140 3018 2195 in
3060 2143 3311 2197 omnibus
3338 2144 3580 2212 partibus

1989 2228 2177 2282 mundi
2244 2229 2369 2299 quia
2425 2228 2570 2283 curis
2632 2228 3028 2285 medicantibus
3086 2247 3194 2285 non
3242 2233 3580 2300 corrigimur,

1988 2326 2165 2373 morte
2194 2327 2357 2388 atque
2404 2319 2679 2375 occisione
2729 2320 2961 2374 linimur.
3003 2320 3144 2376 Ecce
3191 2322 3356 2387 enim,
3388 2333 3577 2379 utnon

1987 2416 2229 2478 repetam
2259 2424 2379 2479 quae
2408 2409 2577 2464 multo
2606 2418 2733 2465 ante
2755 2409 2869 2479 jam
2896 2411 3042 2477 dixi,
3093 2413 3196 2469 hoc
3224 2414 3397 2483 ipsum
3421 2416 3581 2484 quale

1990 2506 2074 2554 est
2100 2500 2245 2569 quod
2273 2501 2435 2570 paulo
2464 2509 2591 2557 ante
2618 2504 2946 2567 memoravi,
2991 2504 3198 2558 scilicet
3234 2506 3357 2576 quia
3400 2516 3455 2562 et
3484 2507 3581 2562 mi-

1989 2590 2098 2644 seri
2125 2590 2327 2659 pariter
2366 2601 2423 2646 et
2486 2590 3022 2648 luxuriosi.sumus?
3078 2593 3209 2649 Esto
3256 2597 3426 2660 enim,
3476 2598 3581 2654 sint

1989 2681 2122 2735 vitia
2151 2682 2252 2735 ista
2276 2680 2508 2736 felicium
2538 2683 2817 2754 (quamvis
2845 2700 3004 2741 nemo
3029 2686 3169 2741 idem
3199 2702 3254 2742 ct
3290 2695 3582 2758 probrosus

1990 2786 2110 2828 esse
2134 2774 2305 2843 possit
2333 2783 2389 2829 et
2434 2773 2561 2830 felix
2589 2794 2601 2828 :
2634 2777 2759 2846 quia
2790 2777 2879 2831 ubi
2908 2794 3016 2833 non
3046 2788 3129 2834 est
3153 2774 3274 2835 vera
3305 2782 3582 2846 honestas,

1991 2880 2100 2920 non
2141 2874 2224 2922 est
2265 2882 2392 2922 vera
2442 2866 2713 2939 felicitas),
2762 2870 2857 2925 sed
2907 2878 3120 2939 tamen,
3166 2881 3225 2928 ut
3259 2890 3421 2945 supra
3450 2876 3583 2940 dixi,

1993 2966 2132 3025 esto,
2165 2959 2274 3014 sint
2302 2960 2430 3014 vitia
2461 2960 2558 3015 ista
2590 2970 2646 3016 et
2674 2963 2847 3032 longa:
2876 2966 3025 3033 pacis
3050 2973 3106 3020 et
3133 2967 3403 3035 opulenta}
3429 2983 3584 3022 secu-

1991 3050 2186 3104 ritatis.
2223 3049 2350 3116 Cur,
2391 3068 2606 3122 qumso,
2656 3054 2765 3109 illic
2812 3063 2955 3119 sunt,
3007 3056 3098 3110 ubi
3140 3055 3253 3124 jam
3282 3057 3425 3111 nulla
3456 3072 3581 3125 pax,

1994 3141 2085 3196 ubi
2114 3141 2261 3196 nulla
2287 3143 2586 3198 securitas?
2623 3143 2681 3198 In
2712 3145 2857 3200 omni
2887 3146 3028 3200 cnim
3057 3145 3225 3202 ferme
3255 3145 3280 3184 δ
3308 3148 3441 3201 orbe
3471 3146 3584 3202 lto-

1993 3249 2154 3288 mano
2201 3249 2307 3302 pax
2353 3243 2409 3289 et
2454 3237 2717 3291 securitas
2763 3253 2870 3292 non
2901 3246 3046 3293 sunt.
3086 3236 3198 3294 Cur
3225 3239 3340 3295 sola
3372 3249 3581 3296 tantum

1996 3322 2120 3376 vitia
2150 3324 2483 3392 perdurant?
2534 3323 2683 3391 Quis,
2718 3341 2871 3395 rogo,
2907 3327 3047 3382 ferre
3081 3330 3251 3397 possit
3281 3329 3332 3382 in
3364 3328 3585 3383 homine

1995 3421 2282 3482 egestuoso
2329 3432 2449 3470 esse
2499 3417 2814 3471 lasciviam?
2862 3418 3214 3474 Criminosior
3258 3422 3457 3490 quippe
3504 3429 3586 3476 cst

1995 3504 2270 3559 luxuriosa
2300 3514 2616 3575 paupertas;
2668 3515 2723 3561 et
2770 3509 2990 3576 majoris
3019 3509 3231 3563 invidia:
3254 3550 3269 3573 ,
3302 3510 3465 3565 miser
3492 3527 3586 3565 nu-

1994 3607 2096 3662 gax
2128 3593 2315 3666 (Ecclt.
2350 3612 2475 3662 xxv,
2506 3596 2584 3666 4).
2628 3596 2798 3653 Totus
2846 3597 3121 3653 Romanus
3167 3600 3313 3654 orbis
3342 3608 3396 3654 ct
3424 3601 3587 3655 miser

1993 3694 2079 3743 est
2127 3695 2182 3742 et
2229 3688 2556 3744 luxuriosus.
2618 3688 2778 3756 Quis,
2811 3706 3028 3760 qtucso,
3062 3706 3267 3761 pauper
3294 3700 3351 3747 et
3380 3708 3577 3762 nugax,

1993 3779 2088 3850 qui
2134 3781 2502 3849 captivitatem
2553 3792 2871 3852 exspectans
2917 3783 2985 3839 de
3022 3785 3167 3840 circo
3197 3786 3441 3854 cogitat?
3469 3788 3588 3855 quis

1994 3874 2187 3927 metuit
2214 3882 2442 3929 mortem
2468 3914 2484 3941 ,
2533 3883 2588 3929 et
2624 3875 2796 3930 ridet?
2833 3877 2942 3932 Nos
2970 3885 3025 3931 et
3054 3876 3108 3931 in
3138 3889 3286 3933 metu
3314 3879 3589 3949 captivita-

1997 3964 2066 4020 tis
2096 3964 2346 4031 ludimus,
2378 3975 2434 4020 et
2462 3966 2624 4035 positi
2654 3967 2705 4020 in
2736 3968 2926 4023 mortis
2956 3968 3147 4024 timore
3175 3969 3428 4025 ridemus.
3461 3969 3589 4024 Sar-

1996 4054 2206 4110 donicis
2252 4055 2655 4124 quodammodo
2702 4057 2881 4113 herbis
2909 4074 3125 4113 onmem
3156 4058 3458 4115 Romanum
3490 4075 3588 4128 po-

1996 4148 2180 4219 pulum
2228 4154 2384 4217 putes
2429 4163 2548 4203 esse
2593 4156 2911 4203 saturatum.
2953 4148 3104 4220 1&3
3135 4149 3380 4215 Moritur,
3431 4158 3485 4204 et
3514 4152 3588 4205 ri—

1996 4239 2108 4294 det.
2145 4238 2212 4292 Et
2259 4237 2382 4306 ideo
2429 4239 2482 4292 in
2532 4240 2782 4294 omnibus
2819 4239 2931 4293 fere
2966 4241 3206 4310 partibus
3232 4241 3417 4294 mundi
3447 4241 3587 4295 risus

1998 4337 2214 4384 nostros
2263 4328 2512 4400 lacryma:
2557 4340 2988 4399 consequ:.ntur;
3037 4345 3099 4385 ac
3132 4331 3277 4384 venit
3323 4332 3485 4385 etiam
3535 4332 3588 4387 in

1997 4424 2247 4494 prmsenti
2276 4438 2439 4492 super
2479 4438 2576 4478 nos
2618 4422 2747 4477 illud
2776 4423 2986 4477 Domini
3017 4424 3186 4477 nostri
3214 4424 3413 4479 dictum
3442 4443 3454 4476 :
3499 4423 3589 4479 l'tu

1998 4513 2137 4570 vobis
2159 4516 2245 4587 qui
2276 4514 2474 4579 ridetis,
2505 4516 2748 4587 quoniam
2778 4513 2965 4585 ﬂebilis
2996 4513 3152 4587 (Luc.
3185 4531 3258 4580 v1,
3292 4514 3405 4583 25).

2070 4606 2134 4660 ll.
2176 4605 2284 4661 Sed
2336 4605 2559 4661 forsitan
2587 4646 2602 4668 ,
2654 4622 2775 4661 cum
2827 4606 2894 4661 de
2924 4589 3140 4662 Indicris
3169 4622 3233 4661 ac
3259 4606 3590 4663 fatuitatibus

1999 4699 2228 4769 publicis
2274 4698 2573 4753 diutissime
2619 4698 2945 4764 dixerimus;
2992 4700 3045 4753 in
3091 4698 3195 4754 hoc
3226 4707 3434 4754 tantum
3463 4700 3586 4771 quis

1500 4804 1839 4863 STEPHANI
1876 4807 2149 4863 BALUZII
2184 4808 2412 4864 ΝΟΤᾸΕ.

376 4932 402 4958 ³·
435 4920 745 4991 Sequentes
767 4916 876 4991 duo
916 4916 1035 4991 libri
1064 4917 1284 4972 omnino
1333 4918 1627 4991 perturbati
1676 4927 1802 4973 sunt
1842 4920 1894 4973 in
1926 4922 1971 4981 ι)
1996 4939 2050 4984 u,
2080 4929 2140 4975 ut
2160 4921 2222 4975 iis
2252 4929 2438 4976 notum
2466 4928 2548 4976 est
2572 4922 2661 4991 qui
2680 4922 2845 4976 libros
2873 4938 3033 4978 manu
3056 4930 3308 4979 exaratos
3330 4933 3581 4981 tractant.

298 4993 545 5047 editione
575 4988 897 5053 Brassicani,
928 4988 1003 5041 ita
1042 4998 1100 5042 ut
1127 5003 1245 5057 qua:
1292 4988 1360 5044 ad
1411 4991 1696 5056 septimum
1726 4991 1887 5059 perti-

300 5071 458 5125 nent,
492 5062 735 5128 legantur
764 5059 1029 5113 interdum
1061 5059 1111 5112 in
1142 5065 1356 5113 octavo.
1387 5059 1483 5113 Cui
1508 5060 1737 5114 similem
1766 5075 1896 5128 qne-

302 5134 479 5187 relatn
528 5130 749 5200 protulit
788 5128 1078 5183 Balduinus
1115 5129 1182 5183 ad
1225 5128 1419 5183 librum
1460 5131 1677 5183 tertium
1714 5129 1925 5199 Optati,

299 5201 620 5257 biilevitani.
661 5199 969 5254 Galesinius
1012 5201 1192 5269 itaque
1220 5209 1412 5255 cuncta
1456 5200 1508 5253 in
1536 5201 1780 5255 ordinem
1802 5217 1892 5256 re-

299 5274 462 5326 duxit
484 5271 620 5341 apud
641 5270 971 5341 Salvianuzn.
1030 5328 1039 5337 ,

379 5343 410 5383 b
441 5340 718 5395 lta’colex
746 5340 1106 5402 Corhcicnsis,
1156 5355 1276 5395 cum
1323 5340 1664 5395 Colbertinus
1694 5350 1748 5395 et
1782 5343 1895 5397 edi-

300 5414 494 5467 tiones
531 5408 786 5465 Galesinii
841 5421 896 5464 et
941 5408 1136 5464 Pitltmi
1182 5411 1443 5465 haberent
1470 5409 1594 5464 urbe
1635 5411 1891 5467 Romana.

303 5481 543 5536 Prorsus
569 5482 731 5535 male.
760 5479 893 5533 Nam
913 5488 977 5550 iet
1002 5482 1121 5550 ipse
1173 5479 1413 5535 Pithrcus
1441 5490 1589 5535 recte
1617 5482 1893 5539 admonuit

303 5552 679 5621 reponendum
701 5564 822 5621 esse
843 5549 961 5603 orbe
988 5549 1241 5604 Romano.
1268 5550 1520 5621 Diversus
1547 5567 1698 5606 error
1719 5561 1896 5607 exstat

303 5617 526 5688 ὐπ’μες.
550 5620 649 5673 155
669 5631 724 5675 et
748 5617 872 5689 15b,
914 5621 1000 5673 ubi
1031 5636 1129 5689 pro
1159 5621 1222 5674 de
1249 5619 1372 5675 urbe
1400 5623 1455 5676 in
1476 5621 1653 5677 urbem
1682 5624 1895 5689 legeba-

304 5687 405 5761 tur
418 5691 631 5761 deuorbe
650 5692 702 5743 in
731 5687 921 5744 orbem.
957 5687 1120 5745 Natus
1149 5692 1235 5745 hic
1262 5707 1415 5745 error
1442 5708 1505 5745 ex
1534 5707 1601 5746 eo
1629 5687 1772 5761 quod
1795 5710 1892 5747 an-

304 5759 454 5829 tiqui
486 5758 678 5814 librarii
709 5776 1079 5831 saepenumero
1108 5761 1507 5816 confundebant
1550 5758 1754 5817 litteras
1781 5780 1811 5818 ο
1840 5772 1895 5818 et

1999 4991 2107 5046 Sed
2153 5006 2220 5045 ne
2268 4992 2318 5045 id
2373 4993 2425 5045 in
2481 4993 2743 5063 sequioris
2776 5001 2978 5047 tantum
3018 4997 3191 5051 aetatis
3234 4997 3585 5063 scriptoribus

2000 5069 2236 5123 notetur,
2269 5070 2482 5115 exstant
2508 5063 2646 5131 apud
2669 5062 2956 5117 Gruterum
3003 5073 3058 5119 et
3094 5066 3219 5120 alibi
3252 5062 3460 5119 veteres
3499 5068 3583 5120 in-

1999 5132 2316 5204 scriptiones
2347 5132 2399 5204 in
2428 5133 2620 5204 quilnts
2648 5148 2864 5201 quoque
2905 5134 3018 5189 haec
3040 5136 3339 5189 litterarum
3370 5152 3585 5204 permu-

1997 5203 2133 5257 tatio
2161 5202 2402 5268 contigit.
2436 5204 2524 5257 Sic
2554 5203 2606 5256 in
2638 5206 2803 5259 veteri
2835 5205 3008 5271 lapide
3039 5202 3382 5261 Narbonensi
3404 5206 3584 5260 Rusti-

1998 5288 2094 5346 cus
2123 5272 2269 5325 urbis
2316 5273 2456 5327 illius
2497 5274 2784 5346 episcopus
2834 5276 3030 5330 dicitur
3076 5279 3301 5346 episcopi
3351 5278 3587 5330 Aram-is

1999 5344 2063 5396 de
2088 5359 2264 5413 sorore
2285 5359 2462 5413 nepus.
2490 5342 2846 5413 Quintilianus
2874 5355 3054 5400 autent
3085 5342 3136 5400 in
3165 5342 3258 5400 lib.
3284 5363 3298 5400 ι
3327 5346 3585 5410 lnstitut.,

2002 5412 2200 5486 cata},
2228 5414 2305 5486 sic
2333 5415 2547 5468 scribit:
2571 5412 2708 5486 Quid
2733 5431 2766 5468 ο
2797 5426 2948 5486 atque
2974 5433 3006 5470 ιι
3026 5426 3327 5486 permutata:
3350 5416 3587 5486 inuicem,

2000 5493 2054 5537 ut
2088 5482 2293 5537 Hecuba
2315 5493 2363 5537 et
2392 5486 2587 5547 notrix,
2635 5482 2904 5540 Chalcide;
2941 5496 2990 5539 et
3018 5482 3277 5539 Pnlixena
3303 5484 3585 5539 scriberen-

2002 5556 2121 5605 tur?
2147 5554 2222 5606 Ac
2250 5570 2313 5608 ne
2340 5555 2395 5607 in
2425 5553 2617 5609 Grazeis
2661 5557 2716 5609 id
2758 5565 2953 5609 tantum
2985 5565 3205 5618 notetur,
3255 5554 3499 5609 dederont
3521 5571 3586 5610 ac

2001 5623 2359 5705 probaverant.
2395 5625 2526 5682 Vide
2556 5626 2720 5682 Notas
2759 5626 2825 5681 ad
2854 5627 3136 5695 epistolam
3173 5624 3269 5677 Ηιὸ
3294 5624 3424 5697 Lupi
3456 5625 3585 5682 Fer-

2002 5710 2057 5747 1'3
2065 5710 2274 5749 I'ICIISIS.

3574 5872 3608 5897 κ
