4006 6182
453 294 546 347 l-"il

1397 294 1453 351 S.
1494 291 1809 351 SALVIANI
1858 294 2319 353 MASSILIENSIS
2358 296 2778 357 PRESBYTER!

3617 304 3715 366 133

452 403 751 460 deteriores
777 419 895 460 esse
921 419 1020 460 nos
1046 411 1199 475 putat
1224 404 1487 473 barbaris,
1517 406 1642 475 quia
1673 407 1749 461 illi
1779 408 1890 462 bzec
1920 423 2025 460 non
2056 408 2101 465 A
2132 406 2233 461 lius
2263 410 2399 464 tales
2418 451 2433 474 ,
2488 412 2613 481 quia
2663 411 2916 482 specialia
2962 412 3057 469 Dei
3096 429 3319 471 munera
3346 418 3715 487 possidebant.

453 504 619 564 agunt
642 533 657 558 ,
687 510 787 549 nos
813 496 1018 563 agimus
1038 534 1054 561 ,
1100 503 1356 550 caeterum
1402 496 1519 565 ipso
1548 496 1777 551 carnalis
1804 496 2037 551 libidinis

453 586 656 641 scelere
684 594 739 640 et
766 586 1132 641 fornicationis
1171 586 1395 642 funestae
1422 602 1579 643 emno
1607 603 1717 643 non
1747 588 1820 642 ita
1849 588 2034 658 pollui.

451 674 837 745 Comparemus
858 718 873 743 ,
912 679 958 732 si
989 678 1183 748 placet,
1216 679 1429 733 ueteris
1457 678 1765 733 nationibus
1792 679 1954 733 etiam
1982 679 2037 733 in

451 765 553 820 hac
578 774 729 838 parte
777 767 1072 823 Romanos.
1131 768 1199 822 Et
1241 769 1460 837 quidem
1488 769 1672 824 nescio
1701 784 1769 822 an
1797 769 1920 823 ullis
1947 784 2036 824 re-

451 857 589 912 ctius
618 866 1005 926 comparentur
1031 873 1191 926 quam
1223 861 1306 913 his
1335 875 1470 929 quos
1499 859 1639 913 Deus
1669 859 1723 913 in
1753 859 1930 914 medio
1957 860 2038 914 rei

450 948 682 1017 publieae
729 949 848 1001 sinu
896 949 1131 1018 positos,
1178 964 1520 1018 possessores
1549 947 1674 1003 fecit
1701 964 1765 1003 ac
1790 948 2037 1004 dominos

450 1041 551 1095 soli
583 1055 700 1094 esse
734 1040 980 1094 Romani.
1038 1039 1188 1095 Unde
1223 1041 1468 1108 quamvis
1510 1041 1643 1094 nihil
1679 1040 1941 1110 disputari
1968 1041 2037 1095 de

452 1130 649 1199 judicio
696 1131 789 1184 Dei
838 1132 1039 1200 possit,
1093 1140 1273 1186 tamen
1308 1148 1430 1186 cum
1459 1132 1689 1185 ablatam
1718 1133 1873 1187 nobis
1896 1132 2035 1200 juris

451 1224 619 1277 nostri
667 1223 924 1292 optimam
968 1231 1174 1291 partem
1221 1224 1464 1277 barbaris
1491 1224 1728 1287 dederit,
1760 1224 2034 1278 videamus

451 1329 520 1367 an
552 1314 601 1367 id
631 1315 773 1382 quod
816 1314 971 1367 nobis
1000 1314 1121 1367 tulit
1148 1322 1203 1367 et
1232 1314 1335 1368 illis
1367 1314 1619 1379 tradidit,
1659 1313 1807 1381 justo
1830 1312 2033 1380 judicio

451 1404 731 1458 tradidisse
780 1404 1042 1457 videatur.
1104 1402 1312 1457 Nemini
1360 1402 1580 1457 dubium
1626 1410 1709 1457 est
1736 1403 2034 1471 Aquitanos

446 1509 511 1548 ac
538 1492 972 1563 Novempopulos
1014 1492 1299 1547 medullam
1327 1492 1439 1548 fere
1467 1491 1706 1547 omnium
1735 1489 2029 1546 Galliarum

447 1592 502 1639 et
526 1584 659 1638 uber
706 1585 870 1638 totius
919 1582 1259 1638 fecunditatis
1305 1583 1582 1649 habuisse;
1624 1598 1723 1637 nec
1750 1581 1925 1637 solum
1954 1580 2031 1636 fe-

446 1675 763 1740 cunditatis,
816 1674 937 1739 sed,
986 1690 1105 1743 qua:
1151 1672 1396 1744 praeponi
1424 1673 1688 1727 interdum
1717 1668 2032 1727 fecunditati

2138 498 2206 553 Et
2231 502 2360 570 quid
2407 513 2530 572 post
2576 505 2691 559 inec
2735 506 2949 559 omnia?
2977 507 3108 577 quid
3135 518 3377 565 secutum
3420 515 3544 568 est?
3567 516 3714 586 quid,

2137 590 2240 677 nisi
2269 602 2459 646 cuncta
2489 602 2609 661 qua:
2638 609 2668 649 e
2696 595 2907 649 diverso
2931 598 3087 651 sunt?
3135 598 3194 653 In
3234 602 3485 657 omnibus
3520 607 3719 677 quippe

2135 673 2343 741 Galliis,
2372 679 2513 733 sicut
2534 680 2733 736 divitiis
2760 683 2918 752 primi
2947 682 3116 750 fuere,
3146 687 3228 743 sic
3249 689 3415 763 vitiis.“
3439 673 3718 762 Nusquam

2137 767 2281 820 enim
2310 768 2609 837 improbior
2632 772 2901 842 voluptas,
2934 789 3197 844 nusquam
3227 778 3555 847 inquinatior
3584 784 3714 850 vita,

2134 872 2400 926 nusquam
2430 862 2732 930 corruptior
2765 863 3063 933 disciplina.
3105 867 3256 923 lianc
3283 880 3380 939 pro
3405 874 3718 930 muneribus

2135 951 2300 1003 sacris
2347 950 2609 1006 dederunt
2654 953 2881 1008 Domino
2909 957 3337 1025 retributionem,
3369 969 3428 1015 ut
3456 962 3509 1016 in
3539 978 3714 1031 quau-

2136 1044 2250 1092 tum
2280 1054 2375 1093 eos
2403 1041 2676 1096 beneﬁciis
2704 1044 2816 1098 suis
2844 1045 2932 1099 ille
2959 1047 3025 1099 ad
3053 1062 3111 1102 se
3136 1048 3401 1103 inlexerat
3426 1052 3493 1106 ad
3522 1055 3714 1124 propi-

2136 1129 2401 1196 tiandum,
2436 1133 2486 1186 in
2534 1140 2739 1188 tantum
2767 1134 2840 1189 illi
2869 1133 3082 1204 flagitiis
3122 1139 3235 1194 suis
3258 1140 3621 1198 laboraverint
3648 1143 3712 1202 ad

2135 1222 2580 1276 exacerbandum.

2202 1309 2290 1364 lll.
2330 1310 2410 1364 An
2452 1311 2587 1367 forte
2614 1312 2804 1368 falsum
2844 1324 2945 1381 est,
2968 1324 3023 1370 et
3059 1317 3319 1374 invidiose
3346 1321 3525 1388 potius
3549 1338 3710 1392 quam

2136 1414 2260 1454 vere
2289 1400 2388 1455 ista
2416 1402 2705 1459 dicuntur?
2727 1414 2752 1441 ⁸
2777 1404 2895 1459 Non
2923 1407 3158 1461 oratoria
3196 1408 3347 1480 145
3371 1411 3709 1479 probatione,

2131 1503 2238 1557 qua
2268 1491 2343 1544 uti
2374 1491 2463 1545 alii
2491 1491 2544 1545 in
2566 1493 2741 1547 causis
2762 1494 2957 1558 solent,
2990 1504 3111 1549 utar
3149 1504 3209 1551 ut
3235 1499 3526 1568 producam
3551 1516 3710 1570 quos-

2131 1596 2342 1649 cunque
2370 1583 2436 1636 ad
2475 1584 2811 1652 probandum
2838 1593 2931 1639 aut
2958 1601 3158 1655 paucos
3183 1596 3277 1643 aut
3299 1597 3588 1645 extraneos
3614 1600 3709 1647 aut

2132 1672 2308 1727 minus
2331 1672 2553 1727 idoneos
2582 1681 2763 1728 testes.
2813 1674 2962 1744 Ipsos
2999 1675 3387 1745 interrogemus
3432 1694 3464 1733 a
3512 1681 3708 1748 quibus

447 1766 641 1829 solent,
668 1765 1041 1833 jucunditatis,
1067 1766 1385 1834 voluptatis,
1418 1764 1846 1834 pulchritudinis.
1877 1762 2027 1819 Adeo
2063 1768 2102 1826 Β
2132 1771 2251 1817 acta
2288 1770 2430 1819 sunt.
2463 1763 2678 1819 Falsum
2721 1764 2984 1829 diximus,
3015 1767 3062 1820 si
3090 1768 3419 1835 negaverint.
3450 1769 3706 1824 Fateatur

447 1856 553 1911 illic
581 1858 754 1911 omnis
782 1856 1067 1910 admodum
1097 1856 1246 1923 regio
1270 1864 1361 1909 aut
1388 1856 1679 1909 intertexta
1711 1856 1898 1916 vineis,
1932 1862 2026 1908 aut

446 1944 727 2001 ﬂorulenta
757 1946 925 2015 pratis
948 1985 963 2010 ,
1006 1953 1100 1999 aut
1126 1944 1374 1999 distincta
1403 1944 1628 1999 culturis
1651 1982 1665 2008 ,
1697 1953 1790 1997 aut
1817 1944 2026 1998 consita

445 2039 638 2107 pomis,
672 2045 764 2090 aut
792 2045 1062 2092 amamata
1094 2037 1255 2100 lucis,
1289 2045 1383 2090 ant
1412 2036 1618 2105 inrigua
1651 2035 1903 2102 fontibus,
1935 2044 2027 2091 aut

445 2128 702 2183 interfusa
749 2127 1089 2193 tluminibUS,
1142 2136 1235 2182 aut
1280 2128 1470 2182 crinita
1519 2128 1781 2182 messibus
1808 2126 1936 2193 fuit;
1968 2136 2028 2181 ut

444 2235 571 2274 vere
601 2234 939 2289 possessores
964 2235 1028 2274 ac
1056 2218 1257 2273 domini
1288 2227 1445 2272 teme
1474 2218 1617 2272 illius
1646 2230 1755 2273 non
1786 2226 1896 2271 tam
1924 2218 2026 2273 soli

444 2312 594 2366 istius
623 2312 924 2382 portionem
952 2324 1113 2380 quam
1141 2310 1372 2380 paradisi
1405 2311 1691 2378 imaginem
1722 2310 2025 2380 possedisse

443 2403 746 2459 videantur.
787 2403 924 2468 Quid
951 2416 1079 2470 ergo
1124 2410 1246 2471 post
1285 2402 1387 2456 ista
1418 2402 1638 2455 omnia?
1663 2401 2025 2456 Ofliciosiores

445 2495 646 2563 absque
673 2493 836 2547 dubio
867 2493 976 2545 Deo
1005 2507 1124 2546 esse
1149 2492 1468 2555 debuerant,
1518 2506 1656 2561 quos
1685 2493 2026 2561 peculiariter

446 2584 590 2638 Deus
619 2583 1072 2637 aliundantissiuia
1114 2580 1498 2637 beneﬁciorum
1540 2596 1759 2637 suorum
1785 2583 1912 2638 dote
1940 2584 2023 2638 di-

443 2681 673 2727 taverat.
714 2672 850 2739 Quid
890 2675 1031 2726 enim
1082 2673 1279 2727 rectius
1321 2679 1414 2726 aut
1457 2672 1587 2741 quid
1628 2672 1837 2741 dignius
1864 2686 2024 2741 quam

443 2772 502 2817 ut
525 2764 724 2831 quibus
754 2778 849 2831 per
878 2778 1102 2817 munera
1133 2779 1229 2817 sua
1260 2762 1517 2817 Dominus
1543 2766 1698 2832 quasi
1722 2764 2027 2834 specialiter

444 2856 727 2909 videbatur
757 2856 969 2924 placere
998 2856 1252 2919 voluisse,
1291 2852 1445 2926 ιω
1481 2852 1639 2910 iidem
1669 2871 1881 2925 quoque
1910 2866 2028 2925 spe-

441 2946 630 3001 cialius
661 2946 886 2999 Domino
935 2945 1081 2999 cultu
1130 2962 1194 3001 ac
1222 2947 1479 3014 religione
1506 2947 1854 3017 placuissent,
1884 2960 2024 3017 pra:-

442 3040 629 3095 sertim
679 3053 802 3092 cum
847 3054 879 3092 a
928 3039 1084 3093 nobis
1137 3039 1272 3103 Deus
1316 3039 1389 3092 nil
1418 3050 1729 3104 onerosum,
1760 3040 1834 3093 nil
1862 3053 2026 3108 grave

2128 1853 2299 1918 enim;
2329 1860 2385 1907 et
2412 1853 2646 1921 quidem,
2676 1855 2821 1923 quod
2842 1862 2926 1911 est
2942 1856 3173 1923 gravius,
3201 1857 3279 1912 sic
3303 1858 3539 1913 fatentur
3566 1869 3622 1913 ut
3649 1862 3706 1917 in

2127 1941 2243 2011 ipsa
2271 1941 2607 1997 confessione
2654 1954 2760 1998 non
2802 1943 3039 2000 doleant.
3071 1946 3217 2001 Idem
3258 1948 3399 2001 enim
3442 1964 3583 2005 nunc
3621 1959 3706 2006 est

2127 2031 2337 2085 animus
2364 2032 2419 2084 in
2447 2031 2751 2100 fatentibus,
2781 2033 2871 2101 qui
2902 2034 2955 2088 in
2975 2037 3255 2104 agentibus
3274 2036 3389 2091 fuit.
3409 2036 3558 2094 Sicut
3578 2047 3707 2098 tunc

2126 2136 2233 2177 non
2263 2124 2450 2193 puduit
2474 2122 2675 2193 flagitia
2704 2127 3061 2192 committere,
3086 2128 3163 2183 sic
3189 2144 3327 2184 nunc
3353 2132 3572 2187 omnino
3594 2147 3706 2190 non

2125 2216 2350 2284 poenitet
2379 2210 2638 2283 flagitiosa
2677 2213 2886 2271 fecisse.
2916 2214 3168 2288 Exceptis
3216 2228 3392 2276 tamen
3421 2220 3705 2292 perpaucis

2122 2305 2292 2360 ferme
2320 2308 2517 2359 sanctis
2540 2314 2700 2374 atque
2731 2307 3023 2377 insignibus
3050 2309 3211 2375 viris,
3238 2312 3361 2381 qui,
3394 2319 3452 2365 ut
3483 2314 3705 2382 quidam

2123 2396 2191 2451 de
2218 2411 2443 2452 numero
2469 2397 2708 2466 ipsorum
2737 2398 2838 2464 ait,
2884 2400 3083 2469 sparsis
3128 2400 3449 2456 redemerunt
3484 2405 3706 2459 crimina

2123 2490 2373 2552 nummis;
2400 2489 2675 2558 ,exceptis,
2724 2488 2964 2558 inquam,
3009 2490 3094 2545 his
3137 2506 3273 2560 quos
3317 2493 3524 2563 loquor,
3565 2508 3706 2563 quos

2124 2579 2310 2648 utique
2354 2580 2516 2634 etiam
2556 2582 2609 2634 in
2656 2581 2744 2635 illa
2775 2589 2903 2637 tunc
2941 2584 3177 2650 generali
3224 2585 3507 2641 admodum
3534 2589 3706 2643 collud-

2121 2669 2283 2725 vione
2307 2671 2559 2725 vitiorum
2594 2679 2741 2725 recte
2768 2672 3036 2726 minorum
3062 2674 3342 2729 criminum
3379 2691 3502 2731 reos
3540 2676 3704 2734 fuisse

2124 2763 2390 2818 credimus
2417 2763 2509 2834 qui
2529 2764 2724 2832 corrigi
2745 2779 2776 2817 a
2801 2764 3085 2819 Divinitate
3109 2775 3440 2823 meruerunt.
3466 2768 3584 2824 Non
3612 2784 3706 2840 pe-

2122 2856 2268 2910 nitus
2295 2856 2436 2910 enim
2466 2856 2739 2910 dominum
2773 2872 2927 2911 suum
2957 2857 3118 2923 lmdit,
3149 2859 3236 2913 etii
3271 2860 3579 2929 propitiatio
3607 2877 3701 2919 re—

2123 2955 2385 3001 servatur.
2411 2944 2479 2999 Et
2503 2946 2628 3015 quid
2651 2946 2837 3016 plura?
2865 2945 3002 3001 Puto
3029 2947 3173 3016 quod
3199 2963 3412 3019 semper
3447 2948 3614 3005 Deum
3639 2961 3702 3008 et

2124 3036 2180 3092 in
2218 3038 2334 3108 ipso
2362 3053 2546 3093 errore
2574 3038 2886 3109 respexerit,
2913 3053 2943 3091 a
2968 3048 3084 3107 quo
3127 3040 3232 3095 hoc
3257 3040 3500 3096 obtinere
3523 3044 3703 3111 potuit

442 3124 661 3197 exigat?
711 3129 828 3184 Non
873 3130 1015 3184 enim
1057 3145 1157 3184 nos
1183 3130 1250 3184 ad
1279 3139 1456 3183 aratra
1486 3138 1577 3183 aut
1605 3129 1671 3184 ad
1701 3130 1906 3198 ligones
1935 3143 2023 3183 νο-
2047 3125 2091 3187 C
2122 3143 2192 3183 ne
2219 3128 2416 3183 diutius
2442 3138 2664 3184 erraret.
2695 3127 2887 3183 Caeteri
2914 3137 3094 3184 autem
3121 3137 3175 3184 et
3204 3130 3415 3200 plurimi
3442 3130 3607 3186 ferme
3634 3144 3703 3189 ac

438 3233 547 3287 cat,
593 3239 700 3277 non
747 3223 815 3277 ad
852 3223 1169 3279 scindendas
1211 3230 1381 3276 terras
1417 3235 1593 3291 neque
1621 3220 1687 3274 ad
1714 3221 1894 3275 vineas
1920 3230 2019 3291 pa—

434 3314 713 3369 stinandas
736 3354 751 3380 ,
802 3329 908 3368 non
938 3314 1168 3384 denique
1199 3313 1285 3366 illa
1315 3313 1479 3381 exigit
1505 3327 1535 3366 a
1564 3312 1736 3367 servis
1763 3312 1873 3367 suis
1901 3322 2020 3382 qua:

431 3420 539 3460 nos
566 3406 828 3473 exigimus
856 3421 884 3458 a
917 3406 1131 3458 nostris.
1174 3403 1310 3470 Quid
1340 3418 1568 3473 namque
1597 3404 1709 3457 ait?
1746 3402 1925 3457 Venite
1951 3402 2020 3456 ad

430 3513 551 3559 aue,
596 3511 770 3550 omnes
808 3496 891 3567 qui
933 3494 1180 3549 laboratis
1212 3504 1262 3548 et
1306 3496 1505 3549 onerati
1548 3496 1693 3557 estis,
1734 3503 1782 3546 et
1810 3510 1902 3564 ego
1931 3510 2018 3547 eos

428 3588 686 3657 reﬁciam.
743 3586 929 3641 Tollite
965 3587 1147 3657 jugum
1181 3603 1347 3639 meum
1387 3602 1539 3655 super
1566 3602 1672 3648 vos,
1700 3593 1750 3637 et
1779 3584 1957 3638 discite
1984 3601 2017 3637 a

424 3694 517 3732 eme
543 3680 661 3748 quia
689 3679 829 3731 mitis
866 3694 978 3731 sum
1019 3687 1069 3730 et
1108 3678 1315 3730 humilis
1350 3676 1530 3739 corde;
1566 3686 1615 3728 et
1642 3677 1904 3729 inrenietis
1933 3686 2016 3731 re-

423 3768 605 3838 .qniem
638 3766 908 3819 animabus
937 3769 1133 3820 vestris.
1174 3765 1365 3837 Iugum
1392 3768 1528 3819 enim
1548 3777 1714 3819 meum
1741 3783 1895 3820 suave
1919 3774 2014 3831 est,

438 3865 485 3911 et
525 3873 654 3910 onus
679 3874 847 3910 meum
890 3857 995 3910 lere
1026 3857 1236 3924 (Matth.
1262 3874 1333 3922 χι,
1365 3856 1575 3928 28-50).
1615 3857 1733 3911 Non
1763 3872 1891 3927 ergo
1921 3873 2019 3913 nos

418 3947 504 4002 ad
531 3948 768 4000 laborem
791 3955 946 4001 vocat
980 3946 1254 4011 Dominus,
1278 3948 1370 4001 sed
1392 3947 1459 4001 ad
1474 3946 1847 4025 refectionem.
1879 3947 2018 4015 Quid

438 4051 670 4105 namque
699 4052 729 4089 a
759 4036 917 4090 nobis
964 4036 1165 4103 exigit,
1214 4036 1342 4106 quid
1387 4037 1630 4107 prmstari
1676 4038 1776 4092 sibi
1803 4054 1832 4092 a
1864 4039 2018 4093 nobis

436 4127 621 4197 jubet,
674 4127 772 4181 nisi
825 4126 999 4181 solam
1045 4125 1416 4181 tantummodo
1465 4127 1643 4192 ﬁdem,
1689 4129 2012 4193 castitatem,

438 4217 786 4271 humilitatem
812 4255 827 4280 ,
859 4217 1207 4271 sobrietatem
1232 4258 1246 4283 ,
1280 4218 1730 4283 miscricordiam,
1762 4222 2016 4274 sanctita-

417 4292 544 4361 lcm
568 4348 584 4371 ,
633 4322 752 4375 quce
799 4308 982 4375 utique
1032 4311 1211 4362 omnia
1257 4324 1365 4363 non
1395 4319 1622 4364 onerant
1648 4326 1775 4373 nos,
1801 4311 1894 4366 sed
1922 4326 2014 4365 or-

414 4399 606 4453 ..nant?
671 4398 779 4452 Nec
823 4399 997 4453 solum
1048 4400 1179 4463 hoc,
1224 4400 1316 4454 sed
1355 4401 1476 4455 ideo
1506 4402 1668 4455 vitam
1698 4412 2014 4472 praisentem

2121 3220 2454 3300 nobilissimi,
2484 3235 2653 3290 prope
2700 3220 2841 3275 idem
2882 3236 3103 3286 omnes;
3136 3235 3276 3290 pene
3316 3237 3455 3277 unus
3482 3236 3697 3292 gurges,

2121 3313 2357 3367 omnium
2404 3312 2558 3379 gula;
2608 3326 2746 3381 pene
2783 3326 2948 3365 unum
2988 3311 3242 3380 lupanar,
3283 3312 3522 3367 omnium
3561 3316 3699 3369 vita.

2118 3401 2186 3456 Et
2213 3403 2339 3472 quid
2368 3402 2541 3457 dicam
2570 3402 2636 3456 de
2684 3401 3065 3471 lupanaribus?
3090 3400 3308 3456 Minoris
3342 3403 3538 3471 quippe
3577 3417 3703 3457 esse

2118 3495 2355 3550 Criminis
2382 3495 2544 3548 etiam
2592 3494 2820 3563 lupanar
2858 3502 3007 3563 puto.
3039 3492 3345 3548 Meretriees
3391 3495 3532 3548 enim
3576 3500 3701 3563 qua

2118 3586 2225 3641 illic
2251 3590 2404 3650 sunt,
2442 3585 2613 3655 foedus
2640 3584 2957 3639 connubiale
2986 3600 3093 3639 non
3124 3590 3338 3651 norunt,
3370 3599 3433 3639 ac
3460 3600 3555 3655 per
3589 3587 3704 3646 hoc

2118 3690 2226 3728 non
2275 3674 2542 3728 maculant
2588 3671 2733 3740 quod
2779 3673 3047 3740 ignorant.
3092 3671 3438 3742 lmpudicitite
3477 3672 3702 3740 quidem

2116 3764 2330 3834 piaeulo
2355 3771 2480 3818 sunt
2508 3763 2772 3826 obnoxiaa,
2804 3761 2899 3816 sed
2924 3768 3078 3815 reatu
3100 3769 3279 3816 tamen
3308 3761 3552 3815 adulterii
3585 3777 3702 3816 non

2118 3864 2382 3911 tenentur.
2413 3854 2561 3909 Adde
2588 3855 2710 3920 huc,
2743 3853 2889 3924 quod
2920 3862 2974 3908 et
2997 3868 3168 3923 pauca
3200 3854 3365 3907 ferme
3393 3859 3516 3906 sunt
3542 3852 3704 3920 lupa~

2118 3948 2303 4012 naria,
2352 3953 2408 4000 et
2453 3960 2637 4016 pauere
2683 3959 2802 4014 qua:
2849 3946 2902 3999 in
2949 3945 3031 3999 his
3068 3944 3231 3997 vitam
3278 3942 3702 3997 infelicissimam

2116 4035 2145 4077 δ
2168 4037 2492 4091 damnavere
2517 4036 2846 4091 meretrices.
2865 4034 3016 4105 Apud
3037 4034 3382 4102 Aquitanicos
3409 4047 3555 4095 vero,
3575 4047 3702 4100 qua

2117 4128 2308 4184 civitas
2331 4128 2385 4182 in
2412 4126 2829 4196 locupletissima
2850 4140 2914 4181 ac
2940 4124 3270 4178 nobilissima
3300 4123 3379 4177 sui
3407 4131 3557 4192 parte
3585 4137 3702 4176 non

2115 4220 2266 4288 quasi
2296 4220 2521 4288 lupanar
2550 4217 2684 4271 fuit?
2711 4215 2840 4282 Quis
2859 4222 3138 4285 potentum
3166 4229 3231 4268 ac
3261 4213 3480 4268 divitum
3504 4227 3607 4266 non
3636 4211 3702 4268 in

2114 4311 2229 4366 luto
2257 4309 2489 4365 libidinis
2516 4309 2680 4363 vixit?
2701 4307 2830 4373 Quis
2851 4323 2957 4361 non
2978 4321 3037 4361 se
3056 4306 3312 4360 barathro
3331 4304 3704 4360 sordidissimo

2113 4400 2431 4456 colluvionis
2477 4397 2767 4452 immersit?
2796 4396 2926 4463 Quis
2964 4396 3179 4466 conjugi
3226 4394 3385 4450 ﬁdem
3421 4393 3652 4448 reddidit
3674 4395 3704 4448 ?

437 4496 670 4553 ornant,
720 4496 781 4542 ut
827 4486 1054 4542 futuram
1088 4505 1282 4543 ornare
1311 4490 1428 4558 plus
1457 4491 1680 4559 possint.
1720 4491 1764 4546 Ο
1792 4495 2010 4558 bonum,
2040 4484 2090 4543 Ι)
2123 4489 2277 4562 146
2305 4490 2495 4553 immo,
2526 4494 2785 4555 quantum
2821 4486 2889 4540 ad
2915 4485 3279 4556 passivitatem
3308 4483 3539 4539 libidinis
3566 4497 3703 4553 pera

436 4594 472 4633 ο
501 4580 666 4648 pium,
695 4593 727 4633 ο
758 4579 1140 4633 intestimabilis
1183 4579 1560 4634 misericordia:
1588 4580 1892 4648 Dominum,
1923 4584 2016 4651 qui

418 4671 505 4721 «πει
535 4671 637 4723 hoc
685 4671 838 4724 nobis
885 4670 937 4723 in
982 4670 1231 4738 praesenti
1260 4670 1531 4738 religionis
1558 4685 1779 4725 munera
1808 4674 2013 4737 tribuit,

426 4769 499 4812 ait
527 4760 637 4828 ipsa
669 4760 719 4812 in
747 4760 900 4812 nobis
926 4767 1112 4828 postea
1141 4774 1261 4828 quae
1289 4774 1433 4814 nunc
1460 4759 1552 4814 dat
1589 4776 1811 4823 munera
1840 4779 2022 4817 mune-

434 4850 619 4904 retur!
664 4849 819 4904 Tales
846 4850 1006 4916 igitur
1035 4851 1196 4904 etiam
1226 4866 1412 4905 omnes
1439 4851 1641 4917 absque
1668 4852 1830 4908 dubio
1858 4856 2024 4924 Aqui-

432 4942 554 4994 tani
581 4957 699 4996 esse
726 4940 1040 4996 debuerant.
1084 4941 1151 4995 Et
1177 4943 1411 5012 quidem,
1445 4953 1504 4998 ut
1530 4945 1781 5011 diximus,
1811 4948 2021 5016 specia-

2122 4581 2272 4645 tinet,
2303 4578 2577 4647 quisnon
2622 4576 2904 4644 conjugem
2952 4576 3005 4629 in
3053 4588 3335 4629 numerum
3382 4574 3703 4629 ancillarum

2118 4672 2343 4739 redegit,
2374 4678 2428 4725 et
2463 4668 2530 4723 ad
2569 4668 2672 4722 hoc
2706 4667 3025 4722 venerabilis
3062 4666 3318 4721 connubii
3358 4672 3705 4720 sacramenta

2120 4764 2313 4833 dejecit
2340 4770 2399 4817 ut
2418 4761 2560 4815 nulla
2583 4761 2635 4815 in
2664 4760 2825 4815 domo
2855 4760 2971 4829 ejus
2994 4760 3152 4814 vilior
3196 4757 3467 4813 videretur
3494 4758 3545 4811 in
3570 4771 3703 4812 ma-

2121 4856 2264 4911 ritali
2292 4853 2654 4924 despectione,
2688 4866 2850 4922 quam
2878 4865 2996 4921 qua:
3021 4856 3139 4905 erat
3186 4850 3435 4921 princeps
3460 4860 3481 4888 ο
3508 4849 3706 4904 matri-

2125 4948 2289 5004 monii
2319 4943 2612 5015 dignitate?

1621 5075 1955 5138 STEPHANI
1991 5082 2261 5142 BALUZII
2295 5078 2524 5135 NOTZE.

511 5197 537 5223 ιι
575 5185 757 5242 Secuti
800 5202 982 5241 sumus
1010 5186 1298 5241 editionem
1340 5187 1616 5245 Galesinii.
1666 5192 2012 5250 Brassicanns

434 5257 670 5332 habebat
696 5275 708 5309 :
736 5254 859 5309 Non
888 5260 1115 5332 oratoria
1135 5259 1435 5327 probatione
1459 5278 1558 5332 qua
1585 5264 1659 5332 uti
1690 5264 1779 5316 alii
1802 5266 1853 5317 in
1884 5281 2009 5318 cau-

432 5330 510 5382 sis
530 5327 713 5390 solent,
734 5337 789 5379 ut
809 5326 1088 5400 producam
1115 5326 1452 5400 quoscunque,
1473 5326 1581 5385 etc.
1602 5330 1867 5387 Pithmns:
1888 5333 2011 5388 Non

437 5408 554 5452 utor
573 5400 645 5468 rei
676 5396 1044 5468 approbatione
1066 5396 1165 5468 qua
1185 5396 1375 5468 utialii
1403 5402 1457 5453 in
1497 5404 1666 5455 causis
1694 5407 1859 5457 solent
1888 5422 1906 5457 :
1936 5415 2009 5467 ut,

434 5475 543 5521 etc.
574 5466 756 5522 Codex
803 5466 1141 5523 Corbeiensis
1173 5484 1187 5521 :
1236 5466 1359 5521 Non
1388 5481 1442 5523 ut
1474 5473 1606 5525 scire
1633 5489 1665 5525 a
1711 5466 2014 5543 probatione

474 5553 557 5600 ua,
588 5546 690 5591 etc.

474 5553 537 5590 ua
588 5553 690 5591 etc.

434 5553 486 5680 q_
512 5578 901 5680 biitrassieanus
933 5606 1041 5680 :_Et
1068 5624 1247 5678 pauca:
1273 5623 1386 5679 qua:
1430 5609 1593 5680 intris
1643 5614 1797 5666 vitam
1838 5614 2015 5680 infeli-

438 5676 696 5730 cissimam
719 5680 900 5732 rirnnt.
944 5676 1263 5732 Damnavere
1286 5676 1593 5733 ’πενθεῖ-ἱροί
1620 5683 1757 5744 apud
1795 5676 2015 5753 Aquita-

2119 5213 2213 5250 nos
2242 5212 2261 5249 :
2291 5204 2344 5247 at
2368 5192 2453 5246 ubi
2474 5209 2535 5246 ea
2557 5193 2735 5245 civitas
2755 5194 2807 5245 in
2838 5192 2959 5255 loc.,
2987 5196 3089 5245 etc.
3114 5190 3451 5244 Gaiesinius:
3485 5188 3553 5243 Et
3571 5207 3705 5259 pau-

2116 5283 2189 5321 ca:
2217 5280 2335 5341 qum
2374 5263 2536 5341 iubis
2565 5264 2716 5341 uitam
2754 5260 3160 5341 in{elicissirnapt
3198 5260 3504 5341 damnavere
3529 5276 3707 5314 mere-

2118 5330 2285 5389 tricés.
2305 5333 2453 5403 Apud
2470 5334 2748 5403 Aquitanos
2765 5330 2878 5403 vé_ro
2893 5346 3012 5403 qua:
3024 5331 3278 5403 civitasin
3299 5330 3560 5403 lo‘caplet.,
3581 5338 3702 5403 etc.

2118 5404 2243 5459 Haec
2272 5399 2358 5457 est
2382 5399 2543 5458 etiam
2592 5402 2750 5456 lectio
2805 5399 3097 5456 Pitliteana:
3137 5400 3386 5454 editionis
3412 5399 3465 5453 et
3493 5399 3709 5457 codicis

2117 5475 2491 5597 ωξῦιῖἔξῗῗιῗῗῑί
2519 5541 2623 5595 hoc
2651 5540 2768 5594 loco
2797 5538 3023 5592 celebris
3052 5539 3138 5592 illa
3162 5537 3287 5593 )Elii
3313 5536 3437 5591 Veri
3477 5545 3706 5591 senten-

2115 5612 2714 5738 tialapndsjiartianum
2747 5628 2759 5662 :
2799 5608 2945 5663 Uxor
2968 5622 3149 5663 nomen
3185 5606 3563 5680 «malignitatis,
3588 5623 3701 5665 non

2119 5699 2178 5738 eo
2203 5691 2410 5738 nutans.

2119 5691 2410 5751 voluptatis.
