4006 6182
308 348 406 402 133

1373 340 1462 397 DE
1498 334 2026 397 GUBERNATION‘E
2065 333 2175 389 DEI
2216 333 2344 389 LIB.
2386 332 2496 390 VH.

3473 332 3567 388 ιτςι

372 456 458 510 ιν.
497 451 721 522 Cogitat
745 453 878 508 forte
904 451 1095 521 aliquis
1124 466 1229 506 non
1250 449 1325 504 ita
1345 448 1409 503 ad
1429 449 1645 518 plenum
1676 460 1793 500 esse
1826 452 1886 498 ut
1915 452 1958 502 Α
2060 442 2123 496 ν.
2167 442 2270 496 Sed
2319 442 2569 495 videlicet
2614 438 2828 494 difﬁcile
2866 441 2972 495 hoc
3014 440 3235 510 probari
3276 447 3475 511 potest,
3517 452 3574 496 et

307 545 495 615 loquor
519 562 532 597 :
554 544 811 598 habuisse
836 544 975 597 enim
1004 543 1113 597 illic
1134 539 1561 595 matresfamilias
1585 537 1672 605 jus
1709 550 1884 599 suum,

304 646 358 693 et
382 637 723 692 dominarum
752 635 1012 689 honorem
1034 641 1462 702 potestatemque
1494 627 1746 683 tenuisse.
1780 624 1887 679 Ve-

304 738 417 781 rum
441 734 545 778 est.
575 722 891 777 Habuerunt
915 723 1130 790 quidem
1156 720 1335 773 multa:
1372 719 1638 784 integrum
1675 714 1763 783 jus
1798 712 1889 768 do-

303 818 471 880 minii,
514 817 607 871 sed
654 817 799 869 nulla
830 813 996 868 ferme
1042 812 1379 881 impoiiutum
1420 809 1509 878 jus
1536 805 1884 860 matrimonii.

304 909 369 965 Et
392 926 495 964 nos
515 909 680 962 modo
703 923 810 960 non
840 906 1128 975 qnmrimus
1154 917 1271 972 quae
1311 901 1591 954 mulierum
1628 905 1885 967 potestas,

303 1000 395 1054 sed
418 1014 583 1067 quam
612 1006 867 1067 corrupta
896 996 1133 1049 virorum
1180 992 1339 1046 fuerit
1366 990 1666 1059 disciplina.
1688 988 1889 1053 Quam-

304 1091 382 1144 vis
421 1105 524 1144 nec
550 1098 874 1159 potestatem
902 1087 1119 1157 quidem
1148 1085 1257 1139 illic
1283 1082 1709 1137 matresfamilias
1753 1082 1891 1133 inte-

307 1196 453 1251 gram
480 1181 736 1235 habuisse
763 1181 937 1234 dicam
971 1197 982 1232 :
1010 1179 1139 1249 quia
1163 1190 1495 1245 quaecunque
1523 1175 1610 1241 jus
1630 1172 1883 1227 connubii

310 1274 618 1328 inviolatum
650 1289 715 1327 ac
741 1274 946 1327 salvum
969 1287 1075 1325 non
1104 1270 1283 1333 habet,
1311 1283 1408 1322 nec
1433 1266 1654 1321 dominii
1683 1265 1887 1318 salvum

308 1366 484 1420 habet.
516 1364 673 1419 Haud
702 1366 926 1418 multum
971 1366 1114 1417 enim
1152 1370 1396 1414 matrona
1444 1360 1596 1413 abest
1625 1373 1653 1412 a
1685 1358 1889 1411 vilitate

305 1473 613 1521 servarum,
654 1456 744 1511 ubi
783 1454 1164 1525 paterfamilias
1192 1453 1504 1506 ancillarum
1534 1450 1756 1504 maritus
1784 1457 1886 1502 est.

306 1546 432 1612 Quis
477 1555 661 1600 autem
711 1545 1096 1614 Aquitanorum
1148 1544 1373 1598 divitum
1427 1557 1535 1596 non
1590 1541 1696 1595 hoc
1746 1538 1888 1593 iuit?

307 1636 473 1702 Quem
500 1652 613 1691 non
644 1636 745 1690 sibi
769 1635 973 1688 ancillae
1002 1633 1432 1702 impudicissimse
1460 1640 1554 1685 aut
1581 1629 1886 1685 adulterum

298 1733 397 1781 aut
419 1726 673 1779 maritum
698 1724 820 1793 jure
846 1724 1132 1778 dixerunt?
1160 1722 1294 1794 Equi
1340 1722 1478 1775 enim
1525 1719 1800 1783 emissarii,
1832 1724 1890 1772 ut

1992 533 2134 586 nulla
2161 532 2382 585 omnino
2409 541 2622 586 exstant
2646 531 3034 600 pmteritarum
3064 532 3448 600 turpitudinum
3482 531 3575 585 ila-

1989 622 2351 690 gitiorumque
2380 620 2621 688 vestigia.
2647 619 2783 674 Ecce
2813 620 2975 674 etiam
3004 636 3146 675 nunc
3183 621 3336 675 multi
3365 636 3431 676 ex
3471 637 3570 686 eis,

1990 714 2115 767 licet
2140 712 2312 782 patria
2338 720 2578 777 careant,
2606 720 2661 766 et
2680 713 2733 766 in
2755 714 3158 781 comparatione
3184 715 3573 783 pmtcritarum

1986 819 2152 874 opum
2206 818 2473 873 pauperes
2525 804 2724 868 vivant,
2771 804 2985 873 pejores
3025 804 3191 859 ferme
3236 815 3361 860 sunt
3411 822 3574 877 quam

1989 898 2225 953 fuerunt.
2258 898 2477 967 Pejores
2522 906 2701 952 autem
2726 939 2742 964 ,
2774 915 2880 952 non
2913 915 3021 953 uno
3067 899 3230 954 modo
3263 917 3275 952 :
3306 900 3430 968 quia
3472 901 3575 958 etsi

1989 990 2176 1043 eadem
2221 989 2421 1045 faciunt
2448 1005 2568 1057 quae
2607 997 2733 1044 ante
2771 990 3074 1054 faciebant,
3100 991 3203 1045 hoc
3246 990 3364 1060 ipso
3392 999 3571 1045 tamen

1989 1080 2285 1135 deteriores
2314 1093 2439 1134 sunt
2459 1082 2582 1151 quia
2612 1097 2643 1134 a
2671 1082 2876 1135 scelere
2904 1096 3010 1134 non
3037 1089 3269 1135 cessant.
3297 1080 3572 1152 Siquidem

1989 1174 2227 1229 facinora
2255 1191 2461 1240 eorum,
2504 1177 2605 1229 etsi
2630 1189 2830 1244 genere
2879 1176 2995 1244 ipso
3041 1174 3246 1243 majora
3294 1190 3400 1229 non
3434 1176 3569 1240 sint,

1990 1275 2225 1321 attamen
2253 1268 2406 1337 plura
2435 1279 2596 1332 sunt;
2628 1283 2691 1322 ac
2718 1282 2816 1336 per
2853 1267 2957 1320 hoc
2979 1267 3078 1320 etsi
3108 1266 3387 1321 criminum
3417 1268 3572 1320 novi—

1989 1365 2102 1411 tate
2130 1374 2236 1411 non
2266 1366 2532 1421 crescunt,
2559 1358 2865 1427 pluralitate
2894 1357 3253 1411 cumulantur.
3284 1357 3433 1412 Adde
3476 1373 3574 1412 au-

1988 1454 2097 1499 tem
2127 1446 2270 1515 quod
2300 1447 2430 1511 haec,
2458 1454 2518 1501 ut
2541 1446 2669 1509 dixi,
2694 1447 2894 1500 faciunt
2916 1446 3027 1514 jam
3058 1462 3235 1512 senes,
3265 1447 3400 1501 adde
3426 1446 3573 1517 quod

1988 1551 2272 1605 pauperes.
2303 1535 2599 1607 Utrumque
2645 1537 2788 1590 enim
2837 1538 3056 1593 sceleris
3083 1548 3429 1607 augmentum
3467 1546 3571 1594 est.

1990 1627 2163 1681 Minus
2208 1628 2469 1696 siquidem
2516 1628 2879 1698 prodigiosum
2934 1636 3015 1683 est
3060 1644 3286 1698 peccare
3323 1629 3569 1698 juvenes,

1990 1733 2221 1788 peccare
2246 1719 2557 1787 locupletes.
2597 1712 2752 1790 1E8
2778 1718 2908 1785 Quae
2936 1728 3113 1774 autem
3156 1721 3209 1773 in
3245 1720 3311 1774 iis
3335 1735 3459 1789 spes
3481 1727 3572 1775 aut

307 1814 569 1883 propheta
599 1813 693 1878 ait,
721 1815 776 1866 in
797 1813 1016 1883 [eminus
1046 1811 1171 1882 facti
1199 1820 1337 1864 sunt.
1373 1808 1729 1880 Unusquisque
1748 1809 1884 1861 enim
1919 1818 1963 1876 Β
1988 1811 2284 1865 remedium
2324 1818 2425 1874 est,
2456 1811 2548 1880 qui
2576 1811 2645 1864 ab
2685 1812 2883 1865 usitata
2926 1810 3237 1881 impuritate
3266 1827 3368 1868 nec
3410 1812 3574 1874 misce

305 1903 376 1956 ad
416 1919 636 1956 uxorem
682 1903 907 1973 prou'mi
943 1902 1023 1954 sui
1059 1898 1324 1954 [tinniebat
1350 1898 1562 1971 (λετ-ειη.
1592 1916 1645 1963 v,
1677 1898 1755 1962 8).
1787 1897 1885 1950 At-

304 2010 410 2064 que
457 1995 536 2048 illi
562 1995 633 2049 de
675 1994 870 2064 quibus
896 1994 1011 2048 inec
1047 1993 1244 2062 scripta
1292 1993 1535 2061 legimus,
1580 1998 1635 2045 et
1679 1990 1888 2043 minore

305 2086 533 2139 fortasse
561 2085 881 2142 crimine,et
907 2084 1147 2148 minore,
1182 2091 1239 2137 ut
1268 2098 1410 2147 reor,
1443 2097 1666 2137 numero
1709 2081 1885 2136 eruni-

305 2192 432 2231 num
477 2191 542 2231 ac
595 2162 907 2245 passivitate
953 2174 1271 2245 peccabant.
1318 2172 1385 2226 lii
1436 2179 1612 2226 autem
1657 2185 1785 2226 vere
1828 2178 1891 2224 ut

304 2266 569 2322 emissarii
593 2266 741 2335 equi,
770 2281 877 2319 non
919 2265 982 2319 ad
1013 2258 1210 2333 paucas
1248 2271 1475 2321 tantum,
1505 2260 1599 2316 sed
1641 2276 1782 2332 prae
1820 2260 1889 2314 ad

306 2370 497 2411 omnes
518 2355 777 2409 vernulas
800 2369 942 2419 suas,
968 2353 1020 2408 id
1048 2362 1148 2415 est,
1172 2353 1322 2424 quasi
1344 2353 1413 2406 ad
1435 2366 1623 2420 greges
1640 2350 1889 2420 proprios

306 2446 653 2510 hinniebant;
680 2454 736 2498 et
766 2444 817 2497 in
845 2460 1049 2498 morem
1077 2460 1266 2499 eorum
1304 2443 1565 2512 pecudum
1592 2444 1684 2511 qui
1712 2441 1889 2495 mariti

304 2552 525 2607 gregum
555 2538 919 2608 appellantur,
952 2536 1165 2591 fervida:
1192 2536 1428 2590 libidinis
1470 2535 1891 2591 debacchatione

300 2636 613 2697 grassantes
638 2666 654 2690 ,
704 2628 759 2681 in
804 2642 1183 2696 quamcunque
1217 2642 1317 2681 eos
1360 2627 1591 2697 primum
1637 2624 1889 2680 feminam

302 2720 503 2775 ardens
549 2719 897 2789 impudicitiae
944 2718 1094 2774 furor
1149 2726 1385 2773 traxerat
1439 2718 1741 2773 inruebant.
1793 2716 1891 2772 ilic

301 2812 413 2880 jam
442 2826 631 2881 quau-0
660 2827 692 2865 a
713 2811 1062 2880 sapientibus,
1090 2826 1215 2865 cum
1244 2810 1359 2864 biec
1379 2809 1451 2863 ita
1481 2815 1679 2873 essent,
1703 2808 1891 2878 quales

300 2912 495 2973 putent
524 2903 690 2957 fuisse
716 2904 826 2957 illic
868 2902 1127 2965 familias,
1158 2901 1248 2955 ubi
1274 2901 1410 2954 tales
1445 2909 1597 2955 erant
1626 2897 1888 2969 patresfa-

298 2996 524 3050 mitias?
559 2994 711 3065 147
754 3002 956 3061 quanta
984 3007 1263 3047 servorum
1294 2990 1404 3045 illic
1434 2989 1766 3060 corruptela,
1798 2989 1891 3044 ubi

301 3086 645 3140 dominorum
681 3094 826 3138 tanta
873 3083 1184 3152 coruptio?
1226 3082 1467 3136 Morbido
1514 3082 1655 3136 enim
1692 3080 1884 3150 capite,

298 3178 380 3232 nil
408 3192 601 3232 sanum
628 3185 748 3241 est,
777 3191 952 3244 neque
992 3176 1156 3229 ullum
1186 3175 1403 3228 omnino
1431 3173 1729 3233 membrum
1768 3172 1889 3228 olli-

296 3273 389 3326 cio
413 3288 513 3325 suo
542 3270 781 3337 Iungitur
811 3270 898 3323 ubi
924 3267 1068 3337 quod
1094 3275 1176 3323 est
1203 3266 1496 3338 principale
1517 3281 1627 3321 non
1656 3274 1884 3322 constat.

302 3360 363 3417 In
388 3364 550 3415 domo
580 3370 763 3414 autem
793 3375 890 3414 sua
920 3360 1172 3413 dominus
1199 3358 1354 3427 quasi
1398 3358 1643 3427 corporis
1688 3359 1770 3411 sui
1799 3372 1892 3412 ca-

302 3458 402 3522 put
427 3461 547 3516 est;
578 3458 635 3515 et
667 3450 773 3502 vita
798 3448 943 3517 ejus,
991 3449 1197 3503 cunctis
1226 3463 1414 3502 norma
1447 3447 1675 3501 vivendi.
1709 3445 1888 3501 Pessi-

299 3558 559 3611 mumque
590 3543 692 3595 hoc
722 3549 804 3594 est
834 3541 884 3594 in
912 3540 1014 3593 hoc
1044 3539 1279 3606 negotio,
1304 3537 1451 3606 quod
1487 3538 1737 3592 libentius
1774 3554 1891 3592 om-

300 3648 402 3687 nes
437 3633 711 3687 deteriora
754 3640 1059 3693 sectantur;
1109 3639 1164 3683 et
1210 3629 1417 3684 facilius
1456 3629 1596 3683 mala
1626 3631 1889 3685 institutio

300 3724 562 3794 depravat
589 3723 783 3787 bonos,
812 3737 971 3790 quam
1012 3722 1154 3775 bona
1192 3720 1443 3787 emendat
1488 3722 1677 3796 malos.
1721 3721 1890 3776 Porro

301 3827 486 3871 autem
514 3833 638 3871 cum
669 3816 832 3869 etiam
868 3814 992 3867 boni
1032 3823 1194 3881 atque
1234 3813 1442 3866 honesti
1483 3812 1892 3882 patresfamilias

302 3909 533 3963 famulos
560 3910 733 3963 bonos
762 3907 937 3962 facere
968 3923 1070 3961 non
1105 3905 1348 3976 possint;
1373 3913 1627 3973 quantam
1655 3905 1762 3959 illic
1789 3922 1891 3974 pu-

303 4007 480 4051 tamus
527 3998 690 4051 fuisse
737 3997 913 4066 labem
962 3995 1303 4059 familiarum,
1351 3995 1441 4049 ubi
1489 3996 1690 4048 domini
1738 4004 1894 4050 erant

303 4089 631 4156 impuritatis
669 4088 1007 4155 exemplum?
1036 4086 1279 4154 quamvis
1308 4101 1415 4139 non
1439 4085 1741 4154 exemplum
1782 4086 1891 4140 illic

301 4178 682 4233 tantummodo
737 4180 938 4231 malum
986 4177 1163 4239 fuerit,
1213 4176 1309 4230 sed
1356 4177 1436 4230 vis
1484 4190 1548 4229 ac
1598 4177 1892 4231 necessitas

300 4271 547 4340 quaedam
578 4289 590 4322 :
614 4269 741 4338 quia
766 4284 957 4337 parere
983 4268 1411 4338 impudicissimis
1431 4268 1660 4323 dominis
1683 4267 1892 4322 famula:

298 4364 637 4431 cogebantur
666 4364 877 4422 invitae,
909 4371 963 4412 et
992 4360 1153 4414 libido
1183 4359 1570 4414 dominantium
1600 4361 1892 4415 necessitas

298 4454 668 4523 subjectarum
715 4463 854 4506 erat.
886 4451 966 4504 Ex
1008 4468 1116 4522 quo
1146 4452 1366 4519 intelligi
1406 4459 1584 4521 potest
1629 4462 1889 4520 quantum

1917 3185 1963 3247 C

1986 1900 2188 1955 riarum
2235 1909 2473 1983 egestate
2520 1915 2620 1957 nec
2656 1903 2779 1956 vim:
2822 1904 3165 1958 extremitate
3209 1905 3574 1960 revocantur!

1988 1988 2119 2047 Esto
2160 1993 2304 2046 enim
2346 1992 2606 2061 quosdam
2633 2002 2727 2047 aut
2770 1995 2937 2049 stulta
2962 2003 2989 2032 ι
3017 1996 3362 2066 prsesumptio
3404 1996 3575 2064 longa

1987 2083 2112 2137 vita:
2140 2091 2234 2138 aut
2258 2099 2382 2153 spes
2409 2085 2730 2154 quandoque
2754 2086 2972 2153 agendae
3010 2088 3339 2157 paenitentia:
3376 2103 3576 2143 conso-

1991 2171 2158 2239 Ietur;
2188 2188 2368 2228 nonne
2397 2189 2592 2229 novum
2622 2175 2725 2229 hoc
2751 2177 2977 2231 monstri
3007 2191 3177 2245 genus
3203 2186 3305 2244 est,
3332 2192 3452 2234 esse
3477 2179 3576 2234 ali-

1988 2277 2129 2332 quos
2172 2265 2335 2319 etiam
2384 2264 2438 2319 in
2486 2275 2661 2321 morte
2709 2268 2963 2323 vitiosos?
2992 2268 3124 2336 Quae
3162 2286 3286 2326 cum
3330 2271 3403 2325 ita
3443 2272 3571 2339 sint,

1991 2354 2232 2435 nunquid
2279 2361 2361 2410 est
2401 2357 2603 2425 aliquid
2630 2357 2777 2427 quod
2819 2357 2924 2414 dici
2971 2360 3201 2430 amplius
3236 2362 3443 2431 possit?
3470 2362 3579 2419 Sed

1989 2447 2167 2502 adhuc
2193 2456 2372 2502 tamen
2399 2448 2680 2504 addimus:
2708 2451 2915 2506 scilicet
2933 2453 3079 2520 quod
3099 2454 3252 2508 multi
3273 2454 3388 2509 haec
3412 2462 3577 2524 agunt

1990 2537 2151 2593 hodie
2197 2540 2360 2594 etiam
2402 2540 2542 2593 inter
2586 2539 2772 2596 hostes
2808 2541 2896 2596 siti
2935 2550 2992 2596 et
3029 2544 3344 2612 quotidiano
3385 2544 3575 2600 discri-

1989 2628 2136 2683 mine
2179 2643 2243 2684 ac
2284 2630 2479 2685 timore
2516 2631 2751 2700 captivi;
2801 2647 3030 2701 cumque
3059 2635 3130 2688 ob
3164 2634 3576 2704 impurissimam

1989 2720 2154 2777 vitam
2185 2722 2364 2776 traditi
2405 2740 2436 2777 a
2467 2723 2579 2778 Deo
2609 2725 2851 2780 barbaris
2881 2726 3109 2792 fuerint,
3140 2729 3473 2798 impuritates
3495 2737 3578 2785 ta-

1988 2825 2113 2866 men
2144 2812 2287 2881 ipsas
2315 2814 2476 2868 etiam
2507 2815 2647 2869 inter
2673 2816 2933 2874 barbaros
2960 2834 3066 2873 non
3088 2819 3413 2889 relinquunt.

2064 2901 2151 2957 VI.
2192 2902 2297 2959 Sed
2328 2905 2462 2959 tales
2490 2904 2629 2960 forte
2659 2907 2840 2962 hostes
2866 2917 2990 2963 sunt
3029 2910 3171 2964 inter
3208 2925 3345 2978 quos
3390 2917 3575 2980 agunt,

1991 3001 2052 3049 ut
2077 3009 2175 3051 eos
2218 2996 2319 3051 ista
2362 2997 2630 3053 delectent
2674 3008 2730 3052 et
2776 2999 3118 3055 offendantur
3162 3002 3477 3071 gravissime
3505 3002 3571 3067 si,

1990 3102 2115 3142 cum
2143 3086 2243 3155 ipsi
2265 3086 2517 3157 impudici
2544 3088 2670 3153 sint,
2693 3088 2908 3144 videant
2933 3098 3114 3147 castos
3133 3108 3253 3147 esse
3276 3092 3570 3148 Romanos.

1992 3178 2147 3246 Quod
2175 3179 2220 3233 si
2250 3178 2323 3234 ita
2350 3189 2513 3246 esset,
2544 3196 2882 3250 nequaquam
2913 3189 3093 3239 tamen
3122 3183 3302 3241 facere
3331 3201 3430 3241 nos
3470 3187 3576 3241 im-

1990 3271 2191 3340 probos
2236 3271 2554 3341 improbitas
2596 3272 2821 3328 deberet
2867 3274 3041 3329 aliena
3076 3278 3245 3344 :quia
3283 3279 3577 3347 quemlibet

1990 3362 2268 3416 hominum
2295 3363 2465 3430 magis
2491 3364 2592 3418 sibi
2621 3373 2875 3433 prmstare
2915 3367 3167 3420 convenit
3195 3376 3253 3421 ut
3281 3369 3351 3422 sit
3378 3369 3576 3435 bonus,

1988 3465 2151 3520 quam
2179 3452 2335 3508 alteri
2364 3462 2424 3507 ut
2451 3454 2520 3510 sit
2555 3454 2761 3519 malus;
2793 3462 2848 3509 et
2875 3455 2996 3523 plus
3034 3455 3086 3509 id
3115 3456 3465 3511 laborandum
3495 3465 3579 3513 est

1989 3548 2051 3595 ut
2078 3542 2385 3611 placeamus
2409 3541 2521 3597 Deo
2550 3558 2648 3611 per
2675 3543 3033 3609 honestatem,
3064 3559 3226 3612 quam
3255 3554 3315 3600 ut
3342 3546 3578 3601 homini-

1988 3634 2089 3687 bus
2116 3648 2214 3702 per
2252 3633 2613 3702 impnritatem
2647 3650 2660 3686 :
2693 3648 2757 3687 ac
2784 3632 3007 3703 perinde
3042 3634 3205 3688 etiam
3234 3635 3279 3689 si
3308 3636 3447 3689 inter
3473 3637 3580 3691 im-

1991 3722 2214 3792 pudicos
2243 3724 2364 3791 quis
2392 3722 2650 3777 barbaros
2677 3723 2840 3788 viva‘t,
2869 3723 3040 3792 magis
3060 3731 3241 3778 tamen
3269 3725 3581 3795 pudicitiam

1990 3814 2140 3881 sequi
2177 3814 2338 3868 debet
2383 3829 2501 3883 quae
2546 3814 2646 3868 sibi
2692 3814 2928 3884 expedit,
2977 3830 3141 3883 quam
3188 3815 3579 3886 impudicitiam

1989 3918 2109 3971 quae
2137 3903 2361 3972 impuris
2389 3905 2634 3960 hostibus
2662 3905 2857 3975 placet.
2890 3906 2996 3960 Sed
3032 3906 3157 3977 quid
3188 3908 3396 3963 accedit
3440 3909 3581 3964 insu-

1989 4008 2087 4061 per
2115 3993 2181 4046 ad
2210 3994 2349 4047 mala
2380 4003 2563 4049 nostra
2586 3996 2608 4049 ?
2631 3995 2772 4050 Inter
2792 3996 3016 4065 pudicos
3039 3997 3296 4053 barbaros
3324 3999 3578 4068 impudici

1990 4098 2191 4138 sumus.
2241 4083 2368 4139 Plus
2414 4086 2588 4140 adhuc
2630 4087 2754 4141 dico
2796 4087 3189 4143 :oﬂenduntur
3214 4090 3425 4144 barbari
3474 4091 3577 4161 ipsi

1990 4176 2390 4246 impuritatibus
2436 4178 2652 4231 nostris.
2686 4176 2818 4232 Esse
2864 4179 3006 4232 inter
3050 4177 3259 4233 Gothos
3305 4195 3412 4233 non
3451 4181 3579 4235 licet

1990 4280 2344 4327 scortatorem
2375 4270 2607 4325 Gothum
2648 4288 2661 4324 :
2694 4272 2792 4325 soli
2825 4272 2966 4326 inter
3002 4287 3098 4326 eos
3145 4272 3454 4342 pracjudicio
3483 4289 3578 4328 na-

1991 4363 2152 4418 tionis
2182 4378 2244 4417 ac
2264 4362 2502 4416 nominis
2537 4361 2920 4431 permittuntur
2948 4362 3144 4431 impuri
3170 4377 3289 4416 esse
3325 4361 3581 4418 Romani.

1991 4455 2062 4508 Et
2089 4469 2209 4524 quae
2239 4454 2413 4515 nobis,
2437 4466 2590 4520 rogo,
2614 4467 2737 4522 spes
2781 4461 2907 4508 ante
2945 4453 3114 4508 Deum
3145 4454 3263 4508 est?
3291 4452 3579 4522 Impudici~

300 4561 515 4601 comam
556 4545 943 4614 impudicorum
986 4543 1221 4597 sordium
1253 4541 1438 4611 fuerit.
1468 4543 1556 4596 ubi
1585 4544 1682 4598 sub
1711 4545 1885 4612 impu-
1915 4547 1964 4610 ι)
1994 4550 2120 4603 tiam
2172 4563 2269 4602 nos
2315 4546 2604 4614 diligimus,
2651 4542 2813 4599 Gothi
2862 4555 3245 4608 exsecrantur;
3289 4546 3582 4615 puritatem

299 4636 528 4691 rissimis
547 4635 782 4689 dominis
807 4642 982 4689 castas
1010 4649 1147 4699 esse,
1175 4634 1383 4689 etiamsi
1409 4634 1720 4701 voluisse-.4,
1746 4635 1890 4690 femi-

298 4747 400 4788 nas
426 4746 535 4785 non
564 4730 779 4784 licebat.

1997 4656 2095 4694 nos
2125 4638 2372 4707 fugimus,
2403 4638 2477 4691 illi
2506 4643 2719 4701 amant;
2751 4635 3034 4692 fornicatio
3062 4636 3203 4705 apud
3229 4636 3348 4691 illos
3375 4636 3581 4692 crimen

1996 4742 2158 4799 atque
2205 4732 2493 4785 discrimen
2541 4737 2643 4794 est,
2674 4728 2813 4798 apud
2859 4744 2958 4783 nos
3002 4728 3187 4784 decus.
3221 4728 3582 4802 Etputamus

1505 4839 1841 4895 STEPHANI
1882 4843 2148 4898 BALUZII
2190 4841 2413 4897 NOTAE.

374 4947 400 4972 ι·
433 4935 503 4988 Ea
528 4944 586 4989 ut
611 4933 900 5003 plurimum
930 4931 1185 5003 cogitatio
1207 4932 1370 4986 intrat
1396 4932 1604 4987 animus
1612 4933 1887 5001 juvenum.

300 5006 551 5069 Utamur,
582 5002 849 5074 inquiunt,
883 5004 1007 5055 dum
1033 5002 1137 5056 fata
1161 5004 1360 5074 sinunt,
1386 5004 1694 5057 melioribus
1715 5006 1887 5060 annis.

300 5079 562 5146 Superest
616 5072 774 5141 longa
804 5074 1298 5146 series_ann_orum.
1345 5072 1399 5126 In
1448 5082 1688 5129 extrema
1718 5083 1892 5146 _:etate

306 5143 710 5221 siii'enilaliimus
755 5143 1009 5221 quidquid
1058 5144 1658 5221 oll‘ensm__contract_um
1698 5144 1886 5221 fuerit.

298 5218 467 5286 Impia
489 5233 622 5270 sane
650 5214 940 5282 cogitatio";
972 5222 1208 5286 attamen
1240 5214 1419 5286 aliquo
1433 5214 1611 5286 _modo
1639 5214 1893 5286 tolerabi-

301 5282 455 5353 lis,'si
481 5288 562 5341 cui
586 5312 595 5335 ε
617 5294 731 5339 crta
763 5301 885 5351 spes
908 5293 1048 5338 esset
1070 5284 1242 5352 longa:
1261 5285 1400 5337 vitro.
1426 5282 1531 5337 Sed
1550 5284 1888 5340 verissimum

300 5368 387 5412 est
420 5359 467 5411 id
496 5357 639 5425 quod
683 5354 889 5409 Tullius
917 5356 1238 5418 observavit,
1284 5362 1511 5407 mortem
1542 5363 1760 5421 propter
1807 5361 1890 5409 in-

301 5437 484 5480 certos
503 5441 659 5479 casus
687 5425 928 5493 quotidie
955 5425 1249 5490 imminere,
1278 5432 1330 5478 et
1360 5432 1581 5494 propter
1609 5429 1731 5477 vitm
1776 5425 1893 5479 hrc-

302 5500 526 5551 vitatem
568 5509 840 5563 nunquam
870 5495 1024 5561 longe
1056 5510 1210 5564 posse
1239 5493 1447 5549 abesse.
1481 5493 1664 5562 Itaque
1692 5495 1891 5549 multos

301 5567 481 5621 adhuc
524 5566 815 5626 admodum
839 5564 1080 5632 juvenes,
1111 5566 1370 5634 plurimos
1409 5565 1585 5618 medio
1632 5565 1685 5618 in
1715 5567 1890 5634 spatio

304 5638 530 5705 integra:
554 5636 729 5705 (etatis
758 5651 904 5689 mors
934 5636 1219 5702 intercipit.
1266 5635 1441 5701 Quare
1489 5635 1759 5701 sequenda
1808 5645 1892 5691 est

304 5711 528 5761 omnino
569 5704 789 5760 Ctesarii
832 5705 1162 5775 Arelatensis
1200 5705 1435 5775 episcopi
1479 5706 1763 5768 sententia,
1794 5721 1889 5759 Cli-

301 5775 394 5844 jus
420 5776 535 5832 hac
555 5787 679 5831 sunt
708 5776 868 5832 verba
900 5793 912 5829 :
941 5773 1079 5829 Nam
1100 5778 1144 5830 si
1181 5773 1274 5832 nos
1300 5777 1355 5830 in
1375 5785 1603 5831 extremo
1632 5777 1749 5831 vim
1798 5790 1893 5832 no-

1995 4945 2117 4990 stra:
2138 4944 2364 5006 tempore
2390 4935 2459 4988 ad
2478 4936 2732 5003 agendum
2753 4934 3103 5002 pmiitentiam
3124 4943 3201 4989 re!
3230 4936 3304 4989 ad
3325 4938 3581 4992 redimen-

1996 5008 2063 5060 da
2086 5017 2293 5075 peccata
2315 5006 2390 5059 vel
2418 5008 2636 5058 crimina
2666 5022 3002 5066 reservamus,
3048 5008 3226 5060 timere
3254 5007 3489 5062 debemus
3518 5025 3582 5065 ne

1995 5081 2131 5148 forte
2159 5093 2253 5130 nos
2274 5093 2408 5129 mors
2448 5077 2715 5143 inopinata
2735 5078 3015 5148 prwreniat
3043 5086 3092 5129 et
3130 5079 3200 5129 ad
3227 5079 3357 5131 illud
3384 5078 3577 5132 subita—

1993 5146 2144 5199 nenm
2176 5157 2370 5221 tempus
2392 5147 2704 5221 poenitentia?
2744 5161 2847 5221 non
2893 5146 3031 5199 sinat
3060 5150 3321 5217 perrcnire
3348 5150 3417 5221 (id
3444 5151 3580 5221 quod

1994 5234 2089 5271 nos
2118 5219 2382 5286 mortifera
2430 5217 2703 5269 securitate
2754 5218 2981 5270 volumus
3020 5234 3297 5286 reservare.
3348 5218 3417 5271 Et
3457 5217 3580 5273 ideo

1992 5285 2415 5358 timeainnsillud
2443 5285 2577 5358 quod
2598 5289 2842 5358 scriptum
2871 5295 2945 5341 est
2969 5305 2985 5341 :
3010 5285 3190 5342 Nolite
3228 5289 3434 5342 tardare
3460 5306 3581 5342 con-

1994 5359 2119 5410 verti
2147 5357 2216 5409 mi
2246 5352 2543 5419 Dominum,
2588 5366 2691 5411 etc.
2728 5356 2987 5412 Pratclare
3018 5358 3337 5419 Augustianos
3380 5360 3431 5411 in
3475 5360 3576 5411 ho-

1994 5427 2136 5479 miiia
2165 5425 2222 5499 ii
2266 5444 2278 5479 :
2313 5426 2372 5481 Si
2416 5429 2527 5499 quis
2551 5438 2719 5481 autem
2749 5430 2943 5497 positus
2982 5431 3035 5481 in
3065 5425 3245 5480 ultima
3275 5430 3580 5483 necessitate

1994 5498 2315 5567 (egritudinis
2329 5498 2438 5552 sure
2457 5499 2671 5553 coluerit
2685 5502 2916 5569 accipere
2930 5500 3275 5567 penitentiam
3301 5500 3579 5569 et_arcipit,

1992 5566 2183 5622 etmox
2212 5568 2649 5633 reconciliabitur,
2677 5578 2729 5622 et
2746 5566 2867 5622 hinc
2889 5568 3059 5629 radit;
3100 5570 3267 5638 fateor
3288 5566 3447 5632 vobis,
3471 5566 3579 5638 non

1993 5639 2070 5691 illi
2086 5655 2345 5761 [negamus
2369 5640 2505 5712 quod
2529 5641 2674 5710 petit,
2697 5639 2788 5691 sed
2824 5654 2925 5692 non
2956 5636 3309 5708 prarsnmimus
3340 5640 3459 5707 quia
3485 5636 3574 5693 be-

1995 5724 2058 5761 ne
2103 5726 2205 5761 nnc
2228 5719 2352 5761 erit.

1995 5724 2058 5761 ne
2086 5710 2205 5763 hinc
2228 5711 2352 5764 erit.
