4006 6182
274 287 356 347 137
1287 275 1374 334 DE
1409 272 1820 333 GUBERNATH

1926 275 1941 330 Ξ
1980 278 2091 334 DEI
2132 276 2257 334 LIB.
2303 276 2410 334 γιι.

3388 274 3493 335 138

268 382 406 440 modo
423 377 550 449 grati
570 390 680 432 esse
701 374 956 429 vellemus
982 384 1102 442 qua:
1131 371 1286 425 nobis
1319 371 1384 424 ad
1417 385 1569 423 nsum
1595 368 1808 423 vivendi
1836 374 1884 430 Α
1913 381 2015 436 ret,
2052 391 2243 436 manus
2277 390 2413 444 quas
2440 372 2723 429 bellicosas
2751 371 2991 442 putabat,
3043 370 3248 427 vinctas
3269 371 3495 431 "deret.

267 474 406 531 dedit.
437 470 539 526 Cur
577 469 713 524 hanc
735 467 963 535 gratiam
991 463 1228 517 tollimus
1247 462 1390 532 quod
1420 476 1519 517 nos
1552 470 1609 515 et
1634 460 1685 514 in
1716 476 1812 516 an-

267 563 601 638 gustiisjuvat,
631 568 686 615 et
708 560 759 613 in
782 556 1038 628 periculis
1064 556 1275 619 liberat,
1310 563 1364 609 et
1386 553 1439 607 in
1466 552 1645 607 medio
1686 552 1814 605 bar-

266 660 482 713 bararum
503 652 738 722 gentium
757 650 890 704 sitos
904 647 1019 716 jugi
1041 647 1377 717 protection‘e
1397 644 1716 699 conservat?
1746 642 1816 698 At

269 764 355 802 non
382 747 446 799 ita
464 740 636 803 Gothi,
662 755 770 794 non
796 739 871 792 ita
884 736 1151 802 Wandali,
1176 736 1329 789 malis
1357 736 1484 789 licet
1507 733 1818 789 doctoribus

267 836 480 898 instituti,
529 832 779 887 meliores
821 837 1003 883 tamen
1050 828 1209 883 etiam
1257 827 1310 881 in
1338 827 1439 881 hac
1465 833 1615 895 parte
1654 840 1815 895 quam

267 929 423 986 nostri.
468 924 672 980 Oﬂendi
712 921 959 992 quamvis
1002 918 1265 989 quosdam
1308 919 1547 987 suspicer
1574 916 1658 971 bis
1696 930 1816 984 quae

267 1020 462 1074 dicimus
492 1034 503 1068 :
536 1013 629 1069 sed
657 1013 781 1081 quia
807 1011 1005 1065 veritas
1032 1010 1199 1077 magis
1226 1023 1385 1077 quam
1414 1005 1638 1061 oll'ensio
1664 1006 1816 1073 cogi-

266 1110 395 1165 tanda
415 1118 509 1169 est,
542 1106 738 1166 dicam,
767 1110 993 1172 et‘saepe
1019 1100 1194 1154 dicam
1219 1117 1233 1153 :
1257 1098 1372 1153 Non
1401 1098 1475 1153 ita
1504 1097 1685 1161 Gothi,
1707 1111 1815 1150 non

264 1205 321 1258 ita
345 1198 605 1263 Wandali;
637 1197 731 1265 qui
759 1204 815 1250 et
845 1195 898 1248 in
918 1192 1228 1247 discrimine
1255 1189 1438 1260 positi,
1469 1203 1627 1258 opem
1653 1203 1683 1240 a
1705 1188 1817 1242 Deo

264 1291 515 1364 postulant,
543 1296 599 1343 ct
626 1284 1017 1357 prosperitates
1040 1298 1165 1337 suas
1191 1297 1385 1337 munus
1404 1280 1696 1335 divinitatis
1723 1296 1818 1348 ap-

262 1383 449 1453 pellant.
482 1380 720 1446 Denique
748 1374 997 1445 probavit
1024 1374 1146 1439 hoc,
1187 1374 1280 1427 illo
1301 1372 1569 1443 proximo,
1603 1369 1820 1425 infelici-

263 1484 331 1528 tas
351 1480 538 1527 nostra.
569 1471 707 1524 Cum
737 1468 881 1520 enim
912 1474 938 1501 ι
971 1464 1134 1519 Gothi
1174 1471 1499 1527 metuerent,
1524 1478 1815 1532 pnesume-

262 1565 417 1619 hamus
440 1577 535 1615 nos
564 1561 618 1613 in
651 1557 854 1613 Cbunis
882 1571 1034 1625 spem
1062 1570 1284 1625 ponere,
1328 1555 1402 1608 illi
1432 1555 1484 1608 in
1520 1554 1631 1608 Deo
1655 1572 1667 1606 ε
1696 1569 1817 1608 cum

260 1670 344 1724 pax
374 1654 432 1706 ab
459 1652 560 1704 illis
587 1648 976 1719 postularetur,
1007 1661 1037 1699 a
1069 1646 1222 1700 nobis
1250 1654 1564 1713 negaretur;
1597 1645 1816 1715 illi\epi-

1915 479 2203 534 puerorum
2224 480 2287 520 ac
2312 464 2595 519 mulierum
2614 461 2975 532 spectaculum
3005 460 3176 525 ﬂeret,
3202 460 3502 518 inludentes

1916 560 2018 616 sibi
2061 561 2323 615 barbaros
2345 565 2612 620 cerneret,
2667 556 2975 612 inrisionem
3024 570 3185 613 sexus
3213 556 3501 625 promiscui

1916 651 2232 713 sustineret,
2283 656 2338 703 et
2377 649 2468 718 qui
2510 647 2802 702 maximum
2845 646 3106 701 habuerat
3157 646 3503 716 supercilium

1915 741 2072 798 fortis
2098 743 2216 805 viri,
2249 747 2478 796 mortem
2498 741 2702 795 subiret
2730 739 2943 808 ignavi?
2972 738 3147 807 Atque
3174 737 3378 793 utinam
3402 738 3504 792 hoc

1918 835 2090 904 ipsum
2136 835 2299 889 breve
2326 832 2624 888 remedium
2676 831 2941 885 malorum
2977 837 3138 895 esset,
3171 844 3278 884 non
3313 829 3503 884 diurna

1917 925 2186 979 toleratio!
2220 923 2539 987 Ille-autem,
2565 930 2822 991 quantum
2850 920 2916 976 ad
2946 934 3225 990 poenarum
3246 920 3272 958 ἀ
3295 922 3502 989 magni-

1918 1015 2156 1069 tudinem
2179 1014 2429 1083 pertinet,
2456 1022 2479 1051 °
2512 1014 2673 1081 longo
2701 1022 2941 1083 tempore
2969 1019 3024 1066 et
3049 1012 3300 1067 diuturna
3330 1012 3385 1067 in
3411 1028 3502 1067 er~

1917 1108 2125 1176 gastnlo
2150 1105 2507 1161 Barbarorum
2536 1105 2659 1159 tabe
2696 1112 3062 1173 consumptus,
3094 1106 3149 1159 in
3174 1104 3315 1161 hanc
3338 1105 3502 1162 mise-

1920 1198 2053 1252 riam
2083 1197 2332 1251 redactus
2358 1204 2441 1251 est
2468 1204 2542 1259 ut,
2567 1195 2707 1264 quod
2730 1196 3044 1265 plerumque
3073 1194 3317 1250 homines
3339 1196 3503 1250 etiam

1919 1291 2095 1361 pmnis
2142 1290 2269 1360 ipsis
2293 1290 2507 1359 gravius
2551 1290 2707 1360 154
2733 1297 2894 1358 atque
2922 1289 3165 1345 acerbius
3208 1297 3416 1361 putant,
3449 1291 3504 1347 in

1918 1382 2318 1437 miserationem
2361 1381 2596 1437 hostium
2637 1380 2931 1436 deveniret.
2976 1380 3045 1435 Et
3080 1381 3185 1438 hoc
3229 1383 3358 1437 cur?
3397 1381 3504 1438 Cur

1919 1472 2122 1540 absque
2142 1471 2324 1536 dubio,
2350 1471 2451 1525 nisi
2478 1471 2625 1540 quia,
2648 1478 2706 1525 ut
2721 1471 2831 1540 jam
2852 1471 2981 1534 dixi,
3011 1471 3087 1525 illi
3115 1471 3227 1526 Deo
3254 1471 3501 1535 humiles,

1921 1579 2020 1619 nos
2040 1564 2295 1629 rebelles;
2327 1564 2401 1617 illi
2434 1562 2775 1618 crediderunt
2801 1563 2853 1617 in
2883 1578 3046 1617 manu
3071 1563 3167 1617 Dei
3197 1578 3316 1619 esse
3336 1564 3505 1619 victo-

1922 1656 2078 1721 riam,
2121 1667 2221 1710 nns
2248 1656 2301 1709 in
2346 1670 2508 1709 manu
2552 1663 2755 1718 nostra,
2780 1655 2945 1708 immo
2973 1654 3027 1708 in
3056 1654 3317 1722 sacrilega
3344 1661 3506 1723 atque

258 1759 420 1813 scopos
442 1743 736 1804 mitterent,
783 1754 883 1793 nos
928 1737 1339 1807 repelleremus;
1383 1736 1458 1790 illi
1502 1736 1665 1790 etiam
1705 1734 1732 1773 ι)
1764 1736 1815 1788 in

1926 1747 2084 1816 impia
2119 1765 2131 1799 :
2177 1747 2321 1815 quod
2349 1753 2433 1801 est
2474 1744 2628 1815 pejus
2662 1746 3050 1815 noeentinsqne
3088 1760 3248 1814 quam
3288 1748 3506 1800 nostra?

258 1833 418 1889 alienis
434 1830 807 1887 sacerdotibus
855 1828 1022 1883 Deum
1063 1827 1412 1889 hunorarent,
1451 1841 1552 1880 nos
1579 1826 1740 1880 etiam
1766 1825 1816 1878 in

256 1924 428 1980 nostris
452 1934 938 1978 contemneremus.
966 1919 1131 1973 Prout
1154 1925 1306 1972 actus
1324 1916 1602 1984 utriusque
1627 1916 1815 1985 partis,

254 2020 316 2073 ita
339 2026 388 2073 et
408 2033 585 2073 rerum
617 2014 881 2071 terminus
905 2012 1023 2067 fuit.
1054 2010 1163 2066 illis
1187 2009 1311 2064 data
1340 2016 1423 2064 est
1442 2009 1495 2063 in
1515 2024 1725 2063 summo
1749 2008 1818 2061 ti-

252 2125 377 2166 more
402 2110 599 2180 palma,
635 2108 793 2163 nobis
840 2107 893 2160 in
931 2119 1138 2161 summa
1181 2103 1415 2158 elatione
1456 2101 1716 2158 confusio.
1753 2101 1821 2157 Ut

253 2216 355 2255 vere
378 2208 428 2255 et
454 2201 506 2254 in
533 2200 697 2254 nobis
745 2206 874 2251 tunc
909 2203 965 2251 et
1005 2196 1058 2249 in
1091 2195 1193 2248 illis
1222 2193 1502 2248 evidenter
1528 2194 1815 2263 probatum

253 2292 306 2346 sit
329 2292 444 2347 illud
487 2265 721 2347 Domini.
747 2289 917 2343 nostri
954 2288 1153 2342 dictum
1188 2304 1200 2338 :
1254 2287 1405 2355 153
1436 2283 1693 2348 Quoniam
1733 2287 1819 2356 qui

253 2380 896 2443 uexaltatlmmiliabilur,
936 2387 984 2432 et
1012 2379 1097 2449 qui
1142 2394 1197 2431 se
1227 2376 1463 2429 humiliat
1503 2373 1822 2430 exaltabimr

252 2472 373 2539 (Luc.
401 2491 501 2538 xiv,
535 2474 652 2543 Η).
676 2472 783 2527 illis
804 2471 946 2526 enim
962 2471 1224 2526 exaltatio
1246 2469 1369 2524 data
1400 2454 1602 2538 est'pro
1634 2469 1815 2522 humi-

251 2568 393 2632 litate,
416 2568 571 2622 nobis
601 2582 704 2637 pro
733 2565 967 2621 elatione
993 2563 1245 2632 dejectio.

304 2656 362 2712 Χ.
384 2658 566 2728 Itaque
588 2656 810 2726 agnovit
835 2655 942 2709 hoc
980 2654 1068 2708 ille
1096 2664 1117 2692 ο
1149 2652 1257 2707 dux
1287 2661 1485 2707 nostra:
1514 2652 1699 2721 partis,
1728 2651 1819 2720 qui

250 2749 461 2803 eamdem
484 2748 679 2803 urbem
697 2746 934 2801 hostium
952 2758 1120 2814 quam
1144 2741 1335 2798 eodem
1364 2742 1450 2796 die
1473 2742 1728 2797 victorem
1761 2756 1821 2796 se

250 2840 540 2894 intraturum
570 2852 697 2893 esse
724 2836 1083 2907 praesumpsit,
1100 2832 1342 2902 captivus
1358 2832 1593 2886 intravit.
1622 2830 1823 2886 Proha-

250 2933 310 2985 vit
332 2933 525 2988 scilicet
546 2929 703 3001 quod
727 2929 989 2999 propheta
1011 2927 1146 2981 dixit
1169 2943 1181 2978 :
1217 2924 1353 2988 Quia
1374 2941 1474 2979 non
1496 2934 1573 2978 est
1595 2925 1820 2978 hominis

250 3025 313 3076 uia
337 3023 458 3094 ejus,
486 3039 582 3076 nec
613 3020 712 3090 εἰνὶ
740 3028 816 3074 est
834 3026 891 3072 ut
918 3016 1141 3071 ambulet
1159 3023 1209 3070 et
1236 3015 1430 3086 dirigat
1467 3030 1669 3085 gressus
1702 3031 1821 3068 suos

1920 1839 2161 1907 Denique
2187 1841 2302 1908 ipse
2338 1837 2357 1874 ί
2391 1854 2488 1893 rex
2514 1839 2770 1903 hostium,
2801 1845 3061 1907 quantum
3079 1852 3169 1893 res
3186 1837 3419 1908 prodidit
3445 1853 3507 1893 ac

1918 1930 2185 1998 probavit,
2210 1945 2378 1998 usque
2405 1929 2469 1983 ad
2495 1930 2634 1984 diem
2658 1944 2849 1998 pugna:
2888 1936 3089 1983 stratus
3116 1929 3291 1983 cilicio
3318 1944 3507 1998 preces

1918 2018 2073 2082 fudit,
2117 2029 2242 2074 ante
2283 2021 2479 2075 bellum
2506 2021 2559 2073 in
2599 2020 2844 2075 oratione
2883 2019 3071 2089 jacuit,
3112 2019 3180 2075 ad
3218 2019 3418 2075 bellum
3442 2019 3509 2075 de

1919 2110 2165 2165 oratione
2197 2110 2448 2165 surrexit.
2491 2107 2810 2179 Priusquam
2846 2123 3081 2179 pugnam
3119 2124 3279 2163 manu
3315 2124 3507 2180 capesa

1920 2206 2082 2263 seret,
2116 2200 2505 2270 supplicatione
2533 2200 2822 2270 pugnavit;
2848 2207 2904 2253 et
2931 2199 3051 2253 ideo
3080 2197 3249 2254 ﬁdens
3286 2215 3508 2268 proces-

1919 2291 1991 2345 sit
2018 2289 2086 2344 λιι
2123 2303 2375 2359 pugnam,
2405 2289 2529 2357 quia
2553 2288 2665 2357 jam
2691 2296 2963 2343 meruerat
2991 2288 3044 2342 in
3065 2289 3311 2344 oratione
3337 2290 3507 2345 victo-

1921 2382 2076 2437 riam.

1992 2470 2085 2526 XI.
2126 2473 2242 2527 Non
2263 2472 2593 2529 dissimiliter
2614 2480 2791 2529 autem
2822 2472 2949 2527 illud
2971 2472 3133 2526 etiam
3151 2472 3329 2542 apud!
3343 2472 3527 2526 Wane

1920 2564 2103 2618 dalos:
2128 2564 2192 2617 ad
2221 2577 2358 2632 quos
2383 2579 2504 2618 cum
2535 2564 2588 2618 in
2612 2561 2864 2634 lliSpania
2894 2563 3027 2617 sitos
3049 2570 3231 2617 nostra
3246 2577 3372 2632 pars
3390 2578 3512 2633 per.

1922 2662 2093 2722 geret,
2123 2661 2435 2723 tantamque
2464 2654 2531 2709 ad
2576 2652 2926 2709 debellandos
2963 2669 3059 2709 eos
3079 2654 3512 2723 praesumptionis

1924 2744 2170 2801 fiduciam
2202 2746 2364 2800 ferret
2403 2755 2659 2815 quantam
2712 2746 2874 2800 etiam
2914 2746 3164 2817 proxime
3189 2745 3259 2801 ad
3280 2735 3509 2813 Gothos,

1922 2839 2039 2909 pari
2066 2837 2329 2908 superbiae
2352 2838 2509 2905 fastu,
2538 2839 2656 2909 pari
2695 2839 2843 2893 exitu
2871 2848 3219 2895 conruerunt.
3250 2839 3513 2909 Venitqno

1924 2945 2086 2998 super
2132 2931 2424 2984 exercitum
2473 2938 2715 2983 nostrum
2767 2929 2895 2983 illud
2944 2927 3228 3000 Propheta:
3270 2930 3509 2986 dictum:

1927 3019 2120 3074 Obruet
2166 3020 2415 3075 Dominus
2455 3022 2824 3092 confidentiam
2854 3032 3024 3088 tuam,
3064 3032 3113 3076 et
3149 3023 3282 3078 nihil
3309 3023 3512 3080 habebis

249 3113 406 3179 (Prov.
431 3131 533 3185 xvi,
568 3111 636 3177 9;
666 3128 757 3175 xx,
788 3109 901 3177 2i).
934 3107 1064 3162 Nam
1088 3107 1214 3177 quia
1234 3107 1376 3161 viam
1405 3122 1557 3160 suam
1575 3105 1712 3174 juris
1734 3107 1817 3161 sui
1850 3107 1893 3168 C
1924 3128 2223 3185 prosperum
2255 3112 2465 3184 (Jerem.
2492 3129 2548 3179 u,
2582 3113 2703 3183 57).
2736 3112 3151 3169 Conﬁdcbamus
3174 3116 3403 3172 enimsin
3424 3133 3515 3171 sa-

250 3206 562 3269 existimavit,
586 3218 694 3258 nec
711 3215 955 3270 gressum
977 3198 1290 3254 directionis
1310 3198 1515 3260 habuit,
1550 3213 1649 3252 nec
1680 3199 1822 3252 viam

249 3300 406 3355 salutis
432 3298 646 3354 invenit
678 3314 691 3348 :
728 3294 911 3363 Eﬂ'usa
937 3300 1032 3357 est,
1059 3301 1119 3346 ut
1148 3292 1393 3357 legimus,
1423 3288 1642 3361 abjectio
1672 3307 1825 3360 super

251 3393 519 3461 ρήιιεὶρεηι,
550 3389 801 3446 seductus
827 3395 903 3440 est
928 3388 985 3440 in
1018 3387 1187 3449 invto,
1228 3395 1277 3438 et
1302 3400 1403 3438 non
1450 3385 1504 3436 in
1535 3385 1615 3437 via
1643 3383 1818 3453 (Psal.

251 3496 335 3543 tm,
358 3482 475 3551 40);
503 3490 557 3537 et
586 3479 661 3534 ad
688 3478 902 3532 nihilum
949 3475 1197 3531 deductus
1242 3483 1347 3539 est,
1381 3475 1514 3527 velut
1553 3491 1687 3546 aqua
1735 3474 1824 3527 de-

253 3585 430 3624 currens
453 3568 636 3639 (Psal.
664 3583 791 3630 Lvn,
815 3564 901 3631 8).
939 3564 997 3618 In
1026 3580 1134 3633 quo
1161 3564 1396 3632 quidem,
1430 3570 1626 3632 prmter
1654 3563 1821 3632 ipsam

255 3673 409 3713 rerum
435 3658 833 3721 infelicitatem,
858 3671 1095 3725 prmsens
1117 3654 1375 3723 judicium
1417 3654 1508 3707 Dei
1535 3654 1733 3723 patuit;
1768 3661 1827 3707 ut

253 3748 480 3818 quidquid
496 3750 765 3805 facturum
794 3762 853 3801 se
895 3754 1196 3815 usurparat,
1230 3746 1344 3814 ipse
1366 3753 1659 3815 pateretur.
1692 3745 1823 3800 Nam

252 3840 356 3907 quia
379 3842 491 3896 sine
509 3838 814 3897 divinitatis
835 3838 1037 3892 auxilio
1073 3853 1137 3893 ac
1176 3837 1272 3892 Dei
1298 3846 1427 3891 nutu
1457 3837 1772 3906 capiendum
1795 3854 1826 3892 a

254 3943 303 3982 se
325 3930 523 3987 hostem
576 3928 834 3991 credidit,
870 3927 984 3998 ipse
1010 3934 1199 3997 captus
1244 3933 1325 3981 est
1357 3944 1368 3978 :
1398 3927 1609 3982 consilii
1645 3942 1708 3982 ac
1737 3943 1826 3981 sa-

254 4019 737 4096 pientireqsnmmam
786 4018 1088 4089 usurpavit,
1122 4018 1463 4086 ignominiam
1507 4019 1824 4073 temeritatis

257 4108 452 4165 incurrit
481 4131 494 4165 :
536 4111 717 4166 vincla
745 4125 866 4179 quae
895 4110 1014 4164 aliis
1041 4110 1268 4179 paravit,
1306 4109 1419 4178 ipse
1452 4109 1723 4164 sustinuit.
1760 4108 1825 4164 Et

254 4202 398 4269 quod,
422 4211 573 4274 rogo,
603 4204 905 4259 evidentius
925 4203 1019 4257 Dei
1037 4202 1295 4271 judicium
1316 4218 1436 4257 esse
1461 4203 1635 4272 potuit
1662 4217 1823 4270 quam

256 4302 305 4345 nt
338 4294 531 4352 habens
560 4295 882 4366 praedatoris
928 4294 1196 4359 fiduciam,
1226 4294 1402 4363 praeda
1431 4294 1602 4358 ﬁeret,
1632 4293 1824 4348 trium-

257 4383 397 4451 phum
418 4401 767 4456 pmsnmens,
817 4385 1118 4455 triumphus
1164 4392 1340 4450 esset,
1382 4384 1821 4449 circumdaretur,

1931 3204 2132 3273 pientia
2161 3212 2344 3258 nostra
2373 3212 2425 3257 et
2448 3203 2760 3259 fortitudine
2788 3212 2977 3259 contra
3007 3202 3105 3258 Dei
3135 3205 3385 3261 mandata
3429 3207 3514 3273 ὥς

1928 3295 2098 3349 centis
2132 3313 2143 3347 :
2193 3293 2315 3349 Non
2346 3294 2592 3365 glorietur
2637 3296 2846 3365 sapiens
2890 3296 2944 3348 in
2993 3296 3251 3365 sapientia
3276 3312 3394 3362 sua,
3423 3313 3521 3352 nec

1928 3386 2078 3455 fortis
2106 3386 2157 3437 in
2184 3385 2486 3455 fortitudine
2525 3401 2654 3449 sua;
2681 3385 2773 3449 sed
2801 3386 2854 3438 in
2884 3385 2978 3439 hoc
3016 3386 3266 3456 glorietur
3291 3389 3376 3457 qui
3404 3391 3518 3457 glo-

1927 3477 2112 3539 riatur,
2135 3478 2267 3529 scire
2281 3486 2330 3529 et
2345 3493 2496 3530 nosse
2515 3493 2611 3539 mc,
2636 3478 2756 3547 quia
2779 3494 2871 3547 ego
2892 3494 3005 3531 sum
3028 3476 3281 3533 Dominus
3298 3478 3510 3548 (Jercm.

1929 3585 2011 3629 rx,
2040 3565 2138 3629 25,
2181 3566 2249 3619 94
2276 3565 2314 3633 ).
2347 3566 2460 3619 Non
2506 3566 2773 3620 immerito
2803 3566 2983 3634 itaque
3011 3566 3137 3622 victi
3165 3582 3349 3621 sumus
3387 3585 3399 3619 :
3450 3569 3515 3621 al

1927 3656 2150 3710 meliora
2180 3655 2323 3711 enim
2364 3669 2424 3709 se
2450 3654 2526 3708 illi
2548 3654 2781 3709 subsidia
2811 3654 3107 3721 contulere,
3129 3670 3291 3723 quam
3320 3659 3511 3712 nostri.
3595 3653 3609 3665 '

1929 3744 2061 3800 Nam
2089 3761 2212 3800 eum
2240 3744 2405 3799 armis
2433 3758 2534 3799 nos
2562 3751 2725 3814 atque
2770 3743 2985 3798 auxiliis
3033 3744 3452 3814 superbiremus,
3485 3763 3514 3800 a
3574 3788 3579 3797 ,

1927 3846 2083 3907 parte
2125 3837 2357 3891 hostium
2397 3836 2554 3892 nobis
2600 3835 2736 3890 liber
2760 3835 2954 3891 divinae
2981 3836 3112 3904 legis
3140 3838 3391 3893 occurrit.
3442 3837 3516 3892 Ad
3556 3818 3571 3835 ’

1929 3929 2071 3984 hanc
2098 3929 2241 3983 enim
2269 3928 2536 3998 praecipue
2565 3941 2724 3996 opem
2755 3927 2917 3982 timor
2945 3934 3001 3980 et
3027 3927 3360 3996 perturbatio
3388 3936 3516 3984 tunc

1930 4019 2239 4075 Wandalica
2285 4017 2541 4086 confugit,
2573 4025 2633 4071 ut
2668 4017 2862 4071 seriem
2886 4017 3041 4071 nobis
3066 4017 3302 4073 cmlestis
3321 4019 3517 4087 eloquii

1931 4117 2230 4179 opponeret
2270 4115 2325 4161 et
2346 4107 2630 4162 adversum
2669 4107 2948 4162 venientes
2974 4107 3196 4161 aemulos
3220 4122 3346 4162 suos
3382 4109 3516 4164 sacri

1932 4201 2218 4257 voluminis
2242 4200 2443 4269 scripta
2462 4198 2613 4267 quasi
2648 4199 2764 4268 ipsa
2792 4197 3190 4266 quodammodo
3223 4198 3517 4253 divinitatis

1933 4307 2027 4346 ora
2050 4298 2335 4346 reseraret.
2362 4288 2459 4344 Hic
2486 4303 2626 4343 nunc
2667 4288 2905 4356 requiro,
2934 4287 3056 4355 quis
3085 4287 3188 4343 hoc
3218 4303 3453 4357 unquam
3483 4307 3516 4344 τι

1934 4381 2133 4437 nostris
2158 4380 2402 4450 partibus
2431 4377 2636 4443 fecerit,
2673 4386 2766 4433 aut
2792 4378 2914 4449 quis
2941 4394 3049 4434 non
3076 4377 3273 4433 inrisus
3293 4378 3321 4415 ιι
3344 4377 3516 4435 fuerat

257 4450 615 4546 corriperetur,
647 4450 998 4545 alligaretur;
1020 4484 1221 4531 retorta
1250 4483 1402 4544 tergo
1434 4476 1651 4533 brachia
1668 4489 1827 4544 gere-
1856 4450 1903 4509 υ
1931 4474 1975 4531 si
2005 4480 2243 4545 putasset
2292 4487 2411 4528 esse
2460 4470 2799 4526 faciendum?
2828 4471 3043 4533 inrisus,
3078 4471 3456 4540 utiqueysicut
3487 4488 3516 4525 a

1423 4649 1758 4706 STEPHANI
1797 4648 2065 4707 BALUZI]
2104 4648 2331 4704 ΝΟΤἈΕ.

317 4795 338 4859 ξ
364 4786 641 4859 Proprium
672 4785 726 4842 id
753 4783 928 4859 gentis
949 4782 1111 4859 fuisse
1136 4791 1355 4859 annotat
1394 4784 1693 4859 Hadrianus
1716 4782 1818 4839 Va—

258 4852 402 4925 lesius
429 4852 483 4911 in
508 4859 645 4913 libro
677 4852 839 4913 tertio
864 4868 1041 4910 rerum
1070 4855 1336 4921 Francic.,
1364 4869 1486 4925 pag.
1516 4854 1634 4909 “2.

316 4924 340 4962 δ
366 4925 421 4979 ld
449 4936 552 4992 est,
581 4926 884 4982 catholicis.
933 4926 1066 4979 Nam
1112 4925 1274 4980 Gothi
1322 4924 1477 4980 erant
1516 4925 1720 4980 Ariani.
1754 4924 1819 4978 Et

254 5004 451 5066 ronstat
469 4995 698 5057 Gothos,
733 4997 780 5050 si
809 5009 989 5064 regem
1025 4994 1304 5066 Evarigem
1330 4996 1585 5066 excipias,
1615 4996 1819 5066 nemini

254 5063 380 5116 intra
406 5063 605 5120 Gallias
631 5069 741 5121 vim
769 5063 1011 5120 intulisse
1056 5064 1110 5119 in
1154 5079 1313 5119 causa
1356 5063 1497 5120 fidei.
1530 5064 1662 5120 Vide
1689 5063 1820 5120 Cas-

260 5132 514 5205 siodornm
544 5137 733 5191 lib.vm
782 5135 905 5189 Var.
940 5133 1203 5205 epist.24.

323 5214 345 5241 ε
373 5202 623 5277 Litorius,
652 5207 745 5277 qui
774 5202 1043 5276 potestate
1070 5204 1335 5277 secundus
1364 5204 1430 5258 ab
1462 5204 1643 5277 Aetio,
1679 5203 1823 5258 Ilun-

265 5271 338 5326 nis
358 5271 714 5346 auxiliaribus
746 5271 994 5346 praeerat,
1033 5273 1414 5346 conlidensque
1455 5274 1732 5346 fallacibus
1764 5282 1828 5346 et

260 5342 398 5402 Vanis
438 5341 777 5414 haruspicum
822 5345 1111 5414 responsis,
1142 5341 1392 5399 Tolosam
1421 5344 1571 5413 regni
1613 5341 1825 5399 Gothici

261 5421 408 5481 caput
460 5414 742 5471 obsederat
790 5431 931 5469 anno
976 5414 1503 5483 quadringentesimo
1552 5414 1826 5482 trigesimo

266 5495 416 5536 nono.
465 5483 593 5540 Vide
623 5485 1036 5540 Rittershusium
1085 5484 1154 5538 ad
1182 5485 1327 5539 hunc
1352 5484 1547 5548 locum,
1579 5483 1824 5538 Sirmon-

261 5552 373 5625 dum
412 5554 468 5625 in
501 5553 644 5610 Notis
673 5556 737 5610 ad
767 5554 1149 5625 Panegyricum
1199 5554 1357 5617 Aviti,
1408 5564 1463 5625 et
1492 5554 1821 5609 Hadrianum

263 5622 518 5694 \alesium
549 5626 592 5678 in
615 5627 805 5680 eodem
837 5622 971 5694 libro
1003 5626 1181 5690 tertio,
1213 5640 1329 5694 pag.
1366 5624 1482 5677 HI.

325 5688 349 5726 ‘
380 5692 719 5749 Brassicanus
744 5704 798 5748 et
823 5693 1125 5748 Gulasinins
1154 5688 1329 5765 ivgum
1356 5695 1744 5767 longitudinem.

544 5787 801 5847 iurant.
851 5786 1006 5847 Lill.

2000 4792 2023 4821 ο
2052 4783 2253 4838 Contra
2281 4781 2477 4836 ldatius
2508 4780 2557 4834 in
2588 4777 2855 4835 Chronico
2886 4777 2958 4832 ait
2988 4774 3247 4833 Litorium
3278 4781 3515 4838 occisum

1927 4854 2091 4908 fuisse.
2120 4861 2244 4922 post
2269 4853 2385 4907 dies
2414 4863 2806 4922 paucos_Quam
2837 4856 3025 4922 captus
3050 4856 3152 4904 est.
3227 4848 3230 4851 ’

2001 4922 2022 4963 ί
2056 4917 2442 4984 Theodericus}
2473 4920 2563 4988 qui
2606 4917 2799 4974 Gothis
2855 4917 3220 4988 Romanorum

1926 4993 2286 5065 imperitabat,
2315 5007 2382 5046 ne
2401 4985 2521 5059 quis
2551 4988 2637 5071 hic
2661 4988 2747 5113 adgi
2768 4995 2922 5060 putet
2948 4985 3015 5044 de
3035 4985 3260 5044 Iiunnis.
3428 5064 3441 5071 _

2000 5074 2025 5112 ι
2067 5063 2183 5117 Hoc
2231 5062 2352 5117 loco
2400 5059 2671 5128 intelhgen
2715 5072 2807 5128 um,
2857 5065 2942 5113 est
2986 5058 3187 5115 bellum
3234 5076 3264 5113 a
3295 5063 3516 5119 Casta-:0

1926 5099 2352 5190 duce'li’olma‘ii‘o'
2380 5099 2760 5200 gestuniianno
2788 5127 2893 5183 622
2919 5129 3174 5186 adversus
3198 5099 3514 5190 Wandalo:

1926 5203 2123 5259 ldatius
2153 5204 2206 5257 in
2236 5197 2503 5257 Chronico
2537 5218 2548 5252 :
2583 5197 2829 5271 Castinus
2869 5202 3116 5271 magister
3154 5202 3376 5257 militum
3398 5220 3512 5259 cum

1928 5291 2117 5345 magna
2143 5290 2299 5345 manu
2320 5281 2386 5345 Aet
2412 5271 2624 5327 auxiliis
2667 5267 2971 5345 Gothorum'
3000 5270 3202 5345 bellum;
3227 5273 3284 5345 in
3319 5272 3515 5345 Βφιὶιτη

1930 5340 2207 5397 dedalis
2244 5343 2402 5414 infert
2430 5359 2447 5396 :
2479 5358 2604 5414 quos
2632 5356 2752 5414 eum
2778 5340 2859 5414 ad
2885 5341 3117 5412 inapiam
3156 5342 3203 5395 vi
3232 5340 3516 5414 obsidionis

1929 5422 2152 5467 arctaret
2183 5411 2311 5467 adeo
2339 5417 2394 5466 ut
2433 5411 2501 5467 se
2524 5411 2728 5467 tradere
2759 5411 2873 5481 jam
2915 5411 3179 5481 pararent,
3226 5412 3515 5481 inconsulte

1930 5483 2131 5553 publica
2161 5484 2438 5554 certamine
2485 5480 2786 5554 conﬂigens,
2836 5480 3156 5554 auxiliorum
3196 5480 3379 5554 fraude
3407 5483 3514 5554 _de-

1927 5547 2121 5625 raptus,
2146 5553 2215 5606 ad
2246 5547 2597 5625 Tarraronnm
2636 5547 2796 5608 victus
2829 5548 3026 5625 elfuqit.
3059 5547 3513 5608 Vide’llardA‘a-

1928 5620 2139 5687 Iasium,
2171 5637 2289 5692 pag.
2322 5620 2442 5677 1°21.

1999 5692 2022 5728 h
2065 5693 2224 5747 Forte
2254 5693 2426 5765 fuerit.

3269 4920 3517 4978 hostibus

3197 5782 3235 5837 6
