4006 6182
477 257 588 315 τεο

1440 259 1497 317 s.
1538 244 1851 316 sanum
1888 253 2346 315 uassmwsts
2383 252 2811 351 russeum

3646 256 3749 313 HO

471 363 683 424 nostris
712 367 890 423 omnia
917 366 1083 423 ferme
1112 366 1360 435 religiosa
1387 367 1646 423 ridentur.
1679 370 1831 440 155
1855 367 1921 421 Et
1949 367 2070 423 ideo
2100 373 2141 428 Α
2174 367 2474 430 vissimum,
2522 366 2666 435 quod
2707 381 2826 420 cum
2874 367 3119 441 arserint,
3166 356 3223 423 ut
3253 366 3325 421 ita
3362 367 3553 437 dicam,
3583 385 3750 427 mem-

466 458 611 528 quid
626 458 881 529 prodesse
907 458 1063 514 nobis
1090 458 1440 528 praerogativa
1466 458 1554 512 illa
1583 459 1815 527 religiosi
1838 458 2068 513 nominis

484 554 684 617 potest,
705 547 850 617 quod
869 562 969 603 nos
990 546 1283 603 catholicos
1305 563 1425 603 esse
1448 546 1689 611 dicimus,
1715 548 1858 617 quod
1887 546 2070 603 ﬁdeles

482 654 603 695 esse
617 637 899 710 jactamus,
923 636 1067 709 quod
1087 637 1295 695 Gothos
1315 653 1379 694 ac
1398 638 1688 694 Wandalos
1707 639 1942 694 haeretici
1975 652 2070 695 no-

482 729 643 786 minis
671 729 1089 800 exprobratione
1113 729 1458 799 despicimus,
1508 743 1630 784 cum
1678 730 1779 799 ipsi
1821 730 2070 784 hmi'etica

481 818 745 889 pravitate
780 820 1064 875 vivamus?
1102 819 1289 889 itaque
1327 820 1626 875 rectissime
1671 820 1825 875 nobis
1877 818 2073 874 dicitur

472 911 613 967 illud
638 912 783 981 quod
801 911 999 968 Iudaeis
1026 913 1080 966 in
1108 912 1226 981 lege
1252 911 1540 967 ﬁdentibus
1563 911 1698 966 dixit
1722 925 1899 966 sermo
1930 909 2069 966 divi-

465 1004 584 1058 'nus
608 1020 623 1056 :
656 1001 920 1067 Quomodo
941 1002 1110 1056 dicitis
1133 1018 1151 1057 :
1175 1002 1450 1072 Sapientes
1474 1012 1670 1068 sumus,
1687 1011 1735 1055 et
1756 1001 1841 1056 lea:
1858 1000 2072 1054 Domini

462 1092 744 1148 mobiscum
768 1100 845 1147 est
865 1090 1077 1163 (Jerem.
1104 1108 1217 1157 Vili,
1237 1091 1333 1163 8)?
1363 1089 1559 1158 Nolite,
1593 1091 1782 1160 inquit,
1812 1089 2073 1160 conﬁdere

460 1172 534 1238 'in
565 1181 732 1238 verbis
777 1183 1035 1238 mendacii
1080 1182 1327 1245 dicentes,
1362 1182 1627 1257 Templum
1656 1181 1890 1248 Domini,
1943 1191 2071 1236 tem-

456 1272 620 1344 'plum
641 1272 872 1340 Domini,
923 1274 1166 1345 templum
1192 1272 1405 1328 Domini
1450 1282 1546 1327 est.
1582 1270 1840 1337 Quoniam
1868 1273 1915 1327 si
1944 1273 2071 1326 bene

477 1367 771 1423 direxeritis
817 1367 926 1420 uias
971 1374 1164 1421 vestras
1185 1373 1235 1419 et
1260 1365 1435 1420 studia
1479 1374 1664 1431 uestra,
1708 1376 1758 1419 et
1786 1365 1997 1420 advena:
2019 1373 2070 1419 et

480 1458 673 1529 pupillo
692 1467 741 1513 et
770 1457 934 1513 viduae
957 1473 1061 1512 non
1091 1457 1316 1528 feceritis
1354 1456 1686 1522 calumniam,
1726 1471 1819 1509 nec
1855 1456 2069 1527 sangui-

480 1565 596 1604 nem
619 1550 941 1604 innocentem
962 1548 1319 1619 eﬂ'uderitis'in
1350 1548 1462 1602 loco
1482 1547 1609 1612 hoc;
1633 1546 1874 1601 habitabo
1902 1545 2069 1600 vobis-

478 1657 593 1695 cum
617 1641 673 1694 in
716 1640 828 1695 loco
860 1642 957 1695 isto
1002 1657 1035 1693 a
1076 1642 1263 1695 sazculo
1290 1656 1448 1713 usque
1483 1640 1540 1694 in
1566 1638 1811 1693 secutum
1839 1636 2060 1708 (Jerem.

2171 456 2266 509 bra
2292 456 2568 509 hominum
2596 463 2961 525 peccatorum,
2992 465 3177 511 curata
3206 472 3313 511 non
3343 460 3603 514 suntvitia
3628 475 3750 531 pec-

2169 543 2526 609 cantium.,Et
2562 545 2683 600 ideo
2730 547 3039 617 compulsus
3087 555 3170 602 est
3215 548 3527 604 criminibus
3557 553 3751 607 nostris

2172 632 2332 701 Deus,
2361 642 2420 690 ut
2446 636 2668 691 hostiles
2691 636 2878 707 plagas
2908 637 2976 692 de
2998 638 3118 693 loco
3150 639 3205 693 in
3227 639 3428 705 iocum,
3458 641 3525 695 de
3550 642 3681 697 urbe
3701 643 3752 697 in

2172 726 2358 780 urbem
2386 734 2691 796 spargeret,
2732 732 2787 781 et
2824 722 3082 783 excitatas
3111 722 3247 798 pene
3275 729 3344 783 ab
3373 730 3572 784 ultimis
3598 739 3753 785 ten-a3

2173 813 2364 870 ﬁnibus
2384 822 2572 884 gentes
2599 817 2761 871 etiam
2783 825 2931 872 trans
2950 831 3099 874 mare
3119 820 3357 874 mitteret
3376 835 3495 889 qua:
3509 820 3753 877 Afrorum

2170 906 2373 961 Scelera
2393 908 2664 976 punirent.
2683 907 2819 973 Quid
2841 908 3024 962 enim?
3046 908 3295 978 Nunquid
3317 912 3558 966 abducta:
3582 926 3616 966 a
3639 915 3755 969 solo

2171 997 2346 1068 patrio
2370 997 2565 1067 degere
2591 998 2731 1053 intra
2756 997 2958 1055 Gallias
2985 1015 3091 1055 non
3114 1005 3435 1071 potuerant?
3455 1011 3546 1058 aut
3575 1012 3630 1058 ut
3650 1021 3754 1061 non

2172 1087 2428 1156 degerent
2454 1102 2614 1158 quem
2655 1089 2932 1155 timebant,
2962 1104 3084 1159 quae
3110 1091 3305 1146 inlaeste
3335 1108 3365 1145 a
3407 1093 3561 1148 nobis
3591 1109 3757 1163 usque

2172 1179 2240 1233 ad
2269 1188 2480 1250 tempus
2508 1179 2634 1234 illud
2663 1188 2859 1236 cuncta
2896 1182 3282 1237 vastaverant!
3315 1181 3421 1238 Sed
3450 1193 3586 1250 esto,
3621 1185 3755 1239 intra

2170 1269 2369 1326 Gallias
2417 1270 2796 1326 formidabant.
2847 1271 2987 1338 Quid
3030 1272 3087 1327 in
3130 1272 3407 1343 Hispania,
3458 1275 3549 1329 ubi
3592 1275 3755 1329 etiam

2171 1362 2438 1418 exercitus
2491 1370 2709 1418 nostros
2761 1363 3013 1420 bellando
3065 1366 3466 1420 eontriverant?
3510 1367 3755 1437 Nunquid

2168 1455 2466 1509 consistere
2481 1462 2573 1508 aut
2588 1468 2905 1525 permanere
2924 1457 3238 1511 metuebant
3248 1456 3364 1525 jam
3381 1458 3632 1523 victores,
3647 1459 3755 1525 jam

2168 1544 2578 1613 triumphantes,
2593 1544 2787 1613 quibus
2806 1559 2979 1614 usque
2993 1545 3060 1600 ad
3072 1546 3214 1601 hunc
3227 1546 3553 1602 fortitudinis
3564 1546 3757 1605 fastum

2170 1636 2473 1704 contigerat
2513 1635 2825 1703 ascendere,
2862 1643 2922 1691 ut
2959 1644 3088 1706 post
3113 1637 3484 1708 experimenta
3511 1640 3639 1694 belli
3667 1640 3756 1696 diu

481 1748 573 1796 vu,
597 1731 748 1802 4-7).
778 1732 897 1799 Quo
918 1733 1101 1800 utique
1123 1732 1424 1788 ostenditur
1438 1731 1588 1800 quod
1614 1731 1660 1786 si
1689 1731 1789 1786 ista
1815 1747 1922 1785 non
1949 1730 2071 1786 faci-
2099 1738 2146 1800 Β
2170 1728 2343 1798 parati
2388 1727 2751 1797 intelligerent
2798 1729 2902 1783 sibi
2944 1729 3204 1785 Romana:
3247 1731 3326 1786 rei
3365 1730 3591 1801 publicae
3621 1732 3757 1788 vires

483 1839 622 1887 mus,
654 1822 921 1893 superﬂue
949 1824 1104 1878 nobis
1130 1822 1379 1878 catholici
1405 1822 1636 1876 nominis
1655 1822 2072 1892 prtesumptioue

483 1914 820 1985 plaudamus.
867 1912 976 1969 Sed
1012 1913 1137 1969 hinc
1170 1912 1283 1983 jam
1316 1920 1377 1968 et
1416 1913 1662 1982 superius
1699 1912 1831 1967 satis
1871 1911 2071 1967 dictum

480 2013 580 2074 est,
603 2012 660 2061 et
687 2005 862 2061 adhuc
887 2002 1115 2065 fortasse
1135 2003 1377 2070 dicetur;
1401 2018 1501 2058 nec
1522 2017 1659 2072 opus
1679 2010 1761 2057 est
1792 2010 1852 2056 ut
1876 2000 1943 2056 de
1965 2000 2070 2056 hoc

480 2096 710 2167 amplius
735 2095 1093 2161 disseramus,
1125 2094 1217 2149 ubi
1240 2093 1338 2149 Dei
1363 2093 1491 2162 juge
1512 2092 1773 2162 judicium
1792 2100 1897 2147 est.
1931 2091 2069 2158 Quid

480 2188 623 2243 enim
648 2185 737 2242 vel
778 2186 846 2242 de
884 2186 1040 2240 nobis
1067 2185 1152 2240 vel
1177 2185 1244 2240 de
1288 2182 1478 2239 Gothis
1522 2198 1586 2240 ac
1611 2183 1891 2239 Wandalis
1927 2182 2072 2237 Deus

477 2279 700 2349 judicet,
721 2292 810 2333 res
834 2277 1049 2347 probat.
1079 2275 1160 2331 illi
1186 2280 1437 2331 crescunt
1461 2273 1721 2345 quotidie,
1752 2290 1852 2330 nos
1879 2273 2069 2329 decre-

480 2371 709 2435 scimus;
739 2369 816 2424 illi
842 2368 1150 2439 proﬁciunt,
1178 2383 1279 2423 nos
1314 2368 1689 2433 humiliamur;
1737 2368 1812 2422 illi
1856 2366 2067 2433 ﬂorent,

478 2467 535 2515 et
548 2474 649 2516 nos
677 2458 987 2514 arescimus.
1016 2456 1088 2511 Ut
1106 2472 1235 2512 vere
1263 2457 1318 2511 in
1347 2471 1446 2513 nos
1470 2456 1655 2512 veniat
1682 2455 1883 2510 dictum
1914 2455 2064 2522 illud,

480 2551 626 2621 quod
643 2550 712 2605 de
731 2548 859 2604 Saul
882 2556 938 2602 et
963 2547 1126 2602 David
1147 2547 1223 2601 ait
1248 2561 1427 2602 sermo
1455 2546 1666 2601 divinus
1695 2564 1708 2599 :
1735 2543 1870 2609 Quia
1898 2545 2070 2600 David

466 2649 590 2695 erat
616 2639 913 2711 proﬁciens,
941 2646 992 2691 et
1017 2654 1217 2708 semper
1255 2638 1423 2707 seipso
1452 2635 1709 2690 robustior
1728 2652 1746 2689 :
1768 2635 1946 2689 domus
1974 2650 2070 2688 au-

480 2740 579 2786 tem
608 2729 741 2786 Saul
787 2729 1084 2783 decrescens
1125 2727 1351 2799 quotidie
1379 2725 1459 2799 (li
1488 2725 1616 2798 Reg.
1658 2742 1735 2789 lli,
1772 2725 1791 2777 i
1822 2723 1862 2796 ).
1886 2723 2069 2779 Justus

468 2823 642 2886 enim,
675 2826 735 2876 ut
757 2821 1017 2891 propheta
1060 2820 1153 2899 ait‘
1177 2817 1350 2890 (Psal.
1400 2833 1582 2883 cxvm,
1616 2816 1760 2889 157),
1782 2808 1957 2886 justus
1980 2824 2069 2871 est

470 2912 755 2974 Dominus,
786 2918 843 2964 et
858 2917 1062 2965 rectum
1080 2908 1351 2983 judicium
1369 2922 1544 2962 suum.

549 3002 661 3059 Xll.
693 3001 1006 3057 iudicamur
1049 3000 1232 3070 itaque
1269 3001 1432 3055 etiam
1470 3006 1732 3070 praesente
1776 3000 1979 3069 judicio
2032 3013 2064 3054 a

2174 1819 2336 1873 etiam
2358 1833 2478 1873 cum
2496 1818 2853 1873 Barbarorum
2882 1820 3094 1876 auxiliis
3114 1835 3271 1890 pares
3291 1836 3412 1876 esse
3437 1838 3541 1877 non
3562 1823 3760 1892 posset

2248 1910 2399 1982 157
2441 1908 2577 1964 Xlli.
2614 1906 2911 1966 Potnerant
2934 1924 3072 1980 ergo
3103 1912 3212 1967 illic
3232 1912 3448 1980 degere,
3474 1924 3576 1968 nec
3600 1914 3760 1969 time-

2170 2000 2320 2055 bant.
2362 1999 2470 2055 Sed
2492 2000 2583 2054 illa
2609 2001 2797 2070 utique
2823 2001 3058 2056 otelestis
3077 2014 3270 2057 manus
3288 2015 3408 2072 quas
3436 2012 3533 2058 eos
3567 2003 3638 2058 ad
3662 2014 3760 2073 pu-

2171 2093 2365 2148 nienda
2394 2092 2755 2164 Hispanorum
2777 2092 2977 2164 ﬂagitia
3006 2094 3132 2149 illuc
3161 2102 3419 2161 traxerat,
3442 2095 3608 2150 etiam
3644 2106 3667 2134 ε
3696 2096 3760 2150 ad

2170 2185 2484 2239 vastandam
2513 2182 2747 2239 Africam
2772 2186 3001 2239 transire
3021 2183 3403 2253 cogebat._ipsi
3429 2184 3663 2254 denique
3680 2186 3761 2239 fs-

2168 2276 2424 2331 tebantur
2451 2292 2558 2331 non
2590 2291 2747 2332 suum
2781 2290 2901 2331 esse
2928 2276 3073 2345 quod
3109 2275 3381 2337 facerent,
3408 2277 3494 2345 agi
3533 2278 3680 2332 enim
3706 2293 3762 2333 se

2171 2367 2354 2423 divino
2378 2367 2531 2441 jussu
2579 2382 2643 2422 ac
2682 2367 2979 2437 perurgeri.
3031 2365 3112 2421 Ex
3164 2381 3274 2435 quo
3319 2368 3541 2436 intelligi
3586 2377 3761 2440 potest

2169 2467 2371 2528 quanta
2415 2458 2524 2513 sint
2568 2457 2710 2512 mala
2754 2464 2956 2523 nostra,
3010 2456 3079 2511 ad
3121 2474 3260 2528 quos
3288 2458 3574 2514 vastandos
3601 2468 3763 2532 atque

2168 2549 2486 2606 cruciandos
2510 2550 2590 2604 ire
2618 2548 2831 2603 barbari
2850 2549 3253 2618 compelluntur
3282 2550 3451 2614 inviti,
3469 2550 3763 2605 secundum

2168 2641 2299 2696 illud
2328 2641 2534 2697 scilicet
2568 2640 2714 2711 quod
2752 2647 2996 2695 vastator
3022 2649 3180 2694 term:
3204 2634 3514 2697 israeliticte
3538 2657 3638 2697 rex
3667 2638 3761 2697 As-

2168 2732 2433 2805 syriorum
2456 2731 2532 2785 ait
2562 2748 2575 2784 :
2606 2729 2860 2802 Nunquid
2877 2733 2993 2785 sine
3021 2730 3230 2786 Domini
3263 2733 3523 2787 uolsmtate
3550 2734 3762 2787 ascentli

2169 2822 2240 2877 ad
2268 2823 2436 2877 locum
2487 2823 2642 2876 istum
2670 2821 2696 2876 i
2729 2820 2983 2876 Dominus
3038 2822 3174 2876 dixit
3221 2822 3349 2877 mihi
3378 2839 3397 2876 :
3433 2822 3671 2876 Ascende
3696 2823 3763 2875 ad

2169 2922 2359 2970 terram
2412 2914 2566 2980 hanc,
2623 2922 2675 2967 et
2720 2913 2971 2968 demolire
2996 2930 3110 2968 eam
3140 2913 3274 2985 (Isa.
3325 2928 3505 2981 xxxvi,
3538 2914 3664 2985 i0).
3696 2913 3761 2967 Et

2167 3008 2297 3062 alibi
2340 3022 2494 3062 sacer
2540 3022 2717 3061 sermo
2750 3024 2763 3058 :
2807 3005 2938 3060 Hac
2964 3006 3090 3060 dicit
3126 3006 3379 3064 Dominus
3422 3009 3760 3072 exercituum,

472 3095 625 3161 Deo;
656 3093 779 3150 ideo
803 3092 1033 3148 excitata
1075 3099 1160 3148 est
1199 3092 1255 3146 in
1296 3091 1591 3162 perniciem
1617 3106 1682 3146 ac
1708 3090 1940 3145 dedecus
1967 3106 2065 3144 no-

2170 3097 2308 3154 Deus
2338 3098 2509 3157 Israel
2535 3114 2554 3153 :
2585 3097 2721 3151 Ecce
2745 3114 2838 3169 ego
2866 3100 3066 3153 mittam
3096 3108 3147 3152 et
3178 3115 3443 3153 assumam
3474 3089 3763 3155 Nabucho-

476 3194 647 3241 strum
674 3198 808 3255 gens
831 3199 951 3253 qua:
976 3183 1045 3238 de
1070 3184 1191 3239 loco
1236 3184 1289 3237 in
1314 3183 1497 3238 locum
1516 3196 1764 3253 pergens,
1788 3192 1813 3220 ι
1843 3182 1909 3237 de
1929 3182 2061 3237 urbe

479 3280 533 3334 in
561 3278 751 3335 urbem
779 3276 1065 3342 transiens,
1096 3276 1345 3331 universa
1374 3282 1628 3331 vastaret.
1670 3273 1747 3330 Ac
1774 3276 2003 3346 primum
2030 3290 2063 3329 a

477 3371 597 3426 solo
616 3370 792 3441 patrio
822 3369 991 3423 eliusa
1019 3368 1178 3424 estin
1201 3365 1542 3423 Germaniam
1564 3367 1812 3438 primam,
1845 3367 2064 3422 nomine

478 3462 785 3526 barbaram,
813 3459 1017 3515 ditioue
1063 3458 1397 3524 Romanam;
1437 3460 1593 3531 156
1616 3467 1739 3529 post
1766 3457 1918 3527 cujus
1947 3457 2064 3512 exi-

481 3552 614 3606 tium
658 3550 892 3621 primum
944 3548 1076 3604 arsit
1121 3549 1272 3618 regio
1320 3548 1631 3617 Belgarum,
1688 3546 1881 3603 deinde
1933 3562 2066 3617 opes

480 3645 868 3715 Aquitanorum
896 3643 1302 3717 luxuriandum,
1330 3648 1385 3695 et
1410 3648 1535 3710 post
1562 3641 1693 3704 haec,
1722 3655 1921 3709 corpus
1948 3654 2065 3694 om-

478 3739 625 3793 nium
648 3733 938 3791 Galliarum
972 3753 985 3787 :
1017 3733 1112 3789 sed
1140 3732 1400 3805 paulatim
1428 3731 1482 3786 id
1529 3733 1702 3801 ipsum
1743 3738 1957 3795 tamen;
2005 3736 2065 3784 ut

478 3825 604 3880 dum
631 3835 758 3895 pars
779 3823 931 3879 clade
958 3822 1199 3888 ceditur,
1230 3835 1356 3891 pars
1376 3820 1633 3889 exemplo
1662 3819 2060 3875 emendaretur.

478 3915 585 3972 Sed
613 3915 704 3970 ubi
741 3913 881 3984 apud
920 3928 1020 3968 nos
1048 3912 1372 3974 emendatio,
1403 3920 1496 3966 aut
1527 3926 1646 3982 qua:
1673 3926 1798 3982 pars
1838 3911 2065 3967 Romani

480 4007 647 4073 orbis,
663 4007 909 4076 quamvis
922 3999 1115 4060 afﬂicta
1124 4047 1136 4069 ,
1158 4005 1477 4073 corrigitur?
1489 4004 1685 4059 Omnes
1700 4005 1853 4071 enim,
1870 4013 1931 4058 ut
1943 4003 2068 4073 legi-

481 4112 619 4165 mus,
644 4098 1046 4165 declinaverunt,
1070 4098 1220 4153 simul
1238 4099 1444 4153 inutiles
1465 4100 1589 4172 facti
1609 4108 1729 4153 sunt
1755 4098 1924 4169 (Psal.
1949 4115 2062 4164 xm,

479 4191 556 4260 3).
580 4188 649 4243 Et
660 4188 782 4244 ideo
801 4188 1061 4259 propheta
1082 4187 1150 4243 ad
1171 4188 1454 4243 Dominum
1472 4185 1669 4244 clamat
1684 4195 1739 4242 et
1752 4188 1883 4244 dicit
1902 4206 1915 4241 :
1935 4187 2066 4242 Per-

479 4280 682 4335 cussisti
709 4294 824 4343 eos,
848 4288 898 4333 et
926 4295 1029 4333 non
1063 4278 1366 4344 doluerunt;
1397 4278 1638 4334 attﬁvisti
1665 4295 1772 4346 eos,
1803 4288 1853 4334 et
1881 4294 2065 4334 renue-

479 4381 599 4427 runt
624 4372 855 4444 accipere
898 4372 1244 4443 disciplinam.
1277 4371 1306 4410 ιν
1337 4371 1715 4426 lnduraeerunt
1743 4373 1907 4445 facies
1942 4385 2064 4425 suas

2163 3191 2389 3246 donosor
2428 3207 2595 3262 regem
2639 3186 2921 3262 Babylonis
2949 3207 3148 3245 servum
3180 3207 3347 3245 meum
3388 3190 3600 3261 (Jerem.
3634 3207 3759 3256 xxv,

2164 3283 2255 3352 9),
2301 3282 2604 3352 veniensque
2626 3282 2873 3352 percutiet
2898 3288 3087 3334 terram
3107 3280 3329 3352 Αἰαίη)ιὶ
3352 3280 3570 3351 (Jerem.
3613 3294 3761 3346 xun,

2167 3371 2227 3425 ii
2251 3371 2290 3442 ).
2337 3368 2490 3427 Unde
2526 3381 2822 3441 agnoscere
2857 3384 3139 3441 possumus
3158 3378 3355 3425 cuncta
3394 3370 3615 3439 quidem
3644 3384 3762 3439 quae

2168 3454 2493 3533 adﬁguntur,
2517 3461 2721 3533 judicio
2747 3461 2842 3517 Dei
2871 3461 3106 3532 percuti;
3154 3459 3252 3516 sed
3295 3468 3494 3524 tamen,
3518 3468 3578 3515 ut
3619 3476 3762 3530 sepe

2162 3555 2488 3621 memoravi,
2513 3561 2737 3626 propter
2752 3558 2973 3624 peccata
2994 3551 3250 3607 subverti.
3270 3551 3348 3606 Ac
3365 3565 3465 3622 per
3481 3550 3585 3607 hoc
3602 3550 3761 3620 quid-

2164 3647 2292 3715 quid
2321 3654 2499 3701 actum
2527 3653 2628 3710 est,
2653 3645 2905 3716 peccatis,
2938 3658 3044 3700 non
3068 3643 3182 3699 Deo
3200 3641 3602 3706 ascribendum;
3632 3642 3760 3711 quia

2163 3747 2313 3796 recte
2352 3740 2431 3795 illi
2464 3740 2542 3794 rei
2572 3737 2767 3794 iactum
2797 3737 3098 3803 ascribitur,
3141 3732 3315 3805 quasd
3339 3742 3399 3789 ut
3425 3734 3552 3803 quid
3602 3732 3760 3788 ﬂeret

2164 3828 2361 3897 exegit.
2392 3827 2527 3882 Nam
2549 3834 2603 3881 et
2626 3824 2914 3892 homicida,
2952 3840 3074 3881 cum
3098 3840 3130 3879 a
3147 3824 3326 3894 judice
3353 3823 3636 3889 occiditur,
3659 3836 3761 3879 suo

2164 3918 2368 3975 scelere
2394 3917 2652 3989 punitur;
2682 3924 2739 3971 et
2764 3916 2903 3971 latro
2931 3922 3023 3970 aut
3040 3915 3352 3983 sacrilegus,
3385 3928 3503 3969 cum
3526 3910 3761 3967 ﬂammis

2165 4006 2427 4071 exuritur,
2458 4006 2570 4062 suis
2601 4006 2917 4061 criminibus
2937 4012 3331 4060 concrematur.
3357 4002 3510 4057 Unde
3533 4009 3587 4057 et
3608 4002 3759 4072 quod

2167 4098 2413 4153 Wandali
2438 4097 2505 4151 ad
2529 4095 2759 4151 Africam
2780 4095 3127 4160 transierunt,
3153 4108 3260 4150 non
3281 4101 3366 4149 est
3391 4089 3583 4148 divinae
3603 4106 3760 4147 seve-

2164 4190 2332 4250 ritati.
2363 4188 2457 4243 sed
2482 4187 2729 4241 Afrorum
2759 4184 2951 4241 sceleri
2989 4184 3373 4255 deputandum.
3418 4182 3580 4238 Gravi
3610 4183 3755 4237 enim

2162 4295 2278 4345 eos,
2320 4288 2608 4347 antequam
2653 4277 2779 4335 illuc
2815 4282 3119 4348 perderent,
3170 4290 3234 4330 ac
3277 4276 3436 4345 longa
3472 4273 3759 4343 iniquitate

2164 4376 2462 4425 traxerunt.
2486 4367 2556 4422 Et
2599 4366 2721 4423 ideo
2749 4366 3047 4435 intelligere
3090 4364 3349 4421 debemus
3385 4365 3511 4435 quia
3540 4363 3759 4434 pietatis

478 4479 630 4536 super
656 4472 872 4536 petram,
895 4472 944 4518 et
970 4466 1242 4518 noluerunt
1271 4465 1451 4517 reverti
1479 4462 1757 4533 (Jerem.v,
1791 4464 1866 4533 3).
1894 4462 2063 4529 Quam
2094 4468 2142 4529 Ι)
2165 4462 2359 4517 divina:
2381 4460 2502 4527 fuit,
2528 4459 2672 4530 quod
2705 4469 2729 4497 ⁸
2759 4473 2975 4529 penam
3000 4459 3092 4514 diu
3112 4459 3345 4515 debitam
3375 4458 3610 4524 distulit;
3642 4457 3759 4528 pia-

479 4570 607 4612 vere
626 4562 806 4610 autem
836 4555 995 4608 etiam
1017 4555 1121 4609 hoc
1145 4554 1194 4607 in
1222 4569 1320 4609 nos
1339 4554 1513 4619 cadat,
1543 4568 1631 4609 res
1678 4554 1789 4624 ipsa
1838 4555 2055 4610 indicat.

478 4644 699 4702 Vastata
746 4656 828 4702 est
855 4647 944 4701 diu
973 4644 1163 4701 Gallia.
1215 4644 1356 4714 Ergo
1387 4647 1679 4701 emendata
1709 4654 1810 4711 est,
1841 4661 1963 4702 cum
2004 4647 2059 4702 in

480 4736 657 4791 vicino
697 4745 856 4800 esset,
906 4735 1177 4806 Hispania.
1224 4735 1334 4791 Nec
1366 4734 1655 4798 immerito,
1705 4736 1831 4805 quia
1882 4737 2060 4792 nullus

480 4838 596 4885 erat
637 4830 857 4883 omnino
891 4830 1093 4884 timor:
1132 4829 1275 4882 nulla
1315 4828 1598 4893 correctio,
1656 4826 1883 4883 ﬂammis
1935 4829 2059 4898 qui-

479 4919 581 4974 bus
634 4926 879 4975 arserant
927 4916 1086 4982 Galii,
1140 4917 1364 4987 llispani
1411 4916 1601 4973 ardere
1647 4910 1944 4989 coeperunt.
1994 4917 2054 4972 in

477 5024 587 5079 quo
616 5007 744 5063 illud
773 5016 871 5074 est,
905 5016 964 5062 ut
989 5012 1146 5076 supra
1171 5007 1312 5074 dixi,
1341 5008 1810 5063 sceleratissimum
1841 5012 1896 5062 et
1935 5018 2057 5076 gra-

2163 4552 2405 4607 culorum
2425 4558 2605 4606 autem
2626 4559 2680 4605 et
2708 4551 3009 4617 criminum,
3026 4552 3172 4620 quod
3191 4551 3479 4621 aliquando
3506 4557 3759 4621 peccator

2164 4644 2395 4715 populus
2415 4656 2534 4713 quae
2558 4642 2866 4697 merebatur
2890 4643 3123 4714 excepit.
3152 4642 3265 4698 Nisi
3292 4642 3434 4698 forte
3470 4641 3628 4696 Atros
3654 4641 3760 4696 hoc

2166 4751 2275 4812 npn
2304 4734 2563 4790 meruisse
2594 4732 2883 4797 credimus,
2918 4749 3041 4789 cum
3068 4734 3252 4804 utique
3288 4732 3421 4788 nulli
3446 4731 3635 4801 magis.
3666 4740 3756 4788 ut-

2164 4835 2293 4898 pote
2315 4828 2370 4882 in
2398 4840 2535 4896 quos
2574 4825 2754 4881 omnia
2781 4824 2940 4880 simul
2962 4824 3366 4895 improhitatum
3384 4831 3549 4894 atque
3575 4822 3761 4889 ἱιῐιιιιι-⁷

2160 4918 2383 4973 ‘ritatum
2412 4928 2609 4985 genera
2636 4914 3016 4971 conﬂuxerint.
3066 4912 3262 4969 Castori
3308 4915 3453 4969 enim
3481 4912 3754 4968 homines.

2166 5007 2264 5081 etsi
2294 5005 2565 5062 nonnullis
2591 5006 2844 5061 vitiorum
2887 5002 3103 5074 ﬂagitiis
3144 5004 3301 5077 153
3339 5002 3560 5072 obligati
3600 5012 3753 5060 sunt.

1653 5138 1986 5200 STEPllANi
2024 5144 2295 5202 BALUZli
2332 5143 2563 5210 NOTIE,

558 5283 584 5310 ⁸
606 5274 685 5329 ita
713 5266 891 5345 codex
908 5270 1266 5345 Corheiensis.
1306 5266 1420 5345 Pro
1446 5286 1553 5345 quo
1582 5276 1846 5334 editiones
1869 5293 2055 5336 omnes

481 5345 683 5416 habent
712 5342 774 5396 de
810 5344 934 5416 orae
978 5346 1046 5416 in;
1070 5343 1260 5416 orbem.
1305 5342 1503 5416 Eadem
1558 5360 1720 5416 porro
1748 5350 2053 5404 emendatio

480 5414 714 5470 adhibita
742 5422 823 5468 est
852 5413 1004 5469 alteri
1034 5414 1160 5489 loco
1183 5415 1235 5467 in
1260 5415 1449 5489 pagina
1476 5413 1742 5488 sequenti.
1776 5416 1907 5475 Vide
1934 5435 2052 5489 qua:

478 5500 638 5594 supra
665 5490 919 5539 adnotata
946 5494 1070 5538 sunt
1097 5483 1163 5537 ad
1198 5497 1317 5553 pag.
1336 5483 1460 5539 142.

596 5554 775 5594 {Indum
798 5552 1012 5594 (lnIhm-l
1049 5593 1054 5594 ,
1085 5555 1458 5594 int-linamenta!

594 5554 780 5679 Sed?
798 5552 1061 5621 Uolbcrt.,
1085 5552 1477 5610 inclinaverunt.
1501 5554 1609 5611 Sed
1627 5556 1741 5613 hzec
1761 5558 1922 5614 lectio
1942 5573 2052 5614 non

632 5640 694 5676 on
735 5663 750 5675 .

480 5632 563 5677 est
594 5632 750 5677 bona.

549 5701 575 5734 ⁸
605 5694 682 5749 De
710 5692 984 5749 Wandalis
1010 5694 1411 5763 intelligendum
1440 5695 1493 5751 id
1518 5705 1618 5751 est.
1650 5695 1787 5753 Vide
1804 5697 2053 5754 eumdem

2157 5276 2450 5357 Valesium,
2479 5292 2603 5357 pag.
2638 5276 2760 5357 190.

2228 5351 2252 5386 α
2292 5348 2433 5422 infra
2472 5348 2627 5418 e'pist.
2663 5348 2716 5417 9,
2758 5364 2881 5422 pag.
2924 5350 3032 5422 295
3063 5370 3075 5405 :
3121 5351 3256 5416 Quia
3293 5358 3430 5405 recte
3467 5352 3576 5421 ipse
3617 5348 3753 5407 scri-

2156 5421 2318 5493 psisse
2346 5414 2644 5493 diciturper
2832 5414 3036 5493 'factmn
3063 5414 3568 5493 esfutiscriberetur.

2230 5499 2254 5528 ε
2284 5487 2488 5544 Seneca
2528 5486 2582 5543 in
2618 5486 2934 5557 prmfhtione
2972 5492 3093 5545 libri
3125 5490 3320 5547 decimi
3349 5486 3755 5545 controversia-

2154 5575 2311 5634 rum:
2345 5558 2576 5634 Suntdii
2607 5560 2923 5634 immortales
2964 5561 3086 5616 lenti
3125 5562 3350 5634 quidem,
3384 5562 3474 5615 sed
3501 5568 3624 5634 gert:
3645 5558 3767 5609 rin-

2154 5630 2293 5751 gigas
2308 5630 2522 5751 ﬁgens
2550 5629 2783 5684 humani.
2827 5630 2960 5686 Vide
2990 5628 3149 5687 notas
3177 5630 3245 5685 ad
3276 5629 3480 5701 Lupum
3511 5628 3752 5692 Ferrem,

2154 5713 2275 5768 pag.
2308 5713 2433 5753 uo.
