4006 6182
317 280 408 339 Ml

1410 277 1498 338 DE
1533 277 2065 339 GUBERNATIONE
2103 276 2216 335 υει
2252 277 2380 335 LIB.
2424 277 2533 336 VII.

3475 273 3584 330 ιιι

315 395 628 471 quibusdam
659 404 838 452 tamen
866 410 973 453 non
996 391 1370 465 implicantur;
1398 394 1499 450 etsi
1523 393 1776 449 violentia
1793 409 1900 448 non
1931 402 1972 452 Α
2007 391 2196 462 inquit,
2226 391 2313 462 qui
2342 400 2392 443 te
2419 397 2666 446 noverunt
2693 389 2827 442 inter
2858 388 3111 453 nationes,
3144 386 3584 445 contristabuntur

312 497 513 553 carent,
537 486 918 543 malevolentia
945 493 1150 550 carent;
1173 485 1272 541 etsi
1300 484 1518 541 libidine
1534 493 1780 551 aestuant,
1812 498 1897 538 ra-

313 582 545 652 pacitate
585 594 694 634 non
736 579 999 642 saeviunt;
1031 576 1226 632 multos
1264 576 1494 645 denique
1535 576 1636 631 etsi
1682 582 1899 632 accusat

312 670 702 727 incontinentis
731 684 1040 741 corporum,
1070 669 1384 739 simplicitas
1417 667 1759 725 commendat
1781 668 1898 725 ani-

314 777 544 816 morum.
578 760 638 815 ln
668 759 808 815 Afris
833 775 961 815 vero
999 773 1136 829 pene
1158 758 1407 814 omnibus
1438 760 1568 814 nihil
1596 759 1788 814 horum
1816 764 1899 813 est

311 852 456 922 quod
479 852 547 905 ad
579 860 867 920 utrumque
887 852 1170 919 pertineat,
1203 850 1254 904 id
1286 858 1398 915 est,
1429 850 1627 905 bonum
1656 865 1807 922 asque
1835 864 1902 904 ac

309 942 533 1003 malum,
560 942 687 1012 quia
726 950 899 997 totum
926 941 1212 997 admodum
1251 940 1469 996 malum.
1498 940 1646 997 Adeo
1681 941 1898 997 exclusa

309 1042 520 1088 natur-se
548 1033 829 1101 originalis
847 1032 1174 1097 sinceritate,
1201 1032 1362 1087 aliam
1400 1033 1635 1102 quodam
1662 1032 1823 1087 modo
1842 1033 1899 1088 in

309 1124 396 1179 bis
434 1133 688 1179 naturam
711 1125 838 1179 vitia
865 1123 1120 1179 fecerunt.

386 1213 523 1269 XIV.
567 1215 824 1284 Exceptis
869 1216 1012 1269 enim
1062 1213 1397 1283 paucissimis
1430 1214 1526 1268 Dei
1563 1213 1748 1277 servis,
1772 1213 1900 1285 quid

309 1307 414 1361 fuit
453 1314 629 1359 totum
673 1305 865 1359 Africae
913 1306 1239 1360 territorium
1279 1319 1439 1373 quam
1478 1306 1670 1360 domus
1693 1319 1798 1358 una
1822 1304 1900 1358 vi-

309 1398 507 1451 tiorum
533 1410 690 1451 mneo
717 1396 790 1449 illi
817 1395 1003 1450 similis
1024 1394 1092 1449 de
1119 1410 1228 1465 quo
1257 1394 1521 1465 propheta
1550 1393 1679 1449 dicit
1706 1411 1718 1446 :
1754 1392 1798 1446 Ο
1825 1395 1898 1448 ci-

306 1490 440 1542 uitas
453 1487 800 1557 sanguinalis!
818 1497 841 1523 ⁸
864 1484 1095 1540 Δΐηειιιη
1121 1487 1176 1539 in
1201 1502 1300 1555 quo
1319 1494 1396 1539 est
1423 1500 1617 1555 mago,
1641 1501 1745 1538 non
1765 1485 1900 1540 exiet

303 1581 376 1634 de
399 1598 475 1644 eo,
507 1582 631 1651 quia
654 1580 867 1649 sanguis
905 1595 1007 1632 non
1035 1579 1173 1632 exist
1201 1578 1264 1631 de
1284 1595 1343 1630 eo
1372 1575 1598 1643 (Eseelt.
1622 1592 1767 1641 xxw,
1802 1574 1890 1644 6).

298 1669 618 1734 Civitatem,
648 1680 708 1724 ut
724 1669 980 1733 videmus,
1021 1684 1174 1724 mneo
1203 1675 1257 1722 et
1288 1667 1619 1737 iniquitatem
1648 1666 1895 1735 sanguini

1996 499 2149 552 super
2174 492 2221 536 te
2250 479 2438 551 (Ibid,
2473 478 2910 553 i9).Con\'enire
2932 478 3036 533 illis
3051 480 3152 534 hoc
3182 494 3289 534 non
3310 487 3577 548 putemus,

1996 572 2041 625 si
2064 588 2172 627 non
2194 572 2403 628 eversio
2425 570 2657 626 Africani
2681 570 2782 626 soli
2802 570 2977 626 luctus
2998 578 3081 624 est
3101 570 3311 638 generis
3338 569 3575 625 humani.

1998 662 2251 729 Perditio,
2286 663 2475 733 inquit,
2501 665 2668 735 {actus
2691 680 2766 728 es,
2791 672 2840 717 et
2858 679 2962 717 non
2983 664 3085 717 eris
3112 652 3335 733 amplius
3349 664 3404 717 in
3431 672 3583 717 ater-

1998 769 2121 807 num
2151 752 2363 824 (Ibid).
2396 754 2452 807 In
2479 753 2836 824 perditionem
2863 753 2975 811 illic
2993 753 3106 823 jam
3134 753 3361 808 deducta
3398 753 3579 808 omnia

1998 843 2129 898 satis
2152 851 2383 899 constat.
2416 842 2675 913 Superest
2705 858 2771 897 ne
2797 843 3061 897 malorum
3090 844 3432 913 praesentium
3459 858 3578 915 pte-

1999 949 2097 991 nas
2126 935 2288 989 etiam
2317 943 2645 990 aeternorum
2673 934 3006 991 continuatio
3036 942 3415 1006 consequatur.

2068 1022 2183 1080 XV.
2214 1025 2332 1081 Non
2359 1026 2595 1095 patiatur
2614 1027 2717 1081 hoc
2737 1034 2914 1081 autem
2935 1041 3035 1096 pro
3063 1025 3261 1082 ati‘ectu
3280 1042 3390 1082 suae
3418 1027 3580 1082 mise-

1997 1114 2244 1171 ricordiae
2272 1116 2432 1172 Deus.
2464 1116 2596 1172 Nam
2616 1125 2876 1187 quantum
2905 1117 2973 1171 ad
2996 1119 3246 1172 meritum
3275 1127 3582 1174 nostrorum

1999 1206 2280 1262 criminum
2325 1209 2592 1278 pertinet,
2644 1210 2717 1264 ita
2764 1225 2823 1265 se
2869 1225 2956 1265 res
2981 1209 3173 1277 habet,
3201 1218 3261 1269 ut
3284 1212 3393 1281 pati
3422 1224 3581 1283 posse

1998 1297 2264 1353 videatur.
2297 1298 2434 1366 Quid
2462 1300 2603 1355 enim
2630 1301 2963 1372 piaculorum
2993 1309 3077 1357 est
3099 1318 3204 1358 non
3234 1303 3339 1359 illic
3366 1319 3581 1374 semper

2000 1388 2324 1448 admissum?
2351 1391 2460 1447 Nec
2487 1391 2554 1448 de
2582 1393 2830 1449 omnibus
2876 1393 3026 1460 dico;
3070 1394 3195 1464 quia
3238 1402 3290 1449 et
3338 1396 3579 1451 enormia

2000 1480 2110 1537 fere
2139 1490 2281 1547 sunt,
2312 1490 2367 1538 et
2386 1484 2509 1539 sciri
2536 1499 2599 1539 ac
2626 1484 2728 1540 dici
2751 1492 2897 1540 tanta
2921 1501 3029 1541 non
3057 1494 3302 1556 possunt.
3332 1488 3483 1559 160
3503 1488 3580 1544 De

2000 1572 2113 1626 sola
2144 1571 2226 1626 vel
2256 1573 2488 1629 maxime
2509 1574 2845 1630 obscenitate
2881 1575 3246 1645 impuritatum
3286 1576 3493 1645 loquor,
3525 1587 3581 1633 et
3662 1573 3669 1579 ’

1998 1660 2141 1731 quod
2171 1670 2252 1716 est
2278 1662 2511 1731 gravius,
2542 1664 2961 1733 sacrilegiorum.
2992 1665 3347 1725 Prmtermitto
3385 1667 3439 1723 in
3478 1668 3581 1721 ali-

297 1762 646 1831 comparavit
670 1779 695 1813 :‘
711 1769 767 1814 ut
795 1760 1152 1827 intelligamus
1197 1759 1401 1814 scilicet
1429 1758 1507 1814 sic
1532 1773 1651 1813 esse
1689 1758 1741 1812 in
1765 1758 1896 1812 civi-
1930 1757 1975 1818 B
1999 1767 2107 1821 Quo
2134 1753 2336 1808 rabiem
2359 1756 2687 1825 cupiditatis,
2710 1757 2897 1812 vitium
2920 1758 3087 1815 totius
3108 1759 3317 1827 generis
3336 1758 3576 1815 humani.

300 1859 419 1907 tate
448 1851 637 1920 populi
660 1850 998 1920 iniquitatem
1026 1850 1165 1904 sicut
1186 1849 1238 1902 in
1258 1864 1410 1903 mneo
1438 1848 1751 1917 sanguinem
1782 1848 1899 1903 bul-

298 1940 548 1994 lientem.
582 1940 700 1994 Non
727 1939 987 2009 dissimile
1014 1947 1195 1992 autem
1223 1947 1306 1993 est
1330 1939 1452 1993 huic
1479 1939 1603 1993 illud
1637 1939 1899 1999 sermonis

295 2031 443 2085 sacri
479 2048 494 2082 :
526 2028 712 2083 Facta:
737 2039 855 2083 sunt
874 2029 1000 2083 milii
1022 2030 1200 2083 domus
1225 2027 1393 2083 Israel
1414 2029 1703 2082 commixtae
1723 2045 1897 2085 omnes

294 2132 611 2187 cremento,
638 2131 687 2175 et
706 2122 864 2193 (erro,
884 2130 935 2176 et
954 2130 1155 2191 stagno,
1168 2130 1217 2174 et
1230 2119 1453 2190 plumbo,
1475 2129 1525 2173 et
1545 2121 1598 2173 in
1618 2119 1783 2173 medio
1805 2136 1897 2172 ar-

292 2226 510 2287 gentum
538 2218 846 2285 permixtum
874 2226 968 2270 est.
1003 2215 1286 2286 Propterea
1321 2216 1403 2269 dic
1440 2214 1547 2268 lucc
1576 2230 1594 2269 :
1643 2213 1733 2271 Sic
1774 2215 1898 2269 dicit

297 2307 563 2361 Dominus
588 2306 728 2360 Deus
760 2324 777 2359 :
819 2305 922 2363 Pro
941 2322 1001 2360 eo
1021 2306 1158 2377 quod
1179 2307 1305 2376 facti
1344 2307 1464 2360 estis
1492 2322 1664 2361 omnes
1694 2307 1747 2359 in
1780 2323 1897 2375 perv

289 2397 611 2450 «ustionem
655 2412 832 2461 unam,
870 2396 1105 2463 conﬂabo
1132 2412 1218 2450 ros
1250 2404 1300 2448 et
1327 2393 1596 2465 insufﬂabo
1629 2396 1682 2448 in
1719 2410 1806 2449 vos
1841 2396 1896 2449 in

288 2490 422 2558 igne
450 2490 549 2541 im:
588 2486 812 2555 (Ezech.
864 2503 993 2553 uti,
1023 2486 1243 2558 18-21).
1279 2487 1637 2541 Dissimillima
1677 2487 1895 2548 interse

288 2590 501 2646 genera
531 2577 872 2634 metallorum
902 2593 1056 2633 sacer
1082 2592 1260 2632 sermo
1297 2577 1635 2632 memoravit.
1667 2574 1894 2647 thuo-

294 2667 471 2723 modo
503 2668 558 2721 in
588 2666 783 2722 eodem
827 2666 1143 2723 conﬂatorio
1190 2682 1278 2722 res
1304 2666 1529 2721 diveme
1558 2666 1895 2723 conflantur?

287 2755 518 2812 Scilicet
542 2758 671 2827 quia
714 2758 767 2813 in
814 2758 1214 2815 diversitatibus
1241 2759 1579 2813 metallorum
1620 2757 1894 2813 dissimili-

288 2849 432 2902 tudo
458 2848 742 2904 hominum
776 2848 1103 2916 designatur.
1130 2848 1196 2903 Et
1222 2849 1343 2904 ideo
1381 2849 1544 2904 etiam
1588 2858 1895 2918 argentum,

284 2938 349 2995 id
383 2946 483 3003 est,
515 2939 797 2994 nobilioris
835 2941 1076 2994 materiai
1113 2940 1408 3005 metallum,
1448 2939 1635 2995 iisdem
1682 2939 1893 3007 ignibus

285 3032 479 3095 datur,
511 3031 637 3098 quia
665 3039 870 3086 natura:
895 3030 1173 3087 nobilioris
1210 3031 1481 3099 ingenium
1509 3031 1619 3086 vita
1656 3030 1889 3100 degene-

2001 1842 2268 1899 Praztereo
2289 1846 2527 1901 avaritke
2551 1847 3014 1913 inbumanitatem,
3038 1850 3181 1918 quod
3202 1849 3475 1919 proprium
3498 1858 3579 1905 est

2001 1932 2366 1990 Romanorum
2429 1951 2568 2007 pene
2632 1939 2870 1993 omnium
2937 1940 3157 1994 malum.
3223 1940 3578 2012 Relinquatnr

1999 2024 2250 2091 ebrietas,
2282 2027 2551 2083 nobilibus
2579 2029 3005 2099 ignobilibusque
3033 2032 3348 2086 communis.
3374 2031 3576 2088 Tacea-

2000 2122 2088 2170 tur
2115 2117 2362 2186 superbia
2391 2126 2447 2171 et
2487 2127 2683 2173 tumor.
2729 2117 2858 2175 Tam
2902 2121 3172 2190 peculiare
3208 2121 3313 2178 hoc
3356 2121 3577 2177 divitum

1998 2219 2221 2274 regnum
2248 2214 2349 2271 est,
2374 2215 2431 2261 ut
2455 2208 2654 2279 aliquid
2694 2210 2917 2263 forsitan
2946 2209 3012 2263 de
3029 2210 3151 2279 jure
3177 2227 3275 2269 suo
3304 2227 3363 2266 se
3389 2219 3576 2281 puteit

1997 2296 2253 2365 perdere,
2284 2297 2329 2351 si
2357 2297 2484 2353 hinc
2522 2298 2624 2352 sibi
2661 2299 2795 2354 alius
2834 2300 3122 2369 quidquam
3153 2301 3380 2367 voluerit
3407 2303 3576 2357 vindi-

1993 2401 2139 2443 care.
2164 2387 2490 2445 Transeatur
2512 2389 2740 2459 denique
2764 2406 2931 2462 prope
2959 2406 3117 2447 omne
3139 2374 3403 2460 fraudum,
3436 2391 3577 2448 falsi-

1997 2485 2201 2547 tatum,
2232 2480 2591 2550 perinriorum
2632 2481 2800 2537 nefas.
2846 2482 2999 2539 Nulla
3038 2499 3272 2575 unquam
3301 2484 3384 2539 his
3422 2486 3577 2540 malis

1997 2568 2239 2625 Romana
2286 2571 2474 2626 civitas
2518 2573 2709 2629 caruit.
2758 2571 2870 2630 Etsi
2916 2568 3205 2645 specialius
3248 2576 3352 2631 hoc
3403 2576 3577 2633 scelus

1995 2660 2247 2717 Afrorum
2274 2664 2510 2718 omnium
2543 2661 2659 2720 fuit.
2692 2664 2823 2725 Nam
2851 2666 2991 2721 sicut
3038 2666 3089 2721 in
3131 2667 3397 2722 sentinam
3445 2685 3574 2739 pro-

1990 2750 2169 2808 fundae
2213 2754 2366 2809 navis
2410 2754 2760 2812 conluviones
2805 2756 3044 2815 omnium
3091 2757 3349 2823 sordium,
3397 2759 3475 2817 sic
3519 2760 3572 2815 in

1992 2859 2173 2902 mores
2200 2861 2392 2901 eorum
2419 2846 2572 2919 quasi
2612 2862 2679 2902 ex
2724 2849 2870 2903 omni
2898 2848 3097 2905 mundo
3126 2848 3252 2903 vitia
3282 2847 3569 2907 ﬂuxerunt.

1992 2935 2202 2995 Nullam
2230 2939 2374 2994 enim
2402 2938 2796 3009 improbitatem
2826 2942 2938 2997 scin
2963 2956 3079 3012 qua:
3100 2942 3207 2999 illic
3231 2958 3336 2997 non
3376 2942 3573 2998 redun-

1988 3027 2226 3096 daverit;
2255 3044 2379 3085 cum
2402 3029 2585 3100 utique
2605 3031 2766 3085 etiam
2788 3045 3011 3101 pagana:
3030 3046 3094 3086 ac
3116 3030 3239 3087 fera:
3267 3041 3454 3100 gentes
3475 3034 3574 3087 etsi

286 3132 459 3179 tante
483 3123 786 3178 damnatur.
821 3122 970 3179 Sicut
993 3124 1154 3178 etiam
1183 3123 1252 3179 de
1278 3123 1521 3193 principe
1549 3122 1674 3195 Tyri
1693 3124 1889 3179 dixisse
1915 3126 1962 3191 C
1991 3119 2225 3175 habeant
2263 3120 2570 3191 specialiter
2595 3121 2732 3175 mala
2761 3122 2976 3193 prepria
2994 3162 3009 3186 ,
3044 3138 3148 3178 non
3177 3122 3284 3179 sint
3315 3131 3490 3181 tamen
3523 3124 3572 3177 in

284 3214 525 3280 legimus
545 3212 829 3268 Dominum
846 3228 941 3282 per
954 3214 1272 3283 prophetam
1292 3231 1305 3265 ε
1330 3212 1438 3268 Fili
1459 3213 1697 3279 hominis,
1721 3216 1895 3285 accipe

282 3305 583 3357 (amentum
614 3319 769 3373 super
791 3304 1074 3373 principem
1103 3302 1245 3372 Tyri,
1275 3311 1327 3356 et
1361 3302 1447 3355 dic
1467 3302 1545 3357 illi
1569 3319 1586 3356 :
1616 3301 1747 3357 Hac
1769 3303 1895 3357 dicit

288 3392 558 3447 Dominus
588 3391 725 3446 Deus
753 3407 771 3445 :
805 3391 880 3445 Tu
908 3394 1232 3462 consignatio
1252 3392 1608 3446 similitudinis
1628 3400 1680 3445 et
1700 3408 1893 3446 corona

288 3485 504 3538 decoris
533 3486 589 3537 in
617 3484 817 3538 deliciis
845 3483 1077 3553 paradisi
1107 3484 1251 3553 fuisti
1277 3499 1294 3535 :
1333 3484 1489 3553 159
1526 3499 1726 3537 omnem
1752 3482 1893 3554 (api-

290 3576 419 3629 deus
444 3576 695 3643 optimum
720 3574 929 3629 indutus
949 3590 1024 3638 es,
1040 3574 1291 3637 sardium,
1313 3583 1362 3626 et
1384 3574 1657 3643 Iapazium,
1681 3580 1732 3627 et
1753 3590 1892 3641 sma-

288 3664 521 3735 ragdnns
552 3663 776 3733 (Exodi.
797 3675 986 3725 xxmt.
1008 3663 1168 3717 11-15
1188 3662 1228 3736 ).
1263 3663 1330 3719 Et
1376 3664 1569 3719 iterum
1601 3682 1613 3716 :
1642 3666 1891 3736 Argento,

288 3756 495 3826 inquit,
526 3764 577 3809 et
602 3772 730 3810 auro
758 3756 979 3827 implesti
1018 3755 1285 3811 thesauros
1322 3766 1474 3811 tuos:
1506 3774 1537 3811 a
1566 3758 1890 3813 multitudine

288 3847 663 3917 negotiationis
690 3845 917 3917 implesti
944 3850 1301 3917 promptuaria
1348 3857 1435 3900 tua
1463 3850 1481 3918 (
1508 3845 1668 3910 Ibid.,
1702 3846 1766 3912 4,
1798 3845 1882 3912 5).

292 3936 435 4003 Qum
455 3938 633 3991 omnia
662 3934 902 4007 nunquid
930 3953 1037 4004 non
1066 3938 1192 3992 talia
1216 3946 1357 4005 sunt,
1384 3946 1442 3993 ut
1481 3939 1791 4009 specialiter
1817 3940 1886 3995 de

294 4023 447 4079 Afris
481 4026 621 4081 dicta
664 4026 983 4087 videantur?
1011 4023 1113 4080 Ubi
1151 4025 1295 4083 enim
1348 4027 1584 4097 majores
1625 4029 1880 4093 thesauri,

294 4114 401 4169 ubi
416 4114 584 4184 maior
602 4117 915 4184 negotiatio,
933 4117 1023 4171 ubi
1046 4118 1407 4186 promptuaria
1436 4119 1704 4188 pleniora?
1720 4119 1879 4183 Auro,

292 4204 493 4276 inquit,
518 4206 741 4275 implesti
770 4207 1036 4262 thesauros
1066 4217 1178 4261 tuos
1222 4224 1255 4262 a
1281 4208 1606 4265 multitudine
1648 4209 1878 4278 negotia-

292 4296 456 4349 tionis
478 4304 593 4349 tum.
618 4295 732 4364 Ego
751 4297 872 4367 plus
890 4297 1047 4362 addo,
1072 4305 1179 4351 tam
1208 4297 1425 4353 divitem
1454 4299 1721 4369 quondam
1743 4299 1883 4353 Afri-

291 4400 421 4441 cam
441 4383 621 4451 fuisse,
654 4395 713 4440 ut
740 4386 871 4441 mihi
893 4387 1049 4456 cepis
1077 4388 1455 4455 negotiationis
1483 4403 1593 4442 sua:
1619 4404 1726 4443 non
1754 4403 1882 4443 suos

1997 3209 2080 3265 bis
2107 3211 2287 3265 omnia
2317 3212 2690 3266 exsecratione
2732 3211 2911 3282 digna.
2944 3211 3240 3269 Gothorum
3280 3226 3411 3281 gens
3448 3229 3572 3285 per—

1996 3299 2119 3363 fida,
2147 3300 2240 3355 sed
2268 3300 2463 3370 pudica
2484 3309 2599 3366 est;
2633 3302 2922 3358 Alanorum
2962 3302 3248 3372 impudica,
3280 3304 3374 3361 sed
3400 3304 3574 3359 minus

1993 3390 2226 3460 perfida;
2256 3390 2446 3446 Franci
2477 3394 2793 3461 mendaces,
2835 3396 2926 3450 sed
2974 3394 3293 3466 hospitales;
3332 3395 3572 3453 Saxones

1992 3479 2308 3535 crudelitate
2336 3476 2506 3546 efferi,
2530 3483 2620 3537 sed
2650 3484 2897 3539 castitate
2925 3486 3171 3540 mirandi.
3196 3484 3394 3541 Omnes
3421 3488 3570 3543 deni-

1989 3585 2096 3640 que
2121 3580 2310 3640 gentes
2336 3572 2554 3639 habent,
2585 3574 2724 3629 sicut
2767 3574 3056 3645 peculiaria
3101 3576 3260 3640 mala,
3308 3578 3378 3631 ita
3408 3578 3568 3631 etiam

1989 3663 2230 3733 quadam
2258 3664 2419 3719 bona.
2462 3664 2521 3720 in
2561 3663 2703 3721 Afris
2744 3680 2880 3736 pene
2926 3666 3176 3727 omnibus
3221 3668 3404 3723 nescio
3441 3668 3568 3738 quid
3630 3666 3649 3704 ³

1989 3769 2097 3809 non
2125 3754 2346 3810 malum.
2370 3755 2427 3812 Si
2455 3756 2752 3812 accusanda
2781 3766 2861 3812 est
2891 3755 3265 3821 inhumanitas,
3295 3758 3567 3841 inhu’mani

1986 3853 2139 3912 sunt;
2170 3847 2214 3901 si
2251 3848 2498 3913 ebrietas,
2542 3847 2775 3913 ebriosi;
2806 3848 2850 3904 si
2881 3848 3104 3914 falsitas,
3138 3849 3493 3917 fallacissimi;
3520 3852 3569 3908 ei

1987 3934 2171 4001 dolus,
2203 3935 2704 4003 fraudulentissimi;
2735 3938 2781 3993 si
2808 3939 3103 4009 cupiditas,
3134 3941 3489 4011 cupidissimi;
3522 3944 3566 3996 si

1986 4026 2226 4097 perfidia,
2250 4027 2605 4099 perﬁdissimi.
2632 4027 2921 4099 lmpuritas.
2936 4045 3122 4085 corum
3143 4040 3305 4100 atque
3325 4032 3567 4103 blasphe-

1986 4116 2093 4171 mia
2120 4116 2204 4171 his
2232 4118 2478 4172 omnibus
2499 4118 2840 4176 admiscenda
2865 4136 2972 4176 non
2991 4127 3117 4176 sunt
3142 4139 3154 4174 :
3178 4121 3302 4193 quia
3325 4122 3425 4176 illis
3444 4138 3563 4191 qua:

1984 4223 2146 4279 supra
2167 4208 2394 4264 diximus
2415 4209 2585 4274 malis,
2604 4210 2829 4267 aliorum
2849 4212 3085 4281 gentium
3106 4211 3259 4280 vitia;
3281 4211 3366 4267 bis
3385 4220 3562 4273 autem

1984 4300 2146 4355 etiam
2176 4314 2271 4357 sua
2301 4299 2413 4369 ipsa
2442 4300 2706 4354 vicerunt.

2056 4388 2191 4444 XV].
2225 4389 2301 4444 Ac
2341 4391 2570 4461 primum
2600 4398 2660 4445 ut
2686 4389 2755 4445 de
2802 4391 3107 4462 impuritate
3150 4392 3411 4461 dicamus,
3442 4398 3560 4468 quis

296 4481 526 4539 tantum,
558 4476 648 4531 sed
676 4478 838 4530 etiam
851 4478 1034 4532 mundi
1052 4479 1330 4533 thesauros
1344 4479 1587 4533 videatur
1612 4479 1879 4549 implesse.
1916 4495 1959 4552 ι)
1986 4480 2159 4536 nescit
2178 4479 2406 4535 Africam
2427 4488 2594 4535 totam
2615 4481 2862 4538 obscenis
2882 4482 3157 4538 libidinum
3181 4484 3329 4541 tedis
3348 4501 3560 4556 semper

294 4564 365 4619 Et
391 4565 519 4636 quid
557 4577 679 4637 post
704 4566 856 4622 hmo?
877 4565 1181 4622 Exaltatum
1210 4578 1303 4636 est,
1333 4570 1522 4639 inquit,
1546 4586 1635 4624 cor
1653 4579 1794 4623 tuum
1817 4571 1872 4626 in

292 4656 480 4715 decore
507 4668 590 4717 tuo
611 4675 630 4713 :
667 4668 876 4730 propter
899 4660 1273 4717 multitudinem
1299 4672 1624 4732 peccatorum
1671 4672 1874 4723 tuorum

291 4749 349 4801 in
398 4757 587 4803 terram
615 4758 663 4802 te
701 4750 894 4819 projeci
923 4748 1110 4821 (Mitt,
1143 4750 1262 4823 17).
1296 4751 1575 4820 Quomodo
1613 4753 1874 4809 Africana

294 4840 549 4910 potentiae
567 4848 622 4893 et
648 4840 753 4894 hoc
775 4841 1048 4911 competit,
1075 4850 1167 4905 aut
1190 4844 1460 4915 quomodo
1488 4843 1725 4915 projecta
1754 4858 1873 4899 esse

295 4926 505 4983 videtur
525 4928 578 4981 in
610 4928 846 4984 terram?
874 4928 1176 5000 Quomodo,
1208 4931 1307 4986 nisi
1333 4932 1457 5003 quia
1487 4931 1703 5003 quando
1733 4932 1869 4988 ami-

294 5015 360 5069 sit
382 5016 633 5085 potentim
659 5017 862 5073 veteris
886 5016 1220 5075 altitudinem
1235 5060 1250 5084 ,
1273 5018 1425 5089 quasi
1451 5019 1724 5077 emlestem
1745 5033 1870 5090 per-

296 5105 428 5160 didit
452 5105 804 5175 dignitatemi
831 5107 901 5161 Et
938 5108 1139 5174 ducam,
1170 5109 1360 5186 inquit,
1383 5111 1554 5182 ignem
1598 5110 1663 5165 de
1703 5111 1870 5167 medie

297 5202 368 5249 nu
390 5196 503 5255 :lzic
529 5207 577 5252 te
600 5196 866 5253 devotabit
908 5196 1108 5269 (ibid,
1143 5196 1262 5269 18).
1287 5198 1424 5268 Quid
1446 5201 1548 5257 hac
1576 5216 1634 5257 re
1665 5202 1868 5257 verius?

298 5284 369 5341 De
397 5287 569 5345 media
588 5290 792 5359 quippe
804 5305 988 5350 eorum
1017 5290 1295 5361 iniquitate
1326 5292 1461 5361 ignis
1489 5295 1692 5363 peccati
1716 5294 1864 5359 exiit,

295 5378 382 5447 qui
409 5376 717 5435 felicitatem
747 5382 941 5451 prioris
962 5383 1220 5452 temporis
1247 5384 1544 5438 devoravit.
1572 5384 1641 5439 Et
1672 5403 1865 5447 omnes,

1978 4570 2202 4635 arsisse,
2232 4584 2340 4625 non
2371 4577 2427 4623 ut
2454 4580 2650 4625 terram
2691 4586 2755 4626 ac
2781 4571 2961 4626 sedem
3008 4573 3318 4640 hominum,
3367 4576 3461 4630 sed
3502 4570 3561 4629 id

1982 4659 2237 4719 Etbnam
2258 4664 2405 4732 161
2423 4668 2577 4731 putes
2595 4661 2981 4732 impudicarum
3002 4662 3165 4720 fuisse
3185 4661 3551 4721 flammarum?

1977 4750 2113 4809 Nam
2159 4751 2297 4807 sicut
2336 4750 2537 4808 Ethna
2568 4753 2832 4814 intestinis
2859 4752 3176 4821 quibusdam
3207 4763 3415 4812 natura;
3443 4756 3548 4813 fer-

1976 4842 2151 4898 ventis
2177 4842 2487 4907 ardoribus,
2513 4842 2592 4899 sic
2632 4843 2719 4898 illa
2759 4843 3131 4899 abominandis
3161 4845 3361 4914 jugiter
3388 4848 3558 4903 forni-

1975 4934 2249 4995 cationum
2275 4932 2485 5003 ignibus
2504 4933 2766 4988 :estuavit.
2791 4933 2902 4990 Nec
2928 4935 3052 4990 volo
3081 4936 3135 4991 in
3163 4937 3264 4993 hac
3291 4953 3351 4997 re
3379 4954 3555 4995 asser-

1972 5022 2368 5085 tionibus'meis
2393 5024 2540 5081 credi
2565 5043 2577 5078 :
2610 5024 2974 5095 testimonium
3002 5029 3307 5099 requiratur
3342 5035 3556 5101 generis

1972 5116 2210 5171 humani.
2241 5115 2370 5183 Quis
2404 5130 2509 5170 non
2550 5132 2737 5172 omnes
2776 5119 2997 5175 omnino
3041 5118 3197 5176 Afros
3233 5120 3556 5191 generaliter

1971 5206 2105 5262 sciat
2135 5205 2448 5277 impudicos,
2475 5207 2576 5262 nisi
2599 5207 2663 5263 ad
2686 5208 2851 5264 Deum
2874 5208 3013 5266 forte
3030 5226 3339 5280 conversos,
3370 5212 3421 5267 id
3447 5223 3549 5272 est.

1979 5295 2080 5353 fide
2106 5313 2172 5351 ac
2197 5296 2453 5367 religione
2479 5300 2747 5354 mutatos?
2772 5298 2877 5354 Sed
2911 5301 3013 5357 hoc
3043 5310 3150 5357 tam
3172 5317 3351 5357 rarum
3382 5311 3462 5357 est
3491 5320 3552 5359 ac

1978 5402 2194 5443 novum.
2226 5402 2386 5453 quam
2412 5405 2588 5444 rarum
2617 5390 2781 5446 videri
2804 5402 2981 5461 potest
3000 5393 3292 5463 quemlibet
3313 5392 3338 5431 δ
3360 5392 3551 5450 Gaium

1422 5512 1433 5517 ιη
1451 5474 1786 5531 STEPHANI
1824 5477 2093 5533 “ALUle
2133 5474 2359 5533 NOTAE.
2390 5524 2397 5537 η

370 5569 396 5646 ἐ
430 5559 892 5646 ﬁne-scripserit
911 5568 1185 5646 Salvianus
1216 5570 1457 5625 alienum.
1493 5571 1646 5646 γυις.
1673 5571 1865 5646 Each.

295 5632 497 5753 ἔπτιέᾅὸ
530 5649 542 5684 :
585 5632 675 5688 Va:
698 5632 891 5690 civitati
911 5641 1232 5709 “inguinum,
1259 5656 1409 5699 ouis
1433 5657 1490 5694 cn
1488 5642 1576 5711 jus
1597 5632 1784 5713 rubigo
1813 5647 1885 5695 in‘

323 5716 354 5749 α
380 5717 404 5753 ε

2046 5572 2072 5610 ιι
2116 5572 2236 5646 limo
2272 5582 2354 5627 est
2382 5577 2601 5630 omnino
2630 5578 2894 5646 scriptura
2942 5578 3141 5634 codicis
3188 5577 3551 5641 Corbeicnsis.

1973 5642 2333 5717 Tertullianus
2356 5646 2407 5697 in
2432 5642 2801 5715 Apoloaetico,
2817 5663 2932 5717 cap.
2954 5647 3049 5700 48:
3076 5649 3280 5702 Atenim
3296 5646 3553 5717 Christia-

1973 5729 2089 5776 nus,
2114 5715 2156 5767 si
2188 5711 2251 5768 de
2302 5711 2501 5771 homine
2532 5718 2784 5773 hominem
2823 5711 3084 5791 ipsumque
3113 5717 3175 5771 de
3206 5718 3331 5775 Caio
3373 5715 3558 5779 Caium
