4036 6180
461 278 569 336 ΗΒ

1396 286 1450 343 S.
1491 280 1803 339 SALVIANI
1842 281 2298 339 MASSILIENSIS
2340 278 2767 339 PRESBYTERI

3622 284 3722 340 ut

466 418 571 457 nou
609 414 726 456 esse
753 397 973 465 Gaium,
1018 404 1107 452 aut
1162 413 1531 470 quemcunque
1560 400 1743 456 Seium
1789 416 1893 455 non
1936 414 2054 454 esse
2086 404 2127 459 Α
2159 399 2278 453 illos
2307 400 2587 468 unguentis
2615 400 2841 463 oblitos,
2874 406 3092 453 cunctos
3125 398 3271 453 vario
3298 399 3455 452 luxus
3485 412 3726 453 marcore

465 488 663 545 Seium.
709 488 841 543 Tam
868 486 1174 557 infrequens
1202 490 1345 544 enim
1383 497 1465 545 est
1493 490 1597 546 hoc
1623 497 1680 545 et
1705 490 2036 553 inusitatum,

466 577 925 648 impudicumnon
956 592 1075 632 esse
1103 576 1306 644 Afrum,
1338 594 1499 649 quam
1534 595 1731 635 novum
1756 588 1811 635 et
1837 578 2042 633 inaudi-

466 680 597 731 tum,
626 666 809 721 Afrum
837 683 943 722 non
966 683 1085 722 esse
1106 666 1312 723 ‘Afrum.
1341 669 1418 724 lta
1448 670 1590 725 enim
1612 670 1860 739 generale
1889 671 1940 724 in
1962 669 2042 724 eis

466 759 661 813 malum
684 759 1004 829 impuritatis
1025 768 1124 825 est,
1144 767 1202 814 ut
1228 761 1531 831 quicunque
1554 776 1621 817 ex
1645 762 1723 817 eis
1744 762 2041 833 impudicus

464 864 583 904 esse
610 848 858 914 desierit,
887 847 1013 903 Afer
1043 865 1150 904 non
1176 864 1293 904 esse
1320 849 1580 905 videatur.
1609 850 1718 905 Nec
1749 850 2044 905 discurram

467 954 561 1008 per
588 939 705 994 loca
733 938 958 1007 singula,
990 946 1082 993 aut
1106 948 1328 995 cunctas
1364 939 1647 995 discutiam
1675 940 1945 1005 civitates;
1979 954 2045 994 ne

467 1031 703 1087 studiose
722 1031 907 1086 videar
925 1046 1164 1101 quaerere
1185 1038 1345 1101 atque
1366 1031 1688 1100 investigare
1708 1047 1829 1101 quae
1849 1032 2039 1087 dicam.

468 1120 582 1177 Una
607 1129 835 1196 .tantum
879 1122 1247 1176 universarum
1299 1122 1408 1177 illic
1452 1122 1663 1181 urbium
1704 1122 1946 1192 principe
1991 1128 2047 1176 et

467 1213 619 1281 quasi
665 1220 837 1266 matre
882 1217 1165 1267 contentus
1210 1227 1359 1276 sum,
1408 1212 1499 1266 illa
1544 1212 1746 1268 scilicet
1791 1211 2047 1266 Romanis

469 1303 680 1357 arcibus
698 1316 911 1371 semper
928 1301 1138 1365 aemula,
1163 1303 1325 1357 armis
1345 1302 1612 1371 quondam
1633 1310 1687 1357 et
1710 1301 2042 1367 fortitudine,

470 1400 591 1461 post
610 1390 894 1460 splendore
914 1399 969 1446 et
986 1391 1261 1458 dignitate.
1285 1390 1663 1459 Carthaginem
1683 1392 1823 1456 dico,
1849 1399 1904 1445 et
1929 1391 2046 1445 urbi

470 1482 654 1536 Romae
675 1481 907 1535 maxime
926 1480 1306 1546 adversariam,
1326 1488 1380 1536 et
1400 1482 1452 1535 in
1477 1481 1725 1537 Africano
1745 1482 1874 1537 orbe
1894 1483 2049 1553 quasi

470 1570 698 1626 Romam
738 1588 750 1623 :
790 1584 909 1639 qum
933 1570 1063 1624 mihi
1093 1566 2047 1639 ideoinexemplumactestimonium

470 1662 583 1716 sola
629 1661 841 1727 suflicit,
888 1662 1013 1729 quia
1047 1661 1297 1715 universa
1342 1662 1555 1731 penitus
1595 1661 1787 1730 quibus
1830 1661 1885 1715 in
1931 1668 2047 1716 toto

2142 489 2411 558 perditos,
2455 489 2548 545 sed
2576 504 2715 560 pene
2752 504 2938 545 omnes
2978 505 3081 543 una
3121 503 3362 544 errorum
3391 496 3563 542 morte
3595 503 3718 556 pro-

2145 588 2379 646 stratos;
2428 595 2537 635 non
2582 595 2771 636 omnes
2797 579 3014 649 quidem
3061 578 3351 634 vinolentia
3381 576 3721 641 temulentos,

2146 671 2242 726 sed
2287 687 2474 727 omnes
2522 679 2699 727 tamen
2740 673 2975 742 peccatis
3002 671 3198 726 ebrios.
3242 670 3721 741 Populos‘putares

2148 776 2255 818 non
2300 762 2417 816 sani
2455 770 2643 828 status,
2679 777 2787 817 non
2815 763 2895 817 sui
2924 776 3131 825 sensus,
3175 778 3281 816 non
3310 761 3490 816 animo
3519 760 3723 816 incolu-

2147 869 2281 919 mes,
2312 868 2420 909 non
2446 852 2631 921 gradu,
2648 853 2799 922 quasi
2823 853 2875 906 in
2895 866 3097 906 morem
3115 860 3140 888 ι
3157 851 3475 905 baccharum
3495 848 3725 919 crapulm

2147 944 2460 999 catervatim
2500 942 2870 998 inservientes.
2902 940 3019 997 Jam
3067 957 3197 998 vero
3250 941 3380 996 illud
3426 938 3724 1009 cujusmodi

2147 1043 2241 1090 aut
2266 1049 2425 1107 quam
2452 1048 2632 1103 grave,
2654 1048 2852 1103 genere
2876 1033 3088 1104 quidem
3115 1033 3315 1104 dispar,
3330 1032 3423 1088 sed
3446 1033 3724 1102 iniquitate

2149 1140 2256 1181 non
2283 1123 2482 1192 dispar,
2529 1122 2634 1177 nisi
2680 1123 2785 1178 hoc
2810 1124 2989 1193 dispar
3018 1123 3156 1178 forte
3192 1123 3316 1192 quia
3358 1121 3567 1191 majus?
3595 1120 3727 1176 Pro-

2147 1212 2469 1284 scriptiones
2512 1212 2634 1268 dico
2662 1214 3046 1284 orphanorum,
3082 1213 3361 1268 viduarum
3390 1211 3724 1276 afllictiones,

2150 1315 2443 1373 pauperum
2459 1317 2664 1357 cruces:
2678 1303 2766 1371 qui
2786 1302 3190 1370 ingemiscentes
3203 1300 3441 1371 quotidie
3456 1300 3521 1356 ad
3534 1300 3722 1364 Deum,

2162 1411 2225 1451 ac
2242 1395 2399 1450 finem
2419 1395 2680 1450 malorum
2699 1394 3081 1464 imprecan'tes,
3105 1402 3159 1449 et
3177 1394 3319 1465 quod
3340 1394 3715 1462 gravissimum

2154 1492 2266 1550 est,
2293 1483 2557 1538 interdum
2580 1483 2631 1537 vi
2655 1482 2830 1537 nimia:
2853 1484 3219 1539 amaritudinis
3246 1485 3407 1539 etiam
3428 1483 3719 1539 adventum

2149 1575 2381 1631 hostium
2403 1574 2753 1644 postulantes,
2787 1574 3073 1644 aliquando
3094 1590 3123 1628 a
3142 1574 3253 1631 Deo
3283 1576 3723 1647 impetraverunt,

2153 1674 2214 1721 ut
2238 1667 2571 1722 eversionem
2597 1666 2808 1720 tandem
2834 1681 2865 1720 a
2888 1666 3128 1722 barbaris
3169 1668 3221 1723 in
3263 1683 3547 1725 commune
3574 1672 3726 1743 163

469 1750 669 1807 mundo
691 1751 970 1821 disciplina
993 1751 1070 1805 rei
1092 1751 1316 1821 publica:
1343 1751 1428 1805 vel
1455 1759 1772 1820 procuratur
1791 1751 1875 1805 vel
1904 1750 2046 1821 regi—

2153 1760 2464 1827 tolerarent,
2492 1776 2652 1830 quam
2690 1760 2790 1815 soli
2820 1775 2851 1815 a
2884 1759 3146 1815 Romanis
3181 1768 3306 1816 ante
3344 1761 3723 1819 toleraverant.

472 1852 575 1908 tur,
604 1844 657 1897 in
679 1858 737 1897 se
756 1842 959 1898 habuit.
983 1841 1094 1896 Illic
1114 1842 1255 1896 enim
1276 1842 1455 1896 omnia
1481 1839 1774 1896 officiorum
1806 1841 2046 1910 publico-

469 1950 590 1989 rum
617 1936 987 1999 instrumenta,
1016 1932 1124 1987 illic
1152 1933 1344 1986 artium
1372 1930 1670 1986 liberalium
1698 1932 1912 1996 scholae,
1944 1931 2050 1986 illic

469 2027 916 2107 philosophorum
944 2025 1203 2091 officinae,
1236 2032 1426 2080 cuncta
1456 2024 1686 2093 denique
1714 2024 1800 2079 vel
1841 2024 2048 2091 lingua-

476 2135 592 2173 rum
622 2120 897 2192 gymnasia
934 2118 1016 2173 vel
1044 2133 1252 2172 morum
1278 2135 1291 2169 :
1317 2117 1424 2171 illic
1452 2130 1666 2187 quoque
1693 2115 1855 2170 etiam
1884 2114 2050 2184 copiae

471 2210 752 2272 militares,
779 2216 833 2264 et
851 2216 1098 2278 regentes
1118 2206 1362 2262 militiam
1384 2213 1715 2276 potestates:
1744 2205 1853 2260 illic
1879 2206 2053 2259 honor

472 2299 869 2370 proconsularis
888 2317 899 2351 :
919 2298 1026 2354 illic
1044 2297 1386 2367 quotidianus
1399 2296 1565 2367 judex
1584 2304 1639 2351 et
1656 2302 1862 2362 rector;
1889 2311 2053 2365 quan-

474 2399 587 2446 tum
616 2391 683 2446 ad
714 2406 909 2446 nomen
956 2390 1171 2459 quidem
1200 2390 1519 2461 proconsul,
1561 2390 1655 2445 sed
1684 2397 1943 2459 quantum
1984 2390 2051 2446 ad

474 2483 768 2552 potentiam
790 2482 977 2537 consul
1002 2501 1014 2535 :
1039 2481 1147 2537 illic
1172 2482 1402 2550 denique
1429 2496 1617 2537 omnes
1637 2496 1815 2536 rerum
1836 2482 2051 2553 dispen-

475 2581 702 2636 satores,
726 2580 782 2627 et
807 2571 1111 2626 differentes
1131 2571 1271 2625 inter
1294 2585 1353 2626 se
1386 2571 1540 2641 162
1563 2578 1670 2624 tam
1697 2569 1866 2639 gradu
1891 2585 2051 2640 quam

474 2661 736 2718 vocabulo
753 2661 1057 2730 dignitates;
1080 2660 1337 2727 omnium,
1362 2667 1421 2714 ut
1440 2659 1512 2714 ita
1533 2655 1728 2723 dicam,
1751 2660 2050 2730 platearum

474 2763 529 2808 et
557 2752 911 2823 compitorum
948 2759 1357 2823 procuratores,
1408 2759 1599 2808 cuncta
1644 2751 1811 2807 ferme
1839 2758 1895 2807 et
1932 2751 2050 2807 loca

474 2844 621 2899 urbis
647 2852 702 2899 et
728 2843 967 2898 membra
1004 2843 1190 2914 populi
1217 2843 1595 2913 gubernantes.
1627 2841 1742 2898 Hac
1770 2857 1899 2912 ergo
1927 2850 2049 2896 tan-

476 2943 589 2988 tum
615 2934 854 2990 contenti
898 2948 1082 2989 sumus
1122 2933 1190 2987 ad
1237 2934 1539 3003 exemplum
1584 2949 1648 2989 ac
1686 2932 2048 2988 testimonium

473 3033 811 3092 ceterarum;
836 3032 895 3081 ut
921 3025 1276 3094 intelligamus
1296 3024 1499 3079 scilicet
1523 3025 1711 3095 quales
1733 3024 1835 3078 illae
1856 3023 2051 3078 fuerint

2224 1852 2383 1907 XVII.
2414 1852 2519 1907 Sed
2548 1861 2664 1906 esto
2690 1870 2701 1905 :
2733 1852 2849 1907 haec
2878 1853 3051 1907 omnia
3077 1853 3570 1921 przetermittantur,
3599 1856 3727 1924 quia

2149 1953 2205 2000 et
2232 1946 2284 1998 in
2314 1943 2459 1998 omni
2486 1941 2651 1996 ferme
2679 1953 2907 2011 aguntur
2926 1943 3056 1997 orbe
3086 1941 3350 2007 Romano,
3375 1951 3430 1997 et
3458 1945 3723 2015 spopondi

2149 2051 2235 2091 me
2262 2035 2328 2090 de
2348 2035 2431 2090 his
2456 2035 2611 2089 malis
2636 2035 2740 2090 hoc
2767 2034 2887 2089 loco
2914 2049 3083 2105 pauca
3114 2034 3395 2091 dicturum.
3427 2036 3564 2103 Quid
3593 2051 3725 2105 ergo

2147 2127 2481 2198 impudicitia
2522 2135 2683 2196 atque
2712 2126 2989 2196 impuritas
3015 2125 3083 2181 de
3110 2141 3215 2195 qua
3249 2126 3459 2196 loquor,
3490 2127 3727 2197 nunquid

2149 2237 2256 2277 non
2278 2220 2344 2274 ad
2363 2219 2696 2275 eversionem
2713 2217 2958 2272 Afrorum
2972 2218 3085 2273 sola
3101 2218 3416 2273 suffecerat?
3435 2217 3563 2286 Quae
3586 2220 3728 2276 enim

2148 2311 2250 2366 fuit
2276 2325 2401 2381 pars
2428 2310 2659 2364 civitatis
2684 2324 2789 2363 non
2817 2308 2975 2379 plena
3004 2307 3268 2374 sordibus,
3299 2323 3418 2378 quae
3458 2309 3594 2363 intra
3634 2324 3729 2363 ur-

2149 2402 2270 2458 bem
2285 2402 2461 2471 platea
2483 2409 2575 2454 aut
2593 2400 2782 2455 semita
2804 2414 2907 2453 non
2929 2398 3190 2468 lupanar?
3207 2398 3353 2453 Adeo
3373 2399 3551 2453 omnia
3584 2414 3729 2468 pene

2148 2492 2402 2562 compita,
2435 2505 2623 2545 omnes
2652 2489 2764 2543 vias
2793 2496 2886 2542 aut
2912 2488 3064 2558 quasi
3086 2488 3254 2542 fovete
3273 2487 3547 2542 libidinum
3569 2488 3729 2542 inter-

2151 2582 2409 2644 ciderant,
2434 2587 2527 2635 aut
2545 2580 2696 2649 quasi
2717 2579 2851 2634 retia
2873 2577 3265 2648 prmtexebant;
3292 2587 3349 2632 ut
3369 2578 3528 2633 etiam
3546 2579 3641 2647 qui
3663 2579 3728 2633 ab

2149 2672 2251 2727 hac
2268 2687 2327 2725 re
2346 2672 2557 2741 penitus
2578 2669 2945 2734 abhorrerent,
2970 2678 3148 2723 tamen
3177 2668 3347 2723 vitare
3374 2668 3461 2723 vix
3482 2677 3726 2739 possent.

2146 2762 2442 2817 Latronum
2469 2758 2861 2830 quodammodo
2899 2759 3150 2814 excubias
3176 2757 3386 2814 videres
3413 2774 3727 2814 commean-

2144 2853 2283 2908 tium
2311 2852 2575 2907 viatorum
2604 2850 2773 2920 spolia
2801 2856 3108 2919 captantes,
3138 2848 3232 2917 qui
3268 2847 3576 2903 insidiarum
3616 2847 3727 2902 fre-

2151 2944 2427 3014 quentium
2447 2942 2710 2998 densitate
2732 2942 2804 2995 ita
2826 2956 3014 2995 omnes
3034 2940 3315 2996 admodum
3337 2940 3519 3004 calles,
3542 2955 3728 2995 omnes

2153 3035 2425 3091 anfractus
2470 3049 2533 3089 ac
2578 3032 2890 3089 diverticula
2919 3032 3241 3101 sepsissent,
3270 3040 3331 3085 ut
3360 3031 3534 3086 nullus
3556 3031 3728 3086 ferme

472 3119 715 3174 civitates
737 3132 856 3186 qute
884 3118 1117 3173 minores
1143 3117 1446 3172 habuerunt
1475 3116 1625 3185 probi
1667 3115 1826 3171 officii
1855 3132 2046 3186 procu-
2074 3116 2120 3179 C
2154 3132 2260 3179 tam
2282 3132 2469 3179 cautus
2483 3129 2627 3177 esset
2643 3122 2733 3190 qui
2750 3137 2854 3198 non
2878 3121 2930 3174 in
2954 3121 3161 3189 aliquos
3182 3120 3488 3175 insidiarum
3510 3121 3730 3190 laqueos

473 3210 739 3274 rationes,
770 3224 892 3264 cum
915 3207 1207 3262 viderimus
1241 3207 1416 3275 qualis
1444 3207 1710 3261 exstiterit
1739 3206 1828 3260 ubi
1856 3204 2049 3260 summi

472 3313 686 3369 semper
727 3297 875 3355 fuere
903 3306 1158 3352 rectores.
1191 3296 1307 3363 Quo
1336 3296 1454 3353 loco
1486 3311 1651 3366 prope
1680 3304 1762 3351 est
1789 3306 1847 3351 ut
1874 3297 2048 3367 pinni-

472 3395 583 3441 teat
609 3401 695 3441 me
716 3387 1083 3457 promissionis
1103 3401 1251 3450 mete,
1286 3385 1337 3439 id
1366 3392 1464 3449 est,
1490 3386 1634 3454 quod
1662 3388 1905 3456 superius
1926 3402 2051 3456 spo-

471 3478 656 3548 pondi,
687 3479 892 3534 cunctis
912 3492 1080 3548 prope
1113 3476 1361 3532 Afrorum
1389 3477 1700 3533 criminibus
1728 3479 2051 3547 prmtermis-

470 3568 570 3633 sis,
602 3566 668 3622 de
697 3567 1089 3638 impuritatibus
1116 3567 1381 3636 praecipue
1410 3581 1472 3620 ac
1498 3566 1841 3636 blasphemiis
1862 3582 2048 3622 eorum

472 3674 591 3714 esse
617 3658 903 3713 dicturum.
935 3658 1103 3713 Video
1141 3658 1282 3711 enim
1311 3658 1461 3726 quasi
1490 3659 1868 3713 scaturientem
1909 3660 2050 3717 vitiis

471 3749 762 3813 civitatem,
803 3748 957 3803 video
1000 3749 1186 3801 urbem
1224 3748 1460 3801 omnium
1489 3748 1826 3817 iniquitatum
1855 3764 2052 3818 genere

472 3838 793 3902 ferventem,
819 3837 1032 3907 plenam
1061 3836 1275 3906 quidem
1305 3838 1494 3903 turbis,
1516 3839 1610 3895 sed
1634 3840 1801 3908 magis
1816 3842 2049 3911 turpitu-

473 3927 714 3993 dinibus;
745 3927 959 3997 plenam
996 3928 1213 3995 divitiis,
1238 3928 1332 3983 sed
1375 3930 1543 3998 magis
1584 3931 1753 3998 vitiis;
1777 3933 2052 3989 vincentes

464 4026 529 4074 'se
552 4019 776 4074 invicem
795 4019 1040 4073 homines
1061 4019 1295 4087 nequitia
1317 4020 1635 4089 ﬂagitiorum
1655 4037 1892 4089 suorum,
1917 4024 2052 4081 alios

470 4113 784 4183 rapacitate,
814 4114 947 4169 alios
967 4114 1275 4185 impuritate
1303 4123 1589 4181 certantes,
1622 4116 1757 4171 alios
1783 4116 1910 4171 vino
1932 4117 2050 4172 lan-

472 4204 660 4272 guidos
673 4242 687 4269 ,
710 4204 843 4260 alios
862 4204 1123 4261 cruditate
1144 4203 1405 4260 distentos
1418 4246 1431 4271 ,
1456 4205 1556 4261 bos
1573 4206 1732 4261 sertis
1751 4206 2045 4275 redimitos,

2154 3214 2470 3278 incurreret,
2502 3212 2661 3266 etiam
2692 3211 2783 3279 qui
2821 3226 2879 3264 se
2906 3210 2973 3265 de
2997 3210 3237 3280 plurimis
3258 3211 3577 3280 expedisset.
3630 3211 3731 3266 Fe-

2153 3304 2357 3369 tebant,
2386 3310 2444 3356 ut
2472 3302 2545 3355 ita
2585 3300 2830 3362 dixerim,
2861 3300 3036 3355 cuncti
3060 3299 3206 3353 urbis
3234 3300 3375 3354 illius
3402 3300 3545 3355 cives
3571 3315 3731 3356 emno

2153 3394 2414 3460 libidinis,
2463 3405 2712 3463 spurcum
2759 3392 2971 3446 sibimet
3000 3391 3130 3460 ipsis
3173 3400 3359 3445 mutuo
3388 3392 3730 3463 impudicitia:

2153 3485 2396 3540 nidorem
2424 3482 2743 3537 inhalantes.
2773 3480 2880 3535 Sed
2908 3480 3120 3535 horrori
3164 3481 3242 3535 eis
3278 3489 3462 3536 tamen
3509 3482 3729 3537 horrida

2154 3575 2256 3629 ista
2285 3590 2390 3629 non
2421 3581 2600 3635 erant,
2630 3557 2773 3641 'quia
2802 3571 2940 3625 idem
2989 3585 3177 3625 omnes
3214 3570 3409 3627 horror
3450 3571 3728 3628 infecerat.

2156 3663 2326 3719 Unam
2356 3663 2463 3719 illic
2507 3669 2665 3733 putes
2702 3660 2863 3715 fuisse
2892 3660 3169 3715 libidinum
3210 3660 3733 3733 fornicationumque

2151 3755 2435 3813 sentinam.
2468 3767 2680 3807 coenum
2706 3751 2858 3819 quasi
2888 3765 2954 3804 ex
2994 3750 3140 3805 omni
3179 3750 3477 3821 platearum
3506 3759 3562 3806 et
3581 3752 3730 3808 cloa-

2144 3859 2334 3901 carum
2364 3844 2486 3897 labe
2518 3842 2819 3897 collectum.
2845 3840 2913 3895 Et
2933 3856 3051 3909 quae
3076 3841 3185 3897 illic
3222 3857 3344 3911 spes
3371 3856 3490 3897 esse
3517 3852 3733 3913 poterat

2151 3936 2263 3998 ubi,
2279 3941 2475 4004 praeter
2494 3932 2545 3987 id
2564 3932 2707 4001 quod
2730 3933 2782 3985 in
2806 3931 3016 3985 Domini
3034 3932 3233 4001 templo
3256 3941 3391 3998 erat,
3410 3933 3540 3987 nihil
3558 3933 3730 3989 videri

2152 4026 2367 4096 penitus
2392 4022 2494 4077 nisi
2517 4021 2788 4076 sordidum
2823 4020 3052 4075 licebat?
3072 4018 3382 4090 Quanquam
3401 4023 3529 4092 quid
3549 4022 3727 4079 dicam

2145 4118 2207 4172 in
2237 4116 2330 4170 Dei
2359 4114 2592 4185 templo?
2620 4111 2735 4168 Hoc
2761 4112 2957 4183 quippe
2985 4120 3155 4167 totum
3188 4113 3256 4167 ad
3280 4113 3585 4169 sacerdotes
3614 4122 3732 4169 tan-

2148 4216 2268 4262 tum
2295 4213 2347 4259 et
2375 4206 2578 4260 clerum
2602 4204 2871 4274 pertinet:
2911 4216 3047 4271 quos
3093 4201 3121 4241 ι’
3163 4217 3270 4258 non
3307 4202 3554 4269 discutio,
3602 4204 3729 4273 quis

1640 4297 1981 4353 STEPHANI
2017 4297 2284 4356 BALUZII
2320 4295 2547 4352 NOTAE.

472 4390 705 4443 reducent
738 4389 1078 4460 repromittat,
1110 4389 1365 4460 lapidibus
1392 4388 1577 4460 magis,
1608 4403 1706 4460 nec
1734 4386 1915 4460 saltem
1943 4404 2047 4460 αε-
2076 4393 2126 4450 1)
2156 4456 2183 4460 ﬂ
2223 4387 2252 4425 ι’
2269 4386 2544 4460 Loquitur
2561 4383 2639 4460 de
2655 4383 3053 4460 sacerdotibus,
3068 4383 3119 4439 id
3147 4392 3229 4439 est
3253 4383 3537 4460 episcopis,
3565 4393 3621 4460 et
3641 4402 3729 4460 re—

469 4461 648 4520 stibus,
676 4475 714 4523 ⁶ιι
739 4457 1205 4529 ρᾴριιιᾳεπίθειιιὲ.
1237 4458 1303 4529 Et
1332 4459 1383 4512 in
1416 4457 1551 4529 libro
1577 4458 1752 4527 primo
1775 4457 1842 4510 ad
1872 4459 2046 4529 natio-

471 4544 588 4593 nes,
779 4528 813 4600 4
845 4545 857 4579 :
898 4527 1011 4600 Ego
1045 4526 1211 4600 miror
1238 4526 1419 4581 Caium
1448 4526 1624 4600 Seiani
1652 4543 1856 4600 gravem
1884 4528 2047 4600 eiram

470 4600 663 4667 factum
692 4594 1055 4651 Christiarntm.
1084 4597 1266 4665 Inepta
1296 4604 1582 4667 autemest
1608 4594 1709 4667 loci
1739 4597 1890 4650 istius
1930 4594 2049 4651 Sal-

470 4665 611 4722 viani
658 4668 817 4721 lectio
856 4683 1014 4722 uuam
1059 4667 1312 4721 exhibent
1358 4666 1622 4721 editiones
1661 4665 1959 4721 Brassicaui
1993 4674 2048 4721 et

470 4684 611 4722 viam
659 4683 817 4721 Iecuo
896 4683 1014 4720 nam
1059 4683 1312 4721 exntnent
1358 4683 1622 4721 emuones
1661 4683 1959 4721 brassicam
1993 4683 2046 4721 et

467 4736 742 4798 Galesinii,
795 4683 888 4790 ub?
912 4738 987 4791 sic
1011 4736 1202 4804 legitur
1232 4754 1244 4788 :
1276 4735 1383 4791 Sed
1420 4736 1515 4789 hac
1546 4745 1649 4789 tam
1673 4751 1851 4804 irarum
1879 4745 1956 4790 est
1984 4753 2046 4789 ac

470 4822 653 4860 novum
705 4822 858 4876 quam
886 4803 1081 4860 rarum,
1102 4807 1262 4860 videri
1291 4815 1453 4877 potest
1473 4803 1740 4877 quemlibet
1764 4821 2044 4876 ganeonem

468 4893 572 4930 non
601 4892 735 4947 esseA
749 4891 1048 4947 ganeonem,
1081 4885 1170 4930 aut
1211 4891 1555 4947 quemcunque
1580 4891 1769 4929 saevum
1797 4892 1900 4928 non
1934 4891 2045 4928 esse

468 4962 675 4999 simium.
699 4942 881 4999 codex
900 4942 1269 5000 Colbertinus:
1302 4942 1531 5000 Ganetim
1551 4961 1653 4998 non
1678 4960 1787 5015 esse
1802 4961 2041 5015 ganeum,

467 5024 557 5067 unt
596 5030 938 5086 quemcunque
978 5032 1147 5069 sevum
1201 5032 1304 5070 non
1349 5031 1459 5069 esse
1505 5030 1691 5086 sevum.
1730 5014 1931 5086 Mirum
1962 5021 2045 5068 est

468 5083 726 5151 quantum
776 5085 831 5139 in
856 5083 1287 5154 his_nominibus
1313 5085 1415 5140 sibi
1468 5083 1805 5154 permiserint
1832 5091 2045 5154 veteres

470 5149 689 5225 librarii.
739 5154 891 5225 Apud
938 5152 1187 5225 Optatum
1243 5157 1296 5209 in
1324 5149 1650 5209 libro—tertio
1679 5153 1873 5218 legitur
1905 5149 2044 5225 χερί

470 5222 677 5295 Seiaut
696 5222 823 5279 ϐαὶὰ
854 5222 1001 5295 Scia,
1028 5225 1470 5295 adhucApaganus
1498 5240 1549 5277 es
1589 5224 1947 5295 aut_pagana?
1978 5222 2043 5295 Et

470 5294 520 5364 in
545 5293 679 5364 libro
708 5304 859 5349 sexto
885 5313 897 5347 :
922 5291 1013 5348 ϐαι
1044 5294 1152 5357 Sei,
1190 5291 1501 5364 Citialseia,
1528 5291 1838 5364 quandiate
1866 5292 2041 5364 tenes?

474 5361 763 5433 Utrobique
809 5365 1067 5433 scriptum
1088 5432 1093 5433 ί
1118 5363 1279 5417 fuisse
1308 5359 1617 5433 Gaiasei'in
1646 5360 1890 5433 editione
1908 5359 2040 5415 Ger—

472 5427 949 5489 nianieaadsnonet
976 5432 1281 5494 Balduinus,
1296 5431 1389 5498 qui
1409 5432 1589 5485 statim
1610 5439 1834 5484 annotat
1853 5427 2039 5485 Caium

469 5511 561 5572 aut
589 5502 771 5558 Seium
813 5512 905 5557 aut
941 5502 1136 5556 Titium
1167 5500 1421 5572 appellari
1470 5516 1499 5555 a
1522 5500 1916 5571 jurisconsultis
1954 5517 2042 5556 so-

467 5570 578 5626 lere
599 5574 838 5641 quemvis
867 5573 1156 5629 hominem.

480 5703 487 5710 ,
542 5651 574 5711 ⁸ιῄ
599 5641 653 5695 In
678 5643 861 5696 codice
891 5641 1200 5696 Colbertino
1239 5641 1496 5710 scriptum
1522 5649 1623 5704 est,
1656 5641 2040 5711 crapulatarum

475 5708 755 5765 turbarum.
780 5711 897 5778 Quo
920 5713 1079 5767 etiam
1102 5712 1262 5767 modo
1292 5708 1453 5767 habet
1480 5710 1651 5768 codex
1677 5708 2037 5767 Cdrbeiensis.

2151 4456 2309 4526 liquis
2336 4471 2366 4511 e
2382 4454 2560 4510 clero.
2595 4454 2810 4526 Horum
2827 4454 3526 4526 actus_discutere'se_nolle
3553 4457 3631 4510 ait
3656 4458 3728 4512 ob

2149 4523 2507 4596 reverentiam
2539 4539 2657 4596 qua}
2685 4524 2943 4596 ministris
2972 4524 3065 4596 Dei
3092 4523 3335 4596 debetur.
3368 4523 3729 4596 Hieronymus

2148 4596 2204 4650 in
2246 4595 2473 4663 epistola
2517 4591 2585 4646 ad
2623 4591 2900 4663 Rusticum
2933 4610 2945 4647 :
2979 4591 3103 4663 Non
3142 4602 3218 4648 est
3254 4591 3729 4652 humilitatis'meae

2149 4662 2308 4737 neque
2328 4678 2582 4737 mensura
2601 4662 2839 4737 judicare
2954 4662 3171 4737 clericis,
3194 4663 3325 4737 e_t_de
3342 4665 3593 4737 ministris
3618 4664 3728 4717 Eon

2147 4732 2418 4789 etesiarum
2432 4732 2699 4803 sinistram
2710 4734 2979 4803 quippiam
3001 4732 3185 4786 dicere.
3210 4732 3356 4803 Idem
3378 4733 3432 4788 in
3452 4743 3614 4803 caput
3636 4749 3729 4789 vm

2144 4803 2480 4887 Ecclesiastis
2512 4803 2587 4855 ait
2621 4801 2892 4884 difficilem
2926 4816 3046 4887 esse
3076 4802 3473 4887 accusationem
3509 4801 3563 4857 in
3602 4805 3726 4887 epi-

2145 4889 2384 4943 scopum.
2418 4870 2587 4926 Nemo
2620 4873 2837 4943 quippe,
2867 4872 3057 4939 inquit,
3089 4871 3242 4943 audet
3270 4888 3517 4943 accusare
3543 4870 3727 4943 majo-

2144 4940 2271 5013 reni.
2323 4941 2604 5013 Propterea
2632 4940 2779 5013 quasi
2817 4943 2983 4995 sancti
3023 4950 3072 4994 et
3100 4940 3233 4995 beati
3279 4944 3333 4995 et
3359 4942 3415 5013 in
3452 4940 3729 5013 praeceptis

2145 5012 2357 5067 Domini
2388 5010 2731 5075 ambulantes,
2763 5019 2951 5082 augent
2982 5019 3191 5082 peccata
3211 5010 3460 5081 peccatis.
3485 5010 3737 5082 Difﬁcilis

2143 5093 2218 5137 est
2257 5083 2516 5136 accusatio
2552 5083 2608 5134 in
2636 5080 2950 5152 episcopum.
2982 5080 3043 5135 Si
3080 5080 3218 5134 enim
3259 5080 3579 5152 peccaverit,
3618 5098 3728 5137 non

2141 5153 2395 5221 creditur;
2425 5159 2473 5204 et
2499 5152 2544 5204 si
2569 5150 2823 5221 convictus
2868 5151 3050 5221 fuerit,
3080 5166 3183 5204 non
3221 5150 3457 5220 punitur.
3497 5150 3730 5221 Sanctus

2144 5188 2449 5289 Eifé‘é‘é'éiis”
2468 5188 2687 5274 indib’ro
2716 5188 3153 5290 primt'indeéur‘a
3182 5188 3459 5288 pastorali:
3490 5188 3724 5290 gaupfﬁ':

2145 5289 2199 5343 Ν
2204 5285 2315 5345 emo
2343 5292 2527 5361 quippe
2555 5285 2776 5358 amplius
2795 5290 2856 5361 in
2885 5285 3119 5361 Ecclesia
3143 5285 3292 5343 nocet
3317 5305 3473 5361 quam
3494 5285 3586 5361 qui
3612 5306 3729 5361 ger-

2142 5377 2281 5415 verse
2306 5357 2482 5432 agens,
2514 5376 2699 5413 nomen
2728 5358 2804 5432 vel
2832 5357 3063 5412 ordinem
3090 5357 3382 5432 sanctitatis
3415 5357 3582 5413 habet.
3614 5357 3729 5432 De-

2143 5428 2451 5502 tinquen'tem
2488 5445 2716 5502 namque
2751 5428 2893 5502 hunc
2914 5443 3061 5480 nemo
3092 5430 3398 5502 redarguere
3426 5430 3730 5502 prwsumit:

2144 5510 2193 5554 et
2226 5495 2283 5554 in
2310 5500 2597 5568 exemplum
2623 5495 2787 5570 ’calpa
2816 5495 3131 5570 vehementer
3164 5495 3476 5570 extenditur,
3498 5498 3733 5570 quando

2182 5586 2239 5623 ro
2272 5567 2783 5648 reverentia-ordinis
2809 5577 3047 5648 peccator
3076 5567 3544 5648 It_onoratur._Yidé
3573 5567 3734 5623 libel-

2171 5655 2257 5695 um
2279 5653 2500 5710 precum
2530 5635 2823 5692 Marcellini
2852 5644 2907 5692 et
2934 5635 3193 5703 Faustini,
3225 5650 3344 5707 pag.
3377 5637 3465 5692 37.
