4036 6180
307 319 400 374 N5

1347 308 1438 365 DE
1474 304 2002 366 GUBERNATiONE
2044 307 2153 363 DEI
2364 309 2472 364 VII.

3463 304 3577 360 “6

308 424 498 484 Domini
529 422 633 480 mei
664 419 961 478 ministerio
1006 419 1364 478 reverentiam
1411 434 1598 486 servo;
1642 427 1698 474 et
1735 433 1871 489 quos
1902 424 1960 480 A-
1983 421 2133 492 165
2166 421 2373 491 piaculi.
2388 421 2814 476 exsecrationem
2836 429 2937 488 est,
2969 420 3143 477 scelus
3171 435 3435 476 summum
3467 424 3566 476 ad-

309 522 372 574 ita
398 515 537 573 solos
566 530 732 585 puros
766 513 930 570 fuisse
963 513 1195 568 arbitror
1234 512 1286 567 in
1320 512 1547 579 altario,
1574 511 1711 567 sicut
1755 524 1846 583 p‘cr

307 594 540 665 Euntibus
559 604 810 662 Sodomis
829 603 1003 660 solum
1018 602 1155 659 Loth
1184 602 1345 658 fuisse
1371 602 1595 671 legimus
1623 602 1677 657 in
1698 612 1881 659 monte

308 700 449 771 (Gen.
475 716 589 764 xix,
606 698 719 766 50).
742 697 1007 753 Caeterum
1026 704 1285 766 quantum
1306 694 1374 750 ad
1394 695 1604 766 plebem
1623 704 1878 765 perimet,

309 792 415 863 quis
434 792 483 846 iu
507 791 598 845 illo
620 803 845 844 numero
870 797 980 842 tam
1009 788 1292 843 innumero
1311 794 1492 842 castus
1514 785 1646 841 fuit?
1674 794 1881 841 castum

308 885 441 940 dico.
473 882 630 954 16A,
658 880 791 949 Quis
815 895 921 934 non
951 878 1288 944 fornicarius,
1310 893 1419 934 non
1439 877 1668 944 adulter,
1699 878 1881 934 ethoc

308 978 411 1032 sine
436 974 759 1040 cessatione,
790 973 907 1028 sine
932 971 1198 1028 termino?
1229 970 1459 1025 llursum
1487 969 1761 1025 clamitent
1791 970 1886 1024 ita-

308 1081 405 1136 que
430 1079 653 1121 necesse
672 1072 774 1119 est.
800 1061 929 1129 Quae
949 1076 1073 1132 spes
1096 1061 1148 1115 in
1170 1061 1263 1117 illo
1291 1060 1491 1131 populo
1511 1074 1632 1116 esse
1650 1066 1884 1131 poterat,

309 1158 386 1212 ubi
414 1171 537 1213 cum
567 1169 705 1211 unus
725 1146 990 1209 interdum
1015 1151 1225 1207 adulter
1264 1158 1290 1189 ει
1318 1152 1532 1222 plebem
1561 1151 1889 1208 ecclesiasti-

308 1268 412 1308 cam
432 1251 657 1322 polluat,
684 1249 755 1304 ibi
777 1248 918 1303 inter
946 1256 1027 1303 tot
1054 1246 1220 1309 millia
1247 1246 1291 1301 si
1313 1246 1717 1316 diligentissime
1737 1259 1886 1315 quac-

309 1358 463 1407 rcrcs,
488 1350 699 1397 castum
720 1339 805 1394 vel
829 1339 883 1394 in
898 1337 1135 1394 Ecclesia
1157 1337 1400 1393 invenire
1421 1337 1507 1391 vix
1530 1351 1739 1407 posses.
1761 1334 1889 1390 Plus

309 1435 464 1489 mtdto
491 1434 687 1488 dicam.
724 1430 934 1486 Utinam
964 1431 1078 1487 hsce
1106 1441 1284 1487 essent
1327 1430 1443 1486 sola
1469 1440 1591 1499 qua)
1633 1430 1886 1496 diximus,

312 1535 361 1581 ct
378 1523 763 1582 contentaillic
783 1523 1020 1577 virorum
1045 1520 1327 1592 impuritas
1353 1520 1539 1577 fuisset
1566 1521 1695 1577 solis
1715 1521 1892 1575 sordi-

308 1619 482 1672 darum
505 1615 792 1671 mulierum
815 1614 1261 1671 fornicationibus
1280 1613 1547 1683 inquinari
1570 1613 1582 1665 !
1608 1613 1740 1668 lllttd
1768 1627 1892 1682 gra—

309 1716 416 1767 vius
440 1720 501 1767 et
526 1710 828 1777 scelestius,
856 1709 1001 1779 quod
1031 1709 1120 1763 illa
1147 1707 1436 1778 desquibus
1460 1707 1650 1762 beatus
1677 1715 1897 1776 aposto-

1980 514 2197 568 mittcre
2224 523 2280 569 et
2306 512 2565 584 pudorem
2605 512 2821 569 sceleris
2861 529 2967 569 non
3007 514 3229 569 habere;
3270 512 3406 580 Quid
3436 528 3572 583 rogo

1982 603 2097 660 fieri
2128 606 2237 661 illic
2263 606 2620 677 prodigiosius
2649 606 2857 675 potuit?
2886 604 2942 659 In
2979 605 3112 660 urbe
3137 603 3443 659 Christiana
3469 646 3482 667 ,
3517 606 3570 659 iu

1982 695 2116 751 urbe
2163 678 2557 762 ecclesiastica,
2609 711 2770 765 quam
2816 695 3090 765 quondam
3143 695 3404 751 doctrinis
3457 695 3571 750 suis

1983 786 2013 827 δ
2042 788 2274 858 apostoli
2304 788 2678 853 instituerant,
2718 800 2881 856 quam
2919 786 3261 856 passionibus
3288 787 3398 842 suis
3426 800 3573 840 mar-

1987 889 2132 952 tyres
2160 888 2503 947 coronarant,
2541 880 2641 935 viri
2680 881 2732 935 in
2770 880 3073 950 semetipsis
3101 878 3329 935 feminas
3355 878 3578 951 prolite-
3648 936 3652 940 _

1986 973 2201 1035 bantur,
2252 980 2307 1026 et
2353 971 2458 1028 hoc
2502 972 2621 1027 sine
2665 970 2885 1042 pudoris
2931 969 3261 1035 umbraculo,
3307 970 3423 1025 sine
3470 969 3579 1025 ullo

1987 1063 2324 1119 verecundia:
2351 1064 2549 1118 amictu
2578 1082 2591 1118 :
2614 1078 2678 1119 ac
2705 1063 2800 1127 sic,
2824 1062 2976 1132 quasi
2997 1077 3184 1133 parum
3212 1061 3410 1132 piaculi
3438 1072 3581 1118 esset

1988 1158 2035 1212 si
2062 1158 2204 1212 malo
2234 1158 2325 1215 illo
2353 1158 2618 1213 malorum
2647 1166 2853 1212 tantum
2876 1158 3284 1227 inquinarentur
3310 1165 3578 1229 auctores.

1993 1266 2089 1320 per
2115 1251 2383 1320 publicam
2411 1251 2633 1306 sceleris
2662 1252 3051 1321 professionem
3080 1250 3241 1306 ﬂebat
3271 1251 3430 1305 etiam
3461 1265 3582 1305 sce-

1993 1339 2075 1395 lus
2122 1340 2341 1409 integra:
2388 1341 2638 1397 civitatis.
2668 1340 2911 1395 Videbat.
2941 1342 3159 1412 quippe-
3185 1341 3289 1395 hoc
3334 1341 3582 1393 universa

1993 1431 2155 1496 urbs,
2187 1440 2241 1486 et
2270 1432 2574 1502 patiebatur
2606 1431 2905 1487 :-videbant
2929 1431 3156 1500 judices,
3189 1440 3244 1486 et
3272 1430 3583 1499 acquiesce-

1994 1525 2124 1577 bant
2152 1539 2164 1575 :
2190 1525 2422 1593 populus
2444 1523 2678 1590 videbat,
2704 1532 2757 1578 et
2777 1523 3135 1593 applaudcbat
3160 1538 3262 1577 rae
3289 1523 3367 1578 sic
3394 1519 3584 1576 dill‘uso

1996 1630 2096 1685 per
2119 1623 2287 1669 totam
2308 1615 2496 1670 urbem
2524 1614 2802 1671 dedecoris
2822 1615 3146 1683 scelerisque
3166 1613 3460 1677 consortio,
3484 1612 3585 1667 etsi

1997 1708 2103 1763 hoc
2130 1723 2416 1763 commune
2444 1708 2695 1763 omnibus
2723 1724 2829 1763 non
2860 1706 3089 1763 faciebat
3108 1716 3280 1771 actus,
3304 1721 3587 1762 commune

308 1804 382 1857 lus
406 1800 627 1868 Paulus,
671 1817 794 1858 cum
823 1816 1029 1857 summa
1058 1799 1631 1855 animilamentatione
1658 1812 1891 1866 conque—
1922 1799 1969 1860 B
1996 1800 2248 1856 omnibus
2276 1798 2505 1855 faciebat
2533 1815 2799 1855 assensus.
2837 1796 2942 1854 Sed
2974 1798 3092 1854 linis
3121 1798 3415 1869 aliquando
3442 1797 3597 1851 forsi-

306 1896 433 1950 ritur
454 1894 638 1965 (Rom.
664 1911 708 1958 I,
732 1893 803 1948 ‘23
822 1893 1009 1966 seqq.),
1035 1892 1088 1947 in
1109 1891 1252 1947 Afris
1274 1907 1413 1962 pene
1433 1892 1614 1946 omnia
1638 1890 1889 1956 fuerunt;

306 1986 503 2042 scilicet
539 1985 666 2055 quia
696 1983 955 2050 masculi,
1004 1982 1195 2038 relicto
1240 1983 1472 2037 naturali
1517 1999 1617 2047 usu
1660 1980 1889 2049 feminae,

306 2086 621 2132 exarserunt
664 2076 717 2130 in
746 2073 1029 2130 desideriis
1054 2072 1167 2128 suis
1197 2073 1250 2127 in
1293 2072 1554 2137 invicem,
1587 2073 1809 2127 masculi
1840 2072 1893 2126 in

307 2166 573 2223 masculos
625 2164 1010 2237 turpitudinem
1070 2171 1426 2228 exercentes,
1484 2172 1541 2217 ct
1589 2162 1894 2218 mercedem

307 2272 459 2329 quam
497 2259 744 2329 oportuit
769 2257 970 2314 erroris
1009 2257 1090 2312 sui
1123 2257 1175 2312 in
1211 2256 1517 2326 semetipsis
1553 2255 1893 2325 recipientes.

308 2350 535 2421 Etsiwt
567 2366 677 2406 non
721 2351 1087 2420 probaverunt
1133 2350 1299 2404 Deum
1346 2349 1547 2405 habere
1588 2349 1642 2403 in
1686 2349 1895 2415 notitia,

308 2440 520 2496 tradidit
552 2441 672 2496 illos
700 2441 840 2496 Deus
879 2441 933 2497 in
977 2442 1267 2513 rcprobum
1306 2455 1545 2506 sensum,
1596 2448 1656 2496 ut
1701 2438 1901 2496 faciant

307 2548 419 2601 quae
447 2548 564 2588 non
593 2532 863 2588 convenit.
894 2532 1140 2602 Nunquid
1170 2533 1274 2589 hoc
1302 2533 1491 2588 beatus
1516 2530 1806 2603 Apostolus
1833 2531 1902 2587 de

308 2624 550 2679 barbaris
578 2639 643 2680 ac
671 2623 798 2682 feris
824 2625 1074 2694 gentibus
1101 2624 1270 2681 dixit?
1312 2641 1420 2680 non
1449 2624 1632 2694 utique
1653 2664 1668 2690 ,
1711 2623 1805 2680 sed
1832 2624 1902 2680 de

310 2716 489 2782 nobis,
525 2715 581 2771 id
609 2725 722 2782 est,
763 2716 1071 2786 specialiter
1095 2716 1163 2772 de
1194 2716 1452 2772 Romanis
1477 2734 1490 2769 :
1520 2732 1658 2786 quos
1685 2716 1900 2786 quidem

309 2809 432 2875 Afri,
457 2809 592 2878 quia
624 2822 960 2878 nequaquam
990 2809 1119 2864 olim
1148 2808 1364 2865 vincere
1392 2809 1618 2879 imperio
1646 2824 1710 2865 ac
1737 2809 1905 2865 subli-

308 2902 491 2957 mitate
524 2901 843 2965 valuerunt,
874 2900 1022 2972 quod
1054 2910 1343 2971 potuerunt
1374 2918 1533 2957 unutn
1552 2944 1567 2968 ,
1596 2903 1905 2973 impuritale

310 2994 581 3046 v'cerunt.
639 2988 959 3058 Quicunque
986 3004 1116 3059 ergo
1135 2990 1258 3060 jure
1284 3005 1343 3046 se
1372 2993 1500 3047 mihi
1530 2992 1691 3049 irasci
1728 3001 1900 3063 putat,

308 3082 473 3152 magis
494 3082 763 3153 Apostolo
794 3083 1093 3136 irascatur:
1124 3082 1330 3138 scilicet
1357 3083 1904 3153 quiaqttoddicitnus

1995 1900 2086 1945 tan
2116 1890 2241 1945 mali
2272 1899 2367 1945 aut
2393 1890 2702 1946 emendatio
2731 1891 2910 1959 aliqua
2940 1890 3075 1945 labis
3105 1890 3258 1944 istius
3286 1889 3418 1943 fuit?
3458 1887 3589 1955 Quis

1994 1980 2216 2037 credere
2245 1990 2337 2036 aut
2364 1981 2526 2037 etiam
2556 1980 2742 2036 audire
2768 1981 2938 2052 possit
2966 1981 3298 2037 convertisse
3328 1980 3379 2034 in
3415 1990 3436 2018 ο
3468 1994 3587 2033 mu—

1997 2073 2220 2130 liebrem
2252 2075 2594 2129 tolerantiam
2625 2075 2769 2129 viros
2814 2088 2923 2129 non
2970 2089 3124 2131 usum
3174 2082 3382 2128 tantum
3429 2082 3587 2141 atque

1998 2175 2245 2220 naturam
2264 2207 2280 2232 ,
2311 2166 2407 2221 sed
2437 2166 2599 2221 etiam
2628 2167 2833 2221 vultum
2852 2207 2868 2231 ,
2900 2166 3166 2222 incessum
3186 2206 3202 2232 ,
3233 2167 3470 2221 habitum
3490 2206 3504 2230 ,
3538 2174 3591 2220 et.

2002 2266 2173 2312 totum
2204 2258 2420 2328 penitus
2450 2256 2708 2327 quidquid
2736 2258 2909 2312 autin
2958 2273 3089 2313 sexu
3136 2266 3219 2312 est
3260 2267 3351 2312 aut
3394 2259 3449 2313 in
3495 2274 3592 2315 usu

2002 2349 2102 2403 viri
2134 2367 2146 2401 :
2181 2348 2319 2404 adeo
2348 2364 2506 2403 versa
2534 2348 2589 2402 in
2617 2348 2887 2403 diversum
2928 2350 3111 2404 omnia
3140 2358 3325 2415 erant,
3370 2358 3429 2403 ut
3470 2365 3593 2404 cum

2001 2439 2131 2495 viris
2160 2439 2494 2508 nihil:magis
2522 2438 2716 2509 pudori
2757 2453 2880 2494 esse
2919 2448 3168 2510 oporteat
3210 2452 3370 2509 quam
3399 2439 3443 2494 si
3474 2456 3594 2494 mn—

2002 2530 2172 2586 liebre
2200 2530 2402 2600 aliquid
2431 2530 2485 2585 in
2513 2545 2574 2586 se
2601 2530 2804 2585 habere
2831 2530 3141 2598 videantur;
3174 2529 3281 2585 illic
3309 2531 3438 2585 nihil
3467 2530 3594 2585 viris

2003 2622 2325 2691 quibusdam
2354 2622 2563 2693 turpius
2591 2621 2864 2678 videretur
2888 2636 3051 2692 quam
3097 2622 3163 2677 si.
3189 2622 3242 2676 in
3287 2621 3468 2691 aliquo
3497 2622 3595 2677 viri

2006 2712 2331 2776 viderentur.
3296 2700 3300 2703 ’

2077 2803 2216 2859 XIX.
2249 2804 2357 2860 Sed
2383 2819 2680 2882 paucorum
2715 2806 2851 2872 hoc,
2885 2805 3092 2876 inquis,
3124 2802 3359 2860 dedecus
3386 2804 3512 2869 fuit;
3544 2813 3597 2860 et

2006 2897 2153 2966 quod
2181 2913 2289 2953 non
2318 2913 2348 2953 a
2376 2897 2619 2968 pluribus
2646 2906 3019 2969 perpetratum
3048 2905 3149 2964 est,
3174 2897 3383 2953 cunctis
3402 2911 3597 2952 nocere

2007 3005 2115 3045 non
2144 2990 2340 3068 potuit.
2372 2989 2491 3045 Jam
2517 2989 2735 3060 quidem
2763 3005 2925 3062 supra
2953 2989 3064 3045 dixi
3090 2988 3405 3060 smpissime,
3430 2988 3483 3043 in
3504 2987 3599 3045 Dei

2008 3082 2211 3153 popqu
2239 3083 2401 3138 etiam
2431 3083 2589 3139 unius
2618 3082 2821 3139 facinus
2847 3092 3060 3154 pestem
3086 3082 3250 3139 fuisse
3276 3083 3597 3146 multorum;

310 3188 402 3226 nos
442 3172 615 3227 fuisse
659 3170 836 3236 Afros,
879 3171 983 3227 hoc
1012 3170 1100 3227 ille
1126 3170 1263 3229 dixit
1300 3172 1549 3229 dominos
1574 3189 1761 3229 eorum
1787 3190 1906 3232 esse
1932 3171 1978 3234 C
2011 3174 2155 3230 sicut
2178 3189 2245 3229 ex
2269 3173 2411 3229 furto
2441 3175 2618 3231 Achar
2643 3174 2873 3245 populus
2892 3175 2999 3230 ruit
3021 3173 3203 3246 (Iosue
3227 3172 3344 3245 vn),
3367 3173 3507 3229 sicut
3533 3186 3599 3228 ex

309 3260 610 3318 Romanos.

374 3351 568 3408 XVIII.
599 3352 704 3408 Sed
732 3353 873 3410 forte
899 3355 988 3410 vel
1036 3355 1089 3411 id
1136 3357 1403 3413 occultum
1449 3358 1594 3427 quod
1634 3358 1906 3429 loquimur

310 3455 441 3513 erat,
467 3456 572 3502 aut
595 3447 787 3502 saltem
809 3448 914 3504 hoc
936 3449 1291 3518 providebant
1316 3460 1695 3520 procuratores
1723 3468 1791 3508 nc
1812 3469 1906 3523 pu-

313 3539 459 3596 blica:
486 3540 693 3611 passim
723 3540 1018 3612 disciplina:
1055 3542 1241 3598 oculos
1269 3543 1502 3599 civitatis
1529 3544 1733 3600 scelera
1774 3561 1905 3616 pro-

313 3630 486 3700 palata
542 3632 868 3701 polluerent.
913 3631 1066 3698 Quod
1115 3633 1161 3688 si
1207 3631 1407 3689 factum
1457 3635 1640 3705 utique
1683 3635 1905 3706 fuisset,

312 3725 563 3792 quamvis
608 3724 761 3779 tnulti
790 3724 1123 3780 exstitissent
1150 3740 1315 3796 opere
1361 3727 1479 3797 ipso
1523 3728 1752 3797 sordidi,
1800 3747 1910 3787 non

315 3829 501 3870 otnnes
533 3823 714 3869 tamen
765 3813 978 3871 fuerant
1004 3816 1124 3872 visu
1152 3824 1313 3886 atque
1337 3817 1517 3874 animo
1538 3820 1829 3889 sordidati;
1856 3831 1913 3878 ct

314 3904 448 3960 solet
472 3905 613 3961 satis
634 3920 722 3961 res
742 3904 1024 3975 ﬂagitiosa,
1046 3906 1262 3976 quando
1291 3908 1468 3977 agitur
1494 3911 1721 3978 occulte,
1752 3914 1911 3970 tidem

316 3991 575 4052 facinoris
596 4010 704 4051 non
721 3996 935 4052 mereri.
952 3995 1127 4068 Supra
1141 4010 1357 4054 omnem
1378 4006 1560 4055 autem
1580 4006 1911 4061 monstruosi

2013 3265 2130 3321 zelo
2162 3266 2338 3322 Saulis
2366 3275 2485 3322 orta
2514 3276 2598 3322 est
2624 3267 2927 3338 pestilentia
2954 3265 3002 3338 (I
3035 3265 3163 3338 Reg.
3191 3283 3277 3322 xxx
3296 3266 3337 3335 ),
3368 3266 3506 3322 sicut
3533 3280 3601 3321 ex

2012 3357 2184 3413 sancti
2212 3357 2379 3413 David
2399 3358 2830 3414 dinumeratione
2854 3358 3155 3413 mortalitas
3179 3357 3254 3429 (ll
3275 3356 3404 3429 Reg.
3431 3357 3596 3426 xxiv).

2010 3449 2090 3505 Ita
2118 3457 2202 3505 est
2237 3450 2382 3505 enim
2419 3450 2515 3505 Dei
2544 3449 2781 3505 Ecclesia
2819 3451 2974 3520 quasi
3017 3450 3226 3505 oculus.
3271 3449 3407 3503 Nam
3448 3457 3507 3503 ut
3548 3449 3600 3503 in

2015 3544 2231 3600 oculum
2259 3544 2421 3599 etiam
2449 3544 2492 3599 si
2523 3558 2685 3614 parva
2716 3543 2904 3599 sordes
2931 3542 3164 3619 incidat,
3209 3551 3382 3598 totum
3422 3542 3600 3598 lumen

2020 3637 2180 3709 166
2204 3636 2474 3703 obcaecat,
2516 3634 2596 3690 sic
2627 3635 2682 3689 in
2715 3632 2742 3671 ἀ
2778 3634 3143 3690 ecclesiastico
3183 3649 3412 3704 corpore
3440 3635 3601 3689 etiam

2012 3729 2059 3786 si
2101 3729 2257 3801 pauci
2297 3726 2513 3783 sordida
2560 3724 2787 3791 faciant,
2825 3740 2997 3797 prope
3033 3733 3207 3781 totum
3254 3725 3601 3784 ecclesiastici

2012 3820 2315 3893 splendoris
2354 3820 2535 3875 lumen
2586 3816 2870 3874 olTuscant.
2922 3816 2990 3872 Et
3033 3815 3156 3875 ideo
3202 3818 3451 3875 Salvator
3491 3819 3604 3891 ipse

2010 3914 2362 3987 principalem
2372 3910 2626 3967 Ecclesia:
2637 3918 2844 3981 partem
2857 3910 3073 3967 oculum
3087 3913 3383 3969 nominavit
3392 3913 3574 3969 dicens
3583 3932 3601 3965 .;

1964 4072 1965 4075 η
2015 4006 2254 4061 Lucerna
2281 4005 2516 4076 corporis
2546 4003 2619 4057 tui
2657 4012 2734 4057 est
2771 4004 2951 4058 oculus
2990 4011 3124 4060 tuus.
3174 4003 3235 4060 Si
3276 4004 3450 4060 oculus
3491 4012 3600 4061 tuus

1500 4146 1841 4220 STEPHANI
1879 4164 2163 4221 BALUZII.
2188 4162 2415 4220 ΝοΤΑε.

385 4304 407 4333 ·
442 4297 500 4352 Id
530 4304 652 4359 est,
702 4296 961 4367 populum
980 4294 1260 4367 Ecclesia:
1286 4297 1401 4353 sive
1439 4298 1589 4354 urbis
1633 4299 1916 4367 Carthagi—

318 4368 517 4422 nensis.
557 4366 733 4438 Supra
777 4366 895 4436 pag.
937 4366 1009 4419 45
1041 4386 1054 4420 :
1087 4368 1303 4438 papulas
1335 4368 1730 4438 ecclesiasticos.
1771 4366 1915 4427 Infra

315 4450 434 4510 pag.
472 4437 579 4510 ltiti
610 4454 624 4490 :
654 4439 707 4510 in
739 4438 1087 4510 ecclesiastico
1115 4437 1346 4509 carpare.
1381 4437 1450 4493 Et
1491 4454 1614 4510 pag.
1645 4439 1757 4495 216
1787 4459 1807 4496 ι
1831 4460 1916 4497 ec-

315 4506 623 4577 clesiastica:
652 4507 833 4577 plebis.

383 4576 411 4615 δ
436 4575 669 4631 Putabat
686 4576 964 4650 Salvianus
975 4576 1275 4650 Ecclesiam
1297 4578 1771 4650 Carthagincnsem
1795 4598 1914 4639 esse

315 4660 475 4716 unam
506 4663 578 4701 ex
606 4647 938 4716 apostolicis.
974 4647 1030 4701 In
1060 4663 1170 4716 quo
1199 4647 1390 4704 falsum
1428 4647 1575 4705 illum
1606 4652 1770 4709 fuisse
1798 4669 1914 4707 ma-

2018 4316 2157 4372 gnus
2175 4303 2272 4358 lib.
2296 4317 2334 4365 ι,
2360 4298 2520 4372 epist.
2551 4297 2638 4362 75,
2650 4311 2781 4372 quae
2811 4298 2995 4372 ad‘eos
3023 4298 3226 4372 scripta
3236 4307 3351 4372 est.
3369 4301 3606 4372 _Vulgata

2020 4367 2204 4442 itaque
2232 4367 2527 4425 ambitione
2553 4368 2905 4442 antiquitatis,
2933 4367 3060 4423 dum
3091 4367 3342 4439 qumlibet
3369 4367 3606 4427 Ecclesta

2018 4438 2761 4524 antiquissimamcriginem
2786 4438 2901 4521 .sibi
2948 4438 3192 4524 asserere
3238 4449 3483 4524 conatur,
3532 4442 3609 4524 in-

2019 4508 2168 4568 venti
2216 4520 2341 4567 sunt
2387 4511 2479 4580 qui
2516 4524 2644 4567 suos
2689 4508 2881 4581 Africa:
2928 4510 3204 4581 apostolos
3232 4511 3603 4581 vindicarent,

2019 4581 2239 4639 Petrum
2285 4581 2539 4637 nimirum
2581 4580 2969 4651 apostolorum
2997 4581 3289 4651 principem
3318 4589 3375 4635 et
3405 4580 3610 4638 Lauda-

2018 4661 2133 4708 tum
2179 4651 2480 4722 quemdam
2515 4648 3142 4722 primumACartha‘ginis
3170 4648 3498 4722 episcopum
3540 4654 3608 4707 ah

316 4715 568 4794 nifestmn
611 4715 714 4794 est:
764 4716 896 4794 Nam
929 4715 1325 4794 Tertullianusj
1379 4719 1543 4794 homo
1570 4721 1698 4776 Afer
1720 4762 1745 4787 ,,
1784 4724 1913 4778 dum
1942 4715 1991 4775 D
2018 4715 2279 4794 apostolis
2308 4715 2634 4794 ordinatum.
2660 4720 2785 4794 Sed
2814 4721 2917 4774 has
2936 4715 3115 4794 nugas
3141 4715 3336 4777 merito
3370 4715 3610 4794 explodit

315 4787 644 4855 apostolicas
673 4786 940 4842 Ecclesias
964 4795 1229 4858 recenset,
1259 4786 1733 4858 Carthaginensem
1757 4794 1913 4847 omit-

315 4857 396 4917 tit,
437 4874 554 4930 non
595 4858 893 4930 omissuros
929 4857 1232 4911 hauddubic
1268 4860 1314 4913 si
1352 4857 1792 4930 qua’antiqnitus
1830 4862 1910 4916 fa-

316 4941 397 4979 ma
430 4925 624 4998 fuisset
652 4928 929 4997 apostolos
972 4936 1286 4996 penetrasse
1333 4925 1501 4998 usque
1530 4931 1596 4985 ad
1625 4925 1908 4998 Carthagi-

316 5012 456 5050 nem.
493 4997 696 5052 Verutn
725 4998 850 5065 quia
871 4997 1109 5051 Salviani
1138 5007 1299 5054 mtate
1326 4997 1578 5055 catholici
1610 5002 1749 5059 intra
1778 4997 1913 5056 Afri-

314 5081 429 5120 cam
454 5068 860 5141 contendebant
890 5067 1258 5141 A‘fricanosab
1280 5070 1540 5141 apostolis
1561 5070 1910 5141 Evangelium

318 5138 611 5209 accepisse,
656 5137 872 5209 quoda
920 5137 1217 5209 Donatistis
1254 5137 1546 5209 praefracte
1589 5137 1907 5209 negabatur,

316 5205 603 5262 Salvianus
655 5205 781 5261 odio
820 5207 959 5261 haud
1008 5207 1170 5263 dubie
1199 5205 1454 5264 adversus
1501 5205 1806 5266 Donatistae
1855 5205 1913 5266 et

315 5288 504 5331 amore
544 5277 931 5351 catholicorum
974 5277 1131 5351 facile
1168 5279 1450 5351 amplexus
1478 5281 1914 5351 estopiuionem

214 5408 222 5414 ἢ
314 5359 506 5415 eorum
550 5347 641 5415 qui
690 5348 940 5402 dicebant
986 5347 1144 5413 Afros
1172 5347 1475 5404 Christiana
1524 5347 1645 5405 ﬁtle'
1675 5351 1909 5407 imbutos

314 5413 482 5489 fuisse
504 5413 580 5471 ab
594 5418 871 5489 apostolis.
894 5416 1122 5472 Videbat
1142 5426 1399 5489 pnetcrea
1427 5420 1906 5489 Carthaginiensem

317 5487 630 5558 episcopum
661 5487 956 5556 mqnalibns
976 5489 1267 5558 privilegiis
1296 5487 1397 5543 frui
1426 5505 1546 5545 cum
1576 5487 1907 5546 antistitibus

392 5556 682 5630 clesiarum
731 5556 1186 5630 apostolicarum;
1230 5559 1457 5630 ideoque
1504 5560 1656 5616 facile
1685 5561 1760 5616 illi
1806 5561 1906 5616 fuit

316 5628 553 5698 t_ransire
590 5628 640 5681 in
671 5643 789 5681 eam
831 5628 1155 5698 sententiam
1202 5644 1321 5698 qua:
1350 5628 1563 5686 volebat
1598 5631 1900 5687 Africanam

320 5693 615 5768 Ecclesiam
657 5698 723 5751 ab
752 5697 1007 5767 apostolis
1035 5697 1198 5753 fuisse
1221 5693 1517 5754 fundatam.
1551 5700 1704 5768 Quod
1739 5719 1767 5757 a
1800 5703 1900 5757 Nu-

318 5766 474 5823 midis
516 5781 732 5836 quoque
760 5766 1019 5824 creditum
1060 5768 1224 5826 fuisse
1261 5771 1420 5828 docet
1448 5766 1738 5842 Gregorius
1784 5773 1898 5835 Ma-

2016 4790 2417 4848 illustrissimus
2438 4791 2724 4847 cardinalis
2752 4790 3034 4845 Baronius.

2092 4875 2114 4902 ο
2145 4863 2232 4918 Sic
2263 4862 2404 4932 apud
2447 4862 2761 4917 Sallustium
2799 4860 3113 4932 inACaAtilina
3146 4880 3159 4916 :
3207 4862 3321 4917 Viri
3349 4865 3459 4927 pati
3496 4881 3611 4919 mu-

2015 4933 2217 5006 liebria.
2252 4929 2320 4986 Et
2362 4932 2503 5001 apud
2532 4931 2807 5006 Tacitum,
2839 4930 2910 5006 de
2932 4929 3207 5006 _C_esonino
3240 4951 3255 4988 :
3294 4933 3361 4989 1η
3390 4935 3480 4990 illo
3512 4937 3608 5006 fa:-

2016 5003 2233 5059 dissimo
2254 5012 2382 5057 coetu
2411 5018 2595 5073 passus
2615 5002 2906 5073 muliebria.
2930 5001 3171 5073 Illuretus
3193 5020 3324 5061 vero
3344 5001 3531 5061 noster
3554 5007 3609 5061 in

2017 5070 2420 5128 commentario
2474 5071 2542 5125 ad
2599 5071 2888 5126 secundam
2952 5070 3321 5130 Catilinariam
3386 5084 3639 5131 annotat‘

2017 5142 2396 5213 Massilienses,
2420 5141 2521 5211 qui
2541 5148 2722 5196 essent
2750 5141 2951 5213 alioqui
2982 5144 3201 5213 optimis
3230 5147 3609 5202 sanctissimis-

2017 5229 2123 5283 quc
2154 5212 2359 5280 legibus
2405 5213 2650 5283 instructi
2677 5253 2690 5277 ,
2735 5228 2843 5267 non
2873 5212 2944 5267 οι)
2974 5212 3080 5270 hec
3124 5215 3332 5271 traduci
3360 5216 3610 5271 debuisse

2018 5280 2087 5337 ab
2107 5282 2365 5351 Athenzeo
2394 5280 2537 5351 quod
2566 5283 2818 5337 masculzc
2843 5284 3026 5337 veneri
3059 5282 3224 5340 dediti
3253 5295 3454 5350 essent,
3484 5301 3608 5341 cum

2018 5352 2160 5426 apud
2207 5349 2754 5426 Cretenses_quoque
2799 5361 2856 5408 et
2892 5351 3330 5426 Lacedaemonios
3375 5370 3607 5426 quorum

2016 5424 2233 5491 utrique
2275 5422 2629 5495 sanctissimis
2678 5438 2742 5479 ac
2768 5424 3122 5479 severissimis
3160 5426 3367 5494 legibus
3393 5422 3478 5480 usi
3508 5441 3611 5495 pu-

2014 5501 2212 5558 tantur,
2255 5492 2563 5563 puerorum’
2591 5502 2773 5549 tamen
2811 5508 3025 5550 amores
3052 5492 3255 5567 probro
3299 5510 3408 5552 non
3446 5492 3610 5552 duce-

2011 5572 2215 5617 rentur.

2320 5644 2534 5693 constat
2562 5650 2640 5693 ex.
2659 5635 2868 5693 clericis
2897 5644 2951 5693 ct
2979 5604 3149 5719 laicis.
3183 5636 3322 5700 Vide
3348 5608 3517 5696 Notas
3542 5638 3610 5694 ad

2310 5908 2315 5913 μ
2344 5896 2371 5912 υ
