4006 6182
484 288 586 343 147

1435 298 1491 352 S.
1534 296 1849 354 SALVlAM
1889 296 2350 358 MASSILIENSIS
2387 301 2812 363 PRESBYTER!

3644 325 3742 383 148

482 405 634 472 fuerit
647 404 884 477 simplex,
900 413 1059 461 totum
1081 423 1261 479 corpus
1284 416 1423 463 tuum
1437 410 1667 465 lucidum
1687 412 1873 468 ηειεεὶ
1892 421 2063 468 autem
2090 412 2139 472 A
2167 426 2274 468 non
2303 424 2509 471 crescat
2538 431 2659 472 cum
2706 419 3063 489 prosperitate
3090 423 3391 483 vitiositas?
3415 428 3491 485 Ac
3517 447 3609 502 per
3644 437 3745 495 huc

479 496 654 550 oculus
683 507 798 553 tuus
827 499 982 570 fuerit
1000 516 1235 571 nequam,
1261 510 1419 556 totum
1446 518 1632 573 corpus
1662 512 1801 558 tuum
1825 503 2061 559 tenebro-

476 604 590 642 rem
610 590 708 643 erit
730 589 943 662 (Matth.
975 607 1057 657 γι,
1083 590 1170 655 22,
1193 591 1306 664 25).
1341 591 1494 649 Unde
1513 602 1568 649 et
1596 594 1887 664 Apostolus
1913 612 1926 647 :
1951 592 2063 649 Nc-

475 680 637 746 scilis,
662 681 851 750 inquit,
883 684 1003 755 quia
1034 684 1294 739 modicum
1322 688 1625 757 fermentum
1654 697 1814 742 totam
1833 704 2061 743 massam

475 774 756 842 corrumpit
778 772 829 843 (Ι
850 773 971 829 Cor.
1001 792 1049 843 v,
1074 775 1166 845 6)?
1194 775 1452 843 Quamvis
1479 792 1580 847 ego
1610 780 1719 835 illic
1746 795 1855 835 non
1883 779 2058 835 modi-

378 876 381 877 ν
472 876 596 915 cum
624 863 693 917 de
721 864 825 920 hoc
852 866 1015 933 malo,
1050 868 1145 923 sed
1173 869 1331 923 nimis
1358 868 1523 925 fuisse
1548 869 1752 937 dicam;
1792 888 1901 926 non
1933 874 2060 941 quia

471 952 661 1009 molles
686 955 905 1024 plurimi
932 955 1149 1024 fuerint,
1177 960 1272 1015 sed
1301 961 1427 1029 quia
1454 962 1710 1017 mollities
1741 978 2053 1032 paucorum,

470 1044 621 1101 labes
647 1054 731 1101 est
757 1048 1128 1118 plurimorum.
1154 1052 1284 1107 Nam
1313 1054 1414 1109 etsi
1443 1056 1597 1123 pauci
1626 1064 1751 1110 sunt
1776 1057 1868 1125 qui
1895 1056 2059 1112 dede-

469 1149 661 1190 corosa
691 1139 1010 1206 sustineant,
1041 1143 1194 1197 multi
1223 1152 1348 1199 sunt
1374 1145 1465 1213 qui
1493 1160 1783 1213 paucorum
1813 1147 2058 1203 sordibus

468 1228 794 1295 polluantur.
827 1230 976 1288 Sicut
1003 1235 1147 1289 enim
1178 1251 1282 1290 una
1313 1239 1567 1293 meretrix
1600 1239 1800 1294 multos
1824 1239 2058 1295 fornica-

467 1326 614 1375 tores
635 1319 782 1387 facit,
806 1324 882 1379 sic
902 1326 1186 1393 plurimam
1212 1330 1393 1399 populi
1424 1338 1629 1400 partem
1656 1332 1896 1401 inquinat
1924 1348 2057 1403 pau-

416 1454 423 1461 ,
466 1426 652 1465 corum
685 1412 1114 1471 effeminatorum
1143 1420 1505 1475 abominanda
1528 1423 1833 1492 permixtio.
1865 1422 1933 1476 Et
1955 1438 2053 1479 ne-

461 1501 576 1557 scio
595 1503 687 1570 qui
708 1518 895 1559 eorum
917 1514 1042 1562 ante
1064 1507 1233 1563 Deum
1253 1508 1549 1566 deteriorrs
1567 1512 1691 1577 sint,
1716 1528 1839 1567 cum
1856 1513 2053 1582 mquali

460 1588 513 1642 in
537 1592 750 1661 scriptis
769 1595 935 1649 sacris
954 1604 1101 1651 sorte
1121 1597 1460 1653 damnentur.
1489 1598 1673 1673 Neque
1691 1603 1828 1656 enim
1849 1603 2049 1669 molles,

461 1681 654 1750 inquit,
700 1701 862 1756 neque
914 1689 1261 1745 masculorum
1311 1691 1661 1749 concubitores
1699 1712 1913 1766 regnum
1952 1695 2051 1750 Dei

2163 513 2641 580 temperatissimus
2668 515 2831 572 fuisse
2858 512 3151 575 Wandalos
3178 531 3381 585 certum
3412 534 3512 593 est,
3540 529 3581 583 si
3610 546 3741 601 qua-

2163 601 2243 656 les
2270 602 2348 657 illi
2376 601 2593 659 fuerunt
2619 606 2713 674 qui
2746 607 2889 677 capti
2925 623 2989 663 ac
3022 610 3288 680 subjugati
3321 624 3466 682 sunt,
3508 621 3640 677 tales
3669 623 3741 679 illi

2162 692 2388 749 fuissent
2415 695 2666 751 victores.
2695 698 2863 767 igitur
2889 700 2942 754 in
2976 707 3121 757 tanta
3151 703 3424 762 afﬂuentia
3446 724 3622 766 rerum
3663 722 3742 768 at-

2160 796 2266 852 que
2302 784 2511 840 luxuria
2546 788 2726 843 nullus
2761 803 2946 844 eorum
2986 792 3163 848 mollis
3191 794 3413 853 effectus
3443 804 3564 857 est?
3596 803 3742 860 Nun-

2159 874 2287 943 quid
2324 891 2513 945 parum
2545 878 2789 933 videtur?
2813 879 2973 935 Certe
2995 881 3330 941 familiariter
3349 890 3509 943 etiam
3541 893 3742 951 nobiles

2160 964 2263 1029 hoc
2292 964 2440 1021 fuere
2470 966 2718 1023 Romani.
2748 968 2853 1024 Sed
2876 972 3005 1040 quid
3037 974 3213 1031 adhuc
3246 976 3419 1033 addo?
3447 979 3631 1038 Nullus
3662 988 3740 1041 vel

2157 1056 2251 1125 qui
2290 1056 2656 1113 Romanorum
2704 1061 2813 1116 illic
2846 1064 3087 1118 mollium
3123 1066 3457 1136 pollueretur
3494 1073 3741 1131 incestu?

2158 1147 2319 1203 Certe
2363 1149 2463 1205 hoc
2510 1151 2652 1220 apud
2703 1152 2978 1211 Romanos
3025 1159 3180 1228 168
3237 1159 3348 1229 jam
3388 1164 3590 1232 pridem
3639 1168 3739 1222 tale

2158 1238 2521 1293 existimatum
2549 1249 2649 1307 est,
2669 1250 2727 1295 ut
2757 1245 2924 1299 virtus
2951 1247 3129 1315 potius
3150 1256 3429 1317 putaretur
3447 1268 3565 1309 esse
3583 1270 3739 1324 quam

2157 1330 2367 1397 vitium,
2399 1341 2454 1386 et
2485 1333 2560 1387 illi
2584 1348 2644 1388 se
2672 1336 2843 1403 magis
2869 1338 3039 1393 virilis
3065 1338 3388 1398 fortitudinis
3414 1360 3531 1400 esse
3559 1348 3739 1403 crede-

2156 1428 2279 1476 rent
2303 1424 2395 1491 qui
2427 1425 2658 1480 maxime
2678 1427 2823 1481 viros
2848 1425 3064 1484 feminei
3094 1447 3221 1486 usus
3250 1433 3612 1503 probrositate
3639 1438 3738 1495 fre-

2154 1513 2375 1580 gissent.
2415 1512 2564 1571 Unde
2593 1517 2755 1572 etiam
2799 1518 2927 1572 illud
2958 1522 3087 1587 fuit,
3134 1523 3276 1591 quod
3304 1525 3424 1580 lixis
3452 1544 3741 1597 puerorum

2153 1604 2429 1674 quondam
2471 1608 2741 1663 exercitus
2768 1613 3235 1681 prosequentibus,
3264 1615 3379 1670 lucc
3404 1620 3559 1687 quasi
3604 1620 3740 1679 bene

2156 1695 2361 1751 meritis
2401 1697 2833 1767 expeditionibus
2860 1702 3123 1771 stipendia
3154 1705 3351 1763 laboris
3378 1709 3739 1768 decernebam

458 1772 788 1841 possidebunt
812 1776 863 1847 (Ι
885 1776 1005 1833 Cor.
1027 1795 1110 1847 vt,
1155 1779 1264 1853 l0).
1294 1781 1431 1839 Illud
1471 1799 1599 1854 ergo
1629 1788 1795 1856 magis
1822 1788 2050 1857 ingenii.
2079 1775 2129 1837 Β
2157 1792 2244 1840 tur
2270 1793 2330 1840 ut
2368 1788 2493 1857 quia
2523 1788 2624 1842 viri
2654 1787 2823 1847 fortes
2859 1801 3043 1847 essent
3064 1832 3079 1859 ,
3112 1795 3257 1852 viros
3285 1798 3338 1852 in
3368 1800 3622 1858 mulieres
3658 1803 3738 1860 de-

458 1866 717 1920 scendum
747 1874 912 1937 atque
939 1870 1228 1939 lugendum
1268 1882 1382 1943 est,
1414 1878 1560 1945 quod
1590 1879 1697 1933 tale
1740 1880 1845 1936 hoc
1871 1882 2050 1939 scelus

458 1958 660 2014 crimen
689 1962 852 2016 ctiam
881 1964 1045 2020 totius
1069 1966 1375 2036 reipublic'e
1401 1969 1701 2038 videbatur,
1723 1981 1778 2027 et
1799 1974 2048 2030 universa

458 2051 688 2109 Romani
718 2058 951 2113 nominis
978 2057 1211 2128 dignitas
1252 2060 1505 2118 facinoris
1542 2065 1835 2134 prodigiosi
1864 2067 2048 2123 inure-

455 2141 615 2199 batur
661 2144 900 2202 infamia.
930 2148 1066 2204 Cum
1112 2152 1255 2206 enim
1299 2154 1615 2210 muliebrem
1662 2157 1903 2214 habitum
1945 2161 2046 2217 viri

454 2244 748 2299 sumerent,
767 2246 821 2292 et
840 2240 1007 2308 magis
1024 2255 1185 2311 quam
1204 2244 1456 2323 mulieres
1475 2246 1696 2313 gradum
1717 2247 2045 2319 frangerent,

453 2343 576 2381 cum
622 2328 814 2386 indicia
863 2331 970 2387 sibi
1011 2334 1258 2402 quasdam
1308 2344 1669 2394 monstruosas
1715 2340 2044 2411 impuritatis

453 2416 810 2484 innectereut,
835 2429 890 2477 et
916 2422 1162 2480 femineis
1183 2428 1479 2495 tegminum
1501 2430 1845 2499 illigamentis
1866 2436 2042 2505 capita

451 2507 725 2574 vetarent,
757 2519 919 2580 atque
964 2513 1070 2570 hoc
1095 2516 1307 2584 publice
1358 2519 1413 2573 in
1456 2528 1484 2557 ι
1522 2522 1741 2578 civitate
1776 2523 2039 2593 Romana,

452 2599 587 2655 urbe
628 2601 736 2657 illic
771 2618 979 2659 summa
1027 2614 1083 2661 et
1120 2608 1499 2679 celeberrima;
1529 2612 1655 2681 quid
1697 2614 1839 2669 aliud
1879 2631 2042 2685 quam

453 2688 685 2746 Romani
714 2692 923 2764 imperii
951 2694 1182 2753 dedecus
1209 2708 1326 2754 erat
1354 2709 1411 2755 ut
1432 2702 1485 2756 in
1528 2704 1707 2760 medio
1733 2707 2041 2776 reipublicae

451 2780 572 2836 sinu
598 2785 1135 2842 exsecrandissimum
1180 2788 1334 2845 nefas
1360 2792 1537 2867 palam
1579 2793 1768 2850 liceret
1796 2796 2042 2854 admitti?

452 2871 699 2930 Potestas
725 2876 925 2947 quippe
945 2893 1137 2948 magna
1159 2888 1215 2935 et
1239 2884 1631 2951 potentissima,
1653 2902 1771 2956 quae
1799 2887 2041 2944 inhibere

450 2965 627 3020 scelus
651 2969 943 3025 maximum
970 2979 1170 3043 potest,
1192 2976 1345 3043 quasi
1369 2977 1564 3046 probat
1589 2978 1787 3034 debere
1826 2979 1959 3048 fieri,
1991 2982 2038 3037 si

452 3054 630 3111 sciens
657 3059 859 3127 patitur
886 3064 1204 3132 perpetrari.
1242 3068 1395 3136 167
1429 3060 1488 3122 in
1514 3068 1670 3137 cuius
1696 3071 1844 3125 enim
1872 3087 2036 3127 manu

449 3155 534 3201 est
562 3155 622 3201 ut
648 3150 953 3217 prohibeat,
990 3151 1145 3223 jubet
1180 3156 1289 3224 agi,
1318 3157 1363 3211 si
1390 3173 1499 3214 non
1528 3159 1779 3228 prohibet
1802 3161 2031 3218 admitti.
2060 3142 2105 3205 C

522 3234 638 3290 XX.
678 3237 893 3305 lterum,
924 3242 1049 3312 quia
1080 3242 1236 3298 dolor
1263 3246 1451 3315 exigit,
1468 3248 1538 3302 ab
1564 3249 1650 3304 his
1675 3250 1767 3319 qui
1795 3251 2042 3308 irascun-

451 3333 538 3381 tur
560 3328 782 3397 requiro
821 3347 839 3382 :
881 3331 936 3385 in
989 3332 1185 3400 quibus
1230 3333 1344 3391 haec
1386 3336 1629 3395 barbaris
1656 3341 1904 3408 gentibus
1946 3350 2042 3397 aut

448 3413 590 3472 facta
623 3425 749 3473 sunt
784 3436 1037 3491 unquam,
1080 3430 1174 3478 aut
1212 3424 1331 3480 ﬁeri
1365 3428 1579 3497 publica
1616 3429 1934 3501 impunitate
1973 3434 2043 3489 li-

449 3508 658 3561 cuerit?
686 3508 945 3579 Denique,
976 3527 1046 3567 ne
1075 3512 1288 3583 longius
1313 3515 1381 3571 de
1408 3519 1509 3574 hac
1534 3522 1813 3592 reambigi
1836 3532 1930 3579 aut
1958 3524 2041 3580 in-

450 3599 703 3666 vestigari
748 3616 971 3658 necesse
1010 3604 1100 3671 sit,
1139 3606 1286 3676 ipsos
1331 3607 1452 3665 illos
1497 3609 1691 3667 Africae
1736 3622 2039 3673 vastatores

447 3688 699 3746 Afrorum
728 3696 941 3764 populis
965 3711 1358 3766 comparemus.
1384 3699 1672 3758 Videamus
1709 3704 1836 3772 quid
1864 3706 2038 3763 simile

447 3798 478 3837 a
505 3781 780 3840 Wandalis
803 3785 1004 3842 factum
1032 3790 1121 3843 sit.
1153 3786 1221 3842 Et
1255 3798 1404 3846 certe
1429 3791 1646 3850 barbari
1692 3795 1924 3853 elatione
1953 3808 2039 3855 tu-

446 3873 596 3939 midi,
629 3874 853 3931 victoria
881 3878 1116 3947 superbi,
1157 3879 1471 3936 divitiarum
1511 3898 1577 3938 ac
1601 3884 1912 3943 deliciarum
1953 3888 2029 3943 af-

446 3962 666 4019 ﬂuentia
687 3966 950 4033 dissbluti,
970 3970 1061 4038 qui
1088 3969 1337 4041 profecto
1351 3974 1562 4030 etiamsi
1590 3977 2037 4037 continentissimi

446 4064 501 4110 et
547 4058 833 4114 castissimi
870 4074 1084 4131 semper
1117 4062 1382 4131 fuissent,
1432 4068 1629 4122 mutari
1672 4078 1848 4126 tamen
1886 4080 2036 4128 tanta

446 4166 624 4205 rerum
652 4152 1131 4211 obsecundantium
1160 4157 1418 4216 felicitate
1446 4170 1765 4232 potuerunt,
1811 4165 2037 4237 ingressi

2151 1886 2442 1933 mutarent.
2475 1876 2801 1937 Prohnefas!
2828 1888 2883 1935 et
2904 1882 3011 1938 hoc
3039 1884 3287 1942 Romani.
3322 1888 3447 1945 Plus
3486 1892 3657 1958 addo,
3688 1905 3739 1951 et

2148 1967 2253 2023 hoc
2279 1967 2507 2024 Romani
2538 1985 2644 2024 non
2673 1970 2832 2045 hujus
2870 1976 3159 2043 temporis;
3191 1986 3448 2047 attamen,
3497 1998 3566 2037 ne
3588 1993 3740 2040 vete-

2148 2074 2236 2114 res
2264 2075 2598 2126 accusemus,
2623 2059 2871 2130 Romani,
2889 2064 2984 2119 sed
3011 2080 3118 2120 non
3145 2069 3368 2138 antiqui,
3395 2070 3506 2140 jam
3535 2069 3740 2135 scilicet

2146 2151 2409 2221 corrupti,
2441 2151 2553 2220 jam
2584 2151 2851 2220 dissoluti,
2877 2153 2989 2223 jam
3018 2157 3122 2212 sibi
3159 2166 3216 2213 et
3243 2161 3354 2215 suis
3380 2162 3645 2233 dispares,
3686 2176 3739 2222 et

2146 2242 2345 2300 Graecis
2363 2259 2524 2314 quam
2546 2245 2806 2325 Romanis
2833 2247 3136 2305 similiores.
3175 2249 3243 2306 Ut
3269 2253 3447 2324 (quod
3467 2271 3612 2327 stupe
3625 2260 3739 2329 jam

2144 2337 2422 2410 diximus)
2452 2340 2673 2393 minime
2725 2342 2919 2396 mirum
2947 2343 3037 2407 sit,
3069 2344 3115 2398 si
3145 2343 3384 2401 Romana
3430 2352 3736 2421 respublica

2143 2426 2430 2496 aliquando
2453 2430 2655 2499 patitur
2680 2432 2825 2500 quod
2851 2431 2961 2501 jam
2991 2432 3192 2489 dudum
3222 2445 3479 2494 meretur.

2214 2517 2355 2573 XXI.
2397 2518 2523 2576 Htec
2567 2531 2700 2590 ergo
2755 2524 3037 2593 impuritas
3091 2527 3145 2580 in
3197 2526 3454 2584 Romanis
3499 2538 3554 2585 et
3608 2541 3735 2590 ante

2141 2608 2339 2665 Christi
2369 2610 2718 2682 Evangelium
2747 2629 2866 2671 esse
2891 2618 3074 2686 coepit,
3104 2624 3180 2683 et,
3211 2618 3355 2687 quod
3380 2629 3462 2675 est
3494 2624 3733 2690 gravius,

2140 2716 2242 2756 nec
2268 2711 2392 2772 post
2419 2701 2707 2773 Evangelia
2750 2709 2997 2762 cessavit.
3029 2708 3098 2763 Et
3134 2711 3256 2779 quis
3294 2720 3416 2781 post
3463 2713 3575 2770 lucc
3626 2732 3734 2772 non

2140 2791 2439 2848 admiretur
2464 2795 2696 2865 populos
2718 2796 3140 2854 Wandalorum?
3168 2801 3259 2870 qui
3290 2802 3511 2870 ingressi
3540 2805 3731 2859 urbem
3808 2869 3817 2874 _

2140 2884 2627 2954 opulentissimam,
2672 2888 2758 2943 ubi
2788 2890 2902 2945 haec
2940 2891 3123 2945 omnia
3169 2893 3365 2961 passim
3396 2896 3729 2962 agebantur,

2137 2976 2215 3031 ita
2240 2976 2457 3032 delicias
2482 2987 2859 3048 corruptorum
2886 2981 3162 3036 hominum
3184 2982 3387 3052 indepti
3411 2991 3552 3048 sunt,
3582 2984 3731 3054 quod

2138 3069 2476 3139 corruptelas
2519 3084 2729 3124 morum
2768 3071 3136 3140 repudiarunt,
3186 3081 3242 3126 et
3265 3089 3417 3128 usum
3464 3074 3730 3131 bonarum

2139 3176 2320 3216 rerum
2366 3161 2661 3231 possident,
2704 3163 2967 3217 malarum
3028 3164 3431 3232 inquinamenta
3471 3167 3726 3223 vitantes.

2141 3250 2398 3307 Sullicere
2426 3252 2586 3320 igitur
2611 3253 2680 3306 ad
2707 3252 2918 3307 laudem
2940 3268 3125 3309 eorum
3156 3256 3270 3311 hcce
3290 3264 3532 3326 possunt,
3561 3259 3728 3312 etiam

2137 3341 2187 3397 si
2215 3341 2319 3399 alia
2357 3357 2468 3397 non
2517 3341 2693 3397 dicam
2744 3360 2757 3395 :
2796 3343 3091 3398 abominati
3135 3346 3278 3400 enim
3322 3354 3448 3400 sunt
3488 3347 3728 3403 virorum

2140 3435 2498 3506 impuritates.
2530 3434 2655 3490 Plus
2682 3435 2857 3491 adhuc
2879 3436 3019 3492 audo
3052 3453 3065 3489 :
3098 3438 3393 3492 abominati
3437 3439 3599 3493 etiam
3651 3439 3728 3494 fe-

2138 3526 2435 3592 minarum,
2478 3526 2805 3582 horruerunt
2849 3526 3015 3581 lustra
3050 3542 3116 3582 ac
3160 3527 3459 3598 lupanaria,
3498 3529 3729 3584 horrue-

2139 3627 2266 3673 runt
2296 3618 2612 3673 concubitus
2644 3625 3032 3687 contactosque
3070 3618 3433 3674 meretricum.
3473 3618 3726 3689 Nunquid

2139 3708 2243 3765 hoc
2271 3707 2526 3765 credibile
2554 3708 2687 3763 ullis
2716 3706 2884 3763 videri
2923 3706 3134 3779 potest,
3164 3708 3439 3766 Romanos
3467 3710 3581 3767 haec
3628 3712 3727 3767 ad-

2138 3799 2368 3864 misisse,
2402 3797 2669 3853 Barbaros
2709 3797 3020 3853 borruisse?
3053 3806 3149 3852 aut
3181 3799 3421 3868 nunquid
3458 3807 3558 3865 est,
3597 3808 3725 3870 post

2138 3890 2239 3946 ista
2264 3904 2384 3960 qua:
2411 3889 2666 3955 diximus,
2697 3887 2844 3958 quod
2873 3888 2979 3945 dici
3006 3904 3165 3959 posse
3185 3890 3467 3946 videatur?
3493 3891 3600 3947 Sed
3640 3899 3725 3947 est

2137 3988 2338 4046 tamen,
2368 3991 2419 4036 et
2446 3980 2615 4035 multo
2641 3980 2763 4050 plus
2801 3988 2900 4035 est.
2932 3980 3066 4035 Nam
3094 3981 3239 4051 quod
3264 3982 3463 4039 vitasse
3498 3999 3593 4039 eos
3634 3999 3725 4040 res

2135 4071 2305 4127 fmdas
2324 4070 2571 4137 diximus,
2598 4070 2772 4125 minus
2791 4077 2891 4124 est.
2908 4068 3094 4126 Potest
3121 4073 3261 4127 enim
3289 4073 3409 4143 quis
3436 4075 3721 4131 inhonesta

2134 4162 2378 4228 horrere,
2428 4177 2535 4217 non
2583 4161 2793 4217 tollere.
2824 4161 2960 4216 Illud
3004 4164 3183 4232 magni
3224 4180 3287 4219 ac
3330 4166 3610 4235 singularis
3638 4174 3721 4223 est

444 4242 667 4310 scilicet,
698 4252 757 4298 ut
784 4246 839 4300 in
877 4246 1070 4302 divinis
1096 4248 1288 4306 litteris
1315 4252 1574 4323 scriptum
1603 4264 1685 4311 est
1715 4255 1901 4329 (Deut.
1940 4277 1994 4316 γι
2015 4302 2030 4326 ,
2134 4255 2332 4318 meriti.
2370 4255 2525 4327 169
2543 4269 2651 4309 non
2680 4254 2856 4314 solum
2884 4254 3057 4324 ipsum
3105 4255 3226 4311 labe
3254 4272 3361 4312 non
3390 4259 3575 4328 pollui.
3622 4259 3725 4317 sed

442 4334 478 4389 ὅ
500 4334 541 4403 ),
572 4342 772 4392 terram
794 4338 933 4394 lacte
959 4348 1015 4395 et
1033 4342 1192 4398 melle
1212 4352 1543 4410 manantem,
1566 4346 1869 4423 repundam,
1899 4368 2035 4423 opu-
2133 4348 2417 4420 providere
2446 4347 2609 4404 etiam
2644 4362 2714 4402 ne
2743 4362 2979 4416 unquam
3013 4349 3103 4402 alii
3133 4350 3460 4418 polluantur.
3508 4352 3717 4410 Procu-

442 4426 1072 4493 lentissimam,omnium
1098 4433 1410 4490 deliciarum
1426 4418 1765 4508 copiisquasi
1787 4443 2028 4512 ebriam;
2063 4515 2106 4535 n
2130 4449 2284 4494 rator
2325 4438 2470 4493 enim
2513 4446 2597 4492 est
2638 4436 3035 4508 quodammodo
3081 4439 3266 4496 salutis
3313 4442 3577 4535 bumanzn,
3624 4447 3722 4514 qui

440 4518 496 4574 in
535 4535 644 4590 qua
691 4522 872 4593 utique
919 4525 1139 4580 minime
1178 4528 1372 4583 mirum
1401 4529 1576 4585 fuerat
1616 4533 1664 4587 si
1708 4534 2032 4592 luxuriasset
2063 4515 2106 4571 θ
2133 4550 2243 4591 non
2274 4541 2482 4589 tantum
2510 4533 2564 4588 id
2604 4534 2716 4600 agit
2743 4541 2803 4587 ut
2831 4533 2945 4604 ipse
2967 4534 3142 4589 bonus
3165 4534 3254 4599 sit,
3285 4522 3378 4590 sed
3406 4535 3621 4591 efﬁcere
3662 4545 3719 4593 et

439 4622 572 4678 gens
618 4612 880 4681 barbara,
925 4616 1017 4672 ubi
1059 4616 1250 4674 similis
1292 4621 1692 4690 quodammodo
1739 4627 2031 4686 luxurianti
2131 4625 2238 4680 hoc
2265 4625 2452 4680 nititur
2478 4630 2539 4678 ut
2578 4624 2671 4678 alii
2715 4623 2842 4678 mali
2880 4638 3001 4679 esse
3045 4626 3326 4681 desistant.
3374 4624 3587 4681 Grande
3632 4634 3718 4682 est

412 4710 557 4757 .erat
585 4703 701 4774 ipsa
746 4716 960 4765 natura.
999 4709 1276 4780 lngressos
1300 4713 1416 4770 haec
1443 4715 1561 4772 loca
1590 4717 1884 4778 Wandalos
1911 4726 2032 4793 quis
2129 4715 2377 4788 profecto
2422 4714 2568 4784 (111οά
2614 4714 2879 4777 ἀίοίῐηυευ
2927 4714 3130 4784 grande
3174 4732 3238 4772 ac
3288 4718 3712 4787 superemi"°"5'

438 4804 547 4844 non
575 4800 728 4863 putet
756 4799 902 4852 omni
923 4815 981 4855 se
1011 4801 1261 4858 vitiorum
1283 4812 1446 4875 atque
1476 4807 1841 4879 impuritatum
1871 4831 2031 4873 caeno
2132 4808 2264 4877 Quis
2309 4807 2493 4863 credat
2530 4806 2821 4863 Wandalos
2861 4806 2917 4860 in
2961 4807 3266 4863 civitatibus
3316 4806 3572 4865 Romanis
3615 4810 3714 4865 ista

438 4884 785 4953 immCPSisse.
817 4898 927 4956 aut,
959 4902 1018 4948 ut
1044 4894 1313 4954 levissime
1362 4900 1558 4969 dicam,
1589 4905 1779 4960 saltem
1826 4908 1915 4964 illa
1961 4910 2034 4967 re.
2129 4900 2359 4957 fecisse?
2389 4899 2616 4955 Remota
2641 4898 2842 4969 quippe
2869 4905 2953 4953 est
2978 4898 3046 4952 ab
3075 4898 3178 4954 illis
3206 4900 3380 4954 omnis
3407 4900 3582 4955 carnis
3609 4899 3714 4953 im-

435 4976 575 5037 cisse
608 4994 728 5050 qua:
759 4981 827 5035 ab
855 4983 995 5039 Afris
1016 4984 1220 5055 iugiter
1253 4989 1398 5047 facta
1436 4993 1678 5061 fuerant,
1712 4997 1765 5051 in
1796 5013 2025 5069 quorum
2119 4994 2344 5068 puritas.
2398 4992 2467 5047 At
2488 4992 2778 5062 “quomodo
2820 4992 3068 5048 remota?
3096 4991 3212 5047 Non
3259 4991 3399 5047 sicut
3444 4990 3713 5047 removeri

431 5068 550 5139 illm
581 5072 906 5141 misrarant?
933 5075 1000 5131 Et
1021 5086 1167 5135 certe
1206 5083 1250 5137 si
1280 5100 1343 5139 ea
1373 5092 1583 5143 tantum
1608 5131 1625 5155 ,
1667 5094 2023 5150 continentis-
2122 5087 2305 5156 aliqua
2335 5101 2366 5139 a
2395 5082 2652 5138 Romanis
2678 5083 2874 5149 solent,
2904 5084 2995 5154 qui
3023 5089 3266 5138 statuunt
3288 5099 3394 5138 non
3417 5083 3713 5138 adulteran-

431 5159 550 5215 simi
581 5177 644 5217 ac
679 5164 1063 5223 modestissimi
1085 5168 1361 5237 judicandi
1400 5186 1582 5242 erant,
1613 5194 1751 5248 quos
1789 5199 1895 5237 non
1943 5183 2025 5239 fe-
2119 5179 2267 5243 dum,
2298 5184 2354 5232 et
2381 5175 2539 5247 primi
2584 5174 2922 5241 adulteram;
2964 5182 3205 5230 δῐεηυυηῑ
3249 5189 3357 5229 non
3405 5173 3712 5240 furandum.

432 5251 595 5306 cisset
619 5255 984 5325 corruptiores
1018 5258 1137 5329 ipsa
1174 5260 1424 5319 felicitas.
1459 5266 1668 5334 Quotus
1695 5272 1836 5326 enim
1882 5275 2025 5343 quis-
2118 5279 2174 5327 et
2221 5272 2484 5324 iurantur.
2514 5266 2770 5334 Quamvis
2800 5281 2938 5337 pene
2973 5283 3082 5323 non
3128 5266 3331 5337 possim
3360 5265 3541 5322 dicere
3567 5264 3711 5334 quod

429 5356 534 5409 quc
561 5344 863 5415 sapientum
890 5355 1001 5413 est,
1042 5363 1205 5419 quem
1227 5356 1461 5467 secuntta
1505 5374 1615 5414 non
1642 5369 1889 5447 'mutent,
1933 5366 2019 5420 cui
2115 5363 2380 5419 furentur.
2410 5360 2528 5416 Non
2556 5359 2700 5416 enim
2733 5367 2859 5416 sunt
2880 5373 3006 5435 quae
3034 5366 3199 5428 agunt
3222 5357 3383 5425 furta,
3414 5357 3510 5414 sed
3540 5357 3709 5412 latro-

1716 5524 2051 5582 STEPHANI
2089 5524 2360 5581 BALUZII
2395 5521 2622 5579 ΝΟΤιΕ.

499 5643 611 5730 {Id
638 5651 742 5712 est,
770 5646 824 5702 in
853 5647 986 5704 urbe
1006 5646 1429 5720 Carthagmensi.
1462 5651 1613 5710 Hanc
1642 5655 1785 5712 enim
1811 5663 1970 5713 vocat
1998 5657 2184 5714 urbem
2213 5655 2530 5722 Romanam,
2555 5655 2681 5726 quia
2710 5655 2957 5714 Romano
2981 5664 3092 5712 tum
3122 5656 3350 5730 imperio
3377 5673 3441 5716 ea
3462 5657 3705 5730 subjecta
3783 5688 3803 5703 ο

425 5722 559 5770 crat.
