4036 6180
314 285 425 342 ιεσ

1376 281 1465 339 DE
1502 277 2031 345 GUBERNATIONE
2070 280 2180 339 DEI
2218 280 2345 337 LIB.
2387 276 2496 337 VII.

3481 285 3596 341 ἔδοι

502 394 661 453 Punlt
687 395 829 453 enim
851 393 1018 464 ludes.
1046 395 1107 452 in
1128 394 1236 459 alio
1260 404 1284 441 θ
1308 396 1638 467 peculatum,
1671 412 1795 453 cum
1823 396 1894 459 sit
1923 405 1967 463 Α
1998 396 2065 453 ad
2093 395 2395 453 maritalem
2434 402 2613 451 torum
2666 396 2895 453 transire
2937 397 3268 465 meretrices,
3299 411 3476 458 scorta
3527 406 3595 461 in

312 493 427 563 Ipse
448 488 747 560 peculator;
778 487 933 559 punit
957 488 1221 558 rapinam,
1249 504 1371 549 cum
1400 488 1516 558 ipse
1561 489 1631 549 sit
1677 495 1891 558 raptor;

310 582 465 653 punit
488 580 761 645 sicarium,
808 596 931 636 cum
970 580 1089 649 ipse
1117 580 1188 639 sit
1213 578 1506 648 gladiator;
1540 579 1694 649 punit
1736 577 1895 642 eﬁ‘ra-

307 682 483 730 etores
503 671 862 731 claustrorum
891 678 948 727 et
976 671 1259 736 ostiorum,
1290 686 1413 727 cum
1440 671 1554 740 ipse
1581 670 1653 724 sit
1676 684 1895 731 eversor

307 764 544 826 urbium;
576 762 730 831 punit
755 762 1145 831 exspoliatores
1172 761 1477 826 domorum,
1508 776 1630 817 cum
1676 760 1789 831 ipse
1826 760 1895 814 sit

303 852 633 922 exspoliator
689 852 967 911 civitatum
1031 862 1193 922 atque
1239 852 1655 922 provinciarum.
1720 850 1894 921 Atque

301 944 404 1001 hoc
434 944 637 999 utinam
672 942 745 997 illi
776 949 985 999 tantum
1014 943 1104 1013 qui
1141 944 1196 997 in
1226 950 1496 1012 potestate
1523 954 1648 997 sunt
1690 942 1849 1013 positi
1875 980 1891 1006 ,

299 1047 354 1092 et
381 1037 575 1105 quibus
596 1036 685 1104 jus
708 1035 1130 1093 exercendorum
1161 1035 1569 1090 latrociniorum
1588 1035 1763 1089 honor
1778 1033 1893 1104 ipse

301 1128 553 1196 largitur!
593 1127 726 1184 Illud
755 1128 972 1194 gravius
1024 1142 1088 1183 ac
1132 1127 1301 1195 magis
1349 1126 1716 1190 intolerabile,
1746 1124 1890 1194 quod

301 1219 401 1276 hoc
430 1220 635 1277 faciunt
654 1227 710 1274 et
741 1219 935 1288 privati
966 1218 1172 1274 hisdem
1202 1228 1328 1274 ante
1365 1218 1662 1273 honoribus
1702 1216 1887 1271 functi.

300 1312 528 1368 Tantum
579 1312 657 1366 eis
704 1309 955 1380 indeptus
991 1309 1159 1364 semel
1187 1309 1363 1363 honor
1388 1308 1482 1362 dat
1525 1306 1796 1371 beneﬁcii,
1830 1313 1890 1361 ut

297 1419 513 1474 semper
545 1403 781 1459 habeant
811 1400 901 1469 jus
948 1398 1323 1457 latrocinandi.
1375 1397 1523 1452 Adeo
1552 1397 1737 1461 etiam,
1764 1410 1886 1450 cum

296 1495 603 1553 destiterint
650 1494 719 1549 ad
767 1489 1249 1547 administrandum
1308 1496 1634 1559 potestatem
1688 1486 1889 1541 habere

295 1589 583 1659 publicam,
616 1600 723 1643 non
752 1583 1001 1643 desinunt
1030 1590 1207 1637 tamen
1239 1580 1304 1634 ad
1336 1577 1761 1634 latrocinandum
1790 1590 1887 1646 po-

292 1684 542 1733 testatem
576 1675 774 1731 habere
801 1672 1065 1741 privatam
1100 1688 1111 1723 :
1139 1685 1203 1725 ac
1230 1670 1307 1724 sic
1336 1669 1506 1723 levior
1535 1674 1617 1721 est
1648 1673 1887 1736 potestas

1995 487 2263 553 connubia
2300 494 2605 559 verterunt;
2656 488 2808 560 171
2860 487 3147 559 implentes
3184 491 3387 548 scilicet
3433 493 3581 564 Apo-

1993 580 2117 643 stoli
2147 580 2350 639 dictum
2378 588 2540 649 atque
2567 579 2901 646 mandatum,
2929 588 2991 635 ut
3018 589 3073 637 et
3101 598 3437 654 unaquaque
3460 601 3582 641 tnu-

1991 671 2093 727 lier
2121 672 2293 726 virum
2319 671 2545 727 haberet
2572 687 2747 739 suum,
2779 678 2834 728 et
2877 675 3244 746 unusquisque
3280 677 3365 731 vir
3391 677 3581 748 conju-

1992 776 2113 832 gem
2144 778 2296 818 suam
2329 762 2373 833 (ι
2403 762 2522 818 Cor.
2573 779 2667 827 vn,
2698 763 2791 831 2);
2823 773 2884 820 ut
2909 766 3034 835 quia
3073 767 3313 823 cohiberi
3344 768 3579 825 inconti-

1994 855 2176 913 nentia
2205 855 2324 909 sine
2366 854 2471 911 hac
2498 856 2731 911 carnalis
2760 873 2887 913 usus
2933 857 3291 927 permixtione
3318 875 3427 918 non
3455 875 3580 932 pos-

1991 952 2092 1009 set,
2116 944 2191 999 ita
2218 944 2518 1013 legitimum
2545 961 2701 1000 usum
2733 947 2883 1002 calor
2903 947 3199 1017 corporalis
3226 950 3495 1019 acciperet
3522 958 3579 1006 ut

1990 1042 2271 1105 peccatum
2317 1034 2708 1095 incontinentia
2744 1052 2851 1091 non
2878 1036 3120 1093 haberet.
3146 1037 3201 1091 ln
3231 1053 3340 1109 quo
3365 1040 3577 1107 quidem

1991 1142 2100 1181 non
2142 1126 2195 1180 id
2246 1126 2621 1183 tantummodo
2667 1128 2943 1197 provisum
2991 1138 3074 1184 est
3104 1139 3162 1185 ut
3189 1131 3334 1186 viros
3370 1130 3578 1188 femina

1988 1217 2253 1274 baberent
2279 1232 2400 1287 qua:
2428 1218 2545 1272 sine
2572 1218 2700 1273 viris
2729 1234 2847 1274 esse
2874 1235 2984 1275 non
3022 1228 3262 1290 possent,
3294 1220 3389 1275 sed
3409 1222 3574 1277 etiam

1990 1317 2049 1364 ut
2079 1324 2176 1380 per
2229 1315 2642 1365 conservatores
2669 1308 2995 1366 domesticos
3047 1312 3207 1365 salvae
3250 1320 3432 1367 essent
3456 1325 3576 1385 qpm

1992 1402 2198 1471 seipsas
2225 1416 2442 1456 servare
2470 1402 2772 1468 nescirent;
2803 1410 2857 1457 et
2885 1403 3220 1458 adhtnrentes
3254 1403 3452 1473 jugiter
3478 1417 3575 1474 gu-

1987 1492 2282 1548 bernaculo
2310 1492 2563 1557 maritali,
2596 1493 2758 1548 etiam
2788 1494 2833 1548 si
2877 1494 2942 1548 ad
2974 1496 3276 1564 improbum
3321 1510 3414 1550 eas
3441 1495 3577 1550 faci-

1988 1598 2089 1637 nus
2112 1582 2447 1638 consuetudo
2468 1591 2731 1637 anteacta:
2758 1584 3079 1654 impuritatis
3104 1586 3365 1650 inliceret,
3389 1584 3575 1655 conju-

1986 1672 2122 1742 galis
2152 1680 2329 1728 tamen
2359 1672 2605 1727 custodia
2637 1674 2704 1728 ab
2735 1674 3080 1743 improbitate
3107 1675 3436 1744 prohiberet.
3468 1673 3574 1733 Ad-

258 1748 265 1753 )
290 1771 378 1824 illa
402 1782 571 1838 quam
600 1765 903 1821 habuerunt
918 1761 1148 1831 judices,
1177 1775 1338 1829 quam
1362 1759 1476 1814 haec
1496 1772 1657 1828 quam
1688 1756 1882 1826 privati
1915 1763 1960 1823 Β
1986 1762 2233 1819 diderunt
2259 1778 2476 1833 quoque
2504 1764 2609 1818 hoc
2653 1764 2721 1818 ad
2768 1764 3044 1819 libidinem
3094 1765 3573 1843 comprimendam,

288 1859 510 1915 habent.
536 1856 593 1913 In
620 1856 710 1910 illa
737 1854 880 1913 enim
903 1853 984 1908 eis
1006 1866 1148 1921 saepe
1173 1849 1497 1914 succeditur,
1534 1848 1587 1902 in
1615 1848 1719 1903 hac
1745 1862 1881 1901 nun-

286 1950 470 2019 quam.
498 1946 640 2003 Ecce
673 1944 802 2014 quid
830 1944 1044 2003 valeant
1089 1949 1290 1999 statuta
1332 1940 1528 2008 legum,
1578 1952 1706 1992 ecce
1752 1936 1882 2009 quid

286 2038 502 2111 proﬁcit
511 2036 753 2097 deﬁnitio
773 2034 1132 2099 sanctionum,
1144 2047 1262 2102 quae
1273 2031 1351 2087 illi
1365 2036 1626 2101 spernunt
1646 2028 1881 2082 maxime

286 2133 374 2201 qui
402 2130 738 2189 ministrant.
781 2126 926 2181 Sane
954 2124 1020 2181 ad
1057 2122 1352 2194 parendum
1388 2120 1618 2176 humiles
1653 2117 1879 2189 abjecti-

286 2237 388 2292 que
412 2227 708 2290 coguntur,
739 2216 1135 2286 compelluntur
1158 2213 1323 2284 jussis
1351 2212 1727 2281 obtemperare
1750 2223 1882 2278 pau-

286 2312 525 2385 perculi;
555 2318 612 2367 et
640 2309 744 2365 nisi
779 2305 1310 2378 obtemperaverint,
1362 2301 1675 2374 puniuntur.
1725 2300 1882 2379 17o

286 2403 548 2464 Eamdem
570 2402 715 2464 enim
755 2398 1020 2457 rationem
1065 2396 1121 2459 in
1164 2395 1267 2453 bac
1312 2408 1372 2450 re
1416 2392 1617 2449 habent
1644 2406 1803 2461 quam
1825 2390 1879 2449 in

287 2493 523 2553 tributis.
555 2490 671 2546 Soli
692 2489 858 2560 jussis
885 2487 1115 2560 publicis
1159 2486 1420 2549 serviunt,
1467 2482 1607 2539 sicut
1649 2482 1750 2537 soli
1781 2481 1879 2539 tri-

285 2588 411 2645 buta
441 2584 686 2643 solvunt.
718 2582 796 2639 Ae
825 2581 900 2637 sic
928 2580 983 2635 in
1012 2579 1145 2651 ipsis
1172 2579 1379 2648 legibus
1418 2585 1472 2632 et
1516 2577 1568 2633 in
1594 2576 1710 2645 ipsa
1733 2575 1879 2645 justa

282 2691 471 2739 rerum
501 2674 863 2745 prteceptione
888 2671 1182 2731 maximum
1205 2669 1475 2738 iujustitire
1495 2668 1668 2723 scelus
1682 2665 1875 2734 agitur,

282 2781 403 2823 cum
427 2781 502 2821 ea
529 2764 767 2819 minores
790 2761 939 2833 quasi
967 2774 1122 2817 sacra
1152 2759 1441 2817 observare
1468 2764 1733 2827 coguntur
1760 2768 1879 2824 qua:

279 2859 522 2928 majores
545 2856 746 2926 iugiter
772 2853 927 2924 quasi
955 2852 1102 2909 nulla
1125 2851 1465 2908 conculcant.

346 2948 522 3004 XXII.
546 2946 765 3003 Excessi
787 2944 1058 3016 paulisper
1073 2951 1309 3014 ereptum
1326 2939 1590 2997 sermonis
1610 2935 1875 3001 ordinem,

279 3058 467 3103 rerum
496 3040 814 3109 indignitate
854 3035 1181 3106 compulsus.
1213 3033 1364 3088 Nunc
1394 3030 1461 3085 ad
1486 3029 1765 3101 superiora
1792 3041 1881 3089 re-

1981 1870 2199 1912 severas
2228 1855 2498 1925 pudicitia:
2538 1856 2846 1910 sanctiones
2870 1855 3210 1911 decretorum
3258 1855 3435 1924 gladio
3477 1855 3574 1911 im-

1980 1946 2297 2017 pudicitiam
2348 1953 2698 2012 coercentes;
2732 1952 2791 2002 ut
2817 1946 3107 2015 puritatem
3149 1944 3353 2000 scilicet
3380 1946 3572 2000 utrius-

1980 2050 2087 2104 que
2114 2050 2277 2090 sexus
2304 2043 2359 2089 et
2380 2034 2528 2091 domi
2557 2035 2813 2091 connubii
2842 2042 3149 2091 reservaret
3174 2033 3416 2101 allectus,
3444 2044 3498 2090 et
3520 2036 3572 2090 in

1980 2128 2201 2199 publico
2227 2136 2405 2183 metus
2442 2128 2654 2197 legum;
2686 2143 2750 2184 ac
2778 2128 2858 2184 sic
2884 2128 3086 2199 duplici
3133 2128 3383 2198 prmsidio
3411 2128 3572 2182 casti-

1981 2222 2161 2276 monia
2191 2221 2472 2287 niteretur,
2499 2236 2622 2276 cum
2665 2228 2722 2276 et
2750 2220 2894 2276 intus
2922 2227 3067 2276 esset
3092 2220 3236 2289 quod
3281 2227 3572 2286 amaretur,

1980 2320 2037 2368 et
2063 2312 2193 2368 foris
2204 2311 2348 2382 quod
2368 2311 2669 2366 timeretur.
2689 2310 2862 2380 Leges
2883 2294 3063 2365 autem
3084 2311 3212 2381 ipsa:
3235 2325 3571 2380 nequaquam

1982 2403 2087 2458 illis
2116 2411 2241 2458 sunt
2263 2402 2471 2472 legibus
2498 2410 2878 2458 consentanea:
2897 2416 3018 2473 quae
3040 2402 3113 2457 ita
3143 2410 3350 2473 partem
3373 2401 3570 2471 impro-

1978 2494 2164 2549 bitatis
2191 2501 2471 2549 removent
2498 2501 2559 2548 ut
2600 2501 2811 2564 partem
2849 2491 3199 2549 obscenitatis
3250 2491 3579 2557 admittant;

1981 2593 2076 2641 aut
2102 2595 2160 2638 ut
2191 2583 2434 2640 Romana
2465 2583 2555 2638 illa
2576 2582 2958 2652 decreta,.quaa
2986 2590 3316 2639 scortatores
3355 2582 3570 2652 quidem

1979 2674 2049 2729 ab
2076 2673 2266 2730 alienis
2294 2673 2552 2729 uxoribus
2569 2679 2935 2739 removerunt,
2958 2672 3025 2729 ad
3050 2688 3238 2728 omnes
3263 2679 3443 2729 autem
3482 2688 3569 2728 so-

1979 2766 2185 2823 litarias
2212 2766 2415 2837 passim
2442 2765 2794 2839 admiserunt,
2818 2765 3082 2821 adulteria
3118 2772 3386 2833 vetantes,
3412 2766 3567 2836 lupa-

1980 2858 2132 2915 naria
2159 2857 2509 2914 mdiﬁcantes.
2541 2856 2863 2917 Timuerunt
2879 2858 3132 2915 videlicet
3158 2874 3226 2913 ne
3256 2858 3416 2915 nimis
3436 2860 3568 2915 casti

1978 2948 2230 3011 homines
2258 2963 2323 3007 ac
2370 2948 2491 3019 puri
2519 2955 2730 3012 essent,
2749 2948 2805 3004 εἰ·
2825 2948 2894 3004 ab
2922 2949 3069 3004 omni
3111 2964 3206 3006 eos
3232 2949 3444 3020 penitus
3466 2949 3570 3005 im-

1978 3040 2217 3112 puritate
2243 3040 2611 3111 prohiberent.
2645 3038 2715 3094 At
2733 3055 2844 3095 non
2872 3039 2946 3095 ita
2975 3040 3063 3095 isti
3085 3040 3152 3096 de
3179 3040 3373 3110 quibus
3391 3040 3568 3110 loqui-

278 3137 529 3192 deamus.
562 3132 804 3189 Diximus
830 3130 1029 3201 quippe
1056 3127 1244 3204 plenas
1271 3124 1435 3182 fuisse
1480 3119 1880 3193 impuritatibus
1906 3131 1957 3194 c
1984 3146 2125 3197 mur,
2154 3131 2247 3201 qui
2301 3132 2378 3187 sic
2404 3131 2751 3187 inhibuerunt
2777 3140 2957 3189 εοοι-ιει
2982 3139 3043 3187 ιιι
3083 3132 3364 3199 adulteria,
3395 3133 3489 3203 qui
3515 3140 3571 3190 ει

279 3223 645 3287 monstruosis
672 3218 866 3275 Africa:
892 3219 1157 3283 civitates,
1189 3224 1242 3272 et
1266 3215 1537 3287 praecipue
1577 3211 1686 3267 illic
1729 3208 1876 3278 regi-

281 3332 401 3371 nam
426 3323 491 3371 et
515 3314 674 3385 quasi
698 3308 1313 3377 dominam,Wandalos
1343 3314 1522 3362 autem
1544 3305 1609 3358 iis
1631 3302 1879 3361 omnibus

280 3424 385 3465 non
416 3406 592 3461 fuisse
617 3405 873 3475 pollutos.
906 3403 1025 3458 Non
1052 3403 1191 3458 tales
1213 3415 1342 3469 ergo
1370 3399 1457 3455 isti
1487 3398 1553 3453 de
1577 3396 1771 3466 quibus
1793 3395 1876 3450 lo-

279 3501 522 3569 quimur,
559 3496 781 3555 Barbari
800 3495 869 3557 ad
897 3493 1286 3551 emendandum
1317 3498 1623 3547 nostrarum
1650 3487 1879 3557 turpitu-

276 3590 468 3647 dinum
491 3589 672 3645 labem
699 3588 1040 3642 exstiterunt.
1072 3584 1422 3641 Abstulerunt
1460 3581 1604 3635 enim
1638 3578 1705 3634 de
1730 3576 1879 3632 omni

282 3680 461 3741 Africa
507 3678 698 3737 sordes
724 3677 962 3731 virorum
1010 3675 1289 3740 mollium,
1322 3672 1670 3741 contagiones
1713 3669 1876 3725 etiam

281 3771 547 3827 humero
576 3767 949 3833 meretricum;
1002 3781 1103 3821 nec
1150 3766 1477 3821 horruerunt
1533 3770 1741 3823 tantum
1786 3768 1879 3815 aut

282 3862 614 3933 temporarie
654 3868 1081 3924 summoverunt,
1109 3858 1203 3913 sed
1242 3858 1458 3929 penitus
1477 3856 1590 3926 jam
1621 3872 1727 3910 non
1758 3868 1878 3909 esse

281 3954 547 4009 fecerunt.
596 3949 641 4005 Ο
682 3952 770 4022 pie
794 3950 1039 4015 Domine,
1062 3965 1095 4004 o
1124 3948 1374 4004 Salvator
1413 3949 1586 4013 bone,
1618 3952 1877 4015 quantum

282 4044 526 4104 efﬁciunt
571 4058 670 4115 per
696 4050 750 4096 te
780 4041 956 4096 studia
1012 4022 1339 4111 disciplinac,
1372 4055 1470 4109 per
1515 4053 1634 4107 quae
1681 4036 1877 4091 mutari

282 4143 511 4205 possunt
536 4135 666 4188 vitia
711 4140 935 4194 natum,
970 4132 1109 4187 sicut
1136 4132 1203 4185 ab
1233 4130 1337 4185 illis
1366 4129 1571 4185 scilicet
1599 4128 1877 4182 immutata

281 4234 425 4281 sunt.
450 4225 522 4280 At
560 4224 835 4293 quomodo
864 4223 1178 4277 immutata?
1222 4221 1454 4285 Interest
1481 4220 1624 4285 enim
1655 4234 1760 4281 non
1788 4233 1877 4273 so-

282 4312 390 4372 lum
417 4315 648 4372 elfectus
675 4329 856 4369 rerum
874 4354 888 4379 ,
921 4312 1018 4367 sed
1045 4313 1210 4367 etiam
1250 4312 1537 4367 elfectuum
1578 4325 1767 4365 causas
1794 4308 1875 4362 di-

282 4424 424 4465 cere.
448 4406 478 4445 δ
509 4403 737 4461 Diﬂicile
774 4411 858 4460 est
884 4404 1083 4474 quippe
1128 4402 1518 4473 impudicitiam
1567 4402 1734 4457 verbo
1781 4407 1876 4454 aut

1979 3220 2207 3277 feminas
2233 3220 2393 3275 nullis
2417 3221 2607 3277 volunt
2635 3236 2757 3278 esse
2790 3220 3018 3278 feminas
3053 3221 3157 3279 nisi
3194 3221 3405 3278 maritis
3437 3222 3568 3287 suis,

1982 3318 2038 3365 et
2062 3311 2207 3367 viros
2234 3311 2395 3366 nullis
2426 3311 2616 3367 volunt
2650 3312 2967 3368 mulieribus
3005 3327 3124 3371 esse
3161 3313 3433 3371 masculos
3468 3312 3568 3368 nisi

1980 3401 2237 3456 uxoribus
2274 3400 2418 3467 suis;
2450 3400 2542 3471 qui
2571 3401 2786 3470 evagari
2825 3401 3088 3465 obscenas
3126 3400 3375 3457 libidines
3414 3408 3565 3458 extra

1978 3490 2275 3560 legitimum
2306 3498 2481 3547 torum
2518 3506 2627 3545 non
2674 3491 2877 3558 sinunt,
2921 3491 3066 3560 leges
3104 3506 3229 3547 suas
3265 3491 3470 3547 scilicet
3498 3491 3566 3547 ad

1978 3581 2171 3638 divinae
2194 3581 2327 3650 legis
2347 3581 2587 3650 regulam
2618 3580 2930 3649 dirigentes,
2966 3584 3121 3653 172
3147 3589 3209 3636 ut
3229 3581 3360 3637 nihil
3388 3580 3491 3637 sibi
3512 3581 3575 3639 in

1979 3675 2081 3730 hac
2109 3682 2171 3730 re
2200 3674 2484 3733 crederent
2506 3674 2670 3729 licere
2696 3673 2842 3744 quod
2871 3674 3012 3729 Deus
3038 3673 3211 3729 voluit
3246 3688 3355 3730 non
3382 3673 3565 3729 licere.

1979 3764 2048 3820 Et
2075 3766 2199 3822 ideo
2227 3782 2336 3823 non
2361 3772 2686 3837 putaverunt
2726 3780 2756 3819 a
2803 3781 2862 3822 se
2890 3765 2981 3821 ulli
3008 3764 3213 3820 homini
3255 3767 3565 3835 permitten-

1978 3856 2125 3923 dum,
2162 3857 2266 3913 nisi
2293 3856 2437 3926 quod
2467 3855 2653 3912 fuisset
2681 3858 2930 3912 omnibus
2958 3871 2987 3911 a
3017 3856 3305 3912 Divinitate
3333 3857 3566 3927 permis-

1977 3965 2117 4005 sum.

2048 4039 2235 4095 XXIII.
2265 4039 2390 4096 Scio
2415 4040 2541 4109 quia
2561 4039 2918 4096 intolerabilia
2940 4042 3257 4111 quibusdam
3289 4042 3566 4097 videantur

1978 4130 2083 4199 ista
2106 4146 2226 4201 qua:
2274 4130 2529 4191 diximus,
2560 4129 2667 4185 Sed
2694 4132 2905 4187 ratione
2929 4147 3110 4186 rerum
3158 4132 3423 4200 agendum
3462 4141 3564 4197 est,

1977 4240 2087 4280 non
2114 4222 2336 4285 libidine
2364 4223 2719 4292 voluptatum.
2753 4223 2904 4277 Dicat
2930 4222 3062 4277 mihi
3096 4223 3338 4292 quisquis
3366 4223 3456 4279 ille
3485 4231 3564 4279 est

1976 4314 2070 4394 qui
2095 4314 2403 4383 indignatur
2422 4328 2509 4368 me
2531 4313 2633 4367 ista
2655 4312 2854 4377 dicere,
2877 4312 3115 4381 nunquid
3142 4328 3247 4367 non
3283 4313 3567 4383 sapientis-

1976 4407 2144 4462 simus
2174 4405 2413 4461 omnium
2447 4404 2701 4459 Socrates
2731 4419 2946 4475 semper
2972 4404 3307 4459 existimatus
3335 4412 3438 4470 est,
3477 4412 3563 4461 te-

283 4503 519 4574 jussione
546 4502 688 4568 tolli,
717 4500 820 4555 nisi
848 4497 1011 4554 fuerit
1038 4498 1249 4565 ablata;
1278 4506 1335 4552 et
1354 4497 1571 4552 difﬁcile
1597 4504 1680 4552 est
1716 4494 1874 4566 pudl-
1903 4503 1951 4565 ι)
1975 4500 2229 4555 stimonio
2257 4499 2460 4555 scilicet
2498 4498 2661 4553 etiam
2700 4498 2941 4569 Delphici
2969 4499 3255 4564 damonis,
3282 4498 3375 4568 qui
3408 4501 3562 4569 quasi

282 4598 461 4653 citiam
502 4594 674 4651 verbo
703 4593 866 4663 exigi,
896 4592 1001 4647 nisi
1038 4591 1200 4647 fuerit
1228 4599 1436 4647 exacta.
1468 4589 1622 4658 Quod
1651 4591 1738 4646 isti
1765 4591 1872 4646 uti-

282 4703 386 4757 que
429 4688 686 4750 scientes,
717 4684 795 4741 sic
845 4680 1229 4753 impudicitiam
1276 4690 1681 4739 summoverunt
1725 4682 1873 4752 quod

284 4778 577 4850 impudicas
604 4782 1080 4855 conservaverunt,
1103 4790 1213 4829 non
1242 4772 1625 4829 interﬁcientes
1650 4773 1872 4828 mulier-

283 4872 428 4925 culas
451 4869 717 4933 infelices,
746 4882 813 4922 ne
838 4867 1088 4921 vitiorum
1110 4880 1294 4921 curam
1313 4864 1634 4921 crudelitate
1656 4879 1870 4936 resper-

284 4969 486 5028 gerent,
519 4967 578 5015 et
604 4958 730 5012 dum
757 4965 981 5028 peccata
1005 4956 1217 5011 auferre
1236 4963 1515 5025 cuperent,
1540 4954 1641 5025 ipsi
1671 4956 1724 5009 in
1741 4969 1869 5025 pec-

286 5059 523 5105 catorum
579 5049 916 5104 resecatione
974 5054 1285 5117 peccarent.
1332 5045 1440 5102 Sed
1497 5046 1571 5100 ita
1626 5054 1872 5103 errantes

287 5141 703 5197 emendaverunt
717 5145 778 5194 ut
796 5137 996 5194 factum
1018 5153 1204 5193 eorum
1231 5136 1495 5193 medicina
1519 5145 1682 5201 esset,
1709 5152 1870 5207 prima

286 5244 395 5286 non
418 5238 581 5287 esset.
612 5228 894 5286 Iusserunt
918 5228 1181 5299 siquidem
1201 5236 1255 5284 et
1275 5226 1652 5300 compulerunt
1679 5241 1871 5281 omnes

1975 4590 2227 4661 princeps
2270 4589 2717 4659 philosophorum
2761 4590 2865 4656 sic,
2902 4597 2963 4645 ut
2988 4589 3375 4644 daemoniorum
3421 4597 3559 4645 erat.

1976 4679 2266 4735 Videamur
2280 4692 2409 4747 ergo
2423 4693 2560 4748 quas
2577 4676 2831 4733 Socrates
2849 4678 2915 4733 de
2937 4679 3189 4748 pudicitia
3211 4679 3358 4747 leges
3377 4693 3568 4734 sanxe~

1974 4770 2067 4836 rit,
2097 4777 2152 4825 et
2177 4783 2315 4839 quas
2339 4769 2415 4824 illi
2454 4769 2524 4825 de
2568 4769 2762 4839 quibus
2790 4768 3075 4835 loquimur.
3112 4766 3358 4835 Uxorem,
3390 4770 3561 4839 inquit

1976 4859 2255 4925 Socrates,
2300 4861 2566 4931 propriam
2608 4858 2779 4913 nullus
2809 4856 3037 4911 habeat:
3063 4861 3397 4917 matrimonia
3424 4862 3561 4915 cnim

1975 4952 2170 5006 cunctis
2192 4950 2376 5006 debent
2402 4967 2515 5004 esse
2555 4949 2847 5003 communia
2871 4964 2889 5002 :
2918 4949 2993 5003 sic
3031 4964 3251 5020 namque
3269 4951 3443 5021 major
3465 4953 3560 5005 erit

1970 5042 2250 5098 concordia
2302 5042 2598 5104 civitatum,
2626 5040 2673 5092 si
2711 5054 2886 5094 onmes
2917 5039 3011 5093 viri
3060 5040 3264 5110 feminis
3291 5040 3405 5094 sine
3449 5041 3559 5095 dis.

1973 5136 2199 5188 cretione
2231 5130 2470 5186 omnibus
2498 5129 2833 5193 misceantur,
2862 5143 3038 5183 omnes
3066 5142 3122 5182 se
3154 5129 3361 5199 femina
3387 5130 3558 5185 omni-

1975 5227 2068 5281 bus
2094 5225 2217 5279 uiris
2238 5225 2349 5277 sine
2376 5222 2709 5275 distinctione
2729 5218 3058 5279 substernunt
3071 5236 3091 5286 ;
3113 5235 3174 5276 ac
3194 5222 3270 5275 sic
3294 5221 3429 5291 ﬁant
3447 5237 3568 5275 σπι-ι

1471 5316 1809 5375 STEPHANI
1846 5314 2114 5372 BALUZlI
2152 5311 2377 5368 NOTAE.

357 5422 385 5452 ι
410 5413 637 5470 Codices
658 5411 1000 5468 Corbeiensis
1038 5419 1096 5467 et
1121 5410 1465 5467 Colbertlnus
1496 5411 1697 5466 habent
1721 5425 1890 5479 βείω.

288 5486 544 5540 lationem.
587 5484 706 5551 Quo
747 5484 909 5538 etiam
950 5481 1113 5538 modo
1161 5490 1476 5537 annotatum
1526 5489 1611 5535 est
1647 5480 1700 5534 in
1730 5494 1875 5534 mar-

288 5556 411 5624 gine
434 5555 687 5624 editionis
710 5552 1023 5608 Pithmanm.

360 5623 390 5663 ιι
418 5624 619 5679 Sensus
656 5623 808 5679 istius
835 5624 938 5679 loci
970 5636 1076 5677 non
1105 5622 1238 5678 satis
1262 5621 1392 5681 mihi
1418 5619 1629 5676 videtur
1653 5626 1872 5673 consta-

294 5708 374 5750 re.
402 5693 615 5750 Mallem
641 5695 825 5764 itaque
859 5694 938 5749 sic
965 5693 1144 5762 legere
1181 5710 1194 5746 :
1228 5689 1423 5749 Inutile
1458 5700 1535 5745 est
1561 5691 1746 5763 quippe
1773 5688 1873 5741 int-

1977 5407 2278 5478 pudicitiont
2306 5403 2573 5478 verbonant
2592 5406 2830 5478 iussione
2856 5406 2990 5471 tolli,
3019 5406 3145 5478 nisi;
3169 5403 3324 5478 fuerit
3346 5401 3557 5467 ablata,

1975 5473 2025 5529 et
2052 5476 2235 5530 inutile
2257 5482 2334 5546 est
2362 5473 2664 5546 pudicitiam
2691 5474 2839 5530 verba
2858 5477 3014 5546 exigi,
3046 5473 3324 5546 nisij‘srqit
3350 5481 3559 5529 exacta.

1975 5546 2210 5608 Mallem,
2228 5554 2285 5600 ut
2305 5541 2436 5609 dixi,
2460 5546 2532 5600 ita
2556 5546 2734 5614 legere
2756 5546 2898 5601 hunc
2918 5541 3111 5600 locum.
3136 5541 3241 5598 Sed
3256 5550 3559 5613 repugnant

1977 5616 2244 5671 editiones
2271 5624 2325 5671 et
2352 5616 2533 5686 scripti
2563 5615 2704 5671 libri.
