4036 6180
485 302 577 358 151

1414 301 1468 357 S.
1511 300 1825 357 SALVIANI
1873 299 2330 359 MASSILIENSIS
2368 296 2795 355 PRESBYTER!

3668 298 3765 359 152

482 432 574 471 nec
598 416 693 470 viri
729 416 957 470 omnium
986 416 1255 471 mulierum
1283 417 1478 481 mariti,
1511 432 1685 470 omnes
1715 416 1923 487 [minae
1949 398 2063 470 οηὶ-
2091 420 2143 479 Α
2169 416 2333 471 etiam
2361 431 2393 470 e
2415 415 2723 471 civitatibus
2760 412 3125 481 sustulerunt;
3168 414 3259 470 ille
3287 423 3558 485 prostrate
3600 418 3764 472 voluit

482 508 625 560 nium
661 507 894 562 uirorum
937 522 1144 561 uxores.
1198 505 1445 576 Nunquid
1490 507 1657 561 ullum
1705 522 1939 576 unquam
1980 516 2072 562 aut

482 597 853 664 phreneticum
880 605 973 651 aut
991 596 1399 661 dmmoniacum,
1422 598 1570 652 varia
1601 598 1928 652 insaniarum
1947 598 2072 653 labe

479 689 758 754 furiosum,
793 689 899 744 tale
925 688 1124 756 aliquid
1151 688 1392 744 locutum
1423 704 1543 743 esse
1571 686 1963 756 cognovimus?
1988 688 2070 743 Tu

478 778 626 844 dicis,
659 779 893 833 maxime
918 778 1381 849 philosophorum,
1404 779 1509 833 hac
1537 780 1747 833 ratione
1778 793 1965 833 omnes
1991 795 2071 833 vi-

478 887 567 926 ros
595 885 715 926 esse
742 870 1062 926 feminarum
1093 871 1331 926 omnium
1352 872 1596 934 maritos,
1622 878 1676 926 et
1704 886 1893 925 omnes
1916 869 2069 926 femi-

475 976 573 1017 nas
599 962 839 1017 virorum
867 963 1107 1017 omnium
1138 977 1355 1020 uxores.
1380 970 1434 1017 et
1455 960 1709 1032 parvulos
1738 977 1927 1017 omnes
1952 977 2069 1016 om-

474 1052 624 1106 nium
656 1049 812 1108 filios.
863 1051 933 1106 At
960 1065 1062 1120 ego
1092 1052 1195 1106 hac
1238 1052 1446 1106 ratione
1494 1051 1635 1118 dico,
1680 1066 1854 1120 neque
1900 1052 2067 1106 ullum

474 1143 651 1196 virum
681 1142 841 1197 ullius
863 1140 1074 1196 femina:
1108 1142 1380 1209 maritum,
1404 1157 1578 1211 neque
1602 1142 1766 1196 ullam
1789 1142 2066 1197 mulierem

473 1233 634 1287 ullius
673 1235 895 1289 masculi
926 1249 1170 1300 uxorem,
1206 1229 1379 1304 neque
1408 1244 1434 1271 ι
1466 1234 1634 1289 ullum
1681 1234 1873 1304 pignus
1913 1234 2069 1289 ullius

473 1324 711 1393 parentis
741 1323 928 1378 filium.
989 1324 1088 1379 Ubi
1116 1325 1258 1379 enim
1308 1326 1611 1396 promiscua
1643 1326 1824 1380 Omnia
1850 1333 1904 1379 et
1931 1341 2066 1380 con-

475 1415 589 1471 fusa
618 1423 764 1481 sunt,
806 1431 964 1471 nemo
1010 1425 1095 1471 est
1134 1417 1227 1487 qui
1263 1432 1420 1471 suum
1458 1418 1630 1487 possit
1658 1417 1861 1487 aliquid
1888 1418 2066 1472 vindi-

474 1522 617 1562 care.
665 1506 775 1563 Nec
818 1505 1016 1562 sufficit
1064 1508 1493 1577 sapientissimo,
1526 1517 1585 1563 ut
1630 1509 1846 1579 quidam
1883 1511 2061 1573 aiunt,

471 1597 793 1668 philosopho
836 1597 1033 1654 docere
1082 1600 1203 1664 hoc,
1238 1600 1339 1653 nisi
1386 1600 1502 1670 ipse
1548 1600 1808 1656 fecisset:
1839 1614 2065 1657 uxorem

472 1690 613 1744 enim
643 1705 795 1745 suam
843 1690 997 1746 alteri
1026 1691 1144 1746 viro
1191 1692 1410 1746 tradidit
1437 1710 1449 1744 :
1482 1692 1689 1748 scilicet
1732 1694 1871 1748 sicut
1898 1697 2062 1749 etiam

2177 520 2367 561 omnes
2410 506 2667 574 virgines,
2707 505 2796 559 isti
2823 514 3003 560 castas
3029 505 3205 560 fecere
3227 506 3559 562 meretrices.
3592 505 3765 577 Atque

2175 594 2381 650 utinam
2420 596 2509 651 hic
2553 594 2797 650 Socratis
2840 601 3049 649 tantum
3096 610 3251 650 error
3297 595 3505 664 fuisset,
3555 612 3665 651 non
3709 606 3766 653 et

2174 687 2530 757 complurium
2561 686 2927 743 Romanorum
2971 703 3035 743 ac
3062 702 3199 757 pene
3243 689 3515 755 omnium;
3543 690 3635 758 qui
3662 691 3763 745 etsi

2172 793 2511 848 nequaquam
2525 779 2764 834 Socratis
2785 780 2948 833 vitam
2969 779 3021 833 in
3044 779 3271 843 caneris,
3291 780 3344 833 in
3372 779 3473 835 hac
3494 796 3553 835 re
3583 789 3763 850 tamen

2173 869 2450 926 Socratica
2481 872 2724 925 instituta
2756 879 3035 925 sectantur
3064 887 3076 924 :
3108 871 3237 939 quia
3254 879 3310 925 et
3337 872 3644 942 complures
3664 872 3764 928 viri

2172 977 2369 1017 uxores
2396 963 2656 1033 plurimas
2675 964 2890 1031 singuli,
2923 971 2975 1018 et
3006 964 3299 1018 innumera:
3339 964 3592 1020 mulieres
3618 966 3767 1020 viras

2172 1052 2479 1122 complures
2506 1053 2730 1121 singula:
2757 1052 2979 1107 habent.
3020 1051 3219 1108 Omnes
3259 1052 3492 1122 denique
3519 1054 3767 1110 civitates

2174 1144 2415 1213 nunquid
2445 1160 2552 1199 non
2595 1145 2778 1199 lustris
2816 1144 2989 1214 plenae
3015 1152 3141 1200 sunt
3168 1159 3231 1199 ac
3272 1144 3621 1215 lupanaribus
3662 1146 3764 1203 fm-

2170 1237 2324 1290 tent?
2346 1235 2412 1290 Et
2434 1237 2559 1305 quid
2580 1238 2703 1292 dico
2729 1239 2957 1293 omnes?
2975 1246 3125 1293 certe
3152 1239 3494 1294 nobilissimae
3512 1254 3763 1311 qumque,

2170 1342 2234 1382 ac
2262 1328 2655 1383 sublimissimm
2682 1329 2819 1384 adeo
2857 1330 3131 1398 dignitatis
3155 1349 3168 1383 :
3199 1346 3319 1400 qua:
3347 1332 3509 1386 etiam
3537 1342 3595 1387 et
3620 1349 3764 1403 pra:-

2174 1419 2416 1486 rogativa
2453 1419 2609 1489 174
2636 1427 2720 1474 est
2761 1420 2877 1475 bzcc
2904 1420 3170 1475 honorum
3201 1421 3255 1475 in
3280 1423 3488 1490 magnis
3518 1423 3761 1489 urbibus,

2171 1521 2231 1564 ut
2255 1519 2515 1579 quantum
2545 1511 2859 1581 praecellunt
2888 1513 3099 1566 caeteris
3138 1513 3524 1581 magnitudine,
3553 1521 3767 1568 tantum

2168 1610 2425 1671 praestent
2454 1602 2779 1672 impuritate.
2808 1601 2876 1656 Et
2897 1617 3017 1671 quae
3044 1617 3184 1668 esse,
3205 1617 3358 1672 rogo,
3383 1603 3629 1659 Romano
3647 1614 3763 1660 sta-

2171 1691 2246 1745 tui
2268 1706 2392 1761 spcs
2412 1699 2610 1761 potest,
2636 1692 2852 1762 quando
2880 1692 3141 1747 castiores
3177 1707 3242 1748 ac
3268 1692 3513 1763 puriorcs
3541 1693 3767 1749 Barbari

474 1782 746 1836 llomanus
792 1779 945 1845 Cato,
978 1782 1032 1837 id
1058 1792 1161 1848 est,
1192 1783 1330 1839 alius
1356 1782 1522 1837 Italia:
1578 1783 1851 1840 Socrates.
1908 1788 2063 1857 173
2098 1795 2141 1853 Β
2168 1797 2330 1851 quam
2359 1782 2591 1837 Romani
2613 1783 2771 1837 sunt?
2792 1781 2989 1837 Parum
3031 1791 3115 1838 est
3142 1784 3288 1852 quod
3329 1783 3577 1839 dicimus.
3631 1783 3767 1851 Qua:

475 1872 611 1928 Ecce
637 1888 757 1942 qua:
778 1882 902 1928 sunt
929 1873 1188 1929 Romana:
1207 1882 1262 1929 et
1280 1872 1470 1932 Attica:
1493 1875 1769 1944 sapientire
1791 1878 2063 1947 exempla:

473 1981 663 2022 omnes
691 1967 905 2036 penitus
934 1967 1179 2032 maritos,
1210 1975 1472 2036 quantum
1504 1968 1556 2022 in
1602 1969 1735 2039 ipsis
1764 1969 1881 2036 fuit,
1911 1972 2068 2027 leno-

471 2075 564 2114 nes
595 2076 822 2115 uxorum
852 2076 1069 2115 suarum
1100 2076 1220 2116 esse
1265 2062 1527 2117 fecerunt.
1572 2062 1678 2118 Sed
1708 2064 1837 2119 vicit
1884 2073 2067 2122 tamen

472 2151 740 2218 Socrates,
768 2153 858 2222 qui
889 2153 956 2208 de
984 2153 1085 2208 hac
1113 2170 1173 2208 re
1201 2162 1256 2208 et
1286 2154 1451 2209 libros
1487 2156 1743 2222 condidit,
1776 2166 1831 2212 et
1856 2175 2066 2214 memo-

470 2240 565 2294 ria:
589 2240 703 2296 haec
732 2241 979 2311 pudenda
1009 2230 1461 2300 mandavit.’Plus
1489 2246 1654 2301 habet
1677 2248 1819 2303 unde
1846 2250 2065 2317 gloriari

471 2331 569 2386 sibi
618 2334 904 2403 praeceptis
949 2335 1061 2389 suis
1104 2335 1295 2405 possit.
1326 2335 1596 2403 Quantum
1649 2338 1718 2393 ad
1765 2340 2065 2396 doctrinam

468 2440 621 2479 suam
652 2418 908 2495 pertinet,
950 2427 1178 2496 lupanar
1207 2428 1332 2483 fecit
1361 2445 1391 2483 e
1429 2430 1652 2485 mundo.
1685 2432 1887 2501 lnjuste
1916 2434 2064 2489 dam-

473 2522 632 2570 natus
652 2516 850 2570 dicitur
870 2532 900 2569 a
918 2514 1207 2585 judicibus.
1250 2517 1317 2571 Et
1338 2535 1521 2573 verum
1547 2530 1648 2575 est.
1683 2520 1902 2577 Rectius
1921 2525 2064 2579 enim

470 2619 591 2658 cum
622 2605 735 2660 lucc
779 2607 906 2660 talia
947 2608 1329 2677 praedicantem
1373 2624 1542 2678 genus
1571 2610 1850 2666 damnaret
1875 2612 2066 2668 huma-

471 2711 617 2761 num,
650 2696 788 2752 sicut
812 2697 1016 2777 absque
1043 2699 1206 2755 dubio
1232 2699 1526 2755 damnavit.
1565 2702 1697 2757 Nam
1729 2720 1849 2759 cum
1880 2706 1933 2760 in
1962 2705 2065 2763 hac

470 2800 530 2841 re
557 2786 859 2843 doctrinam
888 2788 1005 2857 ejus
1034 2805 1223 2846 omnes
1250 2792 1674 2861 repudiaverim,
1707 2810 1897 2852 omnes
1939 2812 2063 2852 cum

470 2893 578 2933 non
607 2878 782 2933 solum
830 2881 1115 2935 sentcntize
1164 2884 1509 2950 auctoritate,
1558 2884 1673 2951 sed,
1718 2886 1864 2955 quod
1893 2880 2063 2944 multo

471 2970 640 3039 magis
686 2978 769 3026 est
790 3013 804 3037 ,
836 2972 969 3043 vitze'_
998 2973 1281 3043 electione
1326 2966 1718 3031 damnaverunt
1751 2996 1762 3031 :
1808 2987 1864 3033 et
1891 2988 2059 3037 recte.

470 3059 831 3115 Conferantur
848 3063 990 3117 enim
1016 3079 1137 3119 cum
1164 3065 1246 3119 his
1266 3080 1386 3134 qute
1409 3066 1498 3121 ille
1519 3069 1817 3137 constituit,
1834 3071 1922 3125 illa
1942 3086 2063 3141 qua:

2172 1873 2347 1936 nobis,
2379 1888 2533 1942 rogo,
2559 1881 2684 1928 ante
2712 1874 2881 1929 Deum
2903 1881 2996 1929 aut
3037 1874 3159 1928 vita:
3180 1888 3300 1928 esse
3325 1881 3420 1928 aut
3444 1874 3615 1929 venite
3641 1890 3767 1945 spes

2170 1971 2369 2035 potest,
2412 1964 2629 2033 quando
2663 1965 2966 2021 caStitatem
3002 1965 3055 2019 in
3089 1964 3341 2019 Barbaris
3378 1964 3669 2028 cernimus,
3711 1974 3768 2020 et

2171 2070 2273 2110 nec
2298 2056 2377 2111 sic
2403 2056 2538 2113 casti
2567 2057 2789 2110 sumus?
2817 2055 3210 2110 Erubescamus
3232 2094 3247 2120 ,
3277 2068 3460 2124 quaaso
3482 2095 3498 2121 ,
3528 2063 3585 2109 ct
3630 2070 3762 2110 eon-

2169 2146 2474 2203 fuudamur.
2506 2146 2623 2201 Jam
2652 2146 2795 2218 apud
2840 2145 3048 2202 Gothos
3091 2146 3344 2216 impudici
3372 2161 3480 2201 non
3508 2154 3635 2200 sunt
3662 2147 3771 2201 nisi

2170 2241 2419 2307 Romani,
2459 2242 2571 2311 jam
2616 2241 2757 2312 apud
2786 2239 3078 2295 Wandalos
3111 2254 3213 2295 nec
3252 2238 3500 2293 Romani.
3533 2237 3768 2293 Tantum

2169 2337 2310 2407 apud
2357 2337 2478 2391 illos
2514 2336 2742 2406 profecit
2778 2334 3015 2390 studium
3028 2333 3396 2398 castimoniae,
3437 2338 3645 2386 tantum
3679 2346 3771 2387 se-

2167 2426 2366 2481 veritas
2393 2426 2704 2495 disciplinm,
2735 2440 2844 2480 non
2857 2424 3033 2479 solum
3057 2423 3201 2492 quod
3223 2423 3325 2493 ipsi
3345 2422 3481 2477 casti
3502 2421 3771 2489 sint,sed,

2168 2527 2227 2573 ut
2256 2534 2370 2573 rem
2398 2518 2639 2573 dicamus
2664 2533 2881 2581 novam,
2913 2532 3026 2572 rem
3057 2516 3457 2581 incredibilem,
3479 2530 3596 2569 rem
3626 2531 3772 2586 pene

2167 2612 2330 2667 etiam
2378 2612 2675 2667 inauditam
2699 2653 2713 2677 ,
2758 2619 2937 2667 castos
2966 2611 3130 2666 etiam
3158 2609 3433 2665 Romanos
3461 2623 3582 2663 esse
3619 2606 3771 2663 fece-

2166 2712 2309 2758 runt.
2342 2703 2400 2759 Si
2428 2704 2712 2759 infirmitas
2754 2704 2808 2767 id
2836 2705 3069 2758 humana
3116 2708 3424 2772 pateretur,
3456 2700 3771 2756 exclamare

2166 2812 2328 2867 super
2354 2798 2497 2854 vires
2524 2813 2674 2852 meas
2702 2812 2979 2867 cuperem,
3010 2804 3071 2850 ut
3094 2803 3211 2851 toto
3239 2795 3372 2849 orbe
3400 2786 3711 2848 rcsonareni
3748 2810 3766 2846 :

2169 2884 2375 2941 Pudeat
2404 2901 2517 2952 vos,
2556 2885 2785 2941 Romani
2816 2886 3016 2954 ubique
3044 2884 3247 2955 populi,
3287 2883 3488 2953 pudeat
3513 2882 3639 2937 vitae
3664 2896 3769 2937 ve-

2165 2990 2308 3034 strm.
2341 2978 2510 3033 Nulla:
2530 2994 2668 3049 pene
2689 2978 2851 3033 urbes
2878 2978 3078 3042 lustris,
3102 2976 3260 3031 nulla:
3288 2976 3510 3031 omnino
3536 2974 3769 3043 impuri-

2165 3071 2365 3126 tatibus
2401 3078 2633 3135 vacant,
2674 3070 2776 3125 nisi
2815 3070 2917 3124 illac
2957 3077 3165 3123 tantum
3209 3068 3264 3122 in
3306 3067 3501 3137 quibus
3538 3066 3768 3120 Barbari

470 3148 777 3223 statuerunt
805 3153 841 3207 ii
869 3150 1007 3225 quos
1045 3154 1312 3237 dominari
1342 3156 1534 3213 Africa:
1563 3159 1705 3215 Deus
1728 3160 1907 3230 jussit.
1941 3162 2065 3218 Sta-
2092 3174 2137 3237 ο
2169 3177 2285 3218 esse
2306 3170 2606 3233 cmperunt.
2638 3161 2708 3215 Et
2729 3161 2991 3215 miramur
3010 3160 3055 3214 si
3084 3159 3282 3225 miseri,
3311 3159 3402 3227 qui
3432 3165 3538 3211 tam
3566 3157 3773 3226 impuri

472 3241 575 3295 tuit
603 3242 693 3297 ille
723 3249 781 3297 ut
807 3236 984 3299 nullus
1013 3236 1227 3314 penitus
1256 3261 1407 3301 suam
1447 3248 1674 3304 haberet
1703 3266 1947 3319 uxorem,
1980 3253 2067 3309 isti

471 3341 530 3388 ut
552 3334 728 3390 nullus
755 3336 971 3406 penitus
1000 3334 1107 3392 non
1138 3354 1320 3405 suam;
1364 3340 1452 3396 ille
1480 3349 1539 3395 ut
1564 3343 1739 3397 omnis
1767 3345 1964 3399 femina
1987 3336 2069 3401 vi-

470 3427 545 3481 ris
591 3430 841 3484 omnibus
895 3426 1214 3499 subjaceret,
1243 3432 1329 3487 isti
1383 3442 1442 3488 ut
1483 3434 1627 3490 nulla
1677 3435 1873 3491 femina
1902 3439 2067 3494 alium

472 3535 632 3588 quam
670 3522 844 3597 virum
873 3538 1029 3578 suum
1056 3532 1341 3600 nosceret;
1374 3526 1462 3581 ille
1489 3528 1892 3595 generationem
1923 3531 2062 3584 mix-

473 3618 578 3664 tam
609 3620 769 3681 atque
823 3614 1122 3680 confusam,
1152 3616 1240 3670 isti
1289 3632 1480 3686 puram
1509 3626 1565 3672 et
1609 3619 1941 3688 ordinatam;
1973 3622 2063 3677 ille

471 3715 659 3756 omnes
684 3702 875 3758 domos
902 3706 1131 3759 scortari
1158 3705 1346 3770 voluit,
1374 3706 1459 3760 isti
1481 3707 1711 3773 nullam;
1742 3710 1829 3764 ille
1856 3710 1908 3764 in
1931 3728 2063 3766 cun-

470 3793 572 3848 ctis
613 3782 933 3850 habitaculis
972 3782 1249 3866 lupanaria
1285 3796 1551 3853 aedificare
1588 3808 1813 3854 conatus
1841 3809 1944 3867 est,
1975 3803 2061 3857 isti

2171 3269 2390 3320 sumus;
2433 3254 2690 3309 miramur
2716 3254 2761 3308 si
2808 3254 2876 3308 ab
2915 3253 3073 3307 hoste
3112 3252 3314 3305 viribus
3354 3250 3636 3314 vincimur,
3665 3250 3770 3318 qui

2168 3347 2452 3402 honestate
2478 3361 2829 3416 superamur;
2860 3345 3120 3399 miramur
3137 3344 3183 3398 si
3212 3344 3353 3399 bona
3383 3350 3566 3397 nostra
3592 3341 3771 3411 possi-

2167 3438 2318 3504 dent,
2357 3438 2449 3507 qui
2491 3438 2631 3491 mala
2672 3445 2854 3492 nostra
2892 3435 3280 3492 exsecrantur?
3319 3433 3430 3489 Nec
3456 3433 3578 3488 illos
3605 3440 3772 3486 natu-

2168 3529 2283 3584 rale
2321 3529 2487 3583 robur
2518 3544 2809 3599 corporum
2849 3527 2977 3582 facit
3017 3526 3256 3591 vincere,
3295 3540 3399 3581 nec
3423 3540 3526 3580 nos
3556 3532 3771 3580 natura

2170 3618 2452 3674 infirmitas
2479 3619 2640 3674 vinci.
2688 3618 2856 3673 Nemo
2885 3617 2986 3673 sibi
3016 3615 3163 3671 aliud
3208 3615 3563 3686 persuadeat,
3597 3629 3769 3671 nemo

2169 3710 2314 3765 aliud
2357 3710 2687 3765 arbitretur:
2724 3710 2839 3765 sola
2879 3724 2979 3765 nos
3022 3722 3235 3763 morum
3275 3715 3584 3762 nostrorum
3628 3706 3765 3761 vitia

2166 3805 2432 3860 vicerunt.

1659 3909 1997 3969 STEPHANI
2035 3913 2305 3971 BALUZII
2344 3915 2571 3974 NOTAE.

544 4001 570 4030 ι
597 3991 654 4047 Id
683 3999 785 4059 est,
815 3994 1382 4064 ullumliberorum,ut
1407 4000 1569 4069 paulo
1599 4010 1725 4057 ante
1752 4003 1910 4058 dixit.

477 4111 2199 4137 Μή

1422 4172 1907 4299 LIBER
1992 4189 2426 4296 ΟΟΤΑ
2454 4185 2792 4295 VUS’:

1649 4381 2587 4409 ----——-_—-—————-—

441 4480 448 4543 ξ
546 4484 707 4555 175
747 4482 789 4539 1.
827 4484 1097 4551 Arbitror,
1147 4487 1312 4541 immo
1359 4495 1541 4542 certus
1581 4504 1699 4542 sum
1729 4487 2062 4544 fastidiosam
2092 4491 2143 4552 D
2168 4496 2333 4559 atque
2356 4488 2628 4545 irridenda
2649 4488 2900 4545 deferre?
2928 4490 3162 4544 maxime
3189 4502 3310 4544 cum
3339 4502 3371 4541 a
3400 4484 3646 4542 fidelibus
3674 4484 3759 4539 vi-

477 4576 720 4647 plurimis
751 4577 879 4652 styli
914 4577 1072 4650 hujus
1100 4581 1464 4650 prolixitatem
1505 4581 1639 4646 fore,
1676 4584 1910 4640 maxime
1936 4585 2064 4654 quia

477 4684 685 4726 morum
708 4682 1013 4729 nostrorum
1043 4674 1175 4728 vitia
1196 4676 1443 4743 castigat.
1477 4672 1678 4731 Omnes
1705 4677 1847 4731 enim
1874 4677 2066 4733 admo-

477 4760 603 4815 dum
630 4776 690 4817 se
716 4761 924 4818 laudari
958 4765 1147 4820 volunt
1179 4782 1192 4819 :
1235 4766 1365 4821 nulli
1395 4773 1549 4834 grata
1578 4767 1928 4835 reprehensio
1962 4776 2061 4822 est.

478 4849 667 4918 Immo,
689 4852 834 4920 quod
861 4855 1017 4924 pejus
1044 4858 1213 4911 multo
1234 4865 1335 4918 est,
1359 4857 1653 4925 quamlibet
1674 4859 1863 4925 malus,
1877 4874 2066 4928 quam-

478 4940 609 4995 libet
661 4943 922 5012 perditus,
973 4945 1178 4999 mavult
1229 4946 1562 5002 mendaciter
1593 4947 1873 5017 prmdicari
1899 4964 2061 5017 quam

476 5029 593 5100 iure
621 5034 966 5103 reprehendi,
998 5043 1055 5091 et
1081 5036 1336 5091 falsarum
1365 5037 1580 5092 laudum
1611 5039 1943 5094 irrisionibus
1969 5024 2083 5095 de-I

477 5120 586 5190 cipi
614 5137 776 5191 quam
805 5125 1161 5180 saluberrima
1181 5126 1551 5184 admonitione
1574 5130 1798 5184 servari.
1836 5129 1904 5184 Et
1940 5146 2060 5186 cum

480 5213 595 5268 haec
628 5213 701 5267 ita
734 5214 862 5280 sint,
900 5215 1029 5286 quid
1061 5217 1327 5287 agendum
1359 5221 1479 5273 est?
1518 5219 1768 5291 Nunquid
1801 5222 2063 5276 voluntati

481 5303 849 5373 improborum
878 5306 1152 5363 hominum
1181 5309 1561 5365 serviendum?
1585 5321 1677 5366 aut
1701 5312 1745 5367 si
1775 5312 1873 5366 sibi
1900 5312 2062 5367 etiam

479 5394 555 5450 illi
585 5395 806 5452 frivolas
850 5399 1034 5457 laudes
1078 5400 1273 5456 deferri
1306 5402 1509 5468 volunt,
1542 5403 1701 5459 decet
1747 5420 1846 5459 nos
1874 5403 2063 5459 frivola

2166 4581 2242 4635 ris
2272 4595 2338 4636 ne
2366 4579 2442 4641 illi
2468 4579 2686 4649 quidem
2715 4578 2929 4635 irrideri
2954 4579 3188 4635 debeant
3216 4579 3306 4649 qui
3335 4593 3394 4634 se
3423 4576 3633 4631 irrideri
3664 4592 3765 4631 vo-

2167 4672 2303 4736 lunt,
2328 4673 2468 4729 sicut
2498 4688 2565 4728 ne
2587 4673 2663 4728 illi
2691 4672 2908 4742 quidem
2936 4671 3269 4728 mendaciter
3292 4668 3677 4740 prmdicariqui
3702 4684 3766 4723 se

2166 4766 2390 4835 cupiunt
2417 4766 2575 4821 titulo
2600 4766 2763 4821 etiam
2796 4774 2821 4802 α
2852 4764 2999 4820 falsa:
3026 4764 3204 4819 laudis
3225 4764 3406 4818 ornari
3439 4782 3451 4816 :
3493 4763 3618 4833 quia
3648 4778 3760 4817 non

2168 4865 2278 4912 tam
2324 4852 2455 4912 illud
2493 4858 2637 4927 quod
2681 4858 3050 4926 unusquisque
3096 4856 3310 4911 illorum
3338 4855 3519 4924 cupiat
3546 4854 3761 4933 audire,

2168 4962 2328 5017 quam
2377 4948 2504 5018 quid
2547 4964 2645 5005 nos
2689 4948 2870 5004 dicere
2912 4948 3103 5004 deceat
3146 4944 3595 5003 considerandum
3640 4955 3756 5009 est;

2167 5040 2439 5111 praecipue
2492 5055 2612 5095 cum
2659 5040 2924 5111 propheta
2971 5039 3159 5094 dicat:
3220 5037 3314 5092 Ve:
3356 5037 3437 5090 his
3465 5039 3549 5106 qui
3578 5036 3759 5090 dicunt

2170 5130 2319 5187 dulce
2363 5149 2599 5187 amarum
2641 5141 2689 5203 et
2730 5149 2968 5186 amarum
2997 5132 3143 5186 dulce
3174 5129 3308 5202 (ha.
3343 5147 3397 5196 v,
3417 5128 3531 5200 ΞΟ).
3557 5130 3633 5184 Ac
3660 5146 3760 5201 per

2170 5223 2277 5278 hoc
2295 5224 2466 5280 modis
2488 5223 2736 5279 omnibus
2756 5221 2989 5280 tenenda
3012 5222 3224 5285 veritas,
3243 5231 3302 5276 ut
3320 5219 3465 5291 quod
3494 5222 3545 5276 in
3567 5236 3628 5276 re
3651 5228 3756 5284 est,

2170 5314 2275 5369 hoc
2302 5322 2358 5369 et
2384 5315 2436 5369 in
2466 5314 2643 5370 verbis
2671 5313 2739 5368 sit
2774 5331 2786 5366 :
2827 5328 2946 5382 qua:
2984 5313 3037 5366 in
3075 5326 3135 5366 se
3166 5310 3501 5367 dulcedinem
3531 5309 3755 5374 habent,

2142 5404 2376 5470 .dulcia;
2399 5419 2516 5473 qua:
2546 5404 2975 5468 amaritudinem,
3007 5418 3189 5458 amara
3212 5400 3490 5467 dicantur;
3520 5415 3756 5472 praescr-

1638 5515 1986 5571 STEPHANI
2023 5514 2298 5572 BALUZII
2335 5516 2563 5572 NOTAE.

562 5608 586 5636 ι
613 5596 713 5666 Qui
742 5615 800 5656 se
830 5601 963 5657 falso
993 5603 1199 5659 laudari
1228 5604 1436 5666 volunt,
1468 5605 1670 5660 utinam
1701 5608 1839 5662 bene
1867 5607 2062 5663 intelli-

480 5671 890 5747 gerentgquanti
935 5675 1192 5747 momenti
1231 5674 1339 5728 sint
1383 5674 1572 5747 laudes
1596 5676 1659 5747 in
1690 5677 2060 5747 immerentem

481 5738 759 5807 conjecta.
789 5738 1041 5796 Sido..ius
1089 5742 1181 5797 lib.
1213 5759 1322 5810 vni,
1361 5745 1516 5813 epist.
1556 5745 1619 5799 lO
1654 5765 1663 5798 :
1700 5745 2060 5811 Symmachia—

2142 5624 2299 5693 num.
2332 5608 2461 5693 illud
2494 5609 3116 5693 te‘cogita‘reIpaufuemt
3135 5626 3160 5691 ε
3183 5606 3403 5693 _L’t‘uera
3432 5610 3547 5690 laus
3571 5618 3749 5693 'armrt,

2166 5679 2243 5762 itu
2273 5675 2691 5762 falsis-fastigii.
2726 5675 2866 5762 Elide
2898 5675 3070 5762 .Nptas
3098 5679 3197 5734 viri
3242 5678 3522 5735 clarissimi
3564 5675 3753 5735 Jacobi

2168 5747 2435 5806 Sirmondi
2467 5749 2534 5805 ad
2561 5747 2702 5806 hunc
2726 5748 2931 5808 Sidonii
2951 5749 3151 5807 locum.
