4036 6180
356 260 387 269 A

284 342 375 397 l5?)

1295 345 1385 403 DE
1424 342 1962 403 GUBERNATIONE
2001 346 2111 402 DEI
2149 348 2275 405 LIB.
2318 344 2450 405 VIII.

3426 349 3529 405 (ει

278 460 361 509 tim
379 470 509 510 nunc
531 451 587 509 in
613 456 830 524 negotio
852 471 1025 522 sacro,
1051 457 1142 512 ubi
1162 473 1193 512 a
1214 459 1458 528 plurimis
1500 468 1701 515 nostra:
1740 458 1840 513 ini-
1868 467 1917 522 Α
1945 462 2090 517 enim
2117 464 2237 533 pius
2266 472 2349 520 est
2378 480 2442 520 ac
2467 463 2792 528 misericors,
2812 475 2868 519 ct
2893 464 3004 534 qui,
3037 473 3097 520 ut
3124 464 3382 536 seriptmn
3425 477 3526 532 est,

275 549 487 618 quitates
515 555 541 584 ι
572 547 685 603 Deo
719 557 1093 617 accensentur,
1141 557 1198 605 et
1246 566 1315 606 ne
1367 551 1695 607 accusabiles
1739 551 1840 621 ipsi

275 653 378 694 esse
394 637 692 704 videantur,
710 639 878 694 Deum
900 656 1155 696 accusare
1175 650 1523 711 pnesumnnt.
1541 641 1675 697 Cum
1697 642 1840 698 enim

275 745 381 784 cum
408 730 732 784 incuriosum
762 739 817 786 et
842 732 1219 799 negligentem,
1248 747 1444 802 resque
1464 734 1723 788 humanas
1749 742 1843 787 aut

274 836 366 875 non
414 834 479 874 ex
521 818 728 888 judicio
774 822 1075 890 gubernare
1113 831 1206 877 aut
1233 824 1396 886 etiam
1421 839 1522 878 nec
1540 825 1840 893 gubernare

272 912 653 982 blasphement;
703 914 832 983 quid
871 914 1014 969 aliud
1047 916 1230 985 utique
1258 916 1425 971 Deum
1452 932 1611 986 quam
1635 917 1840 971 inertia:

271 1011 316 1058 et
332 1003 597 1058 abusionis
616 1010 671 1057 et
699 1005 994 1073 iniquitatis
1022 1008 1314 1062 accusant?
1335 992 1489 1079 176
1520 1006 1565 1060 Ο
1592 1008 1838 1061 humanae

270 1096 568 1165 insipientia:
597 1098 914 1152 caecitatem!
940 1096 983 1151 Ο
1012 1099 1212 1154 insana:
1241 1103 1557 1155 temeritatis
1576 1100 1831 1154 furorem!

268 1186 416 1242 Deum
435 1202 588 1257 ergo,
620 1203 654 1242 o
679 1188 864 1250 homo,
906 1188 1233 1257 incuriosum
1261 1205 1326 1245 ac
1354 1191 1710 1259 negligentem
1738 1204 1837 1243 vo-

265 1278 375 1332 cas?
399 1276 454 1333 Si
500 1278 799 1346 quemlibet
825 1278 1179 1346 ingenuorum
1209 1281 1485 1335 hominum
1515 1281 1615 1336 hac
1640 1289 1835 1335 contu-

265 1368 402 1423 melia
445 1368 698 1434 lmdercs,
747 1368 1061 1438 injuriarum
1104 1371 1449 1426 insolentium
1494 1387 1617 1427 reus
1653 1386 1831 1437 esses;

263 1457 429 1514 l’certe
440 1461 487 1514 si
510 1460 853 1515 illustriorem
869 1462 1174 1532 quempiam
1191 1479 1254 1519 ac
1270 1464 1654 1530 sublimiorem,
1671 1466 1833 1519 etiam

261 1568 525 1607 censuram
549 1553 689 1622 juris
717 1554 916 1624 publici
963 1556 1277 1619 sustineres.
1312 1556 1535 1627 Pupillis
1564 1558 1706 1612 enim
1749 1560 1836 1613 vel

261 1644 473 1698 maxime
526 1644 767 1713 prodigis
808 1646 921 1701 haec
965 1647 1301 1715 objiciuntur.
1315 1649 1624 1719 opprobria,
1652 1649 1832 1720 perdi-

262 1744 418 1790 torum
464 1737 576 1793 hoc
603 1737 1023 1794 adolescentium
1053 1742 1289 1811 speciale
1318 1742 1617 1797 convicium
1644 1750 1746 1808 est,
1774 1751 1835 1797 ut

1947 555 2216 609 neminem
2255 556 2388 611 velit
2414 555 2592 626 perire
2620 555 2707 609 vel
2758 554 2951 610 laedere
2980 554 3022 625 (l
3052 555 3184 610 Tim.
3213 573 3267 621 ιι,
3299 554 3377 627 tl).
3422 556 3530 612 Nos
3619 584 3623 594 -

1943 660 2072 714 ergo
2099 647 2383 702 adversum
2409 662 2510 701 nos
2535 646 2714 701 omnia
2739 644 2979 701 facimus.
3008 646 3151 700 Nihil
3173 648 3373 716 itaque,
3397 647 3527 702 nihil

1942 743 2026 789 est
2054 736 2107 788 in
2138 752 2236 790 nos
2264 736 2535 791 crudelius
2566 737 2721 791 nobis
2747 754 2759 789 :
2790 752 2909 798 nos,
2942 737 3181 805 inquam,
3211 754 3311 795 nos
3363 739 3526 794 etiam

1942 826 2054 882 Deo
2085 829 2299 883 nolente
2327 829 2648 883 crueiamus.
2676 828 2782 883 Sed
2810 829 3060 884 videlicet
3105 831 3390 885 adversum
3439 847 3526 887 me

1942 918 2112 987 ipsum
2143 919 2322 974 dicere
2358 921 2565 985 videor,
2598 922 2689 990 qui
2727 937 2848 977 eum
2884 923 3129 991 superius
3179 924 3405 978 dixerim
3454 926 3525 979 ob

1937 1019 2158 1082 peccata
2187 1022 2371 1066 nostra
2400 1029 2499 1068 nos
2523 1014 2699 1082 puniri
2720 1030 2748 1066 a
2775 1014 2905 1078 Deo,
2937 1029 3078 1068 nunc
3101 1014 3275 1068 dicam
3302 1032 3405 1071 nos
3419 1032 3523 1086 pu—
3602 1040 3603 1043 η

1940 1103 2039 1156 niri
2068 1118 2097 1155 a
2122 1103 2276 1157 nobis
2306 1103 2449 1173 ipsis.
2484 1102 2781 1174 Utrumque
2800 1119 2985 1159 verum
3012 1113 3111 1160 est.
3136 1103 3177 1157 A
3202 1105 3312 1160 Deo
3327 1108 3524 1177 quippe

1937 1193 2225 1262 punimur;
2258 1194 2349 1249 sed
2375 1194 2474 1264 ipsi
2505 1194 2727 1249 facimus
2756 1203 2813 1249 ut
2840 1196 3143 1264 puniamur.
3173 1194 3306 1249 Cum
3341 1207 3522 1253 autem

1937 1285 2128 1353 punire
2168 1301 2265 1339 nos
2290 1286 2391 1355 ipsi
2417 1285 2659 1352 facimus,
2688 1286 2772 1341 eui
2797 1287 3014 1341 dubium
3038 1295 3122 1341 est
3149 1288 3276 1356 quin
3304 1289 3402 1359 ipsi
3425 1306 3521 1346 nos

1937 1378 2134 1431 nostris
2188 1378 2501 1433 criminibus
2538 1379 2860 1448 puniamus?
2913 1378 3046 1444 Quia
3086 1380 3389 1449 quicunque
3432 1372 3523 1435 dat

1936 1483 2155 1522 causam
2184 1485 2289 1538 qua
2321 1471 2593 1539 puniatur,
2627 1473 2739 1540 ipse
2763 1486 2822 1525 se
2841 1471 3014 1540 punit,
3037 1472 3328 1526 secundum
3356 1472 3517 1527 illud:

1936 1557 2171 1614 Funibus
2200 1571 2526 1631 peccatorum
2554 1578 2762 1616 suorum
2783 1564 3125 1634 unusquisque
3151 1565 3520 1634 constringitur

1938 1649 2119 1723 (Prov.
2152 1666 2206 1713 v,
2236 1648 2349 1718 29.).
2371 1649 2526 1719 Ergo
2555 1651 2599 1705 si
2640 1651 2853 1706 funibus
2908 1659 3247 1721 peccatorum
3299 1670 3517 1713 suorum

1940 1741 2179 1810 perversi
2205 1741 2454 1796 homines
2483 1741 2787 1809 alligantur,
2812 1742 2927 1812 ipse
2951 1757 3010 1796 se
3037 1742 3240 1811 absque
3260 1742 3421 1798 dubio
3441 1744 3516 1798 al-

256 1827 500 1882 abusores
528 1829 737 1884 scilicet
764 1839 819 1884 et
858 1830 1111 1887 incuriosi
1168 1847 1231 1887 ac
1269 1834 1602 1902 negligentes
1651 1849 1830 1889 rerum
1866 1831 1908 1890 Β
1935 1831 2064 1900 ligat
2091 1839 2348 1901 peccator
2372 1832 2617 1900 quisque,
2651 1847 2773 1886 cum
2798 1840 3003 1901 peccat.

238 1914 452 1973 suarum
501 1935 625 1975 esse
643 1920 909 1976 dicantur.
933 1920 979 1975 Ο
1013 1923 1289 1992 sacrilega:
1317 1940 1497 1991 voces,
1530 1941 1563 1980 ο
1592 1926 1829 1996 profante

255 2010 631 2078 procacitatcs!
658 2011 825 2065 Deum
843 2026 972 2080 ergo
999 2014 1103 2069 hoc
1124 2029 1244 2069 esse
1264 2015 1489 2070 dicimus
1508 2017 1651 2085 quod
1666 2018 1827 2071 etiam

255 2097 379 2153 inter
420 2099 677 2154 homines
719 2116 829 2155 non
878 2088 1399 2172 nisi‘perditissimos
1425 2108 1830 2175 nuncupamus?

255 2186 490 2254 Quamvis
542 2206 649 2245 non
703 2191 819 2246 sola
860 2191 959 2247 ista
987 2192 1253 2248 dicantur.
1284 2194 1421 2249 Nota
1448 2197 1645 2266 quippe
1668 2198 1739 2262 ei,
1769 2206 1830 2252 ut

254 2288 363 2335 ante
383 2280 497 2349 jam
525 2281 658 2347 dixi,
690 2283 853 2337 etiam
884 2284 1183 2354 iniquitatis
1210 2286 1540 2356 impingitur.
1573 2287 1631 2342 Si
1684 2287 1826 2342 enim

253 2386 336 2426 nos
359 2387 477 2442 quze
507 2374 748 2443 patimur
774 2390 884 2430 non
913 2391 1206 2442 meremur,
1236 2384 1292 2432 et
1342 2370 1547 2447 indigni
1587 2379 1830 2434 miseria-

252 2478 352 2517 rum
395 2466 749 2535 pnesentium
806 2467 1090 2523 tolerantia
1127 2486 1331 2536 sumus,
1365 2471 1617 2540 injustum
1640 2474 1829 2543 utique

252 2552 398 2610 Deum]
423 2557 680 2623 dicimus,
709 2560 802 2629 qui
830 2575 928 2615 nos
951 2560 1142 2629 jubeat
1166 2564 1306 2616 mala
1331 2563 1547 2633 indigna
1576 2566 1825 2622 tolerare.

248 2643 339 2701 Sed
360 2663 465 2703 non
499 2656 638 2715 tam,
672 2650 868 2719 inquis,
896 2651 1051 2720 jubet
1077 2668 1237 2722 quam
1270 2656 1549 2724 permittit.
1600 2656 1829 2727 Acquie-

247 2755 442 2797 seamus
494 2743 606 2797 hoc
648 2743 720 2797 ita
748 2759 887 2799 esse.
921 2742 1026 2799 Sed
1055 2760 1216 2814 quam
1243 2746 1423 2816 longe,
1453 2762 1654 2816 qumso,
1687 2757 1770 2805 est
1796 2766 1828 2804 a

243 2828 447 2896 iubente
478 2833 848 2902 pennittcns?
875 2833 975 2902 Qui
1003 2835 1147 2889 enim
1173 2835 1275 2891 scit
1300 2852 1399 2891 nos
1428 2837 1528 2891 ista
1568 2837 1826 2908 perferre,

244 2931 291 2975 et
314 2924 607 2992 prohibere
653 2933 832 2995 potest
878 2942 947 2980 ne
1003 2927 1357 2997 perferamus,
1408 2930 1601 2999 probat
1627 2931 1829 2999 absque

245 3014 390 3068 dubio
431 3016 644 3072 debere
684 3016 922 3086 perferre
951 3034 1283 3089 qumeunquc
1312 3021 1513 3091 patitur
1539 3024 1824 3079 sustinere.

248 3102 381 3162 Unde
414 3108 672 3164 videmus
709 3110 832 3178 quia
857 3109 1041 3180 judicii
1072 3120 1154 3168 est
1184 3114 1265 3169 sui
1289 3114 1436 3184 justa
1463 3117 1744 3186 permissio
1774 3124 1829 3173 et

2002 1921 2065 1976 ll.
2107 1920 2214 1976 Sed
2257 1922 2385 1991 quia
2435 1922 2504 1976 de
2548 1922 2860 1991 impuritate
2913 1921 3163 1977 Afrorum
3196 1921 3306 1991 jam
3351 1923 3516 1978 multa

1929 2012 2179 2077 diximus,
2213 2029 2355 2068 nunc
2380 2012 2449 2068 de
2469 2013 2817 2082 blasphemiis
2837 2014 3028 2068 saltem
3058 2030 3226 2084 pauca
3252 2014 3514 2070 dicamus.

1930 2102 2177 2160 Professa
2206 2105 2347 2159 enim
2369 2092 2476 2159 illic
2490 2103 2690 2172 jugiter
2710 2104 3062 2173 plurimorum
3090 2106 3369 2174 paganitas
3395 2105 3512 2161 fuit.
3583 2108 3587 2113 ’

1930 2196 2212 2252 liabebant
2261 2198 2459 2267 quippe
2511 2197 2647 2250 intra
2706 2212 2890 2251 muros
2943 2197 3147 2266 patrios
3201 2198 3514 2253 intestinam

1928 2289 2126 2353 scelus,
2161 2299 2182 2327 ο
2212 2287 2489 2343 cmlcstem
2508 2286 2655 2342 illam
2677 2287 2901 2351 scilicet,
2942 2286 3190 2342 Afrorum
3218 2289 3515 2344 daemonem

1928 2377 2049 2433 dico
2076 2396 2088 2430 :
2120 2378 2206 2433 cui
2235 2376 2376 2443 ideo,
2408 2385 2468 2430 ut
2487 2392 2632 2443 reor,
2658 2386 2870 2432 veteres
2896 2378 3089 2446 pagani
3117 2385 3224 2431 tam
3263 2380 3518 2448 speciosa:

1930 2469 2305 2540 appellationis
2359 2468 2571 2522 titulum
2619 2468 2911 2533 dederunt;
2961 2475 3021 2522 ut
3071 2469 3196 2537 quia
3226 2470 3278 2522 in
3305 2484 3372 2523 eo
3406 2485 3516 2524 non

1929 2567 2048 2613 erat
2073 2572 2294 2623 numen,
2318 2557 2405 2611 vel
2434 2572 2629 2611 nomen
2659 2566 2832 2623 esset;
2874 2564 2929 2611 et
2964 2559 3090 2626 quia
3142 2574 3249 2613 non
3286 2558 3518 2615 habebat

1930 2651 2165 2721 aliquam
2196 2665 2263 2705 ex
2292 2657 2561 2719 potestate
2618 2650 2890 2715 virtutem,
2940 2650 3162 2705 haberet
3208 2651 3398 2707 saltem
3449 2668 3517 2709 ex

1931 2743 2195 2798 vocabulo
2225 2742 2559 2811 dignitatem.
2603 2739 2735 2808 Quis
2764 2756 2893 2810 ergo
2933 2742 3009 2796 illi
3036 2742 3182 2797 idolo
3205 2759 3310 2798 non
3341 2744 3518 2799 initia-

1930 2840 2036 2899 tus,
2067 2831 2187 2901 quis
2219 2847 2325 2886 non
2354 2847 2385 2885 a
2411 2832 2577 2901 stirpe
2599 2831 2714 2900 ipsa
2741 2829 2963 2886 forsitan
2998 2846 3061 2887 ac
3097 2833 3378 2887 nativitate
3423 2833 3519 2888 de-

1927 2926 2120 2980 votus?
2171 2923 2281 2979 Nec
2305 2923 2501 2993 loquor
2527 2923 2594 2977 de
2618 2923 2924 2978 hominibus
2961 2924 3099 2979 sicut
3120 2925 3226 2978 vita
3254 2925 3326 2979 ita
3355 2926 3517 2980 etiam

1928 3016 2263 3088 professione
2288 3031 2352 3070 ac
2379 3015 2639 3069 vocabulo
2670 3016 2910 3085 paganis,
2941 3025 2999 3069 et
3024 3017 3115 3084 qui
3141 3017 3283 3072 sicut
3310 3016 3516 3087 profani

1931 3118 2088 3165 erant
2116 3120 2325 3175 errore“,
2357 3109 2436 3164 sic
2476 3109 2714 3163 nomine.
2743 3107 3099 3163 Tolerabilior
3141 3110 3338 3179 quippe
3358 3119 3441 3164 est
3464 3120 3519 3165 et

242 3198 491 3252 Sententia
554 3213 806 3268 superna,
846 3201 989 3269 quod
1048 3203 1304 3271 patimur.
1348 3202 1483 3258 Cum
1538 3207 1680 3260 enim
1724 3203 1903 3265 sintC
1933 3203 2109 3256 minus
2139 3200 2342 3255 nefaria
2393 3200 2666 3268 gentilitas
2710 3198 2764 3253 in
2816 3199 3120 3254 hominibus
3173 3200 3518 3270 professionis

242 3290 402 3344 omnia
450 3290 695 3365 ditionis.
735 3307 919 3357 sacrm,
962 3301 1017 3347 et
1042 3302 1202 3349 nutus
1228 3295 1323 3350 Dei
1355 3305 1547 3352 cuneta
1575 3299 1825 3354 modere-

242 3389 330 3445 tur,
346 3381 617 3452 quidquid
639 3384 901 3439 malorum
926 3386 1168 3456 quotidie
1188 3402 1575 3458 pmnarumque
1602 3389 1827 3460 perferi-

241 3484 360 3537 mus,
412 3488 654 3529 censura
687 3481 770 3529 cst
796 3473 991 3530 divina:
1021 3492 1213 3533 manus
1243 3496 1255 3531 :
1288 3492 1451 3547 quam
1480 3480 1667 3548 utique
1695 3495 1825 3535 cen-

240 3576 398 3617 suram
428 3581 536 3619 nos
592 3564 933 3620 inardescere
975 3566 1199 3623 facimus
1238 3575 1294 3622 et
1340 3568 1578 3637 peccatis
1625 3569 1824 3624 nostris

237 3647 412 3721 iugiter
438 3669 857 3711 commovcmus
881 3674 895 3709 :
919 3672 1019 3711 nos
1047 3658 1281 3713 caelestis
1305 3658 1399 3713 irae
1427 3659 1603 3727 ignem
1629 3675 1824 3715 accen-

237 3741 411 3810 dimus,
468 3756 530 3802 et
573 3748 871 3804 excitamus
921 3748 1169 3805 incendia
1197 3751 1391 3819 quibus
1419 3751 1718 3806 ardeamus.
1754 3750 1824 3807 Ut

234 3846 363 3893 recte
393 3839 611 3909 utique,
644 3841 858 3910 quoties
889 3842 1031 3896 mala
1060 3842 1160 3897 ista
1188 3842 1528 3913 perferimus,
1561 3844 1723 3899 etiam
1754 3843 1822 3899 ad

235 3940 322 3981 nos
340 3927 443 3984 dici
475 3929 613 3984 illud
642 3931 1015 4000 propheticum
1055 3933 1225 4003 possit
1257 3950 1270 3986 :
1328 3932 1411 3988 Ite
1455 3935 1511 3988 in
1558 3935 1822 3997 ﬂammam

232 4015 352 4087 ignis
375 4038 532 4092 quam
567 4021 875 4076 accendistis
898 4021 1034 4094 (Isa.
1065 4039 1116 4088 ι,
1149 4023 1260 4097 Η).
1289 4023 1367 4080 Ac
1393 4039 1491 4094 per
1514 4024 1637 4088 hoc,
1664 4025 1820 4094 juxta

230 4111 547 4165 sententiam
603 4127 833 4176 sacram,
895 4102 1048 4183 177
1084 4114 1199 4183 ipse
1237 4114 1337 4169 sibi
1388 4122 1546 4185 parat
1571 4124 1823 4184 peccator

230 4196 443 4268 quisque
496 4200 652 4271 quod
703 4202 909 4271 patitur
948 4202 1175 4273 (Psalm.
1208 4203 1323 4274 vu).
1358 4203 1499 4259 Nihil
1527 4210 1610 4259 est
1636 4205 1819 4273 itaque

230 4288 359 4352 quod
383 4290 793 4347 calamitatibus
818 4293 1018 4348 nostris
1064 4292 1178 4350 Deo
1216 4294 1482 4363 imputare
1527 4294 1814 4364 possimus.

229 4372 729 4437 Noscalamitatum
775 4389 1084 4439 nostrarum
1107 4390 1358 4439 auctores
1411 4399 1614 4440 sumus.
1666 4384 1810 4440 Deus

1927 3308 2056 3348 suae.
2096 3293 2251 3362 178
2273 3290 2405 3355 Illud
2429 3289 2781 3359 perniciosius
2800 3304 2865 3344 ac
2888 3290 3182 3355 scelestius,
3206 3290 3349 3358 quod
3365 3290 3516 3344 multi

1926 3400 2113 3441 eorum
2162 3384 2255 3452 qui
2284 3381 2703 3452 ‘professionem
2733 3379 2947 3436 Christo
2980 3382 3308 3444 dicaverant,
3340 3389 3518 3437 mente

1924 3476 2081 3532 idolis
2101 3473 2429 3530 serviebant.
2454 3472 2584 3537 Quis
2599 3472 2741 3526 enim
2769 3486 2876 3525 non
2906 3486 3094 3526 eorum
3116 3471 3206 3539 qui
3228 3469 3515 3526 Christiani

1925 3565 2352 3635 appellabantur,
2408 3561 2685 3617 ctelestem
2743 3560 2890 3614 illam
2938 3569 3033 3614 aut
3079 3568 3204 3630 post
3245 3560 3516 3614 Christum

1923 3655 2186 3719 adorabit,
2219 3662 2331 3719 aut,
2360 3652 2503 3721 quod
2533 3657 2616 3706 est
2643 3650 2797 3721 pejus
2824 3650 3014 3715 multo,
3047 3659 3333 3719 antequam
3361 3650 3517 3706 Chri—

1909 3749 2101 3803 stum?
2128 3746 2260 3813 Quis
2288 3761 2393 3801 non
2424 3744 2875 3799 daemoniacorum
2897 3742 3278 3799 sacrificiorum
3328 3744 3517 3800 nidore

1921 3839 2113 3910 plenus
2150 3837 2344 3893 divina)
2380 3836 2573 3891 domus
2612 3836 2773 3889 limen
2812 3834 3048 3899 introiit,
3092 3842 3148 3889 et
3182 3850 3304 3890 cum
3345 3834 3516 3890 fetore

1922 3932 2161 4002 ipsorum
2181 3930 2502 3992 dmmonum,
2533 3926 2733 3982 Christi
2755 3928 2926 3983 altare
2953 3928 3286 3994 conscendit,
3319 3937 3379 3982 ut
3404 3943 3513 3982 non

1925 4033 2035 4079 tam
2065 4022 2311 4077 immanis
2331 4020 2568 4076 criminis
2596 4019 2783 4075 fuisset
2801 4019 2868 4073 ad
2892 4020 3148 4090 templum
3174 4020 3383 4075 Domini
3407 4035 3514 4074 non

1928 4115 2119 4171 venire
2138 4128 2299 4182 quam
2327 4112 2407 4166 sic
2434 4111 2652 4165 venire?
2675 4110 2809 4176 Quia
2843 4108 3178 4165 Christianus
3205 4111 3297 4179 qui
3325 4111 3391 4164 ad
3420 4126 3515 4167 ec-

1926 4204 2141 4261 clesiam
2173 4216 2281 4256 non
2326 4199 2495 4263 Venit,
2528 4198 2866 4265 negligentia:
2894 4214 3017 4252 reus
3044 4207 3153 4263 est;
3195 4199 3286 4267 qui
3333 4205 3513 4253 autem

1926 4295 2006 4349 sic
2034 4292 2204 4354 venit,
2237 4288 2524 4357 sacrilegii.
2567 4287 2789 4342 Minoris
2830 4288 2971 4343 enim
3022 4288 3217 4357 piaculi
3247 4304 3333 4343 res
3360 4297 3442 4344 est
3468 4289 3514 4345 si

1918 4384 2099 4438 honor
2145 4382 2259 4436 Deo
2286 4394 2396 4434 non
2424 4376 2714 4443 deferatur,
2740 4392 2902 4447 quam
2928 4378 2974 4433 si
3004 4378 3271 4447 irrogetnr
3294 4379 3507 4450 injuria.

1408 4513 1746 4570 STEPHANI
1782 4511 2053 4569 BALUZII
2090 4508 2320 4566 NOTAE.

293 4657 316 4688 ³
359 4647 545 4704 Editio
584 4649 933 4723 Brassicani:
977 4650 1245 4723 Tanquam
1274 4650 1386 4707 Deo
1423 4651 1595 4708 dulces
1640 4654 1821 4707 existi-
1917 4660 2177 4707 ornatum.
2235 4647 2501 4723 Pleraque
2553 4647 2657 4723 alia
2708 4645 3012 4723 testimonia
3064 4646 3333 4723 congessit
3383 4646 3508 4702 illu-

229 4730 459 4784 mantur;
486 4729 540 4773 et
569 4736 635 4773 ne
663 4721 999 4785 accusabiles,
1034 4721 1138 4776 etc.

1915 4723 2210 4779 strissimus
2240 4714 2527 4775 cardinalis
2554 4717 2813 4771 Baronius
2845 4715 2911 4768 ad
2944 4731 3141 4769 annum
3177 4714 3297 4780 599,
3332 4726 3390 4771 ut
3417 4734 3509 4773 os-

287 4786 312 4827 h
340 4786 518 4859 Supra
543 4802 670 4859 pag.
695 4790 831 4844 19.7:
856 4791 917 4847 Si
937 4793 1074 4846 enim
1098 4792 1349 4847 illustrem
1368 4809 1430 4846 ac
1449 4802 1814 4864 prtepatentem
1840 4801 1893 4860 ι)
1921 4792 2167 4864 tenderet
2190 4788 2675 4864 AdeumﬂCcelestem
2706 4788 2795 4864 qui
2838 4784 3165 4864 Carthagine
3209 4788 3508 4864 colebatur,

227 4859 397 4923 cirum,
428 4868 541 4914 etc.

291 4938 312 4966 ε
342 4928 419 4981 Ita
462 4929 638 4983 editio
682 4926 876 4985 Pithcei
906 4940 961 4986 et
988 4932 1158 4988 codex
1185 4931 1547 4987 Corbciensis.
1592 4929 1822 4989 Prorsus

226 4998 368 5074 bene.
394 4998 770 5074 ’[crtullianus
792 5001 845 5074 in
872 5004 1049 5072 capite
1070 5003 1142 5055 9.5
1168 5003 1537 5074 Apologetici;
1570 5000 1695 5074 Ista_
1705 5004 1821 5074 ipsa

224 5070 354 5142 virgo
399 5068 640 5142 caelestis
685 5068 975 5142 pluviarum
1022 5068 1379 5142 pollicitdtriaf.
1431 5070 1605 5127 Julius
1657 5068 1822 5142 Capi-

230 5138 512 5212 tolinus_in
547 5138 668 5212 γεω
688 5138 692 5139 “
710 5138 1032 5212 Pertinacis,
1052 5211 1057 5212 ί
1074 5143 1318 5212 ἰρψιειιε
1332 5142 1399 5196 de
1436 5138 1820 5212 proconsulatu

225 5222 373 5283 quem
392 5207 689 5283 Qertina;
721 5209 887 5283 gessit
936 5211 990 5264 in
1032 5207 1257 5283 Africa:
1292 5211 1360 5266 In
1408 5207 1506 5283 quo
1536 5229 1819 5281 proconsu-

226 5279 324 5351 latu
350 5280 552 5333 multas
583 5280 860 5351 seditiones
894 5297 1162 5351 perpessus
1190 5281 1400 5348 dicitur,
1420 5279 1811 5337 uaticinationi-

224 5343 308 5403 bus
329 5362 658 5422 earumque:
693 5349 758 5422 de
783 5343 970 5422 templo
987 5343 1238 5422 Caelestis
1260 5343 1544 5422 emergunt.
1574 5352 1813 5407 Ammia-

224 5432 316 5491 nus
334 5418 799 5491 Marcellinuslib.
830 5419 900 5472 Ξῖ).
924 5439 936 5473 :
960 5421 1292 5491 Asclepiades
1315 5418 1669 5491 philosophus,
1701 5439 1815 5477 cum

225 5488 408 5563 risendi
447 5489 632 5563 gratiq
665 5488 868 5563 Juliani
906 5488 1119 5563 peregre
1162 5492 1232 5563 ad
1256 5488 1321 5546 id
1339 5491 1691 5546 suburbanum
1729 5510 1816 5547 re-

222 5558 373 5613 nisset
397 5599 413 5623 ,
445 5556 569 5635 dea:
596 5556 822 5614 Caelestis
851 5556 1146 5635 argenteum
1175 5560 1320 5617 breve
1357 5564 1658 5635 ﬁgmentum
1686 5579 1816 5635 quo-

224 5643 413 5703 cunque
440 5628 558 5703 ilmt
590 5644 757 5703 secum
796 5628 977 5703 stitit—as
1017 5632 1202 5703 eﬁ'erre
1224 5672 1257 5703 ,ν
1282 5628 1417 5703 πηὶέ
1443 5632 1596 5703 pedes
1634 5628 1820 5703 statuit

224 5697 483 5773 simulacri
513 5697 778 5755 sublimes.
829 5697 1127 5758 Trebellius
1166 5700 1340 5757 Pollio
1382 5697 1630 5773 in'Celso
1657 5701 1821 5773 :Afri

225 5766 423 5823 Celsum
450 5770 818 5839 imperatcrem
841 5773 1246 5844 appellaverunt,
1280 5772 1429 5845 peplo
1457 5772 1565 5827 dea:
1593 5766 1822 5827 Caelestis

1918 4864 2082 4918 deam
2130 4860 2310 4915 fuisse.
2343 4858 2694 4912 Casaubonus
2724 4862 2901 4908 tamen
2950 4857 3001 4908 iu
3045 4854 3196 4910 Notis
3240 4857 3304 4911 ad
3349 4860 3510 4912 vitam

1927 4931 2182 4987 An'onini
2211 4929 2496 4993 Caraealli,
2530 4926 2753 4981 laudans
2780 4920 2922 4980 hunc
2949 4925 3183 4979 Salviani
3214 4927 3408 4992 locum,
3443 4929 3515 4983 le-

1925 5003 2003 5071 git
2031 4999 2480 5071 Cwlestemiillum
2501 5039 2515 5064 ,
2546 4997 2804 5071 deceptus
2844 4995 3164 5071 auctoritate
3194 4997 3510 5071 editionum,

1925 5065 2105 5127 tamen
2154 5070 2254 5125 etsi
2301 5070 2532 5123 fateatur
2577 5081 2677 5135 pro
2726 5065 2824 5119 dea
2874 5081 2905 5118 a
2950 5065 3220 5134 plerisque
3263 5068 3512 5122 omnibus

1925 5142 2089 5197 fuisse
2117 5140 2377 5196 habitam.
2412 5136 2494 5192 Ex
2520 5136 2724 5204 templo
2759 5150 2921 5205 porro
2949 5135 3062 5189 deae
3101 5136 3344 5191 Caelestis
3372 5138 3513 5206 apud

1925 5211 2307 5280 Carthaginem
2335 5208 2422 5280 via
2460 5206 2727 5280 cmlestis;
2760 5206 2911 5280 c_uju_s
2938 5207 3514 5280 meminerunit__V'ict_or

1925 5273 2160 5337 Vitensis
2202 5280 2257 5335 in
2286 5279 2439 5332 initio
2469 5277 2728 5332 librorum
2765 5273 2833 5330 de
2869 5273 3249 5331 Persecutione
3277 5277 3511 5332 Wanda-

1919 5354 2023 5408 lica
2048 5361 2101 5406 et
2123 5350 2359 5418 Prosper
2387 5348 2438 5401 in
2471 5347 2608 5402 libro
2626 5346 2797 5418 tertio
2816 5346 2882 5418 die
2904 5343 3364 5418 Prmdietiopibus,
3383 5362 3508 5418 cap.

1918 5423 2008 5478 58.
2054 5423 2130 5477 De
2161 5414 2513 5475 dea'leesti
2548 5417 2670 5472 vide
2711 5416 2948 5484 Lipsium
2989 5416 3083 5470 lib.
3116 5433 3145 5470 v
3173 5414 3508 5485 Epistoliar.

1920 5492 2242 5560 Qumstion“
2266 5490 2425 5560 epist.
2447 5487 2559 5560 '22;
2578 5485 2955 5560 Casaubonum
2986 5486 3039 5560 in
3067 5484 3311 5560 Notislad
3334 5484 3511 5539 Vitam

1921 5554 2177 5617 Kntonini
2200 5554 2497 5623 Caracalli;
2528 5557 2947 5613 Rittershusium
2974 5554 3041 5609 ad
3067 5555 3211 5611 hunc
3233 5555 3428 5619 locum,
3459 5566 3515 5610 et

1923 5633 2087 5687 Henr.
2139 5630 2414 5686 Valesium
2456 5630 2520 5687 in
2574 5626 3011 5683 annotationibus
3064 5624 3131 5680 ad
3178 5625 3516 5682 Ammianum

1924 5701 2318 5768 Marcellinum,
2347 5713 2466 5771 pag.
2498 5698 2625 5754 932.
