4036 6180
538 299 640 355 155

1479 301 1537 359 8.
1576 300 1890 363 SALVIANI
1923 302 2378 373 MASSILIENSIS
2416 302 2844 362 PRESBYTER!

3697 311 3796 367 {56

532 418 610 471 Ac
639 432 741 487 per
760 417 865 474 hoc
905 417 1210 488 quicunque
1251 416 1353 473 ista
1382 416 1643 485 fecerunt,
1694 437 1802 476 non
1850 421 2114 479 dederunt
2140 428 2185 483 Α
2218 421 2576 490 telligeremus
2621 423 2789 483 Deum
2844 429 2956 481 tam
3009 434 3178 491 parva
3221 429 3531 481 sanctarum
3577 439 3793 482 suorum

531 508 792 564 honorem
838 509 968 575 Deo,
1000 508 1093 565 sed
1120 507 1533 577 derogaverunt.
1565 511 1701 567 Nam
1745 512 1909 567 etiam
1938 512 2110 582 ipsam

499 600 924 668 xquodammodo
975 600 1216 655 ecclesia:
1262 601 1639 656 salutationem
1679 603 1824 658 idolo
1848 604 2108 672 praestite-

527 697 688 743 runt:
718 690 845 758 quia
864 690 1082 745 secundi
1109 691 1212 747 loci
1242 691 1553 747 oflicmsitas
1575 694 1769 748 honori
1797 694 1940 749 illius
1983 711 2109 765 pro:

527 779 638 831 ticit
662 779 747 834 cui
770 779 1083 849 principalia
1105 780 1439 836 deferuntur.
1467 781 1604 837 Ecce
1633 797 1752 851 quae
1780 782 2029 839 Afrorum
2054 792 2111 840 et

523 872 763 927 maxime
788 872 1240 929 nobilissimorum
1264 872 1412 937 fides,
1435 890 1553 944 qua:
1580 876 1787 943 religio,
1811 891 1931 946 quae
1953 874 2110 933 Chri-

522 965 769 1021 stianitas
808 964 929 1019 fuit.
959 966 1282 1021 Dicebantur
1309 966 1600 1021 Christiani
1630 967 1696 1023 ad
1726 968 2106 1023 contumeliam

523 1053 741 1111 Christi.
771 1054 903 1111 Cum
927 1057 1217 1125 Apostolus
1243 1058 1508 1113 declamet
1534 1076 1545 1110 :
1580 1056 1704 1112 Non
1725 1062 1933 1128 potestis
1978 1060 2107 1115 cali-

523 1162 629 1199 cem
650 1146 864 1201 Domini
879 1146 1048 1201 bibere
1076 1158 1124 1201 et
1152 1149 1362 1202 calicem
1392 1150 1758 1203 dtemoniorum
1782 1165 1798 1202 :
1829 1166 1933 1203 non
1960 1162 2106 1220 pote-

518 1240 613 1290 stis
633 1255 822 1293 mensa:
842 1238 1052 1294 Domini
1074 1242 1388 1310 participare
1408 1250 1456 1293 et
1474 1251 1497 1276 ⁸
1521 1256 1710 1293 meum:
1739 1240 2105 1294 daemoniorum

521 1328 563 1399 (Ι
596 1327 712 1383 Cor.
745 1346 797 1394 x,
829 1329 917 1395 20,
958 1329 1082 1397 2|);
1121 1330 1223 1387 illis
1264 1331 1369 1385 hoc
1409 1331 1540 1384 satis
1578 1346 1688 1385 non
1730 1336 1846 1383 erat
1885 1337 1945 1383 ut
1981 1345 2102 1385 cum

516 1420 684 1475 calice
714 1421 808 1476 Dei
834 1421 1056 1477 calicem
1096 1421 1344 1476 biberent
1370 1421 1751 1477 dtemoniorum
1770 1462 1783 1486 ,
1819 1421 1922 1477 nisi
1952 1421 2103 1478 illum

518 1513 681 1566 etlam
712 1504 1101 1582 praetulissent;
1134 1529 1233 1570 nec
1256 1513 1555 1569 sufficiebat
1577 1524 1887 1568 utmcnsam
1908 1512 2104 1573 daemo-

513 1620 642 1660 num
668 1620 866 1660 mensa:
895 1606 1185 1661 Dominicm
1207 1612 1602 1675 compararent.
1637 1606 1740 1662 nisi
1768 1613 1889 1675 post
1910 1619 2103 1675 super-

512 1698 788 1752 stitionum
821 1696 1094 1751 infamium
1123 1697 1297 1752 cultus
1323 1697 1392 1753 ad
1419 1697 1515 1752 Dei
1554 1696 1754 1765 templa
1801 1696 2096 1761 venientes,

2213 512 2539 569 contumelia
2575 512 2698 567 laedi
2725 525 2885 582 quam
2928 510 3080 584 parvi
3108 511 3347 569 verberis
3397 519 3541 575 tactu
3578 514 3795 575 humani

2211 605 2356 661 visus
2377 605 2520 662 acies
2540 605 2839 661 traderetur.
2864 603 3269 661 [insectabantur
3292 604 3471 674 itaque
3501 605 3621 663 Afri
3639 611 3793 680 ιω

2210 702 2372 764 atque
2400 696 2624 752 oderant
2649 710 2835 752 servos
2863 694 2976 760 Dei,
3001 695 3130 750 etin
3158 695 3224 751 iis
3246 694 3439 755 Deum.

2281 786 2369 843 ιγ.
2410 786 2518 842 Sed
2552 786 2808 855 quaeritur
2846 785 3068 841 forsitan
3108 785 3303 854 quibus
3342 785 3515 845 modis
3538 788 3794 857 probetur

2209 876 2391 931 odium
2420 876 2652 931 illorum.
2706 876 2815 933 illis
2842 876 3049 932 scilicet
3066 876 3260 946 quibus
3287 877 3448 937 etiam
3485 875 3790 937 Iudaeorum

2209 968 2332 1024 odia
2378 968 2800 1038 comprobantur
2843 968 2896 1022 in
2941 966 3232 1031 Christum,
3272 983 3396 1029 cum
3433 967 3684 1027 dicebant
3723 971 3800 1026 ad

2207 1075 2350 1124 eum,
2389 1058 2755 1133 Samaritanus
2783 1075 2837 1113 es
2866 1066 2937 1123 tu,
2968 1066 3019 1112 et
3044 1057 3351 1115 daemonium
3383 1057 3539 1115 habet
3571 1059 3751 1128 (Joan.

2208 1166 2317 1216 vui,
2348 1150 2469 1220 i8);
2499 1166 2620 1206 cum
2644 1151 2952 1215 irridebant,
2976 1165 3097 1205 eum
3127 1150 3532 1216 maledicebant,
3555 1167 3674 1212 cum
3704 1151 3790 1211 in-

2205 1241 2494 1299 sufflabant
2514 1243 2567 1297 in
2588 1242 2778 1297 faciem
2800 1240 2936 1309 ejus,
2953 1248 3008 1295 et
3024 1238 3339 1296 frendebant
3358 1241 3606 1301 dentibus
3626 1255 3790 1310 super

2206 1340 2369 1403 caput
2396 1332 2531 1401 ejus.
2563 1331 2716 1386 Unde
2742 1332 2984 1385 etiamin
3013 1330 3231 1400 psalmis
3250 1331 3380 1386 dicit
3406 1330 3655 1387 SaIVntor
3673 1332 3791 1401 ipse

2203 1426 2297 1494 qui
2323 1425 2540 1494 pertulit
2572 1442 2584 1477 :
2620 1421 2811 1481 Omnes
2838 1424 2925 1494 qui
2965 1422 3344 1494 conspiciebant
3377 1422 3791 1495 aspernabantur

2204 1533 2302 1579 me,
2333 1526 2384 1571 et
2409 1516 2565 1575 locuti
2595 1524 2715 1570 sunt
2740 1513 2910 1577 labiis,
2954 1524 3004 1568 et
3047 1522 3313 1569 moverunt
3357 1523 3511 1585 caput
3556 1512 3793 1584 (Psalm.

2203 1623 2313 1673 nt,
2345 1606 2421 1677 8).
2454 1606 2522 1661 Et
2569 1607 2692 1665 alibi
2720 1625 2733 1659 :
2769 1606 3130 1672 Tentaverunt,
3168 1605 3356 1674 inquit,
3387 1621 3487 1672 nte,
3517 1614 3567 1659 et
3592 1606 3791 1660 deme-

2202 1708 2323 1759 runt
2351 1701 2547 1766 derisu,
2581 1700 2917 1772 {reuduerunt
2943 1700 2999 1753 in
3026 1715 3108 1754 me
3133 1698 3373 1753 dentibus
3397 1699 3506 1753 suis
3555 1697 3791 1769 (Protin-

511 1787 869 1873 sacrosanctis
913 1787 1111 1841 Christi
1162 1787 1421 1844 altaribus
1457 1786 1620 1843 ductu
1650 1786 1817 1856 ipsius
1842 1786 2095 1847 diabolici
2129 1797 2170 1855 Β
2198 1807 2382 1856 xxxnv,
2414 1789 2522 1860 16).
2554 1789 2633 1844 Ita
2680 1790 2842 1856 igitur
2870 1796 2925 1843 et
2950 1788 3006 1843 in
3034 1787 3061 1828 ι’
3089 1787 3389 1851 monachis,
3417 1787 3471 1842 id
3498 1797 3600 1851 est,
3647 1802 3778 1843 san-

510 1878 731 1948 spiritus
751 1877 1156 1947 spurcissimum
1185 1878 1428 1932 nidorem
1456 1877 1810 1934 iubalassent.

580 1968 668 2023 lll.
708 1968 795 2035 At,
822 1969 1015 2038 inquis,
1048 1984 1156 2022 non
1187 1984 1375 2024 onmes
1400 1969 1500 2023 ista
1530 1967 1819 2032 faciebant,
1860 1966 1956 2022 sed
1996 1982 2095 2037 po-

513 2060 800 2114 tentissimi
833 2061 1035 2128 quique
1063 2074 1125 2114 ac
1146 2058 1530 2114 sublimissimi.
1560 2059 1976 2127 Acquiescamus
1993 2058 2099 2113 hoc

513 2151 586 2205 ita
618 2166 755 2205 esse.
789 2149 896 2205 Sed
924 2166 1046 2206 cum
1075 2150 1349 2207 ditissima:
1369 2164 1597 2218 quaeque
1622 2164 1686 2204 ac
1714 2148 2098 2219 potentissima:

514 2240 708 2296 domus
736 2243 948 2297 turbam
984 2243 1139 2312 179
1165 2240 1364 2299 faciant
1388 2242 1638 2305 civitatis,
1668 2241 1818 2297 vides
1836 2257 1934 2312 per
1965 2257 2098 2312 pau-

506 2346 694 2388 corum
723 2333 1022 2403 potentium
1062 2334 1376 2402 sacrilegam
1424 2333 1861 2403 superstitionem
1904 2333 2097 2391 urbem

506 2437 755 2481 cunctam
788 2425 952 2482 fuisse
985 2426 1262 2495 pollutam.
1299 2426 1508 2481 Nemini
1543 2434 1721 2481 autem
1759 2425 1979 2482 dubium
2013 2433 2099 2487 est

505 2533 694 2572 omnes
712 2518 1056 2573 dominorum
1091 2516 1319 2571 familias
1348 2527 1442 2573 aut
1470 2518 1673 2573 similes
1714 2533 1837 2573 esse
1862 2518 2096 2573 dominis

506 2619 602 2665 aut
627 2610 967 2677 deteriores;
992 2610 1237 2678 quamvis
1262 2609 1367 2665 hoc
1393 2610 1639 2664 usitatius
1667 2617 1728 2663 ut
1755 2609 2054 2665 deteriores
2078 2627 2092 2664 :

423 2694 435 2701 ’
505 2718 570 2758 ac
596 2719 694 2773 per
712 2704 816 2759 hoc
838 2718 960 2758 cum
989 2702 1152 2757 etiam
1177 2702 1307 2757 boni
1325 2703 1527 2757 domini
1549 2718 1735 2759 servos
1756 2704 1843 2758 vel
1864 2703 2096 2759 maxime

505 2794 678 2849 malos
702 2794 961 2858 habeant,
994 2801 1302 2863 promptum
1332 2802 1415 2848 est
1451 2794 1746 2862 intelligere
1773 2794 1960 2862 quales
1988 2794 2098 2849 illic

505 2884 724 2939 familia:
751 2900 940 2940 omnes
966 2885 1182 2948 fuerint,
1215 2899 1337 2940 cum
1366 2884 1588 2939 serviles
1614 2884 1827 2939 animos
1845 2883 1957 2952 jam
1999 2899 2098 2954 per

502 2991 563 3030 se
592 2976 762 3030 malos
785 2975 945 3030 etiam
976 2974 1318 3029 dominorum
1364 2973 1564 3029 faceret
1591 2974 1831 3043 nequitia
1861 2974 2092 3044 pejores.

502 3064 635 3121 Esto
663 3081 811 3135 ergo,
836 3067 926 3120 illa
949 3081 1070 3137 qua:
1087 3066 1320 3120 diximus
1345 3066 1413 3120 ad
1434 3067 1836 3136 potentissimos
1853 3080 2095 3147 quosque

2195 1880 2296 1939 etis
2342 1880 2458 1947 Dei,
2489 1879 2737 1935 Afrorum
2783 1879 3045 1949 probatur
3067 1877 3278 1945 odium;
3324 1876 3449 1948 quia
3489 1876 3787 1934 irridebant

2194 1970 2419 2032 scilicet,
2445 1969 2575 2039 quia
2600 1968 3010 2050 maledicebant,
3042 1967 3168 2036 quia
3206 1966 3623 2033 insectabantur,
3653 1967 3791 2035 quia

2193 2062 2618 2127 detestabantur,
2647 2061 2775 2130 quia
2803 2060 2984 2116 omnia
3014 2059 3067 2114 in
3096 2059 3218 2115 illos
3238 2074 3378 2129 pene
3396 2057 3639 2117 fecerunt
3660 2072 3786 2128 qua:

2196 2155 2249 2211 iu
2278 2153 2615 2209 Salvatorem
2644 2160 2887 2208 nostrum
2911 2149 3216 2209 Iudaeorum
3236 2150 3483 2219 impietas
3503 2156 3626 2206 ante
3653 2147 3788 2205 fecit

2194 2262 2356 2318 quam
2379 2247 2446 2303 ad
2461 2245 2775 2307 effusionem
2798 2245 2968 2314 ipsam
2980 2242 3147 2299 divini
3167 2243 3440 2312 sanguinis
3453 2230 3785 2312 perveniret.

2190 2336 2302 2394 Sed
2320 2339 2429 2403 isti,
2456 2338 2655 2411 inquis,
2678 2348 2898 2399 sanctos
2914 2350 3024 2391 non
3052 2333 3383 2400 occiderunt,
3408 2333 3545 2389 sicut
3569 2330 3787 2389 Iudaeos

2192 2429 2385 2489 fecisse
2411 2429 2655 2499 legimus.
2698 2427 2781 2482 An
2809 2425 3120 2493 occiderint,
3152 2424 3356 2487 nescio,
3386 2439 3496 2478 non
3541 2420 3781 2478 aﬂirmo.

2196 2520 2303 2576 Sed
2349 2508 2530 2577 tamen
2559 2532 2749 2587 magna
2794 2516 3058 2583 defensio,
3085 2518 3130 2571 si
3158 2516 3264 2573 hoc
3291 2522 3497 2571 tantum
3521 2515 3575 2569 in
3603 2514 3681 2571 eis
3707 2514 3782 2571 de

2193 2627 2528 2684 paganorum
2555 2627 2666 2669 non
2693 2609 2794 2665 fuit
2812 2609 3209 2680 persecutione,
3237 2607 3382 2677 quod
3434 2607 3597 2667 habet
3646 2622 3783 2678 per-

2194 2704 2400 2761 secutio
2438 2703 2553 2773 ipsa
2582 2708 2935 2779 postremum.
2976 2698 3232 2755 Putemus
3259 2712 3388 2768 ergo
3436 2698 3643 2755 occisos
3671 2697 3789 2754 illic

2196 2810 2306 2853 non
2333 2809 2455 2851 esse
2480 2802 2716 2849 sanctos.
2750 2791 2859 2848 Sed
2884 2790 3015 2860 quid
3040 2788 3301 2845 faciemus
3345 2788 3491 2859 quod
3518 2804 3626 2843 non
3652 2798 3788 2843 sunt

2195 2886 2355 2956 longe
2384 2886 2452 2942 ab
2492 2885 2863 2942 occidentibus
2887 2882 2981 2953 qui
3022 2882 3202 2938 animo
3222 2880 3507 2937 occisionis
3525 2881 3781 2946 oderunt,

2194 2976 2492 3047 pnesertim
2523 2991 2646 3032 cum
2674 2974 2932 3031 Dominus
2961 2973 3074 3045 ipse
3093 2972 3264 3028 dicat:
3299 2968 3401 3035 Qui
3427 2972 3535 3028 odit
3564 2973 3787 3043 fratrem

2196 3084 2344 3124 suum
2390 3067 2502 3121 sine
2545 3082 2722 3133 causa,
2776 3065 3036 3120 homicida
3082 3071 3159 3120 est
3227 3062 3275 3132 (ι
3302 3061 3497 3118 Joann.
3541 3079 3617 3126 ut,
3662 3059 3779 3131 15).

502 3173 568 3212 ac
618 3158 979 3212 nobilissimos
1029 3156 1425 3226 pertinuerunt.
1482 3155 1731 3225 Nunquid
1762 3157 1854 3213 illa
1893 3157 2094 3213 leviora
2122 3170 2166 3233 ρ
2197 3157 2452 3225 Quamvis
2479 3173 2587 3213 non
2610 3157 2726 3217 sine
2752 3171 2914 3212 causa
2942 3154 3209 3226 persecuti
3236 3163 3361 3210 sunt
3384 3165 3406 3195 ε
3429 3170 3614 3210 servos
3656 3154 3778 3210 Dei.

502 3264 622 3316 qute
666 3248 934 3303 nobilibus
989 3248 1420 3317 ignobilibusque
1465 3248 1808 3304 communia?
1832 3248 1953 3307 odia
1981 3248 2090 3304 sci-

500 3338 629 3393 licet
676 3348 838 3410 atque
888 3340 1289 3395 exsecrationes
1328 3347 1638 3395 sanctorum
1676 3340 1914 3401 omnium
1944 3340 2086 3396 dico.

500 3428 774 3499 Sacrilegii
793 3431 993 3501 quippe
1010 3444 1180 3498 genus
1199 3439 1300 3495 est.
1332 3430 1423 3485 Dei
1454 3431 1633 3487 odisse
1662 3432 1915 3489 cultores.
1941 3431 2091 3489 Sicut

500 3522 641 3575 enim
670 3522 715 3576 si
741 3537 927 3577 servos
953 3531 1170 3579 nostros
1197 3522 1467 3592 quispiam
1488 3522 1677 3589 (sedat,
1723 3538 1822 3579 nos
1870 3524 1925 3578 in
1970 3539 2088 3579 ser-

499 3628 688 3667 vorum
714 3621 1021 3669 nostrorum
1044 3614 1202 3668 cmdit
1245 3612 1493 3681 injuriam
1516 3630 1531 3678 ;
1575 3621 1631 3668 et
1683 3614 1728 3668 si
1756 3628 1787 3668 a
1815 3629 2088 3685 quoquam

498 3703 640 3758 filius
684 3704 1002 3758 verberetur
1046 3704 1272 3767 alienus,
1299 3703 1353 3757 in
1379 3703 1641 3773 supplicio
1672 3700 1764 3757 filii
1792 3704 1965 3774 pietas
1992 3720 2089 3773 pa-

499 3799 650 3847 terna
679 3802 998 3864 torquetur:
1032 3794 1104 3848 ita
1144 3802 1347 3849 etcum
1375 3809 1563 3849 servus
1591 3775 1711 3849 Detr
1732 3809 1763 3849 a
1813 3810 2087 3865 quoquam

498 3883 725 3946 laeditur,
770 3883 1026 3952 majestas
1067 3883 1246 3937 divina
1289 3883 1541 3949 violatur,
1587 3884 1800 3940 dicente
1829 3884 1881 3939 id
1911 3885 2087 3955 ipsum

498 3973 563 4027 ad
586 3974 863 4043 apostolos
889 3989 1018 4029 suos
1046 3973 1275 4028 Domino
1300 3990 1313 4025 :
1342 3970 1443 4036 Qui
1472 3990 1560 4028 vos
1580 3975 1781 4045 recipit,
1807 3991 1888 4029 me
1908 3977 2088 4047 recipit

496 4063 715 4134 (Matth.
740 4081 794 4127 ι,
822 4063 947 4133 40);
974 4074 1023 4118 et
1043 4065 1128 4135 qui
1150 4080 1238 4118 ros
1259 4065 1475 4135 spernit,
1505 4081 1587 4118 me
1605 4067 1800 4135 spernit
1843 4064 1994 4136 (Luc.
2026 4084 2081 4131 ι,

498 4153 607 4222 16).
667 4153 1088 4224 Benignissimus
1140 4154 1346 4210 scilicet
1400 4170 1463 4210 ac
1510 4155 1781 4225 piissimus
1827 4155 2086 4219 Dominus

498 4259 835 4298 communem
864 4246 963 4300 sibi
985 4261 1107 4301 cum
1136 4246 1305 4301 servis
1325 4246 1434 4302 suis
1462 4253 1518 4300 et
1557 4246 1818 4303 honorem
1845 4247 2003 4303 simul
2030 4255 2086 4303 et

497 4337 875 4391 contumeliam
902 4337 1059 4403 facit;
1091 4353 1160 4393 ne
1181 4338 1320 4408 quis,
1344 4354 1468 4393 cum
1487 4338 1705 4395 laederet
1728 4338 1821 4394 Dei
1846 4354 2079 4406 servum,

497 4427 770 4484 hominem
797 4437 1005 4483 tantum
1035 4445 1065 4482 a
1093 4445 1152 4485 se
1182 4430 1303 4484 lmdi
1331 4431 1701 4493 arbitraretur,
1727 4447 1850 4487 cum
1879 4433 2083 4501 absque

497 4519 660 4572 dubio
696 4518 903 4588 injuriis
937 4533 1210 4573 servorum
1248 4518 1639 4574 dominicorum
1679 4521 1774 4575 Dei
1814 4522 2079 4577 admisce-

497 4616 645 4660 retur
666 4607 877 4676 injuria,
908 4615 1139 4663 testante
1164 4607 1217 4662 id
1241 4610 1352 4663 suis
1379 4608 1490 4664 Deo
1515 4608 1708 4664 affectu
1732 4610 2083 4678 indulgentis-

498 4697 633 4751 simo
664 4698 714 4750 iu
738 4698 879 4753 hunc
915 4699 1132 4753 modum
1162 4716 1175 4752 :
1209 4696 1466 4762 Quoniam
1494 4702 1580 4772 qui
1603 4718 1691 4755 vos
1718 4703 1903 4772 tangit,
1936 4702 2085 4775 quasi

499 4791 580 4862 qui
611 4791 774 4860 tangit
795 4791 1044 4863 pupillam
1069 4793 1202 4846 oculi
1223 4794 1321 4847 mei
1352 4792 1537 4865 (ZacIt.
1563 4811 1619 4857 tt,
1650 4793 1727 4863 8).
1776 4795 1856 4849 Ad
1897 4796 2079 4866 expri-

420 4956 443 4967 \
498 4880 743 4935 mendam
767 4884 1176 4940 teneritudinem
1201 4887 1419 4955 pietatis
1437 4902 1564 4952 sum,
1598 4887 1941 4943 tenerrimam
1966 4904 2083 4958 par-

498 4982 604 5029 tem
659 4973 879 5028 humani
924 4977 1165 5053 corporis
1193 4977 1520 5043 nominavit;
1553 4986 1609 5031 ut
1639 4978 1977 5055 apertissime
1997 4980 2081 5034 in-

2190 3250 2326 3305 Nam
2373 3250 2494 3319 quis
2536 3249 2718 3307 dicere
2760 3248 2932 3319 possit
2973 3247 3118 3318 quod
3161 3247 3278 3303 sine
3315 3261 3497 3312 causa.
3530 3246 3783 3302 homines

2186 3342 2392 3399 scilicet
2419 3341 2666 3396 omnibus
2693 3354 2726 3394 a
2752 3354 2812 3396 se
2838 3338 2962 3397 vitae
3007 3353 3073 3397 ac
3101 3352 3312 3393 morum
3335 3336 3525 3392 studiis
3568 3335 3782 3390 discre-

2187 3443 2397 3507 pantes,
2428 3435 2482 3490 in
2508 3435 2705 3506 quibus
2731 3433 2862 3489 nihil
2907 3431 3161 3488 videbant
3187 3446 3363 3496 suum,
3395 3431 3649 3501 quoniam
3678 3430 3783 3486 Dei

2188 3527 2394 3581 totum?
2430 3524 2661 3581 Maxima
2693 3525 2836 3581 enim
2868 3538 3029 3578 causa
3062 3529 3144 3577 est
3172 3520 3559 3579 discordiarum
3592 3520 3780 3577 diver-

2186 3615 2318 3670 sitas
2358 3614 2728 3670 voluntatum:
2773 3613 2901 3683 quia
2931 3611 3045 3669 fieri
3088 3618 3182 3667 aut
3219 3611 3439 3667 omnino
3465 3626 3574 3666 non
3594 3618 3783 3681 potest

2187 3713 2280 3763 aut
2306 3705 2396 3760 vix
2419 3712 2619 3775 potest,
2654 3711 2712 3758 ut
2734 3718 2856 3759 eam
2884 3718 2999 3759 rem
3028 3702 3084 3757 in
3111 3702 3218 3763 alio
3264 3701 3547 3775 quisquam
3588 3701 3783 3770 diligat

2187 3811 2218 3850 a
2241 3810 2344 3864 qua
2368 3795 2482 3864 ipse
2497 3795 2765 3850 dissentit.
2797 3792 2987 3863 Itaque
3007 3808 3103 3853 eos
3135 3795 3292 3869 181
3322 3806 3431 3849 non
3452 3792 3568 3847 sine
3588 3806 3777 3856 causa,

2186 3896 2247 3947 ut
2274 3888 2405 3953 dixi,
2457 3887 2704 3950 oderunt,
2737 3886 2791 3943 in
2818 3886 3015 3956 quibus
3042 3885 3222 3941 omnia
3250 3884 3352 3943 sibi
3396 3885 3588 3941 aemula
3608 3893 3779 3953 atque

2184 3979 2400 4036 inimica
2427 3978 2740 4035 cernebant.
2771 3977 2852 4032 llli
2890 3977 3036 4033 enim
3086 3976 3338 4057 vivebant
3359 3974 3562 4045 jugiter
3589 3976 3644 4037 in
3672 3992 3776 4037 ne-

2184 4079 2375 4148 quitia,
2399 4079 2489 4133 isti
2516 4078 2570 4135 in
2600 4077 2941 4143 innocentia;
2966 4076 3045 4130 illi
3069 4076 3121 4133 in
3142 4075 3386 4140 libidine,
3419 4075 3508 4131 isti
3528 4075 3582 4131 in
3605 4075 3781 4133 casti—

2187 4186 2328 4245 tate;
2355 4179 2431 4234 illi
2456 4178 2738 4241 inlustris,
2772 4176 2861 4231 isti
2891 4176 2945 4230 in
2967 4175 3340 4242 monasteriis;
3373 4176 3450 4230 illi
3476 4191 3646 4246 prope
3680 4175 3777 4245 ju-

2179 4280 2323 4348 giter
2348 4294 2472 4334 cum
2498 4278 2736 4345 diabolo,
2784 4277 2871 4332 isti
2916 4277 3034 4331 sine
3060 4276 3364 4351 cessatione
3388 4290 3515 4330 cum
3531 4273 3774 4332 Christo.

2182 4378 2300 4434 Non
2351 4379 2469 4433 sine
2515 4392 2677 4434 causa
2712 4377 2897 4445 itaque
2942 4375 3083 4430 istud
3111 4374 3211 4429 fuit
3236 4374 3383 4444 quod
3405 4375 3542 4430 intra
3578 4373 3777 4430 Africa)

2183 4480 2448 4545 civitates,
2472 4486 2529 4535 et
2553 4477 2786 4533 maxime
2816 4476 2954 4529 intra
2980 4472 3322 4543 Carthaginis
3364 4489 3569 4539 muros,
3594 4473 3621 4511 d
3653 4475 3780 4544 pal-

2184 4578 2373 4633 liatum
2421 4585 2477 4632 et
2524 4575 2780 4647 pallidum
2834 4580 2889 4628 et
2941 4573 3130 4635 recisis
3176 4586 3452 4635 comarum
3494 4568 3783 4635 fluentium

2178 4676 2323 4746 jubis
2351 4689 2521 4743 usque
2548 4673 2617 4727 ad
2644 4680 2827 4729 cutem
2857 4656 3072 4727 tonsum
3098 4669 3282 4725 videre
3312 4677 3418 4726 tam
3466 4668 3651 4725 infelix
3681 4671 3783 4727 ille

2183 4779 2414 4848 populus
2440 4789 2604 4845 quam
2633 4772 2864 4829 inﬁdelis
2889 4773 3007 4827 sine
3025 4771 3271 4828 convicio
3310 4779 3470 4841 atque
3513 4786 3779 4827 exsecra-

2182 4878 2331 4934 tione
2380 4877 2469 4931 vix
2516 4881 2752 4945 poterat.
2782 4871 2850 4929 Et
2876 4872 2922 4926 si
2949 4870 3162 4940 quando
3209 4871 3405 4940 aliquis
3437 4870 3528 4927 Dei
3559 4887 3777 4938 servus,

2183 4986 2275 5033 aut
2300 4978 2368 5033 de
2394 4986 2417 5017 ο
2449 4974 2825 5047 Ᾱῐεγριίονυω
2851 4970 3130 5036 coenobiis,
3156 4976 3251 5024 aut
3268 4969 3337 5025 de
3369 4967 3391 5009 ί
3421 4970 3592 5028 sacris
3633 4969 3773 5026 Hie.

1673 5088 2009 5149 STEPHANI
2045 5090 2318 5153 BALUZII
2355 5085 2583 5145 NOTAE.

567 5189 592 5217 ι
623 5181 737 5238 lluc
772 5197 942 5252 usque
971 5180 1261 5235 auctoritas
1301 5179 1502 5234 codicis
1539 5178 1903 5236 Corbeiensis.
1952 5179 2068 5237 Cte-
2170 5198 2286 5236 rere
2311 5183 2368 5235 in
2396 5179 2596 5252 plateis
2619 5184 2669 5230 et
2693 5171 3070 5252 compitis_Dei
3108 5187 3280 5227 servos
3313 5174 3428 5233 sine
3454 5173 3779 5231 contumelia

495 5262 545 5307 ῑτκ
552 5266 609 5306 ra

493 5338 621 5377 vero
645 5323 938 5392 deperdita.

563 5395 591 5431 ιι
620 5388 754 5448 Vide
781 5407 942 5462 supra
971 5390 1023 5444 in
1053 5392 1195 5462 notis
1218 5389 1287 5445 ad
1324 5402 1446 5462 pag.
1478 5389 1514 5443 6
1550 5397 1606 5462 et
1631 5388 1718 5444 80.
1753 5390 2071 5449 Theodorus

492 5463 700 5517 Studita
726 5463 817 5517 lib.
849 5459 904 5527 it,
936 5461 1091 5530 epist.
1126 5459 1214 5525 52,
1246 5460 1384 5528 apud
1408 5461 1694 5515 Baronium
1723 5462 1790 5515 ad
1819 5479 1908 5517 an.
1942 5462 2067 5528 809,

496 5534 523 5603 ᾗ
556 5533 589 5586 4
625 5550 636 5585 :
669 5532 933 5604 Multoque
948 5533 1125 5604 magis
1154 5531 1355 5604 sancti,
1382 5530 1691 5604 monachum
1728 5533 1961 5588 ordinem
1999 5533 2072 5587 ιω

492 5600 637 5670 ator,
668 5619 783 5656 cum
810 5600 1154 5655 exsultatione
1180 5600 1526 5670 exsultabant.

568 5683 588 5710 ο
619 5672 675 5724 ld
696 5679 797 5748 est,
817 5670 1139 5748 monachos.
1165 5670 1304 5725 Infra
1325 5669 1435 5748 :“Et
1454 5672 1505 5748 si
1524 5671 1732 5748 quando
1749 5672 1943 5748 aliquis
1972 5669 2068 5724 Dei

498 5758 664 5800 uri-us
693 5742 756 5796 de
782 5739 1148 5814 Afyyptiorum
1175 5742 1431 5799 cwnobiis.
1466 5739 1681 5812 Et'pag.
1713 5741 1806 5796 l8l
1840 5739 1852 5793 Ξ
1888 5742 2065 5813 Αρρα-

693 5269 764 5308 ne
803 5245 1067 5325 vetustate
1086 5252 1393 5305 oblitterata
1434 5257 1561 5305 sunt
1586 5252 1821 5322 partim;
1872 5254 2072 5321 partim
2172 5245 2699 5325 atqueex'secratione
2724 5246 2810 5299 vix
2834 5245 2996 5325 licuit.

2248 5311 2274 5359 δ
2307 5320 2431 5375 Haec
2451 5331 2579 5387 ergo
2609 5323 2720 5371 tum
2737 5311 3593 5387 _erant_insigni_amonachorum.

2251 5401 2274 5429 ο
2298 5378 2674 5445 Cmnobicrum
2713 5383 2933 5453 Egypti
2962 5378 3216 5453 meminit
3239 5389 3296 5436 et
3307 5379 3521 5453 _Cas_tor
3545 5378 3776 5453 episco-

2177 5477 2277 5532 pus
2294 5459 2550 5532 rAptensis
2578 5457 2629 5532 in
2657 5448 2884 5532 epistola
2912 5451 2979 5532 ad
2991 5450 3265 5532 lloannem
3293 5448 3654 5532 ‘Qassianuut:
3676 5448 3782 5531 .Tc

2176 5520 2380 5603 quidem
2408 5520 2731 5599 potissimum
2763 5520 3777 5603 Orienteliumncmnoliorum‘doctr‘ina

2173 5587 2441 5672 expertum
2463 5608 2709 5661 tenemus,
2734 5595 3055 5664 maximeque
3071 5590 3459 5663 ﬂgyptiorum.
3483 5589 3615 5647 Vide
3634 5587 3785 5645 Cas-

2176 5670 2386 5728 sianum
2411 5670 2603 5738 ipsum.

2252 5739 2271 5780 ῑ
2303 5739 2394 5795 Sic
2416 5727 2705 5795 vocabatur
2734 5732 3062 5795 territorium
3091 5731 3230 5791 illius
3259 5730 3423 5797 urbis,
3453 5727 3521 5786 ob
3548 5742 3773 5791 memo-
