4036 6180
262 320 350 374 157
1684 330 2055 399 ΕΡιδτοιΑς.

2247 221 2289 230 -ι

3379 352 3487 408 ΐῖῖε

258 408 467 464 rusalem
488 408 635 475 locis,
668 419 759 466 aut
788 411 855 469 de
874 416 1068 473 sanctis
1094 419 1262 473 eremi
1280 419 1700 490 venerandisque
1724 439 1809 478 se-
1836 428 1884 484 A
1911 434 2053 481 sunt.
2088 438 2113 463 δι
2160 428 2418 486 Latrones
2445 432 2658 500 quidem
2704 434 2809 490 hoc
2836 437 3120 505 proverbio
3152 439 3224 493 uti
3263 441 3437 497 solent
3458 481 3484 507 .,

256 500 396 553 cretis
413 497 473 552 ad
504 500 687 555 urbem
709 501 853 556 illam
874 502 1051 560 oflicio
1075 506 1241 562 divini
1256 509 1432 579 operis
1454 512 1697 574 accessit,
1728 514 1798 567 si-

257 590 350 644 mul
375 604 435 643 ac
460 591 656 659 populo
704 596 969 664 apparuit,
1010 600 1379 665 contumelias,
1437 602 1714 671 sacrilegia
1750 613 1806 658 et

259 681 631 738 rnaledictiones
678 688 906 756 excepit.
958 686 1066 743 Nec
1105 690 1276 749 solum
1304 692 1407 746 hoc
1436 710 1449 745 :
1474 693 1567 747 sed
1608 694 1805 764 impro—

257 770 466 825 bissimis
510 770 892 839 ﬁagitiosorum
948 776 1227 832 hominum
1267 780 1541 835 cachinnis
1569 789 1623 835 et
1651 782 1804 838 dete-

256 860 491 914 stantibus
536 862 821 916 ridentium
866 865 1033 920 sibilis
1077 868 1227 935 quasi
1261 871 1459 924 taureis
1480 872 1801 927 medebatur.

257 948 370 1003 Vere
391 957 443 1002 ut
467 949 509 1002 si
530 950 648 1018 quis
676 966 739 1005 ea
770 952 969 1007 inscius
995 971 1170 1009 rerum
1201 958 1313 1011 fieri
1336 960 1557 1023 videret,
1587 979 1693 1016 non
1716 963 1807 1016 ali-

254 1058 388 1111 quem
437 1042 709 1097 hominem
740 1044 1020 1108 ludiﬁcari,
1053 1047 1144 1101 sed
1174 1054 1370 1103 novum
1403 1052 1804 1123 inauditumquc

252 1140 520 1186 monstrum
550 1134 690 1201 abigi
714 1145 875 1204 atque
902 1138 1247 1193 exterminari
1278 1141 1647 1196 arbitraretur.

308 1222 363 1275 ν.
402 1222 539 1277 Ecce
591 1224 840 1279 Afrorum
898 1237 953 1281 et
992 1231 1257 1299 prcccipuc
1307 1230 1802 1301 Carthaginiensium

252 1313 404 1367 fidem.
486 1314 675 1371 Tutius
724 1320 994 1385 quondam
1041 1323 1297 1389 apostolis
1361 1338 1592 1393 paganas
1645 1326 1803 1380 urbes

250 1402 376 1457 licuit
397 1405 613 1466 intrare.
637 1415 691 1459 et
706 1409 879 1462 minus
893 1410 1119 1479 primum
1142 1428 1325 1467 eorum
1343 1415 1625 1470 adventum
1643 1426 1802 1485 atque

249 1503 570 1563 conspectum
601 1495 699 1549 feri
744 1498 819 1551 illi
862 1514 926 1554 ac
965 1503 1178 1556 barbari
1217 1505 1596 1572 sacrilegorum
1630 1519 1801 1563 castus

247 1584 647 1640 detestabantur.
678 1588 932 1644 Sanctum
973 1594 1252 1649 electionis
1278 1611 1373 1649 vas
1402 1594 1622 1651 Paulum
1670 1616 1802 1669 apo-

246 1674 416 1727 stolum
443 1674 511 1729 de
540 1676 698 1731 unius
726 1677 822 1731 Dei
842 1680 986 1733 cultu
1010 1697 1073 1737 ac
1102 1684 1384 1751 majestate
1412 1686 1676 1742 dicentem
1711 1706 1802 1744 su-

1909 527 1967 570 ut
1992 518 2183 587 quibus
2211 536 2316 574 non
2343 520 2587 577 auferant
2615 524 2795 588 vitam,
2823 526 3033 585 dedisse
3059 544 3117 585 se
3144 530 3343 585 dicant.
3375 530 3481 586 Sed

1908 607 1961 661 in
1983 610 2113 663 urbe
2141 610 2229 664 illa
2259 627 2365 666 non
2396 618 2502 666 tam
2531 598 2806 669 hominum
2834 615 3047 671 fuerunt
3075 619 3186 673 haec
3221 619 3480 675 beneﬁcia
3539 616 3544 622 ’

1905 711 2065 765 quam
2108 699 2302 768 legum.
2338 702 2568 758 Interﬁci
2605 706 2745 759 enim
2786 707 3148 764 indemnatum
3188 727 3483 779 quemcun-

1906 804 2012 858 que
2042 790 2330 858 hominem,
2383 795 2543 847 etiam
2588 796 2869 851 duodecim
2925 801 3219 855 tabularum
3264 802 3480 859 decreta

1906 888 2209 933 vetuerunt.
2253 881 2329 935 Ex
2363 898 2470 951 quo
2498 887 2803 952 agnoscitur
2826 890 2966 957 quod
2995 906 3183 959 magna
3214 893 3317 948 illic
3346 911 3483 964 prte-

1906 970 2146 1035 rogativa
2188 970 2472 1027 Dominiczc
2516 976 2786 1043 religionis
2824 978 2940 1044 fuit,
2983 982 3071 1034 ubi
3113 982 3232 1036 ideo
3274 993 3481 1039 tantum

1907 1056 2001 1110 Dei
2031 1060 2200 1113 servis
2228 1060 2375 1115 licuit
2400 1065 2645 1130 evadere,
2680 1068 2804 1136 quia
2834 1085 2862 1122 a
2897 1086 3103 1139 pagano
3128 1072 3248 1141 jure
3277 1076 3482 1130 defensi

1906 1159 2030 1204 sunt
2076 1168 2142 1205 ne
2182 1152 2606 1211 Christianorum
2661 1163 2904 1217 manibus
2953 1167 3360 1223 trucidarentur.
3414 1170 3482 1225 Et

1906 1240 2162 1294 miramur
2188 1243 2234 1295 si
2264 1260 2404 1299 nunc
2434 1245 2694 1301 Barbaros
2724 1251 2798 1303 illi
2829 1254 3116 1319 perferunt.
3150 1272 3270 1311 cum
3300 1259 3481 1314 videa-

1904 1344 2023 1383 mus
2054 1331 2198 1399 quod
2236 1335 2401 1389 sancti
2444 1337 2541 1390 viri
2582 1338 2631 1390 in
2676 1340 2775 1392 illis
2815 1341 3079 1398 Barbaros
3113 1348 3480 1414 pertuleruot?

1904 1417 2087 1474 Justus
2128 1436 2255 1488 ergo
2295 1432 2376 1477 est
2417 1425 2688 1490 Dominus,
2727 1438 2779 1483 et
2806 1430 3007 1499 justum
3037 1432 3293 1501 judicium
3325 1453 3478 1490 suum

1907 1511 2128 1581 (Psalm.
2157 1520 2337 1580 cxﬁu,
2364 1516 2506 1587 l57).
2530 1518 2657 1584 Quae
2678 1522 2839 1587 enim,
2874 1533 2933 1577 ut
2953 1526 3208 1592 scriptum
3250 1534 3348 1588 est,
3395 1542 3481 1582 εε-

1902 1603 2187 1668 minarunt,
2221 1605 2334 1659 btec
2360 1614 2413 1659 et
2435 1617 2640 1663 metunt
2665 1608 2806 1679 (Cal.
2835 1629 2904 1674 vl,
2935 1612 3010 1681 8).
3044 1613 3114 1668 Ut
3150 1630 3273 1669 vere
3295 1616 3477 1669 videa-

1904 1702 1991 1747 tur
2033 1694 2099 1748 de
2147 1695 2490 1765 improbitate
2541 1700 2681 1754 illius
2718 1703 2892 1769 gentis
2938 1704 3135 1758 dixisse
3181 1705 3474 1759 Dominus:

245 1767 712 1835 perstiliosissimus
740 1769 862 1825 licet
892 1773 1291 1831 Atheniensium
1329 1779 1555 1847 populus
1592 1782 1802 1850 patieu-
1830 1789 1875 1848 Β
1908 1784 2125 1840 Reddite
2178 1788 2225 1840 ei
2262 1789 2537 1843 secundum
2583 1767 2903 1860 Opus—suum
2933 1811 2951 1847 :
2975 1796 3129 1865 juxta
3164 1796 3335 1849 omnia
3364 1812 3480 1866 qua:

243 1867 313 1911 ter
329 1858 687 1932 audivit‘(.4ct.
714 1879 839 1929 xvn,
869 1862 981 1934 29.).
1013 1864 1267 1937 Lycaonii
1307 1877 1483 1924 autem
1512 1872 1562 1924 in
1595 1880 1799 1926 tantum

241 1948 382 2002 etiam
402 1949 651 2005 admirati
678 1960 821 2015 sunt,
854 1961 913 2007 ut
940 1970 1059 2010 cum
1088 1956 1139 2009 in
1172 1959 1430 2028 apostolis
1457 1960 1664 2015 divinas
1693 1962 1802 2017 vir-

242 2046 362 2094 tutes
382 2040 558 2095 inesse
578 2052 880 2110 cernerent,
905 2060 1025 2101 esse
1051 2062 1145 2101 eos
1166 2047 1409 2105 homines
1432 2066 1535 2105 non
1552 2059 1800 2121 putarent

243 2129 358 2197 (Act.
388 2146 477 2184 xlv
498 2170 514 2193 ,
550 2130 758 2203 lO-lﬂ).
788 2134 933 2189 Intra
965 2133 1342 2206 Carthaginem
1370 2156 1500 2196 vero
1538 2155 1799 2211 apparere

243 2219 285 2273 in
316 2221 503 2290 plateis
550 2229 607 2277 et
650 2226 900 2295 compitis
945 2228 1039 2282 Dei
1077 2245 1264 2285 servos
1311 2232 1427 2287 sine
1473 2233 1797 2288 contumelia

244 2319 380 2379 atque
412 2315 789 2370 exsecratione
823 2317 911 2371 vix
953 2318 1119 2373 licuit.
1168 2323 1324 2392 182
1365 2320 1800 2377 Persecutionem

243 2398 329 2455 hoc
345 2402 565 2469 quidem
594 2402 757 2461 fuisse
794 2422 903 2463 non
949 2415 1171 2478 putant,
1215 2411 1339 2479 quia
1386 2427 1494 2466 non
1540 2419 1594 2467 et
1636 2414 1799 2469 occisi

1903 1879 2043 1948 fecit,
2069 1879 2223 1947 facite
2250 1879 2360 1943 illi;
2389 1882 2506 1950 quia
2536 1890 2716 1936 centra
2743 1881 3022 1937 Dominum
3048 1895 3213 1938 erecta
3234 1896 3308 1938 est
3336 1884 3469 1946 (Jer.

1903 1980 1954 2029 ι,
1986 1963 2095 2036 29).
2149 1965 2403 2022 Miremur
2445 1970 2626 2037 itaque
2652 1979 2744 2025 aut
2769 1972 3107 2039 indignemur
3130 1960 3270 2043 quod
3301 1974 3479 2044 aliqua

1900 2071 2042 2111 nunc
2066 2057 2138 2109 illi
2159 2057 2224 2110 ab
2244 2057 2548 2113 hominibus
2574 2061 2714 2114 mala
2736 2061 3041 2130 perferant?
3065 2063 3226 2117 Multo
3250 2062 3337 2116 illa
3362 2078 3481 2117 ma-

1896 2145 2015 2215 jora
2067 2154 2190 2201 sunt
2228 2163 2349 2216 qua:
2395 2150 2445 2202 in
2475 2150 2641 2205 Deum
2664 2159 2787 2206 ante
2818 2153 3077 2216 fecerunt,
3108 2154 3152 2207 si
3174 2152 3324 2221 juxta
3356 2168 3483 2222 per-

1907 2254 2160 2293 sonarum
2211 2239 2573 2297 diversitatem
2617 2242 2952 2297 existimentur
2982 2258 3101 2312 qua:
3126 2244 3398 2314 patiantur
3425 2251 3477 2299 et

1907 2341 2024 2395 quae
2049 2325 2307 2382 fecerunt.

1399 2541 1732 2598 STEPHANI
1770 2544 1855 2599 BA
1864 2544 2040 2601 LUle
2076 2544 2301 2602 NOTAE.

237 2660 368 2740 riam-
396 2662 822 2740 conversationis
850 2671 914 2740 e_t_
928 2664 1235 2740 passionum
1268 2665 1497 2740 ‘Christi.
1541 2666 1803 2740 Hierony-

236 2743 338 2783 mus
355 2732 405 2785 in
426 2732 657 2793 cpistola
679 2733 745 2787 ad
768 2731 1047 2788 Paulinum
1071 2736 1138 2789 de
1159 2736 1490 2791 institutione
1511 2731 1760 2793 monachi
1785 2758 1797 2792 :

236 2798 405 2854 Beatus
434 2801 688 2855 Hilarion
719 2820 829 2856 cum
859 2805 1169 2859 Palaestinas
1196 2816 1327 2859 esset
1352 2816 1401 2860 et
1433 2808 1485 2859 in
1514 2806 1801 2863 Palwstina

237 2871 416 2929 vireret.
456 2888 569 2924 uno
606 2881 804 2926 tantum
845 2874 927 2927 die
960 2876 1082 2928 ridit
1132 2874 1570 2942 Hierosolymam,
1620 2887 1675 2931 ut
1709 2895 1800 2933 nec

235 2949 542 2994 contenmere
582 2942 696 2995 loca
741 2953 920 2996 sancta
951 2953 1159 3014 propter
1205 2947 1461 3008 viciniam,
1492 2962 1584 2999 nec
1622 2964 1800 3001 rursus

1906 2671 2185 2725 Dominum
2212 2673 2321 2725 loco
2351 2671 2588 2725 claudere
2607 2674 2874 2727 rideretur.

1976 2750 2003 2779 ι
2034 2741 2297 2794 Imitatum
2344 2756 2407 2793 ex
2456 2742 2521 2793 Μ.
2568 2741 2740 2795 Tullio
2786 2744 2836 2796 in
2882 2745 3111 2799 secunda
3153 2746 3479 2798 Antoniana-

1902 2827 2019 2865 rum
2053 2829 2064 2862 :
2110 2808 2259 2873 Quod
2278 2818 2353 2863 est
2381 2810 2524 2863 aliud
2556 2810 2851 2880 bene/icium
2876 2812 3149 2873 latronum.
3182 2814 3245 2868 P.
3273 2813 3352 2873 C.,
3378 2814 3482 2867 nisi

1902 2889 1957 2932 ut
1985 2882 2058 2933 eis
2079 2897 2133 2934 se
2154 2883 2305 2934 vitam
2326 2880 2527 2935 dedisse
2548 2881 2721 2934 dicant
2741 2882 2918 2952 quibus
2946 2900 3045 2937 non
3067 2885 3346 2938 admwrint
3360 2884 3387 2935 .9

244 3068 3469 3099 Mm.“

1408 3164 2309 3284 SALVIANI

1319 3333 1851 3386 HASSILXENSIS
1886 3335 2358 3390 PRESBYTER!

1164 3471 2519 3620 EPISTOLZE.

1708 3681 2055 3698 ————.

713 3746 863 3816 133
892 3742 1220 3800 EPISTULA
1248 3743 1288 3797 ι.

280 3829 322 3885 0
344 3848 526 3899 amor,
564 3833 697 3903 quid
727 3844 779 3890 te
807 3836 1075 3905 appellem
1104 3835 1285 3889 nescio
1304 3873 1317 3897 ,
1348 3832 1545 3886 bonum
1574 3846 1641 3884 an
1670 3844 1789 3883 ma-

223 3921 347 3988 lum,
393 3926 615 3982 dulcem
658 3942 725 3980 an
767 3942 1047 3996 asperum,
1079 3939 1297 3980 suavem
1326 3938 1392 3976 an
1422 3921 1785 3990 injucundum.

222 4009 286 4066 Ita
311 4017 446 4071 enim
477 4029 716 4085 utroque
743 4018 932 4085 plenus
959 4033 1037 4079 es,
1069 4024 1130 4069 ut
1156 4025 1439 4082 utrumque
1470 4027 1587 4067 esse
1616 4011 1792 4065 videa-

220 4103 301 4156 ris.
331 4106 508 4161 Amori
538 4122 577 4160 a
606 4107 761 4161 nobis
776 4116 1009 4169 nostros,
1035 4107 1314 4161 honestum
1340 4109 1449 4166 est;
1474 4101 1611 4185 hodi,
1632 4116 1788 4155 accr-

219 4190 346 4248 bum.
399 4196 465 4250 lit
513 4207 699 4251 tamen
741 4198 844 4252 hoc
879 4198 1116 4266 ejusdem
1160 4204 1240 4250 est
1283 4193 1546 4247 interdum
1587 4190 1785 4253 animi,

217 4283 546 4356 ejusdemque
581 4289 796 4357 pietatis
828 4306 840 4341 :
874 4304 994 4341 cum
1026 4287 1203 4357 specie
1232 4285 1546 4345 dissentiat,
1578 4282 1788 4335 ratione

217 4377 508 4430 concordat.
556 4378 727 4431 Amor
771 4379 969 4446 quippe
1009 4393 1106 4431 nos
1143 4375 1270 4430 facit
1312 4381 1523 4427 nostros
1554 4385 1735 4425 amare
1769 4387 1782 4423 :

214 4480 349 4520 amor
374 4446 651 4523 interdum
681 4471 825 4538 cogit
853 4468 1143 4524 oﬁendere.
1169 4466 1465 4533 Utrumque
1491 4478 1655 4517 unum
1683 4468 1783 4526 est;

212 4568 318 4608 mm
343 4566 525 4614 tamen
558 4560 702 4614 aliud
749 4560 949 4613 amoris
984 4558 1179 4612 habeat
1222 4555 1477 4624 gratiam,
1507 4551 1650 4606 aliud
1678 4548 1786 4604 odii

212 4649 432 4713 patiatur
453 4650 742 4705 offensam.
775 4650 944 4717 Quam
975 4664 1135 4717 grave
1164 4649 1286 4711 hoc,
1316 4660 1518 4714 quaeso,
1552 4654 1576 4681 ⁸
1599 4643 1672 4697 mi
1699 4641 1784 4695 di-

213 4732 484 4805 lectissimi,
505 4750 601 4795 aut
621 4756 781 4809 quam
811 4740 1060 4795 acerbum
1090 4747 1191 4801 est,
1222 4746 1281 4791 ut
1307 4750 1467 4791 causa
1497 4733 1604 4788 odii
1633 4746 1785 4787 amor

213 4840 316 4883 esse
358 4831 628 4899 cogatur!
674 4830 826 4897 Quod
882 4829 1096 4899 quidem
1152 4844 1271 4883 cum
1326 4840 1467 4896 saepe
1495 4824 1639 4889 aliis,
1670 4830 1784 4878 tum

211 4915 352 4970 etiam
381 4919 516 4973 mihi
549 4918 809 4974 accidisse
837 4934 979 4973 nunc
1007 4919 1138 4972 satis
1167 4931 1387 4979 vereor;
1411 4921 1471 4968 ut
1498 4913 1622 4968 dum
1653 4910 1785 4967 ado-

212 5002 482 5062 lescentem
514 5009 662 5063 hunc
685 5023 845 5076 quem
875 5006 942 5062 ad
970 5023 1067 5063 vos
1094 5006 1233 5070 misi,
1259 5004 1470 5059 tradere
1500 5000 1782 5057 individuis

1819 3744 1863 3803 C
1897 3757 2067 3807 mens,
2123 3741 2286 3796 etiam
2339 3742 2766 3797 imminutionem
2820 3748 3003 3807 gratim
3038 3743 3291 3797 offensam
3318 3752 3467 3814 puto.

1894 3831 2112 3888 Placere
2140 3834 2281 3888 enim
2311 3833 2520 3889 dilectis
2548 3835 2683 3889 meis
2712 3835 2994 3903 plurimum
3023 3836 3264 3905 cupiens,
3293 3837 3464 3890 mole-

1890 3925 2047 3979 stiam
2078 3926 2289 3979 illorum
2343 3932 2552 3980 reatum
2600 3941 2775 3980 meum
2807 3927 2994 3992 credo;
3026 3935 3080 3981 et
3108 3928 3209 3981 nisi
3237 3930 3315 3982 eis
3342 3928 3469 3982 satis

1888 4015 2163 4085 placuero,
2220 4016 2538 4084 supplicium
2594 4016 2926 4085 displicentis
2977 4017 3114 4072 fero.
3153 4018 3470 4087 Quanquam

1888 4106 1994 4161 hoc
2023 4106 2364 4159 metuendum
2388 4108 2439 4160 in
2467 4108 2619 4162 vobis
2659 4110 2879 4163 omnino
2906 4123 3012 4163 non
3042 4109 3142 4173 sit;
3172 4110 3260 4177 qui
3300 4118 3469 4163 totum

1889 4212 1975 4250 me
2010 4196 2062 4249 in
2091 4212 2187 4250 vos
2225 4197 2580 4266 recipientes,
2613 4199 2773 4252 etiam
2804 4199 2945 4267 apud
2986 4201 3120 4253 alios
3159 4216 3258 4268 pro
3285 4216 3371 4254 me
3401 4201 3469 4254 ti—

1884 4286 2062 4341 metis.
2087 4286 2314 4341 Tantutn
2370 4287 2510 4341 enim
2539 4288 2689 4341 abest
2718 4296 2777 4341 ut
2803 4288 3086 4357 displicere
3140 4302 3241 4355 ego
3287 4289 3465 4343 charic

1888 4376 1984 4429 tati
2025 4392 2089 4431 ac
2117 4377 2298 4430 sensui
2326 4385 2506 4431 vestro
2534 4378 2768 4446 possim,
2802 4386 2862 4431 ut
2896 4378 3055 4432 etiam
3098 4378 3225 4431 illud
3257 4393 3466 4432 mecum

1884 4464 2247 4520 reformidetis
2277 4481 2344 4522 ne
2372 4479 2472 4534 ego
2499 4466 2816 4534 quibusdam
2846 4466 2982 4541 forte
3010 4467 3347 4536 displiceam,
3389 4466 3466 4527 mi

1884 4554 2175 4609 dulcissimi
2213 4571 2278 4611 ac
2305 4556 2634 4610 dilectissimi
2677 4557 2801 4609 mei.
2853 4556 3180 4610 Adolescens
3206 4569 3367 4623 quem
3396 4553 3466 4610 ad

1883 4659 1982 4699 vos
2010 4644 2161 4707 misi,
2218 4644 2520 4714 Agrippina:
2557 4661 2678 4700 cum
2707 4646 2818 4699 suis
2846 4653 3033 4713 captus
3061 4652 3163 4709 est,
3192 4645 3465 4712 quondam

1886 4733 2025 4788 inter
2051 4749 2176 4788 suos
2205 4751 2309 4788 non
2339 4735 2487 4805 parvi
2518 4736 2774 4799 nominis,
2812 4734 3007 4787 familia
3037 4750 3141 4787 non
3170 4735 3460 4799 obscurus,

1848 4823 2045 4877 .domo
2096 4838 2203 4878 non
2256 4824 2613 4896 despical-ilis,
2665 4832 2719 4878 et
2765 4823 2832 4877 de
2872 4838 2979 4891 quo
3008 4824 3205 4892 aliquid
3236 4825 3467 4882 fortasse

1884 4915 2110 4984 amplius
2148 4915 2378 4971 dicerem
2426 4916 2529 4971 nisi
2551 4914 2576 4953 ι)
2603 4915 2935 4986 propinquus
2972 4931 3125 4972 meus
3156 4926 3316 4971 esset.
3348 4917 3467 4973 Hoc

1885 5003 2028 5058 enim
2076 5003 2136 5057 fit
2183 5012 2243 5059 ut
2285 5005 2462 5061 minus
2492 5005 2693 5070 dicam,
2727 5020 2793 5060 ne
2821 5005 2889 5060 de
2917 5022 3006 5060 me
3034 5007 3150 5076 ipso
3176 5008 3356 5062 dicere
3382 5007 3467 5062 vi-

210 5096 328 5149 meis
352 5099 537 5167 cupio,
571 5099 665 5153 uni
692 5098 932 5160 studens,
964 5097 1144 5151 multis
1171 5095 1428 5151 molestus
1446 5094 1546 5149 sim
1570 5132 1587 5159 ,
1622 5091 1781 5162 185
1809 5104 1860 5163 1)
1884 5091 2016 5147 dear
2034 5134 2049 5158 ,
2079 5093 2147 5148 de
2177 5094 2265 5148 illo
2292 5095 2448 5164 plura
2485 5094 2733 5149 dicendo.
2765 5094 2991 5150 Matrem
3028 5111 3158 5165 ergo
3189 5098 3234 5153 is
3262 5097 3328 5151 de
3353 5112 3467 5165 quo

211 5189 256 5235 et
302 5199 454 5241 amor
496 5182 619 5255 ejus
656 5187 858 5243 offensa
899 5188 967 5241 sit
1003 5195 1315 5244 creterorum
1350 5197 1698 5254 :quanquam
1725 5180 1781 5234 hi

209 5274 287 5337 qui
312 5277 442 5331 satis
468 5277 722 5345 diligunt,
752 5292 859 5332 non
887 5277 995 5332 cito
1028 5274 1385 5330 offendantur.
1430 5273 1535 5328 Sed
1572 5285 1672 5339 ego
1700 5270 1781 5324 in-

208 5362 563 5424 sinuationem
591 5384 765 5424 meam
791 5368 966 5425 minus
992 5376 1198 5436 gratam
1227 5366 1343 5423 fore
1368 5365 1685 5435 quibusdam
1714 5361 1781 5417 ti-

1882 5181 1953 5236 ὀὶ(
1972 5198 2005 5237 ο
2025 5184 2329 5254 Agrippinze
2355 5184 2568 5239 viduam
2597 5186 2842 5254 reliquit,
2874 5187 3125 5256 probam,
3156 5186 3460 5251 honestam,

1885 5282 1942 5329 et
1967 5275 2034 5330 de
2052 5290 2157 5344 qua
2188 5276 2409 5332 forsitan
2450 5277 2705 5333 audacter
2729 5278 2910 5334 dicere
2936 5280 3144 5333 valeam
3164 5318 3179 5342 ,
3209 5294 3335 5333 vere
3379 5277 3464 5331 vi-

1884 5363 2043 5417 duam
2075 5365 2124 5436 (l
2156 5365 2287 5421 Tim.
2318 5384 2371 5431 ν,
2399 5366 2475 5439 5).
2509 5368 2641 5422 Nam
2672 5380 2865 5438 prmter
2890 5377 3109 5424 cmteras
3136 5368 3466 5424 castimoniae

1356 5473 1697 5533 STEPHANI
1733 5471 2000 5530 BALUZII
2037 5475 2264 5533 ΝΟΤΛΕ.

265 5565 521 5624 l'Dixerit
572 5568 852 5626 Salvianus
900 5572 972 5626 mi

207 5646 330 5703 post.
359 5638 651 5696 Lucretius
677 5642 767 5698 lib.
798 5657 878 5708 ut,
904 5657 958 5697 v.
991 5640 1013 5696 ι

205 5719 311 5761 rere
328 5710 593 5764 ridentur.

1060 5585 1122 5626 ro
1156 5570 1322 5634 mihi,
1374 5569 1464 5624 hic
1503 5575 1557 5622 et
1610 5567 1771 5636 paulo

1060 5588 1122 5626 ro
1156 5588 1322 5634 mam,
1376 5588 1464 5624 me
1503 5588 1557 5622 et
1610 5588 1770 5636 pall“)

1023 5588 1126 5697 86:
1158 5639 1228 5697 In
1255 5657 1354 5713 quo
1380 5640 1455 5695 mi
1478 5638 1661 5693 diuersi
1687 5654 1770 5692 er-

1946 5566 1972 5606 ¹³
2006 5569 2139 5642 liinc
2164 5571 2339 5637 colligi
2369 5580 2548 5642 potest
2575 5572 2881 5627 Salvianum
2909 5572 3081 5642 patria
3100 5570 3463 5642 Agrippinen-

1874 5655 1988 5696 sem
2013 5641 2193 5709 fuisse,
2224 5644 2302 5698 uti
2327 5640 2636 5699 dicebamus
2663 5644 2719 5698 in
2746 5642 2865 5698 Vita
2893 5640 3033 5711 ejus.
