4006 6182
572 348 672 404 159

1534 335 1590 392 S.
1633 330 1950 390 SALVIANI
1987 324 2448 384 MASSILIENSIS
2484 320 2907 381 PRESBYTERI

3722 316 3815 372 rso

569 456 949 527 sapientiaque
998 452 1253 509 virtutes,
1286 455 1368 502 est
1414 445 1577 499 etiam
1633 440 1735 497 fide
1791 438 2003 505 nobilis,
2031 453 2149 507 qua:
2180 437 2236 499 Α
2263 435 2558 502 Admittite,
2584 451 2786 505 quaeso,
2808 435 2951 527 hunc
2979 432 3033 527 in
3059 431 3176 487 illas
3202 432 3391 527 beatas
3424 431 3574 502 186
3600 446 3663 527 ac
3685 448 3809 487 sein-

570 546 817 603 onmibus
844 556 1055 612 semper
1084 536 1361 593 ornatibus
1383 540 1700 589 ornamento
1728 540 1813 587 est
1845 550 1856 583 :
1888 529 2013 599 quia
2041 529 2157 583 sine

575 641 676 693 hac
705 636 835 691 nihil
863 642 974 688 tam
1004 637 1250 688 ornatum
1280 636 1361 684 est
1386 627 1530 697 quod
1570 639 1765 681 ornare
1809 624 2001 694 possit.
2033 620 2158 676 Hzec

571 740 717 795 ergo,
752 731 807 780 ut
838 723 1018 785 audio,
1052 729 1212 775 tanta:
1238 719 1347 773 illic
1374 717 1569 787 inopiae
1595 724 1755 784 atque
1776 713 2030 783 egestatis
2052 719 2154 777 est,

571 827 632 872 ut
657 796 838 871 ei’nec
865 812 1131 869 residendi
1175 826 1277 866 nec
1316 808 1545 863 abeundi
1591 806 1815 861 facultas
1869 812 2155 874 suppetat,

522 901 529 910 ’
571 908 696 977 quia
728 907 856 964 nihil
885 902 1131 972 estquod
1162 902 1244 957 vel
1274 900 1339 955 ad
1378 901 1576 954 victum
1607 898 1687 953 vel
1717 898 1786 951 ad
1832 898 2008 966 fugam
2038 894 2159 964 upi-

572 999 794 1053 tuletur.
827 995 1013 1051 Solum
1052 1002 1160 1058 est,
1203 992 1346 1062 quod
1378 990 1708 1045 mercenario
1752 1004 1916 1059 opere
1964 987 2159 1041 victum

573 1091 880 1160 quarritaus,
906 1088 1164 1142 uxoribus
1176 1086 1523 1139 barbarorum
1541 1082 1806 1137 locatitias
1826 1095 2014 1134 manus
2034 1079 2160 1133 sub-

573 1184 667 1237 dit.
700 1182 797 1243 lta,
831 1182 957 1237 licet
983 1196 1081 1250 per
1108 1180 1203 1233 Dei
1233 1175 1652 1231 misericordiam
1683 1173 1908 1228 vinculis
1930 1171 2158 1241 captivi-

575 1273 705 1327 tatis
752 1281 1000 1341 exempta
1048 1271 1136 1331 sit,
1169 1285 1289 1324 cum
1316 1268 1425 1337 jam
1456 1283 1561 1320 non
1592 1266 1789 1320 serviat
1831 1264 2156 1329 conditione,

573 1364 736 1419 servit
756 1370 1096 1432 paupertate.
1131 1359 1254 1414 Hmc
1284 1360 1443 1427 igitur
1462 1357 1660 1411 habere
1677 1356 1859 1409 mehic
1873 1352 2159 1407 nonnullo-

575 1467 691 1507 rum
746 1459 1055 1507 sanctorum
1103 1451 1330 1519 gratiam
1384 1464 1489 1502 non
1546 1445 1681 1501 falso
1729 1445 2163 1516 suspicans(nec

577 1544 718 1598 enim
750 1557 907 1612 nego,
949 1544 1099 1612 185
1149 1557 1216 1596 ne
1246 1549 1469 1608 negator
1521 1538 1703 1607 gratia:
1750 1537 1987 1605 ingratus
2016 1535 2157 1589 tiam.

577 1633 683 1689 Sed
707 1634 868 1703 plane
909 1633 1047 1688 sicut
1084 1632 1285 1686 habere
1333 1645 1419 1684 me
1448 1644 1566 1684 eam
1596 1644 1705 1683 non
1736 1642 1870 1696 nego
1890 1667 1905 1692 ,
1949 1627 2023 1681 ita
2053 1642 2160 1681 non

578 1724 772 1778 mereri
803 1739 888 1777 me
920 1730 1071 1777 certo
1100 1723 1244 1786 scio;
1278 1713 1567 1775 in'tautum
1592 1726 1648 1773 ut
1677 1719 1837 1773 etiam
1866 1720 1912 1773 si
1946 1727 2031 1774 est
2064 1718 2162 1772 ali-

2258 528 2496 598 piternas
2522 528 2731 589 domus,
2763 526 2986 596 recipito
3008 525 3059 578 in
3089 538 3241 579 sacra
3269 523 3483 587 horrea,
3508 522 3703 592 aperite
3726 538 3812 578 em-

2260 620 2421 676 lestes
2469 619 2786 684 thesauros;
2839 625 2894 671 et
2939 616 3013 671 ita
3060 615 3201 684 agite
3238 628 3304 669 ac
3328 613 3596 683 peragite,
3627 621 3683 667 ut
3705 613 3815 668 dum

2260 711 2405 766 hunc
2430 711 2483 764 in
2510 710 2821 765 thesaurum
2851 716 3087 763 vestrum
3115 705 3366 771 conditis,
3390 712 3596 775 partem
3624 706 3815 761 thesau-

2259 822 2441 861 rorum
2473 806 2710 875 ipsorum
2740 819 2859 859 esse
2887 802 3112 859 faciatis.
3145 801 3346 857 Potens
3373 808 3456 857 est
3480 801 3564 856 illa
3593 800 3815 857 ineffabi-

2260 895 2327 951 lis
2350 896 2444 951 Dei
2470 897 2644 966 pietas
2672 904 2750 960 ut,
2773 894 2896 948 dum
2919 909 3040 949 eum
3063 894 3115 947 in
3137 892 3464 947 consortium
3485 891 3815 962 spiritualium

2261 987 2527 1042 bonorum
2556 986 2841 1055 adoptatis,
2873 984 3087 1040 divitias
3113 998 3246 1052 quas
3270 983 3529 1058 ingipsum
3551 980 3821 1048 eﬁ'unditis,

2262 1092 2361 1147 per
2381 1077 2551 1145 ipsum
2586 1077 2841 1145 augeatis.
2874 1073 2938 1128 Et
2966 1089 3096 1130 sane
3116 1074 3161 1128 si
3182 1073 3308 1142 quid
3337 1073 3389 1127 in
3429 1072 3546 1143 ipso
3582 1074 3818 1128 est'bonze

2263 1167 2474 1232 indolis,
2516 1183 2625 1221 non
2664 1180 2871 1234 magnte
2908 1165 3062 1219 vobis
3098 1161 3424 1219 difﬁcultatis
3461 1177 3586 1233 spes
3623 1160 3731 1231 ejus
3766 1178 3819 1218 ac

2261 1259 2405 1313 salus
2446 1273 2564 1313 esse
2611 1257 2829 1313 debebit
2860 1275 2873 1310 :
2920 1254 3130 1312 etiamsi
3169 1255 3301 1309 nihil
3338 1270 3407 1309 ex
3441 1254 3595 1309 vobis
3635 1254 3817 1320 audiat,

2261 1347 2507 1404 euincere
2553 1348 2604 1403 ei
2644 1348 2748 1403 hoc
2788 1349 2962 1419 ipsum
3020 1346 3273 1402 convenit
3329 1345 3474 1416 quod
3536 1361 3634 1401 vos
3676 1344 3819 1402 videt.

2265 1438 2472 1494 Valete.

2831 1506 3165 1562 EPISTOLA
3212 1505 3277 1561 li.

2839 1617 2907 1655 AD
2945 1615 3270 1655 EUCBEIIUI’.

2334 1717 2362 1757 δ
2386 1717 2652 1773 Eucherio
2682 1718 2937 1789 episcopo
2966 1717 3267 1773 Salvianus.
3299 1714 3581 1774 Ursicinus
3606 1716 3825 1772 alumnus

575 1828 682 1883 qua
737 1813 789 1867 in
839 1828 925 1868 me
973 1814 1093 1877 illa,
1135 1827 1234 1880 ego
1283 1820 1459 1866 tamen
1490 1812 1631 1866 illius
1670 1826 1830 1865 causa
1865 1826 1974 1866 non
2011 1811 2110 1864 sim
2142 1828 2155 1863 :
2190 1804 2237 1864 Β
2265 1818 2387 1865 tuus
2423 1811 2802 1867 salutationem
2857 1819 3004 1864 tuam
3044 1809 3290 1879 proxime
3328 1808 3397 1863 ad
3423 1823 3510 1863 me
3538 1808 3761 1863 detulit:
3786 1808 3823 1861 si

576 1906 703 1974 quia
732 1906 779 1960 si
806 1921 910 1974 qua
932 1914 1015 1960 est
1034 1906 1087 1959 in
1114 1920 1201 1959 me
1229 1904 1417 1973 gratia,
1450 1904 1520 1958 ob
1549 1919 1661 1970 eos,
1687 1904 1743 1957 ni
1782 1902 1955 1970 fallor,
1987 1904 2161 1957 maxi-
2206 1950 2209 1957 .

579 2012 666 2053 me
694 1997 817 2053 data
848 2005 931 2053 est
959 2012 1186 2067 quorum
1217 1997 1474 2050 intererat
1520 2002 1577 2048 ut
1617 2003 1800 2063 gratus
1845 2008 2038 2048 essem.
2096 1992 2167 2049 Ut

581 2087 871 2142 verendum
896 2086 1117 2141 forsitan
1146 2086 1273 2139 mihi
1299 2086 1368 2139 sit
1396 2100 1462 2138 ne
1490 2098 1689 2151 negans
1729 2083 1813 2137 his
1856 2083 1999 2152 quod
2040 2098 2168 2153 pro-

580 2185 703 2246 pter
732 2193 826 2233 eos
856 2179 1015 2248 empi,
1046 2172 1157 2231 non
1184 2184 1293 2229 tam
1320 2191 1493 2230 meam
1521 2191 1633 2228 rem
1662 2174 1746 2228 his
1769 2188 1963 2242 negare
1985 2174 2169 2228 videar

581 2287 741 2341 quam
773 2268 1074 2341 ipsorum);
1109 2270 1219 2324 lucc
1252 2269 1412 2337 igitur
1441 2276 1533 2322 aut
1568 2266 1619 2321 id
1650 2267 1795 2336 quod
1824 2275 1906 2321 est
1929 2275 2021 2320 aut
2048 2267 2167 2336 plus

578 2377 739 2431 quam
778 2370 860 2416 est
900 2362 954 2414 in
996 2375 1081 2414 me
1121 2374 1240 2413 esse
1273 2359 1607 2423 existimans,
1639 2359 1783 2411 misit
1815 2357 1881 2411 ad
1910 2373 1995 2412 me
2024 2357 2167 2413 hunc

578 2467 739 2521 quem
786 2452 852 2505 ad
894 2467 989 2505 vos
1022 2461 1042 2485 ⁸
1077 2465 1293 2518 ego.....
1327 2448 1443 2503 fore
1473 2457 1532 2503 ut
1560 2456 1753 2516 agente
1792 2463 1880 2503 me
1917 2457 1973 2503 et
2008 2449 2166 2503 anni-

583 2550 730 2597 tente
757 2541 1050 2596 amicorum
1081 2555 1322 2593 meorum
1352 2540 1544 2607 gratia,
1577 2538 2002 2607 propinquorum
2026 2554 2170 2594 meo-

584 2647 700 2685 rum
730 2638 871 2685 esset
899 2629 1175 2684 auxilium.
1211 2628 1333 2683 Feci
1363 2642 1490 2696 ergo
1522 2627 1574 2681 id
1613 2628 1757 2698 quod
1784 2635 2005 2695 rogatus
2027 2644 2163 2693 sum,

582 2721 675 2777 sed
705 2730 884 2776 tamen
913 2736 1094 2791 parce,
1119 2726 1173 2773 et
1202 2718 1339 2788 apud
1375 2733 1591 2787 paucos,
1644 2734 1711 2772 ne
1738 2717 1907 2786 gratia
1939 2718 2052 2787 ipsa
2081 2718 2167 2772 in-

582 2822 732 2880 grate
756 2821 952 2867 uterer.
977 2810 1360 2866 Connuendavi
1391 2811 1533 2863 hunc
1555 2809 1690 2870 aliis,
1722 2809 2039 2863 commendo
2068 2824 2166 2863 vo-

583 2905 681 2966 bis,
741 2902 866 2957 licet
913 2918 1019 2954 non
1074 2916 1227 2968 aeque
1274 2900 1393 2953 aliis
1440 2907 1499 2952 ut
1538 2900 1709 2953 vobis.
1743 2895 2009 2963 Primum,
2040 2900 2167 2969 quia

581 2993 949 3047 commendari
972 2992 1104 3048 satis
1131 2991 1284 3045 vobis
1312 3006 1434 3045 eum
1461 2990 1552 3058 qui
1579 2998 1661 3044 est
1684 3004 1860 3054 meus,
1892 2990 1966 3043 ita
1996 2997 2056 3043 ut
2092 2990 2169 3060 ip-

494 3154 503 3159 ‘
581 3099 700 3137 sum
734 3098 821 3137 me
851 3099 955 3138 non
984 3097 1203 3155 necesse
1232 3090 1332 3137 est.
1366 3080 1567 3135 Deinde
1599 3081 1723 3151 quia
1753 3097 1875 3135 cum
1916 3096 2003 3136 me
2041 3096 2168 3150 por-

2266 1919 2373 1957 non
2398 1902 2598 1971 jussus,
2623 1902 2783 1957 laudo
2810 1903 3148 1973 sapientiam,
3173 1902 3297 1957 licet
3325 1916 3430 1956 non
3454 1903 3677 1972 probem
3712 1899 3825 1954 falsi-

2266 2000 2431 2048 tatem
2465 2013 2475 2043 :
2504 1995 2549 2048 si
2582 1992 2782 2063 jussus,
2824 1994 2993 2048 miror
3038 1992 3181 2062 quod
3219 1993 3474 2048 mandare
3503 1994 3704 2049 amoris
3728 1993 3825 2047 olli-

2266 2086 2406 2147 cium
2454 2100 2616 2155 quam
2657 2085 2894 2140 scribere
2940 2084 3197 2149 maluisti,
3246 2084 3351 2140 hoc
3387 2091 3470 2139 est
3510 2100 3614 2154 per
3640 2099 3823 2139 servum

2267 2176 2445 2247 potius
2473 2192 2632 2245 quam
2661 2191 2758 2247 per
2785 2184 2839 2231 te
2866 2174 3014 2230 dare.
3034 2175 3213 2243 Arguo
3252 2175 3430 2244 itaque
3457 2174 3563 2229 hoc
3588 2185 3643 2229 et
3666 2190 3826 2228 emen-

2266 2266 2384 2321 dari
2414 2268 2537 2322 volo
2563 2285 2578 2335 ;
2628 2269 2672 2323 si
2706 2278 2883 2322 tamen
2927 2266 3261 2334 negligentia:
3292 2273 3376 2321 est
3396 2305 3411 2329 ,
3437 2281 3543 2319 non
3567 2266 3824 2335 superbiat.

2273 2370 2295 2398 ε
2329 2357 2655 2429 Pedissequa
2685 2358 2825 2413 enim
2848 2358 3165 2428 plerumque
3194 2357 3318 2412 novi
3348 2357 3574 2411 honoris
3603 2367 3683 2411 est
3708 2372 3827 2409 arro-

2268 2452 2447 2519 gantia
2469 2469 2481 2504 :
2496 2452 2624 2506 licet
2644 2451 2697 2505 in
2719 2458 2774 2505 te
2795 2466 2895 2505 nec
2911 2449 3173 2518 generalis
3191 2448 3305 2503 vitii
3328 2449 3509 2520 opinio
3521 2447 3829 2503 admittenda

2268 2542 2356 2604 sit,
2381 2542 2505 2610 quia
2522 2556 2697 2611 prope
2722 2541 3005 2611 singularis
3032 2547 3118 2595 est
3143 2555 3296 2595 meus
3316 2554 3381 2594 ac
3404 2539 3709 2607 benignitas
3733 2546 3827 2592 tua.

2270 2629 2424 2686 Unde
2472 2630 2788 2701 responderi
2826 2647 2857 2685 a
2908 2639 2963 2686 te
3007 2630 3241 2699 antiqua:
3285 2629 3673 2685 existimationi
3718 2643 3831 2684 mea:

2269 2721 2432 2775 etiam
2456 2737 2601 2777 nunc
2623 2720 2824 2790 jugiter
2850 2723 3027 2792 cupio,
3061 2736 3128 2776 ne
3155 2723 3201 2776 si
3230 2722 3282 2775 in
3310 2720 3633 2791 quibusdam
3652 2718 3832 2777 ofﬁcio-

2269 2829 2387 2867 rum
2417 2821 2629 2869 tuorum
2666 2830 2783 2869 mos
2806 2814 3147 2885 discrepavit,
3178 2813 3376 2884 aliquid
3414 2814 3467 2867 in
3489 2821 3544 2870 te
3575 2815 3725 2871 novis
3746 2816 3834 2870 ho-

2269 2904 2492 2959 noribus
2522 2905 2737 2960 licuisse
2764 2905 3031 2961 videatur.

2839 3016 3170 3075 EPISTULA
3196 3017 3280 3073 IlI.

2873 3128 2942 3166 AD
2980 3126 3251 3166 AGBICIUI.

507 3173 515 3189 '
583 3174 785 3229 tionem
833 3175 999 3229 vestri
1050 3175 1383 3239 existimetis,
1429 3188 1651 3228 necesse
1680 3180 1762 3227 est
1788 3187 1908 3227 eum
1941 3173 2033 3243 qui
2062 3173 2167 3228 mei
2194 3165 2241 3229 C
2340 3200 2367 3239 ά
2391 3200 2606 3270 Agricio
2651 3202 2908 3273 episcopo
2954 3165 3257 3258 saiviauus.
3290 3201 3351 3258 Si
3390 3216 3654 3259 causam
3680 3201 3837 3258 imm-

584 3268 760 3335 portio
788 3277 869 3323 est
897 3268 1062 3323 vestri
1087 3282 1300 3338 quoque
1346 3267 1682 3336 aliquatenus
1716 3266 2020 3337 portionem
2049 3281 2169 3322 esse

584 3360 810 3414 ducalis.
842 3360 1153 3423 Postremo,
1183 3359 1328 3427 quod
1355 3358 1748 3414 commendatio
1778 3358 1891 3428 ipsa
1926 3358 2062 3413 sicut
2084 3358 2168 3413 di-

585 3452 722 3506 versi
749 3454 981 3520 generis,
1013 3451 1085 3504 ita
1128 3450 1290 3504 etiam
1320 3449 1716 3504 excellentioris
1759 3458 1841 3504 est
1870 3449 2165 3505 charitatis.

585 3545 713 3601 Aliis
745 3544 885 3599 enim
909 3542 1277 3598 commendavi
1304 3542 1446 3596 hunc
1491 3558 1741 3611 corpore,
1766 3541 1919 3597 vobis
1946 3542 2165 3611 spiritu;

587 3634 706 3688 aliis
730 3634 781 3687 in
811 3634 1176 3688 emolumenta
1207 3632 1570 3703 prmsentium,
1604 3632 1757 3686 vobis
1778 3631 1830 3685 in
1852 3646 2005 3701 spem
2035 3630 2171 3685 futuo

584 3739 801 3789 rorum;
835 3724 954 3778 aliis
981 3724 1051 3777 ob
1079 3723 1259 3778 brevia
1283 3730 1445 3790 atque
1479 3730 1711 3787 terrena,
1748 3721 1901 3777 vobis
1930 3723 2001 3777 ob
2029 3737 2171 3776 sem-

585 3814 795 3883 piterna
851 3822 1012 3881 atque
1063 3813 1241 3867 divina
1274 3830 1286 3864 :
1318 3820 1374 3866 et
1423 3818 1570 3866 recte
1603 3829 1616 3861 :
1647 3817 1708 3864 ut
1759 3811 1883 3880 quia
1934 3811 2172 3866 carnalia

590 3904 741 3958 vobis
768 3903 944 3957 minus
966 3918 1127 3972 quam
1156 3902 1414 3971 spiritalia
1445 3902 1587 3956 bona
1615 3908 1925 3969 suppetunt,
1959 3901 2047 3954 illa
2069 3916 2170 3970 ego

589 3994 759 4063 magis
790 4008 820 4047 a
851 3994 1003 4049 vobis
1039 4000 1279 4063 peterem
1318 3992 1514 4061 quibus
1541 4007 1639 4046 vos
1666 3993 1837 4060 magis
1865 3992 2164 4048 abundatis.

588 4086 853 4156 Suscipite
878 4099 1028 4154 ergo,
1058 4099 1259 4154 quaeso,
1289 4084 1435 4139 hunc
1459 4089 1517 4138 ut
1543 4098 1664 4138 mea
1693 4083 1897 4139 viscera
1921 4083 2164 4156 (Philem.

590 4178 699 4246 Η),
729 4187 785 4234 et
805 4187 1064 4247 quantum
1093 4177 1145 4231 in
1171 4176 1321 4232 vobis
1348 4184 1431 4231 est
1458 4184 1666 4242 vestra;
1696 4175 1873 4242 facite,
1896 4177 2095 4234 inlicite
2115 4188 2171 4234 et

588 4269 986 4334 adhortamini,
1041 4267 1269 4332 docete,
1326 4266 1608 4332 instruite,
1658 4265 1916 4331 formate,
1948 4268 2165 4336 gignite.

587 4358 785 4414 Christi
810 4359 1019 4414 Domini
1046 4357 1219 4413 nostri
1243 4356 1612 4412 misericordia
1636 4358 1855 4421 tribuat,
1888 4366 1946 4413 ut
1972 4359 2096 4428 quia
2120 4361 2172 4415 ei

588 4450 641 4505 id
673 4452 840 4519 magis
885 4449 1131 4518 expedit,
1160 4448 1254 4516 qui
1290 4462 1431 4502 nunc
1472 4449 1802 4517 prapinquus
1830 4464 1984 4504 meus
2015 4459 2098 4505 est
2117 4460 2173 4508 et

2269 3295 2570 3351 ciositatem
2598 3310 2775 3350 meam
2804 3294 2948 3365 apud
2970 3294 3379 3350 sanctimoniam
3429 3302 3576 3351 tuam
3610 3297 3803 3366 cupiam
3821 3334 3839 3359 ,

2277 3387 2428 3456 187
2464 3385 2633 3453 magis
2661 3386 2992 3442 accusandus
3019 3386 3120 3441 sim
3138 3427 3153 3452 ,
3184 3387 3275 3455 qui
3304 3385 3720 3442 inexcusabilem
3764 3400 3837 3440 me

2269 3492 2389 3533 esse
2411 3477 2497 3531 vel
2525 3493 2630 3531 non
2653 3492 2939 3546 agnoscam
2966 3493 3078 3548 pra:
3105 3477 3418 3541 stoliditate,
3440 3479 3527 3533 vel
3551 3479 3717 3534 nolim
3745 3493 3840 3549 pra!

2270 3567 2522 3636 superbia
2572 3566 2838 3622 confiteri.
2883 3565 3001 3620 Non
3057 3582 3256 3622 excuso
3302 3580 3476 3636 ergo:
3510 3576 3843 3638 augmentum

2270 3658 2416 3712 enim
2445 3666 2625 3712 reatus
2653 3666 2755 3724 est,
2788 3658 3152 3713 innocentiam
3199 3658 3413 3729 jactare
3466 3669 3597 3729 post
3625 3662 3840 3731 culpam.

2272 3748 2410 3816 Quid
2449 3750 2609 3818 igitur
2636 3750 2849 3815 faciam,
2881 3751 2967 3806 cui
3013 3766 3114 3807 nec
3161 3751 3390 3821 negandi
3417 3751 3601 3807 delicti
3638 3753 3841 3807 facultas

2270 3844 2525 3912 suppetit,
2584 3858 2684 3898 nec
2735 3844 2959 3899 tuendi?
2988 3844 3195 3913 Negare
3222 3844 3366 3899 enim
3420 3844 3705 3901 manifesta
3746 3860 3841 3899 non

2273 3932 2467 3997 audeo,
2495 3940 2551 3987 et
2577 3949 2836 3988 excusare
2889 3934 3176 3989 immodica
3229 3951 3335 3990 non
3382 3950 3623 4004 possum.
3656 3933 3837 3991 Confuo

2271 4024 2522 4094 gicndum
2552 4026 2683 4080 mihi
2714 4027 2894 4095 itaque
2924 4026 2992 4081 ad
3019 4026 3318 4081 divinarum
3340 4036 3422 4082 est
3448 4029 3689 4084 remedia
3713 4028 3839 4083 litte-

2269 4134 2472 4185 rarum,
2501 4134 2619 4189 qua:
2640 4119 2993 4174 maximorum
3019 4119 3323 4174 criminum.

2834 4250 3168 4306 EPISTULA
3197 4252 3288 4306 IV.

2710 4359 2777 4397 AD
2804 4357 3040 4397 SOCERUM
3086 4360 3154 4397 ΕΤ
3194 4359 3415 4398 SOCRUI.

2346 4466 2370 4493 ε
2393 4454 2621 4527 Hypatio
2648 4462 2704 4509 et
2730 4454 2934 4521 Quietae
2952 4455 3264 4523 parentibus
3290 4455 3596 4522 Salvianus,
3622 4455 3841 4511 Palladia

587 4549 921 4602 ceterorum,
952 4544 1133 4594 vester
1153 4551 1273 4593 esse
1292 4537 1511 4607 incipiat
1534 4538 1713 4608 potius
1739 4553 1900 4607 quam
1926 4557 2168 4603 suorum.
2200 4539 2249 4597 D
2275 4554 2330 4602 et
2344 4546 2649 4616 Auspiciola
2664 4542 3124 4601 salutem.Paulus
3138 4547 3436 4617 apostolus,
3450 4548 3728 4604 electionis
3740 4562 3849 4612 vas,

1764 4672 2101 4733 STEPHANI
2139 4678 2410 4735 BALUZII
2448 4677 2674 4734 NOTAE.

662 4800 685 4862 ξ·
718 4792 1026 4862 Βερειίιιοο
1078 4793 1201 4848 loco
1241 4791 1540 4862 quippiam;
1580 4792 1946 4861 reponendum
1993 4803 2173 4851 autem

594 4860 799 4934 videtur
831 4882 851 4934 :_
871 4861 1043 4934 Quem,
1060 4862 1128 4915 ad
1147 4879 1233 4918 eos
1260 4860 1356 4934 ego
1373 4860 1548 4927 'mitto,
1571 4860 1785 4931 sperans
1807 4865 1936 4934 fore,
1958 4873 2061 4918 etc.

660 4930 686 5003 β
712 4930 1065 5003 Lugdunensi,
1099 4934 1213 4987 viro
1246 4930 1344 5003 per
1370 4949 1462 4988 eas
1483 4930 1829 5003 tempestates
1854 4934 2168 4999 clarissimo,

589 5002 741 5066 cujus
770 5000 906 5054 ﬁlios
933 5002 1204 5055 Salonium
1234 5000 1290 5058 et
1318 5000 1893 5058 Veranum’Salvianus
1918 5003 1970 5056 in
2010 5004 2171 5060 disci-

591 5074 730 5143 p‘ina
757 5072 1033 5143 habuerat,
1061 5073 1136 5125 uti
1158 5072 1357 5128 dictum
1385 5083 1468 5129 est
1495 5089 1675 5143 supra.
1708 5072 1787 5129 Ad
1815 5089 1936 5130 eum
1960 5091 2172 5130 rursum

590 5141 772 5199 Scribit
799 5141 1079 5195 Salvianus
1106 5143 1385 5211 epistolam
1408 5141 1670 5200 octavam.

664 5224 685 5251 ο
716 5212 1016 5278 Stephanus
1038 5211 1390 5283 Tornacensis
1418 5215 1574 5283 epist.
1598 5213 1658 5267 6|
1684 5233 1696 5267 :
1725 5213 1876 5269 Vivat
1893 5216 1945 5268 in
1968 5216 2084 5269 aliis
2106 5216 2171 5269 il-

590 5284 678 5340 Iud
704 5282 912 5353 vulgare
940 5282 1256 5351 prouerbium
1280 5300 1297 5336 :
1320 5282 1558 5339 Honores
1594 5294 1795 5338 mutant
1829 5302 2016 5339 mores.
2052 5285 2173 5339 Jor-

588 5356 757 5423 danus
800 5356 850 5407 in
889 5352 1207 5423 epistolaad
1238 5353 1315 5423 ﬁt}.
1358 5353 1597 5409 Priorem
1647 5354 1786 5423 apud
1815 5355 2168 5411 Duchesnium

589 5435 719 5479 tam.
747 5422 841 5496 IV,
871 5435 1008 5496 pag.
1179 5440 1191 5475 :
1221 5422 1380 5496 Nunc
1421 5434 1588 5478 autem
1623 5421 1745 5496 rogo
1780 5442 1843 5496 ne
1885 5427 1950 5479 sit
1979 5426 2170 5479 veridi-

589 5514 701 5549 tum
731 5494 794 5549 de
831 5494 967 5549 vobis
995 5493 1125 5547 illud
1148 5493 1354 5564 vulgare
1386 5493 1704 5563 proverbium
1734 5511 1751 5548 :
1787 5494 2024 5549 Honores
2054 5513 2168 5549 mu-

591 5577 703 5618 tant
742 5582 927 5620 mores.
967 5563 1273 5633 Arnulplius
1317 5563 1662 5619 Lexovieusis
1702 5565 1855 5634 epist.
1886 5565 1923 5617 2
1963 5583 1975 5617 :
2018 5564 2172 5619 Great

588 5638 725 5687 enim
747 5652 833 5688 cor
853 5652 1036 5691 novum
1056 5645 1105 5688 et
1133 5651 1286 5691 novos
1316 5635 1529 5704 affectus
1568 5651 1711 5690 nova:
1748 5638 2059 5690 corascientia
2091 5639 2174 5691 di-

588 5706 821 5793 mittatis.
866 5705 994 5761 Vide
1033 5714 1194 5793 potas
1236 5706 1302 5761 ad
1339 5704 1620 5778 epistolam
1672 5704 1769 5760 109
1809 5706 1937 5777 Lupi
1977 5705 2169 5761 Ferra-

590 5788 799 5829 ηευεις.

2348 4797 2375 4835 «ι
2407 4796 2774 4868 Antipolitano
2798 4797 2850 4868 in
2879 4797 3114 4868 secunda
3134 4796 3488 4868 Narbonensi,
3510 4796 3651 4852 haud
3670 4798 3848 4868 procul

2275 4865 2642 4937 Massilia,’qui
2671 4867 2897 4922 concilio
2920 4867 3210 4929 Agathensi
3239 4867 3549 4937 subscripsit
3569 4865 3711 4921 anno
3732 4865 3843 4920 506.

2276 4937 2459 5006 Neque
2487 4936 2629 4991 enim
2669 4938 2933 5008 assentior
2962 4937 3336 5008 Rittershusio,
3360 4939 3451 5007 qui
3481 4938 3758 5008 epistolam
3787 4937 3845 4991 il-

2274 5007 2379 5077 lam
2406 5014 2560 5077 putat
2601 5008 2850 5077 scriptam
2891 5006 3051 5063 fuisse
3095 5007 3159 5061 ad
3202 5006 3844 5077 AgrmCium'episcopuiu

2274 5076 2802 5141 Senenensem,’ad
2851 5092 3010 5145 quem
3057 5078 3199 5131 circa
3244 5093 3442 5132 annum
3490 5077 3595 5133 675
3641 5076 3842 5145 scripsit

2274 5146 2525 5218 Sidonius
2570 5147 2651 5218 de,
2676 5148 2941 5202 electione
2990 5147 3227 5218 episcopi
3262 5148 3641 5218 Bituricensis.
3693 5146 3849 5218 Et__is

2277 5216 2392 5285 ipse
2447 5216 2685 5273 fortassis
2732 5226 2815 5270 est
2860 5213 3135 5284 Agrmeius
3175 5213 3272 5285 qui
3320 5218 3461 5272 circa
3499 5233 3698 5272 annum
3728 5213 3846 5280 458,

2277 5287 2511 5357 nondum
2537 5288 2840 5357 episcopus,
2865 5289 3007 5341 mille
3029 5287 3231 5341 solidos
3252 5286 3501 5342 Ecclesia:
3527 5286 3848 5357 Narbonensi

2278 5356 2489 5427 obtulit,
2522 5365 2580 5411 ut
2599 5356 2665 5412 de
2693 5358 2923 5427 pecunia
2945 5374 3040 5412 sua
3077 5357 3288 5423 juvaret
3314 5357 3589 5413 Rusticum
3617 5356 3760 5413 sedis
3787 5356 3850 5411 il-

2273 5426 2376 5481 lius
2402 5426 2730 5497 episcopum,
2762 5429 2851 5496 qui
2890 5426 3176 5482 Ecclesiam
3210 5442 3358 5481 suam
3388 5427 3585 5482 dudum
3611 5436 3850 5497 exustam

2272 5495 2650 5571 reaediticabat.
2666 5495 2977 5571 utconstat
3003 5513 3072 5553 ex
3092 5497 3261 5553 veteri
3279 5498 3622 5569 inscriptione
3648 5496 3852 5551 Narbo-

2274 5568 2423 5620 nensi
2446 5582 2604 5636 quam
2632 5568 2757 5623 alibi
2786 5568 3068 5622 edidimus.

2271 5646 2386 5762 cf;
2424 5637 2587 5693 Erant
2615 5639 2668 5693 hi
2718 5648 2968 5710 parentes
3015 5638 3278 5705 Palladiae,
3309 5652 3429 5708 qua:
3457 5636 3692 5694 Salviani
3721 5650 3852 5692 uxor
