  <div class='ocr_page' id='page_1' title='image "/cluster/home/n/w/nwhite01/storage/ocr_20150623/53/hvd.32044073505091/088.png"; bbox 0 0 3936 6176; ppageno 0'>
   <div class='ocr_carea' id='block_1_1' title="bbox 227 290 2006 353">
    <p class='ocr_par' dir='ltr' id='par_1_1' title="bbox 227 290 2006 353">
     <span class='ocr_line' id='line_1_1' title="bbox 227 290 2006 353; baseline 0.004 -15"><span class='ocrx_word' id='word_1_1' title='bbox 227 299 301 353; x_wconf 72' lang='grc' dir='ltr'><strong>ιηι</strong></span> <span class='ocrx_word' id='word_1_2' title='bbox 1620 290 1904 348; x_wconf 75' lang='lat' dir='ltr'><strong>EPlSTOl.</strong></span> 
     </span>
    </p>
   </div>
   <div class='ocr_carea' id='block_1_2' title="bbox 3372 300 3474 356">
    <p class='ocr_par' dir='ltr' id='par_1_2' title="bbox 3372 300 3474 356">
     <span class='ocr_line' id='line_1_2' title="bbox 3372 300 3474 356; baseline 0.02 -2"><span class='ocrx_word' id='word_1_3' title='bbox 3372 300 3474 356; x_wconf 69' lang='grc'><strong>162</strong></span> 
     </span>
    </p>
   </div>
   <div class='ocr_carea' id='block_1_3' title="bbox 221 401 3472 478">
    <p class='ocr_par' dir='ltr' id='par_1_3' title="bbox 221 401 3472 478">
     <span class='ocr_line' id='line_1_3' title="bbox 221 401 3472 478; baseline 0.003 -19"><span class='ocrx_word' id='word_1_4' title='bbox 221 408 440 476; x_wconf 71' lang='lat' dir='ltr'><strong>magister</strong></span> <span class='ocrx_word' id='word_1_5' title='bbox 470 402 592 458; x_wconf 83' lang='lat' dir='ltr'><strong>fidei</strong></span> <span class='ocrx_word' id='word_1_6' title='bbox 623 412 677 458; x_wconf 90' lang='lat' dir='ltr'><strong>et</strong></span> <span class='ocrx_word' id='word_1_7' title='bbox 719 401 1115 474; x_wconf 70' lang='lat' dir='ltr'><strong>receptaculum</strong></span> <span class='ocrx_word' id='word_1_8' title='bbox 1146 403 1270 467; x_wconf 91' lang='lat' dir='ltr'><strong>Dei,</strong></span> <span class='ocrx_word' id='word_1_9' title='bbox 1295 417 1416 458; x_wconf 90' lang='lat' dir='ltr'><strong>cum</strong></span> <span class='ocrx_word' id='word_1_10' title='bbox 1441 416 1628 457; x_wconf 87' lang='lat' dir='ltr'><strong>omnes</strong></span> <span class='ocrx_word' id='word_1_11' title='bbox 1657 404 1775 473; x_wconf 70' lang='lat' dir='ltr'><strong>epi»</strong></span> <span class='ocrx_word' id='word_1_12' title='bbox 1805 410 1854 467; x_wconf 82' lang='grc' dir='ltr'>Α</span> <span class='ocrx_word' id='word_1_13' title='bbox 1883 421 1968 461; x_wconf 91' lang='lat' dir='ltr'><strong>me</strong></span> <span class='ocrx_word' id='word_1_14' title='bbox 1997 405 2376 476; x_wconf 84' lang='lat' dir='ltr'><strong>pronuntiasti.</strong></span> <span class='ocrx_word' id='word_1_15' title='bbox 2401 405 2457 462; x_wconf 87' lang='lat' dir='ltr'><strong>Si</strong></span> <span class='ocrx_word' id='word_1_16' title='bbox 2487 408 2788 478; x_wconf 70' lang='lat' dir='ltr'><strong>praeteritas</strong></span> <span class='ocrx_word' id='word_1_17' title='bbox 2830 410 3030 464; x_wconf 85' lang='lat' dir='ltr'><strong>irarum</strong></span> <span class='ocrx_word' id='word_1_18' title='bbox 3077 426 3267 467; x_wconf 80' lang='lat' dir='ltr'><strong>causas</strong></span> <span class='ocrx_word' id='word_1_19' title='bbox 3314 427 3472 468; x_wconf 82' lang='lat' dir='ltr'><strong>exse-</strong></span> 
     </span>
    </p>
   </div>
   <div class='ocr_carea' id='block_1_4' title="bbox 216 491 1779 562">
    <p class='ocr_par' dir='ltr' id='par_1_4' title="bbox 216 491 1779 562">
     <span class='ocr_line' id='line_1_4' title="bbox 216 491 1779 562; baseline -0.004 -10"><span class='ocrx_word' id='word_1_20' title='bbox 216 497 374 560; x_wconf 76' lang='lat' dir='ltr'><strong>ttolas,</strong></span> <span class='ocrx_word' id='word_1_21' title='bbox 426 501 614 562; x_wconf 88' lang='lat' dir='ltr'><strong>utpote</strong></span> <span class='ocrx_word' id='word_1_22' title='bbox 667 493 1138 562; x_wconf 77' lang='lat' dir='ltr'><strong>eloquentissimus</strong></span> <span class='ocrx_word' id='word_1_23' title='bbox 1189 492 1288 559; x_wconf 89' lang='lat' dir='ltr'><strong>vir,</strong></span> <span class='ocrx_word' id='word_1_24' title='bbox 1321 491 1620 555; x_wconf 74' lang='lat' dir='ltr'><strong>dictaverit,</strong></span> <span class='ocrx_word' id='word_1_25' title='bbox 1660 493 1779 562; x_wconf 89' lang='lat' dir='ltr'><strong>qui-</strong></span> 
     </span>
    </p>
   </div>
   <div class='ocr_carea' id='block_1_5' title="bbox 217 585 1774 654">
    <p class='ocr_par' dir='ltr' id='par_1_5' title="bbox 217 585 1774 654">
     <span class='ocr_line' id='line_1_5' title="bbox 217 585 1774 654; baseline -0.004 -11"><span class='ocrx_word' id='word_1_26' title='bbox 217 589 418 644; x_wconf 81' lang='lat' dir='ltr'><strong>husdam</strong></span> <span class='ocrx_word' id='word_1_27' title='bbox 449 596 631 640; x_wconf 90' lang='lat' dir='ltr'><strong>tamen</strong></span> <span class='ocrx_word' id='word_1_28' title='bbox 660 601 768 640; x_wconf 90' lang='lat' dir='ltr'><strong>non</strong></span> <span class='ocrx_word' id='word_1_29' title='bbox 796 601 952 639; x_wconf 81' lang='lat' dir='ltr'><strong>suum</strong></span> <span class='ocrx_word' id='word_1_30' title='bbox 990 593 1199 640; x_wconf 87' lang='lat' dir='ltr'><strong>tantum</strong></span> <span class='ocrx_word' id='word_1_31' title='bbox 1234 601 1427 640; x_wconf 90' lang='lat' dir='ltr'><strong>nomen</strong></span> <span class='ocrx_word' id='word_1_32' title='bbox 1457 585 1728 654; x_wconf 77' lang='lat' dir='ltr'><strong>inscripsit</strong></span> <span class='ocrx_word' id='word_1_33' title='bbox 1763 603 1774 637; x_wconf 88' lang='lat'><strong>:</strong></span> 
     </span>
    </p>
   </div>
   <div class='ocr_carea' id='block_1_6' title="bbox 215 676 1780 750">
    <p class='ocr_par' dir='ltr' id='par_1_6' title="bbox 215 676 1780 750">
     <span class='ocr_line' id='line_1_6' title="bbox 215 676 1780 750; baseline -0.005 -12"><span class='ocrx_word' id='word_1_34' title='bbox 215 679 455 750; x_wconf 82' lang='lat' dir='ltr'><strong>siquidem</strong></span> <span class='ocrx_word' id='word_1_35' title='bbox 486 679 539 732; x_wconf 92' lang='lat' dir='ltr'><strong>in</strong></span> <span class='ocrx_word' id='word_1_36' title='bbox 570 678 688 731; x_wconf 89' lang='lat' dir='ltr'><strong>aliis</strong></span> <span class='ocrx_word' id='word_1_37' title='bbox 718 676 950 741; x_wconf 73' lang='lat' dir='ltr'><strong>Silvani,</strong></span> <span class='ocrx_word' id='word_1_38' title='bbox 990 677 1043 731; x_wconf 93' lang='lat' dir='ltr'><strong>in</strong></span> <span class='ocrx_word' id='word_1_39' title='bbox 1083 677 1352 730; x_wconf 89' lang='lat' dir='ltr'><strong>nonnullis</strong></span> <span class='ocrx_word' id='word_1_40' title='bbox 1388 676 1685 741; x_wconf 82' lang='lat' dir='ltr'><strong>Timothei,</strong></span> <span class='ocrx_word' id='word_1_41' title='bbox 1727 677 1780 730; x_wconf 90' lang='lat' dir='ltr'><strong>in</strong></span> 
     </span>
    </p>
   </div>
   <div class='ocr_carea' id='block_1_7' title="bbox 216 769 1779 844">
    <p class='ocr_par' dir='ltr' id='par_1_7' title="bbox 216 769 1779 844">
     <span class='ocr_line' id='line_1_7' title="bbox 216 769 1779 844; baseline -0.004 -17"><span class='ocrx_word' id='word_1_42' title='bbox 216 772 510 844; x_wconf 83' lang='lat' dir='ltr'><strong>quibusdam</strong></span> <span class='ocrx_word' id='word_1_43' title='bbox 551 787 679 826; x_wconf 89' lang='lat' dir='ltr'><strong>vero</strong></span> <span class='ocrx_word' id='word_1_44' title='bbox 710 771 987 839; x_wconf 85' lang='lat' dir='ltr'><strong>utriusque</strong></span> <span class='ocrx_word' id='word_1_45' title='bbox 1032 769 1236 823; x_wconf 86' lang='lat' dir='ltr'><strong>nomini</strong></span> <span class='ocrx_word' id='word_1_46' title='bbox 1276 785 1430 822; x_wconf 90' lang='lat' dir='ltr'><strong>suum</strong></span> <span class='ocrx_word' id='word_1_47' title='bbox 1456 784 1650 823; x_wconf 87' lang='lat' dir='ltr'><strong>nomen</strong></span> <span class='ocrx_word' id='word_1_48' title='bbox 1682 769 1779 822; x_wconf 51' lang='lat' dir='ltr'><strong>ad-</strong></span> 
     </span>
    </p>
   </div>
   <div class='ocr_carea' id='block_1_8' title="bbox 213 860 1781 935">
    <p class='ocr_par' dir='ltr' id='par_1_8' title="bbox 213 860 1781 935">
     <span class='ocr_line' id='line_1_8' title="bbox 213 860 1781 935; baseline -0.001 -17"><span class='ocrx_word' id='word_1_49' title='bbox 213 865 382 935; x_wconf 76' lang='lat' dir='ltr'><strong>junxit.</strong></span> <span class='ocrx_word' id='word_1_50' title='bbox 416 862 528 916; x_wconf 90' lang='lat' dir='ltr'><strong>Cur</strong></span> <span class='ocrx_word' id='word_1_51' title='bbox 555 863 644 915; x_wconf 90' lang='lat' dir='ltr'><strong>id?</strong></span> <span class='ocrx_word' id='word_1_52' title='bbox 684 860 941 924; x_wconf 85' lang='lat' dir='ltr'><strong>Primum,</strong></span> <span class='ocrx_word' id='word_1_53' title='bbox 974 861 1154 921; x_wconf 90' lang='lat' dir='ltr'><strong>credo,</strong></span> <span class='ocrx_word' id='word_1_54' title='bbox 1187 869 1244 914; x_wconf 88' lang='lat' dir='ltr'><strong>ut</strong></span> <span class='ocrx_word' id='word_1_55' title='bbox 1272 861 1430 914; x_wconf 80' lang='lat' dir='ltr'><strong>simul</strong></span> <span class='ocrx_word' id='word_1_56' title='bbox 1460 877 1580 916; x_wconf 90' lang='lat' dir='ltr'><strong>esse</strong></span> <span class='ocrx_word' id='word_1_57' title='bbox 1615 875 1781 928; x_wconf 87' lang='lat' dir='ltr'><strong>agno-</strong></span> 
     </span>
    </p>
   </div>
   <div class='ocr_carea' id='block_1_9' title="bbox 216 954 1783 1024">
    <p class='ocr_par' dir='ltr' id='par_1_9' title="bbox 216 954 1783 1024">
     <span class='ocr_line' id='line_1_9' title="bbox 216 954 1783 1024; baseline -0.001 -14"><span class='ocrx_word' id='word_1_58' title='bbox 216 962 470 1010; x_wconf 78' lang='lat' dir='ltr'><strong>scerentur</strong></span> <span class='ocrx_word' id='word_1_59' title='bbox 497 954 588 1023; x_wconf 92' lang='lat' dir='ltr'><strong>qui</strong></span> <span class='ocrx_word' id='word_1_60' title='bbox 618 954 775 1008; x_wconf 90' lang='lat' dir='ltr'><strong>simul</strong></span> <span class='ocrx_word' id='word_1_61' title='bbox 798 954 1116 1008; x_wconf 83' lang='lat' dir='ltr'><strong>scriberent.</strong></span> <span class='ocrx_word' id='word_1_62' title='bbox 1142 954 1346 1009; x_wconf 92' lang='lat' dir='ltr'><strong>Deinde</strong></span> <span class='ocrx_word' id='word_1_63' title='bbox 1371 961 1426 1007; x_wconf 91' lang='lat' dir='ltr'><strong>ut</strong></span> <span class='ocrx_word' id='word_1_64' title='bbox 1453 955 1487 1007; x_wconf 91' lang='lat' dir='ltr'><strong>ii</strong></span> <span class='ocrx_word' id='word_1_65' title='bbox 1515 956 1604 1024; x_wconf 91' lang='lat' dir='ltr'><strong>qui</strong></span> <span class='ocrx_word' id='word_1_66' title='bbox 1635 971 1783 1024; x_wconf 84' lang='lat' dir='ltr'><strong>sepa-</strong></span> 
     </span>
    </p>
   </div>
   <div class='ocr_carea' id='block_1_10' title="bbox 215 1044 1781 1114">
    <p class='ocr_par' dir='ltr' id='par_1_10' title="bbox 215 1044 1781 1114">
     <span class='ocr_line' id='line_1_10' title="bbox 215 1044 1781 1114; baseline -0.001 -13"><span class='ocrx_word' id='word_1_67' title='bbox 215 1047 347 1101; x_wconf 82' lang='lat' dir='ltr'><strong>ratim</strong></span> <span class='ocrx_word' id='word_1_68' title='bbox 377 1045 444 1099; x_wconf 88' lang='lat' dir='ltr'><strong>ab</strong></span> <span class='ocrx_word' id='word_1_69' title='bbox 493 1060 823 1114; x_wconf 90' lang='lat' dir='ltr'><strong>unoquoque</strong></span> <span class='ocrx_word' id='word_1_70' title='bbox 874 1060 1062 1099; x_wconf 89' lang='lat' dir='ltr'><strong>eorum</strong></span> <span class='ocrx_word' id='word_1_71' title='bbox 1110 1045 1284 1100; x_wconf 86' lang='lat' dir='ltr'><strong>edocti</strong></span> <span class='ocrx_word' id='word_1_72' title='bbox 1317 1044 1547 1110; x_wconf 81' lang='lat' dir='ltr'><strong>fuerant,</strong></span> <span class='ocrx_word' id='word_1_73' title='bbox 1581 1047 1781 1101; x_wconf 80' lang='lat' dir='ltr'><strong>scirent</strong></span> 
     </span>
    </p>
   </div>
   <div class='ocr_carea' id='block_1_11' title="bbox 215 1135 1780 1206">
    <p class='ocr_par' dir='ltr' id='par_1_11' title="bbox 215 1135 1780 1206">
     <span class='ocr_line' id='line_1_11' title="bbox 215 1135 1780 1206; baseline -0.001 -14"><span class='ocrx_word' id='word_1_74' title='bbox 215 1138 430 1192; x_wconf 84' lang='lat' dir='ltr'><strong>omnium</strong></span> <span class='ocrx_word' id='word_1_75' title='bbox 491 1153 600 1190; x_wconf 88' lang='lat' dir='ltr'><strong>non</strong></span> <span class='ocrx_word' id='word_1_76' title='bbox 658 1137 966 1206; x_wconf 82' lang='lat' dir='ltr'><strong>discrepare</strong></span> <span class='ocrx_word' id='word_1_77' title='bbox 1009 1138 1350 1192; x_wconf 90' lang='lat' dir='ltr'><strong>sententiam.</strong></span> <span class='ocrx_word' id='word_1_78' title='bbox 1390 1135 1671 1192; x_wconf 89' lang='lat' dir='ltr'><strong>Postremo</strong></span> <span class='ocrx_word' id='word_1_79' title='bbox 1723 1146 1780 1191; x_wconf 88' lang='lat' dir='ltr'><strong>ut</strong></span> 
     </span>
    </p>
   </div>
   <div class='ocr_carea' id='block_1_12' title="bbox 214 1228 1778 1299">
    <p class='ocr_par' dir='ltr' id='par_1_12' title="bbox 214 1228 1778 1299">
     <span class='ocr_line' id='line_1_12' title="bbox 214 1228 1778 1299; baseline -0.001 -16"><span class='ocrx_word' id='word_1_80' title='bbox 214 1244 328 1299; x_wconf 86' lang='lat' dir='ltr'><strong>quos</strong></span> <span class='ocrx_word' id='word_1_81' title='bbox 377 1228 708 1296; x_wconf 85' lang='lat' dir='ltr'><strong>singulorum</strong></span> <span class='ocrx_word' id='word_1_82' title='bbox 745 1243 848 1282; x_wconf 89' lang='lat' dir='ltr'><strong>non</strong></span> <span class='ocrx_word' id='word_1_83' title='bbox 893 1229 1144 1283; x_wconf 79' lang='lat' dir='ltr'><strong>movebat</strong></span> <span class='ocrx_word' id='word_1_84' title='bbox 1182 1228 1474 1281; x_wconf 85' lang='lat' dir='ltr'><strong>auctoritas</strong></span> <span class='ocrx_word' id='word_1_85' title='bbox 1497 1268 1510 1290; x_wconf 91' lang='lat'><strong>,</strong></span> <span class='ocrx_word' id='word_1_86' title='bbox 1543 1228 1778 1281; x_wconf 83' lang='lat' dir='ltr'><strong>omnium</strong></span> 
     </span>
    </p>
   </div>
   <div class='ocr_carea' id='block_1_13' title="bbox 214 1317 1779 1387">
    <p class='ocr_par' dir='ltr' id='par_1_13' title="bbox 214 1317 1779 1387">
     <span class='ocr_line' id='line_1_13' title="bbox 214 1317 1779 1387; baseline -0.002 -13"><span class='ocrx_word' id='word_1_87' title='bbox 214 1319 379 1374; x_wconf 84' lang='lat' dir='ltr'><strong>saltem</strong></span> <span class='ocrx_word' id='word_1_88' title='bbox 419 1326 665 1372; x_wconf 81' lang='lat' dir='ltr'><strong>moveret</strong></span> <span class='ocrx_word' id='word_1_89' title='bbox 709 1333 979 1372; x_wconf 62' lang='lat' dir='ltr'><strong>assensus.</strong></span> <span class='ocrx_word' id='word_1_90' title='bbox 1014 1317 1090 1370; x_wconf 86' lang='lat' dir='ltr'><strong>ita</strong></span> <span class='ocrx_word' id='word_1_91' title='bbox 1125 1332 1254 1387; x_wconf 79' lang='lat' dir='ltr'><strong>ergo</strong></span> <span class='ocrx_word' id='word_1_92' title='bbox 1285 1326 1338 1372; x_wconf 90' lang='lat' dir='ltr'><strong>et</strong></span> <span class='ocrx_word' id='word_1_93' title='bbox 1373 1334 1472 1371; x_wconf 91' lang='lat' dir='ltr'><strong>nos</strong></span> <span class='ocrx_word' id='word_1_94' title='bbox 1499 1318 1779 1386; x_wconf 81' lang='lat' dir='ltr'><strong>exemplo-</strong></span> 
     </span>
    </p>
   </div>
   <div class='ocr_carea' id='block_1_14' title="bbox 213 1408 1778 1478">
    <p class='ocr_par' dir='ltr' id='par_1_14' title="bbox 213 1408 1778 1478">
     <span class='ocr_line' id='line_1_14' title="bbox 213 1408 1778 1478; baseline -0.001 -14"><span class='ocrx_word' id='word_1_95' title='bbox 213 1426 310 1464; x_wconf 85' lang='lat' dir='ltr'><strong>rum</strong></span> <span class='ocrx_word' id='word_1_96' title='bbox 337 1410 630 1477; x_wconf 79' lang='lat' dir='ltr'><strong>ingentium</strong></span> <span class='ocrx_word' id='word_1_97' title='bbox 659 1411 806 1478; x_wconf 83' lang='lat' dir='ltr'><strong>parvi</strong></span> <span class='ocrx_word' id='word_1_98' title='bbox 837 1409 1154 1473; x_wconf 73' lang='lat' dir='ltr'><strong>imitatores,</strong></span> <span class='ocrx_word' id='word_1_99' title='bbox 1187 1408 1252 1462; x_wconf 88' lang='lat' dir='ltr'><strong>ad</strong></span> <span class='ocrx_word' id='word_1_100' title='bbox 1283 1424 1397 1473; x_wconf 83' lang='lat' dir='ltr'><strong>vos,</strong></span> <span class='ocrx_word' id='word_1_101' title='bbox 1423 1423 1560 1477; x_wconf 91' lang='lat' dir='ltr'><strong>quos</strong></span> <span class='ocrx_word' id='word_1_102' title='bbox 1589 1417 1778 1462; x_wconf 88' lang='lat' dir='ltr'><strong>natura</strong></span> 
     </span>
    </p>
   </div>
   <div class='ocr_carea' id='block_1_15' title="bbox 212 1499 1774 1570">
    <p class='ocr_par' dir='ltr' id='par_1_15' title="bbox 212 1499 1774 1570">
     <span class='ocr_line' id='line_1_15' title="bbox 212 1499 1774 1570; baseline -0.001 -17"><span class='ocrx_word' id='word_1_103' title='bbox 212 1507 459 1570; x_wconf 85' lang='lat' dir='ltr'><strong>parentes,</strong></span> <span class='ocrx_word' id='word_1_104' title='bbox 523 1499 626 1554; x_wconf 82' lang='lat' dir='ltr'><strong>fide</strong></span> <span class='ocrx_word' id='word_1_105' title='bbox 676 1499 884 1564; x_wconf 83' lang='lat' dir='ltr'><strong>fratres,</strong></span> <span class='ocrx_word' id='word_1_106' title='bbox 936 1500 1141 1553; x_wconf 85' lang='lat' dir='ltr'><strong>honore</strong></span> <span class='ocrx_word' id='word_1_107' title='bbox 1188 1499 1436 1553; x_wconf 90' lang='lat' dir='ltr'><strong>dominos</strong></span> <span class='ocrx_word' id='word_1_108' title='bbox 1479 1499 1774 1563; x_wconf 83' lang='lat' dir='ltr'><strong>habemus,</strong></span> 
     </span>
    </p>
   </div>
   <div class='ocr_carea' id='block_1_16' title="bbox 211 1590 1773 1660">
    <p class='ocr_par' dir='ltr' id='par_1_16' title="bbox 211 1590 1773 1660">
     <span class='ocr_line' id='line_1_16' title="bbox 211 1590 1773 1660; baseline -0.002 -16"><span class='ocrx_word' id='word_1_109' title='bbox 211 1607 320 1656; x_wconf 89' lang='lat' dir='ltr'><strong>non,</strong></span> <span class='ocrx_word' id='word_1_110' title='bbox 342 1598 397 1643; x_wconf 91' lang='lat' dir='ltr'><strong>ut</strong></span> <span class='ocrx_word' id='word_1_111' title='bbox 423 1590 656 1660; x_wconf 86' lang='lat' dir='ltr'><strong>apostoli</strong></span> <span class='ocrx_word' id='word_1_112' title='bbox 683 1590 774 1654; x_wconf 90' lang='lat' dir='ltr'><strong>illi,</strong></span> <span class='ocrx_word' id='word_1_113' title='bbox 801 1590 1124 1644; x_wconf 85' lang='lat' dir='ltr'><strong>auctoritate</strong></span> <span class='ocrx_word' id='word_1_114' title='bbox 1146 1590 1450 1643; x_wconf 90' lang='lat' dir='ltr'><strong>docentium</strong></span> <span class='ocrx_word' id='word_1_115' title='bbox 1473 1590 1773 1654; x_wconf 82' lang='lat' dir='ltr'><strong>scribimus,</strong></span> 
     </span>
    </p>
   </div>
   <div class='ocr_carea' id='block_1_17' title="bbox 208 1679 1772 1749">
    <p class='ocr_par' dir='ltr' id='par_1_17' title="bbox 208 1679 1772 1749">
     <span class='ocr_line' id='line_1_17' title="bbox 208 1679 1772 1749; baseline -0.003 -10"><span class='ocrx_word' id='word_1_116' title='bbox 208 1684 284 1739; x_wconf 85' lang='lat' dir='ltr'><strong>sed</strong></span> <span class='ocrx_word' id='word_1_117' title='bbox 311 1683 608 1736; x_wconf 88' lang='lat' dir='ltr'><strong>humilitate</strong></span> <span class='ocrx_word' id='word_1_118' title='bbox 631 1681 989 1745; x_wconf 89' lang='lat' dir='ltr'><strong>famulorum;</strong></span> <span class='ocrx_word' id='word_1_119' title='bbox 1023 1688 1080 1735; x_wconf 92' lang='lat' dir='ltr'><strong>ut</strong></span> <span class='ocrx_word' id='word_1_120' title='bbox 1118 1681 1208 1749; x_wconf 90' lang='lat' dir='ltr'><strong>qui</strong></span> <span class='ocrx_word' id='word_1_121' title='bbox 1251 1679 1512 1735; x_wconf 88' lang='lat' dir='ltr'><strong>hactenus</strong></span> <span class='ocrx_word' id='word_1_122' title='bbox 1535 1681 1772 1749; x_wconf 87' lang='lat' dir='ltr'><strong>singulo-</strong></span> 
     </span>
    </p>
   </div>
   <div class='ocr_carea' id='block_1_18' title="bbox 1883 497 3472 568">
    <p class='ocr_par' dir='ltr' id='par_1_18' title="bbox 1883 497 3472 568">
     <span class='ocr_line' id='line_1_18' title="bbox 1883 497 3472 568; baseline 0.004 -18"><span class='ocrx_word' id='word_1_123' title='bbox 1883 497 2082 567; x_wconf 90' lang='lat' dir='ltr'><strong>queris,</strong></span> <span class='ocrx_word' id='word_1_124' title='bbox 2116 497 2319 568; x_wconf 84' lang='lat' dir='ltr'><strong>imputa</strong></span> <span class='ocrx_word' id='word_1_125' title='bbox 2351 498 2464 564; x_wconf 89' lang='lat' dir='ltr'><strong>tibi,</strong></span> <span class='ocrx_word' id='word_1_126' title='bbox 2491 499 2582 568; x_wconf 89' lang='lat' dir='ltr'><strong>qui</strong></span> <span class='ocrx_word' id='word_1_127' title='bbox 2625 497 2931 554; x_wconf 87' lang='lat' dir='ltr'><strong>Christiano</strong></span> <span class='ocrx_word' id='word_1_128' title='bbox 2974 498 3134 554; x_wconf 86' lang='lat' dir='ltr'><strong>ﬁliam</strong></span> <span class='ocrx_word' id='word_1_129' title='bbox 3163 509 3306 555; x_wconf 88' lang='lat' dir='ltr'><strong>tuam</strong></span> <span class='ocrx_word' id='word_1_130' title='bbox 3329 503 3472 557; x_wconf 83' lang='lat' dir='ltr'><strong>dedi-</strong></span> 
     </span>
    </p>
   </div>
   <div class='ocr_carea' id='block_1_19' title="bbox 1881 584 3471 660">
    <p class='ocr_par' dir='ltr' id='par_1_19' title="bbox 1881 584 3471 660">
     <span class='ocr_line' id='line_1_19' title="bbox 1881 584 3471 660; baseline 0.004 -21"><span class='ocrx_word' id='word_1_131' title='bbox 1881 586 1971 639; x_wconf 90' lang='lat' dir='ltr'><strong>sti.</strong></span> <span class='ocrx_word' id='word_1_132' title='bbox 2024 584 2081 638; x_wconf 92' lang='lat' dir='ltr'><strong>Si</strong></span> <span class='ocrx_word' id='word_1_133' title='bbox 2123 586 2175 638; x_wconf 89' lang='lat' dir='ltr'><strong>id</strong></span> <span class='ocrx_word' id='word_1_134' title='bbox 2227 603 2335 640; x_wconf 89' lang='lat' dir='ltr'><strong>non</strong></span> <span class='ocrx_word' id='word_1_135' title='bbox 2385 594 2498 651; x_wconf 56' lang='lat' dir='ltr'><strong>est,</strong></span> <span class='ocrx_word' id='word_1_136' title='bbox 2548 587 2676 656; x_wconf 86' lang='lat' dir='ltr'><strong>quid</strong></span> <span class='ocrx_word' id='word_1_137' title='bbox 2725 589 2854 642; x_wconf 88' lang='lat' dir='ltr'><strong>mihi</strong></span> <span class='ocrx_word' id='word_1_138' title='bbox 2895 590 3160 654; x_wconf 89' lang='lat' dir='ltr'><strong>irasceris,</strong></span> <span class='ocrx_word' id='word_1_139' title='bbox 3193 593 3317 660; x_wconf 91' lang='lat' dir='ltr'><strong>quia</strong></span> <span class='ocrx_word' id='word_1_140' title='bbox 3350 607 3471 646; x_wconf 91' lang='lat' dir='ltr'><strong>eam</strong></span> 
     </span>
    </p>
   </div>
   <div class='ocr_carea' id='block_1_20' title="bbox 1883 677 3467 751">
    <p class='ocr_par' dir='ltr' id='par_1_20' title="bbox 1883 677 3467 751">
     <span class='ocr_line' id='line_1_20' title="bbox 1883 677 3467 751; baseline 0.006 -23"><span class='ocrx_word' id='word_1_141' title='bbox 1883 691 2026 730; x_wconf 90' lang='lat' dir='ltr'><strong>nunc</strong></span> <span class='ocrx_word' id='word_1_142' title='bbox 2060 677 2112 729; x_wconf 93' lang='lat' dir='ltr'><strong>in</strong></span> <span class='ocrx_word' id='word_1_143' title='bbox 2164 692 2250 730; x_wconf 90' lang='lat' dir='ltr'><strong>me</strong></span> <span class='ocrx_word' id='word_1_144' title='bbox 2295 678 2608 744; x_wconf 80' lang='lat' dir='ltr'><strong>religionem</strong></span> <span class='ocrx_word' id='word_1_145' title='bbox 2640 693 2836 744; x_wconf 82' lang='lat' dir='ltr'><strong>angere</strong></span> <span class='ocrx_word' id='word_1_146' title='bbox 2865 681 3024 749; x_wconf 90' lang='lat' dir='ltr'><strong>cupio</strong></span> <span class='ocrx_word' id='word_1_147' title='bbox 3054 698 3213 751; x_wconf 90' lang='lat' dir='ltr'><strong>quam</strong></span> <span class='ocrx_word' id='word_1_148' title='bbox 3245 692 3300 736; x_wconf 92' lang='lat' dir='ltr'><strong>tu</strong></span> <span class='ocrx_word' id='word_1_149' title='bbox 3331 684 3382 736; x_wconf 91' lang='lat' dir='ltr'><strong>in</strong></span> <span class='ocrx_word' id='word_1_150' title='bbox 3413 693 3467 739; x_wconf 90' lang='lat' dir='ltr'><strong>te</strong></span> 
     </span>
    </p>
   </div>
   <div class='ocr_carea' id='block_1_21' title="bbox 1882 768 3471 846">
    <p class='ocr_par' dir='ltr' id='par_1_21' title="bbox 1882 768 3471 846">
     <span class='ocr_line' id='line_1_21' title="bbox 1882 768 3471 846; baseline 0.008 -26"><span class='ocrx_word' id='word_1_151' title='bbox 1882 769 2112 838; x_wconf 90' lang='lat' dir='ltr'><strong>probare</strong></span> <span class='ocrx_word' id='word_1_152' title='bbox 2140 769 2386 837; x_wconf 72' lang='lat' dir='ltr'><strong>cmpisti?</strong></span> <span class='ocrx_word' id='word_1_153' title='bbox 2426 768 2534 822; x_wconf 92' lang='lat' dir='ltr'><strong>Cur</strong></span> <span class='ocrx_word' id='word_1_154' title='bbox 2561 783 2692 837; x_wconf 84' lang='lat' dir='ltr'><strong>rogo</strong></span> <span class='ocrx_word' id='word_1_155' title='bbox 2731 772 2784 824; x_wconf 88' lang='lat' dir='ltr'><strong>in</strong></span> <span class='ocrx_word' id='word_1_156' title='bbox 2825 788 2910 825; x_wconf 91' lang='lat' dir='ltr'><strong>me</strong></span> <span class='ocrx_word' id='word_1_157' title='bbox 2959 789 3064 826; x_wconf 89' lang='lat' dir='ltr'><strong>non</strong></span> <span class='ocrx_word' id='word_1_158' title='bbox 3093 773 3280 842; x_wconf 85' lang='lat' dir='ltr'><strong>diligas</strong></span> <span class='ocrx_word' id='word_1_159' title='bbox 3324 777 3471 846; x_wconf 88' lang='lat' dir='ltr'><strong>quod</strong></span> 
     </span>
    </p>
   </div>
   <div class='ocr_carea' id='block_1_22' title="bbox 1883 859 3472 934">
    <p class='ocr_par' dir='ltr' id='par_1_22' title="bbox 1883 859 3472 934">
     <span class='ocr_line' id='line_1_22' title="bbox 1883 859 3472 934; baseline 0.006 -22"><span class='ocrx_word' id='word_1_160' title='bbox 1883 873 1971 923; x_wconf 92' lang='lat' dir='ltr'><strong>es,</strong></span> <span class='ocrx_word' id='word_1_161' title='bbox 2004 859 2095 927; x_wconf 89' lang='lat' dir='ltr'><strong>qui</strong></span> <span class='ocrx_word' id='word_1_162' title='bbox 2126 859 2177 912; x_wconf 91' lang='lat' dir='ltr'><strong>in</strong></span> <span class='ocrx_word' id='word_1_163' title='bbox 2218 867 2271 913; x_wconf 88' lang='lat' dir='ltr'><strong>te</strong></span> <span class='ocrx_word' id='word_1_164' title='bbox 2298 860 2443 928; x_wconf 91' lang='lat' dir='ltr'><strong>quod</strong></span> <span class='ocrx_word' id='word_1_165' title='bbox 2489 876 2610 914; x_wconf 91' lang='lat' dir='ltr'><strong>eras</strong></span> <span class='ocrx_word' id='word_1_166' title='bbox 2647 861 2761 930; x_wconf 89' lang='lat' dir='ltr'><strong>ipse</strong></span> <span class='ocrx_word' id='word_1_167' title='bbox 2789 862 3077 917; x_wconf 85' lang='lat' dir='ltr'><strong>damnasti?</strong></span> <span class='ocrx_word' id='word_1_168' title='bbox 3117 865 3221 919; x_wconf 90' lang='lat' dir='ltr'><strong>Sed</strong></span> <span class='ocrx_word' id='word_1_169' title='bbox 3249 882 3472 934; x_wconf 89' lang='lat' dir='ltr'><strong>parcen-</strong></span> 
     </span>
    </p>
   </div>
   <div class='ocr_carea' id='block_1_23' title="bbox 1881 948 3469 1018">
    <p class='ocr_par' dir='ltr' id='par_1_23' title="bbox 1881 948 3469 1018">
     <span class='ocr_line' id='line_1_23' title="bbox 1881 948 3469 1018; baseline 0.004 -16"><span class='ocrx_word' id='word_1_170' title='bbox 1881 948 2008 1002; x_wconf 89' lang='lat' dir='ltr'><strong>dum</strong></span> <span class='ocrx_word' id='word_1_171' title='bbox 2040 948 2312 1017; x_wconf 88' lang='lat' dir='ltr'><strong>paululum</strong></span> <span class='ocrx_word' id='word_1_172' title='bbox 2342 949 2520 1003; x_wconf 83' lang='lat' dir='ltr'><strong>verbis</strong></span> <span class='ocrx_word' id='word_1_173' title='bbox 2555 960 2636 1002; x_wconf 91' lang='lat' dir='ltr'><strong>est</strong></span> <span class='ocrx_word' id='word_1_174' title='bbox 2670 968 2680 1002; x_wconf 93' lang='lat'><strong>:</strong></span> <span class='ocrx_word' id='word_1_175' title='bbox 2711 951 2834 1018; x_wconf 90' lang='lat' dir='ltr'><strong>quia</strong></span> <span class='ocrx_word' id='word_1_176' title='bbox 2866 952 3027 1005; x_wconf 87' lang='lat' dir='ltr'><strong>etiam</strong></span> <span class='ocrx_word' id='word_1_177' title='bbox 3058 953 3109 1006; x_wconf 92' lang='lat' dir='ltr'><strong>in</strong></span> <span class='ocrx_word' id='word_1_178' title='bbox 3140 954 3279 1008; x_wconf 91' lang='lat' dir='ltr'><strong>bona</strong></span> <span class='ocrx_word' id='word_1_179' title='bbox 3309 971 3469 1010; x_wconf 89' lang='lat' dir='ltr'><strong>causa</strong></span> 
     </span>
    </p>
   </div>
   <div class='ocr_carea' id='block_1_24' title="bbox 1883 1038 3467 1116">
    <p class='ocr_par' dir='ltr' id='par_1_24' title="bbox 1883 1038 3467 1116">
     <span class='ocr_line' id='line_1_24' title="bbox 1883 1038 3467 1116; baseline 0.006 -24"><span class='ocrx_word' id='word_1_180' title='bbox 1883 1038 2102 1093; x_wconf 88' lang='lat' dir='ltr'><strong>humilis</strong></span> <span class='ocrx_word' id='word_1_181' title='bbox 2148 1055 2265 1094; x_wconf 83' lang='lat' dir='ltr'><strong>esse</strong></span> <span class='ocrx_word' id='word_1_182' title='bbox 2314 1041 2367 1094; x_wconf 92' lang='lat' dir='ltr'><strong>in</strong></span> <span class='ocrx_word' id='word_1_183' title='bbox 2405 1049 2662 1108; x_wconf 90' lang='lat' dir='ltr'><strong>quantum</strong></span> <span class='ocrx_word' id='word_1_184' title='bbox 2693 1057 2780 1095; x_wconf 90' lang='lat' dir='ltr'><strong>res</strong></span> <span class='ocrx_word' id='word_1_185' title='bbox 2834 1044 2997 1105; x_wconf 90' lang='lat' dir='ltr'><strong>sinit,</strong></span> <span class='ocrx_word' id='word_1_186' title='bbox 3051 1044 3139 1098; x_wconf 84' lang='lat' dir='ltr'><strong>ﬁlii</strong></span> <span class='ocrx_word' id='word_1_187' title='bbox 3187 1047 3327 1116; x_wconf 89' lang='lat' dir='ltr'><strong>apud</strong></span> <span class='ocrx_word' id='word_1_188' title='bbox 3370 1063 3467 1116; x_wconf 80' lang='lat' dir='ltr'><strong>pa-</strong></span> 
     </span>
    </p>
   </div>
   <div class='ocr_carea' id='block_1_25' title="bbox 1882 1131 3470 1200">
    <p class='ocr_par' dir='ltr' id='par_1_25' title="bbox 1882 1131 3470 1200">
     <span class='ocr_line' id='line_1_25' title="bbox 1882 1131 3470 1200; baseline 0.006 -20"><span class='ocrx_word' id='word_1_189' title='bbox 1882 1137 2062 1181; x_wconf 84' lang='lat' dir='ltr'><strong>rentes</strong></span> <span class='ocrx_word' id='word_1_190' title='bbox 2102 1131 2263 1183; x_wconf 88' lang='lat' dir='ltr'><strong>debet</strong></span> <span class='ocrx_word' id='word_1_191' title='bbox 2317 1132 2510 1185; x_wconf 86' lang='lat' dir='ltr'><strong>oratio.</strong></span> <span class='ocrx_word' id='word_1_192' title='bbox 2553 1131 2868 1200; x_wconf 64' lang='lat' dir='ltr'><strong>indulgete,</strong></span> <span class='ocrx_word' id='word_1_193' title='bbox 2929 1135 3152 1190; x_wconf 73' lang='lat' dir='ltr'><strong>allectus</strong></span> <span class='ocrx_word' id='word_1_194' title='bbox 3217 1137 3470 1191; x_wconf 64' lang='lat' dir='ltr'><strong>charissi-</strong></span> 
     </span>
    </p>
   </div>
   <div class='ocr_carea' id='block_1_26' title="bbox 1883 1220 3471 1294">
    <p class='ocr_par' dir='ltr' id='par_1_26' title="bbox 1883 1220 3471 1294">
     <span class='ocr_line' id='line_1_26' title="bbox 1883 1220 3471 1294; baseline 0.007 -22"><span class='ocrx_word' id='word_1_195' title='bbox 1883 1220 1954 1274; x_wconf 87' lang='lat' dir='ltr'><strong>tni</strong></span> <span class='ocrx_word' id='word_1_196' title='bbox 1990 1237 2002 1272; x_wconf 91' lang='lat'>:</span> <span class='ocrx_word' id='word_1_197' title='bbox 2038 1220 2343 1275; x_wconf 89' lang='lat' dir='ltr'><strong>liberiorem</strong></span> <span class='ocrx_word' id='word_1_198' title='bbox 2371 1237 2456 1276; x_wconf 87' lang='lat' dir='ltr'><strong>me</strong></span> <span class='ocrx_word' id='word_1_199' title='bbox 2486 1238 2603 1276; x_wconf 88' lang='lat' dir='ltr'><strong>esse</strong></span> <span class='ocrx_word' id='word_1_200' title='bbox 2647 1225 2866 1292; x_wconf 89' lang='lat' dir='ltr'><strong>paululo</strong></span> <span class='ocrx_word' id='word_1_201' title='bbox 2897 1226 2950 1278; x_wconf 90' lang='lat' dir='ltr'><strong>in</strong></span> <span class='ocrx_word' id='word_1_202' title='bbox 2981 1228 3196 1294; x_wconf 83' lang='lat' dir='ltr'><strong>negotio</strong></span> <span class='ocrx_word' id='word_1_203' title='bbox 3235 1243 3335 1282; x_wconf 90' lang='lat' dir='ltr'><strong>suo</strong></span> <span class='ocrx_word' id='word_1_204' title='bbox 3377 1228 3471 1282; x_wconf 85' lang='lat' dir='ltr'><strong>Dei</strong></span> 
     </span>
    </p>
   </div>
   <div class='ocr_carea' id='block_1_27' title="bbox 1879 1309 3470 1381">
    <p class='ocr_par' dir='ltr' id='par_1_27' title="bbox 1879 1309 3470 1381">
     <span class='ocr_line' id='line_1_27' title="bbox 1879 1309 3470 1381; baseline 0.008 -18"><span class='ocrx_word' id='word_1_205' title='bbox 1879 1310 2104 1365; x_wconf 72' lang='lat' dir='ltr'><strong>allectus</strong></span> <span class='ocrx_word' id='word_1_206' title='bbox 2160 1309 2304 1366; x_wconf 81' lang='lat' dir='ltr'><strong>facit.</strong></span> <span class='ocrx_word' id='word_1_207' title='bbox 2354 1311 2410 1367; x_wconf 90' lang='lat' dir='ltr'><strong>Si</strong></span> <span class='ocrx_word' id='word_1_208' title='bbox 2456 1329 2575 1381; x_wconf 59' lang='lat' dir='ltr'><strong>quas</strong></span> <span class='ocrx_word' id='word_1_209' title='bbox 2623 1325 2746 1369; x_wconf 91' lang='lat' dir='ltr'><strong>sunt</strong></span> <span class='ocrx_word' id='word_1_210' title='bbox 2790 1318 2944 1371; x_wconf 83' lang='lat' dir='ltr'><strong>vobis</strong></span> <span class='ocrx_word' id='word_1_211' title='bbox 2983 1318 3099 1371; x_wconf 71' lang='lat' dir='ltr'><strong>alia:</strong></span> <span class='ocrx_word' id='word_1_212' title='bbox 3127 1321 3470 1375; x_wconf 84' lang='lat' dir='ltr'><strong>succensendi</strong></span> 
     </span>
    </p>
   </div>
   <div class='ocr_carea' id='block_1_28' title="bbox 1881 1407 3471 1477">
    <p class='ocr_par' dir='ltr' id='par_1_28' title="bbox 1881 1407 3471 1477">
     <span class='ocr_line' id='line_1_28' title="bbox 1881 1407 3471 1477; baseline 0.007 -23"><span class='ocrx_word' id='word_1_213' title='bbox 1881 1415 2094 1466; x_wconf 83' lang='lat' dir='ltr'><strong>causae,</strong></span> <span class='ocrx_word' id='word_1_214' title='bbox 2153 1417 2379 1471; x_wconf 86' lang='lat' dir='ltr'><strong>peccare</strong></span> <span class='ocrx_word' id='word_1_215' title='bbox 2429 1420 2516 1459; x_wconf 90' lang='lat' dir='ltr'><strong>me</strong></span> <span class='ocrx_word' id='word_1_216' title='bbox 2571 1407 2810 1474; x_wconf 90' lang='lat' dir='ltr'><strong>potuisse</strong></span> <span class='ocrx_word' id='word_1_217' title='bbox 2865 1424 2970 1462; x_wconf 92' lang='lat' dir='ltr'><strong>non</strong></span> <span class='ocrx_word' id='word_1_218' title='bbox 3020 1409 3247 1477; x_wconf 78' lang='lat' dir='ltr'><strong>abnego.</strong></span> <span class='ocrx_word' id='word_1_219' title='bbox 3280 1409 3336 1462; x_wconf 88' lang='lat' dir='ltr'><strong>In</strong></span> <span class='ocrx_word' id='word_1_220' title='bbox 3369 1411 3471 1465; x_wconf 91' lang='lat' dir='ltr'><strong>hoc</strong></span> 
     </span>
    </p>
   </div>
   <div class='ocr_carea' id='block_1_29' title="bbox 1881 1493 3470 1566">
    <p class='ocr_par' dir='ltr' id='par_1_29' title="bbox 1881 1493 3470 1566">
     <span class='ocr_line' id='line_1_29' title="bbox 1881 1493 3470 1566; baseline 0.007 -23"><span class='ocrx_word' id='word_1_221' title='bbox 1881 1506 2010 1545; x_wconf 89' lang='lat' dir='ltr'><strong>vero</strong></span> <span class='ocrx_word' id='word_1_222' title='bbox 2056 1493 2182 1560; x_wconf 86' lang='lat' dir='ltr'><strong>quia</strong></span> <span class='ocrx_word' id='word_1_223' title='bbox 2238 1493 2360 1548; x_wconf 90' lang='lat' dir='ltr'><strong>ideo</strong></span> <span class='ocrx_word' id='word_1_224' title='bbox 2406 1498 2736 1551; x_wconf 86' lang='lat' dir='ltr'><strong>succensetis</strong></span> <span class='ocrx_word' id='word_1_225' title='bbox 2787 1499 2908 1566; x_wconf 89' lang='lat' dir='ltr'><strong>quia</strong></span> <span class='ocrx_word' id='word_1_226' title='bbox 2964 1497 3233 1553; x_wconf 86' lang='lat' dir='ltr'><strong>Christum</strong></span> <span class='ocrx_word' id='word_1_227' title='bbox 3287 1517 3470 1556; x_wconf 88' lang='lat' dir='ltr'><strong>amare</strong></span> 
     </span>
    </p>
   </div>
   <div class='ocr_carea' id='block_1_30' title="bbox 1883 1581 3467 1659">
    <p class='ocr_par' dir='ltr' id='par_1_30' title="bbox 1883 1581 3467 1659">
     <span class='ocr_line' id='line_1_30' title="bbox 1883 1581 3467 1659; baseline 0.008 -26"><span class='ocrx_word' id='word_1_228' title='bbox 1883 1581 2086 1648; x_wconf 89' lang='lat' dir='ltr'><strong>videor,</strong></span> <span class='ocrx_word' id='word_1_229' title='bbox 2136 1584 2398 1652; x_wconf 79' lang='lat' dir='ltr'><strong>ignoscite</strong></span> <span class='ocrx_word' id='word_1_230' title='bbox 2439 1586 2584 1654; x_wconf 90' lang='lat' dir='ltr'><strong>quod</strong></span> <span class='ocrx_word' id='word_1_231' title='bbox 2622 1588 2863 1643; x_wconf 90' lang='lat' dir='ltr'><strong>dicturus</strong></span> <span class='ocrx_word' id='word_1_232' title='bbox 2910 1604 3045 1643; x_wconf 90' lang='lat' dir='ltr'><strong>sum.</strong></span> <span class='ocrx_word' id='word_1_233' title='bbox 3088 1589 3221 1644; x_wconf 87' lang='lat' dir='ltr'><strong>Peto</strong></span> <span class='ocrx_word' id='word_1_234' title='bbox 3252 1592 3467 1659; x_wconf 86' lang='lat' dir='ltr'><strong>quidem</strong></span> 
     </span>
    </p>
   </div>
   <div class='ocr_carea' id='block_1_31' title="bbox 1883 1676 3468 1752">
    <p class='ocr_par' dir='ltr' id='par_1_31' title="bbox 1883 1676 3468 1752">
     <span class='ocr_line' id='line_1_31' title="bbox 1883 1676 3468 1752; baseline 0.009 -26"><span class='ocrx_word' id='word_1_235' title='bbox 1883 1676 2130 1740; x_wconf 80' lang='lat' dir='ltr'><strong>veniam,</strong></span> <span class='ocrx_word' id='word_1_236' title='bbox 2181 1677 2304 1746; x_wconf 88' lang='lat' dir='ltr'><strong>quia</strong></span> <span class='ocrx_word' id='word_1_237' title='bbox 2356 1678 2683 1744; x_wconf 84' lang='lat' dir='ltr'><strong>irascimini;</strong></span> <span class='ocrx_word' id='word_1_238' title='bbox 2734 1681 2828 1736; x_wconf 92' lang='lat' dir='ltr'><strong>sed</strong></span> <span class='ocrx_word' id='word_1_239' title='bbox 2883 1699 2988 1736; x_wconf 91' lang='lat' dir='ltr'><strong>non</strong></span> <span class='ocrx_word' id='word_1_240' title='bbox 3031 1699 3248 1752; x_wconf 88' lang='lat' dir='ltr'><strong>possum</strong></span> <span class='ocrx_word' id='word_1_241' title='bbox 3290 1687 3468 1740; x_wconf 82' lang='lat' dir='ltr'><strong>dicere</strong></span> 
     </span>
    </p>
   </div>
   <div class='ocr_carea' id='block_1_32' title="bbox 207 1765 3468 1842">
    <p class='ocr_par' dir='ltr' id='par_1_32' title="bbox 207 1765 3468 1842">
     <span class='ocr_line' id='line_1_32' title="bbox 207 1765 3468 1842; baseline 0.004 -15"><span class='ocrx_word' id='word_1_242' title='bbox 207 1790 308 1827; x_wconf 88' lang='lat' dir='ltr'><strong>rum</strong></span> <span class='ocrx_word' id='word_1_243' title='bbox 362 1781 669 1827; x_wconf 87' lang='lat' dir='ltr'><strong>nostrorum</strong></span> <span class='ocrx_word' id='word_1_244' title='bbox 715 1771 957 1840; x_wconf 89' lang='lat' dir='ltr'><strong>epistolis</strong></span> <span class='ocrx_word' id='word_1_245' title='bbox 1005 1771 1138 1824; x_wconf 90' lang='lat' dir='ltr'><strong>moti</strong></span> <span class='ocrx_word' id='word_1_246' title='bbox 1193 1787 1298 1825; x_wconf 88' lang='lat' dir='ltr'><strong>non</strong></span> <span class='ocrx_word' id='word_1_247' title='bbox 1347 1773 1477 1826; x_wconf 87' lang='lat' dir='ltr'><strong>estis</strong></span> <span class='ocrx_word' id='word_1_248' title='bbox 1507 1772 1588 1825; x_wconf 85' lang='lat' dir='ltr'><strong>vel</strong></span> <span class='ocrx_word' id='word_1_249' title='bbox 1630 1788 1770 1827; x_wconf 90' lang='lat' dir='ltr'><strong>nunc</strong></span> <span class='ocrx_word' id='word_1_250' title='bbox 1803 1772 1851 1830; x_wconf 87' lang='lat' dir='ltr'><strong><em>B</em></strong></span> <span class='ocrx_word' id='word_1_251' title='bbox 1879 1765 2076 1818; x_wconf 67' lang='lat' dir='ltr'><strong>malum</strong></span> <span class='ocrx_word' id='word_1_252' title='bbox 2104 1781 2224 1821; x_wconf 73' lang='lat' dir='ltr'><strong>esse</strong></span> <span class='ocrx_word' id='word_1_253' title='bbox 2253 1767 2396 1835; x_wconf 74' lang='grc' dir='ltr'><strong>(μιοά</strong></span> <span class='ocrx_word' id='word_1_254' title='bbox 2425 1768 2546 1823; x_wconf 59' lang='grc' dir='ltr'><strong>[θεία</strong></span> <span class='ocrx_word' id='word_1_255' title='bbox 2581 1770 2705 1826; x_wconf 57' lang='lat' dir='ltr'><strong>Hinc</strong></span> <span class='ocrx_word' id='word_1_256' title='bbox 2745 1772 2904 1839; x_wconf 69' lang='grc' dir='ltr'><strong>ἱείιιπ</strong></span> <span class='ocrx_word' id='word_1_257' title='bbox 2933 1773 3074 1842; x_wconf 69' lang='lat' dir='ltr'><strong>3Wd</strong></span> <span class='ocrx_word' id='word_1_258' title='bbox 3101 1791 3198 1828; x_wconf 75' lang='lat' dir='ltr'><strong>VOS</strong></span> <span class='ocrx_word' id='word_1_259' title='bbox 3228 1791 3349 1829; x_wconf 76' lang='lat' dir='ltr'><strong>meo</strong></span> <span class='ocrx_word' id='word_1_260' title='bbox 3380 1793 3468 1828; x_wconf 68' lang='grc' dir='ltr'><strong>Ιιοο</strong></span> 
     </span>
    </p>
   </div>
   <div class='ocr_carea' id='block_1_33' title="bbox 207 1861 1777 1930">
    <p class='ocr_par' dir='ltr' id='par_1_33' title="bbox 207 1861 1777 1930">
     <span class='ocr_line' id='line_1_33' title="bbox 207 1861 1777 1930; baseline -0.002 -12"><span class='ocrx_word' id='word_1_261' title='bbox 207 1863 425 1918; x_wconf 88' lang='lat' dir='ltr'><strong>omnium</strong></span> <span class='ocrx_word' id='word_1_262' title='bbox 457 1861 831 1917; x_wconf 88' lang='lat' dir='ltr'><strong>obsecratione</strong></span> <span class='ocrx_word' id='word_1_263' title='bbox 876 1861 1200 1915; x_wconf 90' lang='lat' dir='ltr'><strong>moveamini</strong></span> <span class='ocrx_word' id='word_1_264' title='bbox 1225 1901 1239 1926; x_wconf 94' lang='lat'><strong>,</strong></span> <span class='ocrx_word' id='word_1_265' title='bbox 1279 1877 1484 1930; x_wconf 80' lang='lat' dir='ltr'><strong>nosque</strong></span> <span class='ocrx_word' id='word_1_266' title='bbox 1515 1862 1653 1916; x_wconf 88' lang='lat' dir='ltr'><strong>filios</strong></span> <span class='ocrx_word' id='word_1_267' title='bbox 1683 1879 1777 1915; x_wconf 90' lang='lat' dir='ltr'><strong>ve-</strong></span> 
     </span>
    </p>
   </div>
   <div class='ocr_carea' id='block_1_34' title="bbox 211 1953 1780 2025">
    <p class='ocr_par' dir='ltr' id='par_1_34' title="bbox 211 1953 1780 2025">
     <span class='ocr_line' id='line_1_34' title="bbox 211 1953 1780 2025; baseline 0.001 -18"><span class='ocrx_word' id='word_1_268' title='bbox 211 1964 307 2010; x_wconf 87' lang='lat' dir='ltr'><strong>tros</strong></span> <span class='ocrx_word' id='word_1_269' title='bbox 336 1965 360 1991; x_wconf 68' lang='grc' dir='ltr'>α</span> <span class='ocrx_word' id='word_1_270' title='bbox 393 1970 565 2024; x_wconf 90' lang='lat' dir='ltr'><strong>neque</strong></span> <span class='ocrx_word' id='word_1_271' title='bbox 591 1970 657 2009; x_wconf 81' lang='lat' dir='ltr'><strong>ex</strong></span> <span class='ocrx_word' id='word_1_272' title='bbox 687 1953 957 2024; x_wconf 79' lang='lat' dir='ltr'><strong>superfluo</strong></span> <span class='ocrx_word' id='word_1_273' title='bbox 987 1962 1162 2010; x_wconf 91' lang='lat' dir='ltr'><strong>metus</strong></span> <span class='ocrx_word' id='word_1_274' title='bbox 1184 1955 1352 2025; x_wconf 49' lang='grc' dir='ltr'><strong>εἰη...</strong></span> <span class='ocrx_word' id='word_1_275' title='bbox 1383 1963 1435 2009; x_wconf 90' lang='lat' dir='ltr'><strong>et</strong></span> <span class='ocrx_word' id='word_1_276' title='bbox 1462 1956 1620 2009; x_wconf 89' lang='lat' dir='ltr'><strong>simul</strong></span> <span class='ocrx_word' id='word_1_277' title='bbox 1649 1956 1780 2012; x_wconf 88' lang='lat' dir='ltr'><strong>scia-</strong></span> 
     </span>
    </p>
   </div>
   <div class='ocr_carea' id='block_1_35' title="bbox 205 2049 1778 2119">
    <p class='ocr_par' dir='ltr' id='par_1_35' title="bbox 205 2049 1778 2119">
     <span class='ocr_line' id='line_1_35' title="bbox 205 2049 1778 2119; baseline 0 -17"><span class='ocrx_word' id='word_1_278' title='bbox 205 2051 261 2104; x_wconf 87' lang='lat' dir='ltr'><strong>tis</strong></span> <span class='ocrx_word' id='word_1_279' title='bbox 309 2065 426 2104; x_wconf 89' lang='lat' dir='ltr'><strong>esse</strong></span> <span class='ocrx_word' id='word_1_280' title='bbox 475 2065 639 2103; x_wconf 91' lang='lat' dir='ltr'><strong>unum</strong></span> <span class='ocrx_word' id='word_1_281' title='bbox 685 2049 886 2103; x_wconf 90' lang='lat' dir='ltr'><strong>sentire</strong></span> <span class='ocrx_word' id='word_1_282' title='bbox 932 2049 1135 2118; x_wconf 88' lang='lat' dir='ltr'><strong>pariter</strong></span> <span class='ocrx_word' id='word_1_283' title='bbox 1173 2055 1227 2102; x_wconf 91' lang='lat' dir='ltr'><strong>et</strong></span> <span class='ocrx_word' id='word_1_284' title='bbox 1268 2057 1507 2103; x_wconf 89' lang='lat' dir='ltr'><strong>metuere</strong></span> <span class='ocrx_word' id='word_1_285' title='bbox 1533 2058 1587 2104; x_wconf 93' lang='lat' dir='ltr'><strong>et</strong></span> <span class='ocrx_word' id='word_1_286' title='bbox 1621 2053 1778 2119; x_wconf 76' lang='lat'><strong>188</strong></span> 
     </span>
    </p>
   </div>
   <div class='ocr_carea' id='block_1_36' title="bbox 205 2140 1778 2210">
    <p class='ocr_par' dir='ltr' id='par_1_36' title="bbox 205 2140 1778 2210">
     <span class='ocr_line' id='line_1_36' title="bbox 205 2140 1778 2210; baseline -0.001 -15"><span class='ocrx_word' id='word_1_287' title='bbox 205 2141 461 2210; x_wconf 68' lang='lat' dir='ltr'><strong>aequaliter</strong></span> <span class='ocrx_word' id='word_1_288' title='bbox 487 2140 790 2210; x_wconf 88' lang='lat' dir='ltr'><strong>supplicare</strong></span> <span class='ocrx_word' id='word_1_289' title='bbox 815 2158 827 2191; x_wconf 92' lang='lat'>:</span> <span class='ocrx_word' id='word_1_290' title='bbox 849 2155 952 2193; x_wconf 92' lang='lat' dir='ltr'><strong>non</strong></span> <span class='ocrx_word' id='word_1_291' title='bbox 976 2140 1101 2208; x_wconf 92' lang='lat' dir='ltr'><strong>quia</strong></span> <span class='ocrx_word' id='word_1_292' title='bbox 1131 2140 1364 2194; x_wconf 90' lang='lat' dir='ltr'><strong>sciamus</strong></span> <span class='ocrx_word' id='word_1_293' title='bbox 1386 2156 1450 2192; x_wconf 92' lang='lat' dir='ltr'><strong>an</strong></span> <span class='ocrx_word' id='word_1_294' title='bbox 1480 2155 1576 2194; x_wconf 89' lang='lat' dir='ltr'><strong>vos</strong></span> <span class='ocrx_word' id='word_1_295' title='bbox 1605 2141 1778 2194; x_wconf 88' lang='lat' dir='ltr'><strong>omni-</strong></span> 
     </span>
    </p>
   </div>
   <div class='ocr_carea' id='block_1_37' title="bbox 205 2231 1818 2308">
    <p class='ocr_par' dir='ltr' id='par_1_37' title="bbox 205 2231 1818 2308">
     <span class='ocr_line' id='line_1_37' title="bbox 205 2231 1818 2308; baseline 0.001 -24"><span class='ocrx_word' id='word_1_296' title='bbox 205 2231 286 2286; x_wconf 86' lang='lat' dir='ltr'><strong>bus</strong></span> <span class='ocrx_word' id='word_1_297' title='bbox 312 2231 637 2297; x_wconf 85' lang='lat' dir='ltr'><strong>irascamini,</strong></span> <span class='ocrx_word' id='word_1_298' title='bbox 689 2231 783 2284; x_wconf 88' lang='lat' dir='ltr'><strong>sed</strong></span> <span class='ocrx_word' id='word_1_299' title='bbox 833 2231 958 2299; x_wconf 90' lang='lat' dir='ltr'><strong>quia</strong></span> <span class='ocrx_word' id='word_1_300' title='bbox 1000 2246 1099 2284; x_wconf 91' lang='lat' dir='ltr'><strong>nos</strong></span> <span class='ocrx_word' id='word_1_301' title='bbox 1149 2246 1253 2284; x_wconf 91' lang='lat' dir='ltr'><strong>non</strong></span> <span class='ocrx_word' id='word_1_302' title='bbox 1286 2246 1567 2300; x_wconf 83' lang='lat' dir='ltr'><strong>possumus</strong></span> <span class='ocrx_word' id='word_1_303' title='bbox 1613 2246 1776 2285; x_wconf 87' lang='lat' dir='ltr'><strong>causa</strong></span> <span class='ocrx_word' id='word_1_304' title='bbox 1815 2301 1818 2308; x_wconf 25' lang='lat'><em>|</em></span> 
     </span>
    </p>
   </div>
   <div class='ocr_carea' id='block_1_38' title="bbox 207 2321 1771 2387">
    <p class='ocr_par' dir='ltr' id='par_1_38' title="bbox 207 2321 1771 2387">
     <span class='ocr_line' id='line_1_38' title="bbox 207 2321 1771 2387; baseline -0.002 -8"><span class='ocrx_word' id='word_1_305' title='bbox 207 2339 306 2380; x_wconf 84' lang='lat' dir='ltr'><strong>esse</strong></span> <span class='ocrx_word' id='word_1_306' title='bbox 353 2324 531 2378; x_wconf 88' lang='lat' dir='ltr'><strong>divisi.</strong></span> <span class='ocrx_word' id='word_1_307' title='bbox 580 2322 727 2376; x_wconf 87' lang='lat' dir='ltr'><strong>Idem</strong></span> <span class='ocrx_word' id='word_1_308' title='bbox 771 2323 913 2376; x_wconf 92' lang='lat' dir='ltr'><strong>enim</strong></span> <span class='ocrx_word' id='word_1_309' title='bbox 963 2323 1118 2376; x_wconf 91' lang='lat' dir='ltr'><strong>nobis</strong></span> <span class='ocrx_word' id='word_1_310' title='bbox 1151 2321 1439 2376; x_wconf 87' lang='lat' dir='ltr'><strong>admodum</strong></span> <span class='ocrx_word' id='word_1_311' title='bbox 1469 2332 1644 2377; x_wconf 89' lang='lat' dir='ltr'><strong>metus</strong></span> <span class='ocrx_word' id='word_1_312' title='bbox 1673 2329 1771 2387; x_wconf 85' lang='lat' dir='ltr'><strong>est,</strong></span> 
     </span>
    </p>
   </div>
   <div class='ocr_carea' id='block_1_39' title="bbox 204 2409 1777 2481">
    <p class='ocr_par' dir='ltr' id='par_1_39' title="bbox 204 2409 1777 2481">
     <span class='ocr_line' id='line_1_39' title="bbox 204 2409 1777 2481; baseline -0.001 -14"><span class='ocrx_word' id='word_1_313' title='bbox 204 2414 346 2468; x_wconf 87' lang='lat' dir='ltr'><strong>etiam</strong></span> <span class='ocrx_word' id='word_1_314' title='bbox 385 2413 432 2466; x_wconf 89' lang='lat' dir='ltr'><strong>si</strong></span> <span class='ocrx_word' id='word_1_315' title='bbox 473 2428 580 2466; x_wconf 84' lang='lat' dir='ltr'><strong>non</strong></span> <span class='ocrx_word' id='word_1_316' title='bbox 607 2411 794 2466; x_wconf 89' lang='lat' dir='ltr'><strong>eadem</strong></span> <span class='ocrx_word' id='word_1_317' title='bbox 823 2411 1034 2464; x_wconf 80' lang='lat' dir='ltr'><strong>videtur</strong></span> <span class='ocrx_word' id='word_1_318' title='bbox 1059 2411 1281 2466; x_wconf 76' lang='lat' dir='ltr'><strong>offensa.</strong></span> <span class='ocrx_word' id='word_1_319' title='bbox 1313 2409 1559 2466; x_wconf 89' lang='lat' dir='ltr'><strong>Charitas</strong></span> <span class='ocrx_word' id='word_1_320' title='bbox 1579 2412 1777 2481; x_wconf 90' lang='lat' dir='ltr'><strong>quippe</strong></span> 
     </span>
    </p>
   </div>
   <div class='ocr_carea' id='block_1_40' title="bbox 202 2503 1778 2572">
    <p class='ocr_par' dir='ltr' id='par_1_40' title="bbox 202 2503 1778 2572">
     <span class='ocr_line' id='line_1_40' title="bbox 202 2503 1778 2572; baseline 0.001 -14"><span class='ocrx_word' id='word_1_321' title='bbox 202 2513 368 2558; x_wconf 88' lang='lat' dir='ltr'><strong>mutua</strong></span> <span class='ocrx_word' id='word_1_322' title='bbox 389 2503 516 2558; x_wconf 80' lang='lat' dir='ltr'><strong>facit</strong></span> <span class='ocrx_word' id='word_1_323' title='bbox 541 2510 597 2557; x_wconf 89' lang='lat' dir='ltr'><strong>ut</strong></span> <span class='ocrx_word' id='word_1_324' title='bbox 620 2503 744 2557; x_wconf 91' lang='lat' dir='ltr'><strong>licet</strong></span> <span class='ocrx_word' id='word_1_325' title='bbox 763 2518 860 2556; x_wconf 89' lang='lat' dir='ltr'><strong>vos</strong></span> <span class='ocrx_word' id='word_1_326' title='bbox 888 2518 993 2556; x_wconf 90' lang='lat' dir='ltr'><strong>non</strong></span> <span class='ocrx_word' id='word_1_327' title='bbox 1021 2505 1232 2572; x_wconf 88' lang='lat' dir='ltr'><strong>utrique</strong></span> <span class='ocrx_word' id='word_1_328' title='bbox 1262 2504 1439 2556; x_wconf 91' lang='lat' dir='ltr'><strong>forsan</strong></span> <span class='ocrx_word' id='word_1_329' title='bbox 1469 2520 1778 2559; x_wconf 82' lang='lat' dir='ltr'><strong>succensea-</strong></span> 
     </span>
    </p>
   </div>
   <div class='ocr_carea' id='block_1_41' title="bbox 198 2593 1777 2661">
    <p class='ocr_par' dir='ltr' id='par_1_41' title="bbox 198 2593 1777 2661">
     <span class='ocr_line' id='line_1_41' title="bbox 198 2593 1777 2661; baseline 0.002 -14"><span class='ocrx_word' id='word_1_330' title='bbox 198 2594 275 2661; x_wconf 86' lang='lat' dir='ltr'><strong>tis,</strong></span> <span class='ocrx_word' id='word_1_331' title='bbox 303 2611 409 2649; x_wconf 90' lang='lat' dir='ltr'><strong>uno</strong></span> <span class='ocrx_word' id='word_1_332' title='bbox 433 2600 611 2648; x_wconf 85' lang='lat' dir='ltr'><strong>tamen</strong></span> <span class='ocrx_word' id='word_1_333' title='bbox 641 2609 709 2648; x_wconf 78' lang='lat' dir='ltr'><strong>ex</strong></span> <span class='ocrx_word' id='word_1_334' title='bbox 731 2593 883 2647; x_wconf 91' lang='lat' dir='ltr'><strong>nobis</strong></span> <span class='ocrx_word' id='word_1_335' title='bbox 910 2608 1026 2657; x_wconf 91' lang='lat' dir='ltr'><strong>reo,</strong></span> <span class='ocrx_word' id='word_1_336' title='bbox 1057 2594 1191 2647; x_wconf 91' lang='lat' dir='ltr'><strong>alter</strong></span> <span class='ocrx_word' id='word_1_337' title='bbox 1214 2594 1330 2648; x_wconf 90' lang='lat' dir='ltr'><strong>sine</strong></span> <span class='ocrx_word' id='word_1_338' title='bbox 1354 2594 1564 2648; x_wconf 88' lang='lat' dir='ltr'><strong>tristitia</strong></span> <span class='ocrx_word' id='word_1_339' title='bbox 1595 2605 1777 2650; x_wconf 90' lang='lat' dir='ltr'><strong>reatus</strong></span> 
     </span>
    </p>
   </div>
   <div class='ocr_carea' id='block_1_42' title="bbox 197 2682 1775 2753">
    <p class='ocr_par' dir='ltr' id='par_1_42' title="bbox 197 2682 1775 2753">
     <span class='ocr_line' id='line_1_42' title="bbox 197 2682 1775 2753; baseline 0.002 -16"><span class='ocrx_word' id='word_1_340' title='bbox 197 2699 306 2738; x_wconf 83' lang='lat' dir='ltr'><strong>esse</strong></span> <span class='ocrx_word' id='word_1_341' title='bbox 332 2700 442 2737; x_wconf 89' lang='lat' dir='ltr'><strong>non</strong></span> <span class='ocrx_word' id='word_1_342' title='bbox 484 2684 672 2753; x_wconf 87' lang='lat' dir='ltr'><strong>possit.</strong></span> <span class='ocrx_word' id='word_1_343' title='bbox 705 2682 838 2736; x_wconf 89' lang='lat' dir='ltr'><strong>Illud</strong></span> <span class='ocrx_word' id='word_1_344' title='bbox 881 2698 1010 2737; x_wconf 88' lang='lat' dir='ltr'><strong>sane</strong></span> <span class='ocrx_word' id='word_1_345' title='bbox 1039 2691 1120 2737; x_wconf 89' lang='lat' dir='ltr'><strong>est</strong></span> <span class='ocrx_word' id='word_1_346' title='bbox 1147 2685 1288 2752; x_wconf 90' lang='lat' dir='ltr'><strong>quod</strong></span> <span class='ocrx_word' id='word_1_347' title='bbox 1319 2700 1420 2738; x_wconf 92' lang='lat' dir='ltr'><strong>nos</strong></span> <span class='ocrx_word' id='word_1_348' title='bbox 1449 2686 1775 2740; x_wconf 89' lang='lat' dir='ltr'><strong>contendere</strong></span> 
     </span>
    </p>
   </div>
   <div class='ocr_carea' id='block_1_43' title="bbox 205 2774 1773 2845">
    <p class='ocr_par' dir='ltr' id='par_1_43' title="bbox 205 2774 1773 2845">
     <span class='ocr_line' id='line_1_43' title="bbox 205 2774 1773 2845; baseline 0.003 -17"><span class='ocrx_word' id='word_1_349' title='bbox 205 2775 251 2828; x_wconf 90' lang='lat' dir='ltr'><strong>in</strong></span> <span class='ocrx_word' id='word_1_350' title='bbox 270 2775 448 2843; x_wconf 90' lang='lat' dir='ltr'><strong>aliquo</strong></span> <span class='ocrx_word' id='word_1_351' title='bbox 471 2783 527 2830; x_wconf 89' lang='lat' dir='ltr'><strong>et</strong></span> <span class='ocrx_word' id='word_1_352' title='bbox 545 2783 753 2829; x_wconf 90' lang='lat' dir='ltr'><strong>certare</strong></span> <span class='ocrx_word' id='word_1_353' title='bbox 774 2783 962 2829; x_wconf 87' lang='lat' dir='ltr'><strong>mutuo</strong></span> <span class='ocrx_word' id='word_1_354' title='bbox 989 2774 1166 2838; x_wconf 89' lang='lat' dir='ltr'><strong>faciat,</strong></span> <span class='ocrx_word' id='word_1_355' title='bbox 1193 2777 1336 2845; x_wconf 91' lang='lat' dir='ltr'><strong>quod</strong></span> <span class='ocrx_word' id='word_1_356' title='bbox 1358 2791 1477 2830; x_wconf 91' lang='lat' dir='ltr'><strong>cum</strong></span> <span class='ocrx_word' id='word_1_357' title='bbox 1501 2777 1657 2831; x_wconf 90' lang='lat' dir='ltr'><strong>ambo</strong></span> <span class='ocrx_word' id='word_1_358' title='bbox 1682 2778 1773 2832; x_wconf 92' lang='lat' dir='ltr'><strong>lilii</strong></span> 
     </span>
    </p>
   </div>
   <div class='ocr_carea' id='block_1_44' title="bbox 195 2866 1772 2939">
    <p class='ocr_par' dir='ltr' id='par_1_44' title="bbox 195 2866 1772 2939">
     <span class='ocr_line' id='line_1_44' title="bbox 195 2866 1772 2939; baseline 0.006 -24"><span class='ocrx_word' id='word_1_359' title='bbox 195 2866 345 2921; x_wconf 74' lang='lat' dir='ltr'><strong>vestri</strong></span> <span class='ocrx_word' id='word_1_360' title='bbox 387 2867 665 2937; x_wconf 68' lang='lat' dir='ltr'><strong>azqualiter</strong></span> <span class='ocrx_word' id='word_1_361' title='bbox 709 2867 787 2921; x_wconf 91' lang='lat' dir='ltr'><strong>rei</strong></span> <span class='ocrx_word' id='word_1_362' title='bbox 834 2868 1019 2930; x_wconf 89' lang='lat' dir='ltr'><strong>simus,</strong></span> <span class='ocrx_word' id='word_1_363' title='bbox 1051 2868 1170 2936; x_wconf 89' lang='lat' dir='ltr'><strong>plus</strong></span> <span class='ocrx_word' id='word_1_364' title='bbox 1200 2877 1375 2923; x_wconf 90' lang='lat' dir='ltr'><strong>tamen</strong></span> <span class='ocrx_word' id='word_1_365' title='bbox 1408 2871 1772 2939; x_wconf 83' lang='lat' dir='ltr'><strong>unusquisque</strong></span> 
     </span>
    </p>
   </div>
   <div class='ocr_carea' id='block_1_45' title="bbox 191 2957 1773 3027">
    <p class='ocr_par' dir='ltr' id='par_1_45' title="bbox 191 2957 1773 3027">
     <span class='ocr_line' id='line_1_45' title="bbox 191 2957 1773 3027; baseline 0.003 -17"><span class='ocrx_word' id='word_1_366' title='bbox 191 2966 422 3011; x_wconf 88' lang='lat' dir='ltr'><strong>nostrum</strong></span> <span class='ocrx_word' id='word_1_367' title='bbox 452 2973 551 3027; x_wconf 92' lang='lat' dir='ltr'><strong>pro</strong></span> <span class='ocrx_word' id='word_1_368' title='bbox 580 2957 749 3012; x_wconf 90' lang='lat' dir='ltr'><strong>altero</strong></span> <span class='ocrx_word' id='word_1_369' title='bbox 778 2973 938 3027; x_wconf 90' lang='lat' dir='ltr'><strong>quam</strong></span> <span class='ocrx_word' id='word_1_370' title='bbox 968 2974 1066 3027; x_wconf 91' lang='lat' dir='ltr'><strong>pro</strong></span> <span class='ocrx_word' id='word_1_371' title='bbox 1089 2973 1145 3012; x_wconf 92' lang='lat' dir='ltr'><strong>se</strong></span> <span class='ocrx_word' id='word_1_372' title='bbox 1169 2959 1334 3014; x_wconf 90' lang='lat' dir='ltr'><strong>timet.</strong></span> <span class='ocrx_word' id='word_1_373' title='bbox 1370 2957 1624 3015; x_wconf 86' lang='lat' dir='ltr'><strong>Parentes</strong></span> <span class='ocrx_word' id='word_1_374' title='bbox 1645 2963 1773 3016; x_wconf 87' lang='lat' dir='ltr'><strong>cha-</strong></span> 
     </span>
    </p>
   </div>
   <div class='ocr_carea' id='block_1_46' title="bbox 192 3049 1769 3122">
    <p class='ocr_par' dir='ltr' id='par_1_46' title="bbox 192 3049 1769 3122">
     <span class='ocr_line' id='line_1_46' title="bbox 192 3049 1769 3122; baseline 0.003 -20"><span class='ocrx_word' id='word_1_375' title='bbox 192 3049 398 3113; x_wconf 83' lang='lat' dir='ltr'><strong>rissimi,</strong></span> <span class='ocrx_word' id='word_1_376' title='bbox 428 3057 679 3118; x_wconf 87' lang='lat' dir='ltr'><strong>parentes</strong></span> <span class='ocrx_word' id='word_1_377' title='bbox 703 3051 1138 3113; x_wconf 86' lang='lat' dir='ltr'><strong>reverentissimi,</strong></span> <span class='ocrx_word' id='word_1_378' title='bbox 1166 3049 1482 3120; x_wconf 85' lang='lat' dir='ltr'><strong>interrogari</strong></span> <span class='ocrx_word' id='word_1_379' title='bbox 1508 3069 1603 3107; x_wconf 93' lang='lat' dir='ltr'><strong>vos</strong></span> <span class='ocrx_word' id='word_1_380' title='bbox 1623 3068 1769 3122; x_wconf 34' lang='lat' dir='ltr'><strong>qums</strong></span> 
     </span>
    </p>
   </div>
   <div class='ocr_carea' id='block_1_47' title="bbox 1882 1855 3468 1930">
    <p class='ocr_par' dir='ltr' id='par_1_47' title="bbox 1882 1855 3468 1930">
     <span class='ocr_line' id='line_1_47' title="bbox 1882 1855 3468 1930; baseline 0.008 -23"><span class='ocrx_word' id='word_1_381' title='bbox 1882 1855 2045 1920; x_wconf 88' lang='lat' dir='ltr'><strong>mine,</strong></span> <span class='ocrx_word' id='word_1_382' title='bbox 2080 1863 2135 1910; x_wconf 93' lang='lat' dir='ltr'><strong>et</strong></span> <span class='ocrx_word' id='word_1_383' title='bbox 2160 1860 2313 1926; x_wconf 88' lang='lat' dir='ltr'><strong>quasi</strong></span> <span class='ocrx_word' id='word_1_384' title='bbox 2343 1860 2600 1928; x_wconf 82' lang='lat' dir='ltr'><strong>peculiari</strong></span> <span class='ocrx_word' id='word_1_385' title='bbox 2649 1877 2829 1930; x_wconf 87' lang='lat' dir='ltr'><strong>prece.</strong></span> <span class='ocrx_word' id='word_1_386' title='bbox 2864 1862 3016 1917; x_wconf 84' lang='lat' dir='ltr'><strong>Nunc</strong></span> <span class='ocrx_word' id='word_1_387' title='bbox 3045 1873 3118 1928; x_wconf 90' lang='lat' dir='ltr'><strong>tu,</strong></span> <span class='ocrx_word' id='word_1_388' title='bbox 3175 1881 3208 1919; x_wconf 95' lang='lat' dir='ltr'><strong>o</strong></span> <span class='ocrx_word' id='word_1_389' title='bbox 3237 1867 3468 1920; x_wconf 85' lang='lat' dir='ltr'><strong>dilectis-</strong></span> 
     </span>
    </p>
   </div>
   <div class='ocr_carea' id='block_1_48' title="bbox 1880 1949 3484 2025">
    <p class='ocr_par' dir='ltr' id='par_1_48' title="bbox 1880 1949 3484 2025">
     <span class='ocr_line' id='line_1_48' title="bbox 1880 1949 3484 2025; baseline 0.006 -23"><span class='ocrx_word' id='word_1_390' title='bbox 1880 1949 2014 2002; x_wconf 89' lang='lat' dir='ltr'><strong>sima</strong></span> <span class='ocrx_word' id='word_1_391' title='bbox 2035 1965 2098 2003; x_wconf 92' lang='lat' dir='ltr'><strong>ac</strong></span> <span class='ocrx_word' id='word_1_392' title='bbox 2127 1952 2585 2006; x_wconf 71' lang='lat' dir='ltr'><strong>venerabilissima</strong></span> <span class='ocrx_word' id='word_1_393' title='bbox 2621 1963 2641 1990; x_wconf 77' lang='grc' dir='ltr'><strong><em>ο</em></strong></span> <span class='ocrx_word' id='word_1_394' title='bbox 2676 1970 2831 2007; x_wconf 92' lang='lat' dir='ltr'><strong>soror</strong></span> <span class='ocrx_word' id='word_1_395' title='bbox 2855 1955 2993 2025; x_wconf 79' lang='lat' dir='ltr'><strong>(quae</strong></span> <span class='ocrx_word' id='word_1_396' title='bbox 3023 1957 3150 2009; x_wconf 88' lang='lat' dir='ltr'><strong>mihi</strong></span> <span class='ocrx_word' id='word_1_397' title='bbox 3184 1965 3333 2010; x_wconf 87' lang='lat' dir='ltr'><strong>tanto</strong></span> <span class='ocrx_word' id='word_1_398' title='bbox 3351 1957 3484 2012; x_wconf 82' lang='lat' dir='ltr'><strong>cha-</strong></span> 
     </span>
    </p>
   </div>
   <div class='ocr_carea' id='block_1_49' title="bbox 1879 2041 3467 2114">
    <p class='ocr_par' dir='ltr' id='par_1_49' title="bbox 1879 2041 3467 2114">
     <span class='ocr_line' id='line_1_49' title="bbox 1879 2041 3467 2114; baseline 0.004 -20"><span class='ocrx_word' id='word_1_399' title='bbox 1879 2041 1992 2094; x_wconf 88' lang='lat' dir='ltr'><strong>rior</strong></span> <span class='ocrx_word' id='word_1_400' title='bbox 2018 2057 2078 2095; x_wconf 91' lang='lat' dir='ltr'><strong>es</strong></span> <span class='ocrx_word' id='word_1_401' title='bbox 2105 2057 2263 2110; x_wconf 92' lang='lat' dir='ltr'><strong>quam</strong></span> <span class='ocrx_word' id='word_1_402' title='bbox 2295 2046 2458 2112; x_wconf 91' lang='lat' dir='ltr'><strong>prius,</strong></span> <span class='ocrx_word' id='word_1_403' title='bbox 2490 2052 2693 2114; x_wconf 89' lang='lat' dir='ltr'><strong>quanto</strong></span> <span class='ocrx_word' id='word_1_404' title='bbox 2737 2045 2852 2114; x_wconf 87' lang='lat' dir='ltr'><strong>plus</strong></span> <span class='ocrx_word' id='word_1_405' title='bbox 2881 2062 2910 2098; x_wconf 90' lang='lat' dir='ltr'><strong>a</strong></span> <span class='ocrx_word' id='word_1_406' title='bbox 2941 2048 3051 2099; x_wconf 83' lang='lat' dir='ltr'><strong>suis</strong></span> <span class='ocrx_word' id='word_1_407' title='bbox 3080 2046 3300 2102; x_wconf 79' lang='lat' dir='ltr'><strong>allectus</strong></span> <span class='ocrx_word' id='word_1_408' title='bbox 3341 2064 3467 2102; x_wconf 87' lang='lat' dir='ltr'><strong>con-</strong></span> 
     </span>
    </p>
   </div>
   <div class='ocr_carea' id='block_1_50' title="bbox 1879 2133 3466 2208">
    <p class='ocr_par' dir='ltr' id='par_1_50' title="bbox 1879 2133 3466 2208">
     <span class='ocr_line' id='line_1_50' title="bbox 1879 2133 3466 2208; baseline 0.004 -23"><span class='ocrx_word' id='word_1_409' title='bbox 1879 2134 2040 2186; x_wconf 48' lang='lat' dir='ltr'><strong>venit.</strong></span> <span class='ocrx_word' id='word_1_410' title='bbox 2056 2133 2202 2201; x_wconf 79' lang='lat' dir='ltr'><strong>diligi</strong></span> <span class='ocrx_word' id='word_1_411' title='bbox 2228 2136 2278 2188; x_wconf 91' lang='lat' dir='ltr'><strong>in</strong></span> <span class='ocrx_word' id='word_1_412' title='bbox 2307 2136 2498 2202; x_wconf 84' lang='lat' dir='ltr'><strong>quibus</strong></span> <span class='ocrx_word' id='word_1_413' title='bbox 2527 2137 2761 2204; x_wconf 88' lang='lat' dir='ltr'><strong>seipsum</strong></span> <span class='ocrx_word' id='word_1_414' title='bbox 2783 2134 3027 2190; x_wconf 90' lang='lat' dir='ltr'><strong>Christus</strong></span> <span class='ocrx_word' id='word_1_415' title='bbox 3042 2138 3228 2192; x_wconf 91' lang='lat' dir='ltr'><strong>fecerit</strong></span> <span class='ocrx_word' id='word_1_416' title='bbox 3255 2139 3466 2208; x_wconf 88' lang='lat' dir='ltr'><strong>amari),</strong></span> 
     </span>
    </p>
   </div>
   <div class='ocr_carea' id='block_1_51' title="bbox 1879 2221 3466 2298">
    <p class='ocr_par' dir='ltr' id='par_1_51' title="bbox 1879 2221 3466 2298">
     <span class='ocr_line' id='line_1_51' title="bbox 1879 2221 3466 2298; baseline 0.006 -23"><span class='ocrx_word' id='word_1_417' title='bbox 1879 2221 2101 2290; x_wconf 84' lang='lat' dir='ltr'><strong>fungere</strong></span> <span class='ocrx_word' id='word_1_418' title='bbox 2139 2226 2377 2292; x_wconf 90' lang='lat' dir='ltr'><strong>partibus</strong></span> <span class='ocrx_word' id='word_1_419' title='bbox 2417 2227 2521 2279; x_wconf 92' lang='lat' dir='ltr'><strong>tuis</strong></span> <span class='ocrx_word' id='word_1_420' title='bbox 2559 2227 2718 2279; x_wconf 89' lang='lat' dir='ltr'><strong>simul</strong></span> <span class='ocrx_word' id='word_1_421' title='bbox 2747 2228 3006 2296; x_wconf 73' lang='lat' dir='ltr'><strong>meisque.</strong></span> <span class='ocrx_word' id='word_1_422' title='bbox 3039 2226 3142 2282; x_wconf 88' lang='lat' dir='ltr'><strong>Ora</strong></span> <span class='ocrx_word' id='word_1_423' title='bbox 3174 2237 3248 2293; x_wconf 93' lang='lat' dir='ltr'><strong>tu,</strong></span> <span class='ocrx_word' id='word_1_424' title='bbox 3283 2237 3340 2283; x_wconf 91' lang='lat' dir='ltr'><strong>ut</strong></span> <span class='ocrx_word' id='word_1_425' title='bbox 3367 2245 3466 2298; x_wconf 86' lang='lat' dir='ltr'><strong>ego</strong></span> 
     </span>
    </p>
   </div>
   <div class='ocr_carea' id='block_1_52' title="bbox 1879 2312 3464 2386">
    <p class='ocr_par' dir='ltr' id='par_1_52' title="bbox 1879 2312 3464 2386">
     <span class='ocr_line' id='line_1_52' title="bbox 1879 2312 3464 2386; baseline 0.006 -21"><span class='ocrx_word' id='word_1_426' title='bbox 1879 2312 2193 2382; x_wconf 90' lang='lat' dir='ltr'><strong>impetrem;</strong></span> <span class='ocrx_word' id='word_1_427' title='bbox 2227 2323 2282 2367; x_wconf 89' lang='lat' dir='ltr'><strong>tu</strong></span> <span class='ocrx_word' id='word_1_428' title='bbox 2316 2316 2544 2383; x_wconf 89' lang='lat' dir='ltr'><strong>postula,</strong></span> <span class='ocrx_word' id='word_1_429' title='bbox 2578 2325 2637 2370; x_wconf 92' lang='lat' dir='ltr'><strong>ut</strong></span> <span class='ocrx_word' id='word_1_430' title='bbox 2665 2327 2892 2386; x_wconf 87' lang='lat' dir='ltr'><strong>uterque</strong></span> <span class='ocrx_word' id='word_1_431' title='bbox 2923 2319 3212 2373; x_wconf 86' lang='lat' dir='ltr'><strong>vincamus.</strong></span> <span class='ocrx_word' id='word_1_432' title='bbox 3244 2318 3464 2375; x_wconf 79' lang='lat' dir='ltr'><strong>Oscula-</strong></span> 
     </span>
    </p>
   </div>
   <div class='ocr_carea' id='block_1_53' title="bbox 1879 2406 3464 2473">
    <p class='ocr_par' dir='ltr' id='par_1_53' title="bbox 1879 2406 3464 2473">
     <span class='ocr_line' id='line_1_53' title="bbox 1879 2406 3464 2473; baseline 0.005 -16"><span class='ocrx_word' id='word_1_433' title='bbox 1879 2421 1958 2466; x_wconf 89' lang='lat' dir='ltr'><strong>re,</strong></span> <span class='ocrx_word' id='word_1_434' title='bbox 1980 2406 2102 2473; x_wconf 90' lang='lat' dir='ltr'><strong>quia</strong></span> <span class='ocrx_word' id='word_1_435' title='bbox 2135 2406 2327 2460; x_wconf 90' lang='lat' dir='ltr'><strong>absens</strong></span> <span class='ocrx_word' id='word_1_436' title='bbox 2357 2407 2511 2461; x_wconf 87' lang='lat' dir='ltr'><strong>labiis</strong></span> <span class='ocrx_word' id='word_1_437' title='bbox 2540 2425 2646 2462; x_wconf 93' lang='lat' dir='ltr'><strong>non</strong></span> <span class='ocrx_word' id='word_1_438' title='bbox 2676 2409 2842 2473; x_wconf 89' lang='lat' dir='ltr'><strong>vales,</strong></span> <span class='ocrx_word' id='word_1_439' title='bbox 2874 2409 3062 2464; x_wconf 88' lang='lat' dir='ltr'><strong>saltem</strong></span> <span class='ocrx_word' id='word_1_440' title='bbox 3093 2411 3464 2466; x_wconf 81' lang='lat' dir='ltr'><strong>obsecratione</strong></span> 
     </span>
    </p>
   </div>
   <div class='ocr_carea' id='block_1_54' title="bbox 1877 2497 3464 2570">
    <p class='ocr_par' dir='ltr' id='par_1_54' title="bbox 1877 2497 3464 2570">
     <span class='ocr_line' id='line_1_54' title="bbox 1877 2497 3464 2570; baseline 0.004 -20"><span class='ocrx_word' id='word_1_441' title='bbox 1877 2497 2040 2566; x_wconf 88' lang='lat' dir='ltr'><strong>pedes</strong></span> <span class='ocrx_word' id='word_1_442' title='bbox 2068 2505 2352 2566; x_wconf 87' lang='lat' dir='ltr'><strong>parentum</strong></span> <span class='ocrx_word' id='word_1_443' title='bbox 2405 2506 2616 2552; x_wconf 91' lang='lat' dir='ltr'><strong>tuorum</strong></span> <span class='ocrx_word' id='word_1_444' title='bbox 2671 2501 2824 2567; x_wconf 87' lang='lat' dir='ltr'><strong>quasi</strong></span> <span class='ocrx_word' id='word_1_445' title='bbox 2853 2501 3066 2565; x_wconf 88' lang='lat' dir='ltr'><strong>ancilla,</strong></span> <span class='ocrx_word' id='word_1_446' title='bbox 3097 2517 3288 2556; x_wconf 90' lang='lat' dir='ltr'><strong>manus</strong></span> <span class='ocrx_word' id='word_1_447' title='bbox 3313 2504 3464 2570; x_wconf 90' lang='lat' dir='ltr'><strong>quasi</strong></span> 
     </span>
    </p>
   </div>
   <div class='ocr_carea' id='block_1_55' title="bbox 1877 2587 3459 2660">
    <p class='ocr_par' dir='ltr' id='par_1_55' title="bbox 1877 2587 3459 2660">
     <span class='ocr_line' id='line_1_55' title="bbox 1877 2587 3459 2660; baseline 0.004 -20"><span class='ocrx_word' id='word_1_448' title='bbox 1877 2587 2112 2652; x_wconf 88' lang='lat' dir='ltr'><strong>alumna,</strong></span> <span class='ocrx_word' id='word_1_449' title='bbox 2139 2604 2234 2642; x_wconf 90' lang='lat' dir='ltr'><strong>ora</strong></span> <span class='ocrx_word' id='word_1_450' title='bbox 2264 2589 2418 2657; x_wconf 91' lang='lat' dir='ltr'><strong>quasi</strong></span> <span class='ocrx_word' id='word_1_451' title='bbox 2442 2589 2566 2643; x_wconf 87' lang='lat' dir='ltr'><strong>lilia.</strong></span> <span class='ocrx_word' id='word_1_452' title='bbox 2592 2589 2668 2644; x_wconf 84' lang='lat' dir='ltr'><strong>Ne</strong></span> <span class='ocrx_word' id='word_1_453' title='bbox 2697 2591 3066 2660; x_wconf 87' lang='lat' dir='ltr'><strong>trepidaveris,</strong></span> <span class='ocrx_word' id='word_1_454' title='bbox 3091 2609 3158 2646; x_wconf 92' lang='lat' dir='ltr'><strong>ne</strong></span> <span class='ocrx_word' id='word_1_455' title='bbox 3182 2595 3421 2649; x_wconf 89' lang='lat' dir='ltr'><strong>timueris</strong></span> <span class='ocrx_word' id='word_1_456' title='bbox 3445 2613 3459 2647; x_wconf 91' lang='lat'><strong>:</strong></span> 
     </span>
    </p>
   </div>
   <div class='ocr_carea' id='block_1_56' title="bbox 1866 2677 3462 2752">
    <p class='ocr_par' dir='ltr' id='par_1_56' title="bbox 1866 2677 3462 2752">
     <span class='ocr_line' id='line_1_56' title="bbox 1866 2677 3462 2752; baseline 0.005 -21"><span class='ocrx_word' id='word_1_457' title='bbox 1866 2677 2048 2732; x_wconf 88' lang='lat' dir='ltr'><strong>bonos</strong></span> <span class='ocrx_word' id='word_1_458' title='bbox 2087 2678 2296 2746; x_wconf 87' lang='lat' dir='ltr'><strong>judices</strong></span> <span class='ocrx_word' id='word_1_459' title='bbox 2326 2681 2583 2734; x_wconf 91' lang='lat' dir='ltr'><strong>habemus</strong></span> <span class='ocrx_word' id='word_1_460' title='bbox 2616 2698 2628 2733; x_wconf 91' lang='lat'>:</span> <span class='ocrx_word' id='word_1_461' title='bbox 2661 2680 2884 2736; x_wconf 76' lang='lat' dir='ltr'><strong>allectus</strong></span> <span class='ocrx_word' id='word_1_462' title='bbox 2931 2682 3046 2751; x_wconf 88' lang='lat' dir='ltr'><strong>ipse</strong></span> <span class='ocrx_word' id='word_1_463' title='bbox 3097 2699 3195 2752; x_wconf 91' lang='lat' dir='ltr'><strong>pro</strong></span> <span class='ocrx_word' id='word_1_464' title='bbox 3225 2692 3278 2738; x_wconf 94' lang='lat' dir='ltr'><strong>te</strong></span> <span class='ocrx_word' id='word_1_465' title='bbox 3324 2694 3462 2750; x_wconf 86' lang='lat' dir='ltr'><strong>orat,</strong></span> 
     </span>
    </p>
   </div>
   <div class='ocr_carea' id='block_1_57' title="bbox 1874 2773 3464 2842">
    <p class='ocr_par' dir='ltr' id='par_1_57' title="bbox 1874 2773 3464 2842">
     <span class='ocr_line' id='line_1_57' title="bbox 1874 2773 3464 2842; baseline 0.004 -18"><span class='ocrx_word' id='word_1_466' title='bbox 1874 2780 2066 2826; x_wconf 87' lang='lat' dir='ltr'><strong>natura</strong></span> <span class='ocrx_word' id='word_1_467' title='bbox 2096 2773 2210 2842; x_wconf 87' lang='lat' dir='ltr'><strong>ipsa</strong></span> <span class='ocrx_word' id='word_1_468' title='bbox 2243 2774 2337 2827; x_wconf 89' lang='lat' dir='ltr'><strong>tibi</strong></span> <span class='ocrx_word' id='word_1_469' title='bbox 2367 2774 2622 2842; x_wconf 85' lang='lat' dir='ltr'><strong>postulat,</strong></span> <span class='ocrx_word' id='word_1_470' title='bbox 2655 2773 2904 2842; x_wconf 75' lang='lat' dir='ltr'><strong>suffragia</strong></span> <span class='ocrx_word' id='word_1_471' title='bbox 2935 2791 3110 2831; x_wconf 72' lang='lat' dir='ltr'><strong>causa:</strong></span> <span class='ocrx_word' id='word_1_472' title='bbox 3141 2783 3245 2830; x_wconf 68' lang='lat' dir='ltr'><strong>tute</strong></span> <span class='ocrx_word' id='word_1_473' title='bbox 3267 2777 3318 2830; x_wconf 91' lang='lat' dir='ltr'><strong>in</strong></span> <span class='ocrx_word' id='word_1_474' title='bbox 3342 2785 3464 2830; x_wconf 88' lang='lat' dir='ltr'><strong>tuo-</strong></span> 
     </span>
    </p>
   </div>
   <div class='ocr_carea' id='block_1_58' title="bbox 1877 2863 3464 2937">
    <p class='ocr_par' dir='ltr' id='par_1_58' title="bbox 1877 2863 3464 2937">
     <span class='ocr_line' id='line_1_58' title="bbox 1877 2863 3464 2937; baseline 0.004 -22"><span class='ocrx_word' id='word_1_475' title='bbox 1877 2876 1995 2916; x_wconf 92' lang='lat' dir='ltr'><strong>rum</strong></span> <span class='ocrx_word' id='word_1_476' title='bbox 2043 2864 2310 2916; x_wconf 88' lang='lat' dir='ltr'><strong>mentibus</strong></span> <span class='ocrx_word' id='word_1_477' title='bbox 2362 2863 2530 2916; x_wconf 84' lang='lat' dir='ltr'><strong>habes</strong></span> <span class='ocrx_word' id='word_1_478' title='bbox 2562 2881 2574 2915; x_wconf 90' lang='lat'>:</span> <span class='ocrx_word' id='word_1_479' title='bbox 2607 2865 2714 2918; x_wconf 88' lang='lat' dir='ltr'><strong>cito</strong></span> <span class='ocrx_word' id='word_1_480' title='bbox 2769 2864 3012 2922; x_wconf 91' lang='lat' dir='ltr'><strong>adnuunt</strong></span> <span class='ocrx_word' id='word_1_481' title='bbox 3067 2868 3158 2934; x_wconf 92' lang='lat' dir='ltr'><strong>qui</strong></span> <span class='ocrx_word' id='word_1_482' title='bbox 3212 2883 3310 2922; x_wconf 88' lang='lat' dir='ltr'><strong>suo</strong></span> <span class='ocrx_word' id='word_1_483' title='bbox 3364 2867 3464 2937; x_wconf 89' lang='lat' dir='ltr'><strong>ipsi</strong></span> 
     </span>
    </p>
   </div>
   <div class='ocr_carea' id='block_1_59' title="bbox 1875 2951 3464 3024">
    <p class='ocr_par' dir='ltr' id='par_1_59' title="bbox 1875 2951 3464 3024">
     <span class='ocr_line' id='line_1_59' title="bbox 1875 2951 3464 3024; baseline 0.004 -19"><span class='ocrx_word' id='word_1_484' title='bbox 1875 2967 2059 3006; x_wconf 88' lang='lat' dir='ltr'><strong>amore</strong></span> <span class='ocrx_word' id='word_1_485' title='bbox 2088 2962 2427 3022; x_wconf 88' lang='lat' dir='ltr'><strong>superantur.</strong></span> <span class='ocrx_word' id='word_1_486' title='bbox 2461 2951 2694 3007; x_wconf 89' lang='lat' dir='ltr'><strong>Obsecra</strong></span> <span class='ocrx_word' id='word_1_487' title='bbox 2724 2967 2874 3020; x_wconf 82' lang='lat' dir='ltr'><strong>ergo,</strong></span> <span class='ocrx_word' id='word_1_488' title='bbox 2905 2963 2958 3009; x_wconf 91' lang='lat' dir='ltr'><strong>ct</strong></span> <span class='ocrx_word' id='word_1_489' title='bbox 2986 2957 3212 3024; x_wconf 80' lang='lat' dir='ltr'><strong>supplex</strong></span> <span class='ocrx_word' id='word_1_490' title='bbox 3251 2957 3414 3012; x_wconf 89' lang='lat' dir='ltr'><strong>dicito</strong></span> <span class='ocrx_word' id='word_1_491' title='bbox 3448 2973 3464 3012; x_wconf 71' lang='grc' dir='ltr'><em>τ</em></span> 
     </span>
    </p>
   </div>
   <div class='ocr_carea' id='block_1_60' title="bbox 1875 3039 3461 3115">
    <p class='ocr_par' dir='ltr' id='par_1_60' title="bbox 1875 3039 3461 3115">
     <span class='ocr_line' id='line_1_60' title="bbox 1875 3039 3461 3115; baseline 0.005 -22"><span class='ocrx_word' id='word_1_492' title='bbox 1875 3040 2012 3106; x_wconf 83' lang='lat' dir='ltr'><strong>Quid</strong></span> <span class='ocrx_word' id='word_1_493' title='bbox 2042 3039 2164 3106; x_wconf 86' lang='lat' dir='ltr'><strong>feci,</strong></span> <span class='ocrx_word' id='word_1_494' title='bbox 2214 3041 2342 3112; x_wconf 93' lang='lat' dir='ltr'><strong>quid</strong></span> <span class='ocrx_word' id='word_1_495' title='bbox 2400 3044 2729 3097; x_wconf 90' lang='lat' dir='ltr'><strong>commerui?</strong></span> <span class='ocrx_word' id='word_1_496' title='bbox 2760 3045 3021 3112; x_wconf 80' lang='lat' dir='ltr'><strong>ignoscite</strong></span> <span class='ocrx_word' id='word_1_497' title='bbox 3048 3047 3306 3115; x_wconf 88' lang='lat' dir='ltr'><strong>quidquid</strong></span> <span class='ocrx_word' id='word_1_498' title='bbox 3335 3047 3461 3102; x_wconf 89' lang='lat' dir='ltr'><strong>illud</strong></span> 
     </span>
    </p>
   </div>
   <div class='ocr_carea' id='block_1_61' title="bbox 187 3135 1771 3212">
    <p class='ocr_par' dir='ltr' id='par_1_61' title="bbox 187 3140 1762 3212">
     <span class='ocr_line' id='line_1_61' title="bbox 187 3140 1762 3212; baseline 0.004 -19"><span class='ocrx_word' id='word_1_499' title='bbox 187 3155 358 3194; x_wconf 82' lang='lat' dir='ltr'><strong>sumus</strong></span> <span class='ocrx_word' id='word_1_500' title='bbox 403 3140 579 3195; x_wconf 90' lang='lat' dir='ltr'><strong>liceat.</strong></span> <span class='ocrx_word' id='word_1_501' title='bbox 610 3140 689 3195; x_wconf 85' lang='lat' dir='ltr'><strong>[ta</strong></span> <span class='ocrx_word' id='word_1_502' title='bbox 738 3151 962 3211; x_wconf 90' lang='lat' dir='ltr'><strong>possunt</strong></span> <span class='ocrx_word' id='word_1_503' title='bbox 985 3142 1010 3180; x_wconf 76' lang='grc' dir='ltr'>δ</span> <span class='ocrx_word' id='word_1_504' title='bbox 1041 3144 1262 3212; x_wconf 83' lang='lat' dir='ltr'><strong>pignora</strong></span> <span class='ocrx_word' id='word_1_505' title='bbox 1293 3143 1371 3198; x_wconf 92' lang='lat' dir='ltr'><strong>sic</strong></span> <span class='ocrx_word' id='word_1_506' title='bbox 1401 3146 1632 3198; x_wconf 90' lang='lat' dir='ltr'><strong>amantia</strong></span> <span class='ocrx_word' id='word_1_507' title='bbox 1659 3161 1762 3199; x_wconf 92' lang='lat' dir='ltr'><strong>non</strong></span> 
     </span>
    </p>
   </div>
   <div class='ocr_carea' id='block_1_62' title="bbox 1874 3135 3462 3212">
    <p class='ocr_par' dir='ltr' id='par_1_62' title="bbox 1874 3135 3462 3209">
     <span class='ocr_line' id='line_1_62' title="bbox 1874 3135 3462 3209; baseline 0.004 -22"><span class='ocrx_word' id='word_1_508' title='bbox 1874 3141 1952 3187; x_wconf 87' lang='lat' dir='ltr'><strong>est</strong></span> <span class='ocrx_word' id='word_1_509' title='bbox 1985 3151 1996 3186; x_wconf 91' lang='lat'>:</span> <span class='ocrx_word' id='word_1_510' title='bbox 2033 3135 2243 3188; x_wconf 89' lang='lat' dir='ltr'><strong>veniam</strong></span> <span class='ocrx_word' id='word_1_511' title='bbox 2291 3143 2438 3203; x_wconf 90' lang='lat' dir='ltr'><strong>peto,</strong></span> <span class='ocrx_word' id='word_1_512' title='bbox 2473 3137 2573 3190; x_wconf 91' lang='lat' dir='ltr'><strong>etsi</strong></span> <span class='ocrx_word' id='word_1_513' title='bbox 2619 3136 2873 3191; x_wconf 90' lang='lat' dir='ltr'><strong>delictum</strong></span> <span class='ocrx_word' id='word_1_514' title='bbox 2915 3139 3098 3194; x_wconf 91' lang='lat' dir='ltr'><strong>nescio</strong></span> <span class='ocrx_word' id='word_1_515' title='bbox 3146 3157 3158 3191; x_wconf 90' lang='lat'><strong>:</strong></span> <span class='ocrx_word' id='word_1_516' title='bbox 3191 3155 3462 3209; x_wconf 88' lang='lat' dir='ltr'><strong>nunquam</strong></span> 
     </span>
    </p>
   </div>
   <div class='ocr_carea' id='block_1_63' title="bbox 190 3228 1765 3297">
    <p class='ocr_par' dir='ltr' id='par_1_63' title="bbox 190 3228 1765 3297">
     <span class='ocr_line' id='line_1_63' title="bbox 190 3228 1765 3297; baseline 0.004 -14"><span class='ocrx_word' id='word_1_517' title='bbox 190 3231 384 3284; x_wconf 81' lang='lat' dir='ltr'><strong>amari?</strong></span> <span class='ocrx_word' id='word_1_518' title='bbox 412 3228 550 3296; x_wconf 88' lang='lat' dir='ltr'><strong>Quid</strong></span> <span class='ocrx_word' id='word_1_519' title='bbox 579 3239 787 3285; x_wconf 89' lang='lat' dir='ltr'><strong>tantum</strong></span> <span class='ocrx_word' id='word_1_520' title='bbox 818 3233 943 3286; x_wconf 90' lang='lat' dir='ltr'><strong>mali</strong></span> <span class='ocrx_word' id='word_1_521' title='bbox 972 3234 1406 3297; x_wconf 90' lang='lat' dir='ltr'><strong>commeruimus,</strong></span> <span class='ocrx_word' id='word_1_522' title='bbox 1431 3235 1515 3289; x_wconf 85' lang='lat' dir='ltr'><strong>vel</strong></span> <span class='ocrx_word' id='word_1_523' title='bbox 1544 3234 1765 3290; x_wconf 78' lang='lat' dir='ltr'><strong>affectus</strong></span> 
     </span>
    </p>
   </div>
   <div class='ocr_carea' id='block_1_64' title="bbox 185 3320 1768 3388">
    <p class='ocr_par' dir='ltr' id='par_1_64' title="bbox 185 3320 1768 3388">
     <span class='ocr_line' id='line_1_64' title="bbox 185 3320 1768 3388; baseline 0.006 -15"><span class='ocrx_word' id='word_1_524' title='bbox 185 3320 529 3383; x_wconf 86' lang='lat' dir='ltr'><strong>dilectissimi,</strong></span> <span class='ocrx_word' id='word_1_525' title='bbox 561 3321 648 3375; x_wconf 85' lang='lat' dir='ltr'><strong>vel</strong></span> <span class='ocrx_word' id='word_1_526' title='bbox 685 3321 887 3376; x_wconf 90' lang='lat' dir='ltr'><strong>domini</strong></span> <span class='ocrx_word' id='word_1_527' title='bbox 935 3325 1370 3388; x_wconf 87' lang='lat' dir='ltr'><strong>reverentissimi,</strong></span> <span class='ocrx_word' id='word_1_528' title='bbox 1407 3333 1461 3378; x_wconf 91' lang='lat' dir='ltr'><strong>ut</strong></span> <span class='ocrx_word' id='word_1_529' title='bbox 1492 3327 1646 3381; x_wconf 87' lang='lat' dir='ltr'><strong>nobis</strong></span> <span class='ocrx_word' id='word_1_530' title='bbox 1668 3343 1768 3382; x_wconf 91' lang='lat' dir='ltr'><strong>nec</strong></span> 
     </span>
    </p>
   </div>
   <div class='ocr_carea' id='block_1_65' title="bbox 191 3408 1767 3482">
    <p class='ocr_par' dir='ltr' id='par_1_65' title="bbox 191 3408 1767 3482">
     <span class='ocr_line' id='line_1_65' title="bbox 191 3408 1767 3482; baseline 0.006 -21"><span class='ocrx_word' id='word_1_531' title='bbox 191 3415 432 3478; x_wconf 83' lang='lat' dir='ltr'><strong>tanquam</strong></span> <span class='ocrx_word' id='word_1_532' title='bbox 464 3408 586 3463; x_wconf 86' lang='lat' dir='ltr'><strong>filiis</strong></span> <span class='ocrx_word' id='word_1_533' title='bbox 614 3409 868 3465; x_wconf 89' lang='lat' dir='ltr'><strong>reddatur</strong></span> <span class='ocrx_word' id='word_1_534' title='bbox 896 3413 1097 3480; x_wconf 87' lang='lat' dir='ltr'><strong>gratia,</strong></span> <span class='ocrx_word' id='word_1_535' title='bbox 1133 3429 1232 3468; x_wconf 90' lang='lat' dir='ltr'><strong>nec</strong></span> <span class='ocrx_word' id='word_1_536' title='bbox 1272 3423 1525 3482; x_wconf 88' lang='lat' dir='ltr'><strong>tanquam</strong></span> <span class='ocrx_word' id='word_1_537' title='bbox 1557 3415 1767 3471; x_wconf 88' lang='lat' dir='ltr'><strong>famulis</strong></span> 
     </span>
    </p>
   </div>
   <div class='ocr_carea' id='block_1_66' title="bbox 187 3498 1766 3569">
    <p class='ocr_par' dir='ltr' id='par_1_66' title="bbox 187 3498 1766 3569">
     <span class='ocr_line' id='line_1_66' title="bbox 187 3498 1766 3569; baseline 0.006 -18"><span class='ocrx_word' id='word_1_538' title='bbox 187 3501 482 3552; x_wconf 79' lang='lat' dir='ltr'><strong>remittatur</strong></span> <span class='ocrx_word' id='word_1_539' title='bbox 511 3498 750 3553; x_wconf 67' lang='lat' dir='ltr'><strong>offensa?</strong></span> <span class='ocrx_word' id='word_1_540' title='bbox 776 3500 1047 3569; x_wconf 88' lang='lat' dir='ltr'><strong>Septimus</strong></span> <span class='ocrx_word' id='word_1_541' title='bbox 1066 3501 1176 3569; x_wconf 90' lang='lat' dir='ltr'><strong>jam</strong></span> <span class='ocrx_word' id='word_1_542' title='bbox 1209 3503 1374 3557; x_wconf 90' lang='lat' dir='ltr'><strong>ferme</strong></span> <span class='ocrx_word' id='word_1_543' title='bbox 1398 3520 1568 3558; x_wconf 90' lang='lat' dir='ltr'><strong>annus</strong></span> <span class='ocrx_word' id='word_1_544' title='bbox 1598 3513 1680 3560; x_wconf 92' lang='lat' dir='ltr'><strong>est</strong></span> <span class='ocrx_word' id='word_1_545' title='bbox 1700 3522 1766 3560; x_wconf 82' lang='lat' dir='ltr'><strong>ex</strong></span> 
     </span>
    </p>
   </div>
   <div class='ocr_carea' id='block_1_67' title="bbox 186 3589 1766 3665">
    <p class='ocr_par' dir='ltr' id='par_1_67' title="bbox 186 3589 1766 3665">
     <span class='ocr_line' id='line_1_67' title="bbox 186 3589 1766 3665; baseline 0.005 -23"><span class='ocrx_word' id='word_1_546' title='bbox 186 3603 284 3655; x_wconf 86' lang='lat' dir='ltr'><strong>quo</strong></span> <span class='ocrx_word' id='word_1_547' title='bbox 315 3590 457 3643; x_wconf 90' lang='lat' dir='ltr'><strong>nulla</strong></span> <span class='ocrx_word' id='word_1_548' title='bbox 489 3589 554 3642; x_wconf 91' lang='lat' dir='ltr'><strong>ad</strong></span> <span class='ocrx_word' id='word_1_549' title='bbox 587 3606 685 3644; x_wconf 92' lang='lat' dir='ltr'><strong>nos</strong></span> <span class='ocrx_word' id='word_1_550' title='bbox 715 3600 822 3644; x_wconf 88' lang='lat' dir='ltr'><strong>tam</strong></span> <span class='ocrx_word' id='word_1_551' title='bbox 865 3592 1021 3660; x_wconf 86' lang='lat' dir='ltr'><strong>longe</strong></span> <span class='ocrx_word' id='word_1_552' title='bbox 1048 3609 1076 3645; x_wconf 93' lang='lat' dir='ltr'><strong>a</strong></span> <span class='ocrx_word' id='word_1_553' title='bbox 1107 3595 1260 3648; x_wconf 90' lang='lat' dir='ltr'><strong>vobis</strong></span> <span class='ocrx_word' id='word_1_554' title='bbox 1278 3595 1412 3648; x_wconf 90' lang='lat' dir='ltr'><strong>sitos</strong></span> <span class='ocrx_word' id='word_1_555' title='bbox 1434 3596 1631 3665; x_wconf 89' lang='lat' dir='ltr'><strong>scripta</strong></span> <span class='ocrx_word' id='word_1_556' title='bbox 1664 3598 1766 3651; x_wconf 90' lang='lat' dir='ltr'><strong>mi-</strong></span> 
     </span>
    </p>
   </div>
   <div class='ocr_carea' id='block_1_68' title="bbox 187 3683 1767 3756">
    <p class='ocr_par' dir='ltr' id='par_1_68' title="bbox 187 3683 1767 3756">
     <span class='ocr_line' id='line_1_68' title="bbox 187 3683 1767 3756; baseline 0.006 -22"><span class='ocrx_word' id='word_1_557' title='bbox 187 3683 338 3737; x_wconf 89' lang='lat' dir='ltr'><strong>sistis.</strong></span> <span class='ocrx_word' id='word_1_558' title='bbox 370 3683 540 3736; x_wconf 86' lang='lat' dir='ltr'><strong>Nullis</strong></span> <span class='ocrx_word' id='word_1_559' title='bbox 569 3699 706 3752; x_wconf 90' lang='lat' dir='ltr'><strong>pene</strong></span> <span class='ocrx_word' id='word_1_560' title='bbox 737 3685 790 3738; x_wconf 93' lang='lat' dir='ltr'><strong>in</strong></span> <span class='ocrx_word' id='word_1_561' title='bbox 821 3685 988 3739; x_wconf 91' lang='lat' dir='ltr'><strong>Deum</strong></span> <span class='ocrx_word' id='word_1_562' title='bbox 1031 3686 1465 3756; x_wconf 86' lang='lat' dir='ltr'><strong>delinquentibus</strong></span> <span class='ocrx_word' id='word_1_563' title='bbox 1507 3698 1613 3743; x_wconf 91' lang='lat' dir='ltr'><strong>tam</strong></span> <span class='ocrx_word' id='word_1_564' title='bbox 1647 3692 1767 3744; x_wconf 91' lang='lat' dir='ltr'><strong>lon-</strong></span> 
     </span>
    </p>
   </div>
   <div class='ocr_carea' id='block_1_69' title="bbox 185 3774 1766 3848">
    <p class='ocr_par' dir='ltr' id='par_1_69' title="bbox 185 3774 1766 3848">
     <span class='ocr_line' id='line_1_69' title="bbox 185 3774 1766 3848; baseline 0.006 -21"><span class='ocrx_word' id='word_1_565' title='bbox 185 3786 302 3840; x_wconf 81' lang='lat' dir='ltr'><strong>gum</strong></span> <span class='ocrx_word' id='word_1_566' title='bbox 351 3774 566 3842; x_wconf 77' lang='lat' dir='ltr'><strong>lugendi</strong></span> <span class='ocrx_word' id='word_1_567' title='bbox 623 3783 836 3844; x_wconf 91' lang='lat' dir='ltr'><strong>tempus</strong></span> <span class='ocrx_word' id='word_1_568' title='bbox 881 3777 1196 3848; x_wconf 88' lang='lat' dir='ltr'><strong>imponitur,</strong></span> <span class='ocrx_word' id='word_1_569' title='bbox 1251 3780 1425 3833; x_wconf 91' lang='lat' dir='ltr'><strong>nullos</strong></span> <span class='ocrx_word' id='word_1_570' title='bbox 1474 3779 1766 3836; x_wconf 91' lang='lat' dir='ltr'><strong>admodum</strong></span> 
     </span>
    </p>
   </div>
   <div class='ocr_carea' id='block_1_70' title="bbox 183 3867 1767 3938">
    <p class='ocr_par' dir='ltr' id='par_1_70' title="bbox 183 3867 1767 3938">
     <span class='ocr_line' id='line_1_70' title="bbox 183 3867 1767 3938; baseline 0.006 -21"><span class='ocrx_word' id='word_1_571' title='bbox 183 3867 533 3921; x_wconf 79' lang='lat' dir='ltr'><strong>maximorum</strong></span> <span class='ocrx_word' id='word_1_572' title='bbox 566 3867 966 3921; x_wconf 89' lang='lat' dir='ltr'><strong>criminum.....</strong></span> <span class='ocrx_word' id='word_1_573' title='bbox 999 3875 1057 3922; x_wconf 91' lang='lat' dir='ltr'><strong>ut</strong></span> <span class='ocrx_word' id='word_1_574' title='bbox 1106 3870 1224 3938; x_wconf 90' lang='lat' dir='ltr'><strong>plus</strong></span> <span class='ocrx_word' id='word_1_575' title='bbox 1269 3879 1440 3934; x_wconf 88' lang='lat' dir='ltr'><strong>amet,</strong></span> <span class='ocrx_word' id='word_1_576' title='bbox 1474 3873 1679 3929; x_wconf 91' lang='lat' dir='ltr'><strong>scilicet</strong></span> <span class='ocrx_word' id='word_1_577' title='bbox 1708 3882 1767 3927; x_wconf 87' lang='lat' dir='ltr'><strong>ut</strong></span> 
     </span>
    </p>
   </div>
   <div class='ocr_carea' id='block_1_71' title="bbox 182 3961 1764 4038">
    <p class='ocr_par' dir='ltr' id='par_1_71' title="bbox 182 3961 1764 4038">
     <span class='ocr_line' id='line_1_71' title="bbox 182 3961 1764 4038; baseline 0.007 -27"><span class='ocrx_word' id='word_1_578' title='bbox 182 3961 344 4026; x_wconf 85' lang='lat' dir='ltr'><strong>patris</strong></span> <span class='ocrx_word' id='word_1_579' title='bbox 372 3972 552 4017; x_wconf 91' lang='lat' dir='ltr'><strong>motus</strong></span> <span class='ocrx_word' id='word_1_580' title='bbox 602 3979 707 4016; x_wconf 92' lang='lat' dir='ltr'><strong>non</strong></span> <span class='ocrx_word' id='word_1_581' title='bbox 755 3963 1075 4018; x_wconf 91' lang='lat' dir='ltr'><strong>detrimenta</strong></span> <span class='ocrx_word' id='word_1_582' title='bbox 1118 3966 1316 4019; x_wconf 91' lang='lat' dir='ltr'><strong>amoris</strong></span> <span class='ocrx_word' id='word_1_583' title='bbox 1350 3967 1474 4028; x_wconf 90' lang='lat' dir='ltr'><strong>sint,</strong></span> <span class='ocrx_word' id='word_1_584' title='bbox 1517 3967 1610 4021; x_wconf 90' lang='lat' dir='ltr'><strong>sed</strong></span> <span class='ocrx_word' id='word_1_585' title='bbox 1640 3984 1764 4038; x_wconf 87' lang='lat' dir='ltr'><strong>pro-</strong></span> 
     </span>
    </p>
   </div>
   <div class='ocr_carea' id='block_1_72' title="bbox 182 4049 1763 4122">
    <p class='ocr_par' dir='ltr' id='par_1_72' title="bbox 182 4049 1763 4122">
     <span class='ocr_line' id='line_1_72' title="bbox 182 4049 1763 4122; baseline 0.006 -20"><span class='ocrx_word' id='word_1_586' title='bbox 182 4049 373 4116; x_wconf 86' lang='lat' dir='ltr'><strong>fectus;</strong></span> <span class='ocrx_word' id='word_1_587' title='bbox 404 4069 525 4107; x_wconf 90' lang='lat' dir='ltr'><strong>cum</strong></span> <span class='ocrx_word' id='word_1_588' title='bbox 548 4062 808 4122; x_wconf 91' lang='lat' dir='ltr'><strong>quantum</strong></span> <span class='ocrx_word' id='word_1_589' title='bbox 839 4055 1096 4109; x_wconf 90' lang='lat' dir='ltr'><strong>coercitio</strong></span> <span class='ocrx_word' id='word_1_590' title='bbox 1134 4056 1373 4110; x_wconf 88' lang='lat' dir='ltr'><strong>attulerit</strong></span> <span class='ocrx_word' id='word_1_591' title='bbox 1401 4058 1558 4111; x_wconf 89' lang='lat' dir='ltr'><strong>unius</strong></span> <span class='ocrx_word' id='word_1_592' title='bbox 1582 4073 1763 4112; x_wconf 77' lang='lat' dir='ltr'><strong>corre-</strong></span> 
     </span>
    </p>
   </div>
   <div class='ocr_carea' id='block_1_73' title="bbox 182 4142 1758 4207">
    <p class='ocr_par' dir='ltr' id='par_1_73' title="bbox 182 4142 1758 4207">
     <span class='ocr_line' id='line_1_73' title="bbox 182 4142 1758 4207; baseline 0.006 -15"><span class='ocrx_word' id='word_1_593' title='bbox 182 4142 361 4207; x_wconf 88' lang='lat' dir='ltr'><strong>ctioni,</strong></span> <span class='ocrx_word' id='word_1_594' title='bbox 413 4151 620 4197; x_wconf 88' lang='lat' dir='ltr'><strong>tantum</strong></span> <span class='ocrx_word' id='word_1_595' title='bbox 669 4145 936 4199; x_wconf 89' lang='lat' dir='ltr'><strong>correctio</strong></span> <span class='ocrx_word' id='word_1_596' title='bbox 991 4145 1179 4199; x_wconf 90' lang='lat' dir='ltr'><strong>reddat</strong></span> <span class='ocrx_word' id='word_1_597' title='bbox 1233 4155 1431 4200; x_wconf 81' lang='lat' dir='ltr'><strong>mutuae</strong></span> <span class='ocrx_word' id='word_1_598' title='bbox 1494 4148 1758 4202; x_wconf 88' lang='lat' dir='ltr'><strong>charitati.</strong></span> 
     </span>
    </p>
   </div>
   <div class='ocr_carea' id='block_1_74' title="bbox 152 4229 1760 4314">
    <p class='ocr_par' dir='ltr' id='par_1_74' title="bbox 152 4229 1760 4314">
     <span class='ocr_line' id='line_1_74' title="bbox 152 4229 1760 4314; baseline 0.005 -31"><span class='ocrx_word' id='word_1_599' title='bbox 152 4229 490 4314; x_wconf 44' lang='lat' dir='ltr'><strong>‘Quanquam</strong></span> <span class='ocrx_word' id='word_1_600' title='bbox 512 4234 617 4288; x_wconf 90' lang='lat' dir='ltr'><strong>hoc</strong></span> <span class='ocrx_word' id='word_1_601' title='bbox 638 4235 759 4288; x_wconf 90' lang='lat' dir='ltr'><strong>illos</strong></span> <span class='ocrx_word' id='word_1_602' title='bbox 788 4236 957 4302; x_wconf 77' lang='lat' dir='ltr'><strong>magis</strong></span> <span class='ocrx_word' id='word_1_603' title='bbox 978 4245 1229 4304; x_wconf 88' lang='lat' dir='ltr'><strong>parentes</strong></span> <span class='ocrx_word' id='word_1_604' title='bbox 1258 4235 1435 4290; x_wconf 90' lang='lat' dir='ltr'><strong>facere</strong></span> <span class='ocrx_word' id='word_1_605' title='bbox 1459 4239 1760 4302; x_wconf 83' lang='lat' dir='ltr'><strong>conveniat,</strong></span> 
     </span>
    </p>
   </div>
   <div class='ocr_carea' id='block_1_75' title="bbox 182 4322 1767 4392">
    <p class='ocr_par' dir='ltr' id='par_1_75' title="bbox 182 4322 1767 4392">
     <span class='ocr_line' id='line_1_75' title="bbox 182 4322 1767 4392; baseline 0.005 -19"><span class='ocrx_word' id='word_1_606' title='bbox 182 4323 267 4388; x_wconf 91' lang='lat' dir='ltr'><strong>qui</strong></span> <span class='ocrx_word' id='word_1_607' title='bbox 295 4322 359 4376; x_wconf 91' lang='lat' dir='ltr'><strong>de</strong></span> <span class='ocrx_word' id='word_1_608' title='bbox 387 4325 662 4378; x_wconf 90' lang='lat' dir='ltr'><strong>nonnullis</strong></span> <span class='ocrx_word' id='word_1_609' title='bbox 687 4325 915 4392; x_wconf 84' lang='lat' dir='ltr'><strong>negotiis</strong></span> <span class='ocrx_word' id='word_1_610' title='bbox 947 4341 1100 4380; x_wconf 89' lang='lat' dir='ltr'><strong>veras</strong></span> <span class='ocrx_word' id='word_1_611' title='bbox 1138 4327 1399 4380; x_wconf 89' lang='lat' dir='ltr'><strong>irascendi</strong></span> <span class='ocrx_word' id='word_1_612' title='bbox 1432 4326 1551 4381; x_wconf 84' lang='lat' dir='ltr'><strong>filiis</strong></span> <span class='ocrx_word' id='word_1_613' title='bbox 1578 4343 1767 4382; x_wconf 84' lang='lat' dir='ltr'><strong>causas</strong></span> 
     </span>
    </p>
   </div>
   <div class='ocr_carea' id='block_1_76' title="bbox 182 4411 1766 4488">
    <p class='ocr_par' dir='ltr' id='par_1_76' title="bbox 182 4411 1766 4488">
     <span class='ocr_line' id='line_1_76' title="bbox 182 4411 1766 4488; baseline 0.006 -24"><span class='ocrx_word' id='word_1_614' title='bbox 182 4411 392 4466; x_wconf 87' lang='lat' dir='ltr'><strong>habent.</strong></span> <span class='ocrx_word' id='word_1_615' title='bbox 426 4412 505 4467; x_wconf 87' lang='lat' dir='ltr'><strong>Tu</strong></span> <span class='ocrx_word' id='word_1_616' title='bbox 535 4422 714 4468; x_wconf 91' lang='lat' dir='ltr'><strong>autem</strong></span> <span class='ocrx_word' id='word_1_617' title='bbox 743 4415 872 4483; x_wconf 90' lang='lat' dir='ltr'><strong>quid</strong></span> <span class='ocrx_word' id='word_1_618' title='bbox 893 4431 1202 4482; x_wconf 89' lang='lat' dir='ltr'><strong>succenses,</strong></span> <span class='ocrx_word' id='word_1_619' title='bbox 1236 4419 1327 4486; x_wconf 88' lang='lat' dir='ltr'><strong>qui</strong></span> <span class='ocrx_word' id='word_1_620' title='bbox 1356 4435 1423 4472; x_wconf 79' lang='lat' dir='ltr'><strong>ex</strong></span> <span class='ocrx_word' id='word_1_621' title='bbox 1458 4435 1566 4488; x_wconf 91' lang='lat' dir='ltr'><strong>quo</strong></span> <span class='ocrx_word' id='word_1_622' title='bbox 1609 4421 1766 4476; x_wconf 90' lang='lat' dir='ltr'><strong>Chri-</strong></span> 
     </span>
    </p>
   </div>
   <div class='ocr_carea' id='block_1_77' title="bbox 1868 3224 3460 3294">
    <p class='ocr_par' dir='ltr' id='par_1_77' title="bbox 1868 3224 3460 3294">
     <span class='ocr_line' id='line_1_77' title="bbox 1868 3224 3460 3294; baseline 0.005 -18"><span class='ocrx_word' id='word_1_623' title='bbox 1868 3238 1986 3287; x_wconf 91' lang='lat' dir='ltr'><strong>vos,</strong></span> <span class='ocrx_word' id='word_1_624' title='bbox 2017 3230 2078 3278; x_wconf 88' lang='lat' dir='ltr'><strong>ut</strong></span> <span class='ocrx_word' id='word_1_625' title='bbox 2122 3224 2223 3294; x_wconf 90' lang='lat' dir='ltr'><strong>ipsi</strong></span> <span class='ocrx_word' id='word_1_626' title='bbox 2253 3226 2418 3290; x_wconf 91' lang='lat' dir='ltr'><strong>scitis,</strong></span> <span class='ocrx_word' id='word_1_627' title='bbox 2453 3226 2850 3282; x_wconf 88' lang='lat' dir='ltr'><strong>inolliciositate</strong></span> <span class='ocrx_word' id='word_1_628' title='bbox 2880 3237 2972 3281; x_wconf 90' lang='lat' dir='ltr'><strong>aut</strong></span> <span class='ocrx_word' id='word_1_629' title='bbox 2999 3232 3337 3285; x_wconf 89' lang='lat' dir='ltr'><strong>contumacia</strong></span> <span class='ocrx_word' id='word_1_630' title='bbox 3377 3230 3460 3286; x_wconf 90' lang='lat' dir='ltr'><strong>of-</strong></span> 
     </span>
    </p>
   </div>
   <div class='ocr_carea' id='block_1_78' title="bbox 1869 3319 3462 3393">
    <p class='ocr_par' dir='ltr' id='par_1_78' title="bbox 1869 3319 3462 3393">
     <span class='ocr_line' id='line_1_78' title="bbox 1869 3319 3462 3393; baseline 0.003 -20"><span class='ocrx_word' id='word_1_631' title='bbox 1869 3319 2033 3383; x_wconf 89' lang='lat' dir='ltr'><strong>fendi,</strong></span> <span class='ocrx_word' id='word_1_632' title='bbox 2066 3336 2336 3390; x_wconf 91' lang='lat' dir='ltr'><strong>nunquam</strong></span> <span class='ocrx_word' id='word_1_633' title='bbox 2368 3323 2531 3377; x_wconf 89' lang='lat' dir='ltr'><strong>verbo</strong></span> <span class='ocrx_word' id='word_1_634' title='bbox 2557 3324 2832 3392; x_wconf 83' lang='lat' dir='ltr'><strong>aSperiore</strong></span> <span class='ocrx_word' id='word_1_635' title='bbox 2869 3324 3001 3390; x_wconf 69' lang='lat' dir='ltr'><strong>iazsi,</strong></span> <span class='ocrx_word' id='word_1_636' title='bbox 3053 3339 3327 3393; x_wconf 89' lang='lat' dir='ltr'><strong>nunquam</strong></span> <span class='ocrx_word' id='word_1_637' title='bbox 3356 3326 3462 3380; x_wconf 64' lang='lat' dir='ltr'><strong>vui.</strong></span> 
     </span>
    </p>
   </div>
   <div class='ocr_carea' id='block_1_79' title="bbox 1869 3415 3454 3484">
    <p class='ocr_par' dir='ltr' id='par_1_79' title="bbox 1869 3415 3454 3484">
     <span class='ocr_line' id='line_1_79' title="bbox 1869 3415 3454 3484; baseline 0.003 -18"><span class='ocrx_word' id='word_1_638' title='bbox 1869 3421 1924 3467; x_wconf 92' lang='lat' dir='ltr'><strong>tu</strong></span> <span class='ocrx_word' id='word_1_639' title='bbox 1954 3415 2288 3484; x_wconf 89' lang='lat' dir='ltr'><strong>proterviore</strong></span> <span class='ocrx_word' id='word_1_640' title='bbox 2317 3415 2514 3468; x_wconf 87' lang='lat' dir='ltr'><strong>violavi</strong></span> <span class='ocrx_word' id='word_1_641' title='bbox 2560 3433 2572 3466; x_wconf 88' lang='lat'>:</span> <span class='ocrx_word' id='word_1_642' title='bbox 2606 3431 2636 3468; x_wconf 91' lang='lat' dir='ltr'><strong>a</strong></span> <span class='ocrx_word' id='word_1_643' title='bbox 2685 3417 2838 3470; x_wconf 87' lang='lat' dir='ltr'><strong>vobis</strong></span> <span class='ocrx_word' id='word_1_644' title='bbox 2880 3432 2996 3470; x_wconf 88' lang='lat' dir='ltr'><strong>sum</strong></span> <span class='ocrx_word' id='word_1_645' title='bbox 3027 3418 3142 3472; x_wconf 89' lang='lat' dir='ltr'><strong>viro</strong></span> <span class='ocrx_word' id='word_1_646' title='bbox 3173 3417 3388 3480; x_wconf 89' lang='lat' dir='ltr'><strong>tradita,</strong></span> <span class='ocrx_word' id='word_1_647' title='bbox 3424 3434 3454 3470; x_wconf 89' lang='lat' dir='ltr'><strong>a</strong></span> 
     </span>
    </p>
   </div>
   <div class='ocr_carea' id='block_1_80' title="bbox 1870 3503 3457 3575">
    <p class='ocr_par' dir='ltr' id='par_1_80' title="bbox 1870 3503 3457 3575">
     <span class='ocr_line' id='line_1_80' title="bbox 1870 3503 3457 3575; baseline 0.003 -18"><span class='ocrx_word' id='word_1_648' title='bbox 1870 3505 2024 3560; x_wconf 87' lang='lat' dir='ltr'><strong>vobis</strong></span> <span class='ocrx_word' id='word_1_649' title='bbox 2060 3507 2215 3575; x_wconf 80' lang='lat'><strong>190</strong></span> <span class='ocrx_word' id='word_1_650' title='bbox 2262 3503 2476 3571; x_wconf 81' lang='lat' dir='ltr'><strong>conjugi</strong></span> <span class='ocrx_word' id='word_1_651' title='bbox 2533 3505 2860 3574; x_wconf 89' lang='lat' dir='ltr'><strong>mancipata.</strong></span> <span class='ocrx_word' id='word_1_652' title='bbox 2912 3505 3115 3572; x_wconf 87' lang='lat' dir='ltr'><strong>Teneo,</strong></span> <span class='ocrx_word' id='word_1_653' title='bbox 3174 3507 3228 3560; x_wconf 94' lang='lat' dir='ltr'><strong>ni</strong></span> <span class='ocrx_word' id='word_1_654' title='bbox 3285 3506 3457 3569; x_wconf 86' lang='lat' dir='ltr'><strong>fallor,</strong></span> 
     </span>
    </p>
   </div>
   <div class='ocr_carea' id='block_1_81' title="bbox 1868 3596 3462 3668">
    <p class='ocr_par' dir='ltr' id='par_1_81' title="bbox 1868 3596 3462 3668">
     <span class='ocr_line' id='line_1_81' title="bbox 1868 3596 3462 3668; baseline 0.001 -17"><span class='ocrx_word' id='word_1_655' title='bbox 1868 3597 2122 3652; x_wconf 90' lang='lat' dir='ltr'><strong>mandata</strong></span> <span class='ocrx_word' id='word_1_656' title='bbox 2151 3603 2330 3651; x_wconf 88' lang='lat' dir='ltr'><strong>vestra</strong></span> <span class='ocrx_word' id='word_1_657' title='bbox 2365 3613 2376 3648; x_wconf 87' lang='lat'>:</span> <span class='ocrx_word' id='word_1_658' title='bbox 2419 3596 2586 3650; x_wconf 71' lang='lat' dir='ltr'><strong>haeret</strong></span> <span class='ocrx_word' id='word_1_659' title='bbox 2614 3597 2860 3651; x_wconf 91' lang='lat' dir='ltr'><strong>sensibus</strong></span> <span class='ocrx_word' id='word_1_660' title='bbox 2908 3598 3042 3651; x_wconf 89' lang='lat' dir='ltr'><strong>meis</strong></span> <span class='ocrx_word' id='word_1_661' title='bbox 3071 3607 3314 3652; x_wconf 90' lang='lat' dir='ltr'><strong>sanctum</strong></span> <span class='ocrx_word' id='word_1_662' title='bbox 3362 3600 3462 3668; x_wconf 75' lang='lat' dir='ltr'><strong>pia:</strong></span> 
     </span>
    </p>
   </div>
   <div class='ocr_carea' id='block_1_82' title="bbox 1870 3687 3462 3759">
    <p class='ocr_par' dir='ltr' id='par_1_82' title="bbox 1870 3687 3462 3759">
     <span class='ocr_line' id='line_1_82' title="bbox 1870 3687 3462 3759; baseline 0.001 -16"><span class='ocrx_word' id='word_1_663' title='bbox 1870 3688 2248 3759; x_wconf 69' lang='lat' dir='ltr'><strong>prmceptionis</strong></span> <span class='ocrx_word' id='word_1_664' title='bbox 2270 3703 2524 3742; x_wconf 90' lang='lat' dir='ltr'><strong>arcanum</strong></span> <span class='ocrx_word' id='word_1_665' title='bbox 2559 3705 2570 3738; x_wconf 95' lang='lat'>:</span> <span class='ocrx_word' id='word_1_666' title='bbox 2596 3687 2922 3754; x_wconf 87' lang='lat' dir='ltr'><strong>morigeram</strong></span> <span class='ocrx_word' id='word_1_667' title='bbox 2941 3701 3047 3753; x_wconf 88' lang='lat' dir='ltr'><strong>me,</strong></span> <span class='ocrx_word' id='word_1_668' title='bbox 3079 3697 3137 3742; x_wconf 92' lang='lat' dir='ltr'><strong>ut</strong></span> <span class='ocrx_word' id='word_1_669' title='bbox 3161 3697 3310 3757; x_wconf 88' lang='lat' dir='ltr'><strong>puto,</strong></span> <span class='ocrx_word' id='word_1_670' title='bbox 3336 3698 3462 3744; x_wconf 87' lang='lat' dir='ltr'><strong>ante</strong></span> 
     </span>
    </p>
   </div>
   <div class='ocr_carea' id='block_1_83' title="bbox 1869 3778 3461 3847">
    <p class='ocr_par' dir='ltr' id='par_1_83' title="bbox 1869 3778 3461 3847">
     <span class='ocr_line' id='line_1_83' title="bbox 1869 3778 3461 3847; baseline 0 -12"><span class='ocrx_word' id='word_1_671' title='bbox 1869 3781 2049 3836; x_wconf 90' lang='lat' dir='ltr'><strong>omnia</strong></span> <span class='ocrx_word' id='word_1_672' title='bbox 2077 3781 2193 3834; x_wconf 91' lang='lat' dir='ltr'><strong>viro</strong></span> <span class='ocrx_word' id='word_1_673' title='bbox 2216 3794 2335 3834; x_wconf 89' lang='lat' dir='ltr'><strong>esse</strong></span> <span class='ocrx_word' id='word_1_674' title='bbox 2370 3778 2604 3847; x_wconf 88' lang='lat' dir='ltr'><strong>jussistis</strong></span> <span class='ocrx_word' id='word_1_675' title='bbox 2637 3795 2648 3830; x_wconf 92' lang='lat'><strong>:</strong></span> <span class='ocrx_word' id='word_1_676' title='bbox 2682 3787 2874 3834; x_wconf 84' lang='lat' dir='ltr'><strong>vestrae</strong></span> <span class='ocrx_word' id='word_1_677' title='bbox 2919 3781 3180 3835; x_wconf 88' lang='lat' dir='ltr'><strong>voluntati</strong></span> <span class='ocrx_word' id='word_1_678' title='bbox 3207 3782 3461 3837; x_wconf 85' lang='lat' dir='ltr'><strong>obsecuta</strong></span> 
     </span>
    </p>
   </div>
   <div class='ocr_carea' id='block_1_84' title="bbox 1869 3869 3462 3940">
    <p class='ocr_par' dir='ltr' id='par_1_84' title="bbox 1869 3869 3462 3940">
     <span class='ocr_line' id='line_1_84' title="bbox 1869 3869 3462 3940; baseline 0.001 -15"><span class='ocrx_word' id='word_1_679' title='bbox 1869 3886 2008 3935; x_wconf 90' lang='lat' dir='ltr'><strong>sum,</strong></span> <span class='ocrx_word' id='word_1_680' title='bbox 2056 3878 2250 3924; x_wconf 72' lang='lat' dir='ltr'><strong>vestrae</strong></span> <span class='ocrx_word' id='word_1_681' title='bbox 2273 3869 2502 3939; x_wconf 87' lang='lat' dir='ltr'><strong>jussioni</strong></span> <span class='ocrx_word' id='word_1_682' title='bbox 2529 3869 2895 3940; x_wconf 90' lang='lat' dir='ltr'><strong>obtemperavi</strong></span> <span class='ocrx_word' id='word_1_683' title='bbox 2939 3871 3059 3924; x_wconf 88' lang='lat' dir='ltr'><strong>:illi</strong></span> <span class='ocrx_word' id='word_1_684' title='bbox 3109 3871 3161 3925; x_wconf 93' lang='lat' dir='ltr'><strong>in</strong></span> <span class='ocrx_word' id='word_1_685' title='bbox 3216 3873 3462 3928; x_wconf 89' lang='lat' dir='ltr'><strong>omnibus</strong></span> 
     </span>
    </p>
   </div>
   <div class='ocr_carea' id='block_1_85' title="bbox 1868 3959 3462 4030">
    <p class='ocr_par' dir='ltr' id='par_1_85' title="bbox 1868 3959 3462 4030">
     <span class='ocr_line' id='line_1_85' title="bbox 1868 3959 3462 4030; baseline 0.001 -17"><span class='ocrx_word' id='word_1_686' title='bbox 1868 3959 2024 4030; x_wconf 88' lang='lat' dir='ltr'><strong>parui</strong></span> <span class='ocrx_word' id='word_1_687' title='bbox 2062 3959 2146 4014; x_wconf 92' lang='lat' dir='ltr'><strong>cui</strong></span> <span class='ocrx_word' id='word_1_688' title='bbox 2177 3975 2262 4013; x_wconf 91' lang='lat' dir='ltr'><strong>me</strong></span> <span class='ocrx_word' id='word_1_689' title='bbox 2289 3975 2480 4028; x_wconf 89' lang='lat' dir='ltr'><strong>parere</strong></span> <span class='ocrx_word' id='word_1_690' title='bbox 2508 3959 2771 4014; x_wconf 90' lang='lat' dir='ltr'><strong>voluistis.</strong></span> <span class='ocrx_word' id='word_1_691' title='bbox 2814 3959 3065 4014; x_wconf 85' lang='lat' dir='ltr'><strong>Invitavit</strong></span> <span class='ocrx_word' id='word_1_692' title='bbox 3103 3977 3190 4016; x_wconf 91' lang='lat' dir='ltr'><strong>me</strong></span> <span class='ocrx_word' id='word_1_693' title='bbox 3230 3961 3296 4016; x_wconf 90' lang='lat' dir='ltr'><strong>ad</strong></span> <span class='ocrx_word' id='word_1_694' title='bbox 3345 3963 3462 4016; x_wconf 84' lang='lat' dir='ltr'><strong>reli-</strong></span> 
     </span>
    </p>
   </div>
   <div class='ocr_carea' id='block_1_86' title="bbox 1869 4050 3460 4122">
    <p class='ocr_par' dir='ltr' id='par_1_86' title="bbox 1869 4050 3460 4122">
     <span class='ocr_line' id='line_1_86' title="bbox 1869 4050 3460 4122; baseline 0.001 -18"><span class='ocrx_word' id='word_1_695' title='bbox 1869 4051 2103 4118; x_wconf 89' lang='lat' dir='ltr'><strong>gionem,</strong></span> <span class='ocrx_word' id='word_1_696' title='bbox 2135 4050 2378 4104; x_wconf 87' lang='lat' dir='ltr'><strong>invitavit</strong></span> <span class='ocrx_word' id='word_1_697' title='bbox 2406 4051 2471 4104; x_wconf 89' lang='lat' dir='ltr'><strong>ad</strong></span> <span class='ocrx_word' id='word_1_698' title='bbox 2512 4051 2835 4104; x_wconf 90' lang='lat' dir='ltr'><strong>castitatem.</strong></span> <span class='ocrx_word' id='word_1_699' title='bbox 2867 4051 3001 4106; x_wconf 92' lang='lat' dir='ltr'><strong>Date</strong></span> <span class='ocrx_word' id='word_1_700' title='bbox 3027 4053 3238 4106; x_wconf 88' lang='lat' dir='ltr'><strong>veniam</strong></span> <span class='ocrx_word' id='word_1_701' title='bbox 3266 4071 3278 4105; x_wconf 91' lang='lat'>:</span> <span class='ocrx_word' id='word_1_702' title='bbox 3307 4059 3460 4122; x_wconf 88' lang='lat' dir='ltr'><strong>turpe</strong></span> 
     </span>
    </p>
   </div>
   <div class='ocr_carea' id='block_1_87' title="bbox 1869 4141 3459 4209">
    <p class='ocr_par' dir='ltr' id='par_1_87' title="bbox 1869 4141 3459 4209">
     <span class='ocr_line' id='line_1_87' title="bbox 1869 4141 3459 4209; baseline 0 -13"><span class='ocrx_word' id='word_1_703' title='bbox 1869 4141 2072 4196; x_wconf 90' lang='lat' dir='ltr'><strong>credidi</strong></span> <span class='ocrx_word' id='word_1_704' title='bbox 2098 4141 2346 4195; x_wconf 91' lang='lat' dir='ltr'><strong>reluctari</strong></span> <span class='ocrx_word' id='word_1_705' title='bbox 2373 4159 2384 4192; x_wconf 94' lang='lat'><strong>:</strong></span> <span class='ocrx_word' id='word_1_706' title='bbox 2410 4156 2496 4194; x_wconf 89' lang='lat' dir='ltr'><strong>res</strong></span> <span class='ocrx_word' id='word_1_707' title='bbox 2517 4141 2648 4193; x_wconf 90' lang='lat' dir='ltr'><strong>mihi</strong></span> <span class='ocrx_word' id='word_1_708' title='bbox 2671 4141 2992 4205; x_wconf 88' lang='lat' dir='ltr'><strong>verecunda,</strong></span> <span class='ocrx_word' id='word_1_709' title='bbox 3012 4157 3099 4195; x_wconf 90' lang='lat' dir='ltr'><strong>res</strong></span> <span class='ocrx_word' id='word_1_710' title='bbox 3120 4142 3341 4209; x_wconf 89' lang='lat' dir='ltr'><strong>pudens,</strong></span> <span class='ocrx_word' id='word_1_711' title='bbox 3372 4159 3459 4196; x_wconf 85' lang='lat' dir='ltr'><strong>res</strong></span> 
     </span>
    </p>
   </div>
   <div class='ocr_carea' id='block_1_88' title="bbox 1869 4232 3455 4299">
    <p class='ocr_par' dir='ltr' id='par_1_88' title="bbox 1869 4232 3455 4299">
     <span class='ocr_line' id='line_1_88' title="bbox 1869 4232 3455 4299; baseline -0.001 -9"><span class='ocrx_word' id='word_1_712' title='bbox 1869 4243 2053 4290; x_wconf 87' lang='lat' dir='ltr'><strong>sancta</strong></span> <span class='ocrx_word' id='word_1_713' title='bbox 2081 4235 2193 4289; x_wconf 89' lang='lat' dir='ltr'><strong>visa</strong></span> <span class='ocrx_word' id='word_1_714' title='bbox 2222 4242 2303 4288; x_wconf 91' lang='lat' dir='ltr'><strong>est</strong></span> <span class='ocrx_word' id='word_1_715' title='bbox 2337 4251 2349 4285; x_wconf 79' lang='grc' dir='ltr'>ε</span> <span class='ocrx_word' id='word_1_716' title='bbox 2382 4232 2572 4296; x_wconf 88' lang='lat' dir='ltr'><strong>fateor,</strong></span> <span class='ocrx_word' id='word_1_717' title='bbox 2604 4248 2724 4287; x_wconf 90' lang='lat' dir='ltr'><strong>cum</strong></span> <span class='ocrx_word' id='word_1_718' title='bbox 2773 4233 2839 4286; x_wconf 93' lang='lat' dir='ltr'><strong>de</strong></span> <span class='ocrx_word' id='word_1_719' title='bbox 2871 4233 2964 4285; x_wconf 88' lang='lat' dir='ltr'><strong>tali</strong></span> <span class='ocrx_word' id='word_1_720' title='bbox 2991 4233 3208 4299; x_wconf 84' lang='lat' dir='ltr'><strong>negotio</strong></span> <span class='ocrx_word' id='word_1_721' title='bbox 3248 4250 3455 4288; x_wconf 92' lang='lat' dir='ltr'><strong>mecum</strong></span> 
     </span>
    </p>
   </div>
   <div class='ocr_carea' id='block_1_89' title="bbox 1871 4321 3456 4395">
    <p class='ocr_par' dir='ltr' id='par_1_89' title="bbox 1871 4321 3456 4395">
     <span class='ocr_line' id='line_1_89' title="bbox 1871 4321 3456 4395; baseline -0.002 -16"><span class='ocrx_word' id='word_1_722' title='bbox 1871 4333 2074 4395; x_wconf 81' lang='lat' dir='ltr'><strong>ageret,</strong></span> <span class='ocrx_word' id='word_1_723' title='bbox 2125 4325 2310 4379; x_wconf 92' lang='lat' dir='ltr'><strong>erubui</strong></span> <span class='ocrx_word' id='word_1_724' title='bbox 2339 4323 2481 4392; x_wconf 90' lang='lat' dir='ltr'><strong>quod</strong></span> <span class='ocrx_word' id='word_1_725' title='bbox 2511 4337 2618 4375; x_wconf 92' lang='lat' dir='ltr'><strong>non</strong></span> <span class='ocrx_word' id='word_1_726' title='bbox 2648 4331 2772 4376; x_wconf 89' lang='lat' dir='ltr'><strong>ante</strong></span> <span class='ocrx_word' id='word_1_727' title='bbox 2801 4322 3104 4390; x_wconf 71' lang='lat' dir='ltr'><strong>coepissem.</strong></span> <span class='ocrx_word' id='word_1_728' title='bbox 3144 4321 3260 4376; x_wconf 86' lang='lat' dir='ltr'><strong>Huc</strong></span> <span class='ocrx_word' id='word_1_729' title='bbox 3287 4337 3456 4376; x_wconf 81' lang='lat' dir='ltr'><strong>acces-</strong></span> 
     </span>
    </p>
   </div>
   <div class='ocr_carea' id='block_1_90' title="bbox 1871 4409 3458 4472">
    <p class='ocr_par' dir='ltr' id='par_1_90' title="bbox 1871 4409 3458 4472">
     <span class='ocr_line' id='line_1_90' title="bbox 1871 4409 3458 4472; baseline -0.004 -1"><span class='ocrx_word' id='word_1_730' title='bbox 1871 4417 1940 4471; x_wconf 87' lang='lat' dir='ltr'><strong>sit</strong></span> <span class='ocrx_word' id='word_1_731' title='bbox 1968 4417 2130 4472; x_wconf 92' lang='lat' dir='ltr'><strong>etiam</strong></span> <span class='ocrx_word' id='word_1_732' title='bbox 2157 4415 2460 4470; x_wconf 89' lang='lat' dir='ltr'><strong>reverentia</strong></span> <span class='ocrx_word' id='word_1_733' title='bbox 2485 4411 2683 4467; x_wconf 89' lang='lat' dir='ltr'><strong>Christi</strong></span> <span class='ocrx_word' id='word_1_734' title='bbox 2723 4420 2779 4466; x_wconf 88' lang='lat' dir='ltr'><strong>et</strong></span> <span class='ocrx_word' id='word_1_735' title='bbox 2819 4409 3037 4465; x_wconf 68' lang='lat' dir='ltr'><strong>allectus</strong></span> <span class='ocrx_word' id='word_1_736' title='bbox 3071 4427 3088 4464; x_wconf 86' lang='lat'><strong>:</strong></span> <span class='ocrx_word' id='word_1_737' title='bbox 3119 4411 3346 4465; x_wconf 89' lang='lat' dir='ltr'><strong>honeste</strong></span> <span class='ocrx_word' id='word_1_738' title='bbox 3374 4427 3458 4465; x_wconf 86' lang='lat' dir='ltr'><strong>me</strong></span> 
     </span>
    </p>
   </div>
   <div class='ocr_carea' id='block_1_91' title="bbox 182 4501 3455 4578">
    <p class='ocr_par' dir='ltr' id='par_1_91' title="bbox 182 4501 3455 4578">
     <span class='ocr_line' id='line_1_91' title="bbox 182 4501 3455 4578; baseline 0 -25"><span class='ocrx_word' id='word_1_739' title='bbox 182 4501 378 4555; x_wconf 87' lang='lat' dir='ltr'><strong>stianus</strong></span> <span class='ocrx_word' id='word_1_740' title='bbox 407 4502 580 4558; x_wconf 88' lang='lat' dir='ltr'><strong>factus</strong></span> <span class='ocrx_word' id='word_1_741' title='bbox 628 4519 686 4559; x_wconf 91' lang='lat' dir='ltr'><strong>es</strong></span> <span class='ocrx_word' id='word_1_742' title='bbox 709 4546 723 4569; x_wconf 94' lang='lat'><strong>,</strong></span> <span class='ocrx_word' id='word_1_743' title='bbox 756 4507 918 4559; x_wconf 91' lang='lat' dir='ltr'><strong>etiam</strong></span> <span class='ocrx_word' id='word_1_744' title='bbox 949 4504 1108 4560; x_wconf 83' lang='lat' dir='ltr'><strong>falsas</strong></span> <span class='ocrx_word' id='word_1_745' title='bbox 1138 4507 1338 4562; x_wconf 90' lang='lat' dir='ltr'><strong>habere</strong></span> <span class='ocrx_word' id='word_1_746' title='bbox 1366 4509 1608 4565; x_wconf 87' lang='lat' dir='ltr'><strong>desiisti?</strong></span> <span class='ocrx_word' id='word_1_747' title='bbox 1631 4511 1759 4566; x_wconf 80' lang='lat' dir='ltr'><strong>Esto</strong></span> <span class='ocrx_word' id='word_1_748' title='bbox 1792 4507 1840 4566; x_wconf 82' lang='grc' dir='ltr'><strong>ἰ)</strong></span> <span class='ocrx_word' id='word_1_749' title='bbox 1866 4510 2042 4565; x_wconf 89' lang='lat' dir='ltr'><strong>facere</strong></span> <span class='ocrx_word' id='word_1_750' title='bbox 2070 4508 2272 4565; x_wconf 88' lang='lat' dir='ltr'><strong>credidi</strong></span> <span class='ocrx_word' id='word_1_751' title='bbox 2312 4506 2568 4578; x_wconf 90' lang='lat' dir='ltr'><strong>quidquid</strong></span> <span class='ocrx_word' id='word_1_752' title='bbox 2597 4505 2693 4559; x_wconf 92' lang='lat' dir='ltr'><strong>Dei</strong></span> <span class='ocrx_word' id='word_1_753' title='bbox 2724 4518 2910 4558; x_wconf 87' lang='lat' dir='ltr'><strong>amore</strong></span> <span class='ocrx_word' id='word_1_754' title='bbox 2941 4502 3205 4557; x_wconf 88' lang='lat' dir='ltr'><strong>fecissem.</strong></span> <span class='ocrx_word' id='word_1_755' title='bbox 3256 4501 3455 4555; x_wconf 84' lang='lat' dir='ltr'><strong>Advol-</strong></span> 
     </span>
    </p>
   </div>
   <div class='ocr_carea' id='block_1_92' title="bbox 181 4594 1764 4670">
    <p class='ocr_par' dir='ltr' id='par_1_92' title="bbox 181 4594 1764 4670">
     <span class='ocr_line' id='line_1_92' title="bbox 181 4594 1764 4670; baseline 0.009 -27"><span class='ocrx_word' id='word_1_756' title='bbox 181 4594 336 4656; x_wconf 90' lang='lat' dir='ltr'><strong>enim,</strong></span> <span class='ocrx_word' id='word_1_757' title='bbox 386 4596 884 4650; x_wconf 84' lang='lat' dir='ltr'><strong>conversiunculam</strong></span> <span class='ocrx_word' id='word_1_758' title='bbox 927 4604 1164 4651; x_wconf 90' lang='lat' dir='ltr'><strong>nostram</strong></span> <span class='ocrx_word' id='word_1_759' title='bbox 1218 4615 1459 4668; x_wconf 87' lang='lat' dir='ltr'><strong>paganus</strong></span> <span class='ocrx_word' id='word_1_760' title='bbox 1493 4603 1764 4670; x_wconf 91' lang='lat' dir='ltr'><strong>quondam</strong></span> 
     </span>
    </p>
   </div>
   <div class='ocr_carea' id='block_1_93' title="bbox 181 4686 1764 4758">
    <p class='ocr_par' dir='ltr' id='par_1_93' title="bbox 181 4686 1764 4758">
     <span class='ocr_line' id='line_1_93' title="bbox 181 4686 1764 4758; baseline 0.01 -24"><span class='ocrx_word' id='word_1_761' title='bbox 181 4698 283 4737; x_wconf 90' lang='lat' dir='ltr'><strong>non</strong></span> <span class='ocrx_word' id='word_1_762' title='bbox 325 4686 699 4754; x_wconf 67' lang='lat' dir='ltr'><strong>aequanimiter</strong></span> <span class='ocrx_word' id='word_1_763' title='bbox 742 4689 1032 4756; x_wconf 89' lang='lat' dir='ltr'><strong>acceperis.</strong></span> <span class='ocrx_word' id='word_1_764' title='bbox 1084 4688 1322 4743; x_wconf 90' lang='lat' dir='ltr'><strong>Ferenda</strong></span> <span class='ocrx_word' id='word_1_765' title='bbox 1358 4699 1485 4747; x_wconf 90' lang='lat' dir='ltr'><strong>tunc</strong></span> <span class='ocrx_word' id='word_1_766' title='bbox 1534 4693 1662 4758; x_wconf 90' lang='lat' dir='ltr'><strong>fuit,</strong></span> <span class='ocrx_word' id='word_1_767' title='bbox 1695 4711 1764 4750; x_wconf 79' lang='lat' dir='ltr'><strong>ex</strong></span> 
     </span>
    </p>
   </div>
   <div class='ocr_carea' id='block_1_94' title="bbox 181 4774 1762 4852">
    <p class='ocr_par' dir='ltr' id='par_1_94' title="bbox 181 4774 1762 4852">
     <span class='ocr_line' id='line_1_94' title="bbox 181 4774 1762 4852; baseline 0.008 -25"><span class='ocrx_word' id='word_1_768' title='bbox 181 4774 604 4832; x_wconf 88' lang='lat' dir='ltr'><strong>dissimilitudine</strong></span> <span class='ocrx_word' id='word_1_769' title='bbox 634 4779 956 4844; x_wconf 90' lang='lat' dir='ltr'><strong>studiorum,</strong></span> <span class='ocrx_word' id='word_1_770' title='bbox 991 4780 1153 4834; x_wconf 84' lang='lat' dir='ltr'><strong>etiam</strong></span> <span class='ocrx_word' id='word_1_771' title='bbox 1183 4781 1540 4852; x_wconf 87' lang='lat' dir='ltr'><strong>discrepantia</strong></span> <span class='ocrx_word' id='word_1_772' title='bbox 1572 4789 1762 4841; x_wconf 90' lang='lat' dir='ltr'><strong>volun-</strong></span> 
     </span>
    </p>
   </div>
   <div class='ocr_carea' id='block_1_95' title="bbox 179 4869 1758 4946">
    <p class='ocr_par' dir='ltr' id='par_1_95' title="bbox 179 4869 1758 4946">
     <span class='ocr_line' id='line_1_95' title="bbox 179 4869 1758 4946; baseline 0.01 -29"><span class='ocrx_word' id='word_1_773' title='bbox 179 4874 372 4931; x_wconf 87' lang='lat' dir='ltr'><strong>tatum;</strong></span> <span class='ocrx_word' id='word_1_774' title='bbox 405 4869 620 4936; x_wconf 91' lang='lat' dir='ltr'><strong>quando</strong></span> <span class='ocrx_word' id='word_1_775' title='bbox 644 4870 743 4923; x_wconf 88' lang='lat' dir='ltr'><strong>etsi</strong></span> <span class='ocrx_word' id='word_1_776' title='bbox 774 4885 926 4924; x_wconf 91' lang='lat' dir='ltr'><strong>amor</strong></span> <span class='ocrx_word' id='word_1_777' title='bbox 953 4887 1059 4925; x_wconf 91' lang='lat' dir='ltr'><strong>non</strong></span> <span class='ocrx_word' id='word_1_778' title='bbox 1081 4875 1452 4941; x_wconf 86' lang='lat' dir='ltr'><strong>succensebat,</strong></span> <span class='ocrx_word' id='word_1_779' title='bbox 1495 4879 1758 4946; x_wconf 84' lang='lat' dir='ltr'><strong>supersti-</strong></span> 
     </span>
    </p>
   </div>
   <div class='ocr_carea' id='block_1_96' title="bbox 182 4957 1762 5033">
    <p class='ocr_par' dir='ltr' id='par_1_96' title="bbox 182 4957 1762 5033">
     <span class='ocr_line' id='line_1_96' title="bbox 182 4957 1762 5033; baseline 0.011 -28"><span class='ocrx_word' id='word_1_780' title='bbox 182 4957 250 5007; x_wconf 89' lang='lat' dir='ltr'><strong>tio</strong></span> <span class='ocrx_word' id='word_1_781' title='bbox 282 4965 459 5011; x_wconf 89' lang='lat' dir='ltr'><strong>tamen</strong></span> <span class='ocrx_word' id='word_1_782' title='bbox 488 4958 890 5013; x_wconf 89' lang='lat' dir='ltr'><strong>adversabatur.</strong></span> <span class='ocrx_word' id='word_1_783' title='bbox 919 4960 1049 5014; x_wconf 90' lang='lat' dir='ltr'><strong>Nam</strong></span> <span class='ocrx_word' id='word_1_784' title='bbox 1079 4963 1204 5017; x_wconf 92' lang='lat' dir='ltr'><strong>licet</strong></span> <span class='ocrx_word' id='word_1_785' title='bbox 1233 4972 1386 5033; x_wconf 87' lang='lat' dir='ltr'><strong>pater</strong></span> <span class='ocrx_word' id='word_1_786' title='bbox 1421 4983 1528 5020; x_wconf 91' lang='lat' dir='ltr'><strong>non</strong></span> <span class='ocrx_word' id='word_1_787' title='bbox 1558 4968 1762 5023; x_wconf 84' lang='lat' dir='ltr'><strong>odisset</strong></span> 
     </span>
    </p>
   </div>
   <div class='ocr_carea' id='block_1_97' title="bbox 181 5045 1762 5128">
    <p class='ocr_par' dir='ltr' id='par_1_97' title="bbox 181 5045 1762 5128">
     <span class='ocr_line' id='line_1_97' title="bbox 181 5045 1762 5128; baseline 0.011 -32"><span class='ocrx_word' id='word_1_788' title='bbox 181 5045 362 5112; x_wconf 87' lang='lat' dir='ltr'><strong>lilium,</strong></span> <span class='ocrx_word' id='word_1_789' title='bbox 395 5065 548 5103; x_wconf 89' lang='lat' dir='ltr'><strong>error</strong></span> <span class='ocrx_word' id='word_1_790' title='bbox 590 5057 768 5104; x_wconf 91' lang='lat' dir='ltr'><strong>tamen</strong></span> <span class='ocrx_word' id='word_1_791' title='bbox 811 5051 1000 5105; x_wconf 90' lang='lat' dir='ltr'><strong>oderat</strong></span> <span class='ocrx_word' id='word_1_792' title='bbox 1055 5054 1357 5108; x_wconf 87' lang='lat' dir='ltr'><strong>veritatem.</strong></span> <span class='ocrx_word' id='word_1_793' title='bbox 1414 5056 1566 5113; x_wconf 86' lang='lat' dir='ltr'><strong>Nunc</strong></span> <span class='ocrx_word' id='word_1_794' title='bbox 1605 5059 1762 5128; x_wconf 78' lang='lat' dir='ltr'><strong>longe</strong></span> 
     </span>
    </p>
   </div>
   <div class='ocr_carea' id='block_1_98' title="bbox 179 5133 1762 5222">
    <p class='ocr_par' dir='ltr' id='par_1_98' title="bbox 179 5133 1762 5222">
     <span class='ocr_line' id='line_1_98' title="bbox 179 5133 1762 5222; baseline 0.011 -32"><span class='ocrx_word' id='word_1_795' title='bbox 179 5140 322 5195; x_wconf 87' lang='lat' dir='ltr'><strong>aliud</strong></span> <span class='ocrx_word' id='word_1_796' title='bbox 341 5151 441 5197; x_wconf 89' lang='lat' dir='ltr'><strong>est.</strong></span> <span class='ocrx_word' id='word_1_797' title='bbox 473 5141 552 5197; x_wconf 82' lang='lat' dir='ltr'><strong>Ex</strong></span> <span class='ocrx_word' id='word_1_798' title='bbox 590 5157 696 5212; x_wconf 91' lang='lat' dir='ltr'><strong>quo</strong></span> <span class='ocrx_word' id='word_1_799' title='bbox 727 5143 820 5198; x_wconf 91' lang='lat' dir='ltr'><strong>Dei</strong></span> <span class='ocrx_word' id='word_1_800' title='bbox 842 5146 1043 5201; x_wconf 89' lang='lat' dir='ltr'><strong>cultum</strong></span> <span class='ocrx_word' id='word_1_801' title='bbox 1079 5145 1351 5216; x_wconf 85' lang='lat' dir='ltr'><strong>professus</strong></span> <span class='ocrx_word' id='word_1_802' title='bbox 1374 5166 1448 5214; x_wconf 88' lang='lat' dir='ltr'><strong>es,</strong></span> <span class='ocrx_word' id='word_1_803' title='bbox 1486 5133 1641 5222; x_wconf 55' lang='grc' dir='ltr'><strong>ιθὸ</strong></span> <span class='ocrx_word' id='word_1_804' title='bbox 1663 5169 1762 5222; x_wconf 91' lang='lat' dir='ltr'><strong>pro</strong></span> 
     </span>
    </p>
   </div>
   <div class='ocr_carea' id='block_1_99' title="bbox 1872 4593 3458 4671">
    <p class='ocr_par' dir='ltr' id='par_1_99' title="bbox 1872 4593 3458 4671">
     <span class='ocr_line' id='line_1_99' title="bbox 1872 4593 3458 4671; baseline -0.009 -15"><span class='ocrx_word' id='word_1_805' title='bbox 1872 4619 1969 4657; x_wconf 89' lang='lat' dir='ltr'><strong>vor</strong></span> <span class='ocrx_word' id='word_1_806' title='bbox 1995 4603 2204 4667; x_wconf 81' lang='lat' dir='ltr'><strong>vestris,</strong></span> <span class='ocrx_word' id='word_1_807' title='bbox 2237 4616 2269 4655; x_wconf 95' lang='lat' dir='ltr'><strong>o</strong></span> <span class='ocrx_word' id='word_1_808' title='bbox 2294 4608 2544 4671; x_wconf 89' lang='lat' dir='ltr'><strong>parentes</strong></span> <span class='ocrx_word' id='word_1_809' title='bbox 2587 4595 2904 4658; x_wconf 87' lang='lat' dir='ltr'><strong>charissimi,</strong></span> <span class='ocrx_word' id='word_1_810' title='bbox 2936 4594 3160 4665; x_wconf 89' lang='lat' dir='ltr'><strong>pedibus</strong></span> <span class='ocrx_word' id='word_1_811' title='bbox 3192 4611 3204 4646; x_wconf 90' lang='lat'><strong>:</strong></span> <span class='ocrx_word' id='word_1_812' title='bbox 3233 4593 3321 4648; x_wconf 91' lang='lat' dir='ltr'><strong>illa</strong></span> <span class='ocrx_word' id='word_1_813' title='bbox 3357 4609 3458 4660; x_wconf 67' lang='lat' dir='ltr'><strong>ego</strong></span> 
     </span>
    </p>
   </div>
   <div class='ocr_carea' id='block_1_100' title="bbox 1871 4684 3455 4757">
    <p class='ocr_par' dir='ltr' id='par_1_100' title="bbox 1871 4684 3455 4757">
     <span class='ocr_line' id='line_1_100' title="bbox 1871 4684 3455 4757; baseline -0.007 -10"><span class='ocrx_word' id='word_1_814' title='bbox 1871 4701 2045 4748; x_wconf 87' lang='lat' dir='ltr'><strong>vestra</strong></span> <span class='ocrx_word' id='word_1_815' title='bbox 2080 4692 2330 4755; x_wconf 86' lang='lat' dir='ltr'><strong>Palladia,</strong></span> <span class='ocrx_word' id='word_1_816' title='bbox 2354 4697 2529 4745; x_wconf 88' lang='lat' dir='ltr'><strong>vestra</strong></span> <span class='ocrx_word' id='word_1_817' title='bbox 2555 4687 2792 4757; x_wconf 87' lang='lat' dir='ltr'><strong>gracula,</strong></span> <span class='ocrx_word' id='word_1_818' title='bbox 2815 4693 2994 4740; x_wconf 88' lang='lat' dir='ltr'><strong>vestra</strong></span> <span class='ocrx_word' id='word_1_819' title='bbox 3015 4684 3267 4739; x_wconf 91' lang='lat' dir='ltr'><strong>domnula</strong></span> <span class='ocrx_word' id='word_1_820' title='bbox 3293 4702 3307 4749; x_wconf 90' lang='lat'><strong>;</strong></span> <span class='ocrx_word' id='word_1_821' title='bbox 3336 4699 3455 4739; x_wconf 88' lang='lat' dir='ltr'><strong>cum</strong></span> 
     </span>
    </p>
   </div>
   <div class='ocr_carea' id='block_1_101' title="bbox 1869 4775 3459 4854">
    <p class='ocr_par' dir='ltr' id='par_1_101' title="bbox 1869 4775 3459 4854">
     <span class='ocr_line' id='line_1_101' title="bbox 1869 4775 3459 4854; baseline -0.008 -15"><span class='ocrx_word' id='word_1_822' title='bbox 1869 4802 1972 4854; x_wconf 92' lang='lat' dir='ltr'><strong>qua</strong></span> <span class='ocrx_word' id='word_1_823' title='bbox 2005 4785 2087 4839; x_wconf 90' lang='lat' dir='ltr'><strong>his</strong></span> <span class='ocrx_word' id='word_1_824' title='bbox 2115 4791 2197 4837; x_wconf 90' lang='lat' dir='ltr'><strong>tot</strong></span> <span class='ocrx_word' id='word_1_825' title='bbox 2223 4781 2496 4837; x_wconf 88' lang='lat' dir='ltr'><strong>vocabulis</strong></span> <span class='ocrx_word' id='word_1_826' title='bbox 2533 4778 2802 4848; x_wconf 88' lang='lat' dir='ltr'><strong>quondam</strong></span> <span class='ocrx_word' id='word_1_827' title='bbox 2850 4775 3305 4844; x_wconf 89' lang='lat' dir='ltr'><strong>indulgentissima</strong></span> <span class='ocrx_word' id='word_1_828' title='bbox 3351 4777 3459 4844; x_wconf 85' lang='lat' dir='ltr'><strong>pie-</strong></span> 
     </span>
    </p>
   </div>
   <div class='ocr_carea' id='block_1_102' title="bbox 1869 4867 3451 4942">
    <p class='ocr_par' dir='ltr' id='par_1_102' title="bbox 1869 4867 3451 4942">
     <span class='ocr_line' id='line_1_102' title="bbox 1869 4867 3451 4942; baseline -0.008 -12"><span class='ocrx_word' id='word_1_829' title='bbox 1869 4885 1980 4931; x_wconf 91' lang='lat' dir='ltr'><strong>tate</strong></span> <span class='ocrx_word' id='word_1_830' title='bbox 2010 4875 2234 4938; x_wconf 91' lang='lat' dir='ltr'><strong>lusistis;</strong></span> <span class='ocrx_word' id='word_1_831' title='bbox 2266 4887 2384 4942; x_wconf 68' lang='lat' dir='ltr'><strong>qua:</strong></span> <span class='ocrx_word' id='word_1_832' title='bbox 2440 4872 2586 4925; x_wconf 88' lang='lat' dir='ltr'><strong>vobis</strong></span> <span class='ocrx_word' id='word_1_833' title='bbox 2615 4886 2712 4939; x_wconf 92' lang='lat' dir='ltr'><strong>per</strong></span> <span class='ocrx_word' id='word_1_834' title='bbox 2737 4869 2887 4922; x_wconf 92' lang='lat' dir='ltr'><strong>varia</strong></span> <span class='ocrx_word' id='word_1_835' title='bbox 2925 4867 3140 4922; x_wconf 81' lang='lat' dir='ltr'><strong>nomina</strong></span> <span class='ocrx_word' id='word_1_836' title='bbox 3185 4882 3326 4922; x_wconf 89' lang='lat' dir='ltr'><strong>nunc</strong></span> <span class='ocrx_word' id='word_1_837' title='bbox 3380 4869 3451 4919; x_wconf 89' lang='lat' dir='ltr'><strong>fui</strong></span> 
     </span>
    </p>
   </div>
   <div class='ocr_carea' id='block_1_103' title="bbox 1869 4957 3454 5032">
    <p class='ocr_par' dir='ltr' id='par_1_103' title="bbox 1869 4957 3454 5032">
     <span class='ocr_line' id='line_1_103' title="bbox 1869 4957 3454 5032; baseline -0.009 -11"><span class='ocrx_word' id='word_1_838' title='bbox 1869 4976 2060 5032; x_wconf 88' lang='lat' dir='ltr'><strong>mater,</strong></span> <span class='ocrx_word' id='word_1_839' title='bbox 2095 4981 2232 5019; x_wconf 92' lang='lat' dir='ltr'><strong>nunc</strong></span> <span class='ocrx_word' id='word_1_840' title='bbox 2262 4962 2488 5025; x_wconf 86' lang='lat' dir='ltr'><strong>avicula,</strong></span> <span class='ocrx_word' id='word_1_841' title='bbox 2521 4976 2660 5014; x_wconf 89' lang='lat' dir='ltr'><strong>nunc</strong></span> <span class='ocrx_word' id='word_1_842' title='bbox 2687 4959 2941 5023; x_wconf 87' lang='lat' dir='ltr'><strong>domina;</strong></span> <span class='ocrx_word' id='word_1_843' title='bbox 2973 4972 3094 5012; x_wconf 92' lang='lat' dir='ltr'><strong>cum</strong></span> <span class='ocrx_word' id='word_1_844' title='bbox 3123 4965 3267 5011; x_wconf 89' lang='lat' dir='ltr'><strong>esset</strong></span> <span class='ocrx_word' id='word_1_845' title='bbox 3311 4957 3454 5010; x_wconf 86' lang='lat' dir='ltr'><strong>scili-</strong></span> 
     </span>
    </p>
   </div>
   <div class='ocr_carea' id='block_1_104' title="bbox 1864 5047 3454 5119">
    <p class='ocr_par' dir='ltr' id='par_1_104' title="bbox 1864 5047 3454 5119">
     <span class='ocr_line' id='line_1_104' title="bbox 1864 5047 3454 5119; baseline -0.009 -6"><span class='ocrx_word' id='word_1_846' title='bbox 1864 5069 1949 5114; x_wconf 91' lang='lat' dir='ltr'><strong>cet</strong></span> <span class='ocrx_word' id='word_1_847' title='bbox 1977 5073 2138 5111; x_wconf 93' lang='lat' dir='ltr'><strong>unum</strong></span> <span class='ocrx_word' id='word_1_848' title='bbox 2163 5054 2480 5110; x_wconf 89' lang='lat' dir='ltr'><strong>vocabulum</strong></span> <span class='ocrx_word' id='word_1_849' title='bbox 2520 5051 2751 5119; x_wconf 88' lang='lat' dir='ltr'><strong>generis,</strong></span> <span class='ocrx_word' id='word_1_850' title='bbox 2786 5050 2926 5103; x_wconf 87' lang='lat' dir='ltr'><strong>aliud</strong></span> <span class='ocrx_word' id='word_1_851' title='bbox 2952 5047 3206 5107; x_wconf 68' lang='lat' dir='ltr'><strong>infantiae,</strong></span> <span class='ocrx_word' id='word_1_852' title='bbox 3240 5049 3454 5102; x_wconf 88' lang='lat' dir='ltr'><strong>tertium</strong></span> 
     </span>
    </p>
   </div>
   <div class='ocr_carea' id='block_1_105' title="bbox 1864 5139 3457 5221">
    <p class='ocr_par' dir='ltr' id='par_1_105' title="bbox 1864 5139 3457 5221">
     <span class='ocr_line' id='line_1_105' title="bbox 1864 5139 3457 5221; baseline -0.01 -13"><span class='ocrx_word' id='word_1_853' title='bbox 1864 5150 2151 5221; x_wconf 84' lang='lat' dir='ltr'><strong>dignitatis.</strong></span> <span class='ocrx_word' id='word_1_854' title='bbox 2189 5146 2267 5199; x_wconf 88' lang='lat' dir='ltr'><strong>En</strong></span> <span class='ocrx_word' id='word_1_855' title='bbox 2297 5159 2396 5213; x_wconf 83' lang='lat' dir='ltr'><strong>ego</strong></span> <span class='ocrx_word' id='word_1_856' title='bbox 2425 5144 2514 5198; x_wconf 89' lang='lat' dir='ltr'><strong>illa</strong></span> <span class='ocrx_word' id='word_1_857' title='bbox 2557 5157 2675 5197; x_wconf 91' lang='lat' dir='ltr'><strong>sum</strong></span> <span class='ocrx_word' id='word_1_858' title='bbox 2728 5156 2826 5212; x_wconf 90' lang='lat' dir='ltr'><strong>per</strong></span> <span class='ocrx_word' id='word_1_859' title='bbox 2853 5153 3014 5209; x_wconf 89' lang='lat' dir='ltr'><strong>quam</strong></span> <span class='ocrx_word' id='word_1_860' title='bbox 3041 5139 3194 5193; x_wconf 90' lang='lat' dir='ltr'><strong>vobis</strong></span> <span class='ocrx_word' id='word_1_861' title='bbox 3231 5139 3316 5190; x_wconf 89' lang='lat' dir='ltr'><strong>illa</strong></span> <span class='ocrx_word' id='word_1_862' title='bbox 3348 5140 3457 5208; x_wconf 79' lang='lat' dir='ltr'><strong>pri-</strong></span> 
     </span>
    </p>
   </div>
   <div class='ocr_carea' id='block_1_106' title="bbox 1346 5259 2255 5320">
    <p class='ocr_par' dir='ltr' id='par_1_106' title="bbox 1346 5259 2255 5320">
     <span class='ocr_line' id='line_1_106' title="bbox 1346 5259 2255 5320; baseline -0.003 -6"><span class='ocrx_word' id='word_1_863' title='bbox 1346 5261 1682 5318; x_wconf 71' lang='lat' dir='ltr'><strong>STEPIIANI</strong></span> <span class='ocrx_word' id='word_1_864' title='bbox 1720 5264 1991 5320; x_wconf 81' lang='lat' dir='ltr'><strong>BALUle</strong></span> <span class='ocrx_word' id='word_1_865' title='bbox 2027 5259 2255 5314; x_wconf 68' lang='grc' dir='ltr'><strong>ΝΟΤίΕ.</strong></span> 
     </span>
    </p>
   </div>
   <div class='ocr_carea' id='block_1_107' title="bbox 249 5347 1765 5418">
    <p class='ocr_par' dir='ltr' id='par_1_107' title="bbox 249 5347 1765 5418">
     <span class='ocr_line' id='line_1_107' title="bbox 249 5347 1765 5418; baseline 0.007 -17"><span class='ocrx_word' id='word_1_866' title='bbox 249 5347 421 5404; x_wconf 67' lang='lat' dir='ltr'><strong>&#39;llaec</strong></span> <span class='ocrx_word' id='word_1_867' title='bbox 441 5352 605 5405; x_wconf 90' lang='lat' dir='ltr'><strong>verba</strong></span> <span class='ocrx_word' id='word_1_868' title='bbox 651 5353 954 5418; x_wconf 87' lang='lat' dir='ltr'><strong>parenthesi</strong></span> <span class='ocrx_word' id='word_1_869' title='bbox 1005 5353 1319 5407; x_wconf 85' lang='lat' dir='ltr'><strong>includenda</strong></span> <span class='ocrx_word' id='word_1_870' title='bbox 1367 5371 1484 5408; x_wconf 82' lang='lat' dir='ltr'><strong>esse</strong></span> <span class='ocrx_word' id='word_1_871' title='bbox 1513 5358 1765 5411; x_wconf 81' lang='lat' dir='ltr'><strong>censebat</strong></span> 
     </span>
    </p>
   </div>
   <div class='ocr_carea' id='block_1_108' title="bbox 180 5414 1757 5496">
    <p class='ocr_par' dir='ltr' id='par_1_108' title="bbox 180 5414 1757 5496">
     <span class='ocr_line' id='line_1_108' title="bbox 180 5414 1757 5496; baseline 0.01 -29"><span class='ocrx_word' id='word_1_872' title='bbox 180 5414 588 5496; x_wconf 50' lang='lat' dir='ltr'><strong>Rittershusius.</strong></span> <span class='ocrx_word' id='word_1_873' title='bbox 618 5414 755 5496; x_wconf 56' lang='lat' dir='ltr'><strong>ligo</strong></span> <span class='ocrx_word' id='word_1_874' title='bbox 779 5439 904 5496; x_wconf 81' lang='lat' dir='ltr'><strong>vero</strong></span> <span class='ocrx_word' id='word_1_875' title='bbox 935 5423 1166 5476; x_wconf 87' lang='lat' dir='ltr'><strong>arbitror</strong></span> <span class='ocrx_word' id='word_1_876' title='bbox 1208 5440 1271 5477; x_wconf 87' lang='lat' dir='ltr'><strong>ca</strong></span> <span class='ocrx_word' id='word_1_877' title='bbox 1314 5441 1420 5478; x_wconf 83' lang='lat' dir='ltr'><strong>non</strong></span> <span class='ocrx_word' id='word_1_878' title='bbox 1450 5442 1566 5480; x_wconf 81' lang='lat' dir='ltr'><strong>esse</strong></span> <span class='ocrx_word' id='word_1_879' title='bbox 1599 5428 1757 5496; x_wconf 76' lang='lat' dir='ltr'><strong>hujus</strong></span> 
     </span>
    </p>
   </div>
   <div class='ocr_carea' id='block_1_109' title="bbox 177 5485 917 5558">
    <p class='ocr_par' dir='ltr' id='par_1_109' title="bbox 177 5485 917 5558">
     <span class='ocr_line' id='line_1_109' title="bbox 177 5485 917 5558; baseline 0.012 -23"><span class='ocrx_word' id='word_1_880' title='bbox 177 5485 308 5558; x_wconf 83' lang='lat' dir='ltr'><strong>loci,</strong></span> <span class='ocrx_word' id='word_1_881' title='bbox 343 5491 585 5557; x_wconf 88' lang='lat' dir='ltr'><strong>adeoque</strong></span> <span class='ocrx_word' id='word_1_882' title='bbox 610 5485 917 5558; x_wconf 78' lang='lat' dir='ltr'><strong>jugulauda.</strong></span> 
     </span>
    </p>
   </div>
   <div class='ocr_carea' id='block_1_110' title="bbox 248 5557 1320 5632">
    <p class='ocr_par' dir='ltr' id='par_1_110' title="bbox 248 5557 1320 5632">
     <span class='ocr_line' id='line_1_110' title="bbox 248 5557 1320 5632; baseline 0.007 -22"><span class='ocrx_word' id='word_1_883' title='bbox 248 5557 274 5593; x_wconf 71' lang='grc' dir='ltr'><strong>ι’</strong></span> <span class='ocrx_word' id='word_1_884' title='bbox 384 5570 487 5624; x_wconf 82' lang='lat' dir='ltr'><strong>est,</strong></span> <span class='ocrx_word' id='word_1_885' title='bbox 512 5557 709 5632; x_wconf 74' lang='lat' dir='ltr'><strong>proles.</strong></span> <span class='ocrx_word' id='word_1_886' title='bbox 748 5561 877 5614; x_wconf 71' lang='lat' dir='ltr'><strong>Vide</strong></span> <span class='ocrx_word' id='word_1_887' title='bbox 905 5579 1061 5631; x_wconf 90' lang='lat' dir='ltr'><strong>supra</strong></span> <span class='ocrx_word' id='word_1_888' title='bbox 1088 5579 1203 5632; x_wconf 83' lang='lat' dir='ltr'><strong>pag.</strong></span> <span class='ocrx_word' id='word_1_889' title='bbox 1237 5564 1320 5617; x_wconf 65' lang='lat' dir='ltr'><strong>7i.</strong></span> 
     </span>
    </p>
   </div>
   <div class='ocr_carea' id='block_1_111' title="bbox 248 5628 1762 5697">
    <p class='ocr_par' dir='ltr' id='par_1_111' title="bbox 248 5628 1762 5697">
     <span class='ocr_line' id='line_1_111' title="bbox 248 5628 1762 5697; baseline 0.007 -18"><span class='ocrx_word' id='word_1_890' title='bbox 248 5638 270 5664; x_wconf 74' lang='grc' dir='ltr'><strong>ο</strong></span> <span class='ocrx_word' id='word_1_891' title='bbox 303 5628 390 5683; x_wconf 83' lang='lat' dir='ltr'><strong>Sic</strong></span> <span class='ocrx_word' id='word_1_892' title='bbox 415 5641 574 5683; x_wconf 79' lang='lat' dir='ltr'><strong>vocat</strong></span> <span class='ocrx_word' id='word_1_893' title='bbox 606 5629 892 5684; x_wconf 85' lang='lat' dir='ltr'><strong>Palladiam</strong></span> <span class='ocrx_word' id='word_1_894' title='bbox 924 5628 1359 5697; x_wconf 20' lang='lat' dir='ltr'><strong>uiorcnivsuam,</strong></span> <span class='ocrx_word' id='word_1_895' title='bbox 1393 5651 1456 5688; x_wconf 77' lang='lat' dir='ltr'><strong>ex</strong></span> <span class='ocrx_word' id='word_1_896' title='bbox 1499 5652 1762 5690; x_wconf 85' lang='lat' dir='ltr'><strong>canonum</strong></span> 
     </span>
    </p>
   </div>
   <div class='ocr_carea' id='block_1_112' title="bbox 173 5701 1763 5775">
    <p class='ocr_par' dir='ltr' id='par_1_112' title="bbox 173 5701 1763 5775">
     <span class='ocr_line' id='line_1_112' title="bbox 173 5701 1763 5775; baseline 0.009 -27"><span class='ocrx_word' id='word_1_897' title='bbox 173 5701 492 5769; x_wconf 71' lang='lat' dir='ltr'><strong>pnesctipto</strong></span> <span class='ocrx_word' id='word_1_898' title='bbox 539 5709 591 5755; x_wconf 86' lang='lat' dir='ltr'><strong>et</strong></span> <span class='ocrx_word' id='word_1_899' title='bbox 631 5711 886 5772; x_wconf 79' lang='lat' dir='ltr'><strong>perpetua</strong></span> <span class='ocrx_word' id='word_1_900' title='bbox 934 5706 1314 5758; x_wconf 84' lang='lat' dir='ltr'><strong>consuetudine</strong></span> <span class='ocrx_word' id='word_1_901' title='bbox 1349 5707 1532 5775; x_wconf 61' lang='lat' dir='ltr'><strong>prisca:</strong></span> <span class='ocrx_word' id='word_1_902' title='bbox 1582 5707 1763 5762; x_wconf 78' lang='lat' dir='ltr'><strong>Eccle-</strong></span> 
     </span>
    </p>
   </div>
   <div class='ocr_carea' id='block_1_113' title="bbox 1868 5343 3451 5424">
    <p class='ocr_par' dir='ltr' id='par_1_113' title="bbox 1868 5343 3451 5424">
     <span class='ocr_line' id='line_1_113' title="bbox 1868 5343 3451 5424; baseline -0.01 -13"><span class='ocrx_word' id='word_1_903' title='bbox 1868 5357 1980 5419; x_wconf 82' lang='lat' dir='ltr'><strong>siae,</strong></span> <span class='ocrx_word' id='word_1_904' title='bbox 2016 5356 2064 5408; x_wconf 92' lang='lat' dir='ltr'><strong>in</strong></span> <span class='ocrx_word' id='word_1_905' title='bbox 2119 5368 2243 5420; x_wconf 86' lang='lat' dir='ltr'><strong>qua,</strong></span> <span class='ocrx_word' id='word_1_906' title='bbox 2293 5349 2382 5418; x_wconf 92' lang='lat' dir='ltr'><strong>qui</strong></span> <span class='ocrx_word' id='word_1_907' title='bbox 2413 5364 2479 5401; x_wconf 81' lang='lat' dir='ltr'><strong>ex</strong></span> <span class='ocrx_word' id='word_1_908' title='bbox 2507 5347 2754 5415; x_wconf 75' lang='lat' dir='ltr'><strong>conjugio</strong></span> <span class='ocrx_word' id='word_1_909' title='bbox 2783 5345 2846 5398; x_wconf 85' lang='lat' dir='ltr'><strong>ad</strong></span> <span class='ocrx_word' id='word_1_910' title='bbox 2877 5343 3229 5424; x_wconf 72' lang='lat' dir='ltr'><strong>sacerdotium</strong></span> <span class='ocrx_word' id='word_1_911' title='bbox 3278 5343 3451 5424; x_wconf 62' lang='lat' dir='ltr'><strong>adsci-</strong></span> 
     </span>
    </p>
   </div>
   <div class='ocr_carea' id='block_1_114' title="bbox 1869 5414 3454 5492">
    <p class='ocr_par' dir='ltr' id='par_1_114' title="bbox 1869 5414 3454 5492">
     <span class='ocr_line' id='line_1_114' title="bbox 1869 5414 3454 5492; baseline -0.011 -11"><span class='ocrx_word' id='word_1_912' title='bbox 1869 5414 2174 5485; x_wconf 74' lang='lat' dir='ltr'><strong>scebantur,</strong></span> <span class='ocrx_word' id='word_1_913' title='bbox 2206 5423 2271 5475; x_wconf 88' lang='lat' dir='ltr'><strong>ab</strong></span> <span class='ocrx_word' id='word_1_914' title='bbox 2304 5414 2532 5474; x_wconf 79' lang='lat' dir='ltr'><strong>uxorum</strong></span> <span class='ocrx_word' id='word_1_915' title='bbox 2564 5414 2682 5472; x_wconf 83' lang='lat' dir='ltr'><strong>tero</strong></span> <span class='ocrx_word' id='word_1_916' title='bbox 2710 5417 2959 5492; x_wconf 81' lang='lat' dir='ltr'><strong>separati,</strong></span> <span class='ocrx_word' id='word_1_917' title='bbox 2994 5415 3277 5492; x_wconf 75' lang='lat' dir='ltr'><strong>nonaliter</strong></span> <span class='ocrx_word' id='word_1_918' title='bbox 3304 5414 3454 5492; x_wconf 74' lang='lat' dir='ltr'><strong>dein-</strong></span> 
     </span>
    </p>
   </div>
   <div class='ocr_carea' id='block_1_115' title="bbox 1869 5482 3456 5565">
    <p class='ocr_par' dir='ltr' id='par_1_115' title="bbox 1869 5482 3456 5565">
     <span class='ocr_line' id='line_1_115' title="bbox 1869 5482 3456 5565; baseline -0.009 -15"><span class='ocrx_word' id='word_1_919' title='bbox 1869 5513 1996 5565; x_wconf 75' lang='lat' dir='ltr'><strong>ceps</strong></span> <span class='ocrx_word' id='word_1_920' title='bbox 2025 5511 2143 5548; x_wconf 89' lang='lat' dir='ltr'><strong>cum</strong></span> <span class='ocrx_word' id='word_1_921' title='bbox 2164 5482 2276 5546; x_wconf 81' lang='lat' dir='ltr'><strong>illis</strong></span> <span class='ocrx_word' id='word_1_922' title='bbox 2304 5507 2462 5565; x_wconf 83' lang='lat' dir='ltr'><strong>quam</strong></span> <span class='ocrx_word' id='word_1_923' title='bbox 2485 5504 2606 5565; x_wconf 66' lang='lat' dir='ltr'><strong>cum</strong></span> <span class='ocrx_word' id='word_1_924' title='bbox 2631 5482 2909 5565; x_wconf 52' lang='lat' dir='ltr'><strong>sororibus</strong></span> <span class='ocrx_word' id='word_1_925' title='bbox 2931 5484 3296 5565; x_wconf 69' lang='lat' dir='ltr'><strong>versabantur.</strong></span> <span class='ocrx_word' id='word_1_926' title='bbox 3317 5482 3456 5565; x_wconf 54' lang='lat' dir='ltr'><strong>Xide</strong></span> 
     </span>
    </p>
   </div>
   <div class='ocr_carea' id='block_1_116' title="bbox 1870 5551 3456 5622">
    <p class='ocr_par' dir='ltr' id='par_1_116' title="bbox 1870 5551 3456 5622">
     <span class='ocr_line' id='line_1_116' title="bbox 1870 5551 3456 5622; baseline -0.009 -3"><span class='ocrx_word' id='word_1_927' title='bbox 1870 5551 2211 5619; x_wconf 72' lang='lat' dir='ltr'><strong>Sirmondum</strong></span> <span class='ocrx_word' id='word_1_928' title='bbox 2236 5565 2285 5615; x_wconf 90' lang='lat' dir='ltr'><strong>in</strong></span> <span class='ocrx_word' id='word_1_929' title='bbox 2315 5551 2530 5614; x_wconf 57' lang='grc' dir='ltr'><strong>ιἰυιίέειό</strong></span> <span class='ocrx_word' id='word_1_930' title='bbox 2555 5559 2737 5610; x_wconf 87' lang='lat' dir='ltr'><strong>Sidon.</strong></span> <span class='ocrx_word' id='word_1_931' title='bbox 2762 5557 2850 5610; x_wconf 92' lang='lat' dir='ltr'><strong>lib.</strong></span> <span class='ocrx_word' id='word_1_932' title='bbox 2881 5571 2930 5616; x_wconf 89' lang='lat' dir='ltr'><strong>v,</strong></span> <span class='ocrx_word' id='word_1_933' title='bbox 2961 5554 3118 5622; x_wconf 85' lang='lat' dir='ltr'><strong>epist.</strong></span> <span class='ocrx_word' id='word_1_934' title='bbox 3149 5552 3227 5616; x_wconf 81' lang='lat'><strong>16,</strong></span> <span class='ocrx_word' id='word_1_935' title='bbox 3247 5560 3296 5604; x_wconf 86' lang='lat' dir='ltr'><strong>et</strong></span> <span class='ocrx_word' id='word_1_936' title='bbox 3317 5551 3456 5608; x_wconf 77' lang='lat' dir='ltr'><strong>Ros-</strong></span> 
     </span>
    </p>
   </div>
   <div class='ocr_carea' id='block_1_117' title="bbox 1871 5628 2985 5706">
    <p class='ocr_par' dir='ltr' id='par_1_117' title="bbox 1871 5628 2985 5706">
     <span class='ocr_line' id='line_1_117' title="bbox 1871 5628 2985 5706; baseline -0.012 -16"><span class='ocrx_word' id='word_1_937' title='bbox 1871 5637 2044 5706; x_wconf 76' lang='lat' dir='ltr'><strong>weydi</strong></span> <span class='ocrx_word' id='word_1_938' title='bbox 2076 5634 2445 5691; x_wconf 83' lang='lat' dir='ltr'><strong>ouomasticon</strong></span> <span class='ocrx_word' id='word_1_939' title='bbox 2476 5631 2542 5684; x_wconf 82' lang='lat' dir='ltr'><strong>ad</strong></span> <span class='ocrx_word' id='word_1_940' title='bbox 2573 5630 2720 5683; x_wconf 77' lang='lat' dir='ltr'><strong>Vitas</strong></span> <span class='ocrx_word' id='word_1_941' title='bbox 2749 5628 2985 5679; x_wconf 80' lang='lat' dir='ltr'><strong>Patrum.</strong></span> 
     </span>
    </p>
   </div>
   <div class='ocr_carea' id='block_1_118' title="bbox 3250 5746 3300 5778">
    <p class='ocr_par' dir='ltr' id='par_1_118' title="bbox 3250 5746 3300 5778">
     <span class='ocr_line' id='line_1_118' title="bbox 3250 5746 3300 5778; baseline 0 0"><span class='ocrx_word' id='word_1_942' title='bbox 3250 5746 3300 5778; x_wconf 54' lang='grc' dir='ltr'><strong>κ</strong></span> 
     </span>
    </p>
   </div>
  </div>
