3936 6176
461 287 562 345 163

1415 274 1481 331 S.
1522 272 1831 331 SALVIANI
1871 266 2327 329 HASSIUENSIS
2366 262 2790 324 PRESBYTER!

3611 267 3713 324 Nil

460 421 603 462 mum
626 412 680 460 et
706 411 987 475 parentum
1008 397 1230 452 nomina
1258 405 1312 450 et
1331 408 1552 449 avorum
1580 392 1773 462 gaudia
1803 393 2036 461 contige-
2063 403 2112 455 Α
2138 386 2204 441 de
2231 385 2323 439 Dei
2350 383 2713 438 misericordia
2743 380 3062 452 loquor,qni
3088 398 3195 438 non
3216 391 3422 439 tantum
3444 382 3713 452 postulata

459 507 608 565 runt;
639 507 712 563 et,
744 496 885 567 quod
914 502 1140 563 utroque
1192 498 1427 561 pnestat,
1459 498 1743 557 utrumque
1789 487 2031 551 feliciter,

459 607 576 648 cum
630 590 799 644 fructu
851 586 1176 654 adipiscendi
1219 591 1274 639 et
1323 582 1652 637 beatitudine
1680 577 2026 649 perfruendi:

458 696 563 735 non
593 680 715 748 quia
741 678 862 733 hinc
889 690 987 745 ego
1009 674 1207 744 aliquid
1237 674 1365 727 mihi
1404 672 1688 741 deputem;
1719 670 1815 724 sed
1854 678 2034 723 tamen

456 774 661 840 ingrata
690 770 827 839 apud
853 785 946 824 vos
967 783 1085 822 esse
1112 781 1215 821 non
1246 766 1404 819 debet
1432 778 1529 831 per
1554 778 1715 832 quam
1746 778 1841 815 vos
1869 761 2036 815 voluit

456 863 597 917 Deus
634 876 751 915 esse
782 859 979 925 felices.
1032 857 1127 917 Ne,
1159 870 1361 924 quaeso,
1401 867 1529 921 ergo
1560 853 1842 906 molestum
1883 850 2035 903 vobis

455 952 521 1007 sit
544 950 685 1020 quod
714 949 912 1004 referre
945 945 1146 1014 aliquid
1187 945 1295 998 Deo
1324 943 1501 1012 cupio.
1531 942 1613 997 cui
1637 940 1815 995 omnia
1844 954 2036 1008 repen-

455 1052 575 1099 sare
606 1057 710 1095 non
739 1056 976 1110 possum.
1028 1036 1175 1090 Pleni
1213 1036 1342 1089 estis
1384 1034 1590 1088 solatiis
1613 1030 2031 1101 jucundissimis,

455 1135 598 1206 pleni
625 1132 931 1203 pignoribus
960 1128 1304 1191 charissimis,
1327 1126 1469 1196 pleni
1496 1124 1869 1179 benedictione
1897 1123 2033 1176 divi-

456 1240 524 1280 na
557 1242 569 1276 :
604 1230 796 1292 praeter
833 1221 1153 1290 peculiarem
1184 1218 1289 1271 mei
1325 1231 1560 1280 causam,
1605 1224 1841 1268 vestrum
1874 1227 2033 1281 nego-

458 1315 588 1368 tium
613 1312 812 1367 referre
838 1312 949 1364 Deo
991 1309 1214 1377 gratiam
1240 1308 1390 1376 jubet
1415 1325 1428 1360 :
1460 1306 1656 1360 debere
1706 1320 1792 1358 me
1820 1305 1869 1358 ei
1894 1302 2036 1355 arbi-

456 1412 571 1459 tror
606 1403 748 1472 quod
778 1403 929 1456 vobis
957 1408 1105 1454 tanta
1145 1398 1430 1453 concessit.
1477 1395 1582 1450 Sed
1613 1396 1727 1449 lucc
1754 1395 2030 1447 hactenus.

453 1491 792 1549 Sufﬂcienter
829 1492 970 1545 enim
994 1488 1104 1557 jam
1134 1502 1232 1557 per
1269 1501 1387 1548 nos,
1419 1500 1453 1539 ο
1495 1483 1807 1538 charissima
1855 1496 2029 1546 soror,

454 1589 656 1661 precati
684 1602 868 1641 sumus
898 1603 912 1638 :
946 1586 1147 1652 reliqua
1173 1588 1297 1637 sunt
1337 1579 1541 1647 agenda
1568 1593 1664 1647 per
1692 1576 1873 1630 ﬁliam.
1902 1574 2033 1629 Uta-

455 1697 575 1735 mur
598 1693 723 1747 ergo
755 1680 1001 1749 (honeste
1028 1675 1171 1728 enim
1198 1688 1294 1741 pro
1330 1667 1725 1724 reconciliando
1749 1675 2031 1735 parentum

2140 476 2340 541 tribuit,
2372 475 2465 530 sed
2516 474 2782 528 interdum
2834 473 2996 527 etiam
3039 488 3147 527 non
3202 480 3414 538 sperata
3459 472 3713 541 largitur;

2138 577 2414 636 tantoque,
2445 567 2489 621 si
2518 567 2621 622 dici
2652 566 2796 631 licet,
2827 565 3000 634 major
3027 576 3110 620 est
3133 564 3435 621 hominibus
3465 565 3715 618 humani-

2138 664 2246 713 tate
2271 666 2326 712 et
2352 657 2746 722 benevolentia,
2774 664 2974 725 quanto
2995 666 3262 728 potestate
3296 668 3456 725 atque
3487 662 3718 711 natura?

2136 751 2409 816 Paratum,
2453 757 2512 802 ut
2538 750 2612 802 ait
2642 749 2839 813 Livius,
2886 748 3025 802 inter
3065 748 3337 802 Romanos
3380 747 3720 818 Sabinosque

2136 842 2355 907 bellum,
2408 848 2480 904 et,
2513 841 2657 910 quod
2703 839 2971 894 diflicilius
3017 840 3195 894 sedari
3240 847 3439 909 potest,
3482 848 3721 909 emptum

2137 945 2326 1001 preces
2352 931 2618 997 quondam
2659 937 2715 983 et
2745 929 3077 984 interventus
3122 929 3404 982 charormu
3436 929 3720 998 pignorum

2139 1022 2500 1084 sustulerunt;
2547 1035 2774 1089 cumque
2820 1036 2923 1074 una
2952 1036 3138 1074 eorum
3177 1032 3307 1087 gens
3335 1028 3477 1074 esset
3529 1029 3720 1076 natura

2137 1112 2308 1176 ferox,
2340 1111 2442 1165 alia
2480 1111 2667 1166 dolere
2697 1111 2937 1175 fervens;
2971 1120 3176 1164 tantum
3213 1118 3391 1165 tamen
3422 1110 3556 1164 visio
3587 1111 3719 1164 alle-

2136 1215 2255 1261 ctus
2282 1203 2451 1258 mutui
2481 1202 2661 1266 valuit,
2693 1209 2750 1255 ut
2777 1216 2876 1255 nec
2904 1200 3177 1255 Romanus
3198 1216 3405 1254 memor
3424 1216 3542 1254 esse
3570 1201 3717 1264 belli,

2138 1314 2238 1353 nec
2266 1297 2493 1351 Sabinus
2522 1301 2706 1365 posset
2733 1292 2971 1360 injurim;
3003 1301 3057 1346 et
3082 1292 3157 1346 illi
3184 1291 3346 1361 paulo
3376 1304 3499 1345 ante
3535 1291 3633 1344 feri
3655 1306 3718 1346 ac

2135 1386 2501 1450 semibarbari,
2544 1383 2757 1452 cognati
2807 1383 3079 1449 sanguinis
3124 1380 3321 1450 cupidi,
3364 1380 3444 1435 sui
3485 1380 3716 1450 prodigi,

2136 1478 2385 1548 amplecti
2414 1490 2472 1529 se
2497 1484 2683 1528 mutuo
2732 1473 3058 1541 inciperent;
3101 1473 3225 1539 quia
3254 1471 3445 1539 pignus
3472 1477 3716 1526 mutuum

2132 1573 2243 1642 jam
2268 1572 2466 1624 habere
2492 1569 2799 1637 coepissent,
2842 1564 3099 1632 ﬁeretque
3129 1580 3265 1618 unus
3291 1573 3514 1631 uterque
3537 1578 3715 1632 popu-

2140 1664 2241 1727 lus,
2266 1663 2389 1731 quia
2436 1676 2573 1714 unus
2604 1660 2883 1726 utriusque
2923 1663 3067 1709 esset
3108 1654 3346 1708 allectus.
3379 1652 3486 1707 Nos
3518 1668 3625 1706 non
3659 1668 3712 1707 in

455 1769 645 1824 aﬂcctu
669 1777 857 1823 cuncta
883 1764 1197 1832 tentantur),
1238 1764 1389 1833 191
1415 1770 1626 1815 utamur
1648 1758 1858 1811 illorum
1887 1769 2036 1808 more
2066 1760 2112 1818 Β
2140 1754 2256 1808 acie
2284 1761 2507 1816 stamus,
2539 1766 2645 1805 non
2674 1764 2823 1803 arma
2851 1747 3130 1811 sumimus,
3160 1761 3266 1800 non
3285 1746 3394 1798 vim
3415 1743 3710 1807 inferimus,

454 1869 510 1917 et
532 1850 776 1927 exemplo
805 1857 895 1927 qui
919 1856 1103 1909 ultimo
1131 1864 1412 1909 causarum
1442 1852 1562 1905 loco
1584 1849 1758 1916 aliqua
1786 1862 2034 1900 nonnuno-

455 1964 614 2019 quam
644 1948 708 2001 ad
738 1945 1177 2001 commovendam
1202 1943 1437 2010 judicum
1466 1938 1882 1995 misericordiam
1906 1950 2033 2005 pro-

456 2039 693 2094 ferebant
724 2038 909 2091 laturis
954 2035 1276 2089 sententiam
1327 2029 1794 2099 disceptatorihus,
1828 2034 1924 2080 ant
1952 2025 2032 2078 la-

453 2137 754 2185 mentantes
778 2126 1224 2189 matresfamilias,
1268 2132 1358 2178 aut
1385 2122 1688 2176 sordidatos
1735 2132 1908 2180 senes,
1940 2121 2035 2169 aut

450 2218 727 2288 plorantes
755 2217 1007 2285 parvulus
1051 2214 1382 2281 ingerentes;
1424 2211 1627 2266 scilicet
1652 2214 1712 2262 ut
1752 2207 1844 2275 qui
1873 2219 2034 2275 supe—

451 2311 593 2365 riora
616 2323 790 2364 causze
820 2308 993 2362 verbis
1011 2306 1121 2374 jam
1144 2311 1515 2363 exoraverant.
1540 2300 1842 2372 posteriora
1871 2298 2034 2352 rebus

454 2401 581 2470 ipsis
608 2407 941 2469 perorarent.
971 2395 1255 2450 Oil‘erimus
1282 2409 1410 2462 ergo
1446 2400 1501 2447 et
1522 2408 1620 2446 nos
1642 2390 1810 2451 vobis,
1839 2404 1874 2443 ο
1901 2388 2031 2443 cha-

450 2490 645 2545 rissimi
672 2497 939 2558 parentes,
968 2487 1157 2555 pignus
1184 2485 1299 2554 pari
1327 2483 1543 2552 quidem
1571 2483 1805 2545 illorum,
1831 2480 1923 2534 sed
1950 2487 2032 2533 ta-

451 2596 573 2635 men
620 2579 853 2647 gratiore
884 2577 1153 2644 sulfragio.
1184 2571 1467 2628 Offerimus
1491 2573 1633 2627 enim
1686 2572 1880 2641 pignus
1915 2584 2026 2624 non

449 2669 797 2737 incognitum,
825 2667 917 2722 sed
944 2665 1292 2720 domesticum
1321 2680 1336 2729 ;
1367 2679 1473 2717 non
1502 2663 1755 2726 alienum,
1780 2660 1874 2715 sed
1901 2674 2028 2729 pro-

447 2761 621 2830 prium
648 2777 663 2825 ;
694 2774 811 2821 nec,
843 2766 901 2811 ut
930 2757 1005 2810 illi
1034 2763 1295 2817 oratores,
1341 2762 1396 2807 et
1420 2754 1522 2809 sibi
1556 2759 1611 2807 et
1632 2752 1899 2821 judicibus
1927 2765 2026 2805 ex-

449 2857 713 2912 traneum,
746 2849 838 2902 sed
869 2847 1023 2900 nobis
1067 2845 1224 2899 simul
1266 2844 1525 2912 vobisque
1562 2857 1875 2907 commune;
1906 2855 2026 2910 quae

2137 1860 2237 1899 nec
2258 1844 2570 1913 propulsare
2602 1848 2897 1903 tentamus;
2928 1838 3148 1907 impium
3177 1837 3290 1891 fore
3317 1836 3639 1890 arbitrantes
3666 1834 3711 1892 si

2135 1935 2223 1989 vel
2251 1935 2305 1988 in
2341 1933 2445 1987 hoc
2488 1932 2579 1984 lilii
2608 1928 2918 2000 parentibus
2946 1928 3183 1992 obvient,
3217 1941 3283 1979 ne
3311 1926 3596 1995 puniantur
3630 1924 3711 1978 in-

2129 2025 2280 2095 justi.
2314 2023 2441 2088 Cur,
2470 2035 2620 2090 rogo,
2651 2020 2793 2088 quod
2823 2019 2899 2072 illi
2927 2018 3197 2088 quondam
3225 2014 3446 2071 allectus
3475 2031 3572 2087 pro
3600 2017 3711 2071 suis

2135 2116 2501 2176 obtinuerunt,
2534 2110 2702 2165 nostri
2725 2124 2832 2163 non
2860 2115 3059 2177 queant
3080 2107 3367 2177 impetrare
3395 2122 3493 2177 pro
3524 2105 3712 2160 nobis!

2134 2206 2216 2262 An
2247 2206 2368 2261 ideo
2398 2203 2743 2259 infelicissimi
2783 2216 2920 2271 pene
2946 2200 3204 2264 omnium,
3246 2184 3379 2257 ideo.
3394 2198 3568 2253 minus
3596 2212 3712 2251 me-

2132 2310 2314 2351 remur
2340 2293 2568 2359 veniam,
2594 2291 2719 2360 quia
2755 2303 3052 2359 repugnare
3078 2286 3377 2342 nescimus?
3405 2284 3560 2352 Quod
3586 2287 3711 2338 vul-

2132 2390 2202 2444 tis
2229 2404 2328 2443 nos
2370 2386 2501 2457 pati,
2528 2385 2781 2455 patimur.
2813 2381 2870 2436 Si
2912 2380 3219 2443 irascimini,
3252 2379 3632 2448 deprecamur;
3663 2376 3709 2431 si

2129 2479 2431 2552 puniendos
2452 2475 2686 2553 creditis,
2715 2472 3119 2542 acquiescimus.
3150 2468 3308 2537 Quid,
3332 2483 3486 2537 rogo,
3515 2469 3709 2522 ultioni

2128 2579 2251 2642 post
2270 2571 2369 2624 ista
2391 2566 2673 2637 superest?
2700 2563 2859 2618 Certe
2888 2564 3050 2617 etiam
3090 2562 3133 2614 si
3156 2560 3329 2629 justas
3355 2559 3707 2615 succensendi

2127 2675 2321 2717 causas
2347 2666 2598 2728 parentes
2622 2656 2872 2719 habeant,
2896 2652 3025 2708 nihil
3046 2652 3356 2720 contingere
3380 2651 3457 2704 eis
3476 2649 3704 2713 felicius,

2128 2753 2260 2808 nihil
2286 2750 2521 2823 Optatius
2562 2756 2741 2819 potest
2773 2762 2931 2817 quam
2976 2753 3037 2801 ut
3081 2746 3159 2801 sic
3187 2745 3265 2799 eis
3293 2760 3391 2815 pro
3417 2751 3568 2798 reatu
3608 2742 3703 2798 lilii

2124 2841 2474 2907 satisfaciant,
2530 2855 2607 2895 ne
2649 2853 2868 2893 neCesse
2926 2837 3079 2908 193
3131 2836 3364 2891 habeant
3406 2835 3703 2889 vindicare.

447 2955 545 2994 vos
572 2938 755 3007 utique
785 2937 944 2992 vestri
973 2935 1245 3004 sanguinis
1270 2933 1476 2989 indoles
1503 2949 1610 2988 non
1630 2932 1695 2988 ad
1726 2932 2025 3000 ineognito-
2124 2933 2261 3005 Quid
2292 2942 2468 2988 autem
2497 2940 2578 2986 est
2606 2932 2661 2987 in
2687 2944 2795 3001 quo
2822 2930 2990 2997 magis
3018 2928 3282 2998 possimus
3309 2926 3461 2981 vobis
3490 2941 3588 2981 nos
3614 2942 3703 2979 sa-

446 3043 565 3084 rum
594 3028 868 3103 hominum
893 3027 1036 3095 cogit
1075 3024 1436 3087 dilectionem,
1468 3023 1562 3079 sed
1600 3022 1668 3078 ad
1719 3030 2022 3077 vestrorum
2127 3024 2408 3080 tislacere?
2435 3023 2556 3078 Filii
2582 3022 2744 3078 vestri
2786 3036 2989 3085 sumus,
3014 3018 3105 3088 qui
3138 3034 3235 3072 vos
3258 3031 3538 3086 rogamus;
3570 3032 3703 3084 nep-

447 3125 668 3174 revocat
704 3118 1021 3172 charitatem
1067 3133 1081 3169 :
1120 3130 1219 3169 nec
1246 3115 1450 3169 alienos
1502 3114 1655 3169 vobis
1703 3114 1896 3176 aliena,
1928 3110 2024 3167 sed
2048 3108 2098 3173 C
2129 3118 2215 3181 tis,
2240 3132 2337 3187 per
2358 3131 2519 3186 quam
2542 3129 2809 3185 rogamus.
2830 3111 3065 3177 Parcite,
3090 3111 3357 3178 indulgete
3381 3109 3473 3163 illi.
3500 3106 3700 3162 Eorum

447 3216 657 3264 vestros
707 3216 889 3263 τιθείη
933 3205 1271 3277 commenda!
1303 3222 1316 3256 ε
1350 3219 1524 3273 neque
1544 3204 1598 3258 id
1646 3210 1768 3259 ora!
1816 3210 1877 3257 ιιι
1929 3216 2026 3256 808
2125 3218 2378 3282 parentes
2403 3208 2699 3264 charissimi
2731 3221 2827 3275 pro
2855 3220 2913 3260 se
2942 3211 3150 3272 rogant,
3174 3202 3244 3256 ob
3263 3215 3490 3270 quorum
3514 3198 3701 3252 soletis

445 3300 637 3357 ametis
666 3315 803 3370 quos
825 3309 1095 3367 utinquam
1123 3305 1250 3351 ante
1279 3295 1501 3360 vidistis,
1553 3295 1649 3350 sed
1689 3304 1747 3350 ut
1792 3310 1888 3350 eos
1913 3311 2022 3349 non

444 3391 665 3446 oderitis
678 3405 833 3459 quos,
854 3397 1006 3458 puto,
1029 3403 1134 3442 non
1154 3387 1374 3455 diligere
1389 3401 1495 3441 non
1515 3385 1756 3455 potestis.
1774 3384 2020 3439 Vestrum

444 3480 583 3545 ideo,
616 3487 866 3549 parentes
894 3478 1212 3541 charissimi,
1245 3477 1540 3545 negotium,
1581 3484 1760 3529 vestra
1788 3490 1875 3529 res
1902 3482 2018 3541 est;

445 3578 624 3625 vester
642 3570 694 3623 id
721 3586 752 3623 a
782 3569 933 3624 vobis
959 3569 1188 3631 animus,
1210 3574 1387 3640 vestra
1407 3566 1639 3621 charitas
1661 3564 2015 3633 deprecatur:

444 3680 531 3726 ne,
581 3679 780 3733 quzcso,
832 3672 1037 3717 tantum
1091 3662 1247 3715 nobis
1294 3659 1595 3714 irascamini
1643 3667 1703 3713 ut
1741 3673 1841 3712 nec
1869 3657 2020 3712 vobis

440 3755 749 3818 consulatis,
773 3753 1105 3822 supplicante
1132 3751 1372 3804 vobis....
1403 3764 1687 3804 commune
1707 3749 1897 3818 pignus
1922 3763 2022 3818 per

441 3859 542 3898 nos
590 3842 746 3897 simul
789 3850 947 3909 atque
973 3841 1273 3903 nobiscum,
1305 3848 1361 3894 et
1389 3839 1613 3908 primam
1652 3852 1792 3907 pene
1828 3838 1893 3892 ad
1924 3854 2017 3895 vos

440 3946 627 3987 vocem
658 3946 756 4000 pro
779 3931 946 3984 nostri
971 3930 1168 3984 emittit
1194 3929 1416 3984 olfensa.
1439 3927 1623 3984 infelix
1646 3944 1866 3998 prorsus
1902 3927 2016 3997 ejus

440 4031 495 4077 et
524 4022 822 4077 miseranda
864 4021 1116 4085 conditio,
1147 4032 1267 4091 qute
1304 4035 1434 4075 avos
1480 4036 1605 4076 suos
1638 4029 2014 4088 exparentum

438 4116 665 4185 primum
691 4122 844 4169 reatu
867 4114 1031 4183 coepit
1071 4126 1383 4181 agnoscere.
1418 4111 1762 4175 Miseremini,
1802 4126 2014 4180 quaesu-

434 4218 574 4267 mus,
604 4205 922 4259 innocentiae
950 4204 1084 4272 ejus,
1132 4203 1458 4258 miseremini
1507 4202 1842 4258 necessitatis
1872 4220 1887 4255 :
1920 4217 2006 4257 co-

435 4296 578 4363 gitur
604 4294 999 4365 quodammodo
1023 4310 1124 4363 pro
1169 4291 1373 4349 oﬂ'ensa
1427 4309 1646 4349 suorum
1671 4293 1781 4362 jam
1811 4294 2013 4364 suppli—

434 4398 577 4449 care,
608 4399 729 4452 qua:
771 4384 945 4437 adhuc
996 4383 1166 4437 nescit
1209 4382 1337 4450 quid
1390 4383 1459 4436 sit
1486 4381 1775 4437 oﬂ‘eadere.
1828 4381 2009 4437 Laesus

2125 3302 2343 3359 nomina
2388 3301 2547 3355 etiam
2577 3298 2847 3355 extraneis
2887 3297 2962 3352 nil
3006 3309 3221 3363 negare.
3254 3293 3493 3361 Longum
3520 3300 3603 3346 est
3630 3294 3701 3347 de

2122 3391 2417 3446 innumeris
2438 3390 2650 3460 pietatis
2670 3397 2831 3456 atque
2852 3378 3199 3442 humanitatis
3219 3384 3477 3454 exemplis
3495 3383 3697 3445 dicere,

2120 3491 2179 3538 et
2204 3489 2589 3553 praposterum
2609 3490 2669 3535 ut
2687 3480 2752 3535 de
2771 3479 3061 3548 majoribus
3082 3477 3149 3532 ad
3171 3478 3375 3532 minora
3397 3474 3696 3529 veniamus.

2116 3572 2227 3630 Sed
2255 3582 2434 3628 tamen
2463 3573 2514 3627 id
2545 3572 2690 3641 quod
2716 3570 2955 3627 dicturus
2979 3585 3118 3635 sum,
3158 3570 3337 3639 specie
3358 3567 3570 3637 quidem
3595 3567 3700 3620 n.i-

2118 3681 2220 3722 nus
2248 3672 2350 3729 est,
2374 3664 2467 3719 sed
2496 3671 2673 3717 tamen
2693 3676 2753 3716 re
2773 3662 2948 3716 minus
2976 3677 3081 3715 non
3104 3668 3204 3715 est.
3236 3659 3500 3715 Perorans
3522 3673 3699 3727 quon-

2114 3754 2241 3809 dam
2267 3769 2364 3824 pro
2393 3752 2630 3823 periculo
2658 3750 3068 3806 existimationis
3107 3757 3270 3818 atque
3315 3746 3699 3803 incolumitatis

2115 3860 2228 3901 sua:
2254 3844 2309 3897 in
2340 3843 2583 3897 Romano
2605 3842 2721 3896 foro
2751 3850 2777 3877 ει
2800 3840 3016 3895 Servius
3042 3837 3365 3904 Galba,cum
3379 3838 3448 3892 ob
3463 3834 3696 3892 difﬁcul-

2119 3944 2283 3991 tatem
2303 3933 2505 4001 negotii
2539 3938 2593 3987 et
2618 3930 2871 3986 invidiam
2893 3929 3019 3985 facti
3063 3930 3144 3983 sui
3175 3943 3364 3998 parum
3394 3942 3501 3981 non
3529 3925 3696 3981 modo

2116 4023 2170 4079 in
2195 4038 2375 4089 causa,
2407 4022 2501 4077 sed
2535 4023 2700 4077 etiam
2726 4022 2780 4077 in
2802 4020 3108 4089 eloquentia
3137 4018 3250 4088 spei
3286 4025 3529 4088 poneret,
3560 4025 3679 4071 arte

2114 4129 2240 4169 usus
2268 4120 2349 4169 est
2377 4121 2436 4167 ut
2456 4112 2694 4183 judicum
2722 4111 2946 4177 animos,
2988 4124 3125 4179 quos
3162 4109 3433 4163 inﬂectere
3470 4123 3692 4178 precum

2113 4204 2402 4259 ambitione
2430 4219 2536 4259 non
2562 4210 2792 4274 poterat,
2817 4216 2996 4257 rerum
3020 4208 3249 4256 tentaret
3273 4198 3482 4253 aﬂ‘ectu.
3508 4198 3695 4267 Itaque

2112 4295 2439 4365 consumptis
2462 4294 2573 4364 jam
2602 4294 2889 4348 admodum
2926 4293 3132 4348 cunctis
3174 4291 3424 4347 oratorias
3452 4291 3582 4344 artis
3609 4291 3703 4343 in—

2108 4386 2360 4454 geniique
2403 4384 2670 4447 subsidiis,
2703 4400 2825 4440 cum
2855 4399 3044 4453 parum
3082 4399 3140 4438 se
3168 4383 3501 4453 promovisse
3528 4382 3694 4436 intel-

435 4474 699 4543 quondam
720 4473 1070 4527 Ninivitarum
1092 4472 1329 4541 peccatis
1352 4472 1705 4564 Deus.vagitu
1727 4471 2006 4527 infantium
2035 4465 2087 4527 D
2112 4476 2347 4542 lexisset,
2391 4474 2665 4546 parvulum
2711 4489 2871 4541 quem
2919 4488 3099 4528 secum
3146 4473 3398 4539 habebat,
3430 4471 3586 4537 Galli,
3632 4480 3694 4526 ut

434 4575 488 4621 et
513 4566 812 4635 ploratione
840 4563 1057 4619 molitus
1105 4571 1205 4617 est.
1248 4562 1378 4616 Nam
1409 4564 1531 4618 licet
1569 4562 1739 4619 totum
1767 4564 2005 4633 legamus

433 4655 629 4709 luxisse
681 4653 957 4723 populum,
987 4654 1309 4723 prtecipuam
1360 4662 1536 4708 tamen
1582 4655 2004 4709 misericordiam

433 4746 626 4800 meruit
663 4760 782 4800 sors
825 4751 882 4799 et
930 4744 1237 4801 innocentia
1278 4745 1641 4813 parvulorum,
1684 4745 1896 4801 dicente
1936 4746 2004 4801 ad

432 4832 617 4889 Ionam
645 4834 756 4889 Deo
788 4852 801 4888 :
832 4836 985 4906 192
1022 4833 1083 4890 Si
1104 4834 1250 4889 valde
1277 4836 1608 4889 contristatur
1633 4851 1686 4889 es
1726 4852 1880 4907 super
1906 4852 1999 4890 cu-

421 4923 674 4978 curbitam
720 4922 864 4994 (Ion.
895 4941 964 4989 iv,
1012 4922 1090 4994 9).
1138 4923 1205 4977 Et
1232 4924 1390 4995 paulo
1415 4934 1539 4995 post
1571 4943 1584 4977 :
1617 4924 1729 4997 Ego
1750 4943 1854 4981 non
1874 4944 1999 4997 par-

427 5028 539 5065 cam
567 5028 719 5083 super
756 5012 945 5068 Ninive
977 5016 1231 5069 civitatem
1278 5032 1538 5087 magnam,
1564 5018 1615 5071 in
1645 5032 1746 5089 qua
1770 5033 1996 5073 commo-

427 5110 608 5157 rantur
630 5105 744 5172 plus
770 5118 924 5174 quam
968 5113 1169 5157 centum
1196 5105 1376 5176 viginti
1420 5106 1608 5174 millia,
1660 5107 1747 5179 qui
1776 5123 1880 5161 non
1908 5123 1998 5162 co—

424 5201 702 5263 gnoverunt
737 5194 1002 5248 sinistram
1038 5210 1187 5248 suam
1222 5205 1314 5249 aut
1349 5196 1613 5252 dexteram
1653 5197 1840 5272 (Ibid.,
1872 5180 1997 5269 ll)?

422 5280 700 5337 declarans
737 5283 939 5339 scilicet
977 5293 1201 5355 propter
1226 5287 1591 5344 sinceritatem
1626 5289 1995 5345 innocentium

2110 4568 2215 4622 illis
2243 4565 2567 4637 temporibus
2592 4563 2891 4627 videbatur,
2922 4564 3202 4618 clarissimi
3222 4570 3277 4617 et
3302 4579 3473 4634 nuper
3491 4563 3691 4617 mortui

2109 4660 2210 4714 viri
2238 4657 2421 4723 lilium,
2450 4666 2506 4713 et
2532 4671 2725 4728 parvas
2752 4663 2880 4711 ante
2918 4655 3169 4711 subsellia
3198 4654 3500 4710 auditorum
3530 4655 3690 4709 indo-

2108 4752 2187 4807 les
2214 4766 2336 4806 suas
2363 4750 2417 4804 in
2446 4764 2699 4805 consessu
2716 4748 2956 4818 judicum
2977 4756 3371 4818 conspectuque
3390 4746 3641 4817 produxit
3670 4766 3685 4799 :

2106 4858 2243 4912 quos
2267 4857 2386 4897 cum
2416 4840 2600 4894 laturis
2624 4838 2943 4895 sententiam
2972 4837 3417 4907 disceptatorihus
3441 4836 3690 4892 oratione

2106 4934 2271 4990 ﬂebili
2305 4932 2720 4997 commendaret,
2752 4929 2935 4986 tractat
2974 4928 3168 4986 aﬂeetu
3213 4928 3450 4984 omnium
3479 4936 3688 4982 mentes

2105 5032 2161 5080 et
2186 5024 2453 5080 inclinatae
2479 5030 2620 5079 sunt.
2652 5020 2786 5088 Quid
2814 5020 3005 5090 plura?
3032 5019 3252 5075 Factum
3281 5026 3364 5074 est
3391 5025 3451 5072 ut
3476 5016 3687 5073 inﬂexis

2105 5123 2420 5172 cunctorum
2463 5113 2726 5175 sensibus,
2757 5111 2912 5168 daret
2958 5109 3324 5166 misericordia
3362 5108 3684 5166 humanitati

2104 5202 2362 5274 quidquid
2386 5202 2661 5258 ambitioni
2692 5200 2886 5256 veritas
2918 5199 3223 5268 denegaret.
3254 5196 3300 5252 Ο
3326 5197 3549 5253 allectus
3579 5200 3683 5251 hu-

2103 5294 2248 5348 mani
2283 5293 2468 5361 quanti
2512 5293 2671 5355 estis,
2720 5296 2980 5361 quantum
3025 5288 3230 5354 valetis,
3278 5288 3371 5358 qui
3412 5287 3573 5341 etiam
3626 5287 3681 5339 in

422 5385 481 5428 se
508 5373 669 5428 etiam
696 5374 865 5445 culpis
893 5378 1200 5433 nocentium
1228 5381 1551 5448 pepercisse.
1593 5378 1701 5435 Sed
1741 5381 1868 5450 quid
1892 5396 1992 5451 ego
2098 5383 2298 5453 judicio
2320 5380 2409 5451 jus
2431 5382 2631 5451 habere
2653 5379 2929 5451 potuistis!
2962 5379 3179 5449 Discite,
3207 5395 3240 5435 ο
3267 5384 3519 5451 parente!
3557 5376 3678 5431 tha-

1575 5510 1909 5569 STEPHANI
1945 5512 2212 5569 BALUZII
2249 5511 2475 5567 ΝΟΤᾸΞ.

492 5630 518 5662 ι
550 5620 679 5678 Vide
730 5624 1039 5681 Ciceronem
1071 5622 1126 5678 in
1155 5622 1340 5688 Bruto,
1368 5638 1484 5690 cap.
1516 5623 1604 5687 ΞΒ,
1645 5633 1699 5678 et
1727 5623 2107 5690 Quintilianum
2133 5624 2223 5679 lib.
2250 5640 2287 5680 η
2314 5622 2568 5689 Institut.,
2590 5636 2708 5691 cap.
2744 5620 2827 5675 l5.
