3936 6176
198 284 305 342 ἰΰδ

1658 276 2032 345 Εῐιιετοιιε.

3371 299 3472 360 ltili

194 402 408 468 rissimi,
432 401 591 457 venia
611 404 774 459 vestri
803 403 1003 461 dictum
1025 403 1113 466 sit,
1145 402 1332 458 discite
1355 398 1442 455 vel
1467 399 1572 455 hoc
1595 399 1785 454 saltem
1814 400 1868 459 Α
1896 406 2153 463 vestibula
2185 406 2369 478 templi
2398 406 2481 464 sul
2509 414 2564 463 et
2590 407 2948 479 circumsepta
2989 408 3255 478 servavit;
3285 422 3469 484 prote-

193 493 442 563 exemplo
471 491 645 563 frangi
677 502 853 564 atquo
865 494 1082 549 molliri.
1106 491 1267 548 Certe
1290 492 1453 547 etiam
1482 490 1590 545 illic
1614 490 1780 545 mise-

191 583 424 640 ricordia
471 585 671 651 valuit,
726 584 818 640 ubi
867 586 1045 641 locum
1088 576 1208 641 esse
1246 583 1626 639 misericordia:
1672 598 1782 637 non

192 674 402 731 licebat.
428 674 616 730 Laturi
655 679 977 732 sententiam
1019 675 1245 745 judices,
1288 675 1379 745 qui
1408 674 1540 729 nihil
1577 689 1637 729 se
1674 673 1779 729 nisi

192 783 250 822 ex
288 767 540 822 veritatis
582 766 761 824 officio
785 763 1246 839 ~pronuntiaturos
1288 782 1408 823 esse
1449 768 1777 837 iuraverant,

192 856 481 912 excludere
509 868 692 914 tamen
740 860 895 930 194
934 858 1358 915 misericordiam
1401 873 1497 915 nec
1541 868 1663 929 post
1689 874 1780 913 sa-

192 956 462 1003 crementa
492 956 816 1020 potuerunt;
848 950 901 1004 in
932 957 1141 1004 tantum
1174 950 1508 1005 humanitate
1538 951 1689 1014 moti,
1723 956 1783 1005 ut

192 1039 307 1093 dum
339 1038 525 1096 alieno
556 1041 773 1109 negotio
803 1042 1109 1105 consulunt,
1142 1057 1294 1096 suum
1324 1057 1461 1112 pene
1495 1040 1779 1099 oblivisce—

187 1138 389 1183 rentur.
424 1130 568 1185 Nihil
593 1146 690 1187 vos
719 1133 929 1199 durum,
964 1133 1093 1188 nihil
1134 1135 1374 1189 insolens
1403 1134 1776 1203 deprecamur.

192 1216 390 1275 Vestris
406 1236 511 1276 vos
538 1230 791 1292 praestate
818 1239 915 1293 pro
941 1224 1112 1289 vobis,
1142 1225 1285 1293 quod
1313 1225 1680 1294 przestiterunt
1702 1224 1776 1284 illi

190 1312 461 1366 extraneis
486 1320 675 1367 contra
704 1329 781 1369 se.
813 1314 971 1370 Certe
997 1331 1095 1370 nec
1122 1331 1282 1370 causa
1308 1315 1414 1370 illic
1435 1314 1649 1385 justior,
1678 1331 1778 1372 nec

190 1416 417 1474 persona
458 1404 692 1471 charior,
721 1421 821 1462 nec
841 1406 1107 1462 audientis
1135 1407 1433 1471 humanior,
1467 1423 1567 1463 nec
1595 1416 1778 1463 orator

188 1495 389 1560 gratior
416 1494 537 1550 fuit.
565 1494 677 1551 illic
700 1498 957 1565 agebatur
985 1513 1082 1568 pro
1122 1497 1373 1563 crimine,
1404 1499 1492 1554 hic
1516 1515 1615 1569 pro
1643 1498 1775 1553 affe-

186 1595 304 1650 ctu;
329 1586 439 1642 illic
465 1603 566 1657 pro
588 1589 876 1655 extraneis,
906 1590 994 1644 hic
1018 1605 1117 1659 pro
1144 1587 1296 1656 filiis;
1330 1591 1437 1645 illic
1460 1591 1599 1661 apud
1625 1590 1777 1660 jura-

190 1683 271 1731 tos
311 1677 547 1744 iudices,
598 1678 685 1734 hic
726 1680 868 1750 apud
911 1680 1175 1749 injuratos
1218 1688 1503 1752 parentes;
1534 1682 1642 1737 illic
1680 1698 1777 1753 per

186 1779 459 1827 Oratorem
508 1772 603 1842 qui
648 1774 1091 1829 circumscribere
1139 1776 1434 1840 nitebatur,

183 1871 421 1932 neptem,
449 1878 573 1932 quze
601 1878 709 1933 quo
742 1880 839 1920 vos
878 1866 992 1934 ipsa
1022 1865 1259 1921 infantiae
1291 1881 1401 1922 sua:
1435 1867 1775 1937 simplicitate

187 1953 304 2023 plus
329 1963 571 2019 moveat,
603 1953 776 2010 adhuc
798 1970 989 2025 rogare
1013 1966 1120 2011 neu
1150 1959 1317 2012 novit.
1349 1956 1484 2023 Quid
1525 1965 1605 2012 est
1633 1956 1777 2027 quod

187 2057 358 2098 causa:
386 2042 566 2098 desit?
593 2044 738 2113 quod
787 2060 982 2101 novum
1024 2044 1399 2114 inquirendum
1442 2053 1525 2101 est
1565 2047 1776 2101 inaudi-

188 2143 406 2203 tumque
433 2133 784 2203 suffragium?
812 2134 947 2189 Num
970 2144 1351 2191 extraneorum
1375 2136 1513 2207 apud
1537 2152 1634 2192 vos
1662 2153 1778 2206 pre.

190 2227 335 2281 cibus
363 2227 622 2282 utendum
649 2229 773 2283 est?
821 2226 1046 2298 Semper
1090 2229 1144 2284 in
1188 2244 1373 2284 amore
1414 2230 1623 2285 cautela
1669 2235 1771 2285 est.

190 2316 351 2373 Nemo
379 2319 527 2375 enim
563 2320 757 2375 melius
785 2319 959 2389 diligit
984 2334 1146 2390 quam
1170 2321 1277 2389 ‘qui
1304 2321 1535 2376 maxime
1562 2326 1779 2375 veretur

188 2410 479 2466 offendere.
530 2409 684 2467 Unde
729 2426 833 2482 ego
878 2428 1022 2467 nunc
1069 2413 1278 2467 veniam
1324 2421 1470 2483 peto,
1500 2428 1610 2467 non
1650 2412 1774 2482 quia

189 2501 476 2557 olfendisse
505 2517 594 2557 me
624 2505 887 2569 noverim,
912 2503 1007 2559 sed
1034 2511 1094 2559 ut
1122 2504 1299 2559 locum
1327 2503 1543 2559 offensae
1564 2505 1775 2575 penitus

188 2609 295 2649 non
325 2594 658 2664 relinquam;
690 2609 792 2650 nec
837 2596 1167 2651 conscientia
1210 2595 1412 2665 cuipze,
1444 2595 1540 2651 sed
1567 2596 1777 2652 ratione

187 2690 240 2738 et
277 2682 458 2739 officio
505 2684 816 2752 charitatis;
870 2692 929 2739 ut
971 2685 1231 2754 majorem
1261 2684 1401 2755 apud
1454 2692 1510 2740 te
1554 2685 1776 2743 affectus

185 2775 414 2844 gratiam
443 2775 749 2831 obsecratio
776 2784 1047 2831 mereatur
1071 2776 1295 2838 innoxii,
1328 2783 1383 2831 et
1410 2776 1581 2831 amori
1609 2773 1775 2845 proti-

185 2866 295 2921 eiat
321 2864 645 2935 supplicatio
683 2875 838 2921 reatu
864 2882 1086 2932 carens;
1118 2866 1428 2935 habeasque
1454 2866 1573 2937 plus
1600 2866 1654 2920 in
1682 2865 1777 2921 filii

186 2960 260 3014 tui
312 2958 694 3029 deprecatione
739 2959 885 3029 quod
930 2959 1137 3028 diligas,
1184 2959 1230 3014 si
1275 2974 1382 3013 non
1423 2959 1591 3014 habes
1634 2958 1779 3028 quod

134 3119 150 3126 φ
185 3049 451 3106 τεπιίιιειε.
483 3048 803 3120 Quanquam
831 3057 1035 3104 temere
1064 3047 1291 3105 fortasse
1331 3050 1487 3105 nobis
1523 3048 1589 3105 de
1618 3051 1777 3105 inno-

1884 496 2227 568 ctionemque
2254 514 2404 553 suam
2432 498 2594 554 latius
2614 497 2860 566 fundens,
2886 497 3010 556 fecit
3031 500 3258 557 salutem
3279 504 3472 563 anima

1883 596 1989 643 tua:
2017 606 2184 660 usque
2225 591 2292 645 ad
2320 591 2547 646 salutem
2592 591 2836 661 corporis
2880 592 3182 661 pervenire.
3213 593 3470 661 Quamvis

1883 694 1985 749 ego
2025 697 2092 735 ne
2119 682 2256 738 hanc
2282 682 2497 751 quidem
2534 682 2630 736 tibi
2666 698 2830 751 quam
2874 686 3169 753 pertulisti,
3204 690 3472 747 terrestris

1882 772 2084 826 vasculi
2115 771 2475 827 infirmitatem
2505 772 2743 828 obfuisse
2786 774 3107 841 existimem,
3138 776 3288 845 cujus
3317 778 3472 835 forti-

1883 861 2033 929 tudo,
2070 873 2127 916 ut
2163 863 2286 928 scis,
2324 863 2489 916 menti
2524 877 2737 933 semper
2770 863 2981 919 inimica
3016 875 3117 919 est.
3158 866 3228 922 Ut
3262 876 3314 924 te
3345 869 3472 938 jure

1883 968 2025 1007 nunc
2054 960 2204 1008 tanto
2234 953 2511 1009 fortiorem
2541 955 2732 1024 spiritu
2763 964 2966 1024 putem,
2998 970 3201 1027 quanto
3230 961 3470 1018 imbecil-

1881 1042 1985 1098 lior
2017 1059 2179 1099 carne
2213 1061 2331 1100 esse
2353 1047 2579 1118 cuspisti.
2615 1048 2747 1102 Caro
2772 1050 2908 1102 enim
2928 1089 2942 1108 ,
2969 1050 3139 1120 inquit
3158 1052 3466 1122 Apostolus,

1882 1137 2209 1201 concupiscit
2230 1137 2476 1189 adversus
2493 1140 2761 1208 spiritum,
2774 1149 2821 1191 et
2842 1143 3055 1207 spiritus
3075 1143 3322 1196 adversus
3339 1160 3463 1197 car-

1883 1240 2019 1280 nem.
2033 1225 2078 1277 11
2089 1229 2306 1281 a'cenim
2326 1230 2541 1282 invicem
2557 1229 3465 1304 sibiadrersanturmlnonquwvul—

1884 1317 1974 1378 tis,
2000 1318 2095 1370 illa
2116 1319 2329 1386 faciatis
2359 1318 2501 1387 (Cal.
2523 1337 2574 1386 v,
2600 1322 2708 1391 l7).
2733 1320 2874 1392 Ergo
2897 1324 2943 1378 si
2966 1335 3305 1395 repugnante
3333 1340 3465 1380 cor-

1880 1418 2012 1472 pore
2032 1418 2150 1472 qua:
2173 1406 2416 1459 volumus
2436 1405 2611 1460 facere
2632 1423 2737 1461 non
2760 1424 3066 1477 possumus,
3095 1410 3465 1468 inﬁrmantium

1881 1508 2041 1549 carne
2079 1502 2162 1549 est
2190 1505 2248 1549 ut
2276 1505 2458 1565 optata
2488 1495 2763 1552 faciamus.
2794 1497 2863 1551 Et
2890 1514 3073 1553 verum
3098 1509 3198 1555 est.
3235 1511 3259 1538 ⁸
3287 1501 3465 1557 Imbe-

1880 1584 2070 1640 cillitas
2098 1588 2238 1640 enim
2257 1587 2434 1641 carnis
2455 1588 2649 1643 mentis
2668 1589 2902 1657 vigorem
2925 1606 2995 1645 ex
3012 1591 3157 1653 tcuit;
3182 1600 3236 1646 et
3260 1592 3468 1650 alfectis

1882 1674 2121 1741 artubus,
2151 1676 2292 1730 vires
2317 1692 2603 1746 corporum
2626 1678 2678 1732 in
2703 1680 2923 1734 virtutes
2948 1679 3339 1735 transferuntur
3357 1683 3466 1738 ani-

1543 1775 1629 1830 hic
1680 1791 1778 1845 per
1810 1771 1853 1830 Β
1880 1782 2089 1822 morum
2121 1786 2134 1821 :
2161 1778 2219 1823 ut
2248 1768 2378 1822 mihi
2408 1782 2577 1835 genus
2603 1770 2870 1838 quoddam
2893 1772 3139 1825 sanitatis
3160 1787 3276 1826 esse
3312 1773 3468 1843 196

1877 1858 2141 1925 videatur,
2173 1860 2446 1914 hominem
2475 1860 2742 1914 interdum
2780 1877 2896 1937 ‘non
2929 1876 3048 1916 esse
3076 1876 3281 1916 sanum.
3308 1862 3465 1918 Nulla

1877 1952 2018 2005 enim
2042 1950 2329 2006 admodum
2348 1962 2459 2006 tum
2481 1953 2689 2022 spiritui
2712 1968 2831 2007 cum
2854 1968 3099 2023 corpore,
3118 1953 3172 2008 id
3193 1960 3293 2020 est,
3317 1954 3464 2009 nulla

1826 2040 1835 2046 ’
1877 2041 2069 2097 divinae
2097 2043 2263 2098 indoli
2283 2059 2406 2098 cum
2435 2052 2650 2099 terreno
2678 2045 2832 2100 hoste
2855 2046 3075 2101 luctatio
3091 2046 3322 2103 est.Non
3347 2055 3463 2101 tur-

1875 2135 2032 2202 pibus
2054 2132 2280 2189 flammis
2302 2134 2551 2189 medulla:
2570 2144 2817 2201 aestuant,
2835 2153 2940 2192 non
2964 2139 3289 2193 malesanam
3318 2155 3463 2195 men.

1878 2230 1985 2277 tem
2033 2224 2250 2278 latentia
2281 2226 2548 2280 incentiva
2598 2226 2947 2290 succendunt,
2980 2243 3087 2282 non
3125 2231 3245 2296 vagi
3273 2244 3466 2285 sensus

1875 2326 1974 2383 per
1999 2316 2146 2369 varia
2168 2316 2563 2371 oblectamenta
2604 2315 2912 2381 lasciviunt;
2944 2317 3038 2371 sed
3084 2319 3196 2373 sola
3227 2320 3463 2375 exsultat

1876 2407 2072 2472 anima,
2102 2408 2222 2461 heta
2268 2421 2495 2477 corpore
2522 2406 2715 2462 affecto
2739 2408 2893 2477 quasi
2938 2408 3244 2465 adversario
3272 2411 3457 2480 subju-

1875 2507 2022 2569 gato.
2055 2497 2240 2553 Gaude
2268 2511 2415 2566 ergo,
2458 2499 2675 2555 alumna
2720 2498 2946 2565 Christi;
2996 2516 3210 2570 semper
3246 2502 3461 2572 quidem

1874 2590 2132 2660 simplicis
2174 2598 2231 2645 et
2270 2591 2486 2660 quietae,
2528 2590 2623 2646 sed
2650 2606 2791 2646 nunc
2838 2591 3010 2660 magis
3054 2589 3324 2648 defamata:
3351 2602 3458 2648 tua:

1874 2682 2071 2737 mentis
2108 2690 2164 2737 et
2189 2681 2373 2737 libera:
2415 2682 2616 2737 ostium
2645 2681 2812 2754 aperi,
2845 2689 2901 2736 et
2950 2680 3192 2747 detrahe,
3224 2690 3284 2737 nt
3306 2683 3458 2752 legis,

1875 2770 2133 2842 Spiritum
2176 2782 2421 2829 sanctum
2449 2772 2688 2846 (Psalm.
2742 2789 2924 2841 cxvm,
2951 2772 3046 2828 l5l
3084 2776 3120 2843 ).
3154 2773 3456 2845 Nunquam,
3537 2842 3545 2849 θ

1876 2872 1937 2920 ut
1976 2874 2130 2936 puto,
2178 2867 2480 2922 habitatore
2524 2865 2637 2921 Deo
2682 2865 2897 2934 dignior
2934 2866 3184 2922 exstitisti
3218 2884 3230 2921 :
3262 2876 3464 2937 quanto

1877 2957 2197 3014 imbecillior
2214 2974 2461 3029 corpore,
2493 2967 2648 3015 tanto
2685 2960 2876 3030 purior
2902 2974 3083 3015 sensu.
3114 2960 3465 3017 Vincentibus

1879 3061 2095 3102 carnem
2149 3056 2297 3104 tuam
2342 3049 2545 3106 morbis
2599 3058 2776 3104 mente
2805 3048 3004 3104 vicisti.
3055 3048 3203 3105 Felix
3232 3052 3280 3106 si
3324 3052 3468 3108 hanc

186 3140 365 3196 rentia
391 3139 751 3206 blandiamur,
781 3138 908 3210 quid
938 3147 994 3194 tu
1016 3139 1083 3195 de
1110 3140 1266 3195 nobis
1309 3142 1510 3196 sentias
1535 3141 1777 3196 nescien-
1804 3126 1849 3189 C
1880 3152 2094 3210 semper
2113 3140 2354 3211 corporis
2381 3148 2614 3196 mortem
2646 3141 2700 3196 in
2730 3141 2896 3195 vitam
2928 3140 3149 3210 spiritus
3174 3156 3463 3197 conserva-

188 3242 288 3289 tes.
317 3232 417 3287 Tui
441 3234 586 3289 enim
616 3233 772 3289 nobis
798 3248 987 3289 sensus
1014 3232 1184 3301 magis
1209 3248 1368 3302 quam
1413 3240 1613 3288 nostra:
1661 3233 1779 3302 opi-

190 3326 368 3380 nionis
392 3325 538 3380 ratio
582 3323 828 3380 habenda
869 3310 968 3380 est.
1007 3323 1267 3394 Superest
1313 3338 1440 3393 ergo
1469 3331 1530 3378 ut
1567 3324 1613 3377 si
1653 3322 1782 3392 quid

190 3415 334 3470 aliud
355 3423 410 3470 et
429 3414 684 3484 quidquid
707 3414 835 3470 illud
865 3415 1209 3473 commissum
1237 3428 1267 3469 a
1290 3415 1443 3469 nobis
1470 3420 1573 3479 est,
1605 3420 1663 3467 tu
1689 3414 1783 3483 qui

194 3509 239 3563 id
267 3504 476 3561 offensa
505 3506 723 3574 dignum
746 3515 921 3578 putas,
952 3508 1110 3562 venia
1139 3521 1355 3578 quoque
1381 3522 1487 3561 non
1505 3506 1782 3576 indignum

193 3596 485 3650 arbitreris.
513 3594 741 3651 Pulchre
769 3596 867 3651 tibi
906 3596 1023 3667 ipse
1064 3597 1117 3652 in
1149 3606 1359 3652 tuorum
1387 3582 1542 3651 reatu
1570 3594 1784 3651 satisfa-

192 3687 325 3741 cias.
366 3684 506 3741 Nihil
547 3685 615 3741 de
652 3687 857 3742 ultione
892 3686 1072 3758 perdit
1114 3686 1222 3743 ﬁlio
1259 3688 1543 3756 ignescens
1579 3695 1734 3756 pater
1764 3703 1779 3739 :

191 3779 317 3845 quia
359 3775 567 3832 felicius
607 3778 775 3833 multo
805 3787 888 3834 est
931 3787 987 3835 et
1030 3778 1347 3833 laudabilius
1392 3779 1503 3834 suis
1549 3778 1783 3848 aliquem

190 3870 357 3923 etiam
385 3870 655 3925 immerito
683 3871 993 3939 ignoscere,
1025 3887 1185 3940 quam
1228 3872 1281 3926 in
1321 3887 1451 3927 suos
1475 3871 1639 3926 etiam
1669 3886 1783 3926 me-

187 3961 297 4017 tito
324 3961 613 4018 vindicare.
642 3961 796 4018 Vale.

685 4090 840 4160 195
878 4087 1207 4143 EPISTULA
1243 4088 1304 4143 v.

658 4200 664 4205 ’
790 4195 855 4234 ΔΙ)
891 4195 1197 4235 CATTUMI.

260 4293 500 4349 Catturas
565 4294 740 4350 sorori
788 4294 1100 4355 Salvianus.
1160 4294 1275 4351 Etsi
1330 4297 1561 4353 docente
1618 4296 1783 4355 Paulo

192 4386 444 4456 apostolo
487 4385 616 4455 quid
646 4387 931 4442 conveniat
971 4400 1070 4442 nos
1110 4402 1267 4443 orare
1305 4391 1574 4445 nescimus
1604 4391 1780 4463 (Rom.

191 4492 307 4541 πη,
327 4475 419 4547 26)
444 4492 459 4542 ;
489 4491 600 4545 quo
628 4473 689 4531 ﬁt
715 4484 775 4531 ut
804 4477 1068 4533 interdum
1094 4477 1223 4547 quid
1251 4480 1386 4535 velle
1423 4489 1517 4534 aut
1546 4481 1781 4550 gaudere
1810 4490 1859 4548 υ

192 4578 448 4641 oporteat
486 4569 830 4625 nesciamus:
864 4577 1044 4626 tamen
1091 4586 1191 4642 ego
1229 4588 1328 4643 pro
1373 4574 1643 4627 communi
1682 4573 1784 4627 hu-

192 4659 344 4713 mani
366 4659 582 4728 generis
604 4658 800 4716 affectu
830 4660 957 4731 (quo
983 4676 1172 4717 omnes
1199 4661 1485 4717 admodum
1514 4663 1780 4729 homines,

190 4753 280 4821 pie
312 4751 485 4820 magis
511 4766 674 4820 quam
703 4752 993 4822 sapienter,
1041 4768 1137 4808 eos
1162 4753 1252 4822 qui
1308 4754 1464 4809 nobis
1491 4769 1633 4809 curae
1660 4762 1785 4809 sunt

190 4841 442 4912 cupimus
486 4856 650 4911 quam
689 4842 986 4898 diutissime
1031 4858 1149 4899 esse
1204 4843 1523 4913 nobiscum)
1573 4845 1783 4914 gaudeo

189 4933 342 5003 quod
386 4941 512 5005 post
552 4948 771 5003 gravem
818 4935 1236 5005 diuturnumque
1289 4937 1575 5002 morbum,
1631 4952 1781 5008 spem

188 5025 359 5079 etiam
379 5025 662 5095 praesentis
683 5025 803 5080 vitm
833 5025 1048 5097 indepta
1081 5041 1160 5092 es,
1188 5040 1309 5094 quae
1354 5026 1547 5082 futurae
1571 5042 1787 5097 semper

190 5115 451 5172 habuisti.
499 5115 822 5173 Benedictus
859 5118 1042 5188 itaque
1080 5118 1340 5174 Dominus
1385 5118 1528 5175 Deus
1575 5127 1782 5186 noster,

190 5205 287 5273 qni
317 5221 532 5277 semper
556 5207 774 5278 spiritus
800 5208 876 5263 tui
903 5216 1105 5277 custos,
1133 5225 1277 5265 nunc
1321 5210 1591 5280 praecipue
1620 5211 1784 5267 etiam

188 5297 378 5352 carnis
414 5296 545 5366 fuit;
572 5305 628 5353 et
654 5298 711 5353 in
736 5306 791 5355 te
830 5314 1056 5355 manens
1093 5309 1256 5370 teque
1293 5300 1642 5367 custodiens,
1675 5317 1788 5358 ma-

189 5398 328 5440 num
368 5403 523 5443 suam
568 5405 638 5445 ex
684 5390 1028 5447 interioribus
1070 5392 1177 5449 tuis
1205 5406 1375 5462 usque
1421 5391 1488 5448 ad
1515 5394 1785 5450 exteriora

186 5477 472 5548 porrexit;
501 5495 604 5537 nec
644 5480 821 5539 solum
860 5488 1046 5538 sancta
1091 5490 1421 5550 sanctorum,
1471 5482 1569 5540 sed
1613 5484 1783 5541 etiam

1879 3230 1975 3286 ris.
2008 3229 2299 3286 Exstinctis
2319 3230 2372 3286 in
2400 3240 2453 3287 te
2478 3231 2699 3288 forsitan
2727 3232 2939 3289 cunctis
2968 3233 3320 3287 humanarum
3342 3240 3463 3288 ten-

1880 3322 2146 3376 tationum
2176 3323 2476 3389 incentivis,
2518 3324 2716 3379 habere
2762 3323 3166 3395 quodammodo
3214 3333 3461 3380 naturam

1883 3414 2075 3468 animm
2121 3416 2281 3469 etiam
2313 3416 2364 3469 in
2394 3431 2557 3471 carne
2601 3419 2828 3486 cmpisti.
2864 3418 2935 3474 Ut
2981 3419 3111 3473 mihi
3143 3434 3250 3472 non
3292 3419 3466 3472 solum

1883 3521 2077 3575 magna
2104 3507 2199 3561 Dei
2222 3506 2637 3579 dispensatione,
2679 3509 2772 3564 sed
2802 3512 2964 3565 etiam
2998 3524 3193 3579 magno
3221 3524 3462 3572 munere,

1885 3608 1941 3654 et
1977 3607 2104 3655 ante
2141 3608 2429 3667 :egrotasse
2455 3609 2510 3655 et
2537 3614 2679 3656 nunc
2705 3600 3043 3656 convaluisse
3070 3599 3319 3669 videaris.
3371 3598 3467 3653 ΑΞ-

1883 3690 2108 3759 grotasti
2127 3691 2271 3745 enim
2300 3690 2559 3746 hactenus
2604 3690 2672 3745 ad
2720 3692 2970 3746 virtutem
3007 3692 3227 3762 spiritus
3268 3691 3464 3746 confir-

1884 3781 2154 3847 mandam,
2205 3796 2394 3836 secura
2420 3781 2641 3837 forsitan
2670 3783 2959 3837 sanitatem
2997 3797 3139 3838 nunc
3167 3782 3466 3851 adipiscens

1878 3871 1990 3942 jam
2033 3888 2196 3928 carne
2225 3882 2509 3944 superata;
2553 3882 2613 3927 ut
2634 3881 2761 3944 post
2799 3875 2940 3929 hanc
2964 3875 3227 3929 redditam
3254 3873 3467 3943 corpori

1885 3965 2311 4020 incolumitatem
2340 3965 2455 4019 sine
2477 3965 2582 4019 ulla
2612 3966 2806 4020 animm
2833 3964 3141 4019 infirmitate
3168 3965 3465 4035 possideas,

1885 4062 1941 4109 et
1965 4054 2040 4110 ita
2063 4068 2192 4110 caro
2218 4055 2399 4110 valere
2426 4055 2648 4125 incipiat
2674 4064 2733 4110 ut
2751 4055 2865 4124 jam
2894 4055 3124 4110 tentatio
3151 4070 3257 4110 non
3287 4069 3468 4108 resur-

1887 4153 1997 4214 gat.
2029 4144 2183 4199 Vale.

2386 4364 2392 4371 ί
2450 4278 2783 4337 EPISTOLA
2818 4279 2906 4335 VI.

2474 4432 2541 4470 AD
2579 4430 2854 4470 ιηίεκιωι.

1959 4570 2203 4626 Limenio
2231 4568 2515 4625 Salvianus
2569 4569 2622 4623 in
2669 4569 2897 4625 Domino
2920 4568 3167 4624 salutem.
3217 4565 3331 4622 Etsi
3359 4567 3474 4622 scio

1887 4664 2143 4719 honestas
2168 4669 2382 4715 mentes
2421 4660 2575 4730 probi
2622 4658 2846 4715 affectus
2897 4674 3007 4715 non
3055 4658 3318 4724 oblivisci,
3350 4657 3476 4712 ideo

1887 4754 2011 4823 quia
2031 4752 2158 4809 boni
2179 4751 2231 4805 in
2254 4750 2409 4806 bonis
2429 4751 2616 4806 studiis
2637 4750 2785 4819 quasi
2808 4758 3053 4804 naturam
3075 4749 3478 4819 quodammodo

1887 4858 2039 4900 suam
2078 4843 2334 4911 diligunt;
2377 4851 2555 4898 tamen
2593 4842 2737 4914 quia,
2786 4848 3045 4912 quantum
3091 4841 3143 4894 in
3189 4840 3345 4896 nobis
3373 4846 3477 4896 est.

1888 4950 2085 5004 augere
2105 4950 2205 4989 nos
2239 4935 2391 5004 197
2422 4947 2660 4988 amorem
2682 4931 2946 4986 bonorum
2975 4930 3272 4986 amicorum
3295 4928 3477 4985 oflicio

1886 5034 2075 5082 nostro
2100 5027 2387 5090 convenit,
2433 5023 2826 5080 admonendum
2873 5031 2928 5079 te
2976 5023 3259 5079 charitatis
3286 5023 3415 5078 olim
3446 5039 3476 5076 a

1888 5132 1975 5172 me
2003 5123 2214 5186 coaptat,
2247 5102 2420 5186 nuper
2447 5130 2477 5170 a
2519 5124 2570 5169 te
2600 5122 2768 5169 auctae
2812 5113 3135 5178 existimavi,
3187 5123 3247 5167 ut
3294 5113 3477 5180 legens

1888 5210 2146 5279 epistolas
2173 5224 2342 5275 meas,
2367 5208 2493 5263 dum
2513 5208 2569 5262 in
2597 5223 2683 5262 me
2710 5207 2945 5263 studium
2981 5206 3059 5261 tui
3098 5206 3302 5261 amoris
3330 5205 3464 5259 vide

1888 5305 1982 5369 ris,
2016 5304 2146 5358 inte
2166 5303 2271 5357 mei
2300 5301 2643 5359 accenderes.
2675 5300 2831 5355 Dabit
2860 5308 3069 5364 autem,
3088 5315 3211 5354 'non
3240 5297 3475 5365 ambigo,

1892 5394 2030 5449 Deus
2051 5401 2234 5449 noster
2261 5400 2320 5448 ut
2357 5391 2602 5448 affectum
2631 5390 3060 5446 Christianorum
3102 5387 3475 5458 intercipieus,

1888 5485 2085 5543 Christi
2113 5488 2228 5557 ipse
2252 5483 2476 5543 affectus
2495 5485 2617 5541 fias.
2643 5480 2775 5541 Vale
2806 5483 2863 5541 in
2884 5483 3136 5569 Domino.

1373 5639 1709 5697 smmum
1747 5643 2013 5699 BALUZII
2050 5626 2279 5696 nam.

262 5748 291 5777 ⁸
335 5745 461 5804 Vide
488 5765 650 5822 supra
680 5752 771 5808 lib.
803 5770 821 5808 ι
871 5753 939 5809 de
968 5752 1385 5819 Gubernatione,
1417 5767 1537 5823 pag.
1575 5753 1659 5809 i0.

2022 5876 2068 5886 ”¹’⁴
2324 5882 2347 5907 ο
